4074 6436
407 291 465 345 ll
1682 293 1740 350 S.
1772 294 2135 353 ZEPllYRlNl
2175 297 2377 355 PAPE
3594 306 3655 358 l0.

488 452 3613 480 _______—________________—________

1501 611 2009 707 ΝΟἹἾΤΙΑ
2091 615 2591 719 ALTERA.

1194 801 1281 865 (D.
1300 801 1565 864 Consum,
1599 802 1831 868 Epistula:
1856 805 1998 855 Rom.
2024 805 2191 866 Pont.,
2213 811 2331 859 tom.
2356 806 2376 855 Ῑ
2398 813 2453 858 et
2471 809 2624 869 unic.,
2645 822 2695 871 p.
2724 807 2858 874 107.)

476 944 626 1001 Licet
655 945 821 1015 hujus
847 944 1113 1015 pontiﬁcis
1143 962 1338 1002 nomen
1361 947 1415 1002 in
1448 947 1791 1004 Bucheriano
1821 959 1972 1004 eata-
2004 955 2046 1012 Α
2080 965 2227 1005 anno
2254 967 2312 1006 re
2346 952 2461 1022 ipsa
2492 953 2633 1008 idem
2678 952 2946 1009 Eusebius
2976 955 3030 1009 in
3077 955 3335 1012 Chronico
3359 957 3646 1016 Callistum

405 1032 530 1105 lngo
571 1035 926 1100 desideretur,
971 1035 1026 1089 in
1075 1051 1142 1090 eo
1186 1044 1369 1091 tamen
1415 1046 1652 1108 tempus,
1676 1053 1786 1109 quo
1825 1040 1976 1093 illum

405 1124 663 1182 Ecclesia:
713 1123 1000 1196 praefuisse
1048 1127 1347 1182 arbitratus
1399 1137 1484 1182 est
1534 1128 1764 1199 catalogi
1813 1114 1977 1198 hujus

405 1216 656 1286 scriptor,
694 1217 799 1271 sub
827 1215 1066 1271 Victoris
1113 1217 1336 1271 nomine
1367 1217 1660 1282 indicatur,
1704 1219 1908 1273 scilicet
1946 1235 1979 1271 a

402 1308 678 1362 consulatu
702 1306 979 1362 Saturnini
1006 1319 1053 1363 et
1081 1306 1224 1363 Galli
1248 1325 1409 1379 usque
1436 1308 1696 1365 Prcesente
1724 1321 1773 1364 et
1794 1310 1979 1364 Extri-

402 1410 539 1466 cato,
572 1399 678 1454 hoc
710 1408 797 1454 est
836 1399 905 1454 ab
941 1414 1086 1454 anno
1113 1398 1317 1455 Christi
1351 1399 1454 1454 198
1496 1401 1562 1455 ad
1608 1400 1734 1457 217.
1777 1400 1977 1456 Eadem

401 1487 680 1543 consulari
711 1495 840 1541 nota
890 1486 1151 1542 mendose
1178 1503 1435 1557 expressa
1476 1488 1692 1543 initium
1721 1505 1785 1543 ac
1814 1488 1977 1544 ﬁnem

401 1578 748 1647 pontiﬁcatus
768 1576 1060 1649 Zephyrini
1091 1579 1228 1632 liber
1255 1577 1595 1634 Pontiﬁealis
1620 1579 1884 1650 designat.
1919 1578 1976 1634 ln

400 1670 629 1739 antiquo
676 1668 1027 1725 Corbeiensis
1073 1672 1276 1726 codicis
1305 1672 1554 1741 catalogo
1607 1686 1772 1724 annos
1818 1687 1973 1736 χνιιι,

400 1775 599 1813 menses
626 1775 722 1824 vn,
754 1759 864 1812 dies
894 1776 949 1824 ι,
985 1760 1190 1815 sedisse
1211 1761 1525 1817 adnotatur.
1555 1760 1821 1816 Eusebius
1846 1776 1975 1816 vero

400 1848 498 1903 lib.
524 1864 557 1903 ν
584 1848 755 1914 Hist.,
782 1865 830 1905 c.
857 1850 948 1915 28,
981 1866 1103 1905 eum
1133 1849 1308 1906 Severi
1333 1852 1667 1923 imperatoris
1702 1868 1840 1907 anno
1869 1852 1976 1905 cir-

401 1941 533 1994 citer
566 1957 722 2006 nono,
758 1942 863 1997 hoc
893 1952 978 1997 est
1020 1941 1224 1997 Christi
1263 1944 1481 2000 circiter
1510 1945 1620 1999 202
1659 1946 1972 2000 ordinatum

400 2033 627 2088 scribit:
658 2043 774 2089 tum
809 2034 904 2090 lib.
930 2050 1005 2099 vr,
1045 2050 1097 2090 c.
1129 2034 1219 2100 21,
1252 2036 1526 2103 eumdem,
1558 2052 1676 2090 cum
1695 2052 1787 2106 per
1808 2030 1971 2091 annos

401 2126 689 2180 octodecim
728 2127 1088 2181 sacerdotium
1135 2127 1465 2196 obtinuisset,
1509 2129 1680 2200 primo
1719 2128 1971 2183 Antonini

402 2215 740 2288 Heliogabali
763 2219 891 2289 imp.
922 2235 1063 2273 anno
1092 2220 1201 2275 vita
1223 2219 1473 2276 functum
1501 2205 1686 2277 tradit.
1715 2219 1868 2276 Unde
1887 2235 1971 2276 se-

400 2308 610 2378 quitur,
638 2318 701 2363 ut
730 2324 881 2366 mors
906 2311 1030 2380 ejus
1061 2327 1205 2368 anno
1234 2313 1438 2369 Christi
1462 2313 1568 2369 219
1595 2321 1689 2368 aut
1713 2312 1841 2377 220,
1869 2327 1980 2384 quo
2009 2310 2052 2367 Β

2083 1043 2132 1096 ei
2167 1044 2497 1098 successisse
2530 1051 2701 1107 notat,
2741 1045 2992 1113 illigamla
3024 1045 3117 1102 sit.
3165 1045 3270 1101 Sed
3312 1048 3366 1103 in
3398 1049 3502 1104 hoc
3529 1052 3649 1120 ipso

2080 1133 2337 1189 Chronico
2364 1138 2577 1204 primus
2609 1134 2937 1204 Heliogabali
2980 1137 3111 1207 imp.
3143 1153 3321 1195 annus
3341 1139 3407 1194 ad
3441 1157 3645 1197 annum

2077 1225 2278 1280 Christi
2327 1226 2432 1280 218
2469 1226 2720 1281 refertur.
2768 1226 2835 1281 Et
2876 1243 3000 1281 eum
3031 1229 3249 1301 quidem
3300 1230 3330 1282 7
3371 1231 3458 1285 die
3498 1230 3648 1288 Junii

2078 1318 2317 1385 praedicti
2352 1319 2480 1372 anni
2509 1318 2615 1373 218
2649 1320 3027 1388 imperatorem
3072 1324 3442 1376 renuntiatum
3476 1324 3648 1379 fuisse

2076 1409 2295 1463 aliunde
2328 1420 2516 1463 notum
2549 1420 2650 1465 est.
2677 1409 2920 1480 Denique
2953 1410 3241 1483 Zephyrini
3276 1429 3423 1467 mors
3445 1413 3498 1467 in
3525 1413 3649 1469 llic-

2077 1500 2287 1570 ronymi
2321 1500 2551 1571 aliisque
2580 1502 2982 1571 antiquioribus
3008 1501 3403 1574 MarterIOgiis
3433 1506 3647 1560 Deeem-
3688 1536 3695 1545 ~

2076 1591 2189 1646 bris
2217 1591 2287 1646 20
2315 1593 2423 1657 die,
2452 1594 2506 1647 in
2541 1594 2751 1648 caneris
2776 1593 2846 1648 26
2885 1594 3136 1665 Augusti,
3166 1611 3276 1665 quo
3315 1612 3460 1651 nunc.
3502 1599 3643 1653 cele-

2075 1682 2264 1738 bratur
2298 1685 2471 1754 ipsius
2516 1684 2803 1748 festiritas.
2838 1688 3117 1743 recolitur.
3154 1688 3210 1744 Si
3256 1689 3417 1760 igitur
3463 1691 3639 1761 ipsum

2075 1786 2199 1826 cum
2224 1772 2457 1828 Eusebio
2480 1774 2738 1828 Antonini
2767 1773 3097 1845 Heliogabali
3127 1778 3257 1848 imp.
3282 1779 3456 1849 primo
3474 1796 3640 1845 anno,

2073 1872 2282 1918 etcum
2329 1865 2725 1921 vetustioribus
2771 1866 3167 1939 Martyrologiis
3217 1869 3287 1923 20
3331 1869 3640 1928 Dccembris

2072 1956 2161 2011 die
2210 1956 2414 2011 obiisse
2446 1972 2740 2026 ponamus,
2783 1959 2887 2013 sub
2917 1961 3120 2015 exitum
3159 1962 3287 2016 anni
3334 1963 3439 2017 218
3482 1980 3635 2019 mors

2072 2045 2191 2115 ejus
2221 2047 2587 2117 consignanda
2610 2048 2731 2103 erit.

2143 2136 2223 2192 Ad
2249 2137 2369 2207 ejus
2383 2138 2793 2210 epistolasquod
2805 2139 3018 2205 attinet,
3035 2138 3169 2194 nihil
3197 2141 3249 2196 in
3270 2130 3356 2196 bis
3380 2150 3463 2196 est
3481 2155 3581 2197 cur
3607 2156 3639 2196 ει

2075 2228 2302 2299 reliquis
2328 2229 2523 2285 lsidori
2552 2231 2824 2286 mercibus
2847 2243 3185 2302 separentur.

406 2491 3581 2521 W

1039 2660 1200 2820 S.
1290 2662 2350 2818 ZEPHYRINI
2461 2657 3012 2818 ΡΑΡᾸΕ

1583 2948 2442 3083 EPISTOLIE.

844 3348 863 3380 ⁸
896 3342 1235 3402 EPISTULA
1280 3341 1518 3399 PRIMA.

696 3474 762 3513 AD
796 3473 1079 3514 EPISCOPOS
1117 3471 1289 3513 OINES
1324 3468 1666 3511 SICILIENSES.

400 3592 707 3664 Dejudiciis
728 3593 1109 3663 episcoporum,
1126 3598 1176 3664 et
1203 3586 1492 3664 majoribus
1517 3585 1765 3664 Ecclesia:
1793 3585 1970 3642 causis

728 3658 784 3718 in
807 3658 927 3717 sede
949 3660 1242 3732 apostolica
1268 3658 1633 3713 terminandis.

467 3798 727 3854 Romanae
755 3796 908 3851 urbis
935 3793 1379 3864 archiepiscopus
1403 3790 1762 3857 ZBPBYRINUS,
1792 3790 1974 3847 omni-

400 3881 505 3941 bus
539 3901 637 3958 per
671 3884 917 3941 Siciliam
956 3885 1269 3941 constitutis
1317 3884 1590 3956 episcopis
1635 3884 1689 3940 in
1738 3881 1970 3941 Domino

396 3978 655 4033 salutem.

466 4067 673 4125 Divina:
690 4069 837 4124 circa
868 4083 971 4124 nos
998 4069 1185 4140 gratia:
1207 4083 1479 4125 memores
1499 4083 1622 4125 esse
1645 4068 1907 4124 debemus
1923 4071 1966 4133 ',

395 4175 519 4231 quae
546 4175 650 4216 nos
672 4175 769 4231 per
793 4159 1128 4231 dignationis
1158 4175 1272 4215 sum
1297 4159 1749 4223 misericordiam,
1775 4158 1846 4212 ob
1863 4157 1971 4214 hoc

395 4249 465 4305 ad
502 4250 780 4321 fastigium
819 4250 1155 4307 sacerdotale
1190 4250 1265 4322 (4)
1304 4250 1574 4321 provexit,
1599 4259 1661 4304 ut
1696 4248 1968 4304 mandatis

395 4341 570 4412 ipsius
604 4343 951 4409 inhaerentes,
988 4351 1044 4398 et
1085 4343 1140 4397 in
1176 4343 1414 4414 quadam
1469 4341 1811 4398 sacerdotum
1848 4340 1967 4411 ejus

394 4436 769 4505 speculatione
805 4435 1109 4501 constituti,
1139 4436 1531 4503 prohibeamus
1570 4434 1758 4489 illicita
1786 4441 1842 4488 et
1874 4447 1965 4488 se-

392 4530 608 4597 quenda
634 4526 947 4583 doceamus.
978 4526 1135 4583 Sicut
1158 4525 1349 4583 stellas
1381 4527 1506 4581 cmli
1530 4540 1638 4580 non
1671 4525 1968 4596 exstinguit

1994 3350 2040 3410 (ζ
2072 3339 2387 3411 impletores
2412 3337 2746 3409 appareatis.

2144 3431 2473 3487 Patriarehte
2503 3444 2634 3486 vero
2659 3428 2744 3485 vel
2794 3427 3071 3499 primates,
3103 3440 3418 3486 accusatum
3444 3431 3633 3486 discn-

2072 3525 2271 3581 tientes
2297 3524 2615 3595 episcOpum
2645 3522 2688 3589 ‘,
2718 3536 2828 3575 non
2856 3531 2981 3578 ante
3012 3524 3335 3579 sententiam
3361 3523 3594 3595 proferat
3618 3535 3640 3579 t

2071 3615 2361 3681 ﬁnitivam,
2409 3631 2576 3685 quam
2625 3613 2918 3683 apostolica
2958 3613 3077 3669 fulti
3139 3616 3485 3680 auctoritate,
3544 3622 3640 3670 aut

2073 3723 2230 3765 reum
2264 3707 2503 3776 seipsum
2547 3705 2893 3769 conﬁteatur,
2938 3714 3031 3759 aut
3077 3720 3172 3775 per
3222 3706 3537 3761 innocentes
3586 3717 3640 3760 et

2071 3799 2397 3872 regulariter
2442 3798 2783 3854 examinatos
2832 3796 3189 3851 convincatur
3233 3804 3399 3851 testes
3432 3797 3489 3863 ";
3539 3798 3633 3867 qui

2071 3890 2267 3946 minori
2322 3903 2428 3945 non
2480 3891 2591 3946 sint
2640 3904 2886 3956 numero,
2922 3903 3087 3960 quam
3122 3888 3195 3942 illi
3230 3888 3480 3959 discipuli
3517 3889 3637 3945 fuc-

2070 3989 2221 4047 runt,
2265 3994 2405 4050 quos
2451 3977 2716 4034 Dominus
2746 3979 2812 4033 ad
2846 3978 3219 4048 adjumentum
3263 3978 3638 4047 apostolorum

2069 4071 2195 4141 eligi
2242 4070 2518 4142 praecepit,
2554 4070 2607 4124 id
2658 4078 2762 4132 est,
2805 4068 3145 4139 septuaginta
3177 4067 3309 4123 duo.
3355 4066 3640 4123 Detracto-

2068 4176 2157 4217 res
2185 4176 2402 4232 quoque
2441 4162 2535 4227 "",
2580 4160 2674 4231 qui
2722 4160 2904 4215 divina
2955 4163 3277 4216 auctoritate
3322 4161 3640 4218 eradicandi

2070 4262 2215 4318 sunt,
2269 4263 2322 4307 et
2374 4261 2627 4308 auctores
2678 4251 3044 4316 inimicorum,
3078 4253 3146 4308 ab
3178 4254 3476 4324 episcopali
3507 4255 3643 4310 sub-

2068 4360 2350 4401 movemus
2394 4345 2742 4399 accusatione
2787 4343 2869 4399 vel
2930 4346 3297 4401 testimonio:
3333 4362 3432 4401 nec
3485 4362 3641 4401 sum-

2066 4451 2281 4491 morum
2314 4435 2585 4506 quispiam
2618 4435 2894 4490 minorum
2930 4437 3377 4492 accusationibus
3409 4438 3641 4508 impeta-

2067 4537 2155 4582 tur
2196 4535 2291 4581 aut
2339 4526 2699 4596 dispereat".
2748 4523 2935 4594 Neque
2987 4527 3042 4580 in
3092 4543 3151 4582 re
3199 4528 3452 4593 dubia”,
3485 4538 3637 4585 certa

394 4632 506 4673 nox
530 4618 573 4681 ⁸,
605 4619 686 4673 sic
708 4627 916 4674 mentes
944 4619 1209 4683 ﬁdelium,
1230 4617 1571 4671 ﬁrmamento
1600 4615 1923 4669 inhaerentes
1942 4616 1966 4646 ⁵
1995 4664 2038 4687 _.
2065 4617 2336 4685 iudicetur
2367 4617 2673 4682 sententia;
2707 4630 2811 4670 nec
2831 4617 3000 4671 ullum
3029 4617 3319 4687 judicium,
3345 4620 3448 4675 nisi
3481 4621 3638 4676 ordi-

393 4718 597 4765 sanctae
628 4707 945 4779 Scriptura,
989 4724 1099 4764 non
1143 4708 1404 4763 obscurat
1449 4703 1725 4759 mundana
1758 4703 1964 4773 iuiqui-
1993 4684 2323 4763 l)nabiliter
2374 4707 2619 4762 habitum
2667 4716 2937 4762 teneatur.
2989 4684 3202 4765 Absens
3245 4726 3374 4766 vero
3399 4712 3442 4744 “
3474 4726 3640 4767 nemo

393 4810 480 4856 tas
511 4802 555 4854 ⁵.
588 4799 796 4857 Idcirco
822 4801 1072 4857 meditari
1102 4815 1202 4856 vos
1222 4806 1454 4870 oportet,
1485 4805 1540 4852 et
1570 4795 1883 4866 Scripturas
1910 4805 1967 4851 et
2053 4798 2356 4868 judieetur,
2401 4800 2530 4868 quia
2579 4807 2633 4854 et
2682 4799 2881 4855 divinae
2910 4808 2963 4855 et
2994 4800 3248 4858 humana:
3292 4805 3395 4859 hoc
3444 4803 3639 4873 prohi-

394 4900 663 4962 prtecepta
694 4890 879 4948 divina
904 4907 1027 4963 quae
1049 4892 1102 4946 in
1135 4889 1433 4959 Scripturis
1462 4889 1811 4944 continentur
1843 4887 1966 4942 dili-
2066 4889 2195 4943 bent
2237 4889 2403 4960 leges.
2457 4891 2817 4944 Accusatores
2862 4899 3044 4947 autem
3091 4908 3304 4958 eorum.
3339 4895 3489 4949 omni
3542 4909 3638 4949 ea-

393 4993 581 5056 genter
622 4986 918 5050 attendere,
968 4998 1038 5038 ne
1071 4991 1504 5052 transgressores
1542 4978 1676 5050 legis
1718 4977 1837 5044 Dei,
1865 4977 1961 5034 sed
2065 4987 2222 5035 reant
2252 4979 2565 5050 suspicione
2597 4981 2662 5045 ι’,
2694 4981 2825 5051 quia
2874 4972 3158 5039 columnas
3211 4999 3338 5040 suas
3372 4983 3640 5040 Dominus

466 5122 485 5153 ¹
524 5119 649 5176 Haec
670 5136 792 5177 cum
825 5136 939 5191 seq.
970 5120 1098 5176 Ant.
1129 5122 1267 5187 Aug.
1302 5118 1392 5173 alii
1464 5132 1533 5173 ue
1561 5118 1695 5173 viris
1729 5115 1958 5188 eruditis
1988 5115 2330 5184 supposititia
2385 5114 2632 5168 habetur.
2751 5116 2772 5146 ’
2810 5113 2976 5169 Hilari
3031 5130 3184 5185 papa:
3224 5118 3395 5173 sancti
3441 5116 3642 5176 Leonis

466 5192 732 5241 ceessoris
760 5207 845 5241 en.
880 5192 932 5241 5.
1095 5189 1117 5221 ⁸
1157 5133 1513 5241 Distinet?!“
1544 5204 1559 5241 :
1599 5187 1753 5241 Sicut
1807 5187 1991 5241 stellas
2020 5185 2162 5240 caeli.
2277 5184 2300 5216 ⁸
2336 5185 2701 5238 Adhaerentcs.
2778 5185 2798 5216 ³
2838 5184 3088 5241 Prosneri
3119 5198 3350 5241 sentem.
3396 5188 3500 5240 120
3525 5228 3542 5241 .
3573 5203 3641 5241 ex

395 5192 845 5261 successorisep.
880 5184 932 5245 Ξῖ.
1095 5189 1133 5261 ⁸ί
1157 5184 1410 5261 Distinet.
1444 5184 1559 5261 b8;
1599 5187 1753 5243 Sicut
1807 5184 1991 5242 stellas
2020 5185 2214 5261 εαξη.-
2252 5184 2300 5261 __‘
2325 5185 2701 5261 .Adliaerentcs.
2778 5185 2798 5216 ³
2822 5184 3353 5261 -ΡιιοδικέείῆεθιιιυηιΣ
3396 5188 3500 5261 120
3525 5228 3542 5252 ,
3573 5203 3641 5241 ex

396 5259 454 5316 S.
481 5261 619 5330 Aug.
648 5261 701 5315 in
735 5253 824 5315 Ps.
852 5275 1006 5316 scut.
1117 5260 1140 5291 ⁸
1173 5259 1228 5313 2.
1254 5274 1319 5330 q._
1347 5260 1425 5330 lg:
1451 5257 1675 5330 Primat.
1711 5267 1984 5330 a_ecusat._;
2012 5267 2065 5310 et
2090 5257 2143 5309 in
2174 5254 2370 5330 Felicis
2396 5253 2413 5306 l
2439 5263 2534 5330 ;_et
2559 5254 2611 5307 in
2632 5256 2781 5330 decr.
2822 5253 2992 5319 lvon.,
3042 5257 3136 5309 lib.
3186 5273 3259 5310 iv.
3333 5259 3353 5288 τ
3391 5258 3642 5330 Arrianus

394 5331 450 5385 in
477 5324 665 5386 con'st.
694 5346 747 5393 ι.
774 5332 859 5386 tit.
888 5330 980 5393 40,
1027 5328 1119 5383 lib.
1176 5344 1231 5382 ιι
1274 5324 1415 5382 Cod.
1451 5326 1657 5381 Theod.
1732 5328 1801 5361 ιον
1838 5327 2086 5386 Adrian..
2126 5326 2269 5396 coll.
2297 5326 2409 5389 68;
2447 5325 2499 5377 5.
2535 5339 2589 5392 q.
2618 5324 2690 5378 ιε
2732 5324 3069 5396 Detractores
3089 5342 3326 5396 quoque.
3456 5328 3499 5358 “
3538 5326 3642 5381 De-

396 5410 597 5469 speret.
707 5401 748 5432 “
791 5400 952 5471 Greg.
975 5414 1065 5469 ep.
1099 5398 1201 5463 50,
1224 5396 1319 5451 lib.
1351 5413 1479 5461 V111,
1507 5404 1559 5452 et
1584 5397 1672 5461 52,
1706 5411 1785 5451 x1.
1890 5397 1932 5426 “
1970 5396 2023 5450 3.
2048 5411 2102 5465 q.
2130 5395 2164 5448 9
2197 5413 2208 5447 :
2245 5395 2455 5448 Absens
2482 5408 2630 5448 vero.
2718 5394 2763 5426 “
2799 5395 3023 5449 Adrian.
3066 5397 3191 5450 coll.
3220 5394 3227 5396 ⁷
3252 5397 3335 5451 15.

466 5511 543 5581 (4)
580 5510 663 5564 Ad
699 5511 974 5581 fastigium
1004 5508 1346 5563 sacerdotale.
1388 5507 1770 5581 Pontiﬁcatum
1816 5522 1964 5581 sum-
2016 5546 2021 5555 .
2069 5505 2158 5560 hic
2196 5514 2346 5581 recte
2379 5504 2752 5581 pontiﬁcatum
2796 5520 2956 5581 suum
2988 5507 3322 5581 sacerdotale
3363 5504 3639 5581 fastigium

393 5575 543 5661 mum
577 5575 850 5661 intelligit,
873 5580 959 5633 cui
988 5581 1146 5634 simul
1175 5594 1305 5661 oves
1333 5590 1387 5634 et
1419 5580 1542 5661 agni
1576 5579 1665 5661 (id
1693 5586 1815 5661 est,
1844 5578 1965 5661 epit
2070 5577 2346 5661 nominat,
2377 5575 2962 5661 cujusisacerdotium:
2990 5579 3250 5661 dignitate
3286 5585 3341 5656 et
3365 5577 3540 5630 cilicio
3564 5579 3640 5631 si-

392 5651 544 5721 scopi
563 5692 589 5723 ,_
609 5645 868 5723 utPaires
899 5650 1217 5723 exponunt),
1250 5664 1375 5723 cum
1408 5645 1630 5719 reliquis
1676 5648 1887 5723 clericis
1911 5655 1966 5701 ct
2064 5645 2218 5723 mul,
2258 5661 2419 5723 supra
2473 5646 2746 5723 omnium“
2771 5645 3114 5702 sacerdotum
3157 5657 3212 5702 et
3253 5647 3636 5718 episcoporum

394 5712 509 5777 tota
540 5712 696 5792 plebe
726 5712 1006 5776 commissi
1048 5712 1212 5783 sunt,
1239 5717 1399 5776 Joan.
1431 5712 1551 5790 cap'.
1588 5735 1700 5775 ssi.
1730 5717 1964 5788 Ideoque
2070 5716 2228 5786 longe
2260 5712 2512 5771 emineat.
2546 5712 2675 5769 Ssv.
2707 5713 2824 5768 Bia.
