4074 6400
356 276 422 330 15
1513 270 1568 326 S.
1607 268 1976 326 ZEPHYRI'NI
2011 269 2208 324 ΡΑΡᾹΞ
2244 269 2624 326 ειδιετοιΑῖ.
3554 269 3620 324 16

461 483 535 537 De
563 481 819 551 episcopis
851 480 1002 534 rebus
1033 481 1298 548 spoliatis,
1332 479 1408 533 vel
1440 497 1472 533 a
1497 481 1615 534 sede
1645 480 1833 550 pulsis.

433 595 751 650 Nuntiatum
799 604 882 649 est
911 596 1055 648 enim
1102 595 1214 648 sedi
1260 596 1570 664 apostolica:
1604 611 1699 664 per
1730 595 1943 665 apocri-

364 690 542 744 sarios
572 698 786 741 vestros
816 687 860 717 ³⁸
893 686 993 756 (7),
1028 687 1292 756 quosdam
1329 685 1557 740 fratrum
1606 699 1940 750 nostrorum,

365 781 745 850 episcOporum
783 778 1050 842 videlicet,
1082 779 1150 832 ab
1183 779 1438 834 Ecclesiis
1475 789 1528 832 et
1561 779 1780 833 sedibus
1821 795 1938 848 pro-

371 873 505 942 priis
548 870 696 940 pelli,
748 884 956 938 suaque
997 869 1076 923 eis
1109 868 1310 921 auferri
1347 869 1721 938 supellcctilia,
1762 878 1816 923 et
1866 869 1945 922 sic

372 963 548 1016 nudos
584 971 637 1015 et
661 960 990 1030 exspoliatos
1030 960 1095 1014 ad
1122 959 1331 1029 judicia
1364 961 1582 1025 vocari;
1616 961 1760 1030 quod
1796 961 1944 1014 omni

372 1055 582 1108 ratione
605 1061 773 1119 caret,
802 1067 927 1106 cum
971 1053 1264 1106 constituta
1297 1053 1691 1122 apostolorum,
1725 1068 1945 1106 eorum-

373 1160 481 1214 que
531 1159 932 1207 successorum,
976 1152 1031 1198 et
1075 1154 1343 1213 praecepta
1399 1144 1784 1213 imperatorum
1811 1144 1856 1176 ³⁸
1883 1159 1948 1198 ac

371 1237 790 1291 constitutiones
831 1235 1040 1304 legum,
1077 1235 1312 1304 idipsum
1346 1236 1690 1305 prohibeant,
1723 1245 1774 1289 et
1811 1252 1947 1306 apo-

375 1331 580 1384 stolicm
609 1329 756 1385 sedis
788 1329 1089 1382 auctoritas
1125 1327 1361 1396 idipsum
1387 1329 1500 1381 tieri
1519 1337 1680 1382 vetet.
1736 1327 1949 1383 Praece-

378 1429 525 1493 ptum
543 1419 686 1477 est”
711 1437 844 1494 ergo
883 1423 938 1476 in
971 1422 1212 1488 antiquis
1255 1423 1494 1487 statutis,
1527 1421 1809 1490 episc0pos
1845 1421 1950 1490 eje-

372 1526 491 1573 ctos
516 1516 582 1582 ³⁸,
615 1525 779 1586 atque
813 1517 928 1571 suis
960 1515 1121 1570 rebus
1143 1515 1501 1584 exspoliatos,
1522 1514 1799 1569 Ecclesias
1824 1529 1950 1583 pro-

375 1610 521 1677 prias
568 1611 829 1678 recipere,
875 1620 928 1664 et
958 1610 1133 1678 primo
1182 1624 1282 1663 sua
1330 1609 1513 1662 omnia
1551 1609 1630 1662 eis
1657 1606 1808 1662 reddi
1846 1625 1858 1661 :
1897 1616 1951 1660 et

380 1711 492 1756 tum
545 1702 786 1767 demum,
820 1702 864 1756 si
915 1704 1038 1771 quis
1076 1717 1170 1755 eos
1199 1702 1346 1770 juste
1389 1716 1647 1756 accusare
1695 1701 1945 1764 voluerit,

377 1807 537 1859 aequo
569 1791 810 1860 periculo
846 1789 1044 1851 facere.
1066 1792 1275 1860 judices
1301 1806 1422 1845 esse
1445 1793 1818 1854 decernentes,
1845 1793 1952 1860 cpi-

379 1900 578 1954 scopos
612 1892 760 1938 recta
789 1883 1082 1952 sapientes,
1119 1891 1173 1936 et
1203 1883 1256 1936 in
1289 1884 1516 1937 ecclesia
1542 1883 1948 1950 convenientes,

381 1979 472 2033 ubi
510 1987 674 2031 testes
691 1983 874 2030 essent
901 1975 1267 2044 singulorum,
1293 1975 1386 2045 qui
1413 1975 1659 2045 oppressi
1695 1973 1948 2029 videban-

381 2080 516 2125 tur:
576 2083 676 2124 nec
726 2067 879 2138 prius
927 2082 1022 2121 eos
1078 2068 1409 2136 respondere
1458 2067 1654 2121 debere
1677 2066 1742 2132 ”,
1786 2082 1949 2136 quam

381 2163 564 2218 omnia
610 2177 709 2216 sua
746 2161 828 2217 eis
851 2169 905 2215 et
937 2159 1185 2214 ecclesiis
1219 2175 1409 2214 eorum
1455 2159 1666 2230 legibus
1712 2160 1951 2229 integer-

382 2259 520 2314 rime
545 2257 925 2310 restituantur.
964 2254 1074 2310 Nec
1107 2256 1341 2318 mirum,
1379 2251 1596 2317 fratres,
1625 2254 1668 2307 si
1699 2269 1797 2307 vos
1826 2270 1952 2323 per-

382 2358 708 2418 sequuntur,
761 2361 886 2402 cum
935 2356 1096 2415 caput
1151 2353 1392 2400 vestrum
1441 2344 1722 2399 Christum
1768 2343 1954 2399 Domi-

385 2456 516 2497 num
570 2448 818 2494 nostrum
861 2453 1035 2508 usque
1085 2438 1153 2492 ad
1222 2447 1448 2492 mortem
1505 2438 1616 2492 sint
1659 2437 1951 2508 persecuti.

385 2535 522 2603 Ipsae
551 2541 731 2587 tamen
758 2531 1164 2602 persecutiones
1191 2529 1458 2598 patienter
1491 2529 1769 2598 portanda:
1801 2539 1953 2595 sunt,

387 2636 446 2681 ut
481 2625 600 2695 ejus
629 2623 850 2693 dicipuli
892 2638 1015 2678 esse
1049 2619 1478 2690 cognoscamini,
1502 2635 1603 2690 pro
1630 2634 1741 2690 quo
1779 2630 1834 2676 et
1862 2637 1958 2692 pa-

386 2717 583 2774 timini.
644 2714 798 2770 Unde
839 2724 893 2770 et
942 2715 1057 2785 ipse
1098 2715 1216 2768 ait:
1251 2713 1400 2766 Beati
1427 2714 1515 2784 qui
1546 2714 1958 2782 persecutionem

386 2809 669 2878 patiuntur
701 2816 912 2876 propter
932 2805 1204 2874 justitiam
1236 2805 1298 2860 “‘.
1348 2803 1444 2859 His
1491 2803 1612 2858 fulti
1659 2804 1956 2875 suffragiis,

388 2913 496 2952 non
542 2897 772 2954 multum
820 2897 1082 2950 debemus
1123 2899 1314 2951 timere
1359 2896 1715 2966 opprobrium
1783 2898 1961 2952 homi-

387 3005 520 3044 num
546 2987 613 3055 “,
655 3002 829 3057 neque
860 3001 1049 3041 eorum
1087 2987 1603 3056 exprobratonibus
1633 2987 1798 3051 vinci,
1824 3003 1962 3059 quo-

389 3084 534 3136 niam
567 3079 670 3134 hoc
699 3078 858 3134 nobis
896 3078 1160 3133 Dominus
1186 3079 1338 3148 jubet
1373 3095 1470 3149 per
1496 3078 1693 3134 Isaiam
1721 3081 1956 3150 prOphe-

389 3174 524 3234 tam,
565 3166 752 3220 dicens
789 3183 802 3220 :
836 3167 1032 3219 Audite
1066 3182 1146 3219 me
1175 3168 1266 3236 qui
1293 3169 1442 3221 scitis
1465 3168 1756 3237 judicium,
1790 3186 1961 3240 popu-

389 3259 472 3313 lus
505 3277 648 3314 uteus
671 3301 689 3330 ,
722 3261 778 3313 in
809 3276 1031 3330 quarunt
1075 3259 1321 3316 cordibus
1368 3261 1451 3314 lea:
1497 3278 1611 3316 mea
1645 3274 1743 3317 est.
1781 3263 1964 3319 Nolite

391 3355 572 3409 timere
602 3355 943 3424 opprobrium
972 3354 1241 3408 hominum
1261 3395 1276 3420 ,
1311 3364 1359 3408 et
1394 3355 1746 3425 blasphemias
1781 3374 1963 3412 eorum

391 3466 454 3504 ne
530 3447 762 3500 timentis
813 3445 879 3513 “,
944 3447 1355 3502 considerantes
1421 3449 1566 3517 quod
1621 3448 1675 3502 in
1744 3447 1964 3505 Psalmo

391 3541 656 3610 scriptum
719 3545 803 3592 est
847 3555 862 3592 :
917 3535 1106 3590 Nonne
1153 3535 1294 3590 Deus
1354 3538 1590 3608 requirat
1647 3541 1790 3595 ista?
1844 3539 1965 3610 Ipse

389 3634 530 3688 enim
564 3633 707 3685 novit
739 3631 1046 3684 abscondita
1095 3631 1271 3684 cordis
1294 3629 1360 3698 ”,
1393 3640 1444 3684 et
1490 3633 1832 3701 cogitationes
1883 3645 1967 3688 ta-

391 3723 526 3779 lium
563 3723 852 3787 hominum,
887 3723 1134 3793 quoniam
1169 3738 1318 3777 vanae
1360 3732 1482 3776 sunt
1515 3723 1584 3781 “.
1623 3723 1768 3778 Vana
1791 3737 1966 3780 autent

392 3819 558 3874 locuti
595 3828 718 3872 sunt
763 3818 1115 3886 unusquisque
1157 3817 1226 3869 ad
1274 3818 1574 3886 proximum
1615 3835 1788 3881 suum,
1822 3819 1968 3874 labia

393 3912 583 3966 dolosa
623 3911 675 3964 in
708 3909 883 3976 corde,
910 3918 958 3962 et
983 3908 1138 3962 corde
1175 3907 1338 3962 locuti
1373 3920 1494 3963 sunt
1524 3911 1687 3966 mala.
1718 3913 1820 3969 Sed
1853 3917 1968 3970 dis-

391 4003 577 4073 perdet
611 4001 864 4054 Dominus
910 4001 1154 4053 universa
1195 3999 1339 4054 labia
1381 4001 1598 4067 dolosa,
1644 4014 1692 4058 et
1732 4006 1971 4076 linguam

394 4091 919 4166 magniloquamﬂui
943 4092 1194 4146 dixerunt
1209 4110 1226 4147 :
1240 4093 1381 4146 labia
1403 4105 1582 4148 nostra
1605 4114 1636 4149 a
1654 4099 1799 4152 nobis
1817 4109 1972 4163 sunt;

394 4189 513 4258 quis
544 4195 718 4239 noster
746 4185 1000 4239 Dominus
1043 4195 1119 4238 est
1167 4185 1256 4238 ‘5?
1287 4183 1421 4239 Nam
1457 4186 1502 4240 si
1538 4188 1650 4243 haec
1678 4190 1732 4242 in
1767 4206 1975 4246 memo-

400 4282 482 4336 ria
518 4281 843 4344 retinerent,
893 4279 1118 4333 minime
1160 4279 1225 4333 ad
1279 4288 1482 4333 tantam
1525 4282 1840 4348 prosilirent
1872 4285 1976 4339 ini-

402 4376 688 4446 quitatem.
731 4375 850 4427 Non
888 4374 1033 4428 enim
1078 4373 1343 4441 probabili
1375 4380 1429 4426 et
1461 4383 1680 4442 paterna
1725 4376 1976 4432 doctrina

404 4468 508 4523 hoc
536 4467 742 4521 faciunt
767 4466 834 4531 “,
877 4465 969 4520 sed
999 4474 1057 4518 ttt
1083 4480 1236 4519 suam
1267 4475 1555 4520 exerceant
1581 4467 1634 4520 in
1666 4483 1852 4523 servos
1880 4467 1974 4523 Dei

402 4559 718 4613 vindictam.
760 4557 1032 4626 Scriptum
1079 4571 1312 4627 namque
1343 4569 1423 4611 est
1459 4576 1472 4612 :
1519 4555 1613 4611 Via
1648 4557 1802 4612 stulti
1833 4569 1976 4614 recta

403 4651 459 4704 in
485 4649 650 4702 oculis
684 4649 817 4718 ejus.
852 4648 948 4702 Et:
984 4647 1119 4703 Sunt
1162 4650 1292 4716 vice,
1338 4666 1454 4720 qua:
1498 4652 1740 4704 videntur
1779 4652 1978 4707 homini

395 4741 589 4813 justaa,
627 4741 914 4793 novissima
960 4749 1136 4793 autem
1178 4754 1358 4794 earum
1407 4741 1674 4795 deducunt
1723 4742 1793 4795 ad
1835 4759 1978 4798 mor-

471 4857 516 4889 ³⁸
545 4856 1008 4933 Ιιιρεοῖκινοηίξ,
1042 4855 1089 4933 l._
1107 4872 1180 4933 t_v.
1257 4857 1301 4888 ³⁸
1324 4855 1689 4933 Etltnicorum
1717 4856 1904 4933 utique
1945 4857 2276 4933 et_Ecclesite
2305 4873 2732 4933 persecutorum.

406 4938 510 4984 est.
615 4929 660 4960 ³⁸
718 4927 846 4980 Adr.
897 4927 1169 4996 coll.713,
1207 4943 1272 4981 ex
1323 4926 1475 4996 Ttip.
1542 4943 1650 4994 vu,
1708 4945 1758 4982 c.
1806 4926 1892 4981 12.

408 5000 454 5030 ⁸ο
492 4997 675 5051 Matth.
702 5013 764 5061 v,
795 4998 876 5051 l0.

408 5068 455 5102 “
483 5067 684 5121 Psalm.
719 5083 871 5132 xcut,
901 5067 986 5120 ll.

1060 5070 1104 5099 ⁸⁸
1139 5067 1338 5122 Psa’lm.
1368 5083 1432 5130 ll,
1457 5069 1511 5135 5,
1549 5069 1602 5130 4,
1633 5067 1686 5120 5.

410 5139 456 5171 ⁸⁵
488 5138 646 5191 Rom.
676 5153 776 5200 xu,
808 5138 890 5192 19.

967 5137 1012 5169 ⁸⁸
1034 5135 1194 5192 Joan.
1230 5153 1329 5192 xm
1362 5179 1376 5199 ,
1415 5139 1504 5191 55.

1785 5069 1831 5100 ⁵⁸
1871 5070 2014 5123 ldcm
2045 5071 2328 5129 Martinus.

1581 5139 1625 5169 “
1657 5137 1856 5193 Psalm.
1901 5156 2126 5206 cxxxu,
2181 5148 2231 5201 1.

1973 393 2016 450 Α
2049 397 2150 439 tem
2177 387 2242 441 ⁸⁷.
2290 385 2400 441 Nos
2427 402 2570 440 enim
2601 403 2694 458 qut
2725 387 2839 440 haec
2867 386 3123 456 patimur,
3154 385 3359 454 judicio
3388 383 3477 438 Dei
3507 385 3620 438 htec

2046 492 2324 531 reservare
2352 476 2636 542 debemus,
2667 479 2759 547 qui
2790 479 2974 531 reddet
3002 477 3292 546 unicuique
3317 477 3618 530 secundum

2044 570 2356 638 opera‘ejus
2384 569 2449 622 “.
2497 569 2604 635 Qui
2643 571 2806 623 etiam
2853 585 2947 640 per
2979 570 3258 623 ministros
3300 583 3431 622 suos
3479 570 3622 622 into-

2046 661 2187 723 nuit,
2213 661 2438 715 dicens:
2477 659 2614 713 Mihi
2647 661 2914 725 uindicta,
2946 676 3038 732 ego
3086 659 3367 712 retribuam
3414 660 3478 712 “.
3511 657 3622 713 Vos

2044 752 2189 805 enim
2227 753 2278 805 in
2307 762 2450 806 recta
2481 752 2624 814 lide,
2677 760 2731 806 ct
2781 768 2984 822 opere,
3040 767 3105 807 ac
3155 752 3294 804 bona
3347 751 3624 804 voluntate

2047 845 2351 898 succurrite
2380 844 2646 908 vicissim,
2686 859 2783 898 nec
2811 845 3010 913 aliquis
3038 859 3067 897 a
3100 844 3481 914 supplemento
3509 842 3624 894 fra-

2047 936 2147 990 tris
2177 937 2466 990 subtrahat
2499 952 2745 1000 manum,
2789 937 3045 1005 quoniam
3079 938 3132 989 in
3169 938 3286 1001 hoc,
3321 938 3397 990 ait
3439 936 3624 989 Domi-

2049 1043 2171 1093 nus,
2194 1037 2503 1097 cognoscent
2531 1044 2705 1081 omnes
2739 1029 2864 1096 quia
2894 1030 3133 1081 meicstis
3165 1029 3435 1097 discipuli,
3471 1029 3516 1081 si
3541 1028 3626 1080 di-

2047 1119 2321 1174 lectionem
2351 1120 2639 1173 habueritis
2671 1122 2961 1173 adinvicem
2987 1122 3050 1172 ⁵⁰.
3103 1118 3257 1174 Unde
3302 1131 3354 1174 et
3389 1121 3503 1191 ipse
3531 1136 3629 1189 per

2047 1209 2371 1281 Prophetam
2403 1213 2662 1282 loquitur,
2713 1214 2932 1267 dicens:
2985 1213 3118 1266 Ecce
3161 1229 3315 1283 quam
3360 1212 3547 1264 bonum
3578 1221 3630 1265 et

2048 1319 2206 1373 quam
2226 1304 2548 1372 jucundum,
2581 1304 2821 1357 habitare
2862 1305 3054 1372 fratres
3084 1306 3137 1357 in
3169 1321 3329 1357 unum
3357 1305 3422 1356 “.
3456 1303 3629 1373 Spiri-

2051 1395 2140 1449 tali
2166 1397 2288 1449 dico
2320 1397 2628 1451 habitacula
2657 1406 2707 1451 et
2739 1397 3032 1451 concordia
3060 1398 3126 1458 ",
3156 1412 3276 1465 qute
3307 1397 3360 1448 itt
3386 1393 3494 1449 Deo
3521 1403 3624 1456 est,

2050 1496 2103 1541 et
2138 1488 2346 1541 unitate
2385 1488 2530 1552 lidei,
2577 1490 2738 1558 hujus
2779 1489 3112 1543 dclcctabilis
3151 1491 3447 1541 secundum
3483 1487 3593 1540 veri

2056 1587 2219 1632 tatem
2251 1580 2568 1645 habitaculi,
2600 1597 2719 1650 qua:
2751 1582 2997 1635 videlicet
3031 1581 3082 1634 in
3121 1581 3298 1634 Aaron
3330 1580 3498 1650 magis
3525 1579 3591 1633 de

2057 1671 2367 1736 corabatur,
2398 1681 2561 1741 atque
2591 1673 2967 1727 sacerdotibus
2997 1674 3043 1704 "
3076 1672 3423 1726 induentibus
3457 1672 3629 1740 digni-

1985 1747 2023 1800 Β
2055 1771 2214 1816 tatem
2239 1805 2254 1830 ,
2297 1765 2440 1818 sicut
2477 1774 2810 1836 unguentum
2846 1782 3010 1835 super
3047 1776 3230 1835 caput,
3271 1765 3622 1836 priucipalem

2053 1855 2378 1909 intellectum
2413 1857 2680 1927 irrigans,
2733 1869 2786 1912 et
2828 1873 3002 1926 usque
3033 1858 3097 1911 ad
3127 1861 3298 1927 ipsam
3326 1867 3625 1911 extremam

2052 1948 2334 2001 scientiam
2364 1949 2659 2004 deducens.
2706 1948 2762 2002 lu
2794 1950 2896 2003 hoc
2934 1951 3078 2003 enim
3122 1950 3427 2003 habitacula
3463 1952 3626 2002 bene-

2051 2039 2343 2093 dictionem
2391 2051 2444 2094 et
2493 2052 2750 2096 aeternam
2812 2044 2976 2095 vitam
3028 2043 3277 2110 promisit
3339 2041 3623 2095 Dominus.

2054 2128 2229 2198 llujtts
2290 2131 2454 2198 igitur
2523 2133 2854 2202 prophetica?
2914 2133 3317 2187 vaticinationis
3371 2134 3624 2186 meritum

2052 2221 2457 2288 amplectentes,
2479 2232 2802 2292 praesentem
2838 2223 3130 2277 fraternam
3167 2225 3425 2294 syllabam
3457 2238 3628 2292 expo-

2055 2314 2286 2378 suimus,
2323 2326 2506 2368 nostra
2541 2328 2758 2385 propter
2782 2316 3098 2370 charitatcm
3134 2317 3356 2370 minime
3387 2333 3630 2386 qua-ren-

2055 2413 2157 2469 tes,
2191 2415 2283 2459 aut
2312 2408 2618 2476 quzcsituri.
2663 2406 2776 2461 Non
2807 2409 2950 2462 enim
2981 2409 3388 2463 detrahentibus
3427 2409 3628 2462 bonum

2055 2509 2140 2556 est
2167 2498 2484 2561 detrahere,
2513 2508 2607 2553 aut
2635 2499 2758 2569 palo
2790 2498 3123 2569 (secundum
3164 2501 3439 2568 vulgarem
3475 2498 3631 2552 fabu-

2058 2595 2165 2648 lam
2194 2592 2210 2660 )
2236 2601 2493 2646 excutere
2520 2592 2724 2660 palum.
2766 2592 2946 2647 Absit!
2983 2591 3099 2646 Non
3131 2601 3259 2646 sunt
3285 2600 3386 2646 ista
3422 2601 3629 2644 nostra.

2064 2686 2192 2741 llaec
2224 2685 2366 2738 enim
2400 2693 2607 2738 avertat
2625 2684 2905 2740 Divinitas.
2936 2682 3092 2738 Justo
3117 2684 3322 2754 judicio
3353 2682 3444 2738 Dci
3475 2685 3634 2737 datur

2060 2777 2383 2848 plerumque
2429 2777 2809 2846 peccatoribus
2841 2784 3081 2846 potestas
3115 2775 3200 2840 “,
3256 2792 3360 2845 qua
3414 2787 3635 2831 sanctos

2061 2869 2234 2940 ipsius
2286 2877 2719 2937 persequantur,
2774 2878 2832 2923 ut
2871 2869 2962 2936 qui
3006 2867 3210 2937 Spiritu
3242 2865 3336 2921 Dei
3374 2868 3636 2936 juvantur

2061 2971 2115 3016 et
2152 2969 2406 3031 aguntur.
2456 2960 2588 3014 ﬁant
2634 2976 2731 3032 per
2762 2961 3011 3015 laborum
3055 2961 3310 3013 exercitia
3353 2960 3633 3013 clariores.

1985 3089 2026 3143 ο
2064 3051 2199 3121 Ipsis
2232 3059 2434 3113 tamen,
2478 3051 2569 3119 qui
2598 3066 2695 3106 eos
2730 3059 3151 3120 persequuntur,
3195 3061 3248 3104 et
3284 3051 3637 3118 exprobrant,

2065 3153 2226 3212 atque
2254 3143 2566 3209 detrahunt,
2602 3144 2707 3198 erit
2734 3144 2922 3213 procul
2949 3143 3113 3198 dubio
3143 3159 3240 3198 vae.
3275 3143 3386 3208 Vae,
3415 3160 3494 3198 va:
3535 3144 3640 3199 illis
3683 3157 3686 3160 ‘

2064 3235 2156 3306 qui
2183 3235 2476 3290 detrahunt
2503 3236 2676 3290 servis
2713 3234 2842 3301 Dei,
2882 3235 3009 3304 quia
3055 3234 3319 3289 detractio
3351 3251 3540 3291 eorum
3573 3236 3640 3290 ad

2065 3341 2187 3381 eum
2226 3327 2458 3397 pertinet
2497 3328 2577 3398 ⁸³,
2630 3327 2789 3397 cujus
2828 3327 3190 3381 ministerium
3229 3337 3396 3398 agunt
3432 3336 3486 3382 et
3524 3328 3642 3383 vice

2065 3417 2383 3490 funguntur.
2433 3420 2666 3474 Oramus
2709 3427 2914 3484 autem,
2947 3418 3148 3473 ostium
3194 3420 3638 3483 circumstantiae,

2065 3511 2158 3580 qtti
2186 3511 2456 3566 neminem
2491 3512 2666 3581 perire
2694 3519 2787 3563 aut
2816 3510 2973 3564 labiis
3003 3510 3118 3565 suis
3157 3511 3323 3580 pollui
3365 3512 3640 3577 volumus,

2067 3619 2256 3657 eorum
2287 3604 2476 3657 oribus
2523 3602 2750 3671 imponi,
2785 3611 2837 3656 et
2868 3602 3090 3656 verbum
3135 3603 3358 3656 minime
3390 3605 3642 3656 nocivum

2068 3696 2376 3764 concipere,
2438 3699 2532 3745 aut
2597 3707 2690 3748 ore
2753 3690 3012 3763 proferre.
3079 3689 3232 3746 Unde
3278 3703 3330 3747 et
3379 3692 3643 3748 Dominus

2069 3799 2166 3853 per
2207 3783 2528 3852 Prophetam
2568 3782 2844 3852 loquitur,
2883 3782 3098 3836 dicens:
3146 3782 3305 3846 Dixi,
3349 3786 3645 3836 custodiam

2070 3877 2181 3927 vias
2231 3889 2412 3937 meas,
2463 3881 2521 3924 ut
2567 3887 2668 3924 non
2724 3871 3026 3940 delinquant
3073 3872 3125 3923 in
3175 3871 3358 3941 lingua
3413 3890 3525 3926 mea
3574 3873 3642 3927 “.

2073 3965 2336 4019 Dominus
2366 3963 2732 4032 omnipotens,
2769 3973 2822 4017 et
2867 3964 2988 4031 ejus
3023 3963 3337 4033 unigenitus
3373 3964 3565 4029 Filius,
3593 3976 3647 4020 et

2074 4055 2321 4110 Salvator
2356 4065 2542 4110 noster
2582 4053 2744 4109 Jesus
2773 4055 3064 4118 Christus,
3094 4055 3195 4110 hoc
3244 4056 3397 4111 vobis
3445 4058 3646 4112 tribuat

2076 4149 2508 4212 incitamentum,
2544 4157 2605 4202 ut
2633 4148 2887 4202 omnibus
2916 4147 3198 4215 fratribus,
3228 4150 3532 4218 quibuseun
3558 4167 3644 4218 lue

2077 4242 2483 4297 tribulationum
2509 4241 2771 4295 molestiis
2792 4241 3185 4304 laborantibus,
3213 4244 3419 4297 viribus
3445 4246 3647 4313 quibus

2075 4335 2306 4406 potestis
2353 4335 2713 4399 succurratis,
2771 4342 2824 4386 et
2892 4349 3082 4388 eorum
3130 4335 3225 4400 (ut
3271 4335 3494 4404 dignum
3530 4338 3648 4401 est)

2005 4444 2052 4504 ο
2079 4428 2310 4498 injurias
2339 4437 2550 4481 vestras
2577 4426 2890 4490 aestimetis;
2927 4428 3223 4480 maximum
3256 4428 3648 4481 adminiculum

2079 4521 2161 4575 eis
2191 4519 2370 4573 verbis
2400 4527 2453 4573 et
2484 4517 2641 4573 factis
2674 4519 2977 4587 praebeatis,
3026 4529 3086 4573 ut
3119 4520 3239 4588 ejus
3276 4521 3524 4590 discipuli
3569 4523 3652 4574 itt-

2083 4611 2374 4666 veniamini
2403 4612 2535 4679 veri,
2563 4612 2655 4682 qui
2692 4611 2906 4678 fratres,
2937 4622 2995 4666 ut
3030 4628 3109 4679 se,
3141 4613 3396 4668 omnibus
3427 4615 3652 4685 diligere

2084 4707 2359 4770 pmceptl.

2821 4863 2864 4894 ³⁷
2896 4863 2951 4924 2,
2979 4873 3168 4932 qua-st.
3209 4863 3244 4916 ‘2
3271 4883 3282 4918 :
3318 4863 3650 4934 Prreceptum

2007 4930 2050 4961 ³³
2109 4935 2237 4987 Adr.
2277 4930 2400 4988 coll.
2443 4936 2509 4999 5,
2550 4950 2614 4987 ex
2653 4950 2772 5003 syn.
2798 4947 2878 4998 ιιι,
2922 4930 3104 4996 Ιιυιιι..
3153 4937 3254 4987 sub
3301 4930 3648 5003 Symmacho.

983 4997 1026 5028 “
1057 4995 1322 5051 Martinus
1365 4995 1600 5051 consult.
1661 4997 1729 5060 3,
1761 5014 1916 5052 conc.
1964 4997 2366 5058 Lateranensis.

3091 5004 3135 5033 ⁸³
3169 5004 3308 5057 l’sal.
3349 5022 3476 5057 thu
3502 5048 3517 5066 ,
3561 5009 3650 5061 2‘2.

2417 5075 2460 5104 ⁸⁷
2493 5073 2649 5128 Prov.
2698 5090 2792 5135 xit,
2825 5075 2908 5137 15,
2944 5074 3032 5127 28.
3111 5074 3155 5106 ⁸⁸
3182 5075 3369 5127 Matth.
3403 5092 3510 5141 XVI,
3562 5078 3652 5130 27.

2340 5145 2385 5176 ⁸²
2419 5145 2585 5218 Pauli
2628 5159 2721 5218 ep:
2769 5144 2872 5197 (ΣΡ.
2926 5145 3095 5218 ςρίδι.
3147 5145 3378 5218 consult.
3408 5147 3468 5218 4,
3495 5164 3653 5203 conc.

2520 5005 2563 5035 δ’
2615 5003 2738 5058 lsai.
2788 5019 2873 5064 LI,
2931 5003 2982 5058 7.

412 5209 593 5285 μέλεον.
629 5209 730 5263 sub
762 5207 991 5285 Martini)
1015 5206 1056 5261 Ι.
1130 5206 1594 5285 “sacerdotalem
1622 5225 1637 5272 ;
1665 5209 1736 5261 ita
1765 5222 1818 5285 et
1848 5226 1952 5265 ms.
2028 5213 2073 5243 “
2108 5214 2162 5268 S.
2184 5215 2432 5285 l't'osperi
2481 5223 2620 5270 sent.
2655 5206 2726 5268 Ξῖ)
2750 5254 2766 5281 ,
2821 5230 2888 5268 ex
2921 5206 2983 5269 SI
3017 5216 3156 5276 Atta.
3218 5217 3271 5268 in
3323 5215 3410 5270 Ps.
3456 5206 3655 5275 'cxvut.

409 5280 456 5312 ⁸⁸
482 5279 642 5350 Greg.
671 5294 756 5348 ep.
803 5279 889 5344 52,
921 5278 1014 5333 lib.
1049 5293 1148 5333 xu.
1220 5279 1267 5310 “
1302 5277 1501 5332 Psalm.
1538 5294 1766 5346 xxxvut,
1795 5281 1844 5333 l.

484 5461 562 5531 (7)
594 5461 965 5531 Apocrt'sarios
1001 5470 1216 5516 vestros.
1259 5460 1586 5530 Apoerisarii
1619 5461 1873 5517 dicuntur
1901 5464 1978 5518 le-

420 5535 518 5604 gati
549 5535 950 5604 episcOporutn,
990 5542 1044 5604 et
1082 5532 1229 5586 velut
1265 5547 1451 5604 eorum
1497 5531 1697 5604 locum
1721 5542 1985 5600 tenentes,

457 5603 504 5679 ui
541 5617 626 5655 res
639 5602 894 5682 Ecclesiae
923 5602 1247 5682 gubernant,
1264 5603 1489 5682 "negotia
1515 5602 1858 5682 singulorum
1885 5620 1990 5682 au-

413 5619 504 5725 qut
541 5619 894 5656 t'es‘b‘:CICSItB
923 5619 1247 5682 gubernant,
1277 5619 1489 5669 negoua
1525 5619 1858 5671 Singulorum
1891 5620 1990 5657 au-

455 5679 612 5744 tunt_,
664 5679 727 5744 et
761 5672 829 5744 ad
857 5687 1153 5744 episcopos
1199 5671 1460 5744 referunt.
1512 5671 1788 5744 Dicuntur
1829 5675 1992 5744 igitur

414 5741 731 5812 apocrisarii
753 5782 768 5808 ,
818 5741 872 5796 id
903 5750 987 5796 est
1007 5780 1025 5805 ,
1072 5741 1412 5812 responsales
1435 5783 1452 5810 ,
1493 5743 1562 5798 ab
1591 5741 1953 5815 ἀποκρίνομαι
1976 5783 1994 5811 ,

2087 5463 2138 5518 id
2177 5473 2292 5527 est,
2338 5461 2659 5532 respondeo.
2705 5459 2908 5515 [lorum
2955 5462 3012 5515 fit
3046 5461 3246 5532 mentio
3275 5462 3327 5515 in
3356 5463 3530 5532 capite
3573 5462 3663 5516 Si-

2091 5535 2355 5606 gniticasli
2384 5575 2399 5597 ,
2434 5531 2510 5585 de
2554 5533 2688 5584 elect
2717 5542 2818 5606 ,‘et
2865 5534 3003 5600 apttd
3039 5531 3404 5606 Justiniauuut
3455 5531 3660 5589 Novell.

2093 5601 2375 5668 Quomodo
2397 5613 2644 5671 oporteat
2668 5603 2972 5671 episcopos,
3002 5618 3120 5671 Cap.
3154 5601 3238 5664 12,
3271 5613 3324 5656 et
3351 5604 3417 5655 de
3439 5608 3668 5657 sanctis-

2097 5677 2251 5727 simis
2279 5675 2548 5742 cpiscopis
2584 5671 2611 5742 §
2645 5671 3021 5726 Reverettdtss.
3048 5674 3335 5743 Albertcus
3386 5688 3481 5739 per
3530 5691 3663 5743 apo-

2100 5747 2358 5801 crisarios
2390 5741 2611 5799 nuntios
2638 5757 2787 5812 papae
2818 5745 3084 5813 intelligit.
3131 5741 3258 5797 ξεν.
3301 5741 3419 5796 Bm.
