4074 6382
354 394 422 450 Π
1333 393 1537 454 CAIUS
1567 394 1982 452 PRESBYTER
2014 396 2370 454 ROMANUS.
2398 428 2469 438 —
2495 396 2797 452 NOTITIA.
3547 403 3613 456 13

409 618 482 672 De
513 619 846 674 ordinatione
871 617 1293 690 presbyterorum
1323 627 1478 688 atque
1514 618 1880 673 diaconorum.

429 732 810 789 Ordinationes
838 750 964 789 vero
987 734 1430 805 presbyterorum
1453 734 1497 766 ³⁷
1522 742 1575 787 et
1599 732 1932 798 Levitarum,

359 833 603 895 tlmpore
643 840 884 896 congruo
933 836 984 881 et
1032 827 1219 881 multis
1251 841 1435 880 coram
1481 826 1808 889 astantibus,
1841 841 1934 880 so-

359 917 610 972 lemnizer
643 919 806 986 agite,
832 927 886 972 et
918 918 1227 988 probabiles
1259 926 1312 972 et
1338 919 1528 973 doctos
1558 917 1706 972 viros
1735 918 1801 972 ad
1831 917 1936 971 hoc

362 1022 500 1077 Opus
529 1008 810 1078 provehite
838 1009 913 1076 ⁸⁸,
963 1017 1022 1062 ut
1058 1009 1127 1063 de
1165 1023 1355 1063 eorum
1390 1009 1650 1063 societate
1685 1017 1739 1062 et
1781 1008 1936 1078 adju-

432 1147 478 1219 ιζ
507 1144 756 1219 Distinet.
791 1147 878 1204 75.
905 1145 1287 1204 Ordinationes
1315 1148 1777 1219 presbyterorum.
1833 1147 1879 1180 ⁸⁸
1905 1143 2252 1202 Constituite.

365 1215 409 1251 “
439 1214 616 1271 Gallo.

1963 553 2010 608 Δ

2039 517 2224 563 mento
2278 509 2574 578 plurimum
2633 509 2934 580 gaudeatis.
2993 509 3183 567 Ponite
3245 510 3612 568 indesinenter

2041 599 2207 654 corda
2237 611 2416 654 vestra
2448 601 2501 654 in
2537 601 2738 656 virtute
2787 600 2879 656 Dei
2912 602 2981 668 ",
3031 613 3088 657 et
3133 614 3385 659 enarrata
3417 605 3532 659 haec
3560 613 3616 659 et

2040 700 2233 746 caztera
2272 693 2454 747 divina
2489 695 2652 748 verba
2695 693 2748 748 in
2787 695 3074 765 progenies
3103 696 3323 764 alteras,
3364 697 3613 767 quoniam

2039 783 2122 835 hic
2151 792 2229 836 est
2271 783 2412 837 Deus
2477 795 2650 838 noster
2679 786 2732 838 in
2768 798 3020 840 retentum
3047 829 3063 854 ,
3096 798 3145 842 et
3187 790 3297 858 ipse
3344 797 3481 859 reget
3505 805 3611 858 _nos

2043 875 2096 926 in
2125 875 2322 929 swcula
2354 877 2420 930 °°.
2456 875 2589 930 Data
2625 877 2654 929 7
2686 876 2811 932 ldus
2832 877 3174 945 Novembris,
3214 879 3512 936 Saturnino
3560 889 3614 936 et

2041 961 2319 1018 Gallicano
2354 967 2396 1004 οι
2431 967 2563 1022 viris
2593 967 2912 1025 clarissimis
2940 973 3272 1029 consulibus.

2354 1149 2399 1181 ⁸⁹
2431 1147 2704 1216 Gelasius,
2744 1165 2830 1222 ep.
2863 1150 2918 1206 9.
3017 1152 3060 1184 ⁶⁰
3088 1151 3288 1207 Psalm.
3324 1168 3490 1218 xcvu,
3521 1150 3610 1206 l5.

389 1384 1358 1388 f,,-_ﬁ—_—v,ﬂ,,
1381 1384 1420 1385 η

1639 1540 1714 1581 ΔΝ
1727 1539 1808 1582 N0
1857 1537 2088 1581 DOMINI
2130 1536 2338 1580 CCXIV.

1576 1717 2436 1938 CAIUS

903 2082 2042 2242 PRESBYTER
2127 2077 2795 2239 ROMAN
2803 2080 3037 2242 US

1658 2519 2310 2638 NOTITIA.

1225 2744 1497 2810 (6mm,
1533 2742 1762 2798 Bibliotlt.
1786 2745 2010 2807 Patrum,
2033 2749 2154 2796 tom.
2181 2745 2245 2806 ll,
2271 2743 2494 2809 Ptoleg.,
2518 2757 2570 2808 p.
2595 2742 2789 2807 xxvm.)

441 3041 482 3099 l.
511 3042 696 3104 Caius.
729 3043 898 3098 sancti
927 3039 1123 3098 [renati
1157 3043 1567 3111 contubernalis,
1599 3062 1668 3100 an
1697 3045 1852 3099 domo
1883 3044 2240 3101 Corinthius?
2265 3042 2514 3098 Ecclesice
2538 3041 2794 3112 Romana:
2829 3038 3101 3111 presbyter
3127 3049 3178 3094 et
3198 3039 3472 3112 episcopus
3495 3057 3622 3112 gen-

319 3114 788 3240 €3:22.],illieuglaii
821 3114 1182 3186 presbyteratu
1211 3122 1262 3169 et
1289 3117 1592 3186 episcopatu
1641 3115 1939 3171 Dodwellus
1974 3125 2023 3170 et
2066 3115 2352 3170 Fabricius
2390 3115 2568 3168 minus
2602 3111 2733 3167 belle
2758 3113 2958 3182 opinati
2983 3127 3093 3166 esse
3117 3111 3381 3168 uidentur.
3411 3111 3623 3166 Rectius

441 3255 504 3310 ll.
552 3255 668 3321 Quo
705 3266 930 3326 tempore
957 3255 1152 3326 claruit
1187 3265 1403 3324 auctor,
1439 3257 1520 3310 vir
1558 3257 1966 3312 disertissimus.
2005 3252 2673 3326 Disputationemscripsit
2703 3252 2952 3326 aduersus
2985 3250 3280 3326 Proculum
3314 3249 3620 3326 Catapliry-

369 3319 933 3404 garum—sectatorem.
997 3325 1081 3380 Ex
1123 3336 1355 3380 veterum
1391 3319 1458 3381 ἐι
1514 3329 1864 3382 recentiorum
1914 3319 2174 3382 sententia
2229 3342 2359 3397 opus
2410 3319 2594 3404 eideni
2636 3325 2894 3377 asseritur
2923 3363 2936 3389 ,
2985 3320 3196 3376 Parvus
3253 3319 3624 3393 Labyrinthus

369 3397 704 3467 inscriptum.

441 3460 545 3523 lll.'
566 3466 854 3536 Scripsisse
868 3483 1068 3537 quoque
1102 3465 1264 3522 Caius
1301 3468 1372 3523 De
1401 3467 1628 3522 Canone
1657 3483 1938 3522 sacrarum
1975 3465 2386 3536 Scripturarum
2410 3464 2752 3537 existimatur
2777 3477 2796 3516 :
2821 3464 2878 3517 in
2905 3480 2969 3537 e_a
2993 3463 3230 3537 fortasse
3265 3460 3626 3537 disputatione

369 3554 529 3608 quam
551 3531 1013 3592 habuit-adversus
1046 3537 1336 3592 Proculum
1379 3539 1784 3592 Montanistant.
1813 3537 2049 3608 Hujusce
2081 3531 2390 3608 argumenti
2404 3536 2756 3608 fragmentum
2783 3535 3115 3608 aceplialunt,
3149 3533 3291 3608 haud
3318 3533 3395 3586 ita
3421 3531 3624 3608 pridem

370 3603 668 3680 uulgatum,
713 3609 1033 3673 adducitur;
1078 3609 1280 3680 ipsique
1330 3611 1494 3664 variis
1551 3608 1866 3679 conjecturis
1897 3603 2170 3662 tribuitur
2220 3609 2282 3661 ab
2329 3603 2530 3660 editore
2576 3603 2881 3658 Murutorio
2932 3603 2992 3661 V.
3050 3605 3134 3668 (1.,

369 3677 667 3732 exhibetur.

3185 3602 3335 3672 cujus
3368 3603 3625 3656 monitum

445 3746 534 3803 ιγ.
573 3747 975 3804 Observationes
1005 3748 1276 3805 nonnullis
1301 3758 1412 3804 tum
1447 3750 1506 3803 in
1531 3748 1759 3803 allatum
1789 3749 2164 3834 fragmentum,
2192 3756 2302 3800 tum
2334 3749 2388 3800 in
2423 3747 2681 3800 monitum
2715 3743 3146 3800 Muratorianum
3175 3743 3551 3814 subjiciuntur.

438 3862 484 3920 l.
517 3864 706 3928 Caius,
771 3865 856 3919 vel
909 3864 1098 3932 Gaius,
1150 3881 1259 3921 una
1315 3881 1438 3921 cum
1504 3877 1694 3922 sancto
1743 3869 1947 3922 Irenaeo

368 3965 724 4011 conversatus
765 3955 968 4022 fuisse,
1011 3955 1070 4021 ὃς
1115 3957 1211 4010 καὶ
1242 3956 1725 4010 συνεπολιτεύσατο
1753 3955 1831 4028 τῷ
1857 3957 1948 4010 El-

374 4047 600 4118 ρηναίῳ,
638 4063 706 4101 ex
738 4048 1142 4117 subscriptione
1169 4048 1429 4104 Actorum
1455 4049 1703 4120 martyrii
1749 4048 1808 4103 S.
1840 4047 1946 4102 Po-

367 4135 576 4209 lycarpi
601 4139 946 4194 existimatur
969 4140 1034 4194 θ’.
1065 4139 1146 4194 Ex
1170 4156 1276 4210 qua
1303 4141 1522 4211 quidem
1548 4141 1951 4211 subscriptione

2053 3863 2160 3918 νῶν
2195 3883 2209 3918 :
2240 3864 2376 3919 adeo
2400 3873 2478 3930 ut,
2509 3863 2611 3918 hac
2644 3863 2874 3918 lectione
2905 3861 3135 3917 ﬁdenter
3165 3861 3422 3928 admissa,
3456 3859 3626 3914 fuisse

2051 3955 2244 4010 Caium
2298 3956 2683 4011 Atheniensem
2736 3955 3052 4025 episcopum
3104 3969 3329 4009 securus
3378 3967 3624 4022 pronun-

2053 4049 2170 4103 tiet.
2201 4046 2338 4114 Quis
2383 4062 2548 4118 porro
2594 4047 2803 4101 nesciat
2848 4046 2917 4100 ab
2974 4046 3129 4100 initio
3171 4046 3250 4100 rei
3302 4045 3628 4100 Christianae

2056 4139 2113 4193 in
2145 4154 2295 4194 more
2325 4140 2568 4210 positum
2612 4138 2970 4206 institutoque
3011 4137 3281 4207 majorum
3325 4136 3529 4202 fuisse,
3565 4145 3627 4190 ut

371 4229 544 4284 fuisse
586 4230 766 4300 ipsum
818 4230 979 4285 domo
1016 4229 1358 4286 Corinthium
1385 4272 1401 4298 ,
1451 4241 1507 4287 et
1563 4247 1686 4287 cum
1739 4232 1945 4288 Irenaeo
1975 4229 2018 4284 Β
2046 4232 2286 4302 episc0pi
2316 4239 2633 4287 crearentur
2657 4231 2749 4299 qui
2783 4230 2915 4283 nulli
2946 4239 3109 4284 certae
3142 4227 3402 4284 Ecclesiae
3432 4230 3625 4299 praasi-

369 4317 600 4374 Romam
637 4318 941 4388 profectum
971 4320 1193 4390 conjicit
1225 4320 1475 4391 Moynius
1489 4321 1536 4352 ⁸³
1569 4339 1583 4376 :
1620 4322 1714 4377 sed
1754 4331 1950 4391 praeter

367 4428 509 4480 rem,
543 4422 605 4467 ut
642 4423 868 4468 censent
893 4413 1089 4468 eruditi
1130 4412 1387 4467 Historia:
1420 4414 1697 4469 litterariae
1728 4414 1951 4469 Gallicae

368 4514 622 4560 auctores
643 4505 708 4560 “.
744 4504 879 4559 Illud
911 4506 1114 4560 certius
1136 4520 1204 4560 ex
1232 4504 1430 4562 Photio
1456 4505 1523 4574 “,
1559 4507 1728 4563 fuisse
1755 4507 1950 4560 Caium

369 4598 632 4653 Romanae
678 4596 936 4653 Ecclesiae
976 4597 1388 4668 prcsbyterumf,
1431 4597 1851 4667 ordinatumque
1897 4607 1952 4652 et

368 4693 611 4762 gentium
653 4690 994 4760 episc0pum.
1041 4689 1241 4742 Τοῦτον
1281 4689 1372 4742 τὸν
1400 4690 1560 4743 Γάϊον
1583 4689 1951 4762 πρεσϐύτερόν

371 4799 504 4854 φασι
528 4781 853 4853 γεγενῆσθαι
877 4781 977 4852 τῆς
1013 4779 1157 4834 κατὰ
1189 4779 1406 4853 Ῥώμην
1449 4783 1772 4856 Ἐκκλησίας
1795 4801 1810 4817 ο
1841 4801 1953 4855 χει-

373 4875 721 4948 ροτονηθῆναι
765 4873 824 4927 δὲ
861 4873 1020 4928 αὑτὸν
1053 4872 1160 4928 τῶν
1197 4870 1362 4928 ἐθνῶν
1395 4875 1709 4930 ἐπίσκοπον.
1753 4875 1950 4932 Mirum

369 4981 501 5022 sane
521 4963 856 5019 Dodwellum
889 4963 1228 5033 conjectasse
1252 4961 1319 5028 “,
1343 4962 1534 5018 Caium
1567 4963 1826 5020 Romanae
1852 4966 1952 5021 Ec-

371 5057 553 5112 clesia:
575 5057 954 5126 presbyterum,
999 5063 1222 5126 propter
1263 5055 1411 5125 ipsas
1460 5057 1772 5111 traditiones
1814 5074 1951 5127 quas

370 5149 730 5211 conservarit,
775 5148 1106 5217 appellatum
1139 5165 1153 5202 :
1190 5162 1314 5202 cum
1358 5159 1552 5219 praeter
1582 5147 1762 5203 Pbotii
1801 5149 1954 5204 testi--

371 5240 642 5302 monium,
689 5238 958 5294 Eusebius
1001 5255 1221 5309 quoque
1285 5241 1456 5294 virum
1515 5240 1949 5309 ecclesiasticum,

370 5329 822 5402 ἐκκλησιαστικὸν
847 5330 1038 5403 ἄνδρα,
1071 5331 1224 5386 illum
1251 5331 1498 5386 nominet
1521 5331 1587 5384 ⁵⁷.
1632 5329 1818 5402 Neque
1850 5333 1952 5387 mi-

371 5439 474 5478 nus
516 5422 708 5478 mirari
754 5421 904 5477 subit
954 5423 1135 5478 visum
1186 5422 1360 5480 fuisse
1400 5422 1652 5479 Fabricio
1691 5425 1758 5492 ⁸⁸,
1807 5425 1951 5494 apud

367 5513 626 5570 Photium
660 5530 761 5584 pro
788 5513 956 5568 ἐθνῶν
982 5515 1280 5569 ἐπίσκοπον
1310 5515 1595 5587 legendum
1630 5529 1752 5570 esse
1796 5515 1954 5588 Ἀθη-

443 5626 488 5656 ⁶¹
522 5622 658 5679 Vide
692 5633 824 5680 tom.
853 5623 897 5678 ν
939 5636 1112 5682 nostr.
1168 5625 1426 5681 Biblioth.

371 5695 422 5768 la
450 5693 678 5768 Erance,
703 5705 850 5768 _t_om.
885 5696 927 5760 l,
964 5706 1102 5765 part.
1129 5715 1165 5760 ι,
1193 5699 1453 5768 pag.356.

375 5834 647 5891 bierarch.
701 5837 1078 5908 origin.,part.
1118 5855 1156 5904 ι,
1181 5853 1301 5910 cap.
1334 5834 1451 5912 δίς
1486 5841 1572 5910 l9,
1603 5858 1726 5915 pag.
1744 5841 1866 5898 266.

1579 5627 1940 5704 {'l‘lloyntad
1980 5629 2109 5687 Var.
2163 5647 2304 5704 sacr.
2364 5649 2468 5704 pag

1567 5699 1610 5731 “
1639 5699 1796 5756 Phot.
1819 5701 1982 5765 Bibl.,
2023 5703 2141 5757 cod.
2167 5703 2257 5756 48.

374 5763 650 5846 f"_Euseb.
703 5763 841 5846 Hist.
888 5763 1048 5829 ecél.,
1087 5763 1289 5832 libftl,
1322 5785 1448 5846 c_ap1
1657 5773 1701 5804 ⁵⁸
1731 5763 2405 5846 Ρςεξιξτὶς.ΒὶὺΙ.01-.,ιοω.
2439 5772 2506 5840 ν,
2556 5790 2682 5846 pag.
2715 5772 2845 5832 267.

2016 4341 2021 4345 ·
2051 4325 2265 4380 derent?
2300 4342 2319 4376 ‹
2363 4323 2422 4378 In
2458 4323 2717 4378 Ecclesiis
2749 4337 2814 4375 ex
2855 4321 3106 4391 gentibus
3143 4330 3350 4375 tantum
3391 4321 3622 4377 fundan-

2051 4417 2135 4472 dis
2157 4417 2342 4487 (verba
2375 4423 2503 4472 sunt
2530 4411 2890 4469 Bacchiniiv.
2923 4413 3061 4484 (Μ’)
3099 4412 3317 4469 Petrum
3337 4429 3622 4468 successo-

2051 4523 2250 4580 resque
2286 4508 2571 4578 pontilices
2597 4506 2831 4576 priores,
2887 4505 2940 4560 id
2989 4521 3238 4561 servasse
3261 4514 3619 4576 compertum,

2053 4608 2114 4654 ut
2143 4599 2385 4670 episcopi
2417 4607 2756 4664 crearentur,
2801 4605 3094 4668 antequam
3150 4597 3378 4668 gentiles
3427 4597 3625 4667 quibus

2051 4691 2128 4747 illi
2167 4707 2404 4762 praeesse
2438 4690 2728 4755 debebant,
2783 4699 3248 4744 converterentur.
3283 4689 3339 4744 Id
3374 4705 3436 4744 ex
3478 4699 3627 4743 vete-

2051 4784 2204 4838 ribus
2233 4792 2288 4838 et
2328 4782 2722 4838 sincerioribus
2750 4779 3117 4836 Ecclesiarum
3150 4781 3521 4836 monumentis
3561 4781 3627 4834 li-

2052 4877 2220 4946 quido
2256 4883 2491 4930 constat.
2526 4873 2678 4928 Missi
2717 4882 2844 4928 sunt
2877 4874 3060 4944 plures
3099 4874 3394 4944 episcopali
3434 4875 3626 4928 chara-

2052 4975 2200 5022 ctere
2245 4966 2488 5038 insigniti
2525 4981 2556 5021 a
2598 4963 2760 5020 Petro
2800 4973 2856 5020 ct
2896 4965 3309 5022 successoribus
3349 4967 3400 5019 in
3435 4964 3602 5019 Italiae

2051 5058 2485 5129 Hispaniarum,
2573 5058 2920 5125 Britanniae,
3004 5057 3244 5123 Africa,
3319 5057 3620 5111 Galliarum

2053 5151 2328 5219 regiones,
2360 5151 2453 5220 qui
2489 5149 2766 5205 Eccles'ns
2810 5149 2915 5205 sibi
2959 5149 3370 5213 constituerent,
3405 5147 3624 5217 gentili-

2054 5242 2156 5297 bus
2203 5243 2271 5296 ad
2303 5242 2550 5297 veritatis
2594 5242 2782 5297 lumen
2831 5241 3130 5296 conversis.
3169 5240 3244 5294 Ita
3298 5239 3353 5293 in
3406 5237 3626 5293 Oriente

2052 5336 2147 5390 ubi
2189 5333 2358 5391 Judaei
2408 5335 2720 5406 frequentes
2768 5335 3054 5406 degebant,
3099 5333 3380 5389 conversis
3419 5348 3484 5387 ex
3519 5334 3628 5388 cir-

2053 5427 2391 5483 cumcisione
2434 5437 2487 5484 et
2524 5429 2789 5498 praeputio
2820 5427 2931 5483 dati
2965 5435 3092 5482 sunt
3116 5426 3358 5498 episcOpi
3389 5444 3403 5479 :
3430 5425 3483 5480 in
3517 5423 3630 5482 Oc-

2054 5521 2290 5586 cidente,
2330 5522 2422 5576 ubi
2463 5519 2635 5576 Judaei
2671 5521 2755 5575 vel
2798 5519 2908 5574 rari
2949 5521 3032 5576 vel
3064 5535 3250 5598 eorum
3280 5521 3482 5586 nullus’,
3513 5521 3625 5588 epi-

2470 5651 2521 5704 g.
2566 5633 2874 5704 937L910.
2960 5703 2963 5704 ν
3020 5635 3093 5704 7“
3146 5633 3280 5690 Hist.
3333 5636 3495 5692 littér.
3561 5638 3631 5691 de

2372 5704 2419 5740 ⁸-⁸
2439 5702 2634 5775 :liodw.
2692 5702 2920 5775 Dissert.
2955 5703 3223 5775 Sirena§
3258 5707 3347 5772 51,
3397 5723 3450 5775 ρ.
3501 5707 3628 5760 284.

2957 5776 3002 5809 ⁸⁸
3030 5774 3314 5844 Βθοειιῖηη
3366 5774 3441 5832 De
3491 5776 3634 5831 eccl.
