4074 6418
423 415 488 470 21
1919 395 2220 457 NOTITIA.
3608 388 3680 439 '29.

426 530 532 594 σὶν,
561 525 622 582 οὗ
651 527 927 598 νομίζεται
953 523 1048 579 τοῦ
1101 521 1424 578 Ἀποστόλου
1476 516 1796 590 τυγχάνεινε
1834 511 1989 567 trede-

2105 504 2348 560 veniunt.
2379 500 2646 557 Eusebius
2667 499 2810 555 enim
2833 495 3205 568 Apocalypsim
3241 494 3390 549 Petri
3419 496 3558 551 inter
3581 498 3682 551 du-

425 624 529 676 cim
580 629 785 675 tantum
818 620 982 674 divini
1005 618 1247 688 Apostoli
1295 621 1522 670 recenset
1557 607 1845 678 Epistolas,
1879 619 1995 658 eam

426 732 544 788 quae
567 715 637 768 ad
662 713 914 767 Hebrazos
947 712 1202 780 inscripta
1234 719 1331 769 est,
1363 725 1481 761 cum
1521 703 1733 773 reliquis
1762 716 1864 753 non
1894 697 1996 751 ad-

427 817 726 855 numerans.
762 798 901 854 Sane
925 799 1034 854 haec
1063 798 1286 869 epistola
1300 795 1604 850 Etiamnum
1631 809 1663 845 a
1682 788 1998 861 quibusdam

425 892 676 946 Romanis
703 892 943 960 Apostoli
965 907 1076 945 esse
1101 906 1203 943 non
1233 888 1486 943 creditur.
1540 883 1774 938 Sanctus
1804 879 1996 933 Hiero-

426 997 624 1051 nymus
658 981 884 1036 totidem
909 981 1023 1036 fere
1047 979 1248 1044 verbis,
1280 979 1346 1033 de
1377 976 1510 1031 Caio
1540 975 1643 1029 isto
1667 973 1896 1041 loquens
1929 969 1995 1032 ⁸³,

426 1072 660 1127 reddidit
686 1073 1011 1128 sententiam
1038 1071 1255 1127 Eusebii
1278 1089 1290 1124 :
1318 1069 1421 1124 nisi
1447 1067 1593 1138 quod
1625 1065 1795 1124 addit.
1814 1063 1995 1129 dispu-

424 1163 677 1216 tationem
711 1179 742 1214 a
767 1162 898 1217 Caio
929 1162 1161 1215 habitam
1189 1160 1280 1213 sub
1310 1157 1603 1227 Zepltyrino
1637 1153 1892 1207 Romana’
1916 1165 2002 1202 ur-

425 1257 504 1309 bis
525 1256 786 1324 episcopo,
819 1255 872 1306 id
897 1263 972 1307 est
996 1256 1089 1308 sub
1117 1252 1380 1306 Antonino
1405 1247 1577 1303 Severi
1601 1245 1713 1314 ﬁlio
1733 1265 1753 1310 ,ι
1780 1258 1843 1297 ac
1868 1256 1998 1312 pro-

425 1355 608 1418 pterea
631 1345 936 1402 secundum
967 1345 1118 1398 illum
1142 1344 1308 1399 Caius
1339 1337 1463 1397 haec"
1480 1339 1760 1408 scripserit
1784 1335 1998 1391 circiter

426 1451 630 1491 annum
654 1436 895 1505 vulgaris
921 1435 1140 1503 epocha:
1166 1433 1294 1486 212.
1320 1431 1485 1484 Addit
1515 1429 1678 1484 etiam
1713 1428 1778 1481 de
1808 1424 1995 1479 eadem

421 1527 668 1597 cpistola:
690 1525 792 1580 Sed
807 1535 856 1580 et
878 1526 1016 1587 apud
1041 1523 1300 1577 Romanos
1324 1538 1482 1592 usque
1505 1519 1656 1572 hodie
1671 1516 1821 1588 quasi
1836 1510 2003 1567 Pauli

422 1617 663 1688 Apostoli
714 1634 818 1671 non
865 1615 1126 1680 habetur;
1171 1630 1296 1669 cum
1354 1621 1538 1667 tamen
1583 1609 1852 1665 Eusebius
1885 1614 1999 1659 tan-

425 1719 536 1762 tum
563 1707 846 1778 scripserit
873 1709 1015 1776 apud
1034 1705 1289 1776 quosdam
1308 1702 1590 1757 Romanos.
1617 1699 1847 1754 Photius
1869 1712 2000 1766 quo-

421 1817 527 1870 que
555 1801 592 1856 l.
628 1816 676 1856 c.
703 1807 894 1854 auctor
924 1806 1040 1864 est,
1076 1797 1268 1852 Caium
1294 1796 1539 1850 tredecim
1564 1794 1828 1846 duntaxat
1857 1788 1995 1842 beati

2101 597 2220 650 bios
2240 595 2456 665 quidem
2488 594 2658 648 libros
2707 599 2957 646 recenset
2987 588 3198 660 “hnon
3255 597 3436 642 tamen
3490 588 3680 656 abjicit

2101 689 2246 743 velut
2280 687 2654 741 luereticorum
2684 683 2872 738 fetum.
2928 681 3126 735 Eodem
3175 695 3393 750 quoque
3424 689 3674 744 testante,

2100 779 2352 833 Clemens
2380 776 2782 831 Alexandrinus
2811 773 3000 828 eadem
3048 761 3375 842 Apocalypsi
3405 781 3489 826 est
3519 789 3673 837 usus,

2101 888 2209 926 non
2241 886 2400 925 secus
2429 884 2493 922 ac
2520 867 2760 936 Epistula
2812 867 3098 921 Barnabae.
3135 863 3474 920 Sozomenus
3531 866 3678 934 pari-

2101 970 2182 1015 ter
2207 974 2307 1014 nos
2333 958 2546 1012 monuit
2576 958 2644 1021 9",
2676 957 2817 1010 hanc
2839 955 3221 1026 Apocalypsim
3257 956 3313 1007 in
3358 956 3676 1025 quihusdam

2104 1048 2357 1102 Ecclesiis
2394 1047 2700 1102 Palwstince
2740 1063 2898 1116 usque
2945 1047 3116 1099 adhuc
3165 1045 3388 1116 singulis
3419 1046 3572 1099 annis
3596 1063 3678 1100 se-

2102 1141 2204 1195 mel
2238 1141 2359 1210 legi.

2178 1250 2196 1283 ‹
2239 1230 2603 1301 Temporibus
2636 1229 2802 1283 etiam
2836 1228 2953 1283 Caii
2989 1228 3161 1298 ipsius
3191 1228 3677 1284 circumferebatur

2099 1323 2328 1393 epistola
2361 1322 2543 1392 spuria
2571 1319 2724 1374 Pauli
2750 1319 2980 1389 apostoli
2999 1320 3066 1372 ad
3089 1318 3460 1385 Laodicenses,
3489 1336 3519 1374 a
3551 1336 3678 1374 san-

2099 1425 2186 1470 cto
2217 1414 2548 1483 Hieronymo
2581 1421 2634 1466 et
2666 1410 3006 1465 Theodoreto
3051 1411 3291 1479 explosa,
3318 1427 3482 1480 quam
3535 1411 3680 1466 illar-

2101 1506 2221 1561 cion
2255 1503 2617 1560 baresiarcba
2654 1505 2706 1558 in
2741 1503 3051 1558 subsidium
3087 1503 3171 1557 sui
3201 1503 3375 1556 delirii
3407 1503 3676 1571 adhibuit,

2098 1600 2177 1654 uti
2208 1613 2308 1654 nos
2335 1599 2493 1652 docet
2514 1606 2738 1652 sanctus
2761 1596 3100 1666 Epiphanius
3122 1597 3186 1649 ’⁸.
3222 1596 3290 1650 At
3313 1606 3506 1666 prreter
3537 1597 3678 1653 hanc

2098 1706 2165 1748 ex
2194 1691 2313 1760 ipso
2357 1689 2660 1760 fragmento
2689 1705 2834 1743 nunc
2891 1687 3182 1754 discimus,
3237 1689 3462 1742 alteram
3506 1686 3678 1743 Paulo

2099 1781 2437 1852 suppositam
2477 1781 2670 1848 fuisse,
2720 1795 2921 1851 nempe
2973 1780 3041 1833 ad
3074 1779 3486 1846 Alexandrinos,
3520 1782 3678 1850 cujus

427 1891 585 1946 Pauli
608 1890 882 1958 Epistolas
905 1906 1263 1956 enumerasse,
1289 1905 1391 1942 non
1436 1901 1642 1958 recepta
1689 1890 1742 1943 in
1783 1904 1989 1944 censum

2097 1873 2281 1928 nescio
2308 1887 2376 1927 an
2397 1872 2688 1943 quisquam
2713 1871 2855 1927 alius
2879 1870 3206 1925 meminerit.
3228 1871 3366 1925 Cum
3387 1886 3515 1925 vero
3539 1871 3678 1940 Apo-

422 2001 540 2054 quce
570 1984 737 2038 estad
770 1981 1042 2037 Hebrteos.
1093 1981 1186 2036 ille
1211 1997 1429 2050 quoque
1474 1981 1591 2036 haec
1638 1979 1709 2035 ah
1757 1979 1990 2035 Eusebio

423 2074 625 2129 hausit.
663 2073 930 2128 Caeterum
958 2087 1062 2126 non
1094 2079 1180 2126 est
1203 2071 1369 2139 hujus
1406 2069 1513 2123 loci
1535 2083 1840 2132 recensere,
1865 2067 1990 2138 qui-

421 2167 522 2220 bus
556 2166 878 2221 auctoribus
902 2174 954 2219 et
978 2163 1282 2217 rationibus
1317 2163 1369 2215 in
1400 2161 1678 2216 Canoncm
1709 2175 1988 2215 sacrarum

423 2256 831 2324 Scripturarum
879 2255 1072 2310 merito
1121 2261 1344 2323 recepta
1383 2252 1578 2306 deinde
1625 2250 1694 2305 ab
1735 2251 1992 2305 omnibus

423 2347 588 2403 fuerit
618 2347 867 2418 Epistula
905 2347 970 2400 ad
996 2344 1274 2408 Hebraeos,
1310 2343 1379 2399 de
1411 2358 1519 2412 qua
1575 2342 1714 2396 idem
1768 2355 1992 2396 sanetus

418 2439 780 2508 Hieronymus
841 2438 905 2491 ad
955 2435 1245 2506 Evagrium
1291 2433 1557 2499 scribens,
1607 2432 1770 2487 dicit:
1820 2430 1992 2496 Quam

417 2547 594 2583 omnes
618 2528 788 2584 Crteci
805 2529 1062 2599 recipiunt
1081 2527 1380 2583 etnonnulli
1400 2525 1731 2580 Latinorum.
1750 2524 1828 2582 Ita
1845 2539 1993 2593 qua:-

416 2623 650 2677 stionem
680 2623 820 2676 hanc
845 2621 958 2692 jam
984 2621 1077 2676 diu
1107 2629 1397 2676 versarunt
1425 2632 1488 2674 ac
1518 2619 1864 2674 illustrarunt
1890 2617 1991 2670 viri

417 2715 744 2779 doctissimi,
773 2723 833 2768 ut
862 2730 1058 2770 rursus
1092 2715 1337 2770 eamdem
1378 2717 1584 2786 agitare
1610 2712 1770 2779 velle,
1797 2726 1988 2780 super-

416 2821 716 2860 vacaneum
745 2805 902 2860 foret.

495 2914 514 2947 ι
536 2895 670 2950 lllud
688 2895 829 2965 quod
848 2896 916 2951 ad
933 2911 1018 2951 me
1033 2905 1261 2968 spectat,
1280 2895 1500 2965 arripio.
1519 2892 1838 2964 Hippolytus
1853 2906 1992 2961 quo-

417 3001 524 3056 que
552 2985 874 3042 Portuensis
902 2988 1213 3058 episcopus.
1242 2987 1358 3042 Caii
1391 3003 1555 3057 supra
1574 2985 1777 3041 laudati
1805 2998 1990 3053 aequa-

416 3076 504 3140 lis,
539 3075 734 3132 Pbotio
762 3086 900 3132 teste
923 3077 993 3142 ’°,
1019 3077 1495 3148 sensitEpistolam
1519 3076 1587 3130 ad
1611 3075 1859 3130 Hebra'os
1886 3087 1990 3126 non

412 3183 522 3222 esse
580 3167 743 3223 Pauli
794 3168 1041 3239 apostoli.
1098 3167 1212 3224 imo
1255 3185 1324 3223 ne
1383 3167 1720 3239 temporibus
1766 3166 1984 3238 quidem

2092 1965 2347 2034 calypsim
2369 1962 2549 2027 Pauli,
2583 1962 2963 2032 abAugustino
2988 1971 3042 2017 et
3077 1961 3382 2016 Sozomeno
3407 1977 3678 2018 memora-

2092 2065 2228 2123 tam,
2265 2054 2500 2124 scriptor
2528 2055 2619 2109 hic
2650 2068 2994 2123 nequaquam
3033 2063 3347 2121 recenseat;
3381 2053 3676 2108 confirma-

2095 2156 2183 2204 tur
2219 2147 2487 2202 sententia
2510 2145 2738 2200 Joannis
2759 2147 2970 2200 Ernesti
3003 2144 3213 2209 Grabii,
3242 2145 3336 2214 qui
3385 2145 3601 2200 censuit
3625 2145 3674 2178 ⁸⁷

2092 2240 2338 2309 erupisse
2371 2238 2514 2294 hanc
2547 2238 2908 2308 imposturam
2944 2237 3153 2292 saeculo
3185 2237 3453 2292 duntaxat
3489 2236 3679 2292 Eccle-

2093 2330 2188 2384 sia:
2209 2329 2536 2384 Christianae
2557 2345 2633 2385 tv.
2667 2327 2767 2383 Hic
2795 2343 3013 2398 quoque
3047 2328 3233 2382 videas
3268 2328 3562 2383 memorari
3609 2327 3680 2382 li-

2093 2419 2243 2474 brum
2280 2419 2619 2474 Psalmorum
2651 2436 2682 2474 a
2716 2419 3010 2474 Valentino
3032 2420 3400 2474 haeresiarcba
3432 2420 3680 2475 elabora-

2093 2523 2228 2568 tum.
2255 2511 2409 2568 Unus
2441 2511 2830 2577 Tertulliauus,
2865 2512 3012 2582 quod
3043 2512 3238 2576 sciam,
3309 2511 3444 2567 istos
3467 2511 3680 2566 indica-

2092 2605 2189 2672 vit,
2220 2604 2464 2660 scribens
2483 2605 2549 2658 98:
2574 2603 2742 2658 Nobis
2758 2619 2960 2675 quoque
2980 2603 3199 2656 adhunc
3223 2604 3444 2672 speciem
3471 2602 3677 2657 Psalnti

2092 2698 2592 2768 patrocinabantur,
2621 2713 2728 2750 non
2757 2697 2968 2766 quidem
3003 2705 3261 2766 apostata:
3285 2705 3332 2751 et
3361 2697 3595 2750 haeretici
3626 2708 3676 2751 et

2093 2787 2366 2842 Platonici
2395 2787 2686 2853 Valentini,
2737 2788 2829 2843 sed
2879 2789 3205 2842 sanctissimi
3248 2797 3298 2842 et
3331 2791 3678 2859 receptissimi

2090 2880 2357 2950 propheta:
2380 2878 2570 2933 David.
2605 2879 2739 2945 Quis
2767 2895 2895 2935 vero
2930 2878 3095 2934 fuerit
3119 2879 3390 2935 Miltiades
3418 2881 3509 2935 ille
3560 2882 3676 2936 lue-

2092 2973 2316 3037 reticus,
2349 2971 2464 3028 sive
2495 2970 2769 3026 Miltiades
2793 2972 2954 3042 cujus
2981 2983 3065 3027 est
3087 2973 3297 3027 mentio
3321 2973 3375 3025 in
3403 2973 3506 3026 hoc
3532 2971 3677 3043 frag-

2092 3072 2297 3129 mento,
2334 3065 2582 3119 divinent
2613 3063 2727 3119 alii.
2759 3063 3014 3119 Profecto
3041 3079 3152 3117 non
3206 3063 3372 3119 fuerit
3401 3063 3674 3118 Miltiades

2092 3157 2304 3225 rhetor,
2330 3157 2398 3212 ab
2423 3156 2664 3212 Eusebio
2693 3173 2758 3212 ac
2783 3155 3115 3230 Hieronymo
3141 3157 3418 3225 laudatus,
3449 3158 3543 3228 qui
3573 3158 3676 3213 sub

415 3259 588 3315 sancti
613 3231 926 3330 Hieronymi
949 3258 1194 3313 Romana
1218 3257 1464 3316 Ecclesia
1489 3231 1632 3312 illam
1666 3231 1807 3311 inter
1827 3271 1982 3312 cano-
2009 3231 2056 3291 θ
2087 3248 2364 3305 Antonino
2396 3248 2696 3305 Commodo
2714 3249 2882 3302 multa
2915 3249 3133 3319 scripsit
3170 3265 3269 3319 pro
3295 3250 3558 3305 catholica
3583 3248 3678 3304 Ec-

412 3351 566 3406 nicas
596 3351 844 3420 Apostoli
875 3351 1029 3408 Pauli
1060 3351 1331 3422 Epistolas
1352 3358 1648 3425 receperat.
1689 3349 1826 3404 Cum
1858 3363 1988 3421 ergo

409 3460 530 3499 eam
563 3445 814 3499 omiserit
863 3444 1030 3500 Caius
1090 3445 1369 3514 presbyter
1419 3443 1718 3506 Romanus,
1755 3440 1988 3512 scriptor

414 3535 852 3605 antiquissimus,
884 3546 1109 3592 caeteras
1153 3550 1474 3600 recensens;
1513 3534 1628 3589 veri
1670 3534 1884 3588 videtur
1908 3533 1986 3587 si-

409 3626 537 3680 mile
575 3626 750 3682 cidem
776 3627 907 3682 Caio
928 3628 1274 3682 tribuendum
1308 3641 1430 3680 esse
1458 3623 1822 3696 fragmentum
1847 3623 1988 3680 infra

408 3719 795 3790 evulgandum,
821 3720 876 3775 in
906 3737 1015 3791 quo
1037 3720 1458 3792 praetermissam
1487 3719 1644 3788 plane
1661 3717 1988 3787 videas_Epi--

409 3811 602 3864 stolam
625 3811 692 3867 ad
725 3810 980 3870 Hebraeos
996 3814 1064 3866 9‘.
1094 3811 1313 3866 Accedit
1365 3818 1421 3865 et
1455 3810 1684 3862 alterum
1709 3807 1988 3863 robustius

407 3902 1077 3971 argumentun1.Memorat
1090 3903 1180 3958 hic
1201 3901 1762 3972 scriptor”celebrem
1777 3899 1989 3954 Hermae

408 3993 631 4059 librum,
651 3993 809 4048 titulo
839 3993 1078 4048 Pastoris
1095 3994 1443 4064 inscriptum,
1459 3993 1546 4048 bis
1562 3992 1742 4046 verbis
1762 4011 1773 4046 :
1790 3991 2000 4045 Pasto-'

407 4101 517 4136 rem
532 4101 646 4142 vero
671 4101 975 4149 NUPERRIME
1003 4101 1335 4144 reuromous
1351 4099 1575 4139 Nos'rats
1592 4083 1646 4137 in
1679 4084 1802 4138 urbe
1816 4083 1986 4138 Roma

411 4175 611 4230 Iierma
645 4179 985 4247 conscripsit,
1022 4181 1229 4232 sedente
1262 4179 1314 4232 in
1348 4178 1597 4232 cathedra
1623 4176 1767 4230 urbis
1807 4175 1987 4230 Roma:

409 4263 662 4323 Ecclesia:
693 4265 794 4319 Pio
833 4266 1096 4335 episcopo,
1135 4266 1304 4335 fratre
1323 4266 1458 4334 ejus.
1491 4262 1610 4318 Jam
1646 4263 1785 4316 inter
1799 4262 1984 4316 erudi-

406 4364 493 4413 tos
517 4365 748 4423 constat,
777 4355 1036 4411 llermam
1088 4355 1339 4411 floruisse
1369 4356 1437 4411 ad
1482 4355 1764 4410 dimidium
1801 4352 1985 4408 saeculi

406 4463 437 4502 a
482 4447 703 4503 Christo
733 4458 864 4506 nato
896 4449 1139 4504 secundi.
1174 4447 1241 4501 Et
1269 4456 1416 4506 certe
1450 4447 1496 4503 si
1527 4457 1656 4502 tunc
1681 4444 1985 4500 Romanam

2089 3343 2274 3399 clesia.
2307 3343 2419 3414 Age
2439 3359 2571 3398 vero
2592 3341 2704 3412 jam
2727 3342 3072 3412 proferamus
3095 3341 3459 3413 fragmentum
3493 3342 3674 3414 ipsum

2088 3451 2118 3492 e
2139 3435 2514 3491 vetustissimo
2541 3435 2728 3490 codice
2754 3434 3120 3490 Ambrosiano
3138 3436 3482 3506 decerptum,
3511 3443 3676 3506 atque

2088 3529 2222 3588 illud
2239 3529 2578 3584 eruditorum
2606 3529 2850 3585 omnium
2868 3529 3108 3584 examini
3139 3531 3518 3600 subjiciamus,
3552 3532 3674 3586 nul-

2088 3621 2201 3675 lum
2231 3620 2499 3676 demendo
2527 3636 2593 3675 ex
2626 3621 2930 3688 erroribus,
2958 3621 3158 3692 quibus
3187 3623 3537 3677 librariorum
3571 3624 3674 3678 im-

2087 3713 2277 3783 peritia
2293 3713 2614 3782 scripturam
2635 3715 2899 3769 saturavit
2915 3723 3077 3784 atque
3095 3714 3339 3783 ftedavit,
3359 3732 3672 3786 quanquam

2087 3804 2222 3858 nihil
2253 3805 2830 3876 iiobstentquominus
2854 3799 3202 3876 pretium’rei
3232 3804 3620 3880 intelligamus.
3648 3829 3666 3860 ι

2088 3895 2205 3952 Huc
2234 3914 2406 3968 usque
2433 3898 2785 3954 doctissimus
2827 3898 3180 3956 Muratorius.

2157 3988 2248 4046 1v.
2278 3989 2409 4046 Post
2435 3991 2568 4046 tanti
2599 3992 2701 4046 viri
2733 3992 2998 4063 judicium
3033 3992 3194 4047 liceat
3230 3990 3287 4048 et
3315 3989 3476 4049 nobis
3511 3974 3673 4048 'non-

2087 4081 2266 4137 nullas
2296 4081 2707 4138 observationes
2737 4083 2996 4155 adjicere,
3022 4083 3222 4152 quibus
3252 4083 3370 4153 ejus
3401 4086 3670 4140 sententia

2089 4173 2262 4244 magis
2294 4175 2578 4244 magisque
2612 4173 2878 4229 firmetur.
2915 4175 2981 4230 Et
3005 4175 3243 4245 primum
3285 4175 3504 4246 quidem
3537 4177 3670 4233 illud

2086 4264 2443 4331 advertimus,
2477 4265 2770 4337 fragmenti
2804 4275 3086 4321 auctorem
3122 4280 3189 4321 ex
3223 4281 3288 4320 eo
3326 4261 3476 4337 quod
3523 4267 3667 4322 haud

2087 4366 2375 4413 recenseat
2411 4357 2550 4412 inter
2586 4357 2898 4428 Scripturas
2927 4359 3220 4414 canonicas
3249 4356 3546 4430 Epistolam
3603 4360 3670 4414 ad

2087 4444 2367 4512 Hebraeos,
2396 4449 2639 4522 apprime
2690 4448 2897 4504 referre
2933 4449 3048 4504 sive
3080 4450 3318 4505 sodalem
3365 4450 3476 4505 sive
3503 4450 3668 4506 disci-

405 4540 718 4595 cathedram
747 4542 922 4596 tenuit
946 4539 1118 4596 Pius]
1146 4556 1308 4611 papa,
1332 4541 1482 4596 illius
1504 4540 1690 4606 frater,
1713 4539 1760 4593 is
1783 4538 1982 4592 librum
2013 4576 2058 4631 Β
2087 4539 2271 4618 pulum
2305 4541 2512 4606 lrenaﬁ,
2572 4541 2767 4597 Caium
2822 4541 3083 4603 nimirum
3120 4541 3378 4598 Ecclesiae
3411 4541 3670 4598 Romanae

407 4633 646 4688 Pastoris
697 4635 986 4704 scripsisse
1039 4633 1304 4689 dicendus
1355 4640 1440 4688 est
1497 4632 1718 4686 circiter
1772 4645 1978 4685 annum

403 4725 605 4781 Christi
640 4725 763 4781 150.
799 4728 867 4782 At
893 4741 995 4782 nos
1035 4742 1202 4797 supra
1227 4726 1491 4791 vidimus,
1525 4724 1717 4780 Caium
1776 4722 1980 4777 Roma-

403 4830 535 4870 num
595 4816 971 4887 presbyterum
1002 4815 1209 4871 vixisse
1243 4815 1460 4870 circiter
1507 4829 1711 4871 annum
1767 4812 1891 4880 196,
1925 4819 1980 4868 et

402 4907 536 4964 nihil
569 4909 770 4975 obstat,
805 4909 940 4978 quin
977 4917 1138 4963 antea
1186 4909 1304 4964 haec
1335 4907 1644 4978 scripserit.
1665 4907 1735 4962 At
1760 4907 1979 4977 quando

400 4998 692 5070 fragmenti
721 5009 911 5055 auctor
938 5007 1188 5068 testatur,
1219 4999 1474 5056 Hermam
1510 5001 1806 5070 nuperrime
1843 5008 1983 5054 tem-a

399 5092 613 5158 poribus
639 5095 836 5146 nostris
859 5093 1060 5148 librum
1080 5091 1326 5149 Pastoris
1347 5092 1758 5162 conscripsisse,
1793 5107 1982 5160 quem-

400 5199 524 5237 nam
556 5186 914 5254 opportunius
961 5202 1127 5256 quam
1176 5186 1428 5242 eumdem
1454 5185 1646 5241 Caium
1699 5185 1985 5256 fragmenti

399 5275 573 5345 ipsius
609 5286 884 5346 parentem
940 5278 1113 5334 fuisse
1154 5279 1466 5350 conjicias?
1509 5277 1751 5333 Tandem
1796 5279 1984 5334 scribit

396 5367 686 5438 fragmenti
726 5375 918 5423 auctor
947 5369 1028 5423 "z
1064 5370 1439 5441 Apocalypsim
1482 5370 1646 5424 etiam
1677 5367 1902 5421 Joannis
1933 5379 1983 5422 et

395 5460 567 5526 Petri,
588 5469 794 5514 tantum
818 5463 1130 5532 recipimus,
1149 5479 1309 5532 quam
1333 5464 1549 5533 quidam
1561 5479 1626 5516 ea:
1652 5462 1846 5515 nostris
1872 5461 1974 5531 legi

393 5554 447 5606 in
480 5551 720 5606 Ecclesia
745 5552 951 5608 nolunt.
990 5553 1158 5610 Recte
1179 5554 1296 5610 haec
1325 5555 1380 5608 in
1407 5553 1527 5609 Caii
1563 5564 1808 5623 tempora
1837 5569 1969 5608 con—

463 5662 508 5734 3'
542 5660 768 5734 Hieron.
815 5662 891 5718 De
910 5664 1022 5734 yir.
1056 5665 1278 5731 illustr.,
1305 5681 1426 5734 cap.
1461 5665 1549 5720 59.
1627 5665 1674 5698 ⁹⁰
1702 5664 1884 5729 Phot.,
1913 5665 2051 5722 Bibl.
2079 5668 2202 5724 cod.
2236 5668 2360 5722 121.

643 5733 671 5804 §
705 5734 788 5808 ιλ
837 5736 884 5808 ξι
909 5731 1300 5808 Euseb.,Hist.
1335 5731 1480 5808 eccl._
1503 5736 1594 5790 lib.
1627 5751 1708 5808 tu,
1743 5751 1864 5808 cap.
1927 5737 2019 5792 25.
2096 5738 2413 5808 έεὲδοβοῐη.³
2449 5737 2588 5808 Hist.
2646 5738 2780 5792 eccl.
2811 5740 2906 5794 lib.
2936 5757 3034 5807 γη,
3068 5731 3187 5808 cap.
3210 5741 3297 5795 19.
3371 5731 3660 5808 thpijihs

1545 5822 1598 5876 p.
1632 5806 1720 5881 84A.
1750 5807 1796 5838 ’⁸
1821 5807 2197 5881 Tertull.,_lib.
2232 5806 2307 5881 De
2332 5823 2493 5881 Acarn.
2529 5806 2681 5874 Chr.,
2714 5823 2835 5881 cap.
2875 5809 2966 5868 20.

1154 5879 1173 5910 ³
1197 5876 1369 5933 Clem.
1414 5874 1598 5945 Rom},
1629 5878 1784 5949 epist.
1817 5881 1841 5936 1
1880 5877 1946 5935 ad
1973 5877 2248 5946 Corinth.,
2276 5877 2354 5932 ’56Δ

393 5731 436 5762 ⁹³
462 5730 596 5786 Ibid.

396 5799 538 5857 liter.
565 5799 656 5858 42.

396 5803 663 5858 “rem”.
743 5805 788 5836 ’7
827 5803 1018 5869 Grab.,
1069 5805 1254 5876 Spicil.
1303 5815 1436 5860 tom.
1463 5803 1504 5872 l,

393 5871 520 5925 252.
629 5874 646 5905 ⁸
674 5873 871 5925 Philin.
895 5891 969 5925 tv.
996 5877 1050 5925 5.
1154 5879 1173 5910 ³
1197 5876 1369 5925 Clem.
1414 5874 1504 5925 Rm

629 5874 646 5905 ⁸
674 5873 871 5946 Philip.
895 5891 969 5940 tv,
996 5877 1050 5932 5.

2085 4633 2487 4702 presbyterum,
2542 4642 2601 4688 ut
2646 4634 2900 4704 superius
2955 4633 3332 4704 {ostendimus.
3385 4632 3668 4704 Siquidem

2087 4734 2311 4781 sanctus
2336 4725 2426 4780 ille
2482 4723 2865 4797 Lugdunensis
2918 4727 3182 4793 antistes,
3211 4733 3345 4780 teste
3392 4724 3672 4795 Stephano

2085 4818 2556 4875 Gobarotritheita
2585 4821 2729 4890 apud
2767 4819 3022 4874 Photium
3058 4818 3127 4883 θ’,
3173 4819 3421 4878 eamdem
3445 4819 3669 4888 Episto-

2084 4913 2192 4966 lam
2228 4913 2453 4982 perinde
2483 4929 2592 4968 non
2624 4913 2964 4968 admittebat.
3007 4910 3316 4966 Ilic‘tamen
3342 4911 3483 4965 haud
3513 4911 3666 4965 omit-

2084 5004 2308 5058 tendum
2337 5005 2571 5071 edicere,
2595 5021 2624 5059 a
2651 5006 2843 5074 primis
2867 5003 3194 5059 Christiana.-
3215 5002 3495 5072 religionis
3528 5012 3660 5056 tem-

2085 5095 2313 5165 poribus
2341 5095 2674 5151 Clementem
2700 5095 3008 5152 Romanum
3042 5095 3194 5151 Pauli
3218 5095 3447 5165 apostoli
3476 5110 3666 5166 συνερ-

2084 5187 2181 5261 γόν
2213 5189 2254 5252 ί,
2279 5188 2524 5258 adeoque
2545 5185 2850 5242 Romanam
2883 5187 3204 5252 Ecclesium,
3229 5185 3551 5241 canonicam
3599 5184 3664 5238 il-

2086 5281 2195 5336 lius
2226 5280 2485 5350 Epistolas
2512 5283 2893 5338 anetoritatem
2911 5281 3208 5352 agnovisse
3232 5281 3287 5335 ἐ
3319 5281 3463 5350 quod
3491 5281 3664 5336 miror

2086 5373 2615 5449 sacrosinterpretes
2633 5373 2896 5429 hactenus
2924 5373 3271 5443 praeteriisse.
3307 5373 3364 5428 Si
3393 5372 3661 5444 ejusmodi

2081 5463 2445 5534 fragmentum
2482 5465 2704 5520 ineunte
2756 5465 2862 5520 hoc
2916 5464 3116 5520 saeculo
3162 5466 3219 5520 in
3260 5466 3436 5520 lucem
3471 5465 3664 5519 fuisset

2081 5557 2308 5623 editum,
2333 5556 2516 5612 nullus
2554 5557 2744 5610 dubito
2770 5557 2901 5627 quin
2933 5555 3065 5610 illud
3099 5557 3155 5611 in
3188 5573 3319 5612 suos
3363 5572 3495 5612 usus
3527 5571 3662 5611 con-

2535 5664 2657 5720 Vid.
2692 5667 2821 5740 ittfr.
2862 5669 2966 5725 col.
3005 5669 3098 5737 35,
3133 5668 3160 5740 §
3194 5669 3248 5723 5.
3299 5671 3345 5702 ⁹¹

3090 5801 3499 5878 ⁹⁹Ῥ1ιοι.,Β11›Ιῖ
3534 5801 3660 5860 cod.
