4074 6426
329 325 399 379 25
1514 317 1650 373 CAII
1688 317 1928 373 ROMAN

2026 314 2420 372 'RESBYTERI
3522 311 3592 366 2-1

329 438 584 494 vertisset
614 434 861 491 eruditus
885 432 1219 488 Humfredus
1249 431 1475 498 Hodius,
1497 431 1627 486 dum
1649 430 1905 484 librorum
1934 438 1980 492 Α
2010 429 2353 501 consignavit
2381 427 2578 482 Pastor
2621 427 2967 497 inscriptum.
3001 427 3168 481 Docet
3197 425 3361 496 igitur
3389 424 3590 480 Fonta-

331 528 643 582 bibiicorum
690 541 964 579 numerum
1019 541 1080 578 ac
1112 524 1349 577 ordinem
1381 522 1537 592 juxta
1588 523 1916 577 saeculorum

327 623 524 676 seriem
554 628 838 690 pertexere
871 617 1184 672 studebat’.

398 710 537 764 lllud
609 725 828 779 quoque
901 707 1376 762 animadversione
1409 706 1632 778 dignum
1659 705 1918 767 occurrit,

328 816 390 860 ut
434 803 598 858 modo
638 800 894 856 monebat
939 808 1124 854 noster
1166 799 1378 864 editor,
1421 799 1568 869 quod
1619 797 1914 868 fragmenti

330 898 560 966 scriptor
587 895 614 966 §
638 893 704 948 IV
733 892 992 947 Miltiadis
1040 889 1278 945 haeretici
1302 891 1633 945 mentionem
1658 889 1868 958 injiciat
1899 930 1911 943 .

331 999 391 1041 ut
431 995 714 1056 propterea
745 998 956 1052 aequum
1007 979 1173 1035 fuerit
1214 981 1563 1047 existimare,
1608 991 1919 1049 excerptum

333 1083 476 1135 istud
505 1080 571 1134 ad
618 1079 765 1132 illam
800 1075 1225 1144 disputationem
1270 1074 1576 1143 pertinere,
1610 1088 1776 1142 quam
1825 1071 1922 1126 ad-

331 1191 524 1229 versus
549 1171 840 1227 Proculqu
883 1169 1358 1240 Cataphrygarum
1401 1175 1728 1222 sectatorem
1755 1165 1921 1220 Caius

335 1267 588 1321 instituit.
628 1262 1065 1318 Asterius‘enim
1094 1260 1350 1316 Urbanus
1393 1260 1534 1329 apud
1572 1258 1867 1314 Eusebium
1898 1259 1920 1290 δ

334 1356 437 1411 sub
469 1356 646 1425 ipsum
684 1355 899 1408 initium
928 1355 1106 1422 operis
1142 1352 1289 1423 quod
1316 1353 1584 1407 adversus
1619 1351 1920 1423 Cataphry-

334 1464 428 1518 gas
466 1447 809 1517 composuit,
853 1444 1112 1499 Miltiadis
1148 1444 1396 1499 haeresim
1443 1444 1708 1500 nominat.
1768 1441 1920 1498 Unde

335 1542 695 1598 conﬁrmatur
745 1539 964 1594 Eusebii
1014 1538 1207 1603 lectio,
1241 1539 1322 1592 -'ut
1358 1548 1411 1592 et
1457 1536 1748 1606 Nicephori
1798 1553 1918 1591 eam

335 1631 696 1686 exscribentis
727 1631 770 1695 ⁸,
820 1646 850 1684 a
886 1628 1103 1684 Valesio
1144 1639 1197 1684 et
1229 1628 1418 1698 Laugo
1455 1629 1782 1694 sollicitata,
1823 1629 1918 1699 qui

335 1725 456 1780 loco
519 1723 786 1777 Miltiadis
839 1723 1279 1778 substituendum
1339 1723 1668 1777 Alcibiadem
1727 1722 1917 1777 existi-

337 1824 510 1871 mant.
549 1815 738 1885 Neque
781 1815 937 1869 aliter
973 1813 1282 1870 Dodwellus
1317 1816 1358 1882 ⁸,
1389 1815 1515 1870 licet
1556 1815 1718 1869 aliam
1758 1814 1920 1884 hujus
1951 1790 1993 1844 Β

336 1910 442 1964 loci
475 1924 696 1963 causam
725 1920 777 1962 et
811 1909 1078 1962 rationem
1111 1909 1276 1963 ineat.

411 2000 552 2055 Sunt
583 2010 842 2070 praeterea
877 2009 1068 2056 notatu
1096 2001 1254 2070 plane
1286 1999 1608 2072 dignissima
1630 2041 1646 2065 ,
1673 2013 1795 2069 quae
1824 2013 1920 2052 co-

337 2092 461 2146 dem
503 2089 530 2162 §
576 2089 667 2152 ιν,
717 2093 990 2147 memoriae
1052 2092 1289 2162 prodidit
1339 2091 1629 2162 fragmenti
1677 2099 1918 2145 auctor:

337 2183 653 2243 Pssroneu,
678 2182 890 2252 inquit,
933 2185 1231 2252 nuperrime
1277 2184 1591 2252 temporibus
1633 2183 1824 2236 nostris
1868 2180 1923 2232 in

339 2273 466 2327 urbe
493 2271 661 2325 Roma
691 2271 892 2325 Herma
923 2273 1271 2341 conscripsit,
1305 2273 1511 2326 sedente
1550 2273 1799 2327 cathedra
1828 2289 1923 2325 ur-

341 2366 418 2420 bis
453 2365 630 2420 Roma:
663 2363 915 2418 Ecclesia:
945 2364 1048 2418 Pio
1085 2367 1324 2434 episcopo
1357 2365 1524 2435 fratre
1544 2365 1676 2434 ejus.
1713 2363 1925 2430 Quibus

338 2458 519 2512 verbis
551 2457 658 2511 vim
695 2457 881 2511 inesse
931 2457 1229 2511 maximam
1269 2457 1395 2526 jure
1427 2458 1640 2511 censuit
1669 2455 1927 2511 eruditis-

339 2551 516 2605 simus
547 2549 743 2604 editor.
781 2548 909 2614 Sed,
937 2557 997 2603 ut
1032 2563 1160 2604 vere
1191 2548 1393 2615 dicam,
1423 2556 1508 2603 est
1540 2549 1594 2602 in
1623 2549 1728 2603 loci
1761 2548 1927 2617 hujus

337 2642 781 2713 interpretatione
834 2639 1206 2696 Muratoriana
1229 2681 1243 2704 ,
1281 2641 1428 2712 quod
1464 2657 1575 2696 non
1613 2643 1748 2697 satis
1779 2657 1930 2697 asse-

343 2750 506 2802 qnor.
546 2733 773 2788 Videtur
827 2734 972 2787 enim
1020 2733 1135 2803 ipse
1181 2734 1345 2788 allata
1394 2735 1559 2789 verba
1611 2734 1678 2788 de
1726 2733 1930 2789 Herma

339 2840 460 2879 viro
507 2824 812 2894 apostolico
845 2824 1150 2894 accepisse,
1183 2825 1414 2894 ejusque
1454 2827 1761 2894 respexisse
1793 2841 1931 2897 opus

341 2915 488 2984 quod
511 2915 815 2970 etiamnum
846 2924 1084 2984 supcrat,
1112 2915 1271 2970 titulo
1303 2916 1548 2971 Pastoris
1582 2918 1929 2988 inscriptum.

345 3018 403 3068 ιιι
434 3006 578 3061 hanc
609 3014 790 3062 autem
814 3007 1140 3061 sententiam
1170 3023 1238 3062 ex
1271 3022 1339 3062 eo
1371 3008 1716 3077 potissimum
1759 3009 1933 3064 addu-

343 3114 460 3164 cor,
494 3098 642 3168 quod
674 3097 736 3152 V.
762 3097 823 3152 C.
858 3098 1011 3192 illum
1057 3097 1271 3155 Hermae
1301 3101 1502 3154 librum
1546 3100 1794 3153 celebrem
1833 3118 1930 3156 νο·
1956 3135 1998 3192 C

346 3202 452 3258 cet,
485 3200 545 3246 ut
574 3207 700 3246 vere
734 3203 817 3247 est
844 3191 1086 3246 Pastoris
1118 3208 1257 3264 opus
1284 3198 1443 3264 cujus
1472 3204 1662 3248 auctor
1679 3193 1927 3260 Hermas,

344 3283 584 3353 antiquis
627 3281 884 3337 Patribus
935 3285 1167 3339 summis
1197 3285 1455 3342 laudibus
1489 3287 1837 3342 celebratum.
1872 3287 1927 3342 Si

345 3371 615 3442 ejusmodi
644 3373 714 3427 sit
742 3371 1026 3428 Muratorii
1060 3390 1253 3429 sensus
1283 3385 1338 3430 et
1368 3378 1574 3446 opinio,
1609 3378 1660 3430 in
1696 3379 1924 3433 nihilum

350 3465 464 3519 abit
502 3465 622 3534 ejus
654 3476 1020 3535 argumentum
1056 3466 1322 3522 robustius
1357 3482 1376 3520 :
1413 3469 1677 3538 siquidem
1711 3481 1930 3540 aposto-

349 3556 490 3611 licus
522 3553 750 3611 Hermas
782 3572 960 3626 neque
1004 3555 1095 3610 Pii
1133 3556 1163 3610 Ι
1197 3559 1364 3627 frater
1385 3561 1624 3625 exstitit,
1649 3577 1824 3631 neque
1859 3563 1928 3616 ad

348 3645 631 3698 dimidium
661 3646 841 3700 surculi
870 3664 902 3699 a
933 3645 1144 3701 Christo
1178 3657 1302 3702 nato
1334 3649 1547 3703 secundi
1580 3649 1762 3705 floruit
1789 3670 1802 3719 ;
1834 3653 1929 3722 qui

349 3735 611 3791 nimirum
657 3747 878 3792 centum
923 3746 1052 3792 ante
1107 3754 1283 3796 annos
1331 3742 1433 3796 sub
1483 3741 1774 3798 Clementis
1821 3742 1930 3797 Ro-

351 3827 499 3880 mani
537 3827 852 3897 pontificatu
905 3828 1112 3885 vixisse
1159 3833 1513 3902 comperitur,
1561 3845 1620 3887 ut
1665 3835 1730 3888 ad
1777 3835 1931 3890 volu-

350 3933 474 3971 men
508 3916 529 3970 Ι
559 3917 906 3975 Bibliotheca:
965 3929 1169 3976 nostra:
1214 3922 1422 3992 praefati
1467 3940 1659 3980 sumus
1689 3925 1730 3979 ⁷.
1777 3924 1931 3982 Alius

349 4011 515 4082 igitur
556 4013 885 4083 quaerendus
939 4013 1171 4085 Hermas
1226 4018 1310 4073 vel
1361 4017 1634 4089 Hermes,
1685 4022 1779 4092 qui
1836 4039 1933 4078 sae-

350 4102 475 4157 culo
517 4115 554 4156 ιι
599 4103 820 4167 clarus,
865 4102 1001 4158 Piil
1046 4104 1214 4161 frater
1245 4106 1438 4176 fuerit,
1483 4111 1686 4181 quique
1730 4112 1930 4167 librum

352 4191 600 4248 Pastoris
641 4194 799 4249 titulo
831 4197 1153 4266 scripserit:
1189 4216 1296 4269 quo
1335 4203 1502 4257 semel
1542 4204 1752 4273 posito,
1789 4202 1934 4274 frag-

354 4287 524 4341 menti
566 4285 810 4355 acephali
843 4299 1119 4343 auctorem
1153 4290 1343 4346 Caium
1382 4309 1504 4348 esse
1539 4303 1772 4349 constet.
1811 4292 1932 4348 Jam

353 4391 486 4431 vero
519 4377 599 4430 vir
630 4377 939 4433 eruditione
969 4389 1232 4448 praestans
1266 4380 1456 4439 Justus
1488 4383 1828 4440 Fontaninus
1850 4385 1935 4438 lu-

2024 519 2188 577 ninus
2209 537 2276 576 ex
2305 521 2562 591 Catalogo
2595 519 2934 576 Buclieriano
2957 559 2974 586 ,
3005 519 3297 573 Anastasio
3328 517 3557 586 aliisque
3576 558 3590 581 ,

2022 610 2330 667 Hermetem
2364 611 2445 667 Pii
2479 613 2701 668 fratrem
2734 613 2932 666 librum
2978 610 3290 680 scripsisse,
3330 625 3477 664 nunc
3497 610 3594 663 de-

2023 708 2328 775 perditum,
2369 707 2434 760 de
2485 706 2745 760 Paschate
2775 706 2862 759 die
2902 703 3184 758 Dominico
3233 703 3587 767 celebrando,

2022 801 2076 853 in
2115 817 2216 869 quo
2256 799 2566 851 mandatum
2606 795 2972 850 continebatur
3011 793 3149 865 quod
3187 794 3236 846 ei
3279 802 3594 861 praeceperat

2023 892 2281 962 Angelus,
2311 907 2428 944 cum
2462 891 2597 943 venit
2629 888 2698 941 ad
2719 905 2835 943 eum
2861 889 2916 942 in
2942 887 3126 940 habitu
3156 889 3407 954 pastoris.
3443 885 3596 940 Unde

2022 985 2100 1039 illi
2133 984 2199 1038 ab
2230 983 2474 1055 angelico
2506 982 2727 1036 Pastore
2758 982 2914 1050 cujus
2945 981 3120 1033 visum
3153 979 3206 1032 in
3241 995 3341 1033 suo
3363 979 3426 1032 de
3461 978 3598 1032 Pas-

2023 1076 2172 1129 chate
2204 1076 2343 1130 libro
2380 1075 2685 1138 enarravit,
2726 1083 2915 1144 postea
2957 1083 3377 1142 cognomentum
3410 1073 3595 1128 adhaa-

2023 1168 2127 1233 sit,
2154 1169 2436 1237 dictusque
2472 1167 2596 1222 inde

2092 1259 2371 1329 Angelicus
2402 1258 2616 1323 Pastor,
2646 1261 2772 1329 quia
2805 1260 3005 1313 tradita
3046 1263 3202 1314 verba
3242 1259 3449 1312 locutus
3472 1298 3488 1324 ,

2021 1360 2080 1406 ut
2109 1352 2684 1406 canitvetustissimus
2718 1353 2951 1422 scriptor
2987 1351 3252 1419 poematis
3290 1351 3342 1404 in
3367 1349 3598 1404 Marcio-

2021 1460 2144 1498 ncm
2171 1445 2273 1499 sub
2310 1445 2470 1499 ﬁnem
2497 1445 2618 1498 libri
2653 1461 2732 1498 III.
2760 1443 2883 1500 Haec
2919 1446 3132 1515 aliaque
3162 1447 3316 1515 plura
3356 1445 3410 1499 in
3450 1461 3599 1499 eam-

2019 1535 2139 1589 dem
2189 1537 2510 1590 sententiam
2563 1537 2814 1591 laudatus
2869 1538 2953 1591 vir
3002 1538 3273 1592 eruditus.
3324 1536 3598 1591 Habemus

2019 1626 2185 1695 igitur
2213 1626 2462 1682 Hermem
2481 1625 2561 1681 Pii
2589 1626 2606 1680 l
2637 1627 2878 1693 fratrem,
2911 1639 3274 1699 cognomento
3299 1630 3597 1694 Pastorem,

2021 1720 2114 1790 qui
2145 1719 2348 1774 librum
2383 1721 2445 1773 de
2471 1719 2730 1774 Pascltate
2761 1722 3000 1790 scripsit.

2089 1810 2160 1865 At
2198 1812 2341 1866 enim
2380 1812 2670 1882 fragmenti
2715 1821 2908 1867 auctor
2940 1828 3048 1867 non
3079 1812 3333 1868 Hermam
3376 1815 3463 1867 cui
3495 1829 3597 1868 no-

2021 1920 2144 1958 men
2174 1904 2404 1958 inditum
2437 1903 2647 1970 Pastor,
2685 1906 2776 1959 sed
2811 1905 3064 1960 Hermam
3098 1905 3338 1961 Pastoris
3370 1906 3599 1976 scripto-

2022 2012 2136 2051 rem
2183 1997 2433 2066 appellat.
2476 1996 2575 2050 Cui
2609 1997 2825 2066 quidem
2861 1998 3157 2067 objectioni
3206 2006 3265 2051 ut
3309 1999 3401 2052 liat
3427 1999 3595 2061 satis,

2023 2089 2153 2144 illttd
2188 2106 2355 2144 unum
2383 2090 2699 2160 reponimus
2731 2091 2876 2160 quod
2915 2093 2981 2145 de
3005 2089 3218 2145 Hermae
3246 2090 3464 2145 Pastore
3499 2108 3599 2146 nos

2024 2182 2148 2235 alibi
2185 2182 2390 2236 dixisse
2413 2182 2784 2237 meminimus.
2809 2181 3076 2237 Nimirum
3098 2225 3113 2249 ,
3138 2184 3598 2253 quemadmodum

2024 2278 2125 2330 viri
2175 2277 2458 2347 apostolici
2503 2292 2640 2347 opus
2679 2277 2920 2347 antiquis
2967 2276 3221 2332 Patribus
3264 2274 3457 2331 Pastor
3502 2293 3600 2332 seu

2026 2370 2159 2424 liber
2181 2369 2425 2424 Pastoris
2459 2370 2756 2440 appellatus
2785 2369 2904 2434 fuit,
2939 2369 3064 2424 inde
3094 2368 3324 2424 fortasse
3357 2369 3600 2424 derivata

2027 2459 2470 2514 denominatione
2522 2460 2876 2529 hujusmodi,
2931 2459 3076 2529 quod
3139 2459 3193 2513 in
3259 2468 3374 2514 toto
3432 2459 3602 2516 ferme

2029 2568 2191 2623 opere
2208 2537 2402 2607 Pastor
2437 2553 2711 2607 inducitur
2739 2551 2992 2606 Hermam
3031 2551 3313 2621 alloquens
3343 2561 3397 2606 et
3426 2551 3602 2604 infor-

2029 2661 2184 2700 mans
2216 2662 2227 2696 :
2259 2646 2330 2699 ita
2357 2661 2574 2715 quoque
2615 2645 2934 2714 contigerit,
2971 2653 3031 2698 ut
3070 2654 3122 2698 et
3162 2643 3430 2698 Hermctis
3464 2643 3602 2696 liber

2029 2737 2092 2791 de
2110 2735 2368 2790 Paschate
2386 2735 2568 2800 fuerit,
2589 2735 2868 2790 nonnullis
2894 2735 3107 2796 saltem,
3138 2733 3335 2788 Pastor
3360 2733 3606 2787 nomina-

2029 2838 2118 2882 tus
2143 2845 2157 2893 ;
2182 2828 2310 2896 quia
2347 2827 2494 2881 illius
2521 2835 2714 2881 auctor
2740 2826 2803 2879 de
2831 2827 2895 2879 iis
2918 2826 3162 2894 scripsit,
3195 2841 3311 2895 qua:
3333 2825 3380 2877 ei
3403 2839 3600 2892 prlece-

2029 2922 2107 2990 pit
2140 2920 2368 2989 Angelus
2390 2959 2406 2983 ,
2443 2935 2562 2973 cum
2592 2920 2728 2973 venit
2759 2919 2827 2971 ad
2857 2935 2973 2972 eum
3010 2899 3064 2971 (η
3098 2917 3284 2971 habitu
3317 2915 3557 2969 Pastoris
3583 2954 3600 2980 ,

2030 3020 2090 3066 ut
2126 3010 2287 3065 habet
2323 3009 2612 3080 Catalogus
2655 3008 2698 3062 ll
2742 3007 3192 3064 Henschenianus
3230 3022 3244 3058 :
3297 3006 3438 3059 unde
3492 3019 3602 3058 non

2031 3103 2209 3158 solum
2255 3101 2543 3171 scriptori,
2569 3100 2663 3155 sed
2693 3101 2811 3170 ejus
2846 3100 3010 3153 etiam
3046 3098 3186 3152 libro
3225 3095 3464 3149 Pastoris
3503 3110 3603 3148 no-

2031 3210 2154 3249 men
2185 3192 2478 3247 inhaeserit.
2515 3190 2640 3245 Haec
2668 3199 2877 3246 tantum
2910 3190 2962 3243 in
2990 3187 3399 3257 praesentiarum
3431 3185 3603 3241 habe-

2030 3301 2175 3351 mus,
2203 3283 2404 3354 quibus
2440 3277 3065 3352 propositaaldillicultati
3088 3291 3463 3330 occurramus.
3499 3273 3604 3330 Ve-

2028 3361 2150 3429 rum
2187 3372 2527 3428 eruditorum
2570 3369 2797 3425 arbitrio
2836 3384 2948 3423 rem
2982 3364 3343 3422 deliniendam
3377 3364 3605 3420 dimitti-

2030 3482 2178 3521 mus.

2101 3559 2370 3614 Caeterum
2425 3555 2584 3610 doleo
2628 3553 2880 3624 equidem
2926 3549 3194 3621 ejusmodi
3241 3548 3602 3617 fragmentum

2027 3667 2148 3707 esse
2180 3651 2338 3705 foedis
2364 3647 2725 3704 deformatum
2758 3647 3054 3700 erroribus.
3090 3643 3192 3698 Sed
3214 3683 3230 3707 ,
3258 3651 3317 3697 ut
3339 3658 3461 3696 cum
3491 3656 3608 3693 ma-

2029 3758 2138 3813 gno
2182 3742 2415 3796 Baronio
2459 3741 2655 3810 loquar
2693 3741 2736 3807 ’,
2774 3738 3029 3809 quidquid
3078 3737 3366 3806 antiquitas
3409 3734 3561 3800 o/fert
3587 3775 3601 3798 ,

2029 3838 2135 3890 sive
2176 3850 2445 3888 corrosnm
2487 3833 2848 3886 mendosumve
2881 3835 2984 3897 sit,
3029 3829 3198 3896 accipi
3245 3837 3412 3879 tamen
3454 3835 3606 3896 grato

2031 3927 2208 3980 animo
2237 3927 2388 3980 solet.

2103 4017 2178 4072 De
2204 4019 2312 4072 alio
2347 4027 2526 4072 autem
2561 4031 2722 4086 opere
2754 4015 2888 4088 Περὶ
2916 4014 3016 4084 τῆς
3044 4012 3137 4066 τοῦ
3168 4010 3366 4073 παντὸς
3397 4009 3605 4070 οὐσίας.

2031 4109 2176 4181 quod
2200 4124 2230 4163 a
2257 4125 2315 4164 se
2341 4109 2601 4179 scriptum
2633 4108 2687 4162 in
2725 4108 2831 4162 line
2856 4106 3164 4177 Labyrinthi
3190 4112 3419 4160 testatur
3442 4101 3607 4156 Caius

2034 4201 2176 4271 apud
2215 4199 2468 4255 Photium
2502 4201 2625 4256 loco
2657 4199 2912 4270 superius
2935 4202 3097 4254 citato
3117 4239 3133 4263 ,
3167 4204 3361 4267 praeter
3390 4210 3452 4249 ea
3485 4210 3607 4264 qua:

2033 4292 2175 4348 infra
2208 4293 2435 4349 dicenda
2477 4302 2607 4350 sunt
2644 4293 2738 4348 ubi
2788 4293 2854 4348 de
2889 4291 3164 4362 Hippolyti
3196 4289 3448 4360 scriptis,
3482 4303 3610 4342 con-

2034 4387 2186 4443 sulas
2228 4389 2388 4443 velim
2429 4403 2541 4459 prae
2577 4387 2775 4444 ceteris
2815 4383 3216 4441 Tillemontium
3250 4384 3314 4448 ",
3357 4396 3457 4436 nec
3498 4395 3605 4434 non

356 4469 602 4524 culenter
645 4470 884 4525 ostendit
935 4470 978 4538 ⁸,
1022 4470 1328 4530 Hermetem
1379 4477 1554 4531 sancti
1591 4475 1671 4530 Pii
1713 4475 1935 4533 fratrem
1966 4477 2012 4533 D
2040 4489 2293 4535 auctores
2335 4479 2591 4536 Historiis
2621 4479 2902 4536 litterario:
2931 4477 3154 4534 Gallicis
3180 4475 3244 4542 “,
3284 4473 3378 4530 sed
3412 4473 3465 4528 in
3498 4472 3609 4543 pri-

355 4561 515 4630 plane
554 4559 828 4615 diversum
875 4576 995 4617 esse
1042 4565 1110 4619 ab
1147 4563 1344 4620 llerma
1370 4608 1384 4632 ,
1415 4569 1510 4638 qui
1557 4583 1693 4638 opus
1734 4569 1928 4625 litteris

428 4675 447 4706 ³
485 4673 644 4758 Hoc!”
675 4675 994 4758 de_Bil_)lior.
1027 4682 1216 4758 tex_tib_._
1248 4683 1444 4751 origin.
1479 4683 1926 4758 lib.tv,_c§p._4,
1955 4700 2077 4758 pag.
2112 4687 2248 4754 644,
2277 4704 2428 4758 seqq.

518 4743 821 4820 '_1‘jiceph.,
850 4746 984 4820 Hist.
1009 4752 1258 4806 eccl.lih.
1283 4743 1492 4820 ivl'cap.
1517 4753 1608 4808 25.
1665 4743 1699 4784 ’⁸
1737 4743 1920 4808 ῡῖιιιννξ

359 4971 481 5079 ἓξὲξ·
495 4955 639 5098 εέἷιὶζ·
717 4958 758 4989 ”

518 4755 821 4829 '“lltcephq
850 4755 984 4829 l_1ist.
1009 4755 1140 4829 ccc-.1.
1164 4755 1258 4829 lib:
1283 4768 1492 4829 iv.cap.
1517 4755 1608 4808 25.
1679 4755 1699 4784 ⁶
1728 4755 1924 4829 devv.

2026 4768 2185 4829 ssert.
2210 4761 2243 4813 4
2312 4755 2452 4829 Iret).
2475 4799 2490 4824 ,
2521 4757 2548 4829 ᾗ
2585 4758 2653 4812 58
2677 4799 2692 4821 ,
2723 4773 2871 4829 ﬁpag.
2917 4755 3039 4829 371.

359 4813 497 4897 μιυι.
541 4813 645 4868 PP.
683 4813 874 4897 tephnl
896 4834 1068 4897 ,_cap.‘
1089 4822 1156 4886 2,
1195 4821 1256 4892 ἓξ
1283 4823 1397 4897 [ει
1429 4813 1464 4875 9
1485 4863 1500 4884 ,
1536 4823 1793 4897 pagg.__26
1814 4866 1828 4887 ,
1863 4825 1931 4878 28
1957 4824 2124 4897 (Patr.
2159 4813 2253 4884 Cr.
2278 4871 2292 4891 ,
2327 4838 2364 4882 t.
2394 4813 2480 4897 ll):

357 4885 453 4939 ιλιι
487 4901 693 4968 ":39?-
717 4887 781 4968 ,ες
802 4885 869 4968 si
897 4889 921 4968 1
957 4885 1019 4968 εῖτ
1039 4891 1093 4954 εῖν
1115 4885 1383 4968 passi?»
1414 4885 1566 4962 seru.
1607 4885 1667 4926 "‘
1690 4885 1925 4968 ’βπδτιη

2026 4911 2184 4955 .ann.
2221 4885 2360 4965 431,
2388 4885 2520 4968 ἓὲἹ.

846 4959 937 5016 ist.
961 4959 1064 5018 litt.
1097 4959 1164 5016 de
1190 4959 1506 5028 la'Frauce,
1532 4959 1671 5019 tom.
1700 4962 1753 5031 l,
1786 4975 1928 5034 part.
1958 4981 2006 5035 ι,
2031 4970 2312 5040 1323.559.

2038 4571 2146 4626 mis
2181 4570 2512 4628 Dodwcllum
2545 4573 2614 4630 ¹¹.

2546 4688 2568 4720 ⁸
2601 4686 2800 4742 Euseb.
2827 4725 2842 4749 ,
2891 4683 3025 4738 Hist.
3085 4681 3217 4738 eccl.
3268 4680 3362 4734 lib.
3403 4695 3456 4741 v,
3485 4693 3606 4746 cap-

2585 4758 2652 4784 ἰο
2749 4773 2852 4784 ...ιη
2917 4755 3010 4784 ἰι-η
3128 4755 3147 4784 't
3188 4750 3465 4784 Dmnlnnnnl
3543 4747 3606 4784 ml

2640 4758 2692 4821 ζ,
2749 4747 2871 4825 pag.
2917 4755 3039 4812 571.
3128 4755 3147 4784 ⁷
3187 4750 3487 4822 Prolegom.
3541 4747 3608 4808 ad

2640 4829 2662 4860 ⁸
2717 4828 2984 4888 Fontan.,
3031 4823 3168 4878 Hist.
3225 4823 3326 4876 litt.
3385 4821 3608 4891 Aquih,

2693 4900 2735 4930 ¹⁰
2775 4897 2990 4950 Tillem.
3013 4937 3028 4961 ,
3054 4895 3214 4949 Mem.
3240 4936 3253 4957 ,
3315 4888 3464 4945 tom;
3507 4888 3570 4942 Ill
3592 4931 3608 4952 ,

2413 4973 2433 5004 ³
2471 4969 2659 5025 Dodw.
2704 4966 2992 5025 Dissert.6
3043 4968 3212 5032 lreu.,
3263 4963 3293 5036 ᾗ
3338 4962 3422 5027 18,
3483 4976 3606 5032 pag.
