4074 6372
378 349 449 402 25
1771 344 2222 401 FRAGMENTA.
3529 347 3600 401 26

1037 667 1329 779 CAII
1412 665 1962 781 ROMANI
2045 663 2948 778 PRESBYTERI

1625 901 2344 991 FRAGMENTA

520 1095 614 1162 Ex
640 1095 903 1178 Dialogo
933 1098 1068 1162 sive
1103 1097 1551 1178 Disputatione
1591 1097 1898 1159 adversus
1942 1096 2256 1173 Proclum,
2293 1104 2481 1159 sectas
2511 1097 3046 1178 Cetaphrygarum
3078 1107 3435 1178 patronum.

1436 1261 1700 1324 (GALLAND.
1731 1256 1957 1309 Biblioth.
1979 1263 2070 1307 vet.
2094 1257 2257 1318 Pam,
2282 1256 2346 1319 ΙΙ,
2370 1258 2502 1320 205.)

1325 1572 1474 1641 Apud
1510 1570 1793 1626 Eusebium
1830 1569 1975 1626 Hist.
1999 1567 2127 1624 εδει.
2161 1567 2255 1622 lib.
2291 1583 2347 1630 ιι,
2381 1582 2498 1635 cap.
2529 1565 2622 1620 25.

451 1662 588 1732 Ἐγὼ
616 1663 672 1716 δὲ
705 1661 774 1716 τὰ
795 1663 1027 1735 τρόπαια
1059 1664 1166 1717 τῶν
1205 1664 1536 1717 Ἀποστόλων
1573 1664 1648 1733 (1)
1685 1664 1792 1734 ἔχω
1826 1663 1934 1715 δεῖ·
1965 1726 1966 1730 η

2107 1657 2221 1728 Ego
2257 1673 2386 1711 vero
2412 1657 2780 1726 apostolorum
2813 1667 3011 1728 tropaea
3035 1674 3255 1728 possum
3288 1664 3594 1719 ostendere.

369 1749 474 1814 ξαι.
503 1751 627 1804 Ἐὰν
651 1753 756 1821 γὰρ
780 1751 1007 1825 θελήσῃς
1025 1753 1274 1806 ἀπελθεῖν
1298 1755 1390 1806 ἐπὶ
1409 1754 1496 1806 τὸν
1520 1754 1811 1806 Βατικανὸν
1833 1754 1931 1823 (2),

367 1839 399 1909 ἦ
432 1841 522 1892 ἐπὶ
536 1839 633 1910 τὴν
659 1840 772 1893 ὁδὸν
799 1843 897 1912 τὴν
939 1843 1173 1906 Ὠστίαν,
1205 1843 1453 1914 εὑρήσεις
1475 1841 1543 1895 τὰ
1564 1842 1798 1914 τρόπαια
1825 1842 1932 1897 τῶν

367 1929 568 2002 ταύτην
598 1931 963 2002 ἱδρυσαμένων
987 1932 1084 2004 τὴν
1131 1932 1472 2003 Ἐκκλησίαν.

2036 1746 2172 1803 Nam
2209 1748 2324 1804 sive
2359 1747 2411 1800 in
2444 1745 2789 1817 Vaticanum,
2842 1749 2958 1803 sive
2991 1751 3058 1804 ad
3099 1749 3402 1808 Ostiensem
3455 1757 3594 1810 viam

2038 1856 2261 1912 pergere
2306 1840 2455 1903 libet,
2499 1849 2790 1894 occurrent
2847 1841 2944 1896 tibi
2994 1851 3193 1913 tropaea
3252 1861 3460 1911 eorum,
3505 1849 3597 1915 qui

2041 1933 2341 1988 Ecclesiam
2377 1931 2526 1985 illam
2553 1929 2941 1986 fundaverunt.

1961 2045 2026 2101 ll.

1630 2137 1802 2205 Idem,
1835 2139 1928 2192 lib.
1970 2155 2050 2204 Ill,
2075 2154 2193 2207 cap.
2219 2136 2308 2192 28.

447 2226 606 2281 Ἀλλὰ
651 2227 744 2281 καὶ
794 2229 1063 2300 Κήρινθος
1121 2232 1149 2284 ὁ
1184 2230 1249 2284 δι’
1281 2230 1670 2301 ἀποκαλύψεων
1717 2233 1790 2296 ὡς
1831 2233 1935 2285 ὑπὸ

377 2320 695 2373 Ἀποστόλου
777 2321 1010 2391 μεγάλου
1062 2323 1486 2393 γεγραμμένων,
1556 2323 1935 2395 τερατολογίας

364 2413 493 2484 ἡμῖν
521 2413 596 2476 ὡς
632 2413 698 2466 δι’
737 2413 980 2481 ἀγγέλων
1015 2412 1161 2483 αὐτῷ
1202 2399 1931 2486 δεδειγμέναςψευδόμενδς,

365 2504 642 2572 ἐπεισάγει
675 2504 869 2573 λέγων,
903 2503 1039 2575 μετὰ
1067 2505 1164 2576 τὴν
1192 2506 1482 2560 ἀνάστασιν
1517 2507 1754 2576 ἐπίγειον
1794 2503 1932 2561 εἷναι

363 2595 425 2648 τὸ
450 2595 714 2666 βασίλειον
741 2595 835 2649 τοῦ
864 2596 1120 2668 Χριστοῦο
1151 2598 1245 2651 καὶ
1281 2598 1442 2651 πάλιν
1490 2598 1802 2670 ἐπιθυμίαις
1846 2599 1938 2653 καὶ

365 2686 576 2756 ἡδοναῖς
629 2687 687 2740 ὲν
747 2687 1099 2760 Ἰερουσαλὴμ
1143 2689 1242 2759 τὴν
1289 2690 1465 2760 σάρκα
1520 2691 1936 2763 πολιτευομένην

365 2776 648 2832 δουλεύειν.
695 2779 805 2832 Καὶ
849 2779 1044 2850 ἐχθρὸς
1100 2780 1357 2851 ὑπάρχων
1397 2784 1516 2844 ταῖς
1559 2782 1802 2852 Γραφαῖς
1841 2784 1934 2838 τοῦ

365 2865 520 2933 Θεοῦ,
555 2867 783 2940 ἀριθμὸν
810 2871 1198 2940 χιλιονταετίας
1231 2874 1288 2926 ὲν
1320 2873 1481 2944 γάμῳ
1513 2875 1722 2946 ἑορτῆς,
1769 2876 1936 2932 Θέλων

366 2959 572 3031 πλανᾷν
601 2962 699 3032 (5),
733 2961 880 3031 λέγει
906 2962 1170 3032 γίνεσθαι.
1227 3010 1230 3013 .

2112 2231 2215 2285 Sed
2245 2241 2299 2285 et
2326 2231 2621 2287 Cerinthus
2651 2246 2747 2301 per
2784 2232 3142 2287 revelationes
3173 2233 3434 2301 quasdam
3471 2249 3499 2287 a
3541 2249 3600 2288 se

2041 2331 2299 2392 tanquam
2338 2338 2369 2377 a
2425 2338 2621 2394 magno
2660 2323 2896 2394 quodam
2950 2323 3196 2393 apostolo
3242 2325 3596 2394 conscriptas,

2038 2424 2285 2484 portenta
2331 2416 2579 2484 quaedam
2636 2416 2793 2485 quasi
2849 2416 2918 2470 ab
2972 2416 3178 2486 angelis
3234 2416 3336 2470 sibi
3381 2425 3600 2470 ostensa

2038 2517 2383 2561 commentus
2411 2508 2570 2562 nobis
2613 2509 2928 2574 introducit,
2963 2507 3238 2562 alIirmans
3267 2517 3389 2577 post
3417 2524 3600 2563 resur-

2035 2599 2326 2654 rectionem
2377 2615 2601 2670 regnum
2651 2600 2850 2655 Christi
2901 2601 2955 2654 in
3009 2601 3169 2656 terris
3217 2599 3484 2665 futurum,
3535 2617 3600 2656 ac

2031 2706 2224 2747 rursus
2262 2690 2510 2745 homines
2539 2689 2895 2762 Jerosolymis
2926 2693 3180 2762 degentes
3209 2693 3599 2762 cupiditatibus

2031 2791 2087 2838 et
2138 2783 2397 2851 voluptati
2441 2783 2685 2852 corporis
2716 2784 2983 2838 obnoxios
3016 2783 3152 2839 fore.
3185 2785 3455 2856 Additquc
3495 2785 3600 2840 ho-

2031 2874 2131 2928 stis
2173 2873 2262 2929 ille
2300 2873 2609 2929 divinarum
2655 2874 3083 2945 Scripturarum,
3134 2877 3284 2932 mille
3331 2892 3599 2932 annorum

2030 2967 2268 3037 spatium
2309 2967 2364 3022 in
2409 2967 2745 3037 nuptialibus
2799 2967 2950 3024 festis
3002 2977 3336 3026 transactum
3369 2971 3456 3036 iri,
3491 2986 3601 3041 quo

1963 3047 2005 3101 Β
2036 3059 2248 3116 facilius
2283 3061 2568 3132 imperitos
2601 3061 2851 3117 homines
2871 3061 3126 3132 decipiat.

1768 3269 1937 3336 10.21.,
1968 3289 2086 3344 cap.
2119 3275 2207 3331 δι.

433 3356 588 3412 Μετὰ
614 3355 770 3411 τοῦτο
787 3355 861 3428 (4)
891 3357 947 3411 δὲ
975 3359 1304 3432 προφήτιδες
1316 3360 1582 3434 τέσσαρες
1596 3363 1650 3417 αἱ
1665 3363 1932 3419 Φιλίππου

361 3451 677 3520 γεγένηνται
705 3451 762 3502 ὲν
795 3451 1090 3522 Ἱεραπόλει
1123 3455 1188 3523 τῇ
1226 3453 1366 3506 κατὰ
1399 3455 1498 3526 τὴν
1546 3457 1747 3508 Ἀσίαψ
1781 3459 1809 3510 ὁ
1838 3457 1935 3510 τά-

363 3559 460 3612 φος
482 3541 659 3595 αὐτῶν
679 3543 822 3595 ἐστὶν
846 3544 981 3608 ἐκεῖ,
1012 3543 1105 3596 καὶ
1126 3544 1154 3596 ὁ
1183 3543 1276 3597 τοῦ
1310 3545 1518 3616 πατρὸς
1550 3546 1752 3602 αὐτῶν.

2111 3368 2352 3434 Quatuor
2384 3369 2621 3437 posthaec
2653 3367 2887 3441 Philippi
2925 3369 3047 3426 ﬁliae
3092 3372 3438 3441 prOphetides
3481 3373 3598 3428 fue-

2038 3468 2168 3513 runt
2202 3459 2473 3530 Hierapoli
2512 3460 2654 3515 Asiae
2706 3462 2946 3528 civitate,
3004 3463 3096 3518 ubi
3127 3465 3287 3518 etiam
3323 3481 3510 3519 earum
3549 3475 3604 3520 et

2037 3551 2208 3620 patris
2241 3552 2468 3622 Philippi
2491 3551 2799 3622 sepulcrum
2827 3555 3040 3609 visitur.

1163 3848 1396 3935 CAII
1482 3844 1958 3942 ROMANI
2051 3850 2798 3941 PRESBYTER!

1868 4051 1928 4087 UT
1954 4051 2154 4089 VIDETUR

627 4187 994 4264 Fragmenta
1023 4202 1102 4247 ex
1129 4185 1333 4246 Parvo
1372 4183 1758 4263 Labyrintho
1790 4185 1928 4247 sive
1958 4202 2040 4245 ex
2062 4185 2228 4249 libro
2257 4187 2586 4250 Adversus
2618 4189 2982 4250 Artemonis
3008 4188 3331 4253 hasresim.

1333 4515 1488 4587 Apud
1521 4515 1806 4571 Eusebium
1839 4517 1985 4574 Hist.
2019 4519 2147 4574 eccl.
2176 4520 2269 4574 lib.
2305 4537 2358 4586 v,
2387 4536 2504 4590 cap.
2530 4519 2622 4575 28.

441 4609 568 4662 basi
618 4607 728 4680 γὰρ
775 4606 850 4678 (5)
892 4607 1020 4671 τοὺς
1065 4607 1162 4680 μὲν
1203 4608 1501 4680 προτέρους
1535 4609 1800 4673 ἅπαντας,
1838 4611 1966 4672 καὶ(

2104 4613 2390 4669 Aﬂirmant
2428 4613 2572 4667 enim
2610 4611 2820 4681 priscos
2866 4611 3085 4681 quidem
3132 4626 3344 4677 omnes,
3377 4620 3432 4666 et
3461 4613 3610 4682 ipsos

363 4703 556 4764 αὐτοὺς
583 4703 706 4765 τοὺς
748 4701 1099 4762 Ἀποστόλους
1143 4701 1533 4774 παρειληφέναι
1569 4719 1630 4755 τε
1675 4704 1767 4757 καὶ
1797 4703 1935 4758 δεδι-

434 4816 453 4882 (
460 4816 478 4888 ξ
489 4817 508 4888 _)
521 4815 593 4868 Τὰ
607 4817 855 4888 τρόπαια
857 4815 987 4888 35w-
1017 4815 1614 4888 ἈποσὶιΗὶενοηγπιᾲυε
1630 4817 1683 4871 in
1700 4818 1931 4888 epistola

364 4886 430 4939 ad
459 4884 768 4940 Marcellum
796 4903 811 4956 ς
848 4884 942 4938 Est
966 4887 1175 4956 quidem
1201 4887 1273 4940 ibi
1305 4884 1782 4956 sanctaEcclesia;
1809 4897 1932 4941 sunt

364 4967 564 5076 ἓνοξίαξα
598 4955 1051 5026 οροδιοισνυηιει
1093 4970 1409 5028 martyrum.
1468 4955 1667 5014 VALES.
1713 4959 1770 5012 in
1822 4959 1934 5011 Ad-

402 5041 461 5076 επ
505 5061 520 5076 .

402 5041 520 5078 ead.

437 5095 512 5164 (2)
561 5093 688 5148 Ἐπὶ
717 5094 825 5149 τὸν
851 5097 1196 5150 Harmar-ar.
1239 5095 1432 5150 Mirum
1473 5108 1555 5151 est
1595 5097 1648 5150 in
1681 5097 1935 5154 omnibus

366 5165 570 5220 nostris
599 5165 880 5221 codicibus
912 5180 1020 5220 uno
1049 5182 1315 5221 consensu
1363 5165 1544 5220 haberi
1591 5167 1886 5221 Βασικανόν
1913 5186 1928 5224 :

366 5251 468 5289 nec
494 5235 652 5288 aliter
677 5235 870 5305 legitur
906 5236 975 5306 in,
1012 5235 1270 5306 Chronico
1296 5235 1539 5306 (Georgii
1563 5236 1818 5306 Syncelli.
1864 5238 1924 5292 In

365 5306 716 5377 sequentibus
749 5305 983 5377 νει·ὺίεῇ
1015 5306 1107 5377 επ),
1129 5305 1226 5377 τὴν
1260 5305 1376 5377 ὁδὸν
1412 5305 1516 5377 τὴν
1550 5305 1782 5377 Ὠστίαν,
1811 5322 1928 5360 om-

365 5390 462 5429 nes
496 5375 664 5430 nostri
691 5376 907 5430 codices
957 5375 1426 5430 ‘Oatiav'habent.
1470 5375 1670 5430 Verum
1717 5376 1771 5429 in
1824 5377 1928 5432 hoc

363 5443 722 5508 dissentiunt,
764 5446 908 5513 quod
942 5444 1251 5500 Mazarinus
1292 5446 1508 5514 quidem
1545 5453 1600 5500 et
1642 5445 1926 5501 Medicaaus

365 5517 534 5568 codex
559 5531 684 5585 cum
715 5516 820 5568 leni
852 5515 1044 5583 spiritu
1079 5517 1278 5569 habent
1317 5515 1528 5568 Ὠστίαν
1554 5534 1568 5569 :
1600 5515 1800 5585 Regius
1829 5532 1928 5570 au~

367 5593 477 5654 tem
539 5593 605 5654 et,
646 5583 976 5639 Fuketianus
1031 5601 1283 5654 asperum
1340 5585 1598 5639 adhibent
1653 5583 1921 5654 spiritum.

370 5651 537 5723 Porro
573 5653 865 5710 Vaticanus
896 5651 1112 5723 quidem
1143 5656 1209 5708 ad
1239 5655 1300 5707 B.
1338 5655 1555 5714 Petrum
1609 5651 1798 5709 referri
1832 5658 1927 5709 de-

369 5722 602 5794 bettqui
642 5725 888 5794 sepultus
917 5722 1004 5778 est
1040 5727 1091 5777 in
1138 5723 1414 5794 Vaticano.
1450 5723 1714 5794 Ostiensis
1745 5734 1924 5779 autem

368 5794 453 5848 via
483 5792 717 5850 Paulum
732 5796 972 5859 denotat,
995 5795 1086 5865 qui
1109 5793 1350 5863 sepultus
1367 5802 1449 5848 est
1471 5795 1523 5848 in
1549 5796 1632 5850 via
1653 5793 1922 5850 Ostiense.

2041 4704 2341 4776 apostolos,
2374 4719 2438 4759 ea
2468 4719 2590 4774 quae
2613 4703 2681 4757 ab
2715 4702 2848 4772 ipsis
2878 4718 3023 4758 nunc
3058 4703 3342 4768 dicuntur,
3372 4715 3425 4758 et
3455 4719 3611 4759 acce-

2107 4819 2184 4888 (ὅ)
2227 4817 2428 4872 Θέλων
2468 4817 2769 4886 σπλανᾷν.
2808 4816 2898 4871 Sic
2939 4817 2993 4871 in
3027 4817 3265 4871 editione
3292 4815 3431 4872 Rob.
3487 4817 3612 4873 Ste-

2036 4888 2224 4958 phani,
2255 4890 2438 4944 nescio
2467 4905 2576 4958 quo
2618 4905 2770 4954 casu,
2810 4903 3071 4941 excusum
3104 4894 3187 4941 est
3216 4905 3227 4939 :
3258 4903 3422 4958 quem
3454 4897 3608 4957 typo-

2036 4956 2364 5028 graphorum
2389 4956 2628 5014 errorem
2672 4959 2842 5013 secuti
2873 4967 3000 5011 sunt
3028 4966 3210 5028 postea
3243 4956 3607 5028 Genevenses.

2034 5021 2150 5082 Nos
2185 5043 2313 5082 vero
2344 5044 2411 5082 ex
2465 5027 2853 5095 manuscriptis
2896 5021 3196 5090 codicibus,
3241 5037 3294 5079 et
3341 5042 3405 5078 ex
3449 5024 3608 5078 Nice-

2035 5099 2193 5220 διιοῑί
2223 5098 2359 5151 libro
2391 5113 2574 5152 veram
2593 5097 2754 5167 hujus
2775 5097 2878 5152 loci
2895 5099 3219 5166 scripturam
3247 5095 3607 5163 restituimus,

2070 5168 2204 5220 έλων
2239 5167 2461 5220 πλανᾶν.

2070 5168 2204 5222 έλων
2239 5167 2461 5238 πλανᾷν.

2103 5239 2179 5306 (4)
2218 5234 2398 5292 Μετά’
2416 5237 2608 5291 τοῦτο.
2643 5234 2744 5291 Hic
2773 5235 2925 5290 locus
2958 5242 3244 5306 excerptus
3279 5234 3505 5306 quidem
3521 5244 3607 5289 est

2103 5251 2179 5306 (4)
2218 5251 2380 5292 meta
2416 5254 2608 5291 τουτο.
2644 5251 2744 5291 me
2775 5251 2925 5290 locus
2958 5251 3244 5356 excerluus
3279 5251 3498 5303 quidem
3521 5251 3605 5289 es;

2031 5322 2100 5362 ex
2126 5307 2240 5360 Caii
2264 5307 2666 5376 disputatione;
2706 5307 2953 5376 sedsunt
2980 5304 3156 5376 Proci
3190 5306 3374 5376 verba.
3415 5321 3444 5358 a
3460 5305 3605 5376 _Caio

2032 5377 2226 5431 litteris
2249 5373 2585 5446 consignata.
2617 5375 2874 5446 Sicienim
2909 5373 3176 5446 Eusebius
3208 5375 3244 5427 Ι.
3277 5392 3325 5429 c.
3356 5393 3369 5428 :
3409 5394 3426 5425 ι
3452 5373 3607 5446 Prm-

2029 5456 2176 5501 terea
2202 5447 2256 5500 in
2281 5444 2497 5517 dialogo
2526 5446 2668 5510 Caii,
2699 5445 2933 5517 Proclu‘s.
2952 5444 3212 5517 adversus
3240 5445 3608 5517 quem__insti-

2028 5525 2142 5570 tuta
2202 5525 2287 5569 est
2331 5513 2649 5585 disputatio.
2695 5516 2762 5568 de
2801 5513 3031 5585 Philippi
3085 5513 3312 5583 ejusque
3366 5513 3599 5567 ﬁliarum

2027 5586 2201 5651 exitu,
2234 5587 2313 5640 sic
2339 5583 2462 5640 ait}
2497 5586 2742 5650 Quatuor
2765 5583 3015 5652 posthaec,
3057 5600 3077 5634 ι
3109 5593 3216 5640 etc.
3282 5651 3287 5652 ί
3398 5639 3420 5650 ο

2097 5650 2364 5725 (5)Φασὶ
2410 5655 2541 5724 γὰρ.
2582 5671 2636 5707 κ.
2690 5650 2838 5706 τᾏλ.
2900 5650 3234 5725 Nicephorus
3279 5651 3332 5725 in
3376 5651 3472 5725 lib.
3526 5667 3604 5717 Iv,

2031 5721 2149 5793 cap.
2185 5725 2275 5786 2|,
2323 5721 2714 5779 hunc’librum
2769 5723 3010 5793 auctoris
3055 5721 3223 5793 ignoti
3280 5721 3602 5793 inscriptum

2027 5791 2146 5848 esée
2192 5795 2320 5850 dicit
2365 5794 2624 5868 εΜικρὸν
2667 5791 3006 5867 λαϐύρινθον.
3054 5791 3279 5848 Pbotius
3317 5800 3496 5846 autem
3546 5791 3602 5843 in
