4074 6434
410 399 477 456 27
1594 399 1731 454 CAll
1766 394 2033 454 ROMANI
2071 390 2499 454 PRESBYTER]
3589 393 3663 450 28

404 516 557 585 pisse
587 521 643 566 et
675 510 963 577 docuisse;
997 526 1062 567 ac
1103 482 1508 581 pmlicationis
1542 513 1764 583 quidem
1791 513 1995 569 verita-

2109 510 2310 584 ἰαχέναι
2358 509 2550 575 ταῦτα,
2589 507 2627 565 ἃ
2670 507 2766 564 νῦν
2790 500 2933 563 οὗτοι
2964 504 3200 577 λέγουσι·
3229 506 3670 581 καὶτετηρῆσθαι

406 620 513 661 tem
541 620 663 661 esse
690 604 1019 660 custoditam
1050 619 1225 673 usque
1251 604 1315 659 ad
1342 602 1575 661 Victoris
1598 614 1864 676 tempora,
1891 605 1985 676 qui

404 696 604 752 tertius
618 696 866 752 decimus
878 713 908 751 a
928 695 1086 752 Petro
1103 696 1363 752 Romana:
1375 698 1527 752 urbis
1542 697 1831 768 episcopus
1850 696 1951 752 fuit
1970 715 1985 763 ;

403 806 433 845 a
464 788 762 859 Zephyrini
797 797 975 843 autem
1000 789 1336 857 temporibus
1356 788 1450 858 qui
1476 787 1680 844 Victori
1697 787 1985 855 successit,

406 879 772 933 adulteratam
819 876 986 933 fuisse
1025 878 1332 933 veritatem.
1378 877 1457 933 Ac
1492 876 1724 934 fortasse
1757 877 1811 933 id
1840 877 1988 949 quod

406 970 622 1036 dicunt,
654 968 913 1024 credibile
958 968 1254 1031 videretur,
1310 969 1416 1022 nisi
1455 969 1536 1023 eis
1585 968 1992 1039 refragarentur

411 1061 650 1131 primum
687 1058 902 1128 quidem
945 1059 1143 1112 divina:
1180 1055 1498 1128 Scriptura,
1535 1058 1731 1113 deinde
1758 1057 1989 1113 fiatrum

411 1151 771 1223 quorumdam
796 1150 1022 1220 scripta,
1052 1148 1293 1205 Victoris
1320 1159 1477 1205 astate
1502 1150 1834 1219 antiquiora,
1869 1166 1994 1220 quae

413 1244 489 1298 illi
520 1244 784 1297 adversus
817 1251 1004 1312 gentes
1032 1250 1086 1296 et
1120 1250 1311 1296 contra
1354 1242 1439 1296 sui
1481 1242 1742 1312 temporis
1780 1242 1995 1297 haereti-

411 1349 505 1389 cos
529 1348 627 1404 pro
661 1333 909 1388 veritatis
943 1331 1260 1387 defensione
1296 1332 1635 1402 scripserunt
1671 1352 1683 1387 :
1715 1332 1993 1389 Justinum

342 1486 349 1491 ,
414 1428 673 1498 intelligo,
701 1436 754 1481 et
778 1425 1094 1489 Miltiadem,
1114 1433 1168 1480 et
1199 1423 1511 1491 Tatianum,
1541 1439 1606 1479 ac
1635 1424 1992 1490 Clementem,

414 1521 660 1589 aliosque
691 1518 1128 1588 quamplurimos
1154 1535 1179 1591 _:
1210 1516 1265 1571 in
1296 1531 1534 1586 quorum
1563 1517 1809 1571 omnium
1838 1517 1996 1572 libris

411 1612 616 1666 Christi
647 1610 908 1665 divinitas
936 1609 1239 1672 )struitur.
1290 1606 1428 1662 Nam.
1462 1606 1903 1678 isenaai‘quidem
1943 1616 1997 1663 et

416 1703 687 1758 Melitonis
733 1710 787 1756 et
818 1702 1154 1770 reliquorum
1192 1701 1395 1769 scripta
1429 1698 1556 1768 quis
1585 1709 1668 1755 est
1706 1700 1801 1769 qui
1843 1699 1998 1770 igno-

415 1803 521 1860 ret,
557 1793 616 1847 in
666 1794 869 1863 quibus
901 1792 1179 1850 Christum
1217 1790 1387 1845 Deum
1422 1791 1589 1846 simul
1623 1801 1785 1861 atque
1819 1790 1997 1845 homi-

416 1901 542 1941 nem
594 1886 994 1955 praadicarunt?
1055 1885 1256 1941 Psalmi
1302 1898 1523 1954 quoque
1559 1893 1614 1939 et
1647 1884 1855 1939 cantica
1885 1883 1998 1937 fra-

420 1986 563 2030 trum
600 1976 716 2045 jam
752 1977 960 2046 pridem
996 1992 1025 2030 a
1064 1976 1312 2031 fidelibus
1344 1977 1674 2046 conscripta,
1715 1973 1995 2030 Christum

424 2067 659 2122 Verbum
692 2068 782 2122 Dei
808 2054 1214 2147 concelebrant,
1249 2069 1589 2127 divinitatem
1612 2068 1659 2122 ei
1689 2067 1995 2121 tribuendo.

419 2159 558 2211 Cum
613 2157 779 2228 igitur
812 2168 889 2213 tot
922 2159 1122 2213 abhinc
1154 2160 1315 2215 annis
1346 2160 1717 2214 ecclesiastica
1749 2158 1997 2213 doctrina

421 2248 713 2317 praedicata
755 2235 847 2316 Sit,
889 2251 985 2320 qui
1020 2251 1135 2305 fleri
1165 2260 1365 2322 potest,
1419 2260 1479 2305 ut
1512 2266 1704 2304 omnes
1732 2264 1909 2319 usque
1936 2249 2002 2304 ad

422 2343 675 2401 Victoris’
695 2355 937 2417 tempora
976 2362 1097 2403 eam
1141 2363 1307 2417 quam
1342 2347 1430 2402 isti
1465 2347 1655 2401 dicunt
1698 2345 2001 2400 doctrinam

422 2438 926 2509 promulgaverint?
950 2438 1236 2505 Quomodo
1256 2454 1351 2494 eos
1371 2454 1480 2493 non
1499 2437 1664 2508 pudet
1678 2435 2005 2506 huiusmodi

424 2527 751 2582 calumniam
811 2530 1073 2586 adversus
1130 2527 1403 2585 Victorem
1459 2528 1831 2593 concinnare,
1875 2541 2001 2581 cum

423 2627 575 2673 certo
622 2622 817 2687 sciant,
864 2619 1204 2677 Theodotum
1245 2621 1569 2684 coriarium,
1612 2619 1703 2689 qui
1737 2616 2001 2673 defectio-

424 2711 511 2765 nis
540 2711 685 2768 illius
720 2712 888 2767 Deum
922 2714 1245 2784 abnegantis
1303 2728 1503 2785 parens
1546 2721 1604 2767 et
1639 2719 1833 2766 auctor
1874 2708 1997 2777 fuit,

424 2803 743 2872 primusque
775 2803 1055 2859 Christum
1094 2809 1303 2861 nudum
1348 2819 1472 2860 esse
1517 2803 1797 2858 hominem
1847 2817 2001 2857 asse-

425 2894 557 2959 ruit,
585 2909 681 2963 per
712 2892 985 2949 Victorem
1010 2910 1041 2948 a
1079 2895 1466 2951 communione
1494 2893 1750 2949 Ecclesiae
1770 2892 2004 2963 ejectum

2089 605 2189 676 τὴν
2230 601 2488 674 ἀλήθειαν
2527 599 2623 655 τοῦ
2676 600 3031 673 κηρύγματος
3081 600 3240 671 μέχρι
3270 598 3379 653 τῶν
3417 600 3671 674 Βίκτορος

2090 696 2318 766 χρόνων,
2348 693 2406 757 ὃς
2435 688 2503 766 ἦν
2541 692 2984 764 τρισκαιδέκατος
3013 691 3121 746 ἀπὸ
3148 690 3351 762 Πέτρου
3386 694 3444 744 ὲν
3484 691 3665 767 Ῥῶμε

2092 785 2406 848 ἐπίσκοπος·
2460 783 2567 838 ἀπὸ
2620 784 2678 837 δὲ
2723 781 2817 836 τοῦ
2861 782 3104 853 διαδόχου
3136 780 3301 834 αὑτοῦ
3348 781 3670 853 Ζεφυρίνου,

2094 860 2585 951 παρακεχαράχάἶ
2632 876 2732 947 τὴν
2765 876 3042 947 ἀλήθειαν.
3084 872 3190 928 Ἦν
3213 875 3255 928 δ’
3297 873 3363 928 ἂν
3394 873 3556 944 τυχὸν
3584 890 3674 927 πι-

2093 971 2248 1025 Θανὸν
2278 971 2339 1023 τὸ
2384 969 2697 1040 λεγόμενον,
2734 970 2782 1022 εἰ
2825 968 2897 1039 μὴ
2946 969 3160 1040 πρῶτον
3202 968 3298 1038 μὲν
3345 967 3676 1021 ἀντιπιπτον

2093 1061 2279 1125 αὐτοῖς
2304 1062 2360 1114 αί
2394 1060 2530 1114 Θείαι
2563 1060 2794 1128 Γραφαίο
2842 1060 2937 1114 καὶ
2980 1058 3220 1128 ἀδελφῶν
3264 1057 3321 1111 δέ
3351 1075 3508 1113 τινων
3554 1060 3681 1113 ἐστὶ

2092 1152 2392 1224 γράμματα
2425 1150 2771 1223 πρεσϐύτερα
2798 1150 2904 1203 τῶν
2925 1149 3179 1223 Βίκτορος
3205 1150 3430 1221 χρόνων,
3463 1149 3500 1204 ἀ
3534 1152 3677 1204 ἐκεῖ-

2094 1262 2173 1298 νοι
2218 1242 2356 1315 πρὸς
2394 1243 2463 1296 τὰ
2508 1242 2637 1315 εθνη
2683 1243 2824 1316 ὑπὲρ
2858 1244 2956 1314 τῆς
2986 1241 3261 1314 ἀληθείας,
3293 1243 3387 1296 καὶ
3418 1243 3550 1313 πρὸς
3575 1242 3675 1306 τὰς

2094 1336 2215 1393 τότε
2251 1335 2488 1405 αἱρέσεις
2532 1334 2795 1407 ἔγραψαν·
2843 1334 2985 1402 λέγω
3014 1335 3069 1388 δὲ
3111 1335 3391 1388 Ἰουστίνου
3424 1335 3517 1389 καὶ
3538 1333 3676 1387 Μιλ-

2094 1427 2273 1481 τιάδου
2299 1427 2392 1479 καὶ
2412 1427 2674 1480 Τατιανοῦ
2697 1427 2788 1480 καὶ
2806 1427 3120 1496 Κλήμεντος
3141 1426 3233 1479 καὶ
3264 1425 3462 1495 ἐτέρων
3491 1423 3673 1476 πλειό-

2096 1536 2221 1582 νων,
2257 1520 2315 1570 ὲν
2345 1511 2426 1581 οἷς
2456 1518 2627 1571 ἅπασι
2660 1518 2986 1586 θεολογεῖται
3017 1517 3091 1588 (6)
3119 1520 3148 1570 ὁ
3176 1516 3425 1588 Χριστός.
3458 1516 3538 1569 Ti
3567 1517 3675 1588 γὰρ

2097 1610 2384 1682 Εἰρηναίου
2437 1626 2497 1662 τε
2543 1610 2638 1663 καὶ
2692 1609 2995 1672 Μελίτωνος
3046 1610 3139 1662 καὶ
3180 1607 3288 1661 τῶν
3337 1608 3536 1662 λοιπῶν
3592 1608 3675 1671 τίς

2097 1703 2281 1770 ἀγνοεῖ
2326 1702 2531 1773 βιϐλία,
2578 1702 2710 1755 Θεὸν
2759 1701 2852 1755 καὶ
2919 1699 3199 1772 ἄνθρωπον
3244 1699 3678 1768 καταγγέλλοντα

2097 1796 2188 1849 τὸν
2217 1795 2477 1867 Χριστόν;
2502 1795 2720 1865 Ψαλμοὶ
2741 1793 2797 1847 δὲ
2824 1795 2937 1848 ὅσοι
2963 1794 3055 1847 καὶ
3086 1792 3217 1863 ᾠδαὶ
3236 1792 3476 1862 ἀδελφῶν
3501 1794 3679 1864 ἀπαρ-

2101 1889 2206 1959 χῆς
2238 1887 2340 1941 ὑπὸ
2385 1887 2593 1941 πιστῶν
2634 1890 2928 1959 γραφεῖσαι
2976 1886 3050 1958 (7)
3084 1885 3174 1939 τὸν
3218 1885 3385 1954 Λόγον
3419 1884 3511 1938 τοῦ
3541 1885 3679 1939 Θεοῦ

2100 1983 2190 2036 τὸν
2225 1983 2455 2054 Χριστὸν
2486 1980 2715 2053 ὑμνοῦσι
2747 1978 3139 2048 Θεολογοῦντες.
3180 1976 3305 2041 Πῶς
3348 1973 3438 2030 οὖν
3470 1978 3530 2030 ὲκ
3557 1993 3683 2029 τοσ-

2097 2075 2287 2141 ούτων,
2318 2073 2454 2127 ὲτῶν
2504 2071 3007 2142 καταγγελλομένου
3075 2068 3169 2123 τοῦ
3228 2066 3680 2139 ἐκκλησιαστικοῦ

2103 2167 2468 2237 φρονήματος,
2499 2164 2771 2234 ἐνδέχεται
2816 2164 2944 2226 τοὺς
2993 2156 3173 2233 μέχρι⁶
3208 2160 3463 2231 Βίκτορος
3508 2157 3684 2222 οὓτως

2101 2257 2178 2321 ὡς
2208 2251 2353 2311 οὗτοι
2384 2256 2600 2323 λέγουσι
2620 2253 3016 2324 κεκηρυχέναις
3046 2251 3172 2314 Πῶς
3199 2250 3255 2304 δὲ
3283 2251 3383 2303 οὐκ
3410 2248 3684 2302 αἰδοῦνται

2101 2348 2275 2403 ταῦτα
2309 2348 2569 2419 Βίκτορος
2599 2344 3051 2415 καταψεύδεσθαι·
3084 2341 3326 2413 ἀκριόῶς
3355 2340 3569 2405 ειδότες,
3597 2342 3684 2395 ὅτι
3780 2336 3787 2343 ’

2105 2441 2320 2512 Βίκτωρ
2340 2440 2430 2493 τὸν
2457 2439 2660 2493 σκυτέα
2687 2436 2939 2490 Θεόδοτον
2963 2434 3052 2488 τὸν
3081 2433 3321 2507 ἀρχηγὸν
3346 2434 3439 2487 καὶ
3471 2434 3684 2504 πατέρα

2103 2530 2305 2602 ταύτης
2351 2531 2452 2601 τῆς
2489 2527 2813 2602 ἀρνησιθέου
2862 2527 3209 2589 ἀποστασίας,
3248 2524 3558 2597 ἀπεκήρυξε
3583 2524 3684 2595 τῆς

2105 2620 2410 2684 κοινωνίας,
2434 2619 2650 2691 πρῶτον
2681 2617 2903 2672 εἰπόντα
2932 2617 3085 2688 ψιλὸν
3110 2615 3392 2688 ἄνθρωπον
3421 2615 3510 2667 τὸν
3548 2616 3683 2686 Χρι-

2106 2712 2229 2768 στόν
2253 2728 2267 2778 ;
2299 2712 2362 2764 Εί
2390 2711 2499 2781 γὰρ
2537 2711 2752 2781 Βίκτωρ
2781 2710 2900 2763 κατ’
2923 2709 3116 2772 αὐτοὺς
3142 2706 3316 2771 οὕτως
3347 2707 3580 2778 ἐφρόνει,
3609 2705 3687 2771 ὡς

2106 2806 2141 2874 ἠ
2186 2804 2393 2857 τούτων
2450 2802 2688 2857 διδάσκει
2736 2800 3072 2874 βλασφημία,
3129 2800 3249 2864 πῶς
3294 2797 3358 2853 ἂν
3416 2796 3687 2852 ἀπέϐαλλε

2109 2896 2365 2950 Θεόδοτον
2396 2895 2488 2949 τὸν
2519 2895 2617 2966 τῆς
2648 2895 2911 2967 αἱρέσεως
2935 2892 3138 2964 ταύτης
3166 2892 3429 2964 εὑρετήν;

426 2983 629 3038 fuisse?
682 2982 816 3038 Nam
866 2984 935 3048 si,
966 2994 1026 3041 ut
1071 2983 1247 3051 aiunt‘,
1300 2985 1489 3041 Victor
1523 2986 1714 3042 eadem
1755 2986 2025 3043 sentiebat
2071 3003 2194 3057 qua:
2248 2989 2469 3043 illorum
2527 2988 2686 3044 docet
2741 2987 3013 3058 impietas,
3047 3002 3148 3043 cur
3189 2983 3533 3040 Theodotum
3571 2981 3689 3053 opi-

429 3076 613 3131 nionis
640 3077 786 3132 illius
808 3062 1111 3135 auctorem‘
1128 3080 1198 3136 ab
1227 3079 1472 3137 Ecclesia
1504 3080 1767 3136 removit?

655 3240 687 3260 κ

431 3477 744 3522 nostrorum
781 3469 835 3523 in
876 3469 1197 3525 memoriam
1238 3471 1508 3526 revocabo
1547 3489 1562 3524 :
1608 3470 1753 3541 quod
1787 3469 2009 3539 quidem

433 3558 479 3613 si
504 3557 757 3615 Sodomis
790 3561 1093 3616 admissum
1138 3560 1353 3629 fuisset,
1398 3563 1549 3632 ipsos
1582 3603 1598 3630 ,
1639 3570 1700 3618 ut
1752 3562 2011 3626 arbitror,

435 3648 645 3704 incolas
671 3651 737 3705 ad
781 3651 1156 3720 paenitentiam
1211 3667 1509 3722 provocare
1551 3654 1837 3723 potuisset.
1884 3651 2017 3707 Erat

433 3740 656 3810 quidam
688 3739 897 3797 Natalis
931 3741 1175 3810 nomine,
1198 3741 1505 3807 confessor,
1533 3744 1629 3814 qui
1659 3759 1767 3799 non
1801 3744 1876 3797 ita
1899 3743 2015 3813 pri-

434 3834 581 3898 dem,
617 3833 711 3888 sed
753 3843 940 3888 nostra
974 3842 1131 3889 astate
1171 3834 1329 3889 vixit.
1355 3833 1453 3890 Hic
1498 3833 1641 3890 forte
1675 3836 1726 3889 in
1768 3833 2017 3890 fraudem

436 3925 694 3981 inductus
743 3933 829 3981 est
879 3925 948 3981 ab
994 3926 1402 3997 Asclepiodoto,
1450 3935 1504 3981 et
1558 3926 1730 3981 altero
1776 3925 2015 3995 quodam

436 4015 720 4072 Theodoto
767 4018 1102 4088 argentario.
1149 4018 1326 4073 Ambo
1386 4027 1568 4073 autem
1619 4018 1708 4073 isti
1759 4016 2016 4086 discipuli

435 4115 594 4162 erant
634 4106 901 4164 Theodoti
925 4109 1074 4164 illius
1106 4108 1357 4177 coriarii,
1385 4108 1478 4180 qui
1510 4110 1723 4178 primus
1762 4109 1833 4163 ob
1872 4107 2017 4163 hanc

437 4241 785 4314 Bibliotheca,
823 4259 944 4314 cap.
986 4245 1077 4308 48,
1116 4242 1310 4299 Caium
1360 4245 1524 4314 hujus
1567 4244 1689 4299 libri
1736 4253 2015 4314 auctorem

438 4312 591 4387 facit,
621 4312 806 4387 τούτο]
826 4312 917 4387 τὸν
945 4314 1102 4387 Γάξον
1123 4312 1493 4387 πρεσϐύτερόν
1527 4331 1660 4387 φασι
1691 4313 2018 4387 γεγενῆσθαι

438 4383 541 4452 τῆς
562 4380 707 4455 κατὰ
745 4382 963 4455 Ῥώμην
1008 4380 1355 4455 Ἐκκλησίας,
1398 4380 1652 4450 συντάξαι
1683 4380 1740 4438 δὲ
1771 4380 2019 4438 καὶ’ἓτε-

442 4469 534 4576 ᾕον
562 4453 718 4534 λόγον
752 4453 895 4536 ἰδίως
921 4453 1065 4507 κατά
1087 4453 1552 4535 τῆςἋρτέμωνος
1588 4456 1885 4538 αἱρέσεως,
1909 4467 2012 4509 etc.

494 4539 542 4576 Ic
566 4533 650 4576 est
684 4539 800 4576 msc
832 4525 992 4576 liber.
1030 4540 1187 4576 emus
1217 4524 1516 4576 fraamenta
1550 4526 1637 4576 hic
1669 4525 1875 4576 profert
1907 4524 2012 4576 Eu-

493 4524 553 4595 ic
566 4533 650 4578 est
684 4524 800 4593 ipse
832 4525 992 4588 liber,
1030 4524 1187 4593 cujus
1217 4524 1516 4595 fragmenta
1550 4525 1637 4595 hic
1665 4524 1875 4595 profert
1907 4524 2017 4579 Eu-

442 4593 648 4680 sebius,
691 4592 864 4680 “quem
909 4592 1184 4680 tamenim
1212 4592 1794 4680 Labyrinthophotius
1829 4606 2014 4680 aperte
2042 4592 2088 4649 D
2123 4600 2255 4680 μοὺς
2282 4592 2375 4680 κα).
2403 4592 2558 4680 ’ᾠδάς
2594 4592 3312 4680 πνευματικὰςηύεξρέπισα

2066 4717 2077 4725 .
2120 4662 2361 4737 jusmodi
2403 4662 2635 4738 hymnus
2682 4662 2747 4720 in'
2790 4662 3050 4738 honorem
3083 4662 3210 4717 Jesu
3253 4662 3453 4738 Christi
3500 4678 3530 4715 a
3572 4662 3698 4738 Cle-

442 4663 750 4733 distinguit.
830 4663 935 4719 Sed
1000 4663 1294 4733 Nicephori
1330 4663 1675 4720 sententiam
1728 4663 2019 4720 confirmat

447 4732 826 4789 Theodoretus
855 4735 909 4788 in
950 4735 1044 4790 lib.
1078 4732 1537 4804 tt’HaIrelicarum
1569 4734 1897 4804 fabularum,
1925 4750 2022 4790 ca"

444 4805 554 4927 pne
576 4804 630 4867 5,
659 4805 749 4858 ubi
788 4821 953 4875 agens
988 4806 1056 4860 de
1086 4803 1365 4860 Theodoto
1390 4803 1647 4869 coriario,
1683 4822 1913 4875 eamque
1957 4806 2024 4860 de

444 4907 464 4927 ι
492 4874 635 4927 atale
674 4876 929 4927 eniscono
962 4876 1204 4927 referens
1246 4876 1532 4927 historiam
1576 4892 1739 4927 uuam
1772 4878 1859 4927 hic
1892 4890 2023 4927 nar-

444 4874 635 4945 Natale
674 4874 929 4945 episc0po
962 4876 1204 4931 referens
1246 4876 1532 4931 historiam
1576 4892 1739 4945 quam
1772 4874 1859 4931 hic
1892 4890 2023 4945 nar-

442 4955 530 4999 rat
564 4944 946 5018 Eusebius,ex
987 4946 1127 5001 libro
1149 4947 1241 5016 qui
1271 4945 1474 5000 Parvus
1505 4946 1841 5018 labyrinthus
1880 4944 2022 5000 dici-

446 5027 536 5071 tur
553 5015 709 5086 illam
744 5031 865 5069 esse
886 5016 1259 5086 depromptam
1291 5026 1542 5072 testatur.

516 5085 593 5155 (6)
632 5083 1031 5155 κΘεολογεῖτὰι.
1065 5083 1137 5139 ne
1184 5088 1234 5139 vi
1281 5102 1344 5141 ac
1389 5086 1611 5141 notione
1650 5085 1803 5139 verbi
1846 5083 2027 5138 θεολο-

444 5159 585 5224 γεῖν,
614 5154 831 5226 ιῐγυειίιιο
861 5154 934 5208 Μ.
975 5157 1242 5226 primitus
1275 5158 1543 5226 usurpati,
1580 5156 1778 5210 videsis
1824 5165 2026 5226 nostra:

447 5227 611 5293 hujus
637 5225 989 5280 Bibliotheca,
1016 5236 1148 5280 tom.
1180 5225 1270 5287 Vl,
1304 5228 1359 5280 in
1392 5225 1574 5280 Indice
1601 5226 1812 5281 Graeco.
1869 5225 2024 5278 Alio-

448 5311 571 5349 rum
614 5307 856 5348 veterum
909 5295 1132 5366 Patrum
1187 5299 1467 5366 complura
1497 5298 1625 5366 loca
1674 5297 1728 5348 in
1762 5296 2023 5366 eamdem

446 5366 769 5417 sententiam
813 5366 1019 5433 profert
1061 5363 1330 5421 Svicerus'
1371 5368 1426 5420 in
1473 5365 1624 5421 Thes.
1660 5365 1789 5420 eccl.
1822 5374 1954 5420 tom.
1982 5363 2023 5432 Ι,

446 5447 582 5504 pag._
601 5434 759 5497 1555,
785 5433 812 5504 §
840 5434 894 5488 9..
1519 5503 1523 5504 ν
1809 5502 1833 5504 __
2005 5502 2015 5504 _

485 5449 569 5497 ag.
601 5449 759 5497 meo,
785 5449 812 5497 ς
840 5449 894 5488 z.

445 5447 968 5586 paintﬁhzoi'gs
998 5505 1093 5558 καὶ
1123 5504 1266 5571 ᾠδαὶ
1293 5502 1870 5630 ἀδελφῶνὲἒταρχῆς
1908 5502 2025 5557 ὑπὸ

451 5587 682 5627 πιστων
711 5590 1041 5630 maestam.
1075 5575 1433 5630 Scribeudum
1465 5586 1547 5630 e‘st
1661 5578 1674 5593 '
1724 5577 1918 5630 ἀογης.
1969 5581 2025 5628 ut

451 5572 682 5645 πιστῶν
711 5572 1041 5645 γραφεῖσαι.
1075 5572 1547 5631 εει-ἰϋειιιιιιηϊρει
1579 5572 1674 5630 ἄπ’
1718 5572 1918 5645 ἀρχῆς,
1969 5581 2027 5628 ut

456 5644 617 5714 habet
662 5642 834 5699 cudex
891 5642 1055 5713 Med.,
1120 5646 1282 5709 Fuk.,
1333 5644 1499 5700 Savil.
1549 5656 1603 5700 ct
1666 5642 2021 5714 Nicepliorus.

452 5710 625 5785 Porro
659 5729 725 5785 ex
757 5715 844 5785 his
870 5710 1056 5785 verbis
1076 5724 1297 5785 apparet
1325 5730 1534 5770 morem
1573 5716 1741 5770 fuisse
1759 5710 2027 5784 antiquis-

457 5784 658 5857 simum
681 5784 735 5836 in
759 5782 1023 5850 Ecclesia,
1059 5782 1376 5857 hvmuospt
1399 5787 1636 5857 psalmos
1677 5789 1729 5839 in
1763 5782 2022 5857 honorem

456 5853 660 5910 Christi
706 5867 1054 5925 componere.
1099 5853 1269 5912 'Certe
1299 5853 1507 5913 Plinius
1557 5859 1610 5912 in
1661 5855 1889 5926 epistola
1953 5857 2022 5910 ad

1270 3248 1277 3255 .
2021 3201 2069 3258 11

1208 3334 1263 3359 κ
1921 3288 1999 3348 ιι).
2026 3285 2055 3340 Ι
2062 3282 2169 3338 bid.

499 3376 736 3435 Facinus
786 3387 976 3435 nostra
1026 3388 1186 3437 aetate
1239 3389 1476 3453 gestum,
1526 3380 1717 3447 multis
1771 3378 2073 3442 fratrumc

2188 3379 2521 3451 Ὑπομνήσω
2581 3375 2710 3446 γοῦν
2758 3376 2983 3441 πολλοὺς
3026 3376 3132 3431 τῶν
3175 3376 3416 3446 ἀδελφῶν
3461 3374 3693 3446 πρᾶγμα

2116 3474 2201 3543 ἐφ’
2229 3471 2388 3544 ἡμῶν
2410 3471 2718 3541 γενόμενον
2752 3469 2781 3523 δ
2808 3470 3012 3541 νομίζω
3042 3470 3124 3523 ὅτι
3155 3470 3203 3521 εί
3226 3470 3282 3521 ὲν
3309 3467 3557 3538 Σοδόμοις
3571 3468 3695 3535 ἐγεο

2080 3590 2083 3591 ν
2118 3566 2285 3636 γόνει,
2319 3563 2482 3634 τυχὸν
2525 3562 2593 3617 ἂν
2636 3562 2929 3625 κάκείνους
2958 3561 3294 3633 ἐνουθέτησε.
3327 3559 3593 3623 Νατάλιος
3620 3554 3694 3630 ἦν

2117 3672 2201 3719 τις
2235 3654 2309 3725 (8)
2341 3651 2677 3724 ὁμολογητὴς
2706 3652 2767 3706 ού
2801 3652 2988 3715 πάλαι,
3019 3651 3132 3705 ἀλλ’
3161 3652 3253 3703 ἐπὶ
3282 3650 3389 3704 τῶν
3411 3650 3694 3721 ἡμετέρων

2119 3747 2411 3818 γενόμενος
2461 3745 2669 3817 καιρῶν
2723 3744 2818 3817 (9).
2877 3739 3042 3809 Οὗτος
3098 3744 3354 3814 ἠπατήθη
3411 3743 3539 3795 ποτὲ
3589 3742 3695 3795 ὑπὸ

2132 3837 2579 3909 ’Δσκληπιοδότου
2630 3838 2723 3891 καὶ
2772 3836 2957 3908 ἐτέρου
3006 3835 3262 3890 θεοδότου
3301 3835 3445 3898 τινὸς
3489 3851 3696 3906 τραπε-

2120 3930 2305 3996 ζίτου·
2353 3926 2493 4002 ἦσαν
2537 3930 2593 3983 δὲ
2634 3922 2778 3983 οὗτοι
2823 3930 2988 4000 ἄμφω
3025 3927 3275 3980 Θεοδότου
3316 3926 3409 3980 τοῦ
3455 3926 3695 3988 σκυτέως

2124 4020 2383 4093 μαθηταὶ,
2403 4019 2498 4072 τοῦ
2526 4019 2742 4091 πρώτου
2773 4019 2867 4072 ἐπὶ
2893 4019 3065 4092 ταύτῃ
3088 4021 3154 4090 τῇ
3191 4019 3466 4089 φρονήσει,
3498 4016 3697 4086 μᾶλλον

2119 4113 2176 4166 δὲ
2219 4110 2533 4186 ἀφροσύνῃ,
2569 4112 2956 4184 ἀφορισθέντος
2990 4111 3089 4182 τῆς
3129 4109 3410 4173 κοινωνίας
3457 4108 3562 4162 ὑπὸ
3606 4107 3697 4160 Βί-

2125 4244 2417 4317 Trajanum
2445 4256 2637 4302 auctor
2683 4254 2785 4313 est,
2822 4243 3166 4302 Christianos
3205 4243 3258 4297 in
3287 4258 3458 4317 unum
3490 4256 3695 4317 conve-

2122 4312 2331 4373 nientes
2361 4317 2581 4373 Christo
2615 4312 2845 4388 hymnos
2877 4332 3070 4388 canere
3095 4314 3467 4388 consuevisse.
3502 4312 3575 4388 De
3612 4312 3709 4368 his

2121 4389 2351 4471 psalmis
2372 4397 2427 4442 et
2454 4381 2669 4471 hymnis
2712 4386 3094 4471 intelligendus
3124 4381 3694 4471 videtlurilippolvtus

2122 4453 2176 4511 in
2216 4459 2463 4512 oratione
2494 4453 2569 4511 'de
2611 4453 3081 4512 consummatione
3120 4453 3308 4508 mundi
3346 4453 3447 4506 sub
3479 4453 3639 4505 tinem
3677 4470 3692 4506 :

2120 4528 2195 4581 Τὸ
2235 4529 2409 4598 στόμα
2432 4526 2602 4598 ,ἡμῶν
2639 4527 2775 4598 πρὸς
2806 4523 3112 4598 δοξολογίαν
3145 4522 3240 4598 καὶ
3266 4517 3419 4598 αἶνον.
3440 4522 3533 4598 καὶ
3560 4521 3709 4598 439).-

2488 4530 2602 4598 μῶν
2639 4530 2775 4598 πρὸς
2806 4530 3112 4592 δοξολογίαν
3145 4530 3240 4575 καὶ
3266 4530 3411 4575 αίνον
3440 4530 3533 4575 καὶ
3560 4530 3696 4591 ψαλ-

2413 4530 2558 4668 ιξέδάς
2594 4595 2968 4668 πνευματικὰς
3004 4594 3311 4668 ηὐτρέπισα
3339 4592 3535 4668 λαλεῖν.
3578 4592 3696 4668 [lu—

2126 4733 2307 4792 inente
2333 4733 2696 4791 Aleiandrino
2722 4734 3058 4803 compositus
3089 4741 3268 4787 exstat
3291 4733 3356 4787 ad
3389 4734 3548 4787 finem
3571 4734 3696 4803 ejus

2127 4806 2416 4871 librorum,
2444 4807 2536 4875 qui
2570 4805 2860 4875 Pajdagagi
2882 4804 3281 4875 inscribuntur.

2197 4823 2416 4871 urorum,
2484 4822 2536 4859 ut
2570 4822 2860 4875 ra’aagagt
2891 4822 3281 4859 mscnoumur.

2197 4878 2274 4947 (8)
2311 4822 2606 4943 Νατὲιλιος
2632 4872 2711 4947 ἦν
2738 4893 2850 4942 τις.
2880 4872 3097 4947 Nescio,
3130 4890 3197 4947 an
3224 4873 3316 4947 _hic
3352 4871 3703 4947 sitCaecilius

2126 4941 2355 5013 Natalis,
2384 4946 2503 5017 iqui
2553 4941 2922 5017 disputatione
2962 4943 3179 5017 Octavii
3217 4941 3460 5017 Januarii
3507 4959 3695 4998 coram

2126 5017 2356 5072 Minutio
2380 5013 2559 5071 Felice
2587 5013 2773 5071 Romae
2801 5015 3002 5081 habita,
3038 5014 3104 5068 ad
3141 5013 3340 5068 Christi
3370 5013 3527 5068 ﬁdem
3562 5030 3699 5067 con-

2125 5104 2318 5143 versus
2346 5099 2450 5150 est,
2495 5096 2554 5141 ut
2595 5086 2856 5143 scribitur
2901 5086 2955 5139 in
2989 5086 3204 5154 dialogo
3249 5082 3461 5137 Minutii
3498 5084 3697 5139 Felicis

2129 5158 2272 5229 (cap.
2308 5159 2417 5225 16).
2460 5155 2670 5213 Nomen
2708 5164 2855 5212 certe
2896 5155 3169 5219 convenit,
3203 5166 3257 5209 et
3284 5164 3496 5224 tempus
3528 5164 3699 5224 atque

2128 5228 2416 5299 professio.

2127 5293 2156 5368 Iw
2200 5299 2274 5368 (9)
2337 5296 2461 5351 Ἐπί
2517 5295 2635 5350 τῶν
2684 5294 2985 5368 ἡμετέραν
3041 5293 3277 5368 καιρῴν.
3326 5294 3404 5368 Ad
3459 5293 3697 5347 litteram

2129 5364 2395 5435 Graecam,
2430 5370 2628 5421 nostris
2661 5364 3018 5435 temporibus;
3054 5381 3163 5433 qua
3197 5365 3468 5418 locutione
3495 5380 3554 5417 se
3587 5379 3695 5435 non

2127 5454 2245 5493 rem
2282 5434 2616 5510 praiteritam
2659 5453 2726 5510 ea
2766 5434 3006 5510 aliorum
3038 5436 3298 5489 memoria
3333 5449 3581 5510 narrare,
3602 5434 3697 5490 sed

2128 5505 2439 5573 recentem,
2490 5524 2656 5577 quam
2708 5507 2825 5576 ipse
2856 5507 3043 5577 oculis
3087 5515 3425 5577 perspectam
3448 5573 3471 5577 _
3498 5505 3701 5577 habere

2128 5580 2387 5649 potuerit,
2417 5590 2471 5633 et
2509 5573 2675 5648 quam
2712 5573 2958 5645 proxime
2986 5573 3320 5649 ὤχει-μέτρ’
3356 5573 3512 5649 ἡμῶν
3546 5573 3699 5641 γενό-

2132 5644 2314 5719 μενον,
2365 5644 2553 5704 testari
2582 5644 2767 5719 noster
2806 5644 3333 5719 auctor_sign_ificat_.
3383 5645 3698 5719 Cous-utar2

2130 5713 2327 5789 Epistt.
2357 5719 2509 5773 Rom.
2544 5717 2752 5789 ponti/7'.
2783 5732 2905 5786 pag.
2935 5715 3058 5789 109,
3087 5713 3181 5771 ubi
3226 5714 3538 5787 hujusnwdi
3578 5713 3696 5768 Caii

2130 5787 2496 5862 fragmentum
2521 5787 2575 5845 in
2612 5788 2849 5845 medium
2882 5787 3104 5858 profert.
