4074 6410
396 436 468 489 29
1164 420 1167 423 ’
1879 426 1963 484 FB

2060 429 2323 485 MENTA.
3582 426 3652 483 30

401 565 613 621 κτορος,
638 547 712 612 ὡς
746 545 905 618 ἔφην,
926 510 1032 598 ίτοῦ
1057 543 1179 598 τότε
1213 543 1535 598 ἐπισκόπου.
1562 539 1880 613 Ἀνεπείσθη
1916 540 1963 594 δὲ

2074 540 2405 613 doctrinam,
2431 555 2526 596 seu
2551 540 2734 611 potius
2765 536 3087 597 insaniam’a
3120 536 3361 605 Victore,
3411 548 3471 595 ut
3512 538 3647 603 dixi,

397 643 427 693 ό
461 639 728 703 Νατάλιος
756 640 847 693 ὑπ’
886 638 1066 693 αὐτῶν
1110 638 1204 690 ἐπὶ
1249 636 1492 707 σαλαρίῳ
1532 634 1828 697 ἐπίσκοπος
1860 631 1971 705 (10)

399 732 746 803 κληρωθῆναι
775 731 888 802 (11)
920 729 1120 801 ταύτης
1148 729 1250 801 τῆς
1274 716 1555 801 αἱρέσεως,
1589 726 1731 780 ὥστε
1762 724 1961 796 λαμϐά-

398 838 511 876 νειν
564 823 694 892 παρ’
742 820 921 875 αὐτῶν
974 822 1199 892 μηνιαῖα
1250 819 1481 891 δηνάρια
1526 815 1720 871 ἑκατὸν
1774 814 1973 886 πεντή-

398 931 579 968 κοντα.
637 914 933 985 Γενόμενος
978 909 1071 968 οὖν
1134 912 1230 966 σὺν
1278 912 1461 975 αὐτοῖς
1484 950 1499 975 ,
1561 908 1628 963 δι’
1683 907 1974 982 ὁραμάτων

397 1006 654 1071 πολλάκις
681 1007 1013 1061 ὲνουθετεῖτο
1049 1006 1159 1078 (12)
1210 1004 1313 1058 ὑπὸ
1364 1004 1458 1058 τοῦ
1506 1002 1749 1075 Κυρίου·
1786 1004 1815 1055 ὁ
1864 1000 1972 1072 γὰρ

396 1097 768 1170 εὖσπλαγχνος
812 1099 948 1162 Θεὸς
993 1100 1090 1153 καὶ
1144 1098 1349 1170 Κύριος
1387 1096 1542 1169 ἡμῶν
1590 1093 1798 1165 Ἰησοῦς
1841 1095 1973 1166 Χρι-

397 1189 522 1254 στὸς
566 1188 722 1262 (15),
769 1191 868 1243 οὐκ
912 1189 1162 1244 ἐϐούλετο
1206 1189 1311 1256 ἔξω
1365 1186 1692 1259 Ἐκκλησίας
1742 1184 1989 1264 γενόμετ

394 1297 521 1346 νον,
576 1280 874 1334 ἀπολέσθαι
940 1282 1195 1355 μάρτυρα
1232 1280 1342 1334 τῶν
1394 1279 1539 1333 ἰδίων
1591 1277 1780 1332 παθῶν
1820 1276 1968 1348 (14).

407 1372 556 1426 Ἐπεὶ
586 1373 642 1427 δὲ
674 1372 1043 1447 ῥαθυμότερον
1079 1377 1192 1439 τοῖς
1220 1372 1458 1446 δράμασι
1478 1373 1755 1444 προσεῖχε,
1789 1368 1973 1423 δελεα-

393 1464 619 1537 ζόμενος
660 1448 817 1538 τε
859 1467 988 1539 παρ’
1035 1467 1220 1530 αὐτοῖς
1254 1463 1731 1537 πρωτοκαθεδρίᾳ,
1779 1462 1873 1516 καὶ
1904 1463 1969 1533 τῇ

392 1556 676 1622 πλείστους
731 1558 1072 1630 ἀπολλυούσῃ
1135 1555 1586 1629 αἰσχροκερδείᾳ,
1666 1556 1972 1609 τελευταῖον

392 1646 497 1705 ὑπὸ
524 1648 695 1716 ἁγίων
725 1647 973 1717 ἀγγέλων
1003 1644 1375 1720 ὲμαστιγώθη,
1406 1644 1472 1699 δι’
1500 1644 1629 1716 ὅλης
1653 1644 1753 1714 τῆς
1779 1641 1971 1706 νυκτὸς

389 1739 450 1791 οὐ
481 1738 733 1811 σμικρῶς
772 1738 1071 1802 αἰκισθείςο
1107 1737 1247 1791 ὥστε
1291 1736 1461 1790 ἕωθεν
1507 1735 1839 1806 ἀναστῆναι,
1876 1732 1971 1816 καί
2004 1771 2007 1774 μ

390 1828 749 1905 ὲνδυσόιμενον
787 1829 988 1883 σάκκον
1007 1869 1022 1893 ,
1077 1828 1172 1883 καὶ
1219 1826 1414 1881 σποδὸν
1477 1823 1931 1893 καταπασάμενον
1951 1860 1967 1887 ,

393 1902 531 1992 μετά
556 1919 756 1990 πολλῆς
800 1919 1038 1989 σπουδῆς
1075 1919 1171 1972 καὶ
1209 1916 1463 1990 δακρύων
1502 1916 1831 1987 προσ-πεσεῖν
1874 1914 1969 1966 Ζε-
2000 1902 2042 1959 Β

390 2010 600 2083 φυρίνῳ
635 2010 714 2083 τῷ
764 2011 1079 2083 ὲπισκόπῳ,
1124 2011 1439 2082 κυλιόμενον
1490 2008 1597 2063 ὑπὸ
1644 2008 1772 2073 τοὺς
1800 2007 1966 2071 πόδας

389 2104 449 2158 οὐ
479 2103 638 2176 μόνον
681 2103 790 2157 τῶν
836 2106 893 2158 ὲν
922 2102 1000 2174 τῷ
1037 2102 1246 2177 κλήρῳ,
1294 2101 1430 2157 ἀλλά
1464 2102 1559 2155 καὶ
1589 2100 1697 2154 τῶν
1728 2098 1962 2153 λαῖκῶν·

388 2196 614 2267 συγχέαι
643 2215 704 2250 τε
728 2198 837 2261 τοῖς
867 2196 1093 2268 δάκρυσι
1120 2193 1219 2266 τὴν
1248 2192 1617 2265 εὖσπλαγχνον
1643 2190 1967 2263 Ἐκκλησίαν

385 2288 479 2343 τοῦ
511 2288 803 2360 ὲλεήμονος
834 2286 1071 2359 Χριστοῦ
1092 2304 1106 2318 ·
1126 2271 1308 2358 ⁶πολλῇ
1338 2302 1400 2340 τε
1441 2288 1507 2357 τῇ
1541 2284 1719 2357 δεήσει
1758 2282 1966 2355 χρησά-

389 2393 567 2450 μενον,
608 2376 862 2445 δείξαντά
895 2394 956 2430 τε
990 2377 1127 2441 τοὺς
1157 2375 1428 2448 μώλωπας
1465 2367 1541 2430 ὧν
1574 2374 1789 2446 εἰλήφει
1832 2372 1971 2444 πλη-

385 2468 500 2539 τῶν
527 2468 661 2544 (15),
697 2469 852 2544 μόλις
884 2468 1282 2542 κοινωνηθῆναι
1306 2467 1439 2541 (16).

2075 641 2207 689 tunc
2239 635 2503 705 temporis
2552 634 2808 704 episcopo
2840 634 2909 688 ab
2954 631 3211 688 Ecclesiae
3252 632 3650 688 communione

2073 734 2319 782 remotus
2371 735 2478 781 est.
2518 724 2584 779 Hi
2630 732 3024 796 persuaserunt
3068 721 3268 790 Natali,
3317 733 3378 778 ut
3424 731 3648 791 accepto

2074 820 2277 875 salario
2298 819 2523 875 haeresis
2543 819 2691 873 illius
2716 818 3006 888 episcopus
3036 825 3335 881 crearetur,
3352 829 3412 869 ea
3437 809 3648 870 scilicet

2073 910 2430 973 conditione,
2483 917 2543 963 ut
2601 916 2913 962 menstruos
2969 912 3189 961 centum
3248 903 3645 975 quinquaginta

2072 1001 2329 1056 denarios
2364 1001 2432 1055 ab
2465 1000 2574 1055 illis
2616 999 2909 1068 acciperet.
2955 994 3209 1051 Sociatus
3239 994 3405 1067 igitur
3428 994 3645 1048 illorum
3674 1001 3677 1004 ’

2072 1093 2339 1164 partibus,
2373 1107 2516 1162 saepe
2547 1106 2580 1145 a
2615 1090 2850 1146 Domino
2872 1088 3373 1159 reprehendebatur
3404 1088 3459 1141 in
3487 1085 3644 1142 visis.

2072 1184 2547 1245 Clementissimus
2564 1184 2709 1238 enim
2728 1183 2872 1238 Deus
2889 1199 2954 1238 ac
2978 1182 3240 1238 Dominus
3272 1195 3461 1237 noster
3484 1180 3645 1237 Jesus

2071 1278 2347 1343 Christus,
2378 1292 2502 1332 eum
2530 1277 2625 1347 qui
2668 1276 2988 1346 passionum
3023 1290 3249 1330 suarum
3289 1276 3446 1331 testis
3475 1272 3645 1330 exsti-

2070 1375 2230 1437 terat,
2277 1368 2457 1437 perire
2491 1377 2648 1424 extra
2699 1366 3003 1423 Ecclesiam
3061 1366 3302 1422 nolebat;
3361 1365 3469 1422 Sed
3517 1380 3643 1422 cum

2068 1452 2202 1517 visis
2234 1461 2343 1517 illis
2396 1461 2776 1530 obtemperare
2825 1459 3123 1531 negligeret
3166 1458 3407 1525 Natalis,
3458 1466 3644 1530 utpote

2071 1550 2281 1607 honore
2309 1551 2500 1621 prima:
2525 1550 2668 1621 apud
2694 1550 2818 1605 illos
2845 1550 3011 1616 sedis,
3039 1559 3095 1605 et
3118 1552 3295 1620 turpis
3324 1550 3462 1606 lucri
3493 1550 3642 1621 cupi-

2069 1643 2239 1698 ditate
2284 1642 2436 1716 (qua:
2482 1642 2673 1698 multis
2720 1642 3043 1698 mortalibus
3073 1643 3242 1699 exitio
3283 1643 3395 1715 est)
3431 1643 3642 1699 inesca-

2068 1743 2198 1802 tus,
2244 1737 2461 1792 tandem
2487 1752 2519 1792 a
2554 1737 2763 1791 sanctis
2810 1736 3019 1808 angelis
3077 1751 3176 1807 per
3225 1745 3394 1792 totam
3429 1745 3642 1791 noctem

2070 1828 2255 1901 ﬂagris
2288 1845 2465 1886 caesus
2511 1838 2566 1885 et
2614 1818 2934 1901 gravissime
2972 1828 3292 1884 verberatus
3342 1837 3466 1883 est:
3509 1827 3642 1883 adeo

2071 1929 2134 1977 ut
2160 1922 2339 1993 primo
2369 1921 2611 1977 diluculo
2637 1935 3000 1993 consurgens,
3033 1935 3255 1976 saccum
3295 1919 3556 1984 induerit,
3592 1928 3640 1975 et

2071 2015 2255 2070 cinere
2276 2028 2607 2085 conspersus
2634 2004 2924 2070 confestim
2952 2029 3075 2070 cum
3104 2011 3360 2084 lacrymis
3376 2012 3447 2066 ad
3479 2011 3642 2082 pedes

2073 2104 2367 2176 Zephyrini
2400 2105 2643 2176 episcopi
2676 2120 2798 2161 sese
2842 2104 3126 2174 abjecerit,
3150 2119 3261 2158 non
3302 2103 3479 2158 solum
3533 2094 3640 2157 cle-

2072 2194 2343 2262 ricorum,
2402 2210 2592 2250 verum
2646 2196 2811 2250 etiam
2859 2195 3124 2250 laicorum
3175 2194 3424 2266 vestigiis
3470 2193 3642 2249 advot

2071 2287 2267 2355 lutus;
2328 2296 2382 2343 et
2428 2287 2631 2344 Christi
2679 2289 3049 2345 misericordis
3101 2287 3405 2344 Ecclesiam
3465 2288 3640 2358 ipsam

2073 2394 2291 2450 quoque
2342 2368 2754 2451 misericordem
2811 2381 3033 2437 fletibus
3092 2382 3208 2437 suis
3251 2379 3639 2448 commoverit,

2063 2480 2225 2541 atque
2256 2473 2630 2540 concusserit;
2659 2472 2960 2543 multisque
2989 2474 3245 2544 precibus
3275 2489 3432 2540 usus,
3456 2483 3641 2532 osten-

2062 2562 2139 2619 sis
2163 2563 2343 2629 etiam
2391 2559 2662 2620 vibicibus
2707 2565 2990 2635 plagarum
3033 2579 3170 2635 quas
3194 2566 3511 2637 pertulerat,
3545 2566 3638 2623 vix

2061 2655 2281 2711 tandem
2314 2655 2382 2712 ad
2412 2656 2855 2730 communionem
2893 2656 3168 2718 admissus
3199 2666 3303 2713 est.

1928 2740 1931 2743 ’
1966 2760 2065 2824 “ut.

1884 2858 1963 2931 lo.
1993 2857 2137 2913 Ibid.

458 2961 682 3034 Γραφάς
714 2960 815 3033 μὲν
857 2960 1008 3025 θείας
1050 2960 1270 3030 ἀφόϐως
1308 2961 1825 3035 ρεραδιουργήκασιο
1874 2964 1967 3017 πί-

387 3069 558 3116 στεως
606 3052 663 3106 δὲ
703 3050 939 3125 ἀρχαίας
987 3051 1192 3109 κανόνα
1238 3051 1564 3124 ὴθετήκασι·
1613 3054 1845 3127 Χριστὸν
1892 3054 1961 3108 δὲ

2147 2960 2345 3018 Sacras
2394 2960 2612 3031 quidem
2653 2958 2967 3030 Scripturas
2989 2959 3260 3015 'auoacter
3296 2957 3637 3013 adulterave-

2066 3063 2226 3123 runt,
2261 3053 2550 3126 primitivae
2594 3064 2775 3109 autem
2825 3052 2952 3109 ﬁdei
2998 3052 3244 3122 regulam
3291 3051 3634 3122 reiecerunt,

478 3169 568 3238 10)
589 3168 967 3242 λΕπᾼίσκοπος
990 3166 1303 3242 κληθῆναι.
1328 3167 1705 3242 _ltascriptum
1740 3168 1959 3239 praefert

2064 3170 2329 3242 gellorum
2361 3170 2561 3242 quibus
2580 3169 2836 3242 Natalisa
2867 3170 3071 3242 sanctis
3094 3169 3302 3242 angelis
3329 3183 3506 3242 caesus
3528 3178 3632 3235 est,

456 3170 568 3293 (10)
607 3170 967 3251 Ἐπίσκοπος
990 3170 1303 3249 κληθῆναι.
1340 3170 1415 3221 Ita
1434 3170 1705 3253 scriptum
1740 3170 1953 3252 praefert

385 3255 553 3310 ςοιει
589 3237 822 3307 Regius,
864 3253 955 3310 _cut
980 3246 1283 3310 consentit
1326 3237 1508 3310 [iultnt
1534 3250 1953 3310 interpretatio.

386 3308 493 3379 Sed
523 3318 760 3379 quatuor
801 3307 995 3377 reliqui
1032 3307 1279 3379 codices,
1328 3307 1492 3379 Mam,
1531 3307 1713 3374 Med,
1737 3309 1874 3366 Fuit.
1902 3321 1954 3367 et

390 3377 558 3443 Savil}
590 3379 1106 3450 scriptum_haben_t,
1136 3377 1503 3450 κληρωθῆναι.

456 3449 571 3521 (11)
603 3446 1139 3516 Κλᾱοοωθῆναι.Νοη
1170 3446 1440 3521 displicet,
1467 3449 1613 3518 quod
1638 3449 1961 3521 apudilluli-

384 3518 549 3583 num,
579 3527 978 3589 nominaretur;
1034 3533 1101 3573 ex
1140 3534 1252 3588 quo
1288 3526 1342 3573 et
1388 3518 1556 3589 liquet
1602 3518 1728 3574 eum
1772 3520 1960 3576 Graece

384 3589 581 3661 legisse
604 3588 890 3670 κληθῆναι.
922 3587 1111 3670 Neque
1146 3587 1276 3643 vero
1303 3587 1600 3670 obscurum
1633 3599 1737 3657 est,
1767 3589 1975 3670 _Natali‘

383 3659 585 3714 vanum
630 3659 871 3729 episcopi
910 3659 1037 3729 sine,
1074 3673 1388 3729 renomen
1441 3659 1711 3714 indultum
1763 3660 1955 3723 fuisse,

387 3746 511 3784 cum
539 3744 649 3784 non
668 3728 829 3785 esset
849 3730 990 3800 inter
1007 3728 1129 3784 illos
1150 3728 1439 3800 haereticos
1462 3730 1755 3799 episcopus
1784 3732 1878 3800 qui
1905 3733 1954 3786 ei

391 3800 791 3873 ordinationem
828 3798 1077 3873 conferre
1124 3808 1330 3873 posset.
1387 3798 1526 3854 Hinc
1569 3798 1675 3854 non
1724 3798 1957 3873 alicujus

387 3870 563 3941 urbis,
594 3869 689 3926 sed
720 3868 1109 3941 [1181'985871'111'118
1126 3867 1433 3941 episcopus
1458 3880 1819 3941 nuncupatus
1850 3867 1954 3927 est.

384 3940 654 4013 Quocirca
679 3949 733 3994 et
755 3939 1127 4013 _infrudicitur
1151 3939 1324 4013 prima
1357 3940 1609 4013 cathedra
1637 3939 1952 4013 insignitus,

384 4026 495 4065 non
522 4011 650 4080 quia
682 4010 953 4081 episcopis
1004 4008 1299 4078 aliquibus,
1326 4011 1420 4067 sed
1446 4011 1577 4081 quia
1620 4012 1719 4067 toti
1751 4008 1954 4069 haeresi

384 4079 715 4151 praesideret.
747 4079 1057 4151 Consum.

457 4148 576 4220 (12)
608 4150 686 4202 Δι’
718 4148 1116 4220 ὀραμάτων....
1142 4150 1529 4205 ἐνουθετεῒτο.
1576 4149 1805 4206 Ruﬁnus
1833 4166 1957 4206 ver-

384 4217 475 4285 tit,
508 4217 891 4273 admonebatur
926 4220 982 4272 in
1006 4221 1245 4275 somniis.
1278 4219 1527 4277 Valesius
1573 4237 1736 4285 vero,
1787 4222 1957 4275 corri-

383 4289 980 4361 piebaturinsomnis;
1023 4297 1078 4361 et
1117 4290 1282 4356 infra,
1337 4291 1428 4344 sed
1487 4308 1605 4346 cum
1664 4301 1952 4361 nocturnas

381 4359 652 4431 ejusmodi
676 4359 913 4431 risiones
958 4360 1273 4431 negligeret;
1305 4374 1415 4431 quo
1455 4361 1510 4431 in
1556 4362 1677 4418 loco
1725 4360 1954 4417 Ruﬁnus

384 4429 494 4484 non
530 4429 737 4502 addidit
765 4429 1072 4502 nocturnas.
1096 4429 1163 4502 In
1207 4429 1439 4500 utroque
1482 4429 1607 4487 loco
1635 4431 1841 4502 placuit
1865 4432 1957 4486 lit-

385 4511 513 4555 tera:
537 4499 739 4556 Graecae
763 4500 1059 4567 adhaerere,
1091 4501 1146 4555 in
1187 4516 1295 4570 qua
1331 4499 1466 4556 nihil
1497 4512 1601 4567 est,
1635 4499 1955 4560 unde.som-'

383 4571 630 4625 niantine
647 4585 723 4643 _an
774 4569 1018 4643 vigilanti
1048 4572 1163 4643 haec
1185 4571 1301 4643 visa
1350 4575 1572 4643 ostensa
1600 4572 1730 4643 sint,
1767 4573 1949 4643 conje-

383 4621 625 4695 genus:
647 4621 762 4695 iis.
790 4621 1329 4697 Ῥῖίιὶῖιξὰἰῐιῖιιζῖη
1357 4621 1572 4696 ίέᾧὲᾶἷ
1601 4621 1950 4697 asservare
1983 4621 2025 4676 ο

381 4710 586 4834 ὅραμα,
611 4724 722 4780 quo
742 4719 1057 4764 constanter
1077 4713 1248 4766 utitur
1278 4721 1463 4766 noster
1484 4721 1697 4774 auctor,
1726 4711 1793 4767 de
1819 4712 1951 4767 visis

383 4781 488 4834 viai
514 4782 723 4834 antium
745 4781 966 4834 nronrie
997 4780 1124 4834 dici.
1154 4780 1232 4834 In.
1254 4810 1325 4822 --
1347 4780 1423 4834 De
1449 4782 1764 4834 huiusmodi
1792 4782 1946 4834 visis.

383 4780 723 4851 vigilantium
745 4781 966 4851 proprie
997 4780 1124 4836 dici.
1154 4780 1232 4836 In.
1254 4810 1325 4822 --
1347 4780 1423 4836 De
1449 4782 1764 4851 hujusmodi
1792 4782 1946 4849 visis,

382 4848 885 4920 ex‘probatiss'imis
918 4848 1176 4907 Ecclesia:
1215 4848 1586 4907 monumeniis
1626 4848 1953 4922 antiquiori;

383 4920 486 4974 bus
499 4922 781 4978 complura
806 4921 1011 4978 profert
1038 4918 1284 4978 exempla
1314 4921 1624 4978 Dodwe‘llus
1640 4921 1863 4978 Dissert.
1892 4923 1950 4978 4.

422 4936 781 4990 uscomptura
805 4936 1011 4990 prorert
1038 4936 1284 4990 exempla
1314 4936 1624 4978 uoaweuus
1640 4936 1863 4979 mssert.

383 4939 781 4990 nuscomptura
805 4939 1011 4990 prorert
1038 4939 1284 4993 exempla
1314 4939 1624 4978 uoaweuus
1640 4939 1863 4979 mssert.
1892 4939 1950 4992 4,

383 4989 661 5059 Cyprium,
683 5006 807 5062 pag.
830 4991 896 5045 37
922 5006 1103 5062 seqq._
1522 5061 1529 5062 ί

454 5061 567 5137 (15)
610 5059 1230 5137 Qech...I._XL—Nemo
1266 5061 1605 5137 digeritpei
1644 5077 1839 5137 nomen
1881 5061 1946 5137 (_a

385 5129 520 5202 Caio
545 5132 637 5202 qui
659 5131 971 5186 Artemonis
992 5133 1239 5188 haeresim
1264 5134 1497 5201 refutat)
1527 5133 1618 5190 hic
1656 5129 1951 5202 imprOprie

382 5199 602 5255 Christo
624 5202 876 5257 attribui:
898 5202 1164 5270 siquidem
1190 5204 1341 5258 illum
1365 5205 1434 5258 ab
1459 5199 1752 5258 Artemona
1777 5199 1948 5259 Deum

381 5271 570 5342 negari
600 5287 706 5326 non
730 5273 952 5341 patitur,
980 5289 1141 5342 quem
1165 5289 1197 5328 a
1223 5275 1547 5342 majoribus,
1561 5283 1749 5328 contra
1778 5273 1951 5329 haere-

382 5341 473 5411 tici
507 5342 669 5411 hujus
698 5341 1011 5409 mendacia,
1033 5342 1206 5398 Deum
1247 5341 1518 5400 asSertum
1552 5358 1694 5409 esse,
1723 5342 1947 5410 Justini,

378 5409 670 5475 Miltiadis,
698 5411 945 5483 Tatiani,
992 5412 1323 5483 Clementis,
1352 5414 1543 5471 lrenaei
1586 5423 1639 5469 et
1679 5414 1949 5472 Melitonis

377 5484 601 5551 scriptis
629 5483 846 5538 evincit.
880 5482 1193 5539 Consum.

448 5553 562 5625 (14)
593 5552 876 5623 Μάρτυρα
901 5553 1024 5608 τῶν
1048 5554 1213 5625 ιδίων
1242 5554 1466 5610 παθῶν.
1485 5553 1640 5624 Apud
1668 5553 1945 5621 Ruﬁnum,

378 5623 666 5746 :nartyriem
691 5640 845 5678 suum
873 5625 962 5694 qui
990 5623 1091 5678 sibi
1120 5626 1177 5678 in
1205 5624 1386 5681 multis
1417 5623 1757 5696 pass’ionibus
1783 5630 1950 5682 exsti-

400 5704 534 5746 erat.
591 5711 645 5746 n.

378 5702 534 5748 terat.
569 5702 645 5750 in.

451 5764 580 5836 (15f
602 5765 913 5830 Μώλωπιις
959 5757 1049 5818 ὧν
1092 5763 1327 5833 εἰλήφει
1381 5766 1650 5836 πληγῶν.
1700 5764 1949 5823 Valesius

376 5844 501 5959 post
550 5833 807 5891 Rnlinum
838 5836 1076 5898 addidit,
1116 5851 1212 5918 pro
1244 5836 1446 5891 Christi
1505 5833 1851 5920 confessione.
1884 5837 1950 5892 Et

395 5922 466 5959 nc
506 5904 823 5959 haerendum
854 5907 1045 5959 Graeco
1082 5906 1376 5959 duxrmus:
1418 5923 1655 5959 maxime
1693 5924 1817 5959 cum
1852 5908 1947 5959 lla-

395 5904 466 5963 iic
506 5904 823 5964 haerendum
854 5907 1045 5963 Graeco
1082 5906 1376 5964 duximus:
1417 5904 1655 5967 maxime
1693 5924 1817 5964 cum
1852 5908 1947 5965 lla-

2067 3239 2316 3310 proxima
2353 3239 2578 3304 mentio,
2610 3241 2795 3311 plagas
2822 3255 2920 3311 pro
2947 3239 3151 3311 Christi
3178 3239 3501 3294 desertione
3531 3253 3636 3311 po-

2064 3308 2208 3375 iius,
2255 3326 2418 3381 quam
2482 3327 2576 3380 pro
2611 3308 2839 3365 Christi~
2862 3310 3186 3381 confessione
3218 3321 3470 3379 acceptas
3492 3347 3508 3373 ,
3544 3308 3634 3365 hic

2061 3381 2286 3452 intelligi
2314 3382 2570 3451 postulet.
2599 3381 2675 3436 lo.
2797 3446 2823 3452 μ
2883 3426 2896 3440 .

2096 3498 2097 3505 η
2132 3446 2263 3524 (16f
2278 3446 2465 3524 111thc
2492 3446 2941 3524 κοινωνηθῆναι.
2965 3448 3312 3524 jluju_stnod_i
3344 3448 3632 3520 indulgen-

2060 3520 2275 3577 tia'non
2309 3522 2481 3576 solum
2517 3522 2587 3576 iis
2614 3522 2707 3590 qui
2738 3537 2769 3576 a
2801 3520 3068 3576 catholica
3112 3520 3217 3574 fide
3251 3520 3634 3576 abscesserunt

2058 3603 2113 3646 et
2141 3592 2210 3648 ad
2258 3608 2378 3647 eam
2415 3593 2762 3661 postmodum
2796 3591 3118 3661 redierant,
3158 3590 3263 3661 sed,
3309 3600 3365 3644 et
3397 3591 3630 3647 minchis

2060 3662 2449 3785 Emnitentibus
2476 3663 2770 3743 impertita,
2790 3660 3123 3742 Tertulliano
3147 3660 3301 3714 valde
3327 3661 3628 3742 displicuit.

2108 3749 2193 3785 am
2216 3733 2285 3785 ob
2309 3747 2529 3785 causam
2559 3748 2614 3785 in
2643 3733 2736 3785 lib.
2762 3732 2838 3785 De
2857 3732 3105 3785 audiat“
3128 3730 3293 3785 n.15.
3311 3745 3628 3785 enlsconum

2108 3749 2193 3786 am
2216 3733 2285 3787 ob
2309 3747 2529 3787 causam
2559 3730 2614 3785 in
2643 3733 2736 3786 lib.
2762 3732 2838 3785 De
2856 3732 3105 3800 pudicit.,
3128 3730 3293 3800 n.15,
3311 3732 3632 3800 episcopum

2059 3802 2218 3872 cujus
2250 3818 2446 3857 nomen
2507 3802 2721 3866 reticet,
2787 3799 2865 3856 sic
2917 3801 3172 3872 sugillat;
3212 3799 3281 3853 Et
3336 3813 3391 3853 tu
3419 3799 3631 3872 quidem

2055 3870 2418 3941 painitentiam
2449 3872 2637 3925 mwchi
2686 3872 2756 3925 ad
2788 3870 3112 3941 exorandam
3144 3870 3537 3940 fraternitatem
3567 3872 3625 3925 in

2058 3940 2334 3997 ecclesiam
2380 3942 2653 4008 inducens,
2693 3940 3077 3994 conciliciatum
3120 3950 3169 3994 et
3197 3942 3624 4007 concineratum,

2057 4029 2178 4066 cum
2211 4012 2461 4066 dedecore
2489 4020 2545 4081 et
2586 4013 2804 4067 horrore
2832 4014 3198 4081 compositum,
3239 4013 3528 4081 prosternis
3571 4015 3629 4069 in

2057 4082 2286 4136 medium
2312 4092 2436 4135 ante
2463 4080 2672 4147 viduas,
2702 4090 2825 4135 ante
2851 4080 3201 4151 presbyteros,
3236 4080 3467 4136 omnium
3492 4082 3628 4139 laci-

2055 4154 2173 4206 nias
2203 4152 2554 4219 invadentem,
2595 4153 2831 4223 omnium
2852 4149 3089 4219 uestigia
3127 4149 3475 4223 lambentem,
3511 4171 3626 4209 om-

2055 4224 2205 4277 nium
2235 4239 2403 4293 genua
2434 4221 3117 4293 detinentent;_inque_eum
3147 4221 3373 4293 nominis
3397 4224 3621 4290 exitum,

2056 4287 2458 4364 quantispotes
2504 4287 2892 4364 misericordia!
2924 4287 3208 4364 illecebris,
3244 4291 3409 4347 bonus
3441 4287 3625 4364 pastor

2054 4360 2102 4416 et
2138 4362 2438 4416 benedictus
2468 4377 2606 4431 papa
2650 4360 3005 4424 concionaris,
3037 4370 3086 4413 et
3120 4361 3175 4416 in
3221 4360 3478 4431 parabol'a
3512 4367 3623 4420 ovis

2055 4448 2243 4506 capras
2290 4441 2411 4506 tuas
2457 4432 2649 4506 quaeris
2676 4472 2718 4506 ,_
2745 4441 2852 4506 _tua_
2879 4432 3088 4506 ovisne
3132 4449 3317 4506 rursus
3360 4435 3425 4488 de
3472 4451 3624 4506 grege

2053 4500 2290 4556 exsiliat.
2325 4500 2660 4568 Quaa‘verba
2706 4501 2794 4555 hic
2822 4500 3129 4556 describere
3162 4505 3341 4558 visum
3382 4500 3622 4560 est'ndn

2054 4580 2266 4645 tantum
2313 4574 2392 4645 ob_
2418 4572 2835 4645 consensionem
2877 4571 3092 4625 illorum
3134 4589 3258 4628 cum
3305 4576 3372 4630 iis
3405 4590 3526 4645 qua:
3556 4577 3622 4640 (ει

2053 4642 2219 4714 Caio)
2242 4643 2487 4711 proxime
2515 4643 2682 4714 relata
2706 4651 2852 4714 sunt,
2886 4652 2979 4696 aut
3004 4653 3062 4695 ut
3087 4657 3150 4698 ea
3181 4659 3300 4712 quae
3329 4642 3459 4700 tunc
3483 4655 3622 4700 tem-

2052 4714 2204 4784 poris
2226 4714 2371 4767 circa
2410 4713 2755 4784 poenitentcs
2777 4713 2979 4783 vigeret
3012 4713 3320 4784 disciplina,
3366 4716 3620 4784 exemplo

2053 4783 2226 4838 altero
2259 4785 2568 4854 firmaretur
2598 4798 2613 4835 :
2668 4783 2841 4854 sedet
2884 4784 3121 4854 _maxime
3154 4783 3291 4854 quia
3334 4783 3616 4852 nonnulli,

2052 4854 2488 4922 nominatimque
2511 4852 2838 4907 Paschasius
2868 4852 3197 4918 Quesnellus
3229 4857 3458 4912 Dissert.
3496 4857 3519 4910 1
3554 4856 3620 4910 de

2051 4925 2163 4977 vita
2184 4933 2240 4998 _et
2271 4925 2432 4998 ges_tis
2463 4922 2676 4998 Leonis,
2700 4938 2819 4998 cap.
2845 4924 2935 4998 12,
2966 4940 3023 4979 n.
3048 4925 3111 4998 ﬁ,
3145 4943 3339 4998 papam
3362 4928 3515 4982 illum
3551 4927 3619 4980 de

2051 5009 2161 5063 quo
2184 4992 2299 5048 haec
2331 4992 2701 5070 Tertullianus
2727 4994 3022 5070 eloquitur,
3046 4992 3411 5070 Zephjrinnm
3449 4998 3617 5070 inter-

2051 5062 2356 5135 pretantur.
2378 5062 2456 5117 De
2475 5062 2849 5135 ipsoqnoque
2870 5062 3139 5135 Baronius
3169 5062 3234 5123 ad
3260 5083 3462 5123 annum
3485 5065 3613 5131 9.16,

2050 5133 2109 5206 ii.
2142 5134 2197 5206 4,
2231 5135 2436 5189 dictum
2471 5134 2720 5206 intelligit
2751 5133 2880 5188 illud
2923 5135 3165 5204 ejusdem
3198 5139 3287 5192 lib.
3318 5153 3358 5202 ι,
3400 5152 3518 5206 cap.
3547 5137 3568 5188 1
3598 5154 3612 5191 ι

2047 5204 2224 5257 Audio
2270 5207 2431 5283 etiam
2475 5203 2844 5283 edictam_esse
2881 5208 3260 5283 _propqsitum,
3310 5218 3359 5260 et
3406 5203 3616 5283 quidem

2047 5276 2455 5348 peremptorium
2481 5290 2500 5328 :
2551 5274 2788 5344 pontifex
2816 5274 3013 5330 scilicet
3048 5274 3320 5348 iunximus
3360 5274 3497 5348 quod
3537 5284 3615 5330 est

2048 5346 2321 5417 episcopus
2361 5345 2755 5417 episcoporum,
2790 5348 2994 5401 edicit:
3039 5346 3159 5417 Ego
3195 5357 3244 5401 et
3288 5345 3521 5401 niteo/tia:
3565 5354 3615 5399 et

2048 5415 2422 5538 gmicationis
2471 5415 2666 5468 delicta
2689 5455 2704 5480 ,
2762 5417 3069 5486 paenitentia
3094 5415 3103 5417 ἡ
3134 5416 3331 5486 functis
3378 5418 3612 5470 dimitto.

2099 5500 2237 5538 eaue
2260 5486 2577 5538 ambiauum
2607 5493 2709 5538 est.
2727 5490 2861 5538 quin
2884 5489 2929 5538 si
2959 5489 3247 5538 denotatur
3269 5487 3612 5538 Zenhvrinus

2099 5500 2237 5559 eque
2260 5486 2577 5559 ambiguum
2592 5493 2709 5559 est,
2727 5490 2861 5555 quin
2884 5489 2929 5541 si
2959 5489 3247 5543 denotatur
3269 5487 3613 5559 Zephyrinus

2050 5555 2137 5610 his
2162 5571 2283 5625 cap.
2305 5556 2329 5609 1
2355 5557 2559 5628 verbis,
2590 5556 2734 5609 idem
2759 5572 2981 5626 quoque
3000 5555 3377 5628 superioribus
3399 5555 3520 5626 cap.
3546 5555 3615 5608 15

2049 5624 2323 5699 carpatur.
2356 5624 2473 5680 Non
2519 5626 2717 5699 desunt
2753 5624 2935 5682 tamen
2977 5624 3084 5698 qui
3100 5639 3392 5699 utrumque
3434 5624 3613 5682 locum

2049 5697 2116 5767 ad
2164 5697 2483 5765 episcopum
2518 5695 3026 5767 Carthaginiensem
3069 5695 3337 5766 referant;
3387 5699 3524 5753 adeo
3552 5702 3616 5749 ut

2048 5765 2096 5819 is
2128 5781 2223 5836 per
2246 5767 2719 5836 exaggerationem
2733 5765 3084 5836 'Tertulliano
3127 5784 3236 5822 non
3269 5765 3615 5827 insolentem.

2047 5835 2284 5908 pontifea:
2315 5835 2580 5891 maximus
2616 5836 2794 5895 dictus
2829 5841 2901 5895 sit
2939 5847 2994 5895 et
3033 5839 3306 5908 episcopus
3350 5839 3615 5905 episcopo-

2051 5902 2421 5963 ἐοικέναι-[ιω
2466 5908 2579 5965 sive
2613 5909 2676 5974 is,
2715 5911 2829 5966 sive
2858 5909 3039 5981 quivis
3060 5902 3222 5964 'alius
3267 5902 3618 5976 intelligatur,
