4074 6414
490 303 560 357 55
1747 301 1987 359 JULlUS
2024 300 2434 358 AFRICANUS.
3658 300 3727 353 56

490 415 606 470 suis
638 413 880 485 proferat
927 415 1112 471 dicens
1163 415 1217 470 in
1261 415 1556 484 semetipso
1598 435 1611 468 :

491 505 658 558 oculis
691 507 908 570 nostris,
947 515 996 558 et
1040 505 1257 558 auribus
1287 505 1606 568 audivimus,
1653 514 1702 556 et
1732 519 1917 556 manus
1959 519 2052 555 no-

491 607 616 648 stra:
644 596 1010 664 palpaverunt,
1047 595 1156 648 htrt:
1178 596 1502 663 scripsimus.
1543 593 1632 648 Sic
1659 594 1802 647 enim
1836 610 1940 646 non
1967 609 2055 649 so-

492 685 604 738 lum
639 686 899 746 visorem,
923 685 1014 737 sed
1049 684 1372 748 auditorem,
1395 684 1487 737 sed
1513 692 1565 735 et
1598 683 1917 751 scriptorem
1937 696 2058 736 om-

492 777 641 829 nium
677 775 1008 829 mirabilium
1045 775 1254 827 Domini
1283 791 1375 843 per
1400 774 1646 827 ordinem
1677 774 1979 843 proﬁtetur.

563 867 625 918 ll.
658 869 790 920 Acta
823 875 1000 919 autem
1036 867 1276 917 omnium
1311 865 1668 933 apostolorum
1708 865 1811 918 sub
1845 879 1955 918 uno
1990 864 2057 918 li-

492 958 591 1009 bro
624 957 823 1026 scripta
856 965 981 1009 sunt
1025 954 1198 1006 Lucas
1250 955 1452 1023 optime
1490 953 1768 1022 Theophile
1804 970 2053 1024 compre-

499 1048 706 1108 hendit.
736 1048 860 1116 quia
887 1047 986 1099 sub
1014 1046 1300 1114 przcsentia
1329 1045 1448 1114 ejus
1471 1047 1682 1115 singula
1707 1046 2054 1114 gerebantur,

492 1138 634 1190 sicut
662 1147 714 1189 et
745 1143 951 1188 semote
976 1135 1289 1203 passionem
1318 1133 1465 1188 Petri
1498 1134 1771 1188 evidenter
1795 1135 2054 1200 declarat,

490 1229 580 1282 sed
615 1225 1001 1296 profectionem
1045 1225 1199 1280 Pauli
1230 1226 1298 1280 ab
1333 1224 1476 1281 Urbe
1506 1225 1574 1279 ad
1606 1224 1864 1296 Spaniam
1893 1228 2056 1295 proli-

493 1322 774 1375 cisceutis.

558 1411 650 1464 lli.
691 1409 929 1479 Epistola
969 1418 1148 1464 autem
1182 1407 1364 1472 Pauli,
1399 1424 1539 1478 quae,
1569 1423 1600 1462 a
1634 1425 1743 1478 quo
1786 1409 1942 1475 loco,
1972 1408 2058 1464 vel

486 1518 594 1571 qua
622 1517 686 1554 ex
719 1517 885 1555 causa
917 1501 1118 1554 directe
1151 1501 1279 1563 sint,
1333 1499 1706 1554 voluntatibus
1733 1500 2054 1570 intelligere,

488 1595 603 1665 ipse
629 1595 924 1648 declarant.
951 1593 1192 1646 Primum
1222 1594 1466 1646 omnium
1486 1592 1792 1647 Corinthiis
1816 1595 2056 1648 sehisma

487 1686 713 1739 hreresis
746 1687 1095 1750 interdicens,
1143 1686 1335 1740 deinde
1367 1685 1623 1741 Callactis
1676 1686 2054 1741 circumcisio-

1663 412 1794 479 Qute
1829 413 2052 467 vidimus
2085 419 2125 473 Α
2155 414 2341 468 orbem
2391 423 2546 468 terra:
2593 411 2831 467 Ecclesia
2869 410 3063 465 ditlusa
3115 425 3234 465 esse
3265 409 3605 466 denoscitur.
3658 410 3730 467 Et

2157 503 2432 559 Johannes
2463 505 2608 558 enim
2643 505 2698 557 in
2730 502 3051 572 Apocalypsi
3081 503 3207 557 licet
3239 513 3445 572 septem
3471 505 3722 560 ecclesiis

2158 592 2386 655 scribat,
2423 601 2602 645 tamen
2638 592 2894 645 omnibus
2924 592 3072 646 dicit.
3112 593 3306 646 Verum
3337 593 3406 644 ad
3449 592 3724 646 Philemo-

2157 700 2271 736 nem
2299 698 2433 745 una,
2465 693 2519 737 et
2551 684 2618 736 ad
2657 682 2834 737 Titum
2864 699 2992 749 una,
3026 693 3080 737 et
3119 684 3187 736 ad
3225 683 3553 738 Timotheum
3587 687 3725 741 duas

2157 790 2256 844 pro
2289 773 2485 826 all'ectu
2527 783 2582 827 et
2610 774 2931 839 dilectione;
2980 775 3033 828 in
3069 775 3275 829 honore
3321 784 3498 829 tamen
3539 775 3726 831 Eccle-

2158 866 2253 919 sia:
2295 865 2598 929 catholica,
2641 865 2701 932 in
2749 864 3092 919 ordinatione
3139 866 3524 920 ecclesiasticae
3557 867 3724 920 disiti-

2157 957 2317 1026 plina:
2349 955 2704 1011 sanctiﬁcata:
2728 965 2874 1010 sunt.
2907 955 3100 1010 Fertur
3131 959 3295 1010 etiam
3321 958 3388 1010 ad
3418 956 3725 1010 Laudecen—

2157 1060 2260 1110 ses,
2293 1044 2398 1097 alia
2429 1045 2494 1097 ad
2528 1045 2917 1097 Alexandrinos
2946 1045 3099 1099 Pauli
3125 1047 3341 1101 nomine
3369 1047 3507 1101 ﬁcta:
3523 1048 3588 1100 ad
3617 1048 3725 1102 bte-

2158 1151 2330 1189 rescm
2363 1135 2686 1202 Marcionis;
2718 1146 2772 1191 et
2814 1137 2918 1191 alia
2961 1138 3116 1206 plura
3148 1155 3270 1208 qua:
3301 1138 3354 1192 in
3398 1139 3722 1193 catholicam

2157 1224 2459 1282 Ecclesiam
2497 1229 2663 1298 recipi
2710 1245 2818 1283 non
2846 1239 3042 1300 potest.
3078 1229 3172 1286 Fel
3209 1232 3355 1285 enim
3397 1246 3521 1286 cum
3565 1232 3800 1294 mel|e_..

2157 1319 2376 1374 misceri
2410 1336 2516 1373 non
2549 1323 2822 1391 congruit.

2228 1411 2318 1466 ιν.
2357 1411 2600 1481 Epistola
2628 1428 2757 1467 sane
2787 1411 2964 1478 Judte,
2993 1423 3047 1466 et
3080 1414 3430 1482 superscripti
3463 1412 3722 1467 Johannis

2155 1502 2290 1555 duas
2321 1503 2374 1556 in
2408 1501 2684 1555 Catholica
2717 1502 3003 1556 habentur.
3039 1499 3105 1554 Et
3136 1502 3408 1570 Sapientia
3435 1503 3504 1555 ab
3529 1500 3723 1555 amicis

2156 1593 2458 1649 Salomonis
2498 1595 2553 1648 in
2590 1594 2853 1648 honorem
2901 1595 3074 1663 ipsius
3113 1595 3335 1663 scripta.
3377 1593 3721 1662 Apocalypsis

2156 1689 2319 1742 etiam
2349 1686 2612 1740 Johannis
2648 1701 2700 1740 et
2729 1686 2898 1763 Petri,
2932 1696 3144 1740 tantum
3193 1687 3508 1755 recipimus,
3557 1700 3721 1754 quam

487 1793 636 1830 nem.
674 1777 934 1831 Romanis
968 1789 1147 1831 autem
1195 1777 1387 1832 ordine
1419 1777 1849 1848 Scripturarum,
1877 1778 1970 1832 sed
2005 1786 2058 1833 et
2087 1771 2132 1829 Β
2158 1781 2378 1851 quidam
2399 1796 2465 1835 ex
2488 1779 2812 1848 nostrislegi
2846 1779 2898 1832 in
2931 1777 3166 1831 Ecclesia
3201 1779 3411 1831 nolunt.
3446 1776 3723 1828 Pastorem

486 1867 815 1936 principium
858 1883 1044 1922 earum
1088 1885 1208 1924 esse
1256 1869 1536 1924 Christum
1588 1871 1880 1936 intimans,
1926 1885 2054 1941 pro-

488 1958 652 2011 lixius
679 1958 917 2027 scripsit,
951 1960 1017 2012 de
1043 1961 1242 2028 quibus
1276 1960 1505 2031 singulis
1535 1976 1759 2016 necesse
1788 1971 1869 2017 est
1893 1978 1922 2016 a
1952 1977 2054 2016 no-

486 2047 572 2102 bis
621 2049 920 2117 disputari;
968 2064 1092 2103 cum
1129 2049 1244 2120 ipse
1288 2050 1480 2106 beatus
1521 2050 1803 2120 apostolus
1851 2050 2054 2107 Paulus

489 2155 726 2208 sequens
759 2142 1176 2210 prmdecessoris
1204 2142 1289 2196 sui
1325 2141 1588 2198 Johannis
1621 2144 1890 2210 ordinem,
1917 2160 2058 2199 non-

486 2229 592 2283 nisi
622 2231 942 2285 nominatim
971 2241 1174 2301 septem
1193 2233 1452 2288 Ecclesiis
1479 2233 1682 2288 scribat
1715 2235 1905 2288 ordine
1934 2235 2053 2289 tali:

486 2319 568 2371 Ad
602 2318 900 2374 Corinthios
930 2323 1124 2390 prima,
1160 2321 1228 2372 ad
1260 2321 1510 2391 Ephesios
1535 2323 1797 2390 secunda,
1825 2328 1896 2377 ad
1922 2325 2054 2378 Phi-

486 2410 742 2480 lippenses
786 2414 966 2478 tertia,
1003 2415 1070 2466 ad
1116 2414 1446 2470 Colossenses
1480 2426 1694 2485 quarta,
1725 2417 1793 2469 ad
1831 2415 2052 2471 Galatas

486 2501 696 2569 quinta,
732 2503 800 2555 ad
833 2501 1312 2558 Thessalonicenses
1346 2513 1519 2567 sexta,
1555 2505 1624 2558 ad
1670 2505 1934 2560 Romanos
1968 2521 2051 2562 se-

487 2591 676 2658 ptima.
714 2591 913 2647 Verum
945 2593 1240 2650 Corinthiis
1271 2605 1324 2652 et
1352 2594 1896 2652 Tessalonicensibus
1921 2598 2046 2652 licet

485 2694 584 2748 pro
625 2684 967 2741 correbtione
1013 2684 1258 2750 iteretur,
1309 2703 1416 2741 una
1468 2696 1648 2741 tamen
1695 2703 1791 2758 per
1829 2703 2048 2744 omnem

2158 1886 2288 1926 νει-ο
2317 1887 2618 1926 NUPEBRIME
2669 1885 2999 1924 TEIPOBIBI'S
3039 1884 3262 1923 NOSTRIS
3297 1869 3350 1921 ill
3383 1867 3515 1921 urbe
3549 1865 3722 1919 Roma

2160 1961 2361 2016 Herma
2404 1963 2752 2031 conscripsit,
2785 1961 3008 2015 sedente
3049 1960 3306 2014 cathedra
3349 1959 3501 2012 urbis
3538 1957 3724 2010 Romae

2159 2050 2417 2106 Ecclesia:
2447 2050 2544 2104 Pio
2574 2053 2830 2120 episcopo
2864 2050 3029 2103 fratre
3053 2049 3192 2118 ejus.
3225 2047 3290 2101 Et
3321 2048 3441 2100 ideo
3472 2046 3573 2115 legi
3597 2062 3720 2100 eum

2157 2143 2376 2212 quidem
2405 2151 2650 2211 oportet;
2685 2157 2741 2196 se
2783 2141 3060 2210 publicare
3089 2154 3219 2194 vero
3256 2142 3309 2192 in
3343 2137 3585 2192 Ecclesia
3621 2152 3722 2206 po-

2157 2235 2310 2305 pulo,
2344 2248 2520 2303 neque
2553 2234 2694 2286 inter
2742 2232 3033 2301 prophetas
3081 2229 3410 2298 completum
3457 2243 3720 2287 numero.

2156 2341 2331 2395 neque
2364 2326 2504 2378 inter
2550 2325 2827 2394 apostolos
2874 2323 2929 2377 in
2972 2322 3130 2376 ﬁnem
3179 2331 3484 2390 temporum
3523 2329 3718 2388 potest.

2153 2417 2370 2470 Arsinoi
2395 2426 2576 2470 autem
2606 2432 2700 2471 seu
2747 2415 3034 2479 Valentini,
3075 2415 3157 2468 vel
3188 2413 3448 2466 Miltiadis
3482 2413 3616 2465 nihil
3661 2411 3714 2464 in

2153 2515 2329 2562 totum
2358 2509 2683 2577 recipimus;
2717 2508 2810 2578 qui
2837 2507 3000 2562 etiam
3040 2522 3242 2560 novum
3284 2504 3622 2560 Psalmorum
3653 2503 3720 2554 li-

2155 2599 2305 2652 brum
2337 2601 2600 2656 Marcioni
2647 2601 3108 2670 conscripserunt,
3158 2615 3265 2654 una
3315 2612 3439 2653 cum
3488 2595 3723 2651 Basilide

2149 2691 2441 2748 Assianum
2474 2692 2825 2764 Catafrygum
2854 2694 3271 2748 eonstitutorem
3307 2691 3443 2761 (25).

557 2794 671 2876 (ἓξ)
700 2783 975 2861 Vidistin',
1026 2805 1160 2868 quot
1195 2799 1420 2853 vulnera
1465 2797 1699 2856 lrustulo
1743 2801 1872 2858 huic
1917 2802 2258 2873 antiquitatis
2297 2806 2555 2862 inﬂixerit
2617 2807 2962 2863 librariorum
3007 2807 3218 2862 incuria
3261 2815 3423 2876 atque
3466 2805 3722 2876 ignoran-

484 2863 598 2916 tia?
621 2863 911 2922 Mannert.

487 3012 3714 3059 ﬁ

1759 3185 1931 3230 ANNO
1972 3186 2201 3231 υοιιικι
2243 3185 2480 3235 CCXIII.

810 3363 1741 3577 JULIUS
1879 3365 3384 3584 AFRICANUS

1691 3829 2484 3985 NOTITIA

969 4095 1208 4159 (Ρηιιοη
1241 4093 1535 4148 Bibliotheca
1558 4099 1746 4160 Graeca,
1776 4102 1856 4151 ed.
1882 4103 2095 4164 HABLES,
2122 4111 2240 4154 tom.
2262 4104 2344 4166 IV,
2369 4120 2417 4169 p.
2446 4105 2555 4154 211.
2582 4105 2866 4170 Hamburgi,
2890 4107 3030 4168 1795,
3055 4104 3108 4156 in
3130 4105 3229 4172 ιο.)

559 4337 772 4396 Ssxrus
793 4338 1068 4410 (l)Juuus
1095 4341 1416 4405 AFRICANUS,
1439 4339 1630 4410 Syrus,
1659 4356 1724 4396 ex
1755 4341 2044 4410 Emaunte,
2074 4354 2118 4414 C
2150 4348 2310 4404 lando
2338 4350 2589 4420 pingendi
2621 4351 3049 4422 sagittarumque
3079 4352 3275 4407 ictibus
3301 4351 3536 4408 formam
3560 4369 3681 4424 eius
3700 4396 3717 4422 ,

488 4432 592 4487 sub
617 4432 892 4484 Antonino
922 4429 1250 4502 Helogabalo
1271 4440 1324 4486 et
1358 4433 1665 4486 Alexandro
1698 4432 1903 4489 Severo
1934 4435 2046 4490 cla-

488 4523 598 4578 ruit
640 4523 737 4593 (2).
777 4521 1053 4575 Zachariae
1101 4518 1297 4575 Lundii
1339 4524 1792 4577 commentarium
1835 4540 1940 4579 ms.
1993 4525 2050 4580 in

486 4615 727 4670 Africani
757 4613 935 4669 Cestos
978 4615 1223 4679 servari,
1267 4615 1446 4684 accepi
1489 4614 1703 4671 Hasnia:
1740 4633 1771 4671 a
1815 4617 2047 4685 Wolﬁo,

488 4708 651 4776 regia:
680 4707 927 4763 hiblioth.
959 4705 1204 4760 custode.
1246 4705 1305 4759 ln
1343 4706 1450 4761 illis
1475 4706 1795 4777 fragmentis
1827 4725 1946 4778 cap.
1980 4710 2050 4764 ‘29

491 4807 680 4851 auctor
719 4806 967 4861 testatur,
1013 4796 1214 4851 vidisse
1237 4811 1295 4850 se
1337 4796 1696 4853 Bardesanem
1751 4800 2006 4854 Parthum
2032 4841 2048 4867 ,

489 4905 650 4958 quem
682 4888 953 4942 diversum
1001 4890 1134 4943 mihi
1171 4905 1292 4944 esse
1334 4891 1632 4958 persuadeo
1675 4907 1703 4945 a
1746 4891 2052 4948 Bardcsane

490 4982 775 5050 scriptore.
842 4978 976 5034 Nam
1016 4989 1071 5034 et
1099 4981 1226 5035 huic
1257 4981 1439 5035 minus
1473 4984 1726 5037 convenit
1768 4984 1855 5037 illa
1895 4985 2053 5053 jacu-

560 5116 645 5188 (l)
677 5113 894 5188 Sextum
938 5131 1077 5171 unus
1111 5124 1270 5170 vocat
1310 5116 1526 5171 Suidas.
1562 5115 1776 5173 mec.
1821 5119 2052 5188 Σέκτωρ

491 5187 777 5308 ῗῖιτίὺίιιιπ,
847 5185 1034 5240 forsan
1108 5201 1394 5254 operarum
1457 5188 1618 5251 vitio,
1686 5191 1755 5244 ab
1793 5185 2052 5242 Eudocia.

539 5273 662 5308 λιιι..

539 5273 662 5312 ΑΒΙ..

563 5326 638 5395 (:2)
677 5324 833 5395 Circa
861 5340 986 5378 ann.
1026 5325 1155 5381 Chr.
1190 5327 1312 5380 εει.
1345 5324 1632 5382 Vid.uSaxii
1676 5327 1864 5381 Onam.
1905 5327 1984 5381 lit.
2008 5325 2050 5389 l,

492 5393 628 5463 pag.
667 5393 772 5463 559
824 5412 928 5462 sq.,
956 5405 1122 5448 aula.
1155 5397 1215 5452 C.
1244 5397 1368 5452 998.
1408 5398 1522 5450 Vitl.
1576 5397 1924 5462 llambergeri
1959 5414 2054 5449 su-

489 5462 616 5536 peri.
671 5462 1057 5536 Nae/trichten,
1102 5475 1232 5519 tom.
1270 5466 1339 5530 ll,
1371 5483 1492 5536 pag.
1533 5468 1764 5536 5257‘sq.
1820 5465 2055 5535 Uterque

489 5535 673 5606 plures
687 5535 849 5606 Acitat,
870 5537 1055 5603 qui.de
1078 5537 1333 5590 Africano
1359 5534 1600 5606 egerunt.
1637 5534 1804 5606 Hann.

562 5605 638 5676 (5)
676 5602 830 5676 Quod
872 5602 1221 5676 ζωγραφῆσαι
1271 5602 1480 5675 βέλεᾰιν
1527 5617 1685 5658 vocat
1719 5605 2006 5676 Africanus
2032 5644 2048 5670 ,

491 5673 633 5755 apud
676 5672 1079 5755 Philostratutn
1105 5672 1195 5730 lib.
1255 5672 1289 5728 ιί
1330 5676 1406 5755 D_e
1443 5675 2045 5755 vita_.Apollo_nii,.eap.

488 5743 580 5810 28,
609 5757 729 5815 pag.
753 5743 1065 5820 8l,ﬂdic_itur
1086 5747 1488 5816 σκιαγραφῆσαι
1519 5745 1741 5816 βέλεσιν.
1773 5744 2049 5818 Magisque

2149 4459 2306 4513 quem
2326 4445 2503 4506 vellet,
2535 4445 2759 4514 pulchre
2791 4445 3130 4500 describendi
3162 4446 3384 4499 solertia
3422 4445 3520 4514 (3),
3556 4462 3718 4516 quam

2150 4535 2205 4588 in
2236 4549 2337 4589 suo
2367 4535 2657 4590 Africanus
2681 4538 2956 4606 praedicat,
2982 4546 3034 4591 et
3059 4538 3147 4591 hic
3169 4536 3402 4591 Parthus
3437 4539 3557 4603 fuit,
3582 4539 3720 4592 alter

2151 4623 2496 4697 Babylonius.
2525 4626 2766 4698 Denique
2788 4630 2880 4698 qui
2911 4627 3014 4682 sub
3036 4627 3311 4683 Antonino
3332 4630 3533 4683 vixisse
3557 4631 3723 4699 scrip-

2151 4724 2321 4772 torem
2344 4719 2539 4773 docent
2570 4718 2903 4791 Porphyrius
2938 4729 2990 4774 et
3026 4719 3322 4784 Eusebius,
3356 4722 3401 4774 si
3447 4721 3715 4791 Elagaba-

2151 4807 2284 4874 lum,
2318 4825 2427 4862 non
2482 4809 2722 4865 Marcum
2754 4809 3141 4879 Philosophum
3175 4811 3595 4877 intellexissent,
3627 4826 3720 4879 pe-

2151 4904 2308 4958 rinde
2339 4911 2398 4957 ut
2439 4901 2803 4972 Hieronymus
2833 4916 2951 4968 cap.
2979 4902 3048 4954 63
3068 4945 3082 4968 ,
3110 4903 3199 4956 ubi
3233 4903 3300 4957 de
3329 4902 3584 4957 Africano
3608 4905 3721 4959 dis-

2153 4992 2321 5057 serit,
2355 5001 2483 5046 nota
2517 4993 2750 5061 quadam
2784 4992 2966 5047 addita
2993 4994 3250 5047 Antonini
3293 5008 3490 5048 nomen
3525 4995 3721 5048 distin-

2152 5124 2528 5195 admirandum
2578 5124 2712 5187 hoc,
2760 5140 2924 5194 quam
2973 5125 3118 5195 quod
3172 5125 3440 5195 inveteri
3487 5125 3722 5192 inscrip-

2153 5197 2301 5250 tione
2327 5196 2467 5263 apud
2494 5193 2789 5248 Gruterum
2820 5212 2939 5265 pag.
2958 5193 3129 5258 νίκη,
3150 5197 3214 5249 de
3236 5194 3448 5249 Sorano
3473 5196 3676 5249 Batavo
3700 5209 3714 5246 :

2295 5285 2660 5357 Emissumqtte
2684 5306 2809 5340 arcu
2845 5289 2968 5340 dum
3001 5290 3182 5356 pendet
3207 5289 3261 5340 in
3294 5305 3410 5340 aere
3437 5288 3599 5340 telum

2297 5359 2367 5408 Ac
2395 5359 2561 5418 redit,
2591 5374 2654 5411 ea:
2677 5361 2784 5411 alia
2802 5359 2901 5424 ﬁxi
2929 5360 3160 5428 [regique
3189 5360 3404 5427 sagitta.

2157 5465 2251 5520 Vel
2293 5462 2436 5534 quod
2471 5462 2539 5517 de
2576 5461 2880 5539 Domitiano
2947 5471 3170 5525 Sueton.
3202 5487 3320 5539 cap.
3356 5471 3442 5533 l9,
3475 5469 3537 5522 In
3569 5471 3722 5537 pueri

2152 5540 2332 5608 procul
2380 5548 2571 5590 stantis
2624 5537 2995 5608 prabenttsque
3051 5558 3144 5608 pro
3201 5537 3354 5608 scopo
3411 5542 3725 5607 dispansam

2155 5606 2352 5659 dextrte
2386 5623 2568 5661 manus
2601 5609 2832 5676 palmam
2853 5651 2868 5673 ,
2898 5606 3124 5677 sagittas
3163 5606 3310 5664 tanta
3340 5620 3452 5662 arte
3486 5606 3678 5660 direxit
3711 5649 3726 5671 ,

2154 5685 2207 5727 ut
2229 5692 2402 5732 omnes
2454 5694 2545 5747 per
2593 5679 2871 5734 intervalla
2926 5681 3211 5752 digitorum
3266 5682 3485 5734 innocue
3533 5679 3722 5733 evade-

2151 5756 2285 5800 rent.
