4074 6414
477 334 549 390 59
1762 342 2008 400 IULIUS
2039 390 2040 393 η

2135 343 2431 400 RlCANUS
3664 356 3731 412 ιο

474 451 811 507 V-indobonte
857 451 911 506 in
945 452 1203 507 thesauro
1229 452 1454 509 librario
1482 454 1846 524 potentissimi
1876 456 2040 525 impc-

2150 456 2674 529 μετρίως’ὲπήόολοι
2719 459 2966 525 παιδείας
2989 460 3099 515 τῶν
3123 462 3409 518 Εὐκλείδου
3447 471 3730 539 στοιχείων

474 543 692 597 ratoris.
735 542 863 596 Fuit
907 544 1070 597 etiam
1120 543 1173 596 in
1219 543 1468 597 biblioth.
1512 543 1879 611 Scorialcnsi,
1921 555 2040 601 testi

2155 542 2416 596 ἐπιποσὸν
2435 543 2511 607 ὡς
2531 546 2679 609 εἰκὸς
2706 547 2999 618 ἐφήψαντο.

475 636 627 688 Alex.
658 633 968 698 Baruoetio,
997 634 1089 704 qui
1116 634 1184 689 de
1215 635 1327 699 illo,
1358 634 1571 701 Nescio,
1595 635 1803 706 inquit,
1835 654 1902 691 an
1938 646 2057 691 tan-

2227 632 2495 689 Homerus
2524 651 2643 704 pag.
2683 637 2792 691 292
2837 639 2904 693 b:
2943 640 3207 710 ’ἰαμϐεῖον
3252 643 3498 715 ἀρχαῖον,
3524 645 3600 709 ὡς
3629 644 3735 700 λυ-ηρ

476 736 588 779 tum
631 726 752 780 boni
804 743 933 796 opus
984 726 1121 780 illud
1179 729 1478 794 contineat,
1513 738 1770 797 quantum
1826 731 2040 784 continet

2157 725 2525 798 σιτελέστερος
2552 731 2684 782 πᾶσι
2702 729 2798 783 τοῦ
2828 732 3132 804 προπετοῦς
3158 735 3188 786 ὁ
3213 734 3457 808 ἀσφαλὴς
3480 737 3724 808 ἡγεμών,

477 816 653 871 ntali:
695 827 1045 888 prieterquam
1099 820 1239 871 enim
1275 817 1415 887 quod
1455 818 1709 888 sequiOris
1743 819 1863 883 (eui,
1888 818 2051 872 adeo-

475 922 577 970 que
596 905 725 977 styli
758 907 828 960 sit
860 916 1044 960 auctor
1072 906 1193 973 ille,
1216 907 1384 959 multa
1417 906 1571 961 habet
1611 908 1814 961 similia
1849 910 2055 964 .aclicis

2193 833 2280 873 an.
2302 817 2427 873 278.

2193 833 2220 870 a
2267 831 2427 873 λιες.

2154 831 2191 886 p
2225 834 2429 966 genus
2479 908 2594 979 ipse
2640 921 2819 967 exstat
2869 911 3012 983 apud
3054 911 3417 983 Suetonium,
3463 918 3724 988 Angusto,

477 995 701 1060 Leonis,
729 997 969 1066 qutedam
1005 998 1168 1051 etiam
1206 998 1605 1066 superstitiosa,
1630 996 1903 1051 ac‘multa
1932 998 2058 1052 ridi-
2154 1012 2280 1069 cap.
2304 998 2410 1053 25:

478 1090 619 1153 cuia,
649 1100 705 1143 ut
739 1091 802 1142 de
823 1091 1096 1144 curatione
1120 1105 1213 1159 per
1235 1088 1634 1155 Abracadabra,
1669 1088 1912 1159 quazdam
1938 1106 2056 1143 mu—

479 1182 756 1247 lomedica,
786 1181 929 1252 falsa
955 1183 1207 1251 plurima.
1241 1181 1461 1236 FABRIC.
1484 1180 1617 1234 -ln
1645 1180 1860 1236 duobus
1891 1181 2051 1237 codd.

476 1270 833 1327 Leidensibus
861 1271 1122 1329 Africano
1148 1271 1407 1326 tribuitur
1438 1271 1533 1327 lib.
1576 1269 1656 1325 De
1687 1273 1842 1326 modo
1872 1272 2054 1343 defen-

472 1364 659 1418 dendae
694 1365 838 1418 urbis
868 1364 1113 1418 obsessor.

546 1457 866 1515 Africanum
884 1460 960 1514 De
977 1457 1164 1513 bellico
1195 1462 1456 1527 apparatu
1478 1470 1610 1519 ms.,
1633 1452 1700 1509 de
1713 1466 1823 1524 quo
1838 1453 2050 1511 Casau—

472 1552 653 1608 bouus
678 1552 747 1606 ad
777 1552 1021 1608 Suetonii
1044 1550 1302 1607 Ctesarem
1321 1592 1337 1616 ,
1360 1565 1411 1605 c.
1440 1549 1595 1615 51,et
1616 1545 1937 1613 Salmasius,
1961 1564 2047 1618 ep.

478 1642 609 1710 125,
645 1638 723 1698 ad
751 1642 999 1699 lsaacum
1028 1641 1318 1704 Vossium,
1351 1640 1587 1708 intellige
1611 1646 1816 1708 partem
1862 1639 2048 1693 Cesto-

472 1751 591 1788 rum
636 1735 916 1800 Africani,
955 1744 1072 1790 tum
1123 1733 1304 1788 adhuc
1361 1731 1658 1794 ineditam,
1707 1732 1800 1786 sed
1859 1741 2047 1801 postea

470 1825 657 1882 Graece
685 1827 908 1883 Parisiis
949 1827 1278 1898 evulgatani.
1320 1825 1520 1880 Eodem
1556 1824 1697 1879 refer
1728 1823 1874 1895 quod
1908 1824 2045 1879 scri-

469 1919 551 1973 bit
576 1918 890 1976 Cassendus
923 1919 990 1974 ad
1019 1936 1149 1974 ann.
1190 1918 1356 1979 1622,
1396 1915 1729 1972 Peirescium
1760 1917 2046 1971 obtinuisse

470 1996 585 2066 tum
614 2027 678 2065 ea:
718 2011 971 2066 Vaticana
990 2054 1005 2078 ,
1035 2022 1146 2065 tum
1180 2028 1243 2064 ea:
1270 2007 2046 2098 Ambrosianqvﬂediolanensi

466 2102 705 2173 exempla
737 2104 982 2174 quadam
1010 2104 1254 2173 Africani
1291 2102 1620 2172 aliorumque
1654 2103 1961 2155 tacticorum
1992 2103 2046 2154 in

468 2196 699 2265 gratiam
744 2194 885 2249 Lud.
942 2194 1205 2249 Machalti
1246 2196 1345 2249 viri
1393 2194 1630 2260 strenui,
1671 2202 2047 2264 auctorumque

467 2288 784 2342 militarium
817 2296 869 2343 et
901 2287 1392 2342 mathematicorum
1429 2288 1676 2341 studiosi.
1704 2285 1768 2341 Et
1797 2287 1943 2356 quod
1980 2287 2048 2340 li-

464 2381 624 2436 brum
664 2381 960 2451 septimum
1002 2379 1311 2443 Gestorum,
1339 2379 1432 2451 qui
1472 2389 1554 2434 est
1579 2379 1647 2434 de
1683 2394 1742 2433 re
1784 2377 2042 2440 militari,

467 2470 724 2525 habuisse
762 2485 869 2525 ms.
913 2478 1144 2525 testatur
1187 2468 1499 2525 Holstenius
1533 2469 1678 2541 apud
1719 2467 2042 2524 Morliolium

464 2561 560 2618 lib.
597 2578 615 2617 1
645 2562 998 2631 Polyhistoris
1020 2602 1036 2628 ,
1073 2578 1195 2633 pag.
1235 2562 1325 2618 69.
1372 2561 1451 2615 Ex
1479 2560 1647 2616 Cestis
1674 2562 1839 2616 etiam
1878 2560 2042 2630 petita

465 2663 595 2709 sunt
626 2670 748 2726 qua:
770 2655 872 2709 sub
899 2654 1141 2708 Africani
1169 2655 1388 2709 nomine
1417 2653 1471 2707 in
1499 2652 1808 2724 Geoponicis
1838 2661 1893 2707 et
1915 2650 2044 2721 Hip-

473 2748 716 2818 piatricis
748 2745 952 2801 Graecis
984 2746 1255 2817 leguntur,
1306 2761 1370 2800 ac
1401 2745 1631 2801 fortasse
1668 2753 1914 2800 nostrum
1952 2757 2042 2798 re-

465 2844 643 2916 spexit
669 2841 987 2910 Fulgentius
1009 2856 1090 2904 m,
1110 2840 1579 2910 7,Mythologicon,
1606 2841 1697 2895 ubi
1723 2839 2041 2896 Africanum

465 2936 910 3007 iatrosophistam
950 2933 1155 2990 laudat.
1192 2933 1352 2988 Certe
1395 2933 1449 2987 in
1492 2931 1660 2987 Cestis
1703 2934 1950 3006 ἰατρικὰς
1988 2943 2043 2990 et

463 3029 696 3100 φυσικὰς
735 3028 992 3099 δυνάμεις
1027 3035 1190 3097 atque
1229 3026 1399 3090 ἰάσεις
1433 3026 1698 3080 contineri
1726 3067 1741 3091 ,
1766 3028 1879 3096 jam
1911 3028 2039 3081 olim

462 3121 732 3178 Eusebius
770 3121 826 3175 in
857 3120 1053 3175 Chron.
1081 3128 1136 3174 et
1167 3118 1364 3173 Suidas
1407 3117 1462 3172 in
1503 3119 1851 3187 Ἀφρικανός
1886 3129 2040 3172 nota-
2066 3142 2109 3201 ρ

463 3222 613 3269 runt.
651 3212 798 3267 Inter
819 3212 961 3266 edita
986 3209 1259 3265 Gestorum
1277 3209 1455 3278 capita
1476 3217 1562 3263 est
1591 3210 1754 3263 etiam
1788 3210 1916 3263 illud
1947 3211 2038 3275 57,

462 3305 605 3375 Περὶ
630 3305 890 3374 κρυφίας
914 3302 1251 3359 ἐπιστολῶν
1284 3299 1623 3371 εὶσπομπῆς
1643 3342 1660 3367 ,
1689 3304 1835 3373 quod
1856 3304 2041 3359 laudat

463 3400 540 3453 Is.
567 3396 797 3452 Vossius
837 3398 903 3451 ad
935 3395 1137 3452 Justini
1174 3414 1247 3460 ιι,
1284 3397 1385 3458 10.
1414 3415 1576 3469 quem
1606 3400 1729 3453 vide
1768 3398 1931 3453 etiam
1972 3398 2037 3453 ad

460 3487 769 3556 Catullum,
790 3504 914 3560 pag.
946 3488 1046 3553 50,
1075 3488 1166 3543 ubi
1188 3490 1254 3544 de
1284 3490 1541 3545 Africano
1556 3490 1801 3560 quadam
1828 3490 2038 3546 erudite

463 3581 754 3645 observat,
785 3590 839 3635 et
871 3583 1008 3635 inter
1045 3584 1149 3637 alia
1192 3581 1457 3647 afﬁrmat,
1482 3581 1889 3655 Στρατηγικῶν,
1917 3597 2037 3651 qua:

464 3683 781 3742 supersunt,
811 3674 1133 3745 fragmenta,
1166 3675 1515 3730 constituisse
1539 3685 1752 3730 sextum
1780 3691 1843 3730 ac
1871 3677 2038 3746 septi-

466 3778 618 3817 mum
648 3762 920 3818 Gestorum
946 3766 1165 3819 librum.
1199 3764 1377 3819 Cestos
1410 3763 1603 3820 Latine
1632 3776 1837 3820 vertere
1870 3767 2034 3836 coepit

459 3853 716 3910 Julianus
743 3854 1080 3921 Puchardus.
1107 3874 1197 3912 an.
1230 3858 1389 3921 1705,
1408 3860 1497 3914 die
1522 3859 1591 3912 12
1618 3857 1766 3923 Dec.,
1791 3874 1878 3913 an.
1906 3870 2035 3915 aeta—

462 3948 537 4002 tis
556 3946 627 4003 49
652 3946 873 4003 Parisiis
905 3940 1166 4013 denatus,
1201 3950 1297 4004 sed
1333 3965 1442 4003 non
1477 3949 1699 4019 perfecit
1741 3966 1914 4021 neque
1943 3953 2029 4006 in-

459 4039 898 4107 terpretationem
933 4055 1086 4095 suam
1114 4041 1273 4095 edere
1296 4042 1495 4109 voluit,
1520 4041 1664 4112 quod
1696 4043 2033 4099 existimaret

462 4132 710 4201 quaedam
738 4132 791 4185 in
825 4132 929 4188 illis
954 4135 1111 4188 obvia
1142 4134 1346 4188 rectius
1367 4134 1527 4205 vulgo
1561 4136 1816 4205 ignorari.

535 4221 714 4277 Cestos
732 4223 968 4278 Africani
985 4225 1424 4280 Callo-Francice
1448 4228 1604 4281 vertit
1619 4225 1986 4283 Guiscbardus
2011 4244 2024 4279 :

461 4315 562 4370 Les
586 4318 758 4372 Cestos
784 4318 846 4372 de
867 4319 990 4372 Iule
1012 4321 1051 4372 Α
1061 4321 1276 4387 [rit-ain,
1300 4321 1528 4374 traduits
1550 4336 1680 4390 pour
1703 4322 1754 4374 la
1777 4321 2028 4391 premiére

464 4411 565 4474 {ais
597 4410 723 4463 d‘un
753 4412 1039 4477 manuscrit
1066 4428 1203 4482 grec.
1230 4411 1365 4467 Vide
1407 4422 1541 4467 tom.
1578 4412 1644 4468 lll
1684 4415 1833 4470 illius
1861 4412 2026 4469 Com-

462 4501 855 4554 mentariorum
887 4516 901 4552 :
935 4500 1213 4556 Memoires
1244 4505 1487 4574 critiques
1501 4515 1550 4559 et
1577 4507 1763 4562 histor.
1793 4524 1887 4561 sur
1906 4507 2031 4577 plu-

461 4589 631 4643 sieurs
687 4590 865 4660 points
909 4591 1252 4662 d‘antiquités
1314 4596 1627 4663 militaires,
1674 4614 1774 4668 par
1813 4597 2032 4653 Charles

464 4677 759 4733 Guischard
780 4721 796 4746 ,
821 4685 1026 4736 nommé
1066 4682 1295 4748 Quintus
1331 4684 1518 4742 Icilius
1540 4729 1556 4755 ,
1587 4687 1823 4744 Berolini
1854 4689 1994 4744 1774
2013 4729 2029 4756 ,

459 4768 497 4823 4
520 4780 575 4825 et
597 4768 653 4836 8,
683 4769 747 4824 IV
782 4772 908 4827 voll.
941 4772 1109 4828 ΙΙΑιιι.

536 5346 649 5418 (12)
677 5347 895 5406 Sextum
920 5364 1076 5411 vocat
1102 5356 1297 5414 Suidas
1329 5360 1381 5414 in
1419 5361 1634 5421 Ἀφρικ.
1668 5376 1721 5418 et
1746 5364 2019 5421 Σωσάννα.

537 5379 649 5418 με]
677 5379 895 5406 out-us
922 5379 1076 5411 vocat
1103 5379 1297 5414 ualuas
1329 5379 1381 5414 tn
1425 5379 1478 5414 Ἀ
1561 5380 1634 5416 ικ.
1668 5379 1721 5418 et
1746 5379 2019 5421 Lwaawa.

459 5411 648 5490 Neque
677 5424 1077 5481 assentiendum
1110 5430 1243 5484 viris
1274 5431 1448 5485 doctis
1577 5431 1793 5487 Valesio
1826 5438 1890 5489 ad
1922 5439 2025 5490 Eu-

617 5503 738 5577 pag.
761 5493 874 5577 127A
916 5504 969 5549 et
997 5496 1215 5577 [fabbeo
1263 5517 1278 5553 ι
1311 5500 1395 5577 _De
1426 5488 1875 5577 Script.eccles.,r
1897 5488 2020 5577 pag.

461 5553 725 5644 osanna;
757 5560 969 5617 Cestum
1001 5567 1203 5644 dictum
1235 5553 2018 5644 voluntiaCes—loruni

535 5627 646 5697 (15)
682 5629 816 5700 Alam
855 5651 972 5688 vero
1012 5638 1292 5692 historiam
1338 5641 1432 5694 tibi
1471 5642 1726 5696 tradituri
1750 5627 2022 5700 sumine}

458 5708 655 5785 oulnfro
670 5698 805 5785 libro
827 5704 1376 5785 Africani,_s_criptoris
1402 5713 1633 5785 chronici
1817 5717 1861 5768 is
1885 5698 2023 5785 ante;

459 5779 657 5838 cunque
683 5772 746 5826 de
772 5776 964 5830 nostris
1000 5772 1220 5847 regibus
1237 5780 1558 5855 (Armenia!)
1591 5794 1796 5851 narrat,
1838 5772 1907 5840 ea.
1933 5788 2019 5840 de-

2307 1087 2603 1160 Ἀσφαλὴς
2629 1092 2739 1164 γὰρ
2766 1093 2896 1147 ἐστ’
2925 1094 3204 1164 ἀμείνων,
3222 1093 3259 1163 ἢ
3293 1096 3519 1238 arroget
3546 1114 3726 1166 στρα-

3372 1185 3438 1234 τη
3482 1185 3647 1235 ατης.

3372 1185 3647 1235 τηλατης.

2220 1246 2545 1319 Neptuniani
2581 1249 2828 1323 Physica,
2863 1269 2986 1323 pag.
3016 1255 3113 1309 501
3154 1255 3190 1311 b
3214 1275 3227 1312 :
3255 1258 3559 1313 Φιλοπονῶν
3594 1263 3722 1331 περὶ

2151 1337 2247 1408 τὴν
2294 1337 2387 1391 τοῦ
2432 1340 2695 1412 παρόντος
2742 1344 3166 1415 συγγράμματος
3203 1347 3439 1414 ἔκθεσιν,
3483 1350 3723 1420 ἀνέγνων

2150 1427 2209 1481 ὲν
2239 1432 2350 1492 τοῖς
2380 1430 2780 1487 Νεπτουνιανοῦ
2815 1438 3081 1503 φυσικοῖς,
3104 1446 3209 1490 etc.

2222 1518 2290 1574 οι
2333 1521 2657 1579 Κυντίλιοι.
2708 1540 2831 1595 pag.
2875 1525 2973 1580 301
3036 1527 3069 1580 b
3102 1544 3116 1580 :
3149 1527 3432 1594 Quinctilii
3486 1530 3718 1600 fratres,

2148 1610 2240 1681 qui
2289 1612 2393 1667 sub
2442 1613 2746 1672 Commodo
2800 1617 2933 1688 imp.
2980 1619 3112 1674 clari
3161 1622 3502 1690 scripserunt
3545 1626 3614 1681 de
3662 1640 3720 1681 te

2151 1701 2378 1757 rustica.

2077 1811 2120 1866 Β
2216 1791 2481 1848 Eumdem
2527 1793 2696 1850 fuisse
2734 1795 2958 1853 Sextum
2996 1799 3108 1867 (l2)
3138 1799 3341 1858 Iulium
3374 1803 3715 1867 Africanum,

2147 1882 2241 1951 qui
2271 1881 2720 1955 Chronographiae
2749 1887 2922 1944 libros
2984 1907 3012 1942 v
3044 1892 3158 1969 (15)
3207 1895 3279 1949 ab
3311 1895 3442 1950 orbe
3483 1898 3709 1951 condito

2146 1974 2212 2027 ad
2247 1988 2298 2028 a.
2325 1973 2387 2031 C.
2417 1976 2518 2030 221
2550 1978 2792 2049 scripsit,
2827 1990 2879 2035 et
2909 1980 3113 2038 Julium
3140 1984 3483 2048 Africanum,
3531 1988 3715 2042 Ces'o-

2146 2083 2265 2121 rum
2296 2070 2647 2140 scriptorem,
2682 2075 2967 2130 credemus
2997 2079 3180 2146 potius
3210 2079 3466 2145 Eusebio,
3500 2081 3715 2151 Photio,

2147 2158 2419 2231 Syncello,
2459 2173 2514 2218 et
2548 2164 2749 2231 Suidm,
2793 2167 2901 2223 hoc
2941 2169 3358 2235 alﬁrmantibus,
3385 2174 3582 2242 quibus
3610 2174 3715 2230 Pe-

2146 2251 2346 2315 tavius,
2380 2251 2628 2317 Vossius,
2661 2255 2934 2323 Labbeus,
2972 2260 3325 2334 Lambecius,
3358 2264 3714 2335 Wetstcnius,

2145 2340 2524 2401 Tillemontius
2546 2346 2863 2419 [Needham,
2890 2349 3310 2422 Hambergerus,
3338 2355 3558 2420 Sexius,
3575 2356 3711 2430 etc.)

2145 2435 2560 2503 assentiuntur,
2630 2455 2794 2510 quam
2839 2440 2956 2498 Jos.
2999 2442 3261 2516 Scaligcri
3297 2457 3352 2502 et
3396 2446 3461 2501 ll.
3512 2447 3712 2505 V'alesti

2142 2526 2387 2583 virorum
2414 2528 2541 2584 licet
2564 2532 2930 2588 maximorum
2964 2536 3294 2606 conjecturis
3339 2548 3528 2594 contra
3575 2541 3717 2594 ιιίιιικ

2143 2634 2288 2674 mur.
2329 2618 2621 2688 Caeterum,
2651 2624 2796 2691 quod
2825 2623 3268 2698 Chronographic
3303 2639 3358 2684 et
3383 2630 3609 2684 Κεστῶν
3646 2632 3714 2684 Ιί-

2142 2710 2273 2768 bros
2308 2727 2408 2782 pro
2437 2729 2547 2768 uno
2579 2715 2879 2786 eodemque
2916 2734 3077 2789 opere
3105 2722 3295 2777 habuit
3318 2721 3574 2778 Petavius
3613 2740 3711 2787 xu,

2140 2801 2232 2868 ιο,
2262 2802 2337 2857 De
2363 2802 2609 2859 doctrina
2644 2816 2825 2876 temp.,
2858 2809 2960 2865 hoc
2993 2812 3191 2867 merito
3234 2815 3550 2870 retractavit
3597 2815 3712 2886 ipse

2141 2908 2261 2957 vni,
2286 2893 2343 2957 2,
2371 2896 2616 2950 Auctarii
2638 2899 2771 2952 diss.
2798 2898 3267 2974 [Chronographiaz
3294 2921 3421 2975 pars
3446 2906 3572 2972 fuit,
3600 2922 3708 2960 non

2142 2987 2433 3056 peculiaris
2460 2988 2599 3043 liber
2629 2991 2905 3063 ἐπίτομος,
2933 2996 3153 3063 quando
3176 2996 3371 3067 legitur
3400 2998 3455 3052 in
3488 2999 3708 3054 Eusebii

2143 3077 2341 3136 Chron.
2397 3082 2718 3153 Ἀφρικανὸς
2768 3086 2826 3136 ὲν
2874 3085 3156 3156 ἑπιτὸμῳ,
3207 3088 3285 3140 uti
3330 3086 3611 3145 Fabricius
3655 3092 3710 3144 in
3774 3118 3785 3127 ε

2142 3181 2269 3226 nota
2315 3187 2420 3227 ms.
2462 3174 2528 3227 ad
2567 3171 2790 3229 Suidam
2822 3174 3189 3230 Basileensem
3235 3179 3377 3247 apud
3424 3177 3603 3235 Nicias
3640 3181 3709 3237 ad

2141 3260 2458 3332 Ceoponica,
2486 3266 2722 3336 prolegg.
2751 3281 2874 3336 pag.
2897 3282 3060 3327 xtvn,
3091 3276 3203 3321 not.
3222 3269 3278 3333 5,
3306 3272 3493 3326 docuit
3521 3284 3707 3330 contra

2139 3351 2454 3420 Mcursium,
2488 3354 2583 3424 qui
2635 3357 2690 3409 in
2736 3355 2993 3411 ΒὶΙιΙίοιΙι.
3021 3357 3230 3425 Greca,
3275 3375 3397 3432 pag.
3430 3362 3591 3430 1199,
3638 3381 3707 3420 ex

2138 3443 2230 3496 illo
2257 3444 2473 3500 Eusebii
2512 3445 2633 3500 loco
2663 3448 2937 3517 singulare
2964 3448 3208 3504 Africani
3238 3467 3396 3522 opus,
3424 3455 3704 3527 ἐπίτομον,

2140 3534 2430 3604 oxsculpit.
2452 3533 2652 3607 Huu..}

2204 3626 2324 3679 Alia
2350 3626 2417 3680 de
2439 3625 2701 3680 Africano
2729 3626 2957 3697 ejusque
2989 3630 3209 3702 scriptis
3236 3636 3377 3704 apud
3403 3637 3707 3693 accuratis-

2134 3715 2338 3772 simum
2388 3716 2799 3772 Tillemontium
2859 3727 2991 3775 tom.
3030 3720 3127 3788 lll,
3169 3724 3224 3789 ὅ,
3285 3724 3453 3783 Μέθη.
3490 3728 3704 3794 ecclés.,

2132 3823 2255 3879 pag.
2302 3808 2423 3871 115,
2473 3818 2529 3862 et
2578 3812 3094 3879 praestantissimum
3149 3814 3387 3871 Caveum
3448 3815 3609 3890 [tom.
3660 3818 3701 3880 l,

2131 3913 2253 3968 pag.
2284 3898 2387 3952 110
2412 3896 2522 3969 sq.]
2547 3899 2600 3952 in
2627 3912 2779 3969 parte
2808 3913 3035 3974 utraque
3059 3903 3204 3960 Hist.
3230 3905 3509 3963 litterarii:
3534 3908 3705 3963 lector

2131 3990 2361 4051 evolvet,
2405 3991 2604 4059 quibus
2652 3993 2917 4050 auibobus
2967 3996 3021 4050 in
3063 4006 3299 4054 mentem
3331 4001 3480 4055 venit
3519 4002 3703 4071 suspi-

2131 4081 2271 4144 cari,
2304 4082 2448 4149 quod
2482 4079 2664 4136 Cestos
2716 4083 2855 4139 forte
2888 4088 3169 4158 scripserit
3211 4090 3525 4160 Africanus,
3560 4111 3701 4148 non-

2130 4173 2257 4225 dum
2289 4171 2491 4227 Christi
2528 4176 2701 4232 sacris
2746 4177 2989 4235 initiatus
3029 4199 3044 4235 :
3086 4181 3214 4237 licet
3256 4183 3309 4238 in
3349 4184 3516 4240 altera
3546 4198 3702 4259 parte

2128 4258 2339 4317 Caveus
2402 4265 2551 4319 malit
2601 4270 2944 4326 subscribere
3000 4287 3191 4329 eorum
3251 4279 3535 4333 sententia:
3598 4281 3697 4350 qui

2129 4345 2309 4403 Cestos
2350 4350 2416 4403 ad
2452 4352 2618 4406 alium
2667 4353 2910 4410 referunt
2940 4357 3283 4415 Africanum.
3331 4360 3435 4416 Sed
3482 4363 3549 4418 de
3587 4345 3699 4420 tota

2133 4451 2191 4491 re
2224 4438 2421 4494 melius
2451 4438 2698 4508 judicare
2729 4444 2938 4511 liceret,
2968 4447 3013 4500 si
3042 4462 3181 4517 opus
3216 4449 3395 4518 ipsum
3439 4464 3696 4521 exstaret;

2135 4527 2278 4594 quod
2305 4568 2320 4594 ,
2365 4529 2554 4598 paucis
2597 4531 2735 4585 forte
2786 4532 3105 4606 fragmentis
3163 4540 3441 4608 exceptis,
3494 4552 3551 4597 ut
3581 4543 3698 4613 jam

2133 4620 2356 4683 notavi,
2398 4621 2689 4677 intercidit.
2750 4622 2885 4678 Nam
2917 4636 2973 4679 et
3000 4625 3278 4683 Boivinius
3308 4630 3481 4699 prima
3508 4635 3597 4689 vix
3626 4636 3699 4690 ﬂ

2132 4709 2309 4778 capita
2351 4708 2610 4766 Africano
2654 4713 2817 4767 audet
2859 4715 3121 4779 tribuere,
3162 4732 3284 4771 cum
3314 4719 3384 4775 «l5
3414 4736 3584 4791 usque
3627 4726 3695 4779 ad

2126 5086 2402 5130 auctorem
2455 5077 2792 5145 relerant;e
2822 5083 3027 5151 quibus
3074 5084 3163 5138 illa
3190 5086 3327 5154 Περὶ
3381 5089 3691 5157 φυλακῶν,

2126 5180 2248 5238 pag.
2277 5168 2404 5236 315,
2450 5167 2681 5226 Heronis
2724 5171 2866 5229 forte
2909 5176 3146 5245 junioris
3192 5193 3313 5234 esse
3340 5181 3478 5235 idem
3509 5184 3694 5237 erudi-

2121 5373 2377 5493 gompsit
2433 5374 2678 5428 universa
2737 5391 2801 5429 ex
2857 5377 3119 5433 tabulario
3171 5379 3418 5444 Edessaz,
3458 5399 3575 5453 qua:
3612 5394 3688 5438 est

2178 5442 2271 5493 rha
2303 5461 2315 5493 :
2350 5444 2500 5493 cuius
2533 5446 2741 5493 auidem
2782 5448 3031 5493 tabularii
3068 5451 3190 5493 libri
3225 5452 3287 5493 Δρ
3328 5456 3567 5493 ranarum
3610 5456 3688 5493 In‘-

2178 5442 2274 5522 ι·ὴῇ
2303 5461 2315 5496 :
2350 5444 2753 5522 Cttj'ttSﬂttidtBIZi
2782 5448 3031 5522 tabularis
3059 5451 3190 5522 libri
3225 5452 3287 5505 de
3324 5442 3569 5522 fanorum
3608 5456 3691 5509 hi-

2120 5511 2311 5590 storiis
2348 5528 2375 5565 e
2399 5511 2583 5590 Nesibi
2619 5515 2887 5590 et§inope
2910 5518 3132 5572 Pontica
3165 5511 3335 5590 fuere.
3359 5540 3418 5578 eo
3461 5525 3685 5590 adrecti,

2123 5580 2201 5658 ait
2253 5581 2617 5658 Cheruuensis
2673 5580 2905 5658 Moses,
2952 5590 3046 5658 qui
3104 5580 3345 5646 Africani
3403 5580 3687 5650 historiam

2121 5648 2662 5725 glessze;_esce_rpsit,
2701 5671 2822 5725 pag.
2853 5648 3109 5713 1'01'edit.
3136 5660 3414 5725 Wbiston,
3449 5648 3682 5719 Londin.

2123 5672 2662 5735 nitessaeexcerpsu,
2701 5672 2822 5779 pag.
2853 5672 2946 5711 wt
2983 5672 3109 5740 edit.
3143 5672 3414 5725 thston,
3449 5672 3682 5719 Londin.

2123 5718 2284 5800 1151i.
2331 5719 2447 5776 Vul.
2480 5720 2657 5778 Niclas
2686 5727 2751 5778 ad
2812 5727 3072 5803 :eedhamt
3106 5733 3403 5803 prologum.
3453 5733 3519 5789 ad
3551 5730 3686 5789 Ceo-

2116 5797 2352 5859 ponicos,
2384 5807 2503 5862 pag.
2534 5810 2699 5862 van,
2733 5812 2785 5851 ιι.
2810 5797 2863 5852 5.
2903 5797 3073 5853 Ηλιιι..
