4074 6414
345 333 412 392 41
1830 346 1893 401 Ν

1994 345 2127 401 ΤΙΑ.
3497 349 3566 405 42

349 457 596 514 tissimus
640 458 920 518 Boivinius
964 465 1205 534 coniicit.
1259 466 1526 523 Caeterum
1562 469 1908 525 Christianos
1937 474 1980 529 Α
2008 463 2225 520 Labbco
2283 474 2418 520 tom.
2450 464 2470 517 Ι
2519 465 2662 520 Bibl.
2714 481 2858 520 nova:
2894 483 3041 532 mss.,
3073 483 3194 536 pag.
3223 467 3346 534 298,
3388 469 3566 524 editus

347 551 512 606 etiam
544 552 815 625 τερατώδη
845 565 1102 621 scctatos,
1135 574 1198 612 ac
1230 562 1706 629 superstitionibus
1734 579 1908 632 quan-

348 641 530 710 doque
557 643 765 698 deditos
795 644 999 712 fuisse,
1030 657 1210 704 vetera
1247 653 1581 708 convincunt
1625 655 1866 723 exempla
1889 697 1904 720 ,

346 739 404 786 et.
437 731 766 802 Ceoponicon
818 738 1052 807 scriptor
1113 739 1281 811 (haud
1311 745 1471 799 dubie
1503 745 1902 816 Christianus),

347 832 402 876 et
463 822 766 892 Tryphonis
829 831 1078 900 martyris
1161 836 1497 891 exorcismos
1575 828 1941 891 insectorum"

348 913 522 970 hortis
575 917 854 987 vineisque
901 923 1186 977 noxiorum
1227 927 1367 995 apud
1420 925 1766 983 Lambecium
1802 946 1899 993 vn,

345 1020 466 1074 pag.
491 1006 618 1073 247,
651 1018 702 1063 et
729 1010 881 1078 plura
920 1013 1189 1081 ejusmodi
1232 1033 1341 1071 non
1372 1020 1508 1072 adeo
1557 1021 1773 1074 inobvia
1819 1021 1905 1074 iu-

342 1106 466 1152 tura
503 1101 549 1153 si
587 1102 711 1170 quis
739 1104 1048 1174 diligentius
1091 1109 1434 1179 inquisierit:
1473 1111 1637 1181 inque
1676 1113 1762 1169 his
1796 1113 1902 1169 fre-

342 1199 599 1256 quentata
629 1194 874 1260 quaedam
902 1199 1280 1266 superstitiosa
1310 1200 1382 1254 ita
1423 1202 1656 1270 publice,
1689 1214 1748 1256 ut
1771 1220 1900 1258 con-

339 1281 589 1336 ciliorum
634 1284 866 1342 decretis
917 1290 1252 1358 prohibenda
1297 1291 1534 1358 fuerint,
1587 1293 1653 1348 de
1695 1295 1897 1364 quibus

338 1367 585 1436 Brunus,
608 1375 842 1434 Oratorii
869 1374 1010 1432 Jesu'
1035 1380 1332 1452 presbyter,
1376 1395 1528 1451 parte
1563 1384 1721 1438 tertia
1749 1385 1895 1452 libri,

337 1459 542 1516 Gallice
571 1478 698 1516 ann.
725 1465 886 1531 1702,
922 1468 1004 1534 12,
1049 1470 1201 1535 editi,
1231 1487 1392 1549 quem
1422 1473 1700 1543 inscripsit
1737 1494 1751 1530 :
1793 1475 1898 1530 Hi-

335 1555 500 1608 stoire
542 1557 771 1626 critique
804 1564 895 1614 des
937 1565 1206 1633 pratiques
1236 1552 1651 1635 superstitieuses
1689 1571 1778 1638 qui
1809 1579 1898 1623 ont

333 1645 509 1700 séduit
535 1647 610 1701 les
643 1650 850 1719 peuples
879 1665 929 1706 et
959 1655 1290 1711 embarrassé
1323 1658 1397 1712 les
1455 1676 1662 1714 sanans.
1688 1661 1766 1715 Ex
1799 1677 1896 1716 eo-

333 1736 457 1792 dem
486 1737 813 1809 Geoponicon
844 1745 1109 1815 scriptore
1139 1757 1283 1804 recte
1311 1750 1553 1820 colligas,
1580 1751 1895 1808 Africanum

333 1827 704 1887 Christianum
754 1833 943 1902 fuisse,
977 1852 1106 1892 cum
1144 1838 1324 1895 Cestos
1359 1843 1641 1910 scriberet,
1677 1843 1733 1897 in
1775 1844 1896 1913 qui-

333 1921 439 1977 bus
477 1925 876 1982 commendavit
917 1928 1101 1984 eilicax
1147 1933 1409 1988 adversus
1439 1934 1547 1988 vini
1589 1936 1895 2004 corruptio-

334 2026 459 2064 nem
511 2015 846 2080 remedium,
894 2018 940 2072 si
984 2019 1130 2074 dolio
1183 2022 1558 2078 inscribantur
1618 2023 1737 2077 θεῖα
1783 2025 1898 2080 haec

333 2101 492 2156 verba
521 2103 692 2175 (Psal.
715 2122 902 2174 xxxw,
928 2109 982 2179 8)
1015 2127 1028 2163 :
1059 2111 1280 2166 Gustata
1319 2124 1370 2168 et
1407 2115 1595 2181 videte,
1646 2118 1894 2186 quoniam

328 2198 504 2272 suavis
538 2197 811 2264 Dominus,
841 2202 945 2268 vel,
992 2203 1038 2257 si
1070 2219 1320 2274 pomum,
1361 2206 1448 2262 his
1477 2207 1659 2262 verbis
1694 2209 1896 2264 inscri-

328 2297 503 2358 ptum,
553 2291 868 2362 projiciatur
915 2295 969 2348 in
1012 2296 1221 2363 vinum,
1268 2313 1379 2361 xrv,
1429 2298 1462 2353 5
1515 2299 1840 2371 Ἀφρικάνου
1877 2319 1890 2332 ·

341 2379 641 2451 Ἀμήχανον
668 2386 943 2455 τραπῆναι
968 2387 1060 2440 τὸν
1090 2384 1229 2441 οἶνον
1266 2389 1362 2443 ἐὰν
1387 2391 1696 2465 ὲπιγράψῃς
1730 2393 1787 2445 ἐν
1816 2393 1894 2464 τῷ

324 2471 532 2542 ἀγγείῳ
582 2474 614 2545 ἢ
662 2476 720 2527 ἐν
769 2480 882 2540 τοῖς
930 2477 1104 2542 πίθοις
1146 2478 1319 2533 ταῦτα
1363 2481 1432 2534 τὰ
1478 2482 1595 2536 θεῖα
1646 2486 1888 2555 ῥήματα·

325 2565 645 2620 Γεύσασθε
679 2567 778 2620 καὶ
804 2567 978 2633 ἴδετε,
998 2569 1084 2622 ὅτι
1098 2570 1364 2639 χρηστὸς
1392 2575 1424 2626 ὁ
1453 2575 1682 2642 Κύριος.
1701 2575 1894 2638 Καλῶς

323 2655 381 2708 δὲ
412 2657 658 2728 ποιήσεις
699 2661 791 2713 καὶ
829 2663 909 2724 εἰς
951 2662 1114 2732 μῆλον
1147 2663 1288 2717 οὕτω
1321 2665 1568 2735 γράφων,
1611 2665 1892 2737 ἐμϐάλλων

322 2745 384 2797 τὸ
422 2746 589 2817 μῆλον
627 2749 708 2812 εἰς
737 2750 827 2803 τὸν
861 2747 1027 2805 οἶνον.
1075 2751 1237 2807 Plura
1280 2754 1656 2824 hujuscemodi
1702 2756 1892 2813 farina:

322 2853 390 2891 ex
412 2837 719 2908 Geoponicis
765 2843 906 2898 infra
952 2844 1090 2899 libro
1122 2861 1173 2900 vr
1205 2845 1402 2913 refero,
1435 2847 1529 2903 ubi
1571 2849 1638 2904 de
1669 2849 1890 2920 Hippia-

323 2929 477 2985 tricis
519 2946 734 3002 quoque
778 2934 1022 2991 dicturus
1064 2953 1218 3004 sum,
1261 2954 1495 3009 quorum
1540 2943 1790 2998 collectio
1831 2952 1888 2999 et

321 3022 440 3092 ipsa
485 3040 552 3079 ex
590 3024 836 3082 Africani
877 3026 1044 3082 Cestis
1095 3031 1340 3099 quaedam
1389 3033 1552 3088 habet
1601 3035 1880 3100 adnotata,

2008 556 2234 621 Latine,
2280 573 2441 627 quem
2485 556 2615 611 Julii
2661 556 2898 612 Africani
2935 574 3071 613 .esse
3126 560 3385 628 suspicati
3439 573 3567 615 sunt

2008 645 2232 703 Vossius
2258 647 2328 700 lli
2357 648 2434 702 De
2465 648 2652 702 histor.
2680 648 2858 703 Latin.
2908 659 3047 719 part.
3081 666 3155 715 tv,
3188 666 3308 720 cap.
3340 651 3396 715 5,
3437 667 3562 722 ρος.

2006 737 2128 805 756,
2159 749 2216 794 et
2245 738 2479 794 Sandius
2515 739 2580 793 ad
2612 737 2865 795 Vossium
2922 757 3044 811 pag.
3080 741 3185 796 279
3219 758 3329 812 sq.,
3384 744 3565 813 potius

2005 830 2317 887 referendus
2354 841 2438 886 est
2482 833 2550 886 ad
2583 831 2952 904 Hippolytum,
2995 833 3383 898 Portuensem,
3416 835 3562 888 Alri-
3640 871 3646 882 .

2002 923 2121 976 cani
2155 924 2437 992 aequalem.
2485 924 2806 994 Quanquam
2839 925 3082 980 Africani
3125 927 3288 980 etiam
3332 923 3565 980 Chroni-

2002 1029 2102 1069 con
2137 1012 2287 1068 fuere
2321 1015 2414 1084 qui
2453 1013 2646 1070 Latine
2693 1017 3194 1086 interpretarentur,
3232 1027 3285 1072 et
3313 1016 3562 1081 fortasse,

2001 1111 2060 1157 ut
2082 1102 2385 1158 Dodwellus
2412 1105 2545 1160 diss.
2592 1105 2668 1158 De
2713 1107 3037 1160 successione
3065 1108 3392 1177 pontiﬁcum,
3432 1124 3558 1178 pag.

2000 1195 2089 1258 98,
2115 1210 2180 1249 ex
2205 1196 2430 1265 antiquo
2456 1211 2559 1250 ms.
2582 1195 2776 1250 Latino
2799 1196 3044 1250 Chronici
3063 1196 3563 1254 Eusebiani'codice

1998 1281 2324 1337 Mertonensi
2378 1283 2616 1353 colligit,
2664 1295 2955 1353 antequam
2998 1283 3215 1341 Eusebii
3262 1287 3558 1340 Chronicon

1999 1385 2228 1429 verteret
2269 1373 2652 1446 Hieronymus.
2720 1369 2801 1429 Illi
2837 1376 3154 1446 interpretes
3182 1379 3265 1431 vel
3300 1379 3461 1432 etiam
3497 1381 3532 1432 li

1996 1467 2184 1535 brarii,
2231 1455 2325 1522 aut
2371 1469 2465 1538 qui
2509 1468 2925 1524 describendum
2980 1469 3082 1523 sibi
3123 1469 3364 1525 Africani
3413 1488 3550 1540 opus

1995 1568 2342 1626 curaverunt,
2394 1559 2625 1613 diversis
2672 1559 2864 1614 deinde
2911 1561 3243 1629 temporibus
3286 1561 3354 1615 ad
3401 1577 3558 1616 suam

1995 1649 2280 1720 cujusque,
2311 1665 2418 1719 qua
2449 1651 2867 1714 vixit,,aztatcm
2920 1651 3309 1705 continuarunt
3361 1653 3557 1707 seriem

1995 1742 2300 1807 consulum,
2325 1743 2537 1812 aliaque
2559 1758 2657 1812 pro
2683 1758 2781 1798 suo
2799 1742 3031 1813 quisque
3053 1753 3207 1813 captu
3234 1744 3558 1798 addiderunt

1926 1809 1972 1868 Β
2001 1831 2084 1885 vel
2113 1831 2416 1886 omiserunt
2463 1832 2946 1900 interpolaruntvc.
2988 1832 3301 1888 Africanum
3347 1835 3405 1886 ὲν
3437 1837 3556 1897 ταῖς

1998 1923 2418 1994 χρονογραφίαις
2467 1922 2651 1977 laudat
2693 1924 2854 1978 etiam
2894 1922 3159 1978 Maximus
3215 1923 3282 1978 ad
3309 1922 3548 1995 Dionysii

1994 2013 2336 2085 Areopagita:
2363 2016 2644 2084 epistolam
2670 2016 2723 2068 4.
2759 2015 2879 2070 Alia
2910 2025 3148 2069 veterum
3175 2015 3316 2080 loca,
3345 2015 3556 2070 Africa-

1993 2119 2122 2157 num
2174 2104 2472 2168 laudantia,
2522 2106 2777 2174 quoniam
2828 2122 2856 2159 a
2894 2107 3022 2162 viris
3050 2108 3247 2174 doctis,
3282 2109 3555 2180 Scaligcro

1992 2204 2046 2249 et
2075 2193 2291 2250 Valesio
2338 2197 2405 2250 ad
2454 2195 2678 2263 Euseb.,
2724 2196 2923 2251 Allatio
2963 2199 3027 2252 ad
3071 2197 3318 2252 Enstath.
3362 2201 3555 2253 Antio-

1991 2287 2174 2351 chen.,
2203 2304 2325 2359 pag.
2357 2289 2392 2344 5
2461 2303 2568 2358 sq.,
2607 2287 2844 2354 Labbco,
2880 2289 3245 2360 Tillemontio,
3285 2293 3462 2348 Caveo
3501 2303 3554 2348 ct

1993 2380 2289 2437 Wetstenio
2332 2383 2410 2452 (in
2452 2383 2594 2437 notis
2624 2383 2688 2436 ad
2719 2383 3002 2452 epistolam
3057 2385 3123 2438 ad
3151 2382 3437 2454 Origenem
3481 2386 3550 2440 de

1993 2473 2263 2541 Susanna,
2296 2491 2417 2545 pag.
2447 2474 2550 2528 148
2583 2476 2690 2544 sq.)
2725 2474 2886 2528 allata
2913 2485 3058 2542 sunt,
3093 2478 3300 2532 omitto.

2023 2629 2026 2635 η
2060 2566 2140 2620 Ex
2182 2567 2377 2622 eodem
2417 2565 2661 2620 Africani
2710 2580 2871 2634 opere
2914 2567 3077 2635 petita
3123 2568 3352 2631 videtur,
3386 2584 3548 2638 quam

1989 2672 2094 2711 ms.
2122 2656 2176 2711 in
2200 2657 2330 2712 bibl.
2362 2657 2766 2712 Vindoboneusi
2811 2667 3022 2712 exstare
3066 2669 3290 2714 testatur
3323 2659 3551 2716 Lambe-

1988 2749 2143 2814 cius,’
2181 2760 2313 2804 tom.
2342 2749 2406 2816 V,
2450 2766 2572 2821 pag.
2610 2752 2711 2807 297
2759 2753 2904 2824 [ρος.
2949 2754 3052 2828 625
3095 2754 3220 2805 edit.
3271 2735 3544 2827 Kollarii],

1987 2842 2248 2913 Διήγησις
2276 2843 2595 2913 Ἀφρικανοῦ
2625 2845 2751 2916 περὶ
2776 2847 2881 2898 τῶν
2910 2848 2966 2898 ἐν
2992 2845 3208 2915 Περσίδι
3236 2844 3548 2916 γενομένων

1987 2933 2074 2987 διὰ
2113 2935 2210 3004 τῆς
2253 2934 2710 3006 ἐνανθρωπήσεως
2765 2937 2858 2990 τοῦ
2908 2938 3111 3007 Κυρίου
3168 2939 3260 2990 καὶ
3302 2940 3548 3010 Σωτῆρος

1989 3027 2142 3097 ἡμῶν
2167 3026 2336 3097 Ἰησοῦ
2365 3027 2617 3098 Χριστοῦ.
2651 3026 2840 3098 Incipit
2872 3030 2997 3083 :‘Ex
3023 3030 3276 3101 Περσίδος
3305 3031 3546 3102 ἐγνώσθη

322 3116 402 3169 uti
451 3117 594 3172 alius
643 3118 781 3174 liber
829 3135 934 3176 ms.
1008 3121 1350 3178 Constantini
1397 3122 1885 3197 Porphyrogeneta:

1990 3118 2079 3171 ἀπ’
2108 3120 2282 3190 ἀρχῆς
2331 3119 2358 3170 ὁ
2387 3118 2646 3190 Χριστόςο
2692 3120 2841 3174 οὐδὲν
2879 3121 2986 3192 γὰρ
3032 3121 3280 3175 λανθάνει
3325 3125 3448 3186 τοὺς
3490 3123 3545 3176 ἐν

313 3209 504 3280 jussu,
548 3220 610 3266 ut
647 3213 881 3279 videtur,
924 3214 1202 3293 collectus,
1251 3215 1318 3270 de
1361 3233 1472 3287 quo
1500 3217 1782 3275 Boivinius
1828 3221 1882 3276 in

1990 3211 2120 3282 αὐτῇ
2167 3210 2492 3282 νομομαοεῖς
2533 3211 2744 3264 ἅπαντα
2783 3210 3219 3279 φιλοπονοῦντας.
3270 3213 3406 3265 Ὅσα
3438 3213 3545 3286 γάρ

317 3303 768 3380 castigationibus
805 3307 870 3362 ad
893 3305 1238 3376 Africanum,
1271 3324 1394 3380 pag.
1425 3309 1552 3365 560.
1587 3311 1885 3368 FABRIC.-—

305 3369 485 3448 Μαί
507 3392 570 3450 L.
611 3369 694 3450 ΡῘΙ.
737 3396 809 3451 du
849 3396 984 3466 Pin,
1032 3369 1634 3473 Nouv.'I-3ib7iotltéque,
1678 3412 1808 3458 tom.
1836 3405 1881 3472 Ι,

315 3498 438 3554 pag.
479 3485 604 3542 115.
660 3485 828 3542 Slolle
853 3527 870 3555 ,
933 3486 1294 3544 Nachrichten
1347 3508 1441 3545 von
1476 3493 1574 3546 den
1615 3492 1878 3548 Kirchen-

314 3579 516 3641 mitem,
565 3577 749 3647 p.134
794 3593 938 3648 sqq.,
971 3580 1061 3649 qui
1107 3581 1242 3636 alios
1289 3581 1351 3638 ν.
1379 3580 1443 3634 D.
1489 3582 1696 3646 laudat,
1740 3582 1880 3639 lenae

315 3663 475 3733 1755,
505 3667 571 3734 4;
619 3664 669 3721 J.
689 3667 904 3722 Fabric.
955 3669 1012 3723 in
1052 3668 1299 3725 Historia
1328 3671 1585 3727 Biblioth.
1633 3670 1875 3740 Fabric.,

311 3765 450 3827 part.
481 3774 543 3823 ιι,
576 3773 699 3828 ρος.
723 3759 854 3824 579,
909 3769 963 3816 et
988 3771 1126 3830 part.
1153 3779 1234 3826 ιιι,
1273 3778 1394 3833 ρος.
1422 3764 1564 3830 559;
1597 3762 1647 3819 J.
1673 3765 1872 3820 Christ.

308 3846 453 3917 Neu,
506 3851 561 3904 in
589 3851 1012 3909 Accessionibus
1062 3853 1132 3908 ad
1169 3851 1392 3909 Wheari
1423 3853 1718 3911 Relection.
1766 3855 1875 3912 hie-

310 3941 496 4008 males,
526 3958 648 4013 pag.
675 3943 802 3998 255.

377 4033 715 4104 Praecipuum
764 4034 1006 4091 Africani
1057 4051 1196 4108 opus
1249 4037 1354 4092 fuit
1400 4039 1868 4112 Chronographia,

1983 3320 2036 3356 κ.
2069 3319 2118 3354 τ.
2160 3299 2211 3357 λ.
2254 3301 2384 3373 (14).
2446 3300 2576 3357 Vide
2633 3311 2688 3357 et
2732 3302 2971 3357 Africani
3037 3302 3337 3372 fragmenta
3397 3307 3542 3374 apud

1981 3393 2329 3450 Lambecium
2375 3394 2468 3448 lib.
2499 3410 2538 3457 r,
2595 3410 2718 3465 pag.
2744 3395 2866 3462 141,
2915 3404 2968 3449 et
3011 3395 3106 3448 lib.
3146 3412 3227 3459 ιιι,
3292 3413 3414 3467 pag.
3446 3398 3538 3452 59.

1982 3483 2155 3555 [Adde
2203 3483 2366 3538 catal.
2415 3483 2574 3538 codd.
2625 3483 2718 3539 Gr.
2747 3483 2934 3540 Venet.
2985 3484 3048 3537 Ι).
3095 3483 3284 3552 Marci,
3321 3502 3444 3559 pag.
3471 3486 3542 3541 42

1979 3576 2096 3642 ﬁn.,
2127 3585 2181 3630 et
2204 3576 2362 3632 catal.
2396 3575 2526 3630 bibl.
2563 3575 2812 3631 Monach.
2847 3576 3065 3642 Bavar.,
3096 3593 3217 3648 pag.
3248 3578 3362 3651 '55.]

2068 3667 2245 3722 Etiam
2292 3667 2430 3741 Acta
2474 3669 2718 3737 martyrii
2765 3666 3133 3738 Symp/torosa:
3193 3669 3538 3741 ﬁliorumque

1975 3759 2118 3828 ejus,
2170 3760 2274 3815 sub
2319 3740 2560 3813 Adriano
2606 3775 2915 3829 passorum,
2964 3761 3023 3814 in
3074 3777 3206 3816 mss.
3258 3761 3538 3818 codicibus

1973 3850 2117 3905 Julio
2158 3850 2416 3906 Africano
2462 3851 2778 3906 tribuuntur
2833 3861 2886 3907 et
2935 3853 3039 3907 sub
3081 3853 3200 3922 ejus
3245 3855 3465 3910 nomine
3504 3870 3537 3908 a

1973 3941 2282 3998 Mombritio
2326 3942 2737 4009 Mediolanensi,
2787 3951 2924 3998 tom.
2960 3942 3002 3998 ll
3035 3944 3152 3997 Act.
3187 3943 3432 3999 Sanctor.
3483 3953 3537 4000 et

1972 4036 2027 4090 in
2060 4046 2331 4106 postrema
2367 4035 2514 4091 Surii
2561 4036 2804 4091 editione
2849 4037 2913 4090 ad
2944 4036 3010 4089 18
3038 4035 3167 4090 Julii
3201 4038 3340 4090 edita
3385 4045 3532 4092 sunt.

309 4140 578 4181 annorum
624 4126 784 4194 5625,
810 4128 923 4184 sive
957 4128 1136 4184 libriv
1162 4129 1240 4185 De
1269 4131 1609 4201 temporibus,
1638 4134 1708 4188 ab
1738 4135 1870 4190 orbe
1977 4128 2106 4184 Vide
2145 4129 2440 4184 Baronium
2488 4128 2556 4183 ad
2603 4127 2948 4198 Martyrolog.
3000 4127 3157 4182 Rom.
3186 4127 3252 4182 18
3304 4127 3413 4183 Jul.
3461 4128 3535 4183 Ει

307 4220 528 4276 condito
557 4235 727 4289 usque
754 4222 821 4276 ad
849 4237 902 4275 a.
929 4221 1064 4278 Chr.
1095 4223 1221 4291 221,
1258 4225 1457 4295 olymp.
1489 4227 1674 4294 ch,i,
1706 4227 1871 4284 Graio
1967 4222 2174 4294 quidem
2205 4221 2322 4290 ﬁeri
2348 4221 2540 4290 potuit,
2591 4218 2768 4289 inquit
2808 4217 3182 4303 Theodoricus
3206 4218 3530 4287 Ruinartus,

306 4323 361 4370 ct
402 4314 630 4370 Seleuco
679 4329 821 4371 coss.
875 4315 956 4370 Ex
999 4331 1130 4387 quo,
1178 4317 1303 4372 licet
1349 4319 1517 4385 hodie,
1565 4322 1866 4391 deperdito,
1969 4313 2062 4381 qui
2097 4313 2292 4366 iterum
2340 4310 2525 4366 recudi
2559 4309 2770 4363 curavit
2817 4310 2870 4362 in
2898 4309 3045 4363 Actis
3086 4310 3290 4363 selectis
3327 4321 3533 4383 marty-

305 4407 473 4462 multa
499 4406 766 4462 Eusebius
816 4406 870 4461 in
915 4422 1017 4463 suo
1043 4407 1302 4463 Chronico
1354 4419 1410 4465 et
1440 4410 1742 4483 Syncellus,
1777 4412 1863 4468 Jo.

1990 4418 2086 4455 'um
2122 4402 2213 4469 20,
2258 4403 2314 4456 in
2363 4401 2511 4457 Actis
2543 4399 2642 4455 SS.
2663 4401 2948 4471 Antwerp.,
2974 4400 3040 4455 ad
3070 4401 3124 4456 d.
3153 4401 3220 4456 18
3247 4400 3377 4470 Jul.,
3407 4420 3526 4476 pag.

300 4494 495 4550 Malala
545 4495 660 4568 [qui
711 4497 881 4552 octies
921 4513 1049 4553 eum
1103 4498 1266 4566 citat,
1313 4501 1632 4572 plerumque
1682 4504 1868 4559 addito
1897 4509 1945 4568 ι)
1970 4495 2095 4560 558,
2122 4505 2257 4549 tom.
2282 4493 2374 4559 ιν,
2401 4503 2459 4547 ut
2487 4494 2543 4547 in
2567 4494 2808 4563 Africani
2841 4493 2990 4548 libris
3013 4495 3076 4548 de
3099 4491 3530 4566 Cltronograpliia

300 4581 394 4640 τοῦ
427 4589 734 4656 σοφωτάτου
776 4589 1078 4663 epitheto],
1137 4591 1492 4662 Theophanes
1516 4635 1531 4661 ,
1587 4594 1862 4652 Cedrcnus
1965 4587 2166 4639 inserta
2195 4584 2414 4653 fuerint.
2455 4581 2562 4637 Sed
2610 4583 2663 4637 in
2700 4584 3033 4653 temporibus
3075 4601 3105 4639 a
3141 4585 3359 4642 Christo
3399 4597 3528 4642 nato

300 4681 503 4750 aliique
553 4683 892 4752 οιιτοηοιρεί,
941 4692 1105 4753 atque
1158 4683 1213 4738 in
1256 4685 1342 4740 his
1382 4697 1576 4740 auctor
1613 4685 1862 4742 Chronic;
1963 4679 2120 4748 longe
2151 4675 2475 4738 breviorem,
2505 4690 2670 4744 quam
2714 4675 2768 4728 in
2800 4676 3242 4731 antecedentibus
3278 4679 3525 4735 aetatibus

298 4774 585 4844 paschalis,
615 4755 790 4846 quod.
799 4777 1224 4831 Alexandrinum
1276 4778 1438 4847 vulgo
1481 4789 1698 4842 vocant,
1743 4788 1856 4834 tum
1964 4769 2159 4833 fuisse,
2209 4775 2441 4822 testatur
2469 4765 2696 4822 Photius
2721 4767 2843 4821 cod.
2874 4783 3059 4822 xxxiv.
3109 4767 3312 4838 Itaque,
3355 4771 3400 4825 si
3434 4788 3526 4827 ve-

298 4865 794 4922 Latino-Barbarus
835 4869 1068 4937 scriptor
1113 4877 1496 4936 excerptorum
1541 4870 1861 4926 utilissimo—
1961 4876 2082 4914 rum
2134 4866 2222 4915 εει
2269 4857 2512 4918 Eusebii,
2564 4857 2711 4928 (11³οά
2758 4858 2812 4912 in
2863 4858 3053 4913 ίῖδάθιη
3102 4861 3252 4914 Αοιίε
3283 4861 3521 4929 addilm‘.

297 4972 420 5011 rum
464 4973 528 5012 ex
560 4956 816 5026 Eusebio,
862 4957 1117 5013 Africano
1162 4969 1217 5014 et
1261 4960 1403 5022 aliis,
1449 4976 1572 5030 quae
1618 4961 1858 5032 Scaliger
1961 4951 2373 5017 testimonium,
2459 4950 2606 5020 (Ιυοά
2657 4948 2950 5004 Africanus
3010 4959 3129 5005 ac“!
3195 4965 3516 5024 martyrum.

295 5047 465 5102 edidi;
493 5048 561 5102 ad
582 5050 783 5104 calcem
815 5048 1073 5104 ωποηξοί
1097 5047 1501 5121 Hieronymiani
1526 5065 1650 5121 pag,
1671 5051 1740 5104 58
1769 5067 1851 5122 sq.
1956 5050 2222 5113 quotquot
2264 5041 2449 5095 Romae
2479 5049 2534 5094 et
2573 5055 2670 5110 per
2695 5039 2899 5094 Italiam
2928 5043 3073 5110 passi
3117 5052 3291 5107 erant,
3325 5043 3520 5100 litteris

295 5139 428 5213 [Sed
466 5139 767 5211 fragmenta
793 5141 1059 5207 Africani,
1089 5141 1309 5197 Eusebii
1330 5151 1388 5198 et
1412 5141 1648 5214 Syncelli
1680 5141 1855 5197 Scali-

1990 5134 2391 5204 onsignaverit,
2440 5133 2494 5186 in
2537 5133 2645 5187 alio
2688 5147 2849 5203 opere
2891 5148 2956 5188 ac
2993 5133 3049 5188 in
3086 5133 3516 5205 C/zronographia

260 5246 387 5302 .ger
431 5229 660 5286 confuse
701 5231 917 5301 posuit;
970 5238 1160 5286 contra
1191 5228 1308 5285 Jac.
1361 5228 1574 5284 Goarus
1628 5228 1856 5284 sollicite
1955 5223 2165 5281 fecerit.

290 5323 690 5378 discriminavit
729 5324 785 5379 in
826 5338 927 5378 sua
967 5321 1250 5394 editione.)
1300 5321 1371 5375 At
1413 5321 1559 5377 enim
1609 5320 1746 5376 liber
1779 5320 1852 5374 De
2027 5318 2268 5388 Denique
2297 5315 2479 5372 Hebed
2515 5314 2643 5371 Jesu
2685 5317 2740 5370 in
2764 5315 3020 5386 Catalogo
3064 5315 3326 5370 librorum
3353 5315 3516 5373 Chal-

288 5413 633 5468 divisionibus
674 5424 724 5470 et
749 5414 1167 5484 generationibus
1195 5414 1426 5484 gentium
1459 5412 1679 5481 Canisio
1711 5421 1848 5468 tom.
1954 5411 2218 5476 datorum,
2255 5425 2310 5463 ιι.
2336 5410 2424 5472 15,
2458 5407 2707 5471 allirmat,
2762 5416 2976 5464 exstare
3006 5407 3071 5461 B.
3093 5407 3358 5475 Africani,
3400 5412 3512 5480 epi-

286 5503 335 5561 ll
371 5506 660 5577 Antiquar.
709 5505 945 5562 Lection.
997 5522 1120 5578 pag.
1149 5506 1276 5573 579,
1307 5515 1470 5576 atque
1507 5503 1850 5560 emendatius
1951 5503 2095 5572 scopi
2146 5500 2367 5568 Emaus,
2421 5500 2819 5552 commentarios
2873 5497 2941 5551 N.
2996 5497 3058 5552 T.
3098 5507 3149 5551 et
3191 5496 3508 5556 Chronicén.

359 5646 471 5718 (14)
497 5644 851 5718 Οριιεοιιιιιπι
872 5645 989 5718 Ιιοο
1011 5661 1077 5702 ex
1103 5645 1328 5718 duobus
1356 5610 1852 5718 codicibusblona-
1952 5637 2198 5718 _Litterat.
2231 5645 2358 5698 etc.,
2387 5645 2535 5718 anno
2549 5629 3147 5718 zp.‘tl,P.ﬂd;9?.e
3160 5629 3514 5718 rqupggcri:

288 5698 814 5772 censiibu'srediditet
840 5698 1358 5770 latinitateidtmavit
1386 5712 1585 5768 J.Chr.
1610 5711 1848 5765 Frehern
1952 5707 2188 5777 bendum
2245 5703 2456 5777 curavit
2493 5708 2569 5777 _et
2611 5698 2770 5777 nobis
2808 5699 3111 5777 transmisit
3160 5698 3226 5748 D'
3249 5698 3513 5754 Henricus

288 5766 1374 5856 ὖόὶὶᾝνὶὶιῖιῖἦ(διοὲίὄὶἾῑέάιὲάάίιαὶ
1395 5766 1715 5852 Geschichte
1739 5781 1846 5835 and
1954 5773 2275 5844 Deuzinger,
2306 5766 2800 5839 Wirceburgensis.
2837 5767 2993 5824 Enrr.
3025 5766 3197 5821 Pun.
3235 5859 3282 5923 2

609 5881 840 5923 Durant
915 5879 1005 5923 an
1069 5881 1156 5923 Υ-
1231 5874 1236 5877 ’

606 5881 874 5943 ΡΑτιιοι..
915 5879 1008 5942 Gtt
1069 5881 1156 5942 Χρ
