4074 6368
519 317 590 371 45

1793 312 2034 370 JULlUS
2082 312 2491 371 AFRICANUS.

3670 323 3740 378 ιι

521 435 665 490 Sane
690 433 970 507 Origenes,
998 450 1116 505 pag.
1152 434 1259 489 ΞΗ
1294 435 1532 506 epistolas
1555 434 1620 490 de
1646 434 1897 488 Susanna
1927 434 2072 489 At‘ri-
2101 442 2148 498 Α
2176 436 2235 491 S.
2277 435 2566 500 Trinitate,
2610 434 2686 489 De
2718 436 3129 502 circumcisione,
3163 437 3240 490 De
3279 437 3482 504 Attalo,
3517 437 3597 494 De
3631 440 3741 496 Pa-

450 578 456 584 .
519 545 717 584 canum
750 529 956 590 laudat,
990 535 1052 583 ut
1089 527 1283 591 πολλὰς
1315 527 1593 598 διατριϐὰς
1635 527 1823 598 ἔχοντα
1857 529 1914 579 ὲν
1957 531 2098 591 ταῖς’

516 619 796 686 ὲξετάσεσι
833 623 929 676 καὶ
958 621 1204 693 μελέταις
1230 623 1325 691 τῆς
1352 620 1588 690 Γραφῆς.
1661 620 1726 674 Et
1749 619 1923 674 Julius
1952 620 2074 689 qui-

517 713 642 767 dam
685 713 918 768 subinde
961 714 1014 767 in
1041 712 1256 767 Catenis
1285 711 1503 777 eitatur,
1538 711 1668 766 etin
1701 711 1905 764 Catena
1931 709 2069 764 Cor-
2131 717 2138 724 '

517 803 737 858 deriana
767 803 822 857 in
850 802 1108 858 Joannem
1138 810 1362 857 vocatur
1384 800 1563 855 Julius
1590 799 1893 870 episc0pus.
1929 798 2070 853 Lau-

517 898 678 951 datur
736 897 898 951 etiam
949 894 1074 950 Julii
1127 894 1549 950 commentarius
1610 892 1666 947 in
1719 891 1981 946 Joannem
2037 908 2067 945 a

517 989 666 1044 Mose
713 988 1017 1059 Barcepha,
1076 985 1248 1058 Syro,
1303 986 1381 1041 de
1423 983 1694 1054 paradiso.
1755 982 1837 1054 [In
1868 982 2069 1044 Nicetze

517 1081 722 1135 Catena
747 1081 860 1136 sive
907 1079 1110 1150 sylloge
1163 1079 1515 1148 interpretum
1561 1076 1764 1146 Evang.
1803 1075 1961 1131 Luca:
2000 1092 2066 1132 ex

512 1172 767 1226 Africano
797 1173 1041 1240 quaedam
1071 1185 1189 1225 esse
1219 1178 1492 1238 excerpta,
1521 1168 1596 1222 ait
1627 1166 1978 1223 Montl‘aucon
2007 1169 2064 1222 in

504 1261 772 1317 ‘Biblioth.
806 1262 1162 1327 Coisliniana,
1198 1276 1318 1331 pag.
1339 1259 1451 1331 63.]
1484 1257 1685 1314 Confer
1717 1257 1870 1312 Pauli
1903 1258 2066 1313 Colo-

508 1355 668 1410 mesii
704 1355 772 1410 de
811 1355 1167 1425 scriptoribus
1207 1352 1590 1408 ecclesiasticis
1628 1350 2059 1423 Paralipomena.

581 1447 656 1502 De
689 1447 911 1517 epistola
942 1447 1012 1500 ad
1042 1445 1315 1517 Origenem
1351 1446 1548 1514 scripta
1579 1445 1644 1499 de
1673 1443 1935 1499 Susanna:
1980 1445 2063 1497 hi-

507 1541 674 1594 sloria
716 1547 772 1595 et
802 1539 1046 1610 Origenis
1082 1538 1150 1592 ad
1180 1536 1496 1594 Africanum
1531 1536 1910 1606 responsione,
1938 1550 2061 1605 qum

505 1628 690 1686 Greece
719 1639 774 1684 et
800 1629 989 1684 Latine
1022 1636 1218 1694 exstat,
1246 1629 1450 1682 dictum
1483 1635 1567 1682 est
1597 1627 1810 1681 abunde
1854 1626 1910 1680 in
1937 1639 2056 1693 cap.

503 1724 570 1779 de
595 1723 824 1794 Origene
872 1721 1007 1793 (l5).
1063 1721 1351 1776 Meminere
1401 1719 1546 1774 illius
1592 1717 1790 1773 Euseb.
1835 1731 1916 1780 vr,
1967 1717 2056 1782 51,

2174 529 2330 593 scha,
2365 527 2438 581 De
2467 526 2695 581 Sabbato
2717 567 2732 592 ,
2762 528 2945 583 nullus
2979 537 3251 591 veterum,
3293 529 3438 598 quod
3479 531 3735 602 equidem

2175 622 2365 683 sciam,
2399 630 2808 678 commemorat.

2241 709 2617 765 Commentum
2659 711 2956 766 absurdum
3005 710 3074 765 de
3109 710 3292 767 Abdiz
3316 710 3627 783 Babylonici
3670 714 3738 768 ll-

2171 798 2283 854 bris
2331 813 2399 854 ex
2448 799 2714 855 Hebraico
2762 817 2859 869 per
2906 799 3247 870 Eutropium,
3301 804 3489 858 nescio
3544 820 3730 874 quem,

2168 890 2369 955 Crzeee,
2413 900 2573 961 atque
2621 892 2743 945 inde
2788 908 2818 946 a
2844 889 2990 946 Julio
3022 892 3277 946 Africano
3310 892 3507 950 Latine
3536 899 3730 961 versis,

2165 991 2219 1035 et
2246 998 2367 1051 qua
2408 983 2461 1037 in
2499 983 2668 1037 Abdia
2703 982 2820 1052 ipso
2852 983 2947 1038 lib.
2977 999 3051 1047 vr,
3090 999 3209 1054 cap.
3237 986 3328 1049 20,
3359 988 3428 1043 de
3455 987 3729 1055 Cratonis,

2164 1073 2413 1142 discipuli
2444 1073 2831 1141 apostolorum,
2861 1073 3012 1127 libris
3042 1075 3217 1128 decem
3261 1087 3474 1130 actuum
3519 1094 3730 1149 apostoo

2166 1165 2410 1228 licorum,
2427 1180 2521 1235 per
2541 1163 2743 1220 Julium
2768 1165 3087 1220 Africanum
3110 1165 3299 1222 Latine
3325 1170 3622 1229 translatis.
3653 1173 3729 1226 le-

2164 1264 2383 1324 guntur,
2422 1255 2679 1325 rejectum
2718 1271 2747 1310 a
2781 1271 2866 1310 me
2892 1257 3095 1320 videre,
3135 1258 3180 1312 si
3215 1259 3350 1313 tanti
3383 1268 3486 1324 est,
3519 1260 3646 1316 licet
3673 1263 3726 1317 in

2161 1346 2358 1402 Codice
2387 1348 2700 1418 apocrypho
2733 1346 2867 1402 Novi
2895 1347 3135 1403 Testam.
3172 1360 3311 1418 part.
3347 1365 3408 1405 ll.

2225 1434 2431 1490 Julium
2484 1447 2732 1491 nostrum
2774 1437 3113 1503 Africanum,
3148 1437 3423 1493 Ccslorum
3466 1449 3522 1496 et
3554 1441 3723 1496 Chro-

2159 1527 2380 1596 nologite
2415 1527 2768 1597 scriptorem,
2817 1529 2872 1582 in
2925 1529 3032 1583 duo
3062 1531 3145 1585 vel
3195 1539 3306 1585 tres
3361 1542 3554 1600 praeter
3605 1549 3723 1589 rem

2157 1617 2468 1672 distrahunt
2497 1619 2599 1671 viri
2631 1618 2795 1672 docti.
2833 1617 2889 1672 In
2924 1619 3081 1690 longe
3116 1620 3297 1689 plures
3338 1631 3519 1676 autem
3546 1621 3726 1678 Hend-

2159 1709 2392 1763 reichius
2421 1709 2475 1762 in
2493 1707 2770 1762 Pandectis
2787 1710 3528 1783 Brandenburgicis.—Fuere
3545 1723 3722 1770 tamen

507 1811 681 1880 Hist.;
713 1811 1068 1882 Hieronymus
1107 1813 1161 1865 in
1204 1809 1478 1880 Catalogo,
1521 1823 1641 1878 cap.
1673 1807 1770 1873 6'5;
1805 1805 2052 1871 Photius,
2087 1821 2130 1880 Β
2157 1815 2188 1854 a
2232 1809 2419 1854 nostro
2480 1800 2722 1856 distincti
2759 1820 2773 1856 :
2828 1801 2881 1854 1.
2916 1801 3095 1855 Julius
3151 1805 3459 1872 Africanus,
3514 1816 3721 1873 orator,

503 1903 854 1966 cod.‘xxx1v;
888 1901 1220 1972 Nicephorus
1253 1918 1305 1965 ν,
1331 1901 1422 1966 21,
1455 1910 1509 1955 et
1537 1899 1736 1956 Suidas
1776 1899 1834 1954 in
1868 1900 2052 1968 Ἀρρια-

501 1999 686 2062 rear-dc
712 2012 775 2051 ac
801 1994 1108 2050 Σωσάννα.
1131 2026 1203 2038 -
1231 1994 1396 2066 [edita
1424 2001 1508 2048 est
1534 1993 1680 2048 illius

2155 1905 2314 1960 quem
2345 1891 2774 1955 concitatiorem,
2802 1893 2896 1947 sed
2931 1894 2983 1947 in
3013 1909 3145 1948 cura
3171 1896 3461 1951 verborum
3492 1901 3719 1955 ennium

2153 1992 2208 2038 et
2235 1982 2628 2052 compositione
2658 1997 3051 2053 nonnunquam
3089 1984 3414 2054 longiorem,
3445 2002 3510 2041 ac
3539 1996 3718 2044 trans-

572 2087 817 2158 Epistola
862 2087 929 2141 ad
979 2087 1252 2159 Origenem
1298 2088 1359 2141 de
1408 2085 1684 2152 Susanna,
1735 2103 1855 2140 cum
1900 2087 2053 2140 initio

2152 2072 2445 2128 lationibus
2479 2088 2671 2143 parum
2708 2073 2982 2128 modicum
3014 2074 3204 2137 fuisse,
3244 2076 3431 2130 scribit
3465 2077 3724 2143 Quincti-

501 2179 847 2247 responsianis
873 2177 1134 2248 Origenis,
1158 2177 1339 2232 Graece
1364 2191 1458 2246 per
1482 2175 1620 2230 Dan.
1651 2174 2050 2244 Hoescbelium,

499 2285 624 2324 cum
661 2268 880 2322 Adriani
929 2266 1141 2338 lsagoge
1180 2268 1234 2320 in
1280 2284 1461 2320 sacras
1498 2265 1751 2334 Litteras,
1798 2267 2054 2337 Augusta!

498 2358 762 2414 Vindelic.
795 2359 952 2424 1602,
979 2359 1134 2425 i;—
1156 2367 1208 2413 et
1239 2373 1361 2413 cum
1395 2359 1748 2427 responsione
1780 2357 2050 2429 Origenis,

498 2452 592 2509 Gr.
628 2461 681 2508 et
704 2451 823 2506 Lat.
859 2465 979 2506 cum
1013 2449 1156 2503 notis
1185 2446 1234 2502 J.
1266 2448 1532 2518 lludolphi
1587 2439 1893 2514 Wetstenii,
1924 2466 2049 2505 cum

495 2541 738 2614 Origcnis
765 2541 979 2612 dialogo
1007 2550 1189 2594 contra
1218 2537 1584 2593 Marcionitas.
1617 2537 1779 2593 Basil.
1809 2537 1964 2605 1674,
1993 2540 2048 2604 4,

493 2648 614 2706 pag.
641 2631 972 2688 220.-—Pars
999 2631 1240 2699 epistolae
1258 2626 1506 2698 Origenis
1535 2629 1601 2682 ad
1627 2627 1940 2684 Africanum
1967 2639 2052 2686 est

494 2730 547 2783 in
577 2726 698 2782 cod.
725 2725 951 2780 C'oislin.
980 2721 1123 2788 XXI,
1153 2723 1280 2777 olim
1307 2718 1681 2782 CCXXXVIII,
1717 2730 1851 2778 teste
1874 2721 2048 2778 Mont-

492 2818 689 2873 l'aucon
722 2817 777 2870 in
806 2814 944 2870 Bibl.
970 2813 1222 2874 Coislin.,
1261 2828 1381 2883 pag.
1415 2812 1504 2866 65.
1540 2809 1733 2884 Βίων]

562 2909 640 2963 Ex
683 2906 904 2977 epistola
945 2903 1014 2959 ad
1045 2905 1352 2968 Aristidem,
1380 2919 1489 2973 qua
1522 2901 1757 2958 Matthxi
1799 2912 1853 2960 et
1886 2903 2050 2962 Luca:

493 3001 831 3057 narrationes
863 2997 927 3051 de
949 2995 1249 3068 genealogia
1277 2995 1474 3050 Christi
1501 2995 1641 3050 inter
1667 3011 1726 3050 se
1754 2997 2051 3051 concilian-

495 3102 602 3160 tur,
628 3091 834 3163 profert
854 3088 1113 3143 nonnulla
1143 3086 1410 3142 Eusebius
1439 3086 1532 3141 lib.
1561 3101 1577 3139 ι
1602 3085 1832 3153 Histor.,
1858 3103 1973 3158 cap.
1992 3089 2048 3156 7,

491 3197 653 3256 atque
683 3200 750 3239 ex
786 3183 878 3237 illo
911 3180 1247 3251 Nicephorus
1277 3179 1372 3233 lib.
1407 3195 1445 3242 ι,
1482 3194 1604 3250 cap.
1630 3179 1692 3233 11
1726 3195 1836 3250 sq.,
1866 3189 1920 3236 et
1944 3182 2048 3236 Ca-
2073 3175 2117 3233 C

490 3290 612 3333 tena
641 3292 746 3331 ms.
793 3275 848 3329 in
866 3272 1074 3328 "Ltteam
1110 3271 1252 3343 apud
1297 3269 1649 3326 Lambecium
1681 3287 1766 3336 ιιι,
1798 3287 1920 3342 pag.
1953 3273 2045 3338 62,

489 3369 615 3425 licet
665 3366 1009 3422 traditionem
1064 3363 1135 3418 ab
1175 3362 1429 3418 Africano
1462 3361 1514 3416 in
1546 3362 1636 3416 illa
1669 3363 1896 3432 epistola
1929 3365 2050 3420 lau-

489 3461 670 3517 datam
698 3473 796 3529 pro
825 3462 1076 3525 suspecta
1109 3454 1307 3508 habeat
1333 3453 1661 3520 Dodwellus,
1694 3469 1819 3526 pag.
1848 3456 1937 3523 58,
1979 3455 2049 3511 ad

488 3548 1022 3609 lrenaaum.‘Laudat
1060 3546 1207 3600 illam
1234 3547 1518 3616 epistolam
1549 3545 1819 3602 Eusebius
1853 3549 2046 3603 iterum

488 3661 566 3710 vr,
594 3644 684 3710 51,
717 3657 780 3698 ac
806 3650 1002 3712 praeter
1026 3639 1436 3710 Hieronymum,
1459 3637 1824 3710 Photiumque
1859 3656 1924 3695 ac
1952 3639 2048 3695 Ni-

490 3737 784 3807 cephorum
807 3752 861 3800 v,
881 3733 972 3801 21,
997 3731 1335 3802 Augustinus
1390 3746 1455 3795 ιι,
1485 3730 1538 3796 7,
1567 3729 2044 3786 Retractationum.

561 3828 954 3902 [Scriptoribus
991 3825 1084 3896 qui
1118 3826 1184 3880 de
1208 3822 1445 3879 Africani
1481 3824 1592 3878 vita
1633 3833 1686 3879 et
1716 3823 1840 3879 fatis
1880 3839 2048 3894 expo-

489 3930 716 3979 suerunt
760 3917 1204 3974 annumerandus
1259 3924 1342 3970 est
1366 3914 1664 3970 Gallandus
1714 3915 1767 3969 in
1796 3915 2043 3988 Prolegg.

486 4014 553 4071 ad
590 4012 841 4069 Biblioth.
875 4011 1050 4074 Putr.,
1087 4019 1126 4064 t.
1160 4008 1238 4074 H,
1270 4025 1320 4064 c.
1345 4008 1437 4073 26,
1497 4023 1554 4078 p.
1584 4024 1766 4062 xxxvu
1814 4023 1922 4077 sq.,
1953 4008 2059 4078 qui

486 4116 542 4163 et
563 4106 742 4163 omnia
770 4101 1230 4173 Chronographiaa
1255 4100 1375 4170 ejus
1407 4099 1727 4169 fragmenta,
1757 4115 1877 4170 quae
1905 4099 2047 4169 apud

483 4198 800 4261 Eusebium,
825 4195 1107 4260 Basilium,
1141 4193 1448 4266 Syncellum
1483 4203 1537 4247 et
1569 4193 1705 4246 alios
1728 4201 2045 4256 occurrunt,

476 4290 638 4362 juxta
665 4289 909 4344 ordinem
947 4287 1210 4341 librorum
1244 4286 1358 4341 sive
1381 4299 1481 4355 pro
1507 4294 1808 4353 temporum
1840 4283 2048 4338 ratione

487 4381 717 4452 digesta.
755 4396 864 4435 una
893 4395 1016 4436 cum
1060 4377 1282 4448 epistola
1320 4376 1387 4430 ad
1421 4377 1697 4447 Origenem
1731 4376 1793 4430 de
1820 4375 2045 4429 historia

2153 2162 2332 2218 lianus
2357 2178 2413 2228 ι,
2443 2164 2594 2229 1;—
2614 2164 2671 2217 2.
2702 2163 2936 2218 oratoris
2989 2179 3175 2234 nepos,
3202 2163 3380 2219 Julius
3411 2167 3720 2236 Africanus,

2150 2255 2219 2309 de
2255 2269 2365 2324 quo
2404 2253 2616 2310 Plinius
2649 2271 2746 2318 vn,
2770 2256 2836 2322 6,
2859 2253 3132 2325 Epist.;—
3162 2256 3215 2309 5.
3247 2254 3438 2312 Sextus
3473 2257 3720 2314 Cecilius

2153 2345 2801 2416 Africanus,juriscons..
2822 2355 2874 2401 et
2904 2347 3038 2401 alter
3063 2348 3268 2417 junior,
3292 2349 3573 2420 Papiniani
3608 2353 3719 2407 dis-

2154 2436 2404 2505 cipulus,
2440 2437 2508 2492 de
2535 2436 2734 2507 quibus
2762 2436 2873 2490 dixi
2910 2438 2963 2491 in
2987 2437 3315 2494 Bibliotheca
3347 2440 3718 2497 LalinaJllud

2151 2539 2280 2580 vero
2307 2526 2567 2596 lepidum,
2601 2526 2746 2597 quod
2773 2528 3088 2583 Africanum
3124 2540 3359 2600 poetam,
3395 2548 3620 2598 caecum,
3647 2533 3716 2587 ab

2149 2614 2325 2672 Ennio
2349 2619 2648 2683 laudatum,
2666 2621 2928 2690 exsculpit
2946 2619 3332 2680 Hendrcichius
3360 2641 3428 2680 ex
3451 2623 3715 2681 Lactantii

2147 2709 2241 2765 lib.
2276 2710 2576 2767 Ilnstitutt.
2605 2714 2852 2781 divinam,
2888 2730 3006 2784 cap.
3031 2715 3118 2782 18,
3147 2733 3271 2772 cum
3299 2719 3374 2773 ibi
3399 2718 3716 2776 Lactantius

2148 2803 2339 2860 atl‘erat
2369 2821 2561 2860 versus
2586 2803 2769 2870 Ennii,
2802 2807 3000 2876 quibus
3033 2808 3264 2878 loquens
3296 2810 3572 2867 inducitur
3599 2812 3717 2869 Sci-

2146 2897 2237 2966 pio
2266 2896 2592 2966 Africanus,
2633 2898 2955 2968 jactansque
2998 2900 3178 2957 clades
3235 2904 3420 2972 generi
3476 2905 3717 2962 humano

2148 3002 2182 3042 a
2209 3002 2270 3042 se
2299 2988 2476 3044 illatas
2495 3029 2512 3054 ,
2545 2989 2694 3044 hisce
2720 2989 2931 3044 verbis:

2220 3101 2284 3156 Si
2313 3102 2396 3172 [as
2416 3103 2675 3174 ‘cardcndo
2707 3104 2936 3158 calestia
2967 3104 3218 3158 scandere
3247 3106 3495 3174 cuiquam
3525 3122 3604 3163 est
3623 3149 3640 3174 ,

2407 3171 2485 3226 Mi
2523 3173 2624 3226 soli
2662 3176 2776 3227 caeli
2815 3175 3049 3228 maxima
3085 3186 3236 3244 porta
3271 3171 3437 3243 patet.

2150 3283 2361 3351 Quibus
2389 3285 2584 3342 deinde
2619 3285 2934 3343 Lactantius
2977 3288 3256 3361 subjungit
3283 3306 3296 3342 :
3322 3289 3623 3366 '0;quantis
3657 3294 3713 3347 in

2150 3376 2408 3441 tenebris,
2453 3379 2739 3447 Africane,
2795 3391 3032 3434 versatus
3079 3397 3155 3444 es,
3208 3381 3286 3435 uel
3336 3384 3509 3451 potius
3559 3397 3713 3454 poeta

2149 3467 2349 3538 (Enni!
2370 3470 2411 3539 ),
2455 3472 2546 3540 qui
2585 3488 2676 3540 per
2715 3475 2880 3526 caedes
2915 3482 2964 3526 ct
2999 3475 3305 3543 sanguinem
3336 3487 3514 3544 patere
3542 3479 3714 3530 homi-

2148 3562 2298 3615 nibus
2329 3563 2638 3618 adscensum
2669 3565 2725 3618 in
2754 3565 2939 3619 calum
2968 3576 3146 3636 putas.
3199 3565 3474 3624 Hactenus
3517 3567 3709 3623 Fabri-

2148 3651 2284 3708 cius.
2315 3652 2487 3708 Hanc.

2216 3743 2432 3800 Claudit
2483 3745 2860 3802 collectionem
2906 3743 3372 3804 Thevenotianam
3419 3759 3709 3817 tractatus,

2147 3834 2470 3892 Casaubono
2503 3837 2713 3907 pridem
2747 3837 2815 3891 ad
2843 3836 3128 3908 Polybium
3163 3850 3217 3894 et
3242 3839 3471 3896 Eneam
3503 3843 3708 3911 lectus,

2147 3938 2307 3998 atque
2357 3930 2411 3983 in
2458 3928 2751 3983 Barberina
2802 3929 3030 3998 aliisque
3117 3930 3459 3988 bibliothecis
3522 3936 3715 3989 obvius

2146 4021 2280 4094 [vid.
2311 4023 2557 4076 notitiam
2579 4020 2826 4076 codicum
2859 4036 3023 4091 supra
3052 4021 3283 4096 datam],
3315 4033 3476 4095 atque
3507 4042 3536 4079 ιι
3561 4024 3711 4080 Pari-

2147 4114 2418 4169 siensibus
2450 4113 2632 4168 itidem
2660 4111 2843 4168 Graece
2872 4122 3082 4167 tantum
3116 4113 3296 4169 editus
3327 4115 3392 4170 de
3426 4116 3712 4171 obsidione

2147 4206 2424 4262 toleranda
2471 4213 2526 4259 et
2570 4204 2896 4274 repellenda,
2950 4207 3132 4262 nescio
3180 4208 3338 4276 cujus
3389 4210 3709 4279 scriptoris,

2147 4300 2262 4361 sed,
2307 4308 2366 4352 ut
2393 4297 2628 4365 videtur,
2660 4297 2986 4362 Christiani,
3020 4298 3123 4353 sub
3156 4299 3311 4353 titulo
3340 4314 3354 4350 :
3387 4299 3573 4363 Ὅπως
3603 4299 3711 4370 χρὴ

2144 4389 2234 4443 τὸν
2257 4389 2360 4459 τῆς
2389 4387 2846 4459 πολιορκουμένης
2881 4389 3086 4452 πόλεως
3123 4389 3425 4459 στρατηγὸν
3451 4390 3586 4460 πρὸς
3615 4391 3715 4463 τὴν

491 4471 1144 4542 Susannw,'0rigenisque
1167 4469 1537 4544 responsione,
1557 4469 1792 4539 itemque
1806 4468 2045 4538 epistolae

2152 4480 2460 4565 πολιορκίαν
2504 4479 2918 4533 ἀντιτάσσεσθαι
2967 4480 3208 4550 (16),κα.ὶ
3259 4481 3390 4542 οἵοις
3430 4481 3713 4551 ἐπιτηδεύ-

487 4565 556 4622 ad
573 4564 865 4620 Aristidem
890 4564 1019 4635 ρήσε
1028 4563 1054 4615 ι’
1067 4561 1135 4616 ab
1151 4560 1382 4615 Eusebio
1399 4568 1631 4625 servata,
1654 4559 1827 4616 eidem
1842 4559 2046 4613 Biblio-

2153 4590 2284 4643 μασι
2330 4563 2530 4641 ταύτην
2577 4568 2998 4641 ἀποκρούεσθαι,
3047 4585 3172 4640 pag.
3200 4570 3458 4636 316-330,
3501 4582 3554 4628 et
3585 4588 3708 4644 pag.

479 4659 648 4714 theca:
675 4672 788 4713 suae
812 4667 960 4711 tomo
1002 4653 1126 4709 inde
1167 4669 1198 4708 a
1225 4669 1346 4725 pag.
1374 4651 1610 4707 559-576
1643 4652 1892 4714 inseruit,
1926 4651 2048 4705 his-

487 4763 595 4818 que
630 4745 949 4818 fragmentis
972 4745 1184 4812 Proleg.
1226 4759 1280 4812 p.
1304 4759 1393 4797 xu
1435 4743 1579 4798 aliud
1617 4744 1796 4798 adhuc
1837 4741 2048 4797 addidit

485 4854 554 4894 ex
579 4837 775 4893 Euseb.
802 4837 1052 4907 Prophet.
1084 4835 1265 4907 Eclog.
1307 4835 1371 4888 de
1404 4833 1614 4890 Christo
1645 4836 1823 4889 adhuc
1854 4833 2043 4888 incdit.

485 4929 581 4984 lib.
619 4944 704 4994 ιιι,
749 4943 868 4998 cap.
907 4927 1031 4989 ult.,
1071 4927 1473 4996 depromptum,
1506 4932 1562 4979 et
1600 4938 1631 4977 a
1659 4922 1955 4978 Lambecio
1990 4921 2046 4975 in

483 5019 779 5075 Comment.
806 5019 870 5073 de
892 5018 1019 5073 bibl.
1046 5017 1361 5082 Vindobon.,
1387 5017 1426 5071 l.
1453 5033 1490 5081 ι,
1513 5031 1570 5086 p.
1586 5013 1693 5069 251
1707 5014 1796 5070 ed.
1812 5013 2045 5074 Kollar.,

485 5113 542 5168 in
571 5113 748 5167 lucem
771 5110 1005 5179 primum
1023 5118 1385 5180 ‘prdtraetum.
1424 5108 1558 5163 Acta
1588 5115 1768 5161 autem
1797 5106 2047 5175 martyrii

487 5210 688 5256 sancta:
728 5199 1108 5272 Symphorosae
1152 5200 1368 5254 exhibet
1417 5197 1659 5268 ejusdem
1697 5194 2045 5260 Bibliotheca,

487 5301 528 5344 t.
559 5291 603 5355 l,
637 5306 691 5359 p.
713 5290 838 5345 59.9.
881 5289 1171 5360 Hann-255.]

471 5401 475 5418 ι
556 5381 690 5448 Quae
723 5378 776 5435 J.
804 5378 1136 5437 Tritbemius
1172 5381 1240 5435 ab
1263 5379 1519 5434 Africano
1555 5379 1752 5449 scripta
1780 5378 1943 5434 refert
1975 5377 2070 5465 De.

558 5573 670 5644 (15)
702 5572 841 5629 Vide
871 5583 1002 5628 tom.
1045 5572 1151 5638 X1,
1181 5535 1439 5643 proxime
1495 5578 1828 5639 sequentem.
1883 5569 2040 5626 EDIT.

487 5644 669 5795 Ῑῖλᾶιὲ)
703 5707 805 5795 Est
828 5709 1643 5795 vocabulumPilitarelJacobi
1662 5725 1734 5795 Iv,
1763 5708 2045 5795 ﬁtPtlntar-

481 5780 622 5844 chus
647 5780 703 5839 in
730 5782 961 5853 Pyrrho,
1001 5793 1133 5837 tum.
1169 5782 1213 5837 ll
1251 5783 1381 5841 edit.
1409 5783 1609 5848 0son.,
1639 5794 1765 5853 pag.
1791 5780 1918 5848 466,
1950 5782 2046 5834 ἀν-

2046 5888 2104 5899 ν...

2149 4663 2407 4716 561-564.

2149 4666 2179 4683 ’-
2255 4695 2280 4705 -
2355 4663 2407 4716 ι.

2149 4667 2261 4809 ῢϐὲ
2281 4663 2543 4825 anno,
2586 4752 2841 4816 Arriano,
2864 4750 3123 4823 Polyaeno
3163 4760 3218 4807 et
3245 4723 3443 4807 huic
3475 4749 3714 4823 Josepbo

2148 4848 2404 4918 pleraque
2432 4846 2500 4900 ad
2524 4845 2749 4901 verbum
2771 4844 3148 4914 descripsisse,
3175 4842 3288 4913 jam
3321 4844 3388 4898 ab
3413 4844 3713 4900 editoribus

2147 4941 2464 4996 adnotatum
2495 4946 2598 4994 est.
2646 4936 2999 4993 Archimedes
3030 4936 3337 5007 εὐμήχανον
3371 4934 3564 5005 σοφίαν
3595 4935 3714 4990 lau-

2146 5032 2275 5098 dat,
2314 5046 2440 5102 pag.
2465 5031 2590 5096 319,
2632 5029 2736 5083 526
2768 5043 2852 5098 sq.
2904 5029 3024 5083 Non
3068 5028 3226 5083 valde
3265 5027 3549 5097 antiquum
3594 5042 3716 5082 esse

2146 5132 2318 5194 patet,
2357 5122 2503 5194 quod
2552 5137 2674 5192 pag.
2706 5120 2812 5174 525
2840 5118 3136 5188 Josephum
3176 5127 3425 5173 aceenset
3466 5120 3577 5181 τοῖς
3609 5133 3715 5168 πα-

2147 5215 2334 5278 λαιοίς.
2388 5213 2455 5268 Et
2486 5210 2689 5267 Heroni
2728 5209 2889 5265 tertio
2920 5209 3087 5263 tribui
3128 5209 3182 5262 in
3217 5209 3403 5264 codice
3437 5207 3715 5262 Vindobo-
3759 5261 3764 5266 _

2149 5306 2321 5372 nensi,
2347 5305 2459 5374 jam
2485 5319 2648 5374 supra
2675 5302 2809 5367 dixi,
2841 5302 2869 5374 ᾗ
2906 5300 3012 5356 Vll.
3048 5300 3197 5372 [νεα.
3233 5299 3485 5355 Lambec.
3512 5309 3566 5354 et
3587 5297 3717 5350 Κοι-

2148 5396 2247 5451 lar.
2277 5410 2354 5449 vit
2387 5392 2678 5448 Comment.
2729 5390 2793 5444 de
2835 5391 2962 5444 bibl.
2990 5387 3218 5443 Caesar"
3259 5402 3382 5458 pag.
3408 5386 3532 5440 451.
3564 5383 3716 5437 Alri-

2149 5569 2613 5654 τισι-(ἔιξεισθο.ιῆμὲν⁵
2651 5571 3018 5654 ξςοοῆήθηξςιν,
3051 5569 3108 5650 in
3141 5563 3612 5654 aliiemmproceldere
3632 5562 3718 5654 ti-

2149 5632 2408 5695 muerunt.
2446 5632 2629 5710 [Can
2657 5632 2835 5696 ‘Kreh's
2879 5632 3034 5710 Dbss.
3084 5639 3138 5710 in
3154 5637 3251 5710 _N.
3287 5632 3348 5688 Τ.
3381 5651 3423 5710 le
3465 5632 3717 5710 Josepno,

2149 5727 2271 5781 pag.
2295 5710 2422 5773 222,
2448 5704 2517 5762 ἐι
2555 5724 2802 5781 quasego
2835 5708 3032 5781 notavi
3062 5708 3131 5781 ad
3154 5704 3535 5762 Demosthenis
3573 5710 3715 5759 orat.

2152 5775 2468 5846 De'carona,
2499 5775 2621 5850 cap.
2646 5775 2894 5852 88,'pag.
2929 5779 3056 5835 547.
3088 5775 3258 5831 Hanc.
