4074 6388
320 390 398 452 49
1797 392 2095 451 ΝΟΤΙἸΊΑ.
3509 398 3581 456 50

320 507 464 569 Item
498 529 532 567 a
581 512 807 569 Liminia
855 523 906 570 et
954 516 1205 572 Catulino
1256 532 1418 588 usque
1451 516 1508 571 in
1563 516 1881 571 consulatum

1999 516 2089 570 bet
2117 532 2129 568 :
2158 515 2332 569 Μόνον
2355 514 2511 585 ῐσμεν
2550 514 2875 587 Ἀφρικανὸν
2900 515 3286 587 ἀκριϐέστατα,
3317 517 3410 569 καὶ
3443 519 3582 585 μᾶλ-

323 606 627 661 Mamertini
649 615 699 661 et
733 605 962 664 Nevitta
990 608 1031 665 C
1040 607 1143 664 ΟΝ
1149 607 1250 664 SS.
1278 610 1403 663 anni
1428 607 1608 665 XIII.

548 714 643 770 Fit
670 719 726 770 in
751 733 958 774 summa
983 705 1151 774 omnis
1182 721 1308 775 anni
1348 717 1674 775 VDCCCLI.

389 829 616 887 Errores
648 830 797 901 ipsos
831 833 1345 902 repraesentavimus
1386 848 1518 889 sane
1559 830 1893 887 foedissimus

319 922 712 991 imperitissimi
760 923 994 978 librarii.
1044 922 1155 979 Nec
1193 924 1338 979 enim
1380 932 1538 978 vacat
1578 924 1892 992 impraesen-

318 1012 517 1069 tiarum
570 1013 677 1069 alia
731 1015 989 1070 adnotare
1013 1030 1178 1084 quam
1213 1030 1343 1084 quae
1387 1013 1591 1069 faciant
1621 1013 1687 1067 ad
1721 1012 1888 1077 illam,

314 1122 421 1176 qua
477 1105 547 1162 de
594 1106 844 1178 agimus,
899 1122 1149 1162 causam.
1198 1104 1333 1161 lllud
1378 1105 1563 1175 itaque
1605 1104 1662 1158 in
1698 1102 1891 1173 primis

314 1206 532 1254 constat
577 1213 609 1254 e
657 1198 909 1271 Syncello
943 1199 1091 1271 (19),
1120 1214 1323 1253 annum
1358 1198 1532 1268 ipsum
1577 1210 1687 1267 quo
1722 1194 1891 1251 Chro-

314 1290 468 1343 nicon
510 1304 670 1345 suum
710 1290 1021 1345 terminavit
1062 1288 1387 1354 Africanus,
1441 1286 1610 1343 fuisse
1655 1286 1887 1352 primum

313 1378 527 1451 Olymp.
562 1396 679 1446 ccc,
708 1396 818 1451 quo
843 1380 1007 1436 fuerit
1048 1381 1253 1436 archon
1289 1378 1569 1443 Philenus,
1614 1376 1891 1449 Elagabali

316 1488 379 1526 ιιι
409 1487 556 1527 coss.
583 1470 749 1526 Grato
771 1480 828 1526 et
864 1470 1109 1537 Seleuco,
1137 1487 1167 1526 a
1191 1469 1381 1541 primis
1429 1469 1689 1523 nimirum
1734 1482 1881 1523 coss.

313 1576 412 1628 pro
439 1558 680 1614 Africani
709 1560 1035 1628 rationibus,
1060 1560 1271 1616 vitiosis
1292 1570 1470 1615 tamen
1499 1558 1627 1622 illis,
1660 1572 1884 1613 nccxxv.

316 1649 409 1706 Hae
434 1660 576 1706 notae
604 1667 807 1706 annum
838 1651 1041 1708 Christi
1083 1652 1371 1724 designant
1408 1667 1596 1718 ccxxu,
1640 1666 1739 1721 pro
1767 1650 1887 1706 ΛΞΓ.

314 1743 459 1812 vulg.
506 1740 625 1799 Huc
665 1758 843 1814 usque
887 1743 1052 1815 igitur
1081 1743 1378 1800 Chronicon
1437 1759 1597 1799 suum
1641 1750 1753 1798 tam
1803 1758 1893 1797 ar-

312 1830 607 1886 chontibus
648 1845 815 1901 quam
849 1845 996 1887 coss.
1049 1847 1080 1887 a
1128 1832 1321 1903 primis
1355 1848 1529 1902 usque
1563 1833 1888 1889 archontum

312 1936 368 1979 et
384 1925 669 1980 consulum
694 1924 862 1982 initiis
877 1925 1194 1998 insignitum
1215 1926 1508 1983 deduxisse
1544 1927 1661 1997 ipse
1677 1926 1890 1981 videtur
1921 1916 1961 1971 Β

311 2013 623 2072 Africanus.
666 2016 734 2073 Et
757 2020 973 2088 quidem
1005 2018 1052 2073 si
1094 2032 1194 2088 pro
1230 2019 1333 2072 hac
1360 2016 1535 2071 forma
1576 2001 1639 2072 ἐι
1678 2017 1886 2087 reliqua

313 2106 635 2177 deduxerit,
686 2124 813 2165 cum
866 2110 1025 2164 annis
1077 2108 1689 2179 etiam°imperatorum
1736 2122 1880 2175 coss.

312 2198 450 2254 alios
483 2198 635 2254 illum
660 2200 1017 2271 conjunxisse
1045 2210 1472 2256 consentaneum
1502 2209 1604 2266 est,
1628 2215 1752 2255 cum
1786 2199 1888 2255 hos

312 2290 462 2360 ipsos
488 2304 635 2347 coss.
665 2305 792 2346 cum
820 2307 880 2346 ιιι
905 2290 1166 2347 Antonini
1189 2290 1467 2363 Elagabali
1491 2306 1635 2348 anno
1657 2291 1890 2361 conjun-

313 2378 474 2438 xerit.
522 2380 791 2438 Nimirum
845 2398 1051 2439 annum
1091 2384 1245 2438 illum
1297 2384 1577 2452 intelligit,
1622 2399 1733 2439 non
1776 2397 1888 2452 quo

314 2475 689 2530 monarchiam
737 2474 1043 2530 Alexander
1077 2480 1303 2546 adeptus
1341 2484 1445 2541 est,
1494 2475 1588 2531 sed
1630 2488 1740 2545 quo
1774 2474 1887 2543 pri-

313 2578 465 2619 mum
496 2564 788 2636 adoptatus
812 2575 898 2620 est
925 2566 995 2622 ab
1014 2624 1019 2629 ,
1037 2564 1352 2638 Elagabalo,
1398 2574 1453 2620 et
1477 2564 1660 2621 Caesar
1684 2564 1883 2628 factus,

311 2661 366 2707 et
398 2652 587 2709 socius
612 2654 667 2708 in
696 2654 950 2723 imperio.
980 2674 1000 2706 ι
1032 2653 1304 2711 Hactenus
1323 2654 1650 2710 Dodwellus.

384 2763 475 2820 IV.
528 2766 606 2820 Ex
638 2766 744 2822 hoc
787 2776 967 2821 autem
1016 2767 1260 2823 Africani
1312 2781 1477 2838 opere
1527 2764 1624 2835 qui
1676 2766 1886 2836 primus

315 2854 682 2927 chronolOgiae
721 2855 897 2912 fontes
920 2856 1225 2927 preclusisse
1259 2856 1612 2926 comperitur,
1642 2855 1735 2926 qui
1763 2862 1886 2924 post

316 2945 497 3017 Ipsum
521 2923 753 3001 ﬂoruere
783 2923 990 3003 veteies
1019 2923 1489 3018 chronograplios,
1532 2923 1741 3001 tantum
1765 2923 1883 3001 non

313 3051 539 3100 omnes,
583 3046 645 3092 ut
679 3038 842 3095 modo
876 3039 1186 3106 innuimus,
1230 3037 1523 3093 Eusebium
1560 3038 1613 3091 in
1656 3037 1882 3107 primis,

314 3124 646 3199 Syncellum,
675 3126 921 3182 Chronici
950 3128 1231 3184 Paschalis
1268 3137 1567 3196 auctorem,
1599 3126 1684 3183 Io.
1712 3127 1883 3183 Mala-

311 3217 459 3282 lam,
496 3217 880 3290 Theophanem
941 3220 1230 3290 aliosque,
1287 3220 1536 3277 hausisse
1596 3221 1878 3291 complura

312 3320 475 3380 atque
497 3310 553 3365 in
584 3325 683 3367 sua
708 3313 908 3383 scripta
934 3314 1232 3381 derivasse,
1264 3315 1398 3372 satis
1425 3327 1628 3371 norunt
1656 3316 1874 3372 eruditi.

311 3400 513 3455 Eorum
563 3410 743 3457 tamen
786 3405 1031 3475 plerique
1072 3406 1165 3476 qui
1214 3407 1335 3462 loca
1384 3422 1451 3461 ex
1489 3406 1746 3463 Africano
1787 3406 1880 3461 de-

310 3494 669 3562 scripserunt,
697 3497 938 3551 auctoris
966 3513 1161 3552 nomen
1193 3498 1530 3568 pmteriere:
1559 3506 1617 3553 ut
1646 3498 1876 3568 proinde

310 3582 454 3640 haud
495 3587 665 3641 multa
705 3589 1018 3658 supersint,
1068 3605 1189 3659 qua:
1232 3591 1644 3661 chronographo
1689 3598 1879 3645 nostro

310 3676 434 3731 sine
479 3677 589 3732 ulla
633 3680 1007 3735 controversia
1055 3680 1382 3736 tribuantur.
1429 3679 1719 3736 Maximam
1757 3681 1877 3751 ejus

307 3768 490 3839 operis
528 3767 954 3841 fragmentorum
984 3784 1190 3840 partem
1234 3772 1539 3843 suppeditat
1570 3772 1875 3844 Syncellus,

305 3861 508 3930 quibus
539 3862 740 3931 passim
774 3860 1021 3918 Africani
1060 3879 1257 3919 nomen
1296 3865 1681 3936 praatigendum
1716 3880 1877 3919 cura-

305 3952 412 4007 vit:
458 3968 626 4007 unum
666 3954 964 4013 alterumve
996 3955 1199 4020 locum,
1235 3964 1290 4011 et
1324 3956 1542 4026 quidem
1583 3954 1873 4028 insignem,

305 4052 591 4099 servarunt
634 4043 937 4111 Eusebius,
986 4045 1346 4119 Hieronymus
1391 4058 1553 4119 atque
1599 4046 1873 4113 Basilius;

305 4133 554 4189 Chronici
586 4150 803 4208 quoque
843 4137 1122 4193 Paschalis
1157 4148 1348 4195 auctor
1375 4139 1605 4209 paucula
1649 4138 1872 4209 profert.

267 4239 270 4241 λ
304 4225 434 4282 Hac
454 4226 638 4297 itaque
656 4228 840 4283 omnia
865 4239 1014 4284 certo
1028 4229 1394 4299 Africaniana,
1438 4232 1493 4286 in
1511 4246 1680 4286 unum
1707 4230 1872 4286 colle-

301 4323 422 4383 cta,
468 4316 625 4387 juxta
676 4317 920 4373 ordinem
974 4320 1235 4375 librorum
1285 4323 1398 4377 sive
1420 4338 1519 4393 pro
1561 4332 1872 4393 temporum

300 4406 513 4463 ratione
551 4409 915 4480 digessimus:
958 4411 1180 4482 reliquis
1217 4412 1433 4468 interim
1469 4423 1652 4485 utpote
1689 4412 1872 4469 dubiis

300 4497 704 4566 praemissis.

1993 605 2082 660 λον
2101 606 2251 679 παρὰ
2272 608 2397 670 τοὺς
2423 605 2645 672 λοιποὺς
2662 606 3128 677 ἐπιτετευγμένως
3153 606 3533 678 τεθεωρηκότα
3555 619 3574 639 ⁸

1992 698 2087 752 καὶ
2126 697 2187 769 δή
2235 714 2324 769 μοι
2348 697 2496 751 δοκεῖ
2525 699 2817 768 ἀναγκαῖον
2841 693 2999 762 εἶναι,
3032 696 3245 770 πρῶτον
3278 697 3443 751 αὑτοῦ
3471 696 3575 768 τὴν

1991 792 2073 854 εἰς
2101 791 2229 854 τοὺς
2260 789 2459 854 τόπους
2489 791 2738 863 διήγησιν
2771 791 2850 855 είς
2882 790 3045 861 μέσον
3072 791 3320 859 ἀγαγεῖν,
3355 787 3455 842 εἴθ’
3481 786 3577 843 οὒ·-

1988 901 2098 946 τως
2145 881 2564 952 ἐπισκέψασθαι,
2604 883 2657 936 εἴ
2700 870 2754 937 τι
2800 884 2909 955 ἄρα
2957 883 3052 938 καὶ⁸
3096 882 3250 936 αὐτοὶ
3293 878 3572 952 δυνάμεθα

1993 972 2363 1044 συμϐαλέσθαι
2388 973 2465 1045 τῷ
2492 973 2654 1045 λόγῳ.
2674 974 2881 1046 Γράφει
2900 972 2965 1045 δὴ
2990 969 3084 1026 οὖν
3109 973 3168 1025 ὲν
3196 972 3431 1043 πέμπτῳ
3458 971 3570 1027 τῶν

1990 1061 2442 1132 χρονογραφιῶν
2474 1060 2615 1115 κατὰ
2643 1061 2788 1126 λέξιν
2813 1060 2985 1125 οὕτως
3001 1059 3136 1127 (21).

2560 1157 2979 1261 ΑοΡιΚΑΝοΥ.

2071 1305 2134 1358 Ἦ
2153 1306 2250 1376 μὲν
2267 1303 2359 1360 οὖν
2386 1306 2660 1379 περικοπὴ
2683 1306 2827 1361 οὕτω
2845 1305 2962 1372 πῶς
2977 1306 3177 1378 ἔχουσα
3192 1292 3369 1361 πολλῖ
3384 1323 3445 1360 τε
3466 1307 3563 1361 καὶ

1991 1394 2275 1465 παράδοξα
2294 1395 2689 1467 σημαίνει.Νὗν
2716 1396 2759 1450 δ’
2794 1395 2984 1469 ἂν(22)
3013 1396 3172 1469 χρεία
3199 1398 3325 1469 περί
3347 1415 3407 1450 τε
3433 1399 3562 1464 τοὺς

1989 1491 2214 1561 χρόνους
2246 1492 2340 1544 καὶ
2375 1490 2445 1544 τὰ
2472 1490 2695 1555 τούτους
2726 1491 3064 1545 συντείνοντα
3090 1492 3184 1545 τὸν
3207 1492 3364 1561 λόγον
3399 1507 3562 1563 ποιη-

1992 1583 2228 1653 σάμεθα·
2261 1583 2342 1636 ὅτι
2391 1583 2492 1654 μὲν
2524 1579 2617 1638 οὗν
2660 1584 2789 1657 περὶ
2820 1585 2919 1655 τῆς
2948 1584 3044 1639 τοῦ
3084 1582 3320 1657 Χριστοῦ
3352 1602 3561 1656 παρου-

1991 1674 2111 1738 σίας
2156 1673 2369 1742 λέγεται
2419 1674 2610 1741 ταῦτα,
2659 1674 2795 1746 μετὰ
2844 1676 3143 1745 ἑῦδομάδας
3187 1684 3228 1730 o’
3278 1676 3564 1749 μέλλοντος

1988 1766 2391 1834 ἐπιφαίνεσθαι,
2434 1767 2590 1838 δῆλον
2635 1767 2728 1821 ἐπὶ
2758 1768 2867 1840 γὰρ
2908 1769 3002 1823 τοῦ
3029 1768 3298 1841 Σωτῆρος,
3334 1786 3388 1823 κ.
3423 1786 3475 1822 τ.
3506 1767 3560 1824 λ.

1990 1854 2092 1912 Hic
2123 1872 2252 1913 vero
2284 1858 2698 1924 advertendum,
2731 1859 3047 1930 hujusmodi
3076 1877 3141 1916 ex
3172 1860 3430 1916 Africano
3461 1877 3562 1916 ex-

1989 1958 2233 2020 cerptum
2265 1950 2412 2020 quod
2456 1948 2789 2006 Lambecius
2817 1952 2967 2007 velut
3004 1953 3269 2007 ineditum
3296 1952 3559 2024 vulgavit,

1988 2040 2130 2110 apud
2150 2039 2445 2096 Eusebium
2480 2050 2535 2096 et
2557 2040 2776 2111 quidem
2815 2043 3155 2098 emendatius
3183 2052 3399 2098 exstare
3438 2040 3556 2115 (2'5)

1988 2132 2267 2203 ipsiusque
2305 2133 2570 2202 integram
2590 2131 2892 2187 versionem
2916 2132 3156 2202 praebere
3188 2131 3247 2188 S.
3291 2131 3560 2203 Hierony-

1988 2240 2136 2279 mum
2161 2224 2514 2296 (24).Estque
2546 2224 2761 2279 initium
2788 2224 3077 2296 fragmenti
3105 2240 3215 2292 xvr,
3241 2226 3385 2295 quod
3413 2225 3558 2282 infra

1989 2328 2090 2367 suo
2119 2314 2240 2371 loco
2264 2315 2438 2386 legere
2457 2322 2539 2369 est
2559 2329 2682 2385 pag.
2718 2313 2845 2369 570.
2872 2314 3059 2369 Mirari
3082 2316 3249 2376 subit,
3284 2316 3338 2371 id
3362 2324 3557 2387 praeter

1988 2402 2361 2473 Lambecium,
2395 2405 2599 2477 fugisse
2626 2421 2847 2479 quoque
2874 2405 3114 2464 Caveum
3143 2407 3255 2480 (25)
3284 2416 3338 2463 et
3368 2407 3558 2464 Fabri-

1986 2498 2129 2552 cium
2161 2497 2297 2568 (26).

2056 2587 2235 2658 Pergit
2308 2602 2472 2658 porro
2526 2588 2846 2644 Lambecius
2877 2628 2893 2653 ,
2961 2599 3012 2645 et
3089 2588 3221 2645 alibi
3272 2590 3387 2647 haec
3460 2606 3550 2646 re-

1989 2679 2089 2752 fert
2137 2678 2251 2752 (27)
2300 2697 2311 2732 :
2365 2697 2382 2730 ι
2441 2679 2711 2736 Caeterum
2763 2681 2911 2751 quod
2970 2682 3253 2751 speciatim
3305 2684 3373 2738 ad
3417 2682 3550 2738 Sexa

1989 2748 2101 2825 ιιιίῐι
2149 2748 2366 2824 VJulium
2409 2768 2727 2825 Africanum
2776 2748 2969 2826 attinet
2990 2748 3016 2837 ξ
3057 2772 3258 2827 citatur
3312 2773 3360 2827 is
3410 2774 3554 2827 inter

1987 2861 2280 2932 Γνωμικὰς
2314 2860 2583 2932 διαφόρων
2634 2860 2720 2917 his
2765 2862 2991 2918 verbis:
3047 2864 3358 2935 Ἰστορείται
3400 2864 3555 2937 παρὰ

1999 2950 2325 3022 Ἀφρικανῷ,
2352 2951 2432 3004 ὃτι
2456 2954 2515 3005 ὲν
2536 2950 2613 3023 τῷ
2634 2952 2811 3023 λέγειν
2832 2955 2930 3026 τὴν
2958 2949 3096 3026 ᾧδὴν
3116 2957 3206 3009 τὸν
3229 2958 3551 3032 Μανασσὴν,

1983 3042 2054 3097 τὰ
2082 3042 2253 3114 δεσμὰ
2296 3043 2661 3118 διερῤἀγησαν
2707 3045 2900 3118 σιδηρά
2943 3047 3091 3111 ὄντα,
3130 3048 3220 3101 καὶ
3264 3048 3485 3119 ἔφυγεν.
3525 3071 3546 3103 ι

1987 3133 2220 3190 Secutus
2244 3135 2333 3191 hic
2353 3136 2436 3190 vir
2467 3137 2714 3199 eruditus
2741 3148 3015 3194 errantem
3044 3140 3292 3210 Suidam,
3325 3144 3421 3213 qui
3448 3142 3550 3198 Ju-

1985 3226 2117 3282 lium
2153 3226 2471 3283 Africanum
2517 3245 2641 3285 cum
2672 3230 2930 3286 Africano
2961 3230 3126 3287 Sexto
3157 3233 3462 3303 confundit,
3489 3248 3553 3292 ut

1984 3334 2149 3389 supra
2176 3328 2421 3375 notatum
2454 3320 2482 3393 ς
2513 3322 2564 3376 1.
2616 3319 2909 3392 Ipsumque
2949 3323 3143 3379 deinde
3182 3334 3310 3381 sunt
3351 3327 3549 3383 imitati

1982 3410 2265 3469 Fabricius
2289 3421 2344 3468 et
2367 3413 2600 3470 Caveus.

2052 3502 2298 3576 Denique
2338 3506 2479 3562 alius
2533 3506 2819 3579 fragmenti
2865 3507 3113 3562 meminit
3141 3508 3281 3564 idem
3310 3508 3548 3566 Lambe-

1981 3598 2098 3653 cius
2112 3597 2247 3671 (28),
2266 3598 2410 3669 quod
2423 3600 2600 3656 adhuc
2617 3616 2722 3657 ms.
2745 3601 2801 3655 in
2822 3601 3143 3656 bibliotheca
3164 3601 3410 3658 Caesarea
3431 3618 3549 3658 ser-

1978 3698 2157 3743 vatur.
2192 3688 2288 3745 Est
2320 3700 2500 3745 autem
2534 3692 2654 3761 ejus
2688 3692 2970 3762 inscriptio
3000 3710 3015 3746 :
3053 3694 3313 3765 Διήγησις
3356 3694 3544 3765 Ἀφρι-
3646 3736 3653 3743 .

1979 3780 2144 3834 κανοῦ
2178 3785 2306 3854 περὶ⁸
2333 3782 2442 3837 τῶν
2474 3785 2530 3838 ὲν
2556 3786 2775 3856 Περσίδι
2803 3785 3108 3857 γενομένων
3145 3785 3234 3840 διὰ
3265 3787 3364 3859 τῆς
3392 3788 3550 3841 ἐναν-

1980 3873 2311 3948 θρωπήσεως
2354 3876 2447 3930 τοῦ
2494 3878 2698 3950 Κυρίου
2742 3879 2837 3932 καὶ
2874 3879 3126 3951 Σωτῆρος
3163 3879 3318 3951 ἡμῶν
3371 3879 3545 3951 Ἰησοῦ

1980 3965 2235 4039 Χριστοῦ.
2270 3966 2463 4039 Incipit
2506 3986 2520 4025 ;
2563 3971 2657 4025 Ἐκ
2690 3971 2946 4044 Περσίδος
2971 3972 3214 4044 ἐγνώσθη
3241 3972 3335 4025 ἀπ’
3370 3972 3545 4045 ἀρχῆς

1976 4059 2005 4112 ὁ
2036 4060 2300 4132 Χριστός’
2337 4060 2488 4115 οὐδὲν
2530 4061 2640 4134 γὰρ
2671 4061 2920 4117 λανθάνει
2954 4064 3081 4126 τοὺς
3111 4065 3169 4115 ὲν
3198 4064 3336 4135 αὐτῇ
3380 4080 3542 4134 νομο-

1979 4150 2172 4221 μαθεῖς
2222 4151 2434 4207 ἅπαντα
2484 4153 2917 4223 φιλοπονοῦντας.
2953 4155 3102 4208 Ὅσοι
3147 4154 3275 4228 γὰρ,
3304 4172 3359 4211 κ.
3392 4173 3445 4211 τ.
3487 4154 3538 4210 λ.

1977 4241 2043 4297 Ει
2090 4242 2158 4297 ad
2200 4241 2703 4314 Africani‘quidem
2740 4243 3226 4315 Chronographiam
3272 4246 3541 4316 ejusmodi

1977 4335 2343 4405 fragmentum
2402 4344 2650 4405 spectare
2710 4337 2907 4392 merito
2974 4338 3338 4395 existimatur.
3399 4338 3541 4395 Huic

1974 4425 2120 4482 enim
2168 4427 2381 4498 gemina
2417 4437 2677 4485 tmemata
2723 4429 2976 4487 similiter
3024 4433 3282 4504 inscripta
3322 4434 3541 4490 exhibet

1976 4517 2276 4590 Syncellus,
2303 4528 2364 4575 ut
2389 4520 2570 4576 videre
2595 4530 2679 4577 est
2706 4521 2848 4579 infra
2875 4540 3030 4595 pagg.
3069 4524 3194 4592 572,
3224 4526 3348 4581 574.

369 4586 822 4658 Quandoquidem
887 4603 1017 4644 νθτο
1075 4588 1341 4645 nonnulla
1396 4589 1704 4647 ἀείθιῖιηυε
1729 4632 1746 4659 ν
1800 4591 1869 4646 ad
1902 4610 1949 4667 D
2018 4586 2144 4664 illis
2185 4586 2446 4678 praeterea
2474 4627 2541 4666 ex
2573 4610 2861 4669 Lambecio
2875 4586 3070 4671 relatis
3105 4586 3251 4672 aliud
3284 4619 3539 4678 addimus

297 4681 548 4736 eamdem
603 4678 849 4735 Africani
900 4680 1308 4754 Chronologiam
1361 4684 1711 4755 pertinentia,
1743 4700 1869 4741 cum

299 4772 409 4843 jam
439 4772 580 4844 typis
610 4773 926 4845 consignata
954 4787 1139 4832 essent
1161 4791 1286 4847 quae
1326 4776 1592 4835 hactenus
1622 4792 1868 4833 summa-

303 4864 398 4919 tim
421 4864 797 4920 recensuimus
820 4883 835 4933 ;
859 4881 1039 4937 operae
1059 4869 1293 4938 pretium
1322 4868 1486 4926 fuerit
1511 4886 1574 4927 ea
1603 4871 1692 4926 bic
1713 4871 1867 4927 exhi-

302 4954 449 5020 bere,
476 4965 642 5026 prout
684 4966 900 5014 exstant
925 4960 1069 5032 apud
1099 4960 1448 5019 Lambecium
1477 4980 1546 5020 ex
1588 4964 1868 5021 codicibus

303 5043 812 5107 V'indobonensibus
834 5066 1000 5107 manu
1029 5054 1267 5110 exaratis
1290 5055 1580 5126 descripta.

371 5136 578 5192 Auctor
606 5139 772 5210 igitur
786 5138 1224 5212 Prapheticarum
1244 5144 1537 5217 eclogarum
1568 5147 1633 5201 de
1655 5145 1867 5202 Christo

299 5227 396 5298 qui
421 5226 692 5286 Eusebius
714 5230 981 5303 Pamphili
1004 5248 1126 5291 esse
1144 5237 1458 5306 perhibetur
1483 5238 1616 5310 (20),
1636 5240 1692 5294 in
1718 5240 1866 5300 illius

297 5319 479 5390 operis
522 5320 704 5378 adhuc
754 5322 943 5380 inediti
972 5326 1114 5383 libro
1145 5343 1230 5395 ιιι,
1267 5344 1386 5400 cap.
1431 5331 1550 5396 ult.,
1599 5332 1713 5388 hzec
1764 5335 1863 5389 ha-

369 5433 486 5519 ll?)
516 5435 782 5519 ernesti-2
813 5439 1091 5519 pas-.21.?-

367 5502 480 5644 ρο)
516 5502 644 5559 Vide
674 5502 1054 5564 Fabrichibl.
1084 5508 1177 5565 Gr.
1205 5521 1333 5567 tom.
1361 5511 1453 5579 V1,
1478 5531 1600 5586 pag.
1629 5514 1719 5572 57.

393 5574 486 5642 21)
519 5575 674 5644 Apud
701 5575 954 5644 Lambec.
991 5578 1282 5636 Comment.
1317 5583 1412 5637 lib.
1439 5600 1479 5644 ι,
1505 5601 1627 5644 pag.
1665 5587 1719 5641 14

519 5575 674 5654 Apud
701 5575 954 5654 yambec.
991 5578 1282 5654 Comment.
1317 5583 1412 5654 lib.
1439 5574 1627 5654 Epig.
1665 5587 1789 5642 141.

382 5641 486 5704 '22)
520 5641 663 5700 Edit.
694 5641 790 5702 ὧν.
819 5647 886 5702 Et
912 5651 1072 5719 paulo
1107 5660 1248 5721 post,
1280 5641 1661 5719 τούτοιξσυντ.

367 5652 489 5785 ίεό)
531 5712 728 5773 Euseb.
776 5716 1078 5774 Demonstr.
1115 5738 1296 5785 evang.
1347 5724 1445 5779 lib.
1479 5740 1599 5785 vm.
1640 5743 1661 5782 ε

469 5713 489 5798 ξ
531 5712 728 5773 Euseb.
776 5712 1078 5774 Demonstr.
1108 5712 1296 5793 cvang.
1347 5724 1445 5779 lib.
1467 5712 1599 5795 'vnt,
1640 5742 1760 5798 cap.
1804 5730 1861 5796 2,

302 5784 747 5927 Hieron.
779 5858 1067 5918 Comment.
1122 5862 1176 5917 in
1224 5861 1434 5920 Daniel.
1483 5880 1559 5935 ιι,
1587 5865 1677 5936 24,
1724 5865 1858 5940 Opp.

1974 4699 2334 4773 fragmentum
2356 4717 2388 4758 e
2413 4703 2599 4760 codice
2630 4703 2799 4777 Regio
2817 4706 2982 4773 ‘24“,
3008 4723 3037 4762 a
3066 4705 3134 4763 V.
3165 4708 3226 4762 C.
3250 4700 3531 4767 Montfau-

1972 4795 2133 4849 conio
2182 4794 2512 4865 descriptum
2567 4796 2716 4869 (29);
2766 4799 2858 4853 ubi
2903 4798 2971 4856 de
3012 4799 3205 4855 Adami
3255 4803 3535 4873 sepultura

1972 4895 2331 4956 pertractasse
2357 4886 2650 4944 Africanus
2701 4898 2755 4943 et
2798 4889 3133 4946 Athanasius
3180 4894 3536 4961 perhibentur

1971 4977 2057 5032 his
2105 4976 2288 5033 verbis
2337 4996 2352 5032 :
2394 4971 2559 5033 Οὗτοι
2607 4978 2665 5032 δέ
2698 4982 2833 5034 εἰσιν
2859 4982 2908 5033 oi
2938 4983 3066 5054 περὶ
3102 4982 3203 5054 τῆς
3228 4985 3406 5056 ταφῆς
3437 4984 3534 5040 τοῦ

1982 5066 2156 5139 Ἀδὰμ
2175 5068 2477 5141 εἰρηκότες,
2513 5070 2834 5144 Ἀφρικανὸς
2853 5075 2948 5128 καὶ
2968 5077 2997 5129 ὁ
3020 5075 3173 5145 ἅγιος
3200 5078 3533 5144 Ἀθανάσιος.

1971 5155 2110 5214 Hinc
2136 5158 2189 5213 in
2217 5158 2427 5228 praefat.
2453 5158 2753 5218 Montl’auc.
2770 5178 2825 5232 p.
2849 5180 2925 5229 vr,
2956 5164 2983 5236 §
3010 5165 3098 5231 18,
3122 5168 3531 5226 rescribendum

1968 5251 2033 5305 de
2062 5249 2335 5321 sepultura
2356 5251 2571 5319 Adami,
2598 5252 2690 5307 uli
2716 5254 2780 5308 de
2804 5257 3074 5324 sepultura
3105 5256 3317 5314 Domini
3340 5275 3535 5333 perpe-

1968 5359 2085 5399 ram
2126 5344 2341 5414 legitur.

1968 5466 2103 5527 tom.
2129 5454 2218 5527 lll,
2247 5457 2539 5527 panglltl
2557 5457 2687 5513 edit.
2712 5457 2963 5514 Martian.

2180 5524 2481 5600 ραν.ξηὶεέ
2515 5530 2779 5600 litt._tom.
2813 5530 2857 5594 l,
2889 5545 3011 5600 pag.
3039 5530 3158 5587 111.

2181 5595 2395 5673 ξουνξιλ
2434 5596 2577 5673 Bibl.
2731 5608 2864 5652 tom.
2893 5595 3118 5673 _V,'pag.
3149 5604 3274 5661 169.

2060 5667 2151 5740 ﬁt?)
2184 5664 2511 5740 Laeliae-le
2539 5685 2588 5722 ο·
2620 5669 2714 5722 lib-
2744 5683 2829 5740 ιιι,
2858 5664 3105 5740 Pas-'51

2037 5735 2153 5876 228)
2184 5736 2261 5790 Id.
2295 5735 2428 5791 ibid.
2453 5737 2548 5791 lib.
2574 5753 2630 5799 v,
2654 5753 2777 5809 pag.
2809 5735 2954 5794 297:

2060 5806 2150 5876 29)
2185 5804 2374 5862 Montf.
2405 5805 2543 5863 Coll.
2565 5804 2702 5865 Nov.
2734 5807 2854 5864 PP.
2887 5808 3081 5876 Grca,
3103 5823 3142 5870 t.
3165 5815 3227 5876 ll.

2060 5804 2150 5878 29)
2185 5804 2374 5862 Montf.
2405 5805 2543 5863 Coll.
2565 5804 2702 5865 Not).
2728 5804 2854 5864 PP.
2887 5808 3081 5885 Grca,
3103 5823 3142 5870 t.
3165 5815 3230 5886 11,
3270 5835 3323 5888 p.
3354 5818 3477 5875 105.
