4074 6368
335 358 409 417 63

1447 339 1785 398 EPISTOLA
1848 335 1939 391 AD
1984 329 2374 391 ARISTIDEM.
3496 317 3562 369 Μ

335 471 628 550 ἀρχιερεύς
675 472 796 526 ἔστι
837 468 1083 542 Πατρδς,
1123 467 1223 531 τὰς
1260 465 1531 537 ἡμετέρας
1563 461 1702 532 πρὸς
1738 458 1906 550 αὐτόν
1935 512 1937 521 γ

2037 477 2085 532 it
2112 475 2256 547 apud
2291 463 2511 527 Patrem
2559 465 2834 540 pontifex,
2880 456 3068 535 preces
3095 468 3312 518 nostras
3342 455 3541 512 ei-ioﬁe

340 548 505 638 εύχάς
548 562 867 635 ἀναφέρων,
923 562 1018 616 καὶ
1063 557 1313 631 βασιλεὺς
1365 554 1765 628 ὑπερκόσμιος,
1814 548 1909 613 οὓς

340 656 681 728 ἠλευθέρωσε
723 653 902 724 νέμων
947 651 1024 722 τῷ
1052 649 1328 721 Πνεύματι
1347 690 1360 714 ,
1391 645 1651 718 συνεργὸς
1694 645 1774 706 είς
1812 640 1911 713 τὴν

342 747 700 817 διακόσμησιν
742 744 861 798 τῶν.
896 743 1032 796 ὅλων
1078 740 1365 811 γενόμενος
1383 754 1396 769 ·
1441 738 1536 791 καὶ
1586 733 1742 806 τοῦτο
1781 735 1912 805 ⁴ἡμῖν

345 835 741 908 προσήγγειλεν
781 835 880 905 οὐχ
922 835 952 888 6
1000 832 1298 900 κατάλογος
1334 828 1446 883 τῶν
1489 826 1703 898 φυλῶν,
1741 825 1838 895 οὐχ
1875 825 1911 894 ἡ

350 927 494 1005 μίξις
521 926 627 981 τῶν
660 926 1024 998 ἀναγράπτων
1052 922 1248 993 γενῶν,
1285 920 1421 975 ἀλλά
1463 918 1791 1005 πατριάρχαι
1821 916 1915 969 καὶ

350 1004 644 1090 προφῆται”
680 1015 753 1088 μὴ
774 1011 867 1069 οὖν
892 1013 1166 1084 κατίωμεν
1193 1012 1273 1074 είς
1310 1008 1576 1080 τοσαύτην
1607 1004 1915 1067 θεοσεϐείας

349 1105 762 1178 σμικρολογίαν,
802 1104 888 1158 ἵνα
926 1105 994 1174 τῇ
1036 1099 1301 1170 ὲναλλαγῇ
1340 1095 1450 1151 τῶν
1493 1093 1789 1167 ὀνομάτων,
1816 1091 1916 1164 τὴν

348 1195 584 1269 Χριστοῦ
617 1193 891 1267 βασιλείαν
933 1191 1029 1245 καὶ
1067 1188 1365 1261 ἱερωσύνην
1408 1183 1762 1255 συνιοτῶμεν·
1796 1180 1919 1234 ἐπεὶ

348 1291 416 1360 τῇ
455 1287 622 1341 Ἰούδα
647 1283 785 1356 φυλῇ
813 1286 879 1355 τῇ
913 1280 1185 1354 βασιλικῇ,
1216 1280 1252 1350 η
1283 1274 1377 1329 τοῦ
1418 1274 1549 1328 Λευὶ
1582 1271 1721 1342 φυλὴ
1767 1271 1917 1343 ίερα-

348 1378 476 1451 τικὴ
504 1375 794 1446 συνεζύγη,
822 1373 918 1428 τοῦ
955 1369 1224 1427 Ναασσὼν
1250 1363 1480 1435 ἀδελφὴν
1504 1364 1603 1436 τὴν
1642 1360 1918 1418 Ἐλισάὅετ

363 1468 574 1542 Ἀαρὼν
620 1467 925 1537 ἀξαμένου,
968 1463 1064 1519 καλ⁸
1105 1461 1264 1516 πάλιν
1318 1456 1580 1528 Ἐλεάζαρ
1610 1454 1707 1527 τὴν
1753 1452 1920 1522 θυγα-

349 1541 485 1634 τέρα
527 1558 759 1630 Φατιὴλ,
789 1557 885 1610 καὶ
926 1553 1133 1609 ἐνθένδε
1169 1548 1726 1621 παιδοποιησαμένων·
1762 1541 1922 1613 reas.

353 1669 514 1707 σαντο
539 1649 631 1706 οῦν
656 1652 707 1703 οἱ
735 1644 1135 1716 εύαγγελισταὶ,
1155 1642 1498 1705 συνιστάντες
1523 1640 1624 1693 οὐκ
1640 1634 1919 1708 ἀλήθειαν,

352 1746 465 1802 ἀλλ’
513 1743 862 1814 εἰκαζόμενον
905 1738 1143 1793 ἔπαινον·
1187 1736 1282 1790 καὶ
1326 1733 1415 1788 διὰ
1454 1729 1611 1784 τοῦτο
1636 1730 1665 1782 6
1708 1728 1802 1799 μὲν
1833 1724 1922 1780 διὰ

2010 584 2183 635 rens;
2232 582 2328 623 rex
2373 575 2553 620 autem
2595 556 3087 631 supermundialis,
3140 567 3281 624 ques
3323 548 3565 606 liberavit

2010 673 2243 733 pascens
2289 655 2492 727 Spiritu
2516 694 2530 718 ,
2575 661 2896 723 cooperator
2936 646 3161 703 eﬂectus
3211 644 3267 698 in
3326 640 3568 696 omnium

2011 729 2196 808 rerum
2247 748 2609 805 ordinatione.
2659 734 2826 815 idque
2873 740 3033 796 nobis
3078 737 3418 806 exploratum
3446 729 3568 786 iecit

2014 861 2124 900 non
2153 842 2395 898 tribuum
2423 839 2724 910 catalogus,
2755 849 2929 906 neque
2960 830 3387 903 perscriptarum
3414 836 3570 895 gene»

2013 937 2289 992 rationum
2331 933 2520 989 mistio
2543 973 2557 999 ,
2595 929 2691 987 sed
2724 926 3047 998 patriarcha:
3076 932 3239 992 atque
3276 917 3573 990 propheta.

2015 1027 2321 1091 Caveamus,
2345 1024 2511 1093 igitur
2540 1037 2571 1077 a
2599 1020 2808 1076 minuto
2832 1014 3146 1088 huiusmodi
3175 1007 3455 1082 religionis
3484 1020 3576 1061 ar-

2016 1117 2204 1182 tillcio,
2233 1123 2295 1171 ut
2326 1115 2606 1171 nominum
2648 1108 3048 1182 permutatione
3093 1103 3300 1160 Christi
3353 1113 3579 1172 regnum

2017 1224 2083 1264 ac
2111 1206 2476 1264 sacerdotium
2516 1202 2873 1273 comprobare
2906 1199 3155 1254 velimus.
3190 1194 3327 1250 Nam
3355 1202 3409 1248 et
3445 1192 3585 1246 alio.

2017 1300 2112 1371 qui
2142 1299 2311 1370 regali
2334 1296 2490 1355 Judae
2511 1296 2677 1352 tribui
2709 1290 3062 1350 sacerdotalis
3086 1288 3216 1344 Levi
3238 1285 3414 1341 tribus
3438 1282 3581 1360 iacta

2018 1403 2136 1450 erat
2166 1393 2377 1459 allinis,
2415 1405 2483 1446 ex
2513 1404 2623 1460 quo
2654 1385 2947 1442 Naassonis
2978 1395 3221 1440 sororem
3252 1376 3582 1434 Elisabetam

2018 1485 2174 1541 duxit
2220 1484 2404 1540 Aaron
2442 1497 2668 1538 uxorem
2709 1481 2751 1545 ί,
2790 1490 3095 1547 rursusque
3138 1473 3364 1528 Eleazar
3394 1467 3580 1523 Pbati‘

2019 1575 2157 1631 helis
2202 1573 2373 1629 ﬁliam
2413 1574 2457 1641 ',
2487 1572 2637 1643 prole
2679 1571 2805 1625 inde
2850 1575 3120 1638 suscepta.
3168 1563 3311 1635 Ergo
3351 1574 3585 1630 evange-

2020 1669 2159 1726 lista:
2202 1668 2414 1723 mentiti
2447 1675 2595 1733 sunt,
2642 1665 2770 1722 dum
2816 1677 2926 1718 non
2973 1660 3584 1722 veritatem-asserunt,

2023 1763 2116 1819 sed
2144 1757 2455 1819 simulatam
2480 1760 2695 1815 laudem
2729 1758 2926 1837 :cujus
2958 1755 3037 1810 rei
3080 1767 3267 1817 causa,
3297 1751 3433 1805 alter
3460 1747 3587 1818 qui-

353 1818 673 1995 2010pt'bil;
704 1807 813 1885 ἀπὸ
849 1827 1014 1882 A0616
1039 1825 1459 1896 ἐγενεαλόγησεν
1488 1821 1579 1875 τὸν
1622 1815 1813 1872 Ἰακὼὸ
1833 1815 1923 1869 τὸν

356 1925 450 1979 τοῦ
494 1925 579 1978 Ἱω
652 1940 689 1992 φ
715 1921 948 1992 πατέρα’
980 1922 1009 1973 6
1038 1919 1097 1975 δὲ
1126 1918 1234 1973 ἀπὸ
1277 1914 1462 1971 Νάθαν
1490 1911 1583 1967 τοῦ
1613 1910 1796 1975 A0616,
1835 1908 1927 1963 τὸν

2037 1851 2146 1909 lem
2176 1868 2271 1922 per
2304 1850 2651 1906 Salomonem
2693 1863 2724 1902 a
2760 1807 2961 1926 [ia‘vide
2993 1843 3181 1900 Jacobi
3225 1842 3450 1911 stirpem
3477 1849 3592 1894 tra-

2037 1947 2127 1995 ιίι-
2165 1945 2260 1995 ηιιὶ
2292 1943 2393 1995 fuit
2416 1941 2641 1995 Josenhi
2672 1949 2854 1995 pater:
2889 1939 3025 1994 alter
3055 1946 3234 1992 autem
3280 1949 3311 1988 a
3335 1932 3590 1989 Nathano

300 1986 305 1989 _
340 1925 450 1979 τοῦ
494 1908 689 1992 Ἰωσὴφ
715 1921 948 1992 πατέρα’
980 1922 1009 1973 6
1038 1919 1097 1975 δὲ
1126 1918 1234 1973 ἀπὸ
1277 1914 1462 1971 Νάθαν
1490 1911 1583 1967 τοῦ
1613 1910 1796 1975 A0616,
1835 1908 1927 1963 τὸν

369 2001 518 2083 Ἱίλεὶ
542 2016 631 2069 τὺν
655 2013 749 2068 τοῦ
789 2012 986 2083 Ἰωσὴφ
1014 2011 1211 2082 ὁμοίως
1242 2007 1415 2071 ἄλλως
1453 2004 1664 2075 πατέρα
1682 2020 1696 2034 ο
1724 2001 1817 2056 καί
1847 2017 1928 2054 τοι

322 2128 325 2133 ·
352 2096 569 2177 ἀγνοεῖν
600 2106 802 2169 06106;
832 2104 933 2158 οὐκ
965 2102 1157 2175 ἐχρῆν,
1194 2100 1270 2164 ὡς
1300 2098 1534 2169 ἑκατέρα
1564 2096 1671 2151 τῶν
1704 2110 1931 2165 κατηρι-

356 2199 654 2272 θμημένων
694 2197 866 2263 τάξις,
908 2195 970 2248 16
1012 2193 1107 2247 106
1140 2191 1301 2248 60616
1344 2191 1462 2245 ἐστὶ
1506 2190 1698 2259 γένος,
1751 2188 1785 2257 ὴ
1836 2183 1930 2238 τοῦ

369 2290 540 2344 Ἰούδα
573 2288 714 2361 φυλὴ
755 2287 1024 2360 βασιλική’
1071 2286 1122 2339 εί
1166 2283 1274 2356 γὰρ
1319 2282 1606 2355 προφήτης
1649 2279 1679 2331 6
1722 2276 1929 2344 Νάθαν,

258 2403 267 2409 “
355 2382 471 2445 ἀλλ’
500 2378 594 2436 οῦν
625 2381 720 2435 καὶ
753 2379 1024 2450 Σολομὼν,
1052 2379 1081 2432 6
1110 2395 1170 2431 τε
1193 2376 1397 2430 τούτων
1436 2373 1617 2445 πατὴρ
1648 2369 1928 2440 έκατέρουυ

358 2478 425 2530 ὲκ
457 2472 667 2529 πολλῶν
691 2472 748 2526 δὲ
776 2472 955 2541 φυλῶν
983 2469 1223 2539 ἐγίνοντο
1245 2466 1554 2539 προφῆται,
1593 2464 1757 2535 ἱερεῖς
1787 2459 1844 2531 δε
1874 2459 1944 2527 ἐξ.

338 2567 620 2639 ὀὐδεμιᾶς
647 2566 724 2634 (2)
763 2564 875 2619 τῶν
899 2562 1107 2618 δώδεκα
1138 2560 1349 2631 φυλῶν,
1396 2556 1546 2631 μόνοι
1592 2554 1649 2606 δὲ
1687 2553 1930 2639 Λευῖταιο

363 2657 541 2728 μάτην
575 2656 757 2716 αὐτοῖς
799 2653 907 2724 ἄρα
950 2649 1255 2703 πέπλασται
1297 2646 1358 2700 τὸ
1405 2640 1763 2714 ὲψευσμένοψ
1794 2638 1937 2728 μηδε

360 2729 597 2819 κρατοίη,
617 2742 854 2806 τοιοῦτος
884 2741 1040 2811 λόγος
1082 2742 1139 2793 ὲν
1168 2734 1463 2807 Ἐκκλησία
1480 2729 1714 2805 Χριστοῦ
1748 2727 1936 2819 [κατὰ]

270 2844 277 2852 ’
340 2817 621 2911 ,ἀκριβοῦς
667 2834 958 2906 ἀληθείας,
990 2833 1073 2886 ὅτι
1108 2829 1300 2911 ψεῦδος
1343 2826 1627 2896 σύγκειται
1666 2824 1746 2887 είς
1792 2817 1939 2876 αἶνον

363 2907 463 2989 καλ.
489 2928 792 2997 δοξολογίαν
835 2924 1092 2998 Χριστοῦ·
1139 2907 1224 2987 τίς
1264 2921 1372 2992 γὰρ
1423 2919 1527 2972 ούκ
1559 2912 1666 2971 οἶδε
1692 2915 1940 2969 κάκεῖνον

364 3021 457 3081 τὸν
489 3018 780 3092 ἱερώτατον
798 3013 891 3068 τοῦ
912 3014 1231 3069 ’Διτοστόλου
1269 3012 1426 3081 λόγον
1460 3007 1822 3082 κηρύσσοντος
1847 3004 1942 3059 καὶ

2027 1947 2127 2012 xit,
2165 1945 2260 2015 qui
2291 1943 2393 2000 fuit
2416 1941 2641 2012 Josephi
2672 1949 2854 2011 pater;
2889 1939 3025 1994 alter
3055 1946 3234 1992 autem
3280 1949 3311 1988 a
3335 1932 3590 1989 Nathano

2028 2036 2248 2092 Davidis
2273 2035 2387 2090 lilio
2414 2031 2587 2090 Helim
2617 2031 2838 2088 deduxit
2859 2029 3084 2100 Josephi
3116 2027 3340 2099 pariter,
3369 2024 3463 2081 sed
3484 2023 3594 2079 alia

2027 2129 2265 2193 ratione,
2291 2134 2523 2198 patrem.
2554 2121 2719 2195 Atqui
2746 2138 2842 2180 eos
2866 2110 3119 2194 ignorare
3150 2135 3260 2176 non
3286 2118 3592 2189 oportebat,

2030 2230 2325 2290 utrumque
2354 2226 2763 2273 numeratorum
2792 2215 3076 2271 hominum
3119 2211 3391 2275 ordinem,
3423 2223 3597 2281 genus

2030 2326 2151 2367 esse
2175 2308 2415 2373 Davidis,
2445 2306 2598 2362 Judae
2626 2319 2818 2376 nempe
2859 2304 3071 2374 regiam
3111 2302 3338 2359 tribum.
3364 2298 3594 2355 Etiamsi

2032 2403 2176 2459 enim
2205 2400 2471 2473 propheta
2495 2396 2776 2453 Nathanus
2802 2395 2938 2465 ‘l‘uit,
2963 2405 3017 2453 et
3042 2396 3261 2466 quidem
3289 2394 3453 2449 etiam
3490 2390 3595 2447 Sa-

2033 2496 2240 2558 lomon,
2292 2501 2344 2548 et
2394 2491 2592 2546 horum
2651 2490 2937 2560 utriusque
2989 2503 3187 2559 parens
3227 2486 3473 2559 (David);
3526 2499 3597 2540 ex

2035 2585 2222 2643 multis
2266 2599 2398 2641 sane
2442 2582 2692 2639 tribubus
2732 2581 2989 2637 exstitere
3029 2579 3338 2650 propheta;
3386 2578 3479 2632 sed
3513 2587 3599 2631 ta-

2037 2692 2160 2733 men
2206 2677 2513 2732 sacerdotes
2561 2674 2698 2730 nulli
2742 2673 2962 2729 l‘uerunt
3008 2687 3075 2727 ex
3117 2670 3284 2730 nulla.
3310 2667 3599 2724 duodecim

2037 2770 2301 2835 tribuum;
2330 2768 2557 2825 scd'soli
2594 2765 2814 2821 Levita.
2848 2763 3076 2821 Frustra
3104 2763 3269 2834 igitur
3295 2762 3602 2831 composita

2008 2861 2108 2917 'ab
2137 2860 2243 2916 illis
2282 2858 2388 2914 fuit
2426 2858 2544 2914 haec
2576 2856 2827 2922 falsitas;
2857 2869 3033 2924 neque
3061 2852 3606 2931 praevalebitohujusw

2041 2951 2187 3007 modi
2235 2964 2416 3007 sermo
2459 2949 2517 3004 in
2544 2948 2747 3004 Christi
2788 2945 3031 3002 Ecclesia
3060 2956 3251 3002 contra
3293 2953 3606 3001 accuratam

2040 3044 2323 3101 veritatem
2344 3082 2361 3110 ,
2391 3056 2585 3113 nempe
2631 3048 2690 3095 ut
2718 3038 3063 3117 mendacium
3097 3036 3506 3093 consarcinetur
3538 3035 3609 3089 ad
3700 3072 3703 3075 η

361 3111 771 3201 διαγγέλλοντος
822 3109 920 3179 τὴν
972 3107 1267 3162 ἀνάστασιν
1321 3102 1414 3157 106
1467 3100 1717 3173 Σωτῆρος
1761 3097 1937 3171 ἡμῶν,

2041 3097 2495 3188 γιοίιιίοιῐι
2519 3097 2689 3200 atque
2720 3108 3075 3198 pmconium.
3103 3124 3238 3193 Quis
3264 3139 3397 3180 vero
3434 3133 3491 3179 et
3515 3123 3609 3179 illa

363 3204 458 3258 καὶ
499 3188 959 3275 διισχυριζομένου
1016 3199 1116 3271 τὴν
1177 3196 1471 3269 ἀλήθειαν,
1523 3192 1742 3266 μεγάλῳ
1790 3190 1940 3262 φόϐῳ

363 3296 631 3365 λέγοντος,
651 3313 669 3345 ι
691 3293 773 3347 ὃτι
797 3289 1090 3364 είΧριστὸν
1115 3287 1333 3357 λέγουσί
1370 3302 1515 3349 τινες
1534 3284 1608 3356 μὴ
1625 3281 1941 3357 ὲγηγέρθαι,

300 3458 304 3465 γ
364 3387 528 3457 ἡμεῖς
563 3384 627 3439 δὲ⁴
657 3385 813 3438 τοῦτο
850 3374 952 3457 καῖ
984 3380 1164 3451 φαμὲν
1202 3380 1297 3433 καὶ
1338 3374 1803 3446 πεπιστεύκαμεν,
1849 3373 1943 3426 καὶ

366 3475 497 3530 0616
528 3476 623 3530 καὶ
650 3473 940 3544 ἐλπίζομεν
965 3470 1059 3525 x01
1086 3469 1434 3541 κηρύσσομεν
1453 3506 1469 3533 ,
1496 3464 1945 3535 καταψευδομαρ-

366 3565 640 3639 τυροῦμεν
681 3563 775 3618 τοῦ
811 3563 969 3628 Θεοῦ,
1015 3563 1100 3616 ὅτι
1130 3562 1320 3632 ἦγειρε
1360 3559 1452 3612 τὸν
1488 3556 1722 3630 Χριστὸν
1755 3555 1814 3609 ὃν
1843 3555 1974 3608 οὐκΔ

366 3658 587 3730 ἤγειρεν
607 3672 622 3688 ο
661 3675 681 3709 ι
706 3658 754 3709 εί
790 3655 847 3709 δὲ
875 3654 1047 3718 οὕτως
1068 3654 1098 3706 6
1115 3649 1406 3720 δοξολογῶν
1435 3648 1568 3704 Θεὸν
1594 3648 1832 3720 Πατέρα,
1858 3645 1947 3699 δέ·

366 3752 514 3805 δοικε
545 3748 619 3821 μὴ
645 3747 960 3818 ψευδολόγος
984 3745 1189 3817 δοκοίη,
1223 3739 1382 3816 ἔργον
1410 3741 1708 3814 παράδοξον
1727 3737 1941 3811 διηγού-

371 3859 551 3913 μενος,
578 3839 696 3904 πῶς
711 3839 811 3894 οὐκ
823 3837 889 3893 ἂν
918 3836 1138 3901 δικαίως
1162 3833 1544 3908 φοϐηθείη,ὄτι
1570 3831 1633 3905 [ι.
1651 3830 1824 3904 ὅστις]
1858 3830 1947 3885 διὰ

367 3933 716 4005 ψευδολογίας
736 3930 995 4003 ἀληθείας
1013 3917 1273 4000 σύστασιν
1286 3926 1658 4000 ποριζόμενος,
1675 3922 1830 3988 δόξαν
1846 3922 1947 3977 ούκ

371 4023 552 4097 ἀληθῆ
587 4022 887 4088 συντιθείς;
921 4024 970 4075 εί
1003 4021 1116 4092 γὰρ
1161 4019 1230 4073 10
1259 4018 1392 4088 γένη
1423 4016 1674 4088 διάφορα,
1715 4014 1809 4067 x01
1840 4030 1947 4086 μη-

371 4118 463 4179 δὲν
493 4115 792 4186 καταφέρει
832 4116 1054 4185 γνήσιον
1098 4111 1320 4184 σπέρμα
1362 4110 1455 4165 ἐπὶ
1481 4109 1573 4163 τὸν
1625 4106 1843 4178 Ἰωσὴφ,
1873 4106 1951 4159 εἴ-

375 4224 540 4280 ρηται
585 4206 642 4259 δὲ
686 4206 845 4280 μόνον
890 4207 971 4268 είς
1017 4204 1272 4258 σύστασιν
1317 4202 1414 4257 τοῦ
1459 4199 1947 4275 γεννηθησομένου,

371 4299 455 4354 δτι
487 4297 739 4370 βασιλεὺς
763 4298 855 4351 καὶ
881 4296 1056 4369 ἱερεὺς
1082 4295 1232 4349 ἔσται
1261 4297 1290 4350 6
1318 4293 1594 4365 ἐσόμενος,
1617 4289 1950 4355 ἀποδείξεως

349 4421 360 4434 -
378 4390 456 4463 μὴ
499 4388 839 4463 προσούσης,
871 4387 1009 4442 ἀλλά
1032 4387 1134 4459 τῆς
1168 4386 1278 4441 τῶν
1317 4385 1490 4455 λόγων
1521 4383 1847 4455 σεμνότητος
1870 4383 1950 4445 είς

373 4482 547 4554 ὕμνον
577 4481 784 4553 ἀδρανῆ
828 4479 1133 4553 φερομένης
1151 4519 1168 4544 ,
1199 4476 1359 4548 δῆλον
1388 4475 1464 4557 ῶς
1488 4473 1584 4529 τοῦ
1615 4472 1751 4528 Θεοῦ
1788 4473 1886 4545 μὲν
1919 4473 1949 4525 6
1977 4497 2028 4558 Β

264 4571 278 4587 ⁸
376 4574 597 4638 ἔπαινος
630 4573 730 4645 οὐχ
764 4572 1016 4637 ἀπτεται,
1058 4569 1254 4641 ψεῦδος
1277 4566 1373 4623 ὤν’
1405 4567 1588 4639 κρίσις
1612 4565 1669 4619 δὲ
1693 4562 1772 4636 τῷ
1800 4565 1949 4636 εἰρη-

376 4667 494 4721 κότι
516 4707 534 4732 ,
580 4666 644 4720 16
684 4666 787 4719 οὐκ
820 4662 881 4717 ὃν
926 4662 1003 4728 ὡς
1060 4660 1121 4716 ὃν
1162 4659 1533 4732 κομπάσαντι.·
1576 4657 1694 4712 Ἵνα
1735 4650 1829 4711 οὖν
1854 4655 1949 4710 καὶ

212 4728 235 4803 ἠ
300 4799 302 4803 μ
377 4728 535 4813 τοῦτο
570 4757 669 4828 μὲν
714 4756 808 4810 τοῦ
860 4754 1141 4827 εἰρηκότος
1197 4728 1503 4823 ἐλέγξωμεν
1538 4750 1638 4823 τὴν
1689 4738 1948 4820 ἀμαθίαν,

379 4849 675 4920 παύσωμεν
726 4847 783 4901 δὲ
832 4844 927 4900 τοῦ
987 4845 1188 4918 μηδένα
1237 4843 1330 4897 ὑπ’
1388 4842 1608 4911 ἀγνοίας
1672 4830 1954 4895 σκανδαλιι-

381 4936 608 5011 σθῆναι,
647 4939 745 5012 τὴν
800 4937 976 5011 ἀληθῆ
1017 4936 1126 4991 τῶν
1162 4935 1462 5005 γεγονότων
1517 4932 1755 5006 ίστορίαν
1791 4930 1956 5002 ἐκθή-

382 5027 593 5103 σομαι.]

451 5334 525 5396 Βκ
534 5334 588 5403 5)
605 5332 819 5405 Ἐπειδὴ
829 5333 939 5407 γὰρ
954 5334 1022 5388 τά
1036 5334 1273 5405 ὀνόματα
1283 5333 1356 5405 (4)
1374 5333 1480 5386 τῶν
1492 5333 1665 5402 γενῶν
1677 5335 1734 5386 ὲν
1749 5331 1962 5402 Ἰσραὴλ

458 5471 474 5501 ³
507 5470 681 5527 Exod.
709 5487 789 5538 vr,
814 5471 906 5526 23.
981 5475 1004 5505 ⁸
1026 5470 1164 5529 Ibid.
1191 5471 1289 5528 25.
1358 5470 1425 5527 ³1
1458 5471 1589 5528 Cor.
1621 5487 1714 5538 xv,
1742 5469 1812 5526 12
1835 5486 1920 5542 sq.

452 5605 532 5676 (2)
564 5603 625 5661 ιιι
649 5605 893 5677 epitome
916 5608 1087 5663 codex
1116 5607 1280 5663 habet
1309 5607 1535 5663 omnino
1562 5607 1622 5660 06
1647 5606 1840 5677 δεῖνες,
1860 5606 1980 5663 εοὼ

382 5675 742 5749 veram_nun_c
772 5677 1232 5749 v_ideslectionem
1259 5676 1319 5746 ἐξ
1354 5677 1628 5749 οὐδεμιᾶς.
1683 5675 1815 5733 Mn.

456 5746 534 5816 (ὅ)
570 5744 673 5803 Hic
706 5747 899 5816 incipit
929 5747 1223 5804 Eusebius.

438 5815 536 5888 μ)
576 5815 951 5889 Ἐπειδὴγὰρ
979 5820 1052 5874 τὰ
1076 5819 1358 5889 ὀνόματα.
1387 5816 1658 5874 Particula
1680 5818 1788 5887 γὰρ
1812 5816 1967 5872 abest

2046 3223 2223 3279 nescit
2260 3222 2629 3279 sacratissima
2669 3219 2914 3291 Apostoli
2957 3218 3122 3274 verba
3151 3217 3610 3273 resurrectionem

2028 3315 2354 3381 ,Servatoris
2384 3314 2556 3371 nostri
2585 3312 2931 3385 praedicantis
2958 3320 3121 3381 atque
3156 3310 3478 3375 nuntiantis,
3501 3308 3614 3365 rei-

2042 3424 2149 3481 que
2176 3409 2461 3465 veritatem
2491 3399 2697 3478 magno
2725 3419 2852 3460 cum
2898 3418 3097 3474 pavore
3135 3401 3453 3458 aliirmantis
3478 3403 3612 3458 dum

2044 3498 2156 3555 ait'
2176 3516 2199 3553 ε
2214 3516 2235 3550 ι
2264 3496 2326 3552 Si
2346 3495 2624 3552 Christum
2649 3494 3244 3566 resurrexissequidam
3275 3501 3495 3564 negant,
3510 3506 3613 3549 nos

2043 3601 2225 3647 autem
2287 3589 2586 3645 asserimus
2638 3596 2800 3658 atque
2849 3586 3157 3653 credimus,
3210 3597 3494 3657 speramus
3546 3598 3614 3643 ac

2043 3682 2426 3755 praedicamus,
2466 3678 2589 3736 falsi
2616 3688 2779 3735 testes
2813 3677 2906 3735 Dei
2945 3694 3171 3745 sumus,
3201 3678 3347 3749 quod
3375 3677 3613 3733 suscita-

2043 3774 2186 3831 verit
2212 3773 2514 3839 Christum,
2548 3786 2711 3843 quem
2734 3786 2845 3826 uon
2871 3771 3174 3827 suscitavit.
3202 3789 3221 3822 ι
3243 3768 3395 3836 Quod
3413 3769 3458 3825 si
3478 3769 3614 3824 adeo

2047 3868 2138 3923 hic
2165 3866 2259 3937 qui
2288 3865 2461 3921 Deum
2492 3863 2708 3919 Patrem
2734 3862 2985 3930 honorat,
3006 3877 3075 3918 ne
3101 3861 3336 3918 mendax
3363 3860 3614 3916 videatur

2048 3958 2226 4025 timet,
2262 3957 2389 4028 quia
2419 3971 2534 4029 rem
2564 3955 2763 4011 miram
2793 3961 3013 4019 narrat;
3042 3968 3142 4007 cur
3181 3965 3293 4006 non
3327 3950 3521 4007 merito
3546 3950 3617 4005 ti-

2050 4058 2199 4106 meat
2223 4049 2475 4120 quisquis
2520 4045 2662 4118 l'also
2697 4059 2947 4101 sermone
2973 4043 3254 4099 veritatem
3284 4042 3399 4097 vult
3439 4040 3614 4095 stabi-

2048 4142 2182 4207 lire,
2214 4156 2326 4196 non
2360 4154 2546 4196 veram
2591 4136 2917 4193 sententiam
2963 4133 3341 4190 concinnans?
3378 4131 3514 4190 Nam
3567 4135 3615 4189 si

2049 4233 2425 4306 generationes
2454 4232 2792 4296 abluderent,
2831 4228 3072 4299 nihilque
3112 4227 3358 4298 germani
3395 4227 3621 4285 seminis
3666 4214 3676 4235 ³

2051 4327 2121 4383 ad
2155 4324 2455 4398 Josephum
2498 4322 2857 4387 conferretur,
2903 4321 2998 4377 sed
3031 4334 3096 4375 ea
3131 4335 3217 4383 res
3251 4319 3320 4376 ad
3359 4319 3621 4376 iulcimen

2053 4416 2430 4496 tantummodo
2457 4414 2719 4469 nascituri
2744 4413 2888 4470 dicta
2922 4422 3098 4481 esset,
3126 4426 3320 4483 nempe
3355 4411 3499 4482 quod
3522 4426 3621 4467 rex

2054 4515 2220 4578 atque
2245 4505 2501 4562 sacerdos
2526 4504 2667 4599 goret
2690 4505 2735 4561 is
2759 4505 2853 4576 qui
2879 4515 3143 4561 venturus
3166 4513 3309 4571 erat,
3337 4502 3626 4560 deﬁciente

2053 4600 2411 4672 probatione,
2463 4593 2690 4668 totoque
2737 4598 3007 4654 orationis
3049 4606 3252 4653 ornatu
3308 4596 3365 4650 in
3409 4593 3625 4650 futilem

2057 4693 2322 4764 hymnum
2348 4690 2654 4757 desinente,
2686 4691 2891 4747 nullam
2931 4690 3059 4746 hinc
3096 4688 3309 4745 laudem
3329 4685 3440 4742 Deo
3469 4701 3625 4742 acce-

2063 4784 2194 4839 dere
2235 4782 2577 4854 exploratum
2620 4782 2710 4851 ﬁt,
2739 4783 2866 4855 quia
2909 4789 3085 4864 totpm
3130 4778 3474 4836 mendacium
3497 4787 3620 4843 est;

2060 4875 2155 4930 sed
2185 4874 2590 4930 damnationem
2614 4874 2794 4944 potius
2819 4872 3019 4928 dicenti
3044 4869 3290 4937 conﬂari,
3312 4869 3440 4940 quia
3477 4867 3631 4938 quod

2062 4967 2199 5022 nihil
2236 4978 2344 5036 est,
2382 4967 2592 5038 aliquid
2629 4981 2750 5022 esse
2773 4965 3019 5036 jactavit.
3046 4961 3229 5033 Quare
3260 4970 3321 5015 ut
3353 4969 3408 5015 et
3437 4959 3512 5013 ita
3542 4958 3625 5012 lo-

2066 5059 2348 5130 quentium
2375 5073 2669 5131 coarguam
2710 5057 3001 5122 inscitiam,
3037 5064 3092 5110 et
3130 5056 3185 5112 in
3215 5061 3491 5125 posterum
3527 5065 3625 5104 ca-

2066 5167 2222 5206 veam
2250 5167 2321 5207 ne
2350 5152 2475 5223 quis
2519 5152 2576 5206 in
2618 5148 2952 5221 huiusmodi,
2988 5144 3317 5216 imperitiam
3364 5142 3629 5211 incurrat,

2063 5258 2250 5299 veram
2274 5253 2549 5314 gestarum
2576 5256 2757 5297 rerum
2783 5237 3066 5296 historiam
3089 5232 3414 5306 proferam]

2136 5335 2199 5395 ll.
2223 5335 2491 5417 Quoniam
2513 5335 2656 5421 apud
2682 5332 2953 5403 Israelitas
2975 5327 3383 5403 generationum
3408 5326 3635 5383 nomina

2069 5623 2110 5672 at
2131 5604 2336 5660 nostris
2363 5602 2643 5660 codicibus
2672 5598 2835 5664 Mam,
2866 5554 3037 5672 ﬁdem,
3058 5596 3196 5672 Fu}.
3226 5605 3281 5651 et
3308 5593 3505 5663 Savil.,
3528 5607 3632 5672 nec

2068 5665 2298 5730 habetur
2335 5675 2395 5728 in
2424 5672 2868 5741 interpretatione
2894 5667 3097 5741 Rufini.
3129 5666 3317 5741 Exstat
3348 5678 3527 5741 tamen
3569 5665 3634 5720 in

2067 5746 2254 5802 codice
2280 5742 2471 5817 Regio,
2503 5735 2726 5828 ct'apud
2756 5737 3121 5811 Nicephorum
3164 5738 3219 5793 in
3245 5749 3365 5807 cap.
3393 5751 3434 5791 ιι
3462 5735 3557 5817 lib.
3587 5749 3631 5791 ι.
