4074 6410
397 354 469 415 65

1346 354 1508 424 qua:
1550 355 1960 412 suesasuar
2001 356 2090 410 sx
2133 316 2358 414 Lusius
2395 359 2790 420 cunoxocn.
3565 370 3633 424 se

401 474 605 548 χρόνων
646 473 773 544 περὶ
812 472 908 536 τὰς
958 457 1238 544 περιόδους
1253 458 1361 524 ικαὶ
1399 471 1662 543 μυριάδας
1683 472 1839 537 ὲτῶν,
1868 489 1951 526 κα-

2068 474 2177 530 tius
2205 476 2400 531 elocuti
2424 516 2438 540 ,
2465 493 2560 545 per
2584 494 2854 534 annorum
2882 483 3253 543 revolutiones
3275 497 3330 542 et
3356 491 3633 562 myriades

401 564 620 620 τάθεσίν
647 581 766 616 τινα
792 563 899 616 τῶν
936 562 1065 634 παρ’
1098 562 1282 626 αὐτοῖς
1322 561 1830 634 ἁστρολογουμένων
1852 561 1968 626 ἐξέ-

401 657 576 710 θεντοο
617 655 683 718 ἃς
727 656 868 716 τινὲς
910 653 1016 707 τῶν
1057 652 1231 707 ταῦτα
1277 653 1534 725 ἀκριϐοῦν
1573 652 1835 716 δοξάντων
1870 670 1965 705 συ-

408 746 734 808 στέλλοντες,
765 744 1098 814 σεληνιαίους
1130 739 1282 796 εἶπον
1309 745 1604 806 ἐνιαυτοὺς,
1632 743 1780 796 οὐδὲν
1797 742 1966 803 ,ἔλατ-

405 855 495 891 τον
525 839 617 892 ἐπὶ
644 838 706 892 τὺ
735 838 977 910 μυθῶδες
1001 839 1420 902 ἀπονενευκότες
1459 840 1826 911 συμπίπτουσι
1849 842 1968 902 ταῖς

402 929 544 984 ὀκτὼ
571 931 663 984 καὶ
695 930 850 983 ὲννέα
873 929 1106 999 χιλιάσιν
1133 929 1290 996 ἐτῶν,
1316 931 1382 994 ἃς
1404 931 1712 1000 Αἰγυπτίων
1736 933 1783 984 οἱ
1819 929 1964 1004 παρά

402 1019 649 1074 Πλάτωνι
678 1021 838 1091 ἱερεῖς
863 1020 942 1083 εἰς
971 1005 1180 1073 Σόλωνα
1225 1019 1684 1091 καταριθμοῦντες
1713 1021 1813 1073 οὐκ
1838 1021 1969 1092 ἀλη-

404 1111 638 1167 θεύουσι.
669 1113 780 1166 Καὶ
818 1114 945 1181 μετ’
974 1113 1164 1182 ὀλίγα·
1196 1113 1276 1165 Τὰ
1317 1112 1426 1183 γὰρ
1455 1112 1712 1167 Φοινίκων
1734 1114 1965 1184 τρισμύ-

405 1222 497 1278 ρια
528 1204 644 1275 ἔτη,
669 1203 702 1274 ἢ
723 1204 814 1257 τὸν
838 1203 945 1256 τῶν
965 1203 1242 1263 Χαλδαίων
1271 1204 1453 1276 λῆρον,
1478 1204 1537 1258 τὸ
1565 1204 1671 1258 τῶν
1701 1204 1966 1274 τεσσαρά-

401 1314 565 1350 κοντα
598 1293 742 1350 ὀκτὼ
768 1297 1061 1366 μυριάδων,
1091 1295 1146 1349 τί
1181 1296 1262 1349 δεῖ
1298 1297 1510 1363 λέγειν;
1541 1299 1604 1350 ὲκ
1627 1297 1830 1351 τούτων
1854 1298 1962 1368 γὰρ

413 1387 648 1442 Ἰουδαῖοι
679 1387 741 1441 τὸ
780 1388 1038 1441 ἀνέκαθεν
1073 1388 1206 1461 (51),
1229 1390 1507 1458 γεγονότες
1545 1389 1651 1443 ἀπὸ
1691 1389 1959 1461 Ἀϐραὰμ,

397 1478 714 1550 ἀρξάμενοι,
744 1479 1070 1551 ἀτυφότερόν
1106 1498 1166 1533 τε
1197 1483 1290 1534 καὶ
1319 1481 1672 1553 ἀνθρωπίνως
1705 1482 1840 1554 μετὰ
1867 1483 1962 1536 τοῦ

395 1567 628 1638 ἀληθοῦς
647 1568 735 1622 διά
765 1568 861 1622 τοῦ
890 1570 1165 1635 Μωῡσέως
1195 1572 1500 1642 πνεύματος
1520 1573 1873 1643 διδαχθέντες,
1897 1573 1960 1628 ἐκ

393 1677 452 1714 τε
497 1661 602 1714 τῶν
651 1659 853 1714 λοιπῶν
888 1660 1186 1733 Ἑϐραϊκῶν
1239 1664 1505 1735 ἱστοριῶν,
1552 1665 1779 1735 ἀριθμὸν
1824 1665 1960 1720 ἐτῶν

393 1753 651 1816 πεντάκις
681 1753 867 1823 χιλίων
898 1755 1263 1809 πεντακοσίων
1289 1758 1368 1820 είς
1392 1756 1488 1827 τὴν
1523 1758 1841 1826 ἐπιφάνειαν
1861 1757 1956 1811 τοῦ

2068 576 2408 635 prorogatam
2433 572 2723 639 quamdam
2749 574 2942 628 seriem
2972 590 3036 628 ex
3066 579 3404 649 astrologicis
3421 586 3634 653 experi-

2070 659 2264 711 mentis
2290 669 2635 714 statuerunt:
2668 677 2804 730 quas
2831 665 3048 732 quidem
3088 668 3126 720 ii
3171 669 3264 737 qui
3293 685 3352 724 se
3385 674 3630 740 penitius

2069 749 2371 818 inspexisse
2404 752 2762 819 arbitrantur,
2791 759 3104 811 summatim
3131 759 3394 830 legentes,
3428 762 3633 822 fabulis

2068 841 2240 895 nihilo
2290 841 2470 897 secius
2522 843 2758 909 addicti,
2813 862 2990 903 annos
3039 849 3354 918 hujusmodi
3408 855 3634 912 lunares

2067 932 2339 1000 putandos
2376 935 2669 988 commenti
2706 947 2863 1000 sunt,
2897 947 2951 992 et
2980 939 3226 997 conﬁctis
3262 953 3383 998 octo
3414 945 3498 998 vel
3533 963 3629 1000 no-

2067 1041 2186 1080 vem
2219 1043 2486 1081 annorum
2533 1028 2885 1098 millenariis,
2931 1047 3054 1101 quae
3098 1032 3315 1101 Soloni,
3349 1039 3498 1092 velut
3539 1053 3637 1091 au-

2066 1117 2226 1183 ctori,
2251 1117 2627 1188 Egyptiorum
2663 1123 2972 1178 sacerdotes
2989 1127 3128 1194 apud
3145 1124 3422 1182 Platonem
3451 1145 3632 1200 quon-

2067 1209 2190 1263 dam
2226 1211 2635 1280 ascripserunt,
2683 1229 2713 1267 a
2752 1215 2982 1271 veritate
3029 1219 3326 1287 probavere
3365 1236 3424 1275 se
3468 1221 3630 1291 longe

2064 1299 2308 1356 dissitos.
2357 1301 2424 1354 Et
2467 1303 2784 1372 quibusdam
2832 1307 3160 1376 interjectis:
3201 1310 3244 1361 A
3278 1309 3631 1368 Phaanicihus

2063 1392 2266 1460 pariter
2297 1394 2568 1463 myriades
2603 1411 2873 1451 annorum
2908 1407 3018 1453 tres
3041 1400 3309 1468 jactatas,
3341 1403 3627 1457 Chaldaeo»-

2064 1498 2297 1553 rumque
2325 1485 2514 1539 deliria
2542 1525 2555 1549 ,
2595 1502 2695 1541 nec
2736 1503 2845 1542 non
2871 1490 3229 1561 quadraginta
3259 1503 3313 1547 et
3337 1503 3459 1548 octo
3491 1495 3630 1549 alias

2063 1576 2368 1646 myriades,
2415 1578 2542 1646 quid
2591 1595 2897 1636 memorare
2937 1599 3160 1638 necesse
3198 1585 3324 1639 est?
3384 1587 3429 1638 A
3465 1585 3629 1640 Chal—

2063 1665 2194 1720 daais
2217 1667 2361 1720 enim
2395 1683 2490 1735 per
2511 1667 2881 1724 Abrahamum
2909 1681 3113 1741 patrem
3141 1675 3244 1728 orti
3273 1673 3473 1741 Judaei,
3499 1691 3630 1731 vero

2063 1755 2263 1829 Moysis
2296 1758 2488 1828 spiritu
2543 1759 2773 1826 imbuti,
2813 1779 2920 1831 qua
2951 1763 3106 1819 decet
3135 1766 3383 1822 homines
3409 1784 3441 1822 a
3481 1767 3627 1822 fastu

394 1843 660 1916 σωτηρίου
710 1844 822 1916 (52)
871 1845 1026 1914 λόγου
1075 1846 1171 1919 τὴν
1219 1849 1311 1900 ἐπὶ
1353 1849 1453 1918 τῆς
1505 1849 1801 1921 μοναρχίας
1849 1849 1951 1903 τῶν

2059 1849 2266 1904 alienos
2286 1889 2300 1914 ,
2328 1850 2520 1920 suique
2547 1867 2814 1908 memores
2834 1895 2849 1919 ,
2873 1855 3137 1910 modestia
3155 1897 3169 1920 ,
3198 1873 3264 1910 ex
3290 1857 3494 1914 relictis
3521 1859 3626 1914 sibi

391 1937 682 2008 Καισάρων
713 1939 1123 2011 κηρυσσομένην
1152 1941 1612 2012 παραδεδώκασιν.

2059 1939 2413 2018 Ῑξρὺτπξοιδυτη
2460 1944 2830 1998 monumentis
2874 1961 3144 2001 annorum
3176 1948 3470 2018 quinquies
3503 1951 3622 2004 mil-

292 2052 301 2062 ·
395 2032 523 2086 lium
581 2045 635 2087 et
683 2033 1101 2103 quingentorum
1159 2051 1445 2090 numerum
1479 2053 1650 2107 usque
1703 2037 1768 2092 ad
1798 2033 2052 2092 salutaris
2079 1999 2240 2090 ἦρι·ῢί
2299 2036 2589 2092 adventum
2646 2038 2749 2092 sub
2801 2038 3078 2094 Caesarum
3135 2041 3367 2110 imperio
3421 2045 3626 2099 mundo

389 2124 699 2194 evulgatum
742 2124 979 2193 posteris
1011 2125 1370 2182 tradiderunt.

1548 2217 1612 2274 ll.
1657 2218 1824 2284 Ibid.,
1859 2235 1982 2290 pag.
2016 2216 2118 2284 l9,
2155 2212 2229 2268 al.
2264 2213 2351 2266 l5.

842 2333 916 2386 Πε
925 2329 976 2402 ρὶ
1008 2331 1115 2384 τῶν
1155 2332 1486 2404 ἓγρηγόρων.

457 2422 700 2494 Πλήθους
749 2423 1045 2496 ἀνθρώπων
1085 2426 1375 2496 γενομένου
1416 2425 1510 2478 ἐπὶ
1559 2426 1657 2496 τῆς
1691 2425 1816 2494 γῆς,
1850 2424 1956 2494 ἄγ-

385 2515 529 2584 γελοι
574 2517 669 2569 τοῦ
706 2516 931 2588 οὐρανοῦ
967 2518 1297 2590 θυγατράσιν
1331 2518 1628 2590 ἀνθρώπων
1672 2517 1949 2588 συνῆλθον.

386 2606 476 2660 Ἐν
503 2607 662 2671 ἐνίοις
686 2609 1035 2679 ἀντιγράφοις
1067 2602 1245 2681 εὗρον,
1287 2613 1342 2664 οἱ
1367 2612 1482 2664 υἱοὶ
1511 2611 1616 2664 τοῦ
1641 2611 1806 2664 Θεοῦ.
1842 2610 1956 2663 Μυ-

386 2697 598 2751 θεύεται
639 2698 714 2763 δὲ,
757 2700 833 2762 ὡς
876 2695 1027 2770 οἶμαι
1057 2700 1198 2772 (55),
1231 2700 1339 2752 ἀπὸ
1379 2700 1471 2753 τοῦ
1526 2699 1653 2771 Σὴθ,
1700 2700 1806 2752 ὑπὸ
1857 2698 1951 2752 τοῦ

387 2784 719 2856 Πνεύματος,
767 2789 813 2839 οἱ
853 2788 961 2839 υἱοὶ
993 2787 1126 2840 Θεοῦ
1174 2788 1692 2860 προσαγορεύονται,
1721 2788 1808 2841 διά
1831 2790 1955 2852 τοὺς

388 2874 485 2927 ἀπ’
532 2874 698 2928 αὐτοῦ
746 2876 1268 2948 γενεαλογουμὲνους
1314 2877 1548 2940 δικαίους
1593 2895 1652 2930 τε
1705 2877 1799 2930 καὶ
1844 2894 1952 2930 πα-

386 2965 669 3036 τριάρχας,
712 2965 840 3037 ἄχρι
883 2966 976 3019 τοῦ
1023 2968 1290 3038 Σωτῆροςο
1328 2969 1453 3030 τοὺς
1481 2968 1525 3021 δ’
1556 2967 1661 3021 ἀπὸ
1688 2967 1827 3020 Κάῖν
1859 2970 1954 3021 ἀν-

386 3053 634 3128 θρώπους
677 3057 971 3110 ἀποκαλεῖν
1014 3057 1126 3127 (54)
1160 3058 1391 3129 σποράν,
1442 3058 1516 3121 ὡς
1576 3057 1750 3110 ούδέτι
1810 3057 1958 3126 θεῖον

384 3147 683 3218 ἐσχηκότας
711 3148 797 3202 διὰ
839 3149 1103 3220 πονηρίαν
1134 3148 1348 3216 γένους,
1379 3149 1471 3201 καὶ
1496 3148 1582 3202 διὰ
1609 3150 1708 3219 τῆς
1738 3149 1950 3218 φύσεως

381 3205 1076 3310 ἀνόμοιονίὲπιμιχθέντων
1099 3205 1416 3310 αύτῶνίτὴν
1444 3205 1809 3309 ἀγανάκτησιν
1837 3205 1947 3310 (55)
1977 3205 2020 3262 C

384 3327 710 3399 ποιήσασθαι
739 3330 829 3382 τὸν
859 3330 1008 3383 Θεόν.
1045 3331 1107 3382 Ei
1135 3329 1190 3382 δὲ
1218 3330 1303 3381 ἐπ’
1333 3330 1577 3404 ἀγγέλων
1610 3332 1780 3384 νοοῖτο
1806 3331 1948 3402 ἔχειν

384 3417 623 3482 τούτους,
654 3419 780 3483 τοὺς
817 3420 944 3490 περὶ
992 3421 1220 3491 μαγείας
1264 3421 1357 3474 καὶ
1404 3421 1694 3490 γοητείας,
1741 3421 1849 3474 ἔτει
1891 3421 1948 3474 δὲ

380 3509 630 3581 ἀριθμῶν
657 3509 766 3583 (56)
797 3512 1082 3582 κινήσεως,
1115 3511 1220 3565 τῶν
1257 3511 1541 3583 μετεώρων
1586 3515 1704 3575 ταῖς
1735 3512 1948 3581 γυναιξὶ

382 3600 480 3673 τὴν
529 3601 729 3670 γνῶσιν
769 3595 1364 3674 παραδεδωκέναι,’ἀφ’
1405 3597 1480 3656 ὧν
1523 3603 1784 3674 ἐποίησαν
1821 3605 1947 3668 τοὺς

383 3693 579 3756 παῖδας
620 3694 744 3758 τοὺς
787 3693 1067 3763 γίγαντας,
1106 3693 1172 3746 δι’
1206 3693 1300 3756 οὓς
1337 3693 1438 3763 τῆς
1477 3695 1672 3758 κακίας
1703 3696 1946 3764 ἐπιγενο-

383 3784 571 3857 μένης,
600 3784 740 3854 ἑγνω
765 3788 871 3839 πᾶν
895 3786 1154 3856 ἀφανίσαι
1181 3783 1334 3851 ζώων
1364 3786 1518 3855 γένος
1538 3789 1566 3840 ό
1597 3785 1728 3852 Θεὸς
1759 3789 1816 3841 ὲν
1848 3805 1948 3842 κα-

379 3875 674 3949 τακλυσμῷ
705 3876 951 3931 ἄπιστον.
1327 3865 1332 3872 ⁸

2633 2324 2710 2381 De
2766 2327 3069 2398 egregoris.

2126 2420 2300 2476 Aucta
2340 2434 2502 2488 super
2539 2425 2741 2474 terram
2777 2420 3061 2474 hominum
3103 2420 3484 2488 multitudine,
3519 2437 3622 2479 an-

2058 2511 2158 2584 geli
2198 2509 2574 2565 cwli'liliahus
2603 2508 2885 2562 hominum
2918 2509 3190 2564 commisti
3228 2519 3377 2564 sunt.
3410 2510 3468 2564 lu
3498 2512 3625 2580 qui-

2056 2603 2286 2657 busdam
2309 2600 2708 2670 exemplaribus
2733 2600 2857 2670 legi,
2881 2600 2983 2669 ﬁlii
3006 2601 3123 2654 Dei.
3144 2600 3372 2667 Iudicat,
3395 2611 3454 2656 ut
3477 2617 3622 2670 reor,

2059 2692 2296 2763 Spiritus
2328 2700 2552 2747 sanctus
2585 2707 2613 2744 a
2653 2690 2782 2745 Seth
2818 2700 2969 2759 patre
3004 2691 3098 2745 Dei
3137 2692 3274 2746 ﬁlios
3307 2692 3522 2760 vocari,
3553 2693 3622 2747 ob

2055 2794 2244 2839 enatos
2283 2799 2348 2838 ex
2388 2782 2506 2852 ejus
2552 2783 2719 2851 stirpe
2756 2797 2928 2851 usque
2965 2782 3030 2836 ad
3074 2772 3409 2838 Salvatorem
3439 2784 3621 2853 justos

2055 2886 2108 2930 et
2142 2873 2520 2945 patriarchas;
2557 2870 2690 2924 Cain
2731 2887 2861 2926 vero
2897 2873 3205 2942 progeniem
3230 2913 3245 2939 ,
3286 2888 3383 2927 ceu
3419 2875 3491 2927 nil
3533 2875 3620 2928 di-

2056 2965 2241 3018 vinum
2275 2964 2596 3017 referentem
2617 3003 2632 3028 ,
2664 2963 2732 3015 ob
2763 2964 2978 3034 generis
3012 2965 3333 3033 pravitatem
3375 2981 3441 3020 ac
3479 2982 3617 3020 con-

2055 3055 2193 3110 fusze
2247 3064 2456 3109 natura:
2509 3054 3050 3118 dissimilitudinem,
3097 3055 3383 3110 hominum
3429 3061 3616 3112 semen

2054 3146 2318 3215 appellat;
2351 3147 2662 3217 eisdemque
2696 3147 3080 3218 indignationis
3111 3164 3223 3204 suae
3253 3151 3409 3220 signa
3441 3150 3612 3205 Deum

2055 3228 2320 3290 indixisse
2350 3243 2558 3289 narrat.
2593 3236 2663 3289 At
2695 3237 2740 3290 si
2785 3236 2851 3290 de
2899 3237 3104 3306 angelis
3148 3252 3457 3291 sermonem
3499 3237 3616 3293 ﬁeri

2059 3328 2363 3383 sentiamus
2391 3368 2404 3390 ,
2438 3327 2633 3397 magiis
2661 3335 2715 3382 et
2746 3328 3033 3397 praestigiis
3065 3327 3276 3383 deditos
3309 3329 3482 3398 accipi
3523 3345 3617 3382 ue-

2053 3433 2208 3474 oesse
2231 3427 2314 3472 est
2333 3459 2348 3485 ,
2373 3419 2465 3488 qui
2492 3428 2766 3473 astrorum
2796 3427 2850 3472 et
2873 3434 3228 3474 numerorum
3259 3431 3466 3476 motum
3485 3463 3501 3491 ,
3530 3439 3618 3478 re-

2055 3526 2289 3581 rumque
2319 3512 2637 3566 sublimium
2659 3513 2742 3567 vel
2759 3522 3124 3568 meteororum
3151 3514 3400 3569 notitiam
3420 3515 3613 3570 mulie-

2052 3603 2208 3658 ribus
2248 3603 2616 3670 tradideruut,
2651 3619 2884 3673 quorum
2921 3621 3216 3675 congressu
3249 3617 3616 3676 conceperunt

2053 3691 2160 3746 illa;
2190 3693 2433 3762 gigantes
2453 3733 2466 3758 ,
2500 3709 2529 3746 a
2570 3694 2771 3762 quibus
2809 3695 3077 3750 scelerum
3109 3698 3354 3751 omnium
3385 3695 3616 3752 colluvie

2052 3783 2106 3836 in
2160 3784 2476 3839 universum
2525 3785 2710 3839 orbem
2760 3796 3090 3857 pr0pagata,
3139 3788 3404 3856 perﬁdum
3452 3801 3615 3843 omne

2046 3873 2348 3968 viventit‘m
2377 3891 2548 3946 genus
2577 3876 2782 3932 diluvio
2807 3877 3032 3947 perdere
3060 3877 3203 3934 Deus
3231 3879 3489 3935 decrevit.

1602 3989 1688 4046 Ill.
1731 3989 1896 4058 Ibid.,
1935 4007 2056 4061 pag.
2097 3989 2195 4057 81,
2237 3989 2312 4044 al.
2353 3988 2443 4045 65.

462 4085 630 4156 Ἀδὰμ
682 4084 968 4155 γενόμενος
1017 4081 1154 4138 ἐτῶν
1200 4081 1274 4135 σλ’
1321 4084 1484 4154 γεννᾷ
1532 4081 1623 4136 τὸν
1667 4082 1774 4154 Σήθ
1796 4099 1809 4113 ·
1858 4083 1950 4136 καὶ

379 4177 588 4240 τούτοις
636 4174 899 4247 ἐπιζήσας
943 4175 1037 4246 ἔτη
1091 4174 1144 4245 ψ
1186 4173 1484 4238 ἀπέθανεν,
1531 4176 1650 4247 ἦτοι
1693 4174 1944 4246 δεύτερον

380 4269 628 4324 θάνατον.
1751 4317 1753 4319 ,

449 4360 559 4432 Σὴθ
590 4358 875 4430 γενόμενος
906 4356 1042 4412 ὲτῶν
1081 4362 1155 4410 σε’
1187 4357 1441 4426 ἐγέννησε
1475 4355 1564 4410 τὸν
1603 4355 1789 4420 Ἐνώς-ο
1834 4358 1942 4411 ἀπὸ

389 4453 560 4524 ’Δδάμ
599 4451 775 4506 τοίνυν
823 4451 983 4524 μέχρι
1027 4450 1290 4517 γενέσεως
1333 4447 1518 4514 Ἐνὼς,
1552 4448 1647 4521 ἐτη
1693 4449 1762 4505 τὰ
1805 4450 1941 4523 σύμ-

375 4560 555 4598 παντα
577 4541 702 4596 υλε’.

462 4634 625 4699 Ἐνὼς
655 4635 911 4708 ὑπάρχων
943 4633 1077 4688 ὲτῶν
1104 4637 1216 4706 ριιεθ
1244 4633 1355 4703 (57)
1396 4634 1558 4704 γεννᾷ
1589 4631 1678 4686 τὸν
1709 4635 1937 4688 Καῖνᾶν.

379 4780 630 4826 mortuus
656 4769 848 4826 fuisset
876 4772 932 4824 in
967 4768 1277 4835 Moabitide,
1314 4776 1368 4824 et
1394 4768 1542 4823 Ruth
1570 4770 1790 4824 viduam
1823 4769 1942 4824 abs-

379 4857 486 4910 que
515 4842 702 4896 liberis
724 4841 1052 4912 reliquisset,
1076 4839 1472 4912 Boozaguatus
1503 4838 1940 4912 maalonistpro-

373 4909 609 4966 iimiore
657 4909 859 4982 agnato
877 4911 968 4981 jus
1013 4926 1174 4964 suum
1227 4909 1330 4982 ipsi
1365 4910 1745 4982 concedente,
1793 4909 1938 4982 llu_th

377 4997 602 5037 uxorem
632 4978 859 5051 accepit,
880 4978 1000 5051 quo
1024 4996 1204 5033 semen
1244 4979 1474 5051 Maaloni
1511 4981 1820 5051 suscitaret.
1852 4978 1934 5051 Eat

375 5065 442 5105 ea
480 5059 657 5104 tamen
690 5048 902 5120 genitus
927 5049 1175 5112 Obedus,
1207 5066 1310 5104 non
1339 5049 1600 5104 Maalonis
1634 5051 1727 5104 sed
1770 5048 1935 5120 Boozi

377 5120 524 5174 ﬁlius
552 5119 751 5175 dicitur
775 5122 843 5177 ab
868 5120 1231 5187 evangelistis,
1266 5120 1358 5190 qui
1391 5119 1932 5190 Christiprosapjam

376 5197 698 5256 texuerunt;
733 5200 786 5244 et
812 5196 864 5245 in
907 5191 1080 5254 libro,
1111 5189 1200 5258 qui
1233 5187 1546 5244 inscribitur
1588 5187 1752 5244 Ruth.
1778 5187 1936 5258 JScio

417 5259 508 5314 uid
537 5261 848 5330 responderi
888 5261 1063 5330 possit
1094 5257 1378 5330 :Moysem
1435 5259 1640 5314 scilicet
1671 5260 1738 5313 de
1767 5257 1936 5330 fratre

417 5276 508 5314 uia
537 5276 848 5327 responderi
888 5276 1063 5328 possu.
1094 5277 1107 5312 :
1143 5276 1378 5330 moysem
1435 5276 1640 5314 SClllcel
1671 5276 1738 5313 ue
1767 5276 1935 5313 iratre

376 5276 646 5385 ﬂuutaxat
666 5329 935 5397 locutum;
969 5328 1206 5383 Boozum
1231 5344 1360 5384 vero
1388 5331 1610 5384 fratrem
1634 5345 1740 5382 non
1765 5327 1935 5382 fuisse

376 5398 661 5470 Maalonis,
689 5413 753 5470 ac
781 5400 1006 5468 proinde
1035 5399 1205 5470 legem
1229 5414 1335 5467 qua
1357 5399 1644 5470 jubebatur
1688 5406 1747 5470 ut
1793 5399 1936 5452 [ilius

375 5483 441 5524 ex
465 5468 647 5523 fratris
668 5468 829 5523 vi'dua
857 5468 1140 5538 susceptus
1163 5469 1280 5538 ejus
1302 5468 1522 5529 nomine
1553 5468 1932 5537 appellaretur,

377 5539 445 5593 ad
493 5539 735 5592 Boozum
789 5555 894 5592 non
946 5537 1290 5607 peitinuiSse.
1344 5538 1545 5594 Deinde
1591 5537 1697 5592 dici
1735 5545 1930 5606 potest,

377 5607 616 5678 Boozum
667 5607 872 5662 idcirco
927 5608 1197 5662 nominari
1246 5608 1302 5661 in
1335 5608 1679 5678 generatione
1706 5607 1931 5674 Christi,

376 5677 812 5749 quod_illii_strior
847 5679 1143 5749 exstitisset
1163 5693 1325 5749 quam
1354 5677 1602 5749 Maalon.
1666 5746 1683 5749 Α
1770 5745 1779 5749 Α
1907 5695 1925 5749 ξ

447 5746 926 5858 (ὃίὲτὸᾶἀέέκαθ.
957 5747 1083 5858 Lefg.
1127 5745 1406 5816 γεγονότες
1445 5747 1552 5802 ἀπὸ
1592 5745 1840 5818 Ἀϐραὰμ
1871 5745 1934 5798 τὸ

378 5816 638 5874 ἀνέκαθεν
662 5818 977 5886 ἀρξάμενοι.
1014 5816 1189 5874 GOAR.

2121 4081 2258 4136 Cum
2298 4089 2443 4137 esset
2479 4080 2720 4135 Adamus
2749 4096 3017 4136 annorqu
3047 4083 3156 4136 250
3175 4121 3190 4147 ,
3219 4083 3403 4153 genuit
3431 4084 3561 4140 Seth
3591 4104 3606 4152 ;

2049 4180 2163 4227 tum
2197 4187 2328 4227 vero
2372 4181 2652 4242 superstes
2683 4172 2843 4226 annis
2887 4172 2989 4225 700
3035 4173 3156 4228 luce
3201 4174 3468 4245 privatur,
3501 4177 3607 4232 hoc

2045 4273 2130 4320 est
2161 4263 2456 4333 secundam
2493 4272 2722 4317 mortem
2753 4264 2886 4317 obiit

2120 4353 2250 4409 Seth
2299 4354 2456 4408 annis
2496 4353 2602 4408 205
2634 4362 2794 4408 natus
2834 4353 3020 4424 genuit
3055 4353 3238 4422 Enos;
3284 4355 3354 4410 ab
3396 4356 3609 4414 Adamo

2045 4445 2230 4517 itaque
2273 4461 2447 4516 usque
2488 4447 2558 4502 ad
2602 4445 2749 4501 Enos
2781 4445 3016 4502 natalem
3063 4447 3206 4504 diem
3255 4461 3612 4507 numerantur

1977 4555 2019 4609 υ
2044 4538 2172 4593 anni
2199 4539 2326 4593 455.

2113 4628 2258 4684 Enos
2293 4643 2563 4683 annorum
2597 4629 2700 4685 190
2730 4629 2917 4701 genuit
2947 4629 3182 4686 Cainan.

2038 4773 2071 4836 χ
2112 4764 2364 4836 (52)7Είς
2400 4763 2516 4836 τὴν
2555 4765 2906 4834 ἐπιφάνειαν
2948 4766 3056 4821 τοῦ
3095 4781 3311 4835 σωτηρ.
3343 4765 3603 4834 Observa,

2041 4835 2244 4890 Christi
2289 4835 2522 4888 natalem
2571 4837 2712 4889 diem
2759 4836 3078 4905 ἐπιφάνειαν
3127 4841 3313 4892 vocari
3363 4838 3604 4894 Africani

2043 4905 2388 4978 testimonio,
2437 4905 2532 4974 qui
2578 4904 2875 4960 Antonino
2916 4904 3265 4978 Heliogabalo
3305 4907 3607 4978 imperante

2018 4975 2192 5028 ‘vixit.
2225 4974 2301 5027 lo.

2112 5044 2224 5116 (55)
2266 5045 2358 5109 Ὡς
2384 5038 2559 5116 οἶμαι.
2603 5043 2842 5116 _Leg._dx;
2879 5040 3053 5116 οἶμαι,
3098 5045 3202 5097 ὑπὸ
3227 5045 3320 5098 τοῦ
3356 5045 3606 5116 Πνεύμα-

2037 5133 2147 5238 ἶος,
2177 5115 2258 5166 ὅτι
2285 5116 2332 5165 οἱ
2361 5115 2466 5166 υίοὶ
2494 5114 2627 5166 Θεοῦ
2667 5114 2773 5168 ἀπὸ
2811 5114 2903 5167 τοῦ
2946 5115 3054 5186 Σὴθ
3092 5114 3600 5186 προσαγορεύονται.

2062 5201 2114 5238 ι).

2062 5201 2114 5240 ι).

2131 5255 2221 5322 54)
2268 5253 2628 5308 Ἆποκαλεῖν.
2661 5252 2787 5322 Leg.
2813 5253 3095 5306 ἀποκαλεῖ.
3128 5252 3203 5306 In.

2131 5259 2221 5322 54)
2268 5259 2628 5308 Ἁποκαλεῖν.
2662 5259 2787 5322 Leg.
2813 5259 3095 5306 ἀποκαλεῖ.
3128 5259 3203 5306 In.

2107 5259 2216 5396 (55)
2239 5324 2357 5391 Τὴν
2367 5323 2650 5396 ἀγαιςάκτ.
2670 5324 2762 5396 Εἰς
2778 5324 3053 5396 ἀγανάκτη
3062 5338 3144 5396 σιν
3161 5321 3502 5394 κινήσασθαι.
3522 5327 3600 5380 In.

2034 5391 2316 5448 --‘Locus
2346 5391 2636 5448 manifeste
2663 5393 2917 5446 vitiosus.
2945 5391 3051 5444 Eo.
3080 5391 3252 5446 Pun.

2035 5475 2039 5482 ’
2070 5534 2086 5536 ᾧ
2108 5463 2220 5536 (56)
2237 5467 2387 5536 Ἔζει
2411 5465 2479 5517 δὲ
2496 5465 2724 5536 ἀριθη*
2737 5463 3176 5536 Ἐσχολακίξτας
3193 5461 3429 5536 συνιέναι
3471 5469 3599 5536 χρὴ,

2033 5531 2128 5598 οὓς
2156 5531 2262 5587 τῶν
2293 5533 2509 5605 ἄστρων
2549 5532 2834 5605 κινήσεωςΔ
2861 5533 2954 5605 καί
3004 5531 3114 5605 τῶν
3162 5531 3450 5605 μετεῴρέυν
3474 5531 3598 5605 τὴν

2033 5596 2231 5672 γνῶσιν
2245 5596 2594 5671 ταῖς-γυναιξὶ
2609 5596 3038 5672 παραδεδωκέναι
3059 5596 3224 5670 λέγει,
3241 5602 3331 5670 ἀφ’
3342 5596 3469 5672 ’ὧνν
3481 5640 3497 5657 .
3521 5596 3596 5656 lli.

2107 5673 2224 5745 (57),
2260 5669 2438 5745 ᾙτῶν
2471 5675 2608 5742 ριιεκ
2636 5669 2802 5745 Error
2831 5671 3144 5745 librariilest
3183 5677 3317 5743 ριιε’,
3355 5682 3408 5726 ut
3437 5671 3598 5745 lineis

2034 5735 2417 5812 superioribus.
2455 5735 2588 5798 ἁκέ.
2628 5735 2831 5796 Graecis
2875 5741 3154 5812 codicibus
3183 5735 3271 5811 μί’
3303 5735 3372 5796 et
3415 5745 3490 5795 σι’
3513 5741 3594 5796 le-

2027 5814 2306 5880 gentibus.
2343 5818 2417 5874 In.
