4074 6418
384 359 452 413 69
1318 352 1481 420 (ὶυῶ
1524 350 1936 408 SUPERSUN'I‘
1976 350 2070 405 EX
2109 349 2335 407 LIBRIS
2372 349 2768 410 CHRONOGR.

3529 358 3604 413 ⁸ῖο

1563 473 1676 528 vn.
1720 473 2164 546 Ibid.,pag.,95,
2201 472 2277 529 αι.
2319 474 2406 528 τι.

450 590 540 663 Τῷ
566 591 723 661 ,γσοζν
774 592 883 646 ἔτει
935 593 1028 647 τοῦ
1086 593 1291 665 κόσμου
1339 593 1510 664 ἐπέϐη
1552 593 1800 665 Ἀϐραὰμ
1845 592 1943 662 τῆς
1965 641 2015 698 Α

379 683 786 757 ἐπηγγελμένης
814 686 1159 749 Χανανίτιδος
1196 690 1320 760 γῆς.

2108 592 2269 646 Anno
2327 592 2518 646 mundi
2556 592 2716 656 ⁸5277,
2778 600 2976 647 terram
3030 591 3441 647 Chananitidem
3492 592 3603 651 sibi

2042 684 2367 753 promissam
2398 683 2674 753 ingressus
2699 691 2782 737 est
2813 683 3111 738 Abraham.

1537 824 1668 881 VIII.
1711 824 1877 890 Ibid.,
1917 838 2040 893 pag.
2079 820 2187 886 99,
2228 819 2301 872 at.
2344 818 2432 874 79.

917 922 1052 993 Περὶ
1103 921 1382 993 Ἃϐραάμ.

443 1031 636 1087 Ἔνθεν
690 1032 916 1105 ἄρχεται
971 1033 1082 1087 τῶν
1139 1034 1405 1106 Ἐϐραίων
1462 1034 1496 1105 ἡ
1558 1030 1935 1103 προσωνυμία.

385 1120 620 1194 Ἑϐραῖοι
648 1124 760 1195 γὰρ
814 1126 864 1177 οἱ
893 1125 1133 1193 Περάται
1162 1126 1580 1198 έρμηνεύονται,
1614 1125 1662 1178 οἳ
1688 1121 1942 1194 διεπερά-

375 1228 534 1267 σαντο
569 1214 858 1286 Εὐφράτην
903 1216 1040 1284 μετά
1086 1216 1363 1288 Ἀϐραάμ⁸
1400 1217 1491 1270 καὶ
1530 1216 1649 1287 οὐχ,
1692 1215 1771 1279 ’ὡς
1799 1212 1939 1267 οἷον·

369 1303 459 1356 ταί
496 1322 659 1370 τινες,
704 1306 811 1359 ἀπὸ
853 1306 1011 1377 Ἐϐὲρ
1048 1307 1143 1360 τοῦ
1180 1306 1593 1379 προειρημένου.
1640 1304 1953 1374 Συνάγεταιν

367 1393 546 1446 τοίνυν
601 1396 681 1458 εἰς
731 1394 828 1465 τὴν
883 1396 1135 1449 ἐπίϐασιν
1190 1395 1289 1464 τῆς
1342 1392 1784 1465 κατηγγελμένης
1832 1393 1935 1463 γῆς

382 1484 630 1555 Ἀϐραὰμ
660 1525 675 1549 ,
716 1485 827 1539 ἀπὸ
885 1486 983 1557 μὲν
1021 1486 1115 1540 τοῦ
1179 1485 1560 1556 κατακλυσμοῦ
1620 1484 1715 1537 καὶ
1767 1483 1889 1536 Νῶε
1917 1523 1934 1547 ,

369 1574 573 1642 γενεῶν
609 1575 738 1629 δέκα
788 1575 883 1647 ἔτη
918 1583 1055 1641 ,αιε¹·
1092 1576 1274 1631 ἀπὸδὲ
1305 1575 1474 1646 Ἀδὰμ
1506 1573 1708 1644 γενεῶν
1736 1636 1739 1639 _
1763 1576 1937 1628 εἴκοσι

370 1665 466 1736 ἔτη
496 1665 625 1734 ἅσς’
656 1665 789 1737 (41)-

2617 913 2692 968 De
2724 913 3018 968 Abraham.

2101 1025 2205 1082 Hic
2258 1026 2495 1097 primum
2552 1040 2749 1080 nomen
2799 1025 3150 1104 Hebraeoer
3196 1026 3443 1081 auditum
3496 1035 3599 1080 est.

2038 1115 2247 1174 Hebraei
2289 1134 2523 1188 namque
2574 1117 3048 1189 Transmigrantes
3095 1128 3460 1188 exponuntur,
3505 1118 3599 1187 qui

2039 1225 2163 1264 cum
2197 1210 2470 1264 Abraham
2508 1208 2841 1277 traiecerunt
2867 1208 3193 1278 Euphratem
3224 1226 3238 1275 ;
3271 1218 3326 1262 et
3357 1225 3464 1263 non
3488 1250 3504 1275 ,
3540 1217 3601 1262 ut

2041 1299 2267 1369 quidam
2309 1306 2621 1366 autumant,
2644 1299 2728 1353 'ab
2759 1298 2934 1353 Heber
2961 1318 2975 1353 :
3007 1300 3072 1354 de
3103 1315 3211 1369 quo
3250 1301 3377 1355 alibi
3418 1317 3597 1356 sermo

2041 1390 2280 1446 habitus.
2320 1390 2368 1443 A
2400 1391 2673 1460 praeterito
2714 1389 2899 1457 itaque
2934 1389 3176 1454 diluvio,
3207 1388 3429 1461 Noeque
3458 1400 3596 1446 tem-

2042 1483 2299 1553 poribus,
2337 1497 2513 1553 usque
2552 1481 2621 1536 ad
2652 1482 2958 1551 ingressum
3005 1481 3239 1537 Abrahae
3288 1483 3344 1536 in
3388 1491 3592 1538 terram

2035 1574 2399 1644 promissam,
2439 1572 2848 1645 generationum
2889 1572 3084 1645 decem.
3115 1574 3244 1628 anni
3285 1574 3423 1630 1015
3481 1575 3596 1630 col-

2036 1664 2315 1734 liguntur:
2371 1663 2439 1719 ab
2486 1663 2696 1721 Adamo
2738 1678 2898 1729 vero,
2945 1665 3353 1733 generationum
3404 1663 3594 1736 viginti

2038 1756 2166 1811 anni
2196 1756 2356 1811 5277.

1522 1869 1614 1924 ΙΧ.
1659 1868 1824 1933 Ibid.,
1863 1888 1981 1941 pag.
2024 1872 2155 1939 I00,
2181 1873 2256 1930 af.
2287 1872 2374 1927 80.

1654 1963 1729 2019 De
1768 1965 2040 2020 Abraham
2073 1976 2127 2021 et
2165 1966 2284 2022 Lot.

438 2060 611 2134 Λιμοῦ
645 2061 1003 2133 κατασχόντος
1030 2060 1127 2133 τὴν
1157 2060 1259 2132 γῆν
1297 2060 1395 2133 τὴν
1437 2059 1766 2113 Χανανίτιδα
1804 2077 1929 2113 κατ-

2104 2061 2269 2116 Fame
2293 2077 2388 2131 per
2413 2069 2609 2115 terram
2635 2059 3047 2116 Chananitidem
3072 2073 3356 2134 grassante
3375 2103 3390 2128 ,
3421 2062 3593 2117 Abra-

368 2151 527 2224 ἦλθεν
569 2155 648 2217 είς
696 2153 969 2222 Αίγυπτον
1006 2152 1284 2225 Ἀϐραάμ·
1320 2151 1415 2205 καὶ
1442 2149 1626 2213 δεδιὼς
1661 2147 1735 2220 μὴ
1763 2148 1849 2204 διὰ
1874 2150 1934 2203 τὸ

365 2243 559 2308 κάλλος
585 2244 687 2314 τῆς
716 2243 970 2312 γυναικὸς
999 2243 1279 2315 ἀναιρεθῇ,
1300 2241 1524 2311 ἁδελφὸς
1554 2236 1690 2293 εἶναι
1713 2239 1938 2294 σκέπτε-

354 2336 454 2390 ται
480 2334 636 2406 (Μ’).
657 2335 1057 2390 Ἐπαινεθεῖσαν
1082 2336 1139 2388 δὲ
1165 2336 1400 2405 ⁴ιἰγάγετο
1418 2330 1615 2405 Φαραώ
1632 2346 1647 2361 ·
1671 2330 1812 2384 οὕτω
1828 2332 1937 2404 γάρ

364 2426 650 2497 Αἰγύπτιοι
695 2429 820 2490 τοὺς
872 2428 1108 2498 βασιλεῖς
1164 2426 1543 2499 ὲρμηνεύουσι.
1598 2429 1708 2483 Καὶ
1751 2430 1779 2481 ὁ
1838 2425 1936 2498 μὲν

362 2518 515 2581 δίκας
561 2517 705 2571 ἔτισε
751 2518 827 2589 τῷ
868 2516 1021 2588 Θεῷ·
1073 2518 1102 2569 ὁ
1131 2517 1176 2570 δ’
1209 2517 1323 2586 ἅμα
1352 2519 1463 2581 τοῖς
1498 2518 1648 2582 ἰδίοις
1690 2517 1937 2589 Ἀϐραὰμ

363 2608 466 2679 ἥδη
503 2607 745 2661 πλουτῶν
789 2607 1181 2678 ἀπηλλάσσετο.
1241 2608 1327 2659 Ἐν
1371 2608 1591 2661 Χαναὰν
1625 2608 1936 2680 διεπληκτί-

363 2717 524 2754 σαντο
572 2700 827 2769 ποιμένες
869 2698 966 2751 τοῦ
1019 2697 1301 2769 Ἀϐραὰμ,
1368 2698 1465 2750 καὶ⁸
1503 2697 1597 2752 τοῦ
1629 2698 1785 2764 Λὼτ,
1812 2700 1932 2766 καὶ,

361 2792 609 2856 δόξαντος
636 2791 835 2854 αὐτοῖς,
873 2788 1275 2859 ἐχωρίσθησαν,
1313 2786 1565 2858 ἑλομένου
1601 2787 1723 2841 Λὼτ
1753 2790 1811 2842 ὲν
1836 2790 1934 2842 Σο-

279 2909 283 2913 ~
362 2882 544 2953 δόμοις
579 2882 746 2934 οίκεῖν
774 2880 838 2933 δι’
873 2880 1072 2951 ἀρετὴν
1103 2880 1196 2933 καὶ
1224 2880 1417 2943 κάλλος
1447 2881 1546 2951 τῆς
1570 2880 1673 2949 γῆς
1705 2879 1935 2952 ἐχούσης

364 2974 520 3027 πέντε
552 2972 753 3035 πόλεις,
796 2971 1035 3041 Σόδομα,
1068 2971 1352 3042 Γόμορρα,
1411 2970 1618 3040 Ἀδαμὰ
1638 3009 1651 3033 ,
1685 2969 1935 3042 Σεϐοεὶμ,

361 3061 574 3133 Σηγὼρ,
602 3062 697 3115 καὶ
720 3063 1008 3125 τοσούτους
1033 3061 1288 3131 βασιλεῖς.
1315 3061 1535 3124 Τούτοις
1556 3064 1603 3114 οί
1625 3061 1933 3132 πλησιόχω-

360 3171 441 3225 ροι
468 3154 729 3224 τέσσαρες
761 3152 996 3223 βασιλεῖς
1038 3152 1231 3224 Σύρων
1257 3152 1621 3224 ἐπολέμησαν,
1652 3149 1726 3207 ὧν
1751 3155 1933 3225 ἡγεῖτο

358 3239 759 3315 Χοδολλὸγόμορ
805 3242 1057 3313 βασιλεὺς
1095 3243 1309 3314 Αίλάμο
1356 3243 1645 3298 συνέϐαλον
1686 3244 1742 3297 δὲ
1782 3245 1933 3319 παρά

355 3336 455 3409 τὴν
491 3336 759 3390 θάλασσαν
808 3335 905 3405 τὴν
954 3334 1165 3407 ἀλικὴν,
1204 3334 1239 3404 ἢ
1269 3335 1513 3388 καλεῖται
1552 3334 1648 3389 νῦν
1695 3335 1929 3390 θάλαττα

2033 2153 2159 2208 ham
2184 2154 2461 2209 descendit
2484 2154 2537 2208 in
2567 2154 2860 2225 Egyptum
2889 2174 2902 2209 :
2933 2164 2987 2210 at
3018 2170 3086 2208 ne
3110 2154 3182 2209 ob
3206 2154 3398 2211 uxoris
3423 2169 3593 2208 venu-

2033 2254 2172 2299 stam
2203 2246 2437 2315 speciem
2477 2246 2833 2314 occideretur,
2873 2247 3056 2303 fratris
3082 2246 3301 2301 nomine
3338 2245 3593 2301 simulate

2034 2345 2260 2405 accepto
2301 2346 2573 2392 servatur.
2611 2336 2802 2392 Saram
2844 2336 3019 2391 forma
3059 2336 3330 2390 laudatam
3368 2335 3591 2390 abducit

2032 2424 2245 2481 Pharao
2269 2446 2283 2481 :
2317 2420 2421 2483 hoc
2454 2429 2653 2498 quippe
2683 2428 2905 2483 nomine
2934 2444 3087 2498 reges
3116 2428 3390 2497 appellant
3418 2425 3588 2497 Egy-

2031 2519 2153 2589 ptii.
2187 2517 2253 2573 Et
2294 2520 2385 2575 ille
2422 2521 2641 2589 quidem
2682 2520 2847 2576 simul
2880 2535 3005 2574 cum
3044 2519 3362 2575 domesticis
3399 2533 3589 2588 poenas

2033 2609 2143 2664 Deo
2173 2611 2336 2666 solvit
2362 2630 2377 2678 ;
2403 2612 2676 2666 Abraham
2710 2628 2839 2667 vero
2864 2627 2986 2666 cum
3017 2610 3281 2665 famulitio
3307 2611 3490 2664 multis
3512 2608 3591 2663 di-

2026 2695 2179 2751 vitiis
2211 2706 2407 2753 auctus
2438 2697 2748 2752 dimittitur.
2782 2697 3037 2753 Pastores
3066 2700 3336 2753 Abraham
3367 2708 3421 2753 et
3447 2696 3586 2752 Loth

2032 2786 2169 2841 rixis
2201 2788 2517 2859 ρυεηίείιυεΔ
2537 2792 2913 2858 contendunt;
2950 2792 3055 2860 ipsi
3093 2801 3273 2847 tamen
3309 2791 3584 2847 communi

2032 2879 2297 2933 sententia
2352 2888 2674 2950 separantur
2722 2882 2793 2936 ab
2842 2883 3115 2937 invicem:
3171 2881 3309 2935 Loth
3366 2892 3589 2952 propter

2030 2977 2189 3023 terra:
2242 2969 2481 3040 quinque
2532 2972 2845 3028 civitatibus
2899 2973 3188 3040 Sodomis,
3246 2973 3585 3041 Gomorrha,

2030 3057 2274 3126 Adama,
2310 3058 2530 3116 Seboim
2568 3071 2621 3117 et
2660 3063 2849 3133 Segor,
2886 3064 3221 3133 totidemque
3251 3063 3470 3133 regibus
3502 3064 3587 3117 in-

2031 3150 2238 3220 signis,
2288 3152 2589 3208 ubertatem
2628 3162 2683 3209 et
2723 3163 2929 3224 gratam
2970 3155 3284 3223 planitiem,
3330 3154 3586 3209 Sodomis

2030 3239 2279 3307 habitare
2314 3243 2591 3314 s'eligente.
2634 3243 2731 3299 llis
2765 3245 2930 3299 vicini
2973 3244 3232 3315 Syrorum
3262 3260 3417 3314 reges
3448 3261 3586 3314 qua-

2034 3339 2178 3399 tuor,
2218 3349 2450 3403 quorum
2483 3337 2591 3390 dux
2633 3337 2939 3407 praecipuus
2977 3346 3094 3392 erat
3129 3336 3585 3407 Chodollogomor

359 3428 568 3500 Νεκρά.
587 3428 674 3480 Ἐν
698 3426 869 3499 ταύτῃ
902 3425 1128 3479 πλεῖστα
1150 3425 1255 3479 τῶν
1288 3425 1603 3497 θαυμασίων
1626 3426 1924 3498 τεθέαμαι·

2030 3439 2124 3479 rex
2165 3424 2376 3492 Aelam,
2398 3427 2619 3483 bellunv
2642 3430 2975 3493 intulerunt;
3004 3438 3059 3484 et
3100 3429 3167 3483 ad
3216 3445 3364 3483 mare
3390 3428 3531 3484 Salis
3554 3471 3571 3495 ,

355 3519 508 3587 ζώων
535 3538 595 3573 τε
624 3519 732 3591 γὰρ
761 3520 912 3573 οὐδὲν
933 3520 1107 3573 ἐκεῖνο
1132 3518 1192 3572 τδ
1219 3518 1358 3590 ὕδωρ
1391 3518 1544 3589 φέρει
1567 3535 1581 3549 ⁸
1618 3520 1713 3573 καὶ
1744 3520 1927 3591 νεκροὶ

358 3612 458 3684 μὲν
491 3610 803 3683 ὑποϐρύχιοι
834 3611 1117 3681 φέρονται,
1165 3609 1363 3675 ζῶντες
1402 3609 1459 3661 δὲ
1491 3610 1599 3663 οὐδ’
1632 3610 1699 3663 ἂν
1733 3610 1927 3682 ῥᾳδίως

356 3702 724 3774 βαπτίσαιντο.
792 3701 988 3773 Λύχνοι
1048 3701 1146 3773 μὲν
1204 3701 1484 3772 καιόμενοι
1553 3700 1923 3773 ἐπιφέρονται,

356 3795 542 3867 σβεννύ
550 3813 700 3866 μενοι
726 3794 782 3848 δὲ
806 3792 1180 3847 καταδύουσιν.
1224 3791 1485 3846 Ἐνταῦθα
1505 3792 1562 3845 δὲ
1588 3794 1721 3847 είσὶν
1745 3795 1799 3846 αἱ
1824 3793 1925 3864 τῆς

354 3887 623 3957 ἀσφάλτου
656 3885 859 3957 πηγαί”
896 3884 1049 3955 φέρει
1087 3884 1145 3937 δὲ
1189 3883 1523 3955 στυπτηρίαν
1554 3883 1648 3937 καὶ
1684 3883 1786 3937 ἀλα
1818 3884 1926 3937 ὀλί-

350 3995 447 4047 γον
495 3996 549 4031 τι
575 3977 683 4032 τῶν
714 3977 885 4030 ἄλλων
922 3975 1277 4047 διαφέροντα⁶
1328 3974 1503 4046 πικρά
1554 3992 1614 4028 τε
1657 3974 1764 4047 γάρ
1807 3977 1922 4029 ἐστι

352 4071 446 4123 καὶ
468 4070 661 4140 διαυγῆ
682 4088 695 4100 ·
728 4069 856 4123 ἔνθα
884 4069 928 4122 δ’
952 4069 1017 4123 ἂν
1046 4066 1257 4139 καρπὸς
1282 4066 1498 4139 εὑρεθῇ,
1525 4066 1732 4121 κάπνου
1762 4069 1921 4123 πλέον

352 4162 663 4233 εὑρίσκεται
689 4161 1075 4232 θολερωτάτου.
1097 4159 1182 4213 ’Τὸ
1204 4159 1260 4212 δὲ
1291 4159 1432 4230 ὕδωρ
1469 4161 1611 4213 ἰᾶται
1634 4162 1759 4224 τοὺς
1779 4180 1921 4233 χρω-

356 4253 550 4324 μένους
600 4251 765 4322 αύτῷ,
810 4251 966 4323 λήγει
1019 4268 1079 4304 τε
1124 4249 1291 4304 παντὶ
1357 4248 1509 4304 ὕδατι
1570 4250 1792 4321 πάσχων
1849 4253 1918 4306 τὰ

349 4344 588 4397 ἐναντία.
622 4345 685 4397 Εί
714 4343 771 4396 δὲ
816 4344 889 4413 μὴ
935 4342 1205 4413 Ἰορδάνην
1250 4338 1362 4411 εἶχε
1394 4340 1484 4395 τὸν
1530 4343 1771 4411 ποταμὸν
1795 4360 1919 4415 τρο-

349 4435 477 4506 φῆνν
506 4434 581 4498 ὡς
613 4433 900 4507 πορφύραν
936 4433 1312 4504 διατρέφονται,
1349 4432 1444 4485 καὶ
1477 4432 1569 4485 ἐπὶ
1602 4432 1735 4486 πολὺ
1764 4434 1919 4487 ἀντέ-

348 4543 532 4599 χοντα,
572 4525 756 4597 ἔληξεν
803 4527 869 4580 ἂν
901 4524 1092 4579 θᾶττον
1129 4524 1161 4595 ἢ
1196 4524 1464 4594 φαίνεται.
1514 4525 1669 4578 Ἔστι
1697 4525 1753 4578 δὲ
1783 4527 1914 4597 παρ’

348 4616 484 4687 αὐτῇ
531 4616 785 4689 πάμπολυ
826 4615 919 4668 τοῦ
969 4614 1245 4685 βαλσάμου
1288 4614 1452 4684 φυτόν
1472 4629 1487 4644 ⁸
1528 4612 1832 4669 ὑπονοεῖται
1856 4615 1911 4668 δὲ

347 4707 748 4778 ἀνατετράφθαι
792 4706 898 4760 ὑπὸ
923 4706 1017 4761 τοῦ
1039 4705 1172 4760 Θεοῦ
1202 4704 1290 4759 διὰ
1313 4704 1409 4778 τὴν
1432 4705 1539 4759 τῶν
1573 4705 1911 4781 περιοικούν-

332 4812 457 4852 »των
484 4797 754 4853 ἀσέϐειαν.
828 4848 829 4851 η
940 4810 945 4823 ⁵

2022 3530 2170 3571 nunc
2198 3514 2468 3571 Mortuum
2488 3556 2503 3580 ,
2548 3534 2744 3573 manus
2775 3527 3184 3573 conseruerunt.
3216 3516 3272 3571 In
3304 3518 3410 3573 isto
3444 3520 3581 3573 mari

2021 3608 2419 3677 quamplurima
2450 3619 2696 3680 portenta
2727 3611 2845 3666 visu
2892 3612 3054 3682 digna
3097 3612 3401 3666 observavi.
3448 3609 3582 3665 Nul-

2021 3696 2133 3752 lum
2167 3699 2416 3756 animans
2446 3703 2618 3757 nutrit
2643 3702 2764 3773 ejus
2793 3718 2935 3771 aqua
2963 3720 2978 3769 ;
3020 3711 3075 3757 et
3117 3711 3329 3757 mortua
3358 3703 3577 3774 quidem

2019 3788 2361 3843 oadaverain
2394 3805 2513 3845 eam
2542 3793 2651 3847 cito
2677 3800 3019 3863 merguntur,
3047 3793 3167 3847 viva
3193 3808 3321 3848 vero
3346 3808 3573 3863 corpora

2020 3888 2278 3943 enatant,
2310 3895 2409 3936 nec
2444 3882 2611 3937 imum
2658 3882 2817 3961 facile
2861 3891 3090 3952 petunt;
3136 3883 3281 3938 faces
3327 3884 3579 3942 ardentes

2018 3969 2074 4023 in
2118 3985 2183 4026 ea
2227 3987 2447 4027 sursum
2482 3972 2754 4037 feruntur,
2804 3975 3087 4028 exstincta:
3128 3983 3467 4043 merguntur.
3516 3976 3575 4032 In

2015 4062 2203 4117 eadem
2247 4062 2531 4119 bituminis
2574 4064 2728 4135 origo
2771 4074 2825 4121 et
2864 4066 3117 4121 ollicina:
3165 4067 3413 4135 producit
3456 4068 3575 4121 alu-

2017 4168 2142 4207 men
2165 4194 2181 4221 ,
2213 4163 2266 4209 et
2297 4170 2531 4225 paucum
2565 4157 2752 4215 salem.
2780 4157 3073 4210 nonnihila
3098 4157 3322 4226 reliquis
3361 4158 3568 4213 discre-

2016 4246 2200 4314 pantia
2228 4265 2244 4313 ;
2276 4263 2461 4302 amara
2493 4257 2623 4304 sunt
2652 4248 2796 4303 enim
2827 4258 2881 4303 et
2910 4249 3198 4319 pellucida.
3250 4248 3572 4320 Ubicunque

2014 4336 2157 4392 circa
2184 4353 2311 4402 eam
2344 4338 2552 4393 fructus
2580 4339 2874 4404 enascitur,
2922 4338 3137 4393 turbido
3179 4347 3388 4394 tantum
3420 4340 3571 4397 fumo

2015 4441 2215 4505 turget.
2247 4433 2401 4503 Aqua
2433 4434 2547 4487 haec
2569 4433 2845 4489 utentibus
2870 4432 3159 4487 admodum
3192 4433 3425 4489 salubria
3449 4444 3531 4490 est
3551 4462 3574 4499 ,~

2014 4538 2080 4578 ac
2105 4540 2257 4578 more
2284 4524 2508 4579 cuilibet
2533 4539 2689 4594 aquae
2716 4524 2992 4578 contrario
3018 4524 3320 4579 exsiccatur
3344 4542 3357 4578 :
3388 4533 3440 4578 et
3465 4527 3568 4581 nisi

2012 4614 2302 4671 Iordanem
2329 4616 2396 4670 ad
2422 4616 2593 4670 instar
2617 4596 2837 4671 concha;
2864 4616 3148 4670 nutritium
3174 4623 3229 4669 et
3250 4614 3564 4671 continuum
3635 4634 3638 4639 ’

2013 4707 2295 4782 humorem
2333 4708 2835 4782 subministrantem
2868 4708 3105 4773 haberet,
3138 4723 3201 4763 ac
3231 4709 3568 4764 velutexsic—

1940 4786 1984 4839 D
2011 4778 2236 4854 'cationis
2256 4798 2498 4870 pericqu
2523 4779 2873 4855 obsistentem
2891 4839 2907 4864 ,
2932 4799 3094 4854 citius
3116 4814 3277 4870 quam
3299 4801 3563 4865 videatur,

348 4894 652 4950 defecisset.
703 4893 1135 4963 Circumquaque
1190 4907 1301 4948 non
1364 4891 1592 4947 minima
1652 4891 1881 4949 balsami
1930 4893 2131 4963 plantae
2179 4896 2336 4966 copia
2396 4904 2517 4961 est;
2573 4911 2737 4967 quam
2790 4894 3010 4966 quidem
3040 4896 3110 4951 ob
3141 4896 3443 4952 vicinorum
3475 4896 3566 4951 iu-

346 4987 588 5043 colarum
617 4986 1011 5058 improbitatem
1040 5002 1072 5042 a
1104 4985 1211 5041 Deo
1234 4986 1420 5042 dicunt
1454 4984 1791 5056 proﬂigatam
1824 4986 2042 5055 penitus
2073 4994 2129 5068 et
2156 4988 2531 5058 exstirpatam.

1526 5078 1594 5135 X.
1634 5077 1801 5140 Ibid..
1841 5096 1964 5150 pag.
2004 5080 2129 5145 107,
2170 5082 2244 5140 αι,
2286 5081 2376 5139 86.

1610 5173 1693 5253 De
1720 5175 2030 5246 patriarcha
2066 5177 2257 5235 Iacob.

425 5288 492 5343 Ἦ
527 5290 812 5363 ποιμενικὴ
840 5290 950 5362 (42)
995 5290 1167 5362 σκηνὴ
1202 5290 1296 5344 τοῦ
1338 5289 1531 5344 Ἰακὼϐ
1567 5291 1626 5343 ἐν
1678 5289 1898 5361 Ἐδέσσῃ

418 5400 701 5473 (4Α1)Ἔτη
742 5400 894 5471 ,τσζῆ
940 5402 1256 5459 Mendosum
1310 5417 1597 5473 numerum
1648 5401 1780 5473 ,γσζν
1835 5401 1893 5455 in

347 5471 965 5540 ,γσοζίροῐῐιῐηυιειηιιυῐη
994 5475 1138 5540 cogit
1165 5477 1279 5528 hate
1296 5473 1456 5526 ratio.
1480 5472 1525 5525 A
1547 5472 1737 5526 mundi
1771 5479 1895 5525 ortu

344 5542 412 5595 ad
436 5541 697 5595 diluvium
726 5552 976 5598 numerat
1005 5541 1293 5598 Africanus
1321 5557 1493 5596 annos
1511 5541 1672 5605 2262,
1696 5541 1896 5605 quibus

345 5611 413 5665 ad
463 5612 695 5665 Abrahae
740 5614 973 5666 natalem
1015 5614 1159 5667 diem
1216 5612 1362 5666 addit
1409 5612 1546 5665 alios
1607 5608 1765 5664 I015.
1815 5608 1897 5665 Ex

346 5688 573 5751 utraque
583 5681 773 5751 _igitur
808 5697 1020 5737 summa
1053 5682 1266 5751 collegit
1292 5680 1447 5748 ,γσοζ¹
1485 5680 1642 5735 5277.
1672 5678 1844 5737 Gen.

414 5748 558 5822 (Μ’)
580 5748 742 5808 Forte
775 5752 1094 5810 σκήπτεται.
1127 5748 1547 5867 ΕιῐιτιΡγιιοι..

2074 5292 2117 5348 I.
2155 5292 2436 5349 Pastorale
2464 5292 2632 5350 Iacob
2666 5293 2958 5351 tentorium
2993 5305 3165 5363 usque
3199 5291 3267 5347 ad
3297 5291 3555 5349 Antonini

2072 5406 2181 5478 (42)
2237 5408 2298 5464 Ἡ
2346 5422 2573 5477 ποιμεν.
2624 5407 2747 5463 Have
2788 5415 2843 5463 et
2880 5390 3164 5478 (sequentia
3192 5406 3260 5465 de
3288 5405 3455 5463 Iacob
3485 5409 3556 5466 ab

1996 5476 2256 5548 Africano
2300 5476 2572 5548 enarrata,
2633 5486 2846 5533 exstant
2893 5476 3034 5548 apud
3079 5476 3387 5548 Syncellum
3423 5478 3459 5531 l.
3499 5494 3552 5535 c.

1996 5545 2270 5617 refertque
2296 5545 2533 5617 Scaliger
2550 5549 2602 5601 in
2626 5549 2741 5617 suis
2767 5545 3045 5617 excerptis
3066 5545 3267 5603 Graecis
3288 5547 3550 5604 Eusebi»
