4074 6372
325 341 399 400 ’15
1241 338 1407 409 ΟΠΛΕ
1449 338 1860 397 SUPEBSUNT
1901 339 1992 395 EX
2032 339 2258 396 LIBRIS
2295 340 2692 400 CHRONOGR.
3507 354 3578 413 7.3

329 458 541 516 πολλῶν
574 458 986 532 διαφθαρέντων
1010 440 1490 541 διασωθεὶςηκατά
1520 456 1618 531 τὴν
1641 458 1911 527 Αἴγυπτον

2019 468 2198 513 vatum
2216 499 2229 520 ,
2254 475 2369 515 aevo
2395 461 2487 515 illo
2510 476 2619 531 quo
2642 476 2765 515 cum
2794 463 2991 532 pepulo
3013 462 3225 534 Moyses
3249 482 3316 521 ex
3343 465 3578 541 Egypto

328 553 423 610 τοῦ
455 552 587 608 λαοῦ
629 553 764 625 μετὰ
796 554 1073 617 Μωῦσέως
1106 553 1281 620 ἔξοδον
1306 552 1576 622 γενέσθαι.
1635 552 1743 606 Καὶ
1786 552 1911 621 μετ’

330 644 506 720 ὀλίγα
525 661 538 675 ·
575 644 726 699 Μετὰ
746 644 802 698 δὲ
835 646 1098 714 Ὤγυγον,
1128 643 1217 698 διὰ
1238 644 1336 716 τὴν
1360 643 1469 697 ἀπὸ
1504 642 1598 696 τοῦ
1641 643 1911 696 κατακλυ-

334 735 474 807 σμοῦ
502 736 699 807 πολλὴν
725 736 950 809 φθορὰν,
973 737 1319 800 ἀϐασίλευτος
1336 736 1545 808 ἔμεινεν
1570 738 1603 807 ὴ
1630 736 1724 789 νῦν
1754 736 1917 789 Ἀττι-

332 826 403 899 κὴ
434 826 564 898 (ὃὲ),
602 827 1063 900 μέχριΚέκροπος
1103 829 1243 901 ρπθν.
1278 828 1381 881 Τὸν
1417 829 1513 899 μὲν
1540 829 1647 900 γὰρ
1682 828 1914 897 Ὤγυγον

345 919 589 972 Ἀκταῖον
609 960 622 984 ,
642 919 686 989 ἢ
717 918 785 972 τὰ
814 919 1162 986 πλασσόμενα
1201 920 1307 973 τῶν
1347 919 1646 990 ὀνομάτων,
1682 921 1803 974 οὐδὲ
1825 937 1916 989 γε-

336 1006 519 1062 νέσθαι
560 1010 727 1079 φησιν
774 1010 803 1062 ό
850 1009 1154 1081 Φιλόχορος.
1198 1010 1310 1063 Καὶ
1342 1012 1471 1080 μεθ’
1518 1009 1721 1077 ἐτεραο
1782 1007 1915 1062 Ἀπὸ

332 1099 571 1169 Ὠγύγου
592 1099 688 1152 ἐπὶ
716 1099 917 1170 Κῦρον,
936 1095 1083 1165 ὅπως
1101 1102 1211 1156 ἀπὸ
1229 1103 1504 1166 Μωῦσέως
1519 1103 1611 1156 ἐπὶ
1644 1101 1735 1154 τὸν
1751 1099 1915 1155 αὑτοῦ

334 1184 541 1264 χρόνον,
573 1192 668 1262 ἔτη
701 1191 854 1257 ,ασλε¹
882 1193 1011 1264 (55).

2018 549 2291 618 profectus
2323 560 2435 614 est,
2470 551 2743 607 exstitisse
2776 550 3129 611 alﬁrmamus.
3174 556 3243 610 Et
3282 568 3398 628 post
3437 577 3573 615 non-

2016 640 2209 695 nulla:
2249 640 2538 698 Devastato
2572 643 2766 715 diluvii
2803 646 2961 715 aquis
3000 645 3284 703 hominum
3326 666 3527 721 genere
3551 694 3566 716 ,

2014 732 2079 786 ad
2115 749 2289 802 usque
2317 733 2575 804 Cecropis
2606 745 2820 791 aetatem
2853 746 2905 791 et
2937 753 3112 793 annos
3145 740 3249 795 189
3281 751 3404 811 post
3435 740 3580 814 Ogy-
3614 743 3618 745 Α

2015 839 2141 894 gum
2162 865 2177 890 ,
2215 825 2421 894 absque
2455 826 2675 896 regibus
2712 826 2887 882 Attica
2925 844 3071 884 nunc
3097 830 3242 887 dicta
3273 833 3420 903 regio
3452 850 3577 905 per-

2017 917 2238 971 mansit.
2291 916 2491 972 Verum
2542 919 2821 974 enimvero
2869 921 3109 976 Actaeum
3160 921 3440 996 Ogygum,
3494 930 3580 984 vel

2017 1008 2222 1076 quaevis
2247 1009 2352 1063 alia
2385 1011 2508 1064 ﬁcta
2542 1012 2762 1066 nomina
2808 1028 3075 1083 nusquam
3092 1016 3365 1073 exstitisse
3399 1017 3582 1074 Philo-
3671 1034 3675 1038 ‘

2015 1099 2215 1153 chorus
2248 1098 2499 1154 afﬁrmat.
2532 1100 2769 1171 Aliisque
2800 1104 3087 1186 interjectis
3107 1120 3126 1158 :
3159 1107 3241 1161 Ab
3271 1106 3455 1181 Ogygo
3484 1127 3578 1166 us-

2018 1206 2125 1260 que
2160 1191 2225 1245 ad
2256 1191 2455 1263 Cyrum
2478 1234 2493 1258 ,
2523 1195 2672 1249 velut
2703 1212 2733 1250 a
2781 1195 2966 1267 Moyse
3012 1198 3078 1252 ad
3123 1202 3373 1256 eumdem
3406 1217 3582 1273 usque

2013 1283 2307 1338 terminum
2328 1324 2343 1346 ,
2372 1285 2501 1338 anni
2533 1294 2891 1341 numerantur
2924 1288 3088 1343 1255.

753 1391 894 1447 XIII.
940 1392 1023 1447 Ea:
1059 1395 1237 1448 eodem
1274 1393 1410 1447 libro
1450 1409 1531 1447 ιιι.
1573 1394 1725 1463 Apud
1767 1392 2049 1450 Eusebium
2089 1396 2388 1468 Praeparat.
2430 1416 2611 1470 evang.
2652 1399 2744 1453 lib.
2786 1417 2819 1455 ι
2843 1442 2859 1467 ,
2899 1417 3014 1471 cap.
3051 1401 3144 1458 40.

305 1509 329 1559 χ
400 1488 479 1542 Α’.
513 1488 688 1559 Μέχρι
733 1488 831 1560 μὲν
885 1489 1291 1560 Ὀλυμπιάδων,
1332 1489 1485 1543 οὐδὲν
1515 1489 1739 1562 ἀκριϐὲς
1769 1489 1911 1543 ἱστό-

2088 1493 2131 1548 Ι.
2172 1495 2311 1549 Ante
2348 1492 2723 1566 Olympiadum
2783 1496 3014 1562 seriem,
3063 1496 3374 1553 Graecorum
3406 1499 3460 1554 in
3494 1501 3582 1557 lii-

336 1597 493 1654 ρηται
512 1585 625 1646 τοῖς
649 1582 894 1654 Ἕλλησι,
928 1583 1144 1637 πάντων
1176 1583 1622 1654 συγκεχυμένων,
1652 1585 1745 1637 καὶ
1772 1584 1911 1638 κατὰ

2021 1585 2189 1640 storia
2214 1586 2348 1641 certi
2373 1586 2509 1641 nihil
2536 1588 2913 1658 exploratique
2939 1589 3211 1658 reperias:
3243 1607 3418 1661 usque
3442 1593 3582 1649 adeo

335 1673 498 1744 μηδὲν
523 1674 707 1737 αὐτοῖς
722 1674 829 1727 τῶν
849 1675 957 1747 πρὸ
977 1674 1068 1728 τοῦ
1092 1676 1548 1746 συμφωνούντων·
1578 1678 1632 1730 αἱ
1658 1675 1714 1728 δὲ
1747 1674 1911 1748 ἠκρί-

2017 1672 2330 1748 pcrturbata
2383 1689 2512 1735 sunt
2576 1682 2790 1748 omnia,
2830 1698 2932 1738 nec
2966 1683 3075 1737 ulla
3111 1699 3295 1739 secum
3326 1702 3393 1741 ex
3429 1698 3585 1758 parte

330 1764 503 1820 ϐωντο
529 1767 761 1831 πολλοῖς,
787 1766 864 1837 τῷ
901 1768 974 1839 μὴ
1009 1769 1074 1821 ὲκ
1107 1768 1358 1822 πλείστου
1387 1769 1755 1840 διαστήματος
1779 1809 1793 1831 ,
1826 1767 1911 1822 διὰ

2017 1770 2402 1841 consentiunt,
2428 1786 2550 1841 quae
2576 1782 2734 1827 antea
2766 1774 3060 1843 contigisse
3089 1786 3486 1833 memorantur.
3515 1780 3586 1834 At

330 1857 646 1929 τετραετίας
672 1859 728 1911 δὲ
748 1898 761 1922 ,
791 1858 891 1924 τὰς
926 1861 1247 1932 ἀναγραφὰς
1282 1860 1461 1914 αὐτῶν
1487 1859 1758 1913 ποιεῖσθαι
1787 1861 1914 1923 τοὺς

2017 1861 2072 1915 ἱη
2099 1859 2511 1933 Olympiadibus
2538 1863 2848 1935 digerendis
2877 1877 3133 1922 accurate
3166 1868 3322 1921 multi
3356 1868 3584 1941 diligen-

336 1948 623 2020 Ἕλληνας.
655 1944 730 2003 Oi:
761 1948 823 2020 δὴ
853 1948 1012 2022 χάριν
1044 1949 1140 2012 τὰς
1170 1948 1515 2015 ἐνδοξοτάτας
1534 1989 1548 2011 ,
1594 1948 1687 2001 καὶ
1732 1947 1915 2018 μυθώ-

2021 1958 2215 2021 terque
2252 1954 2452 2007 versati
2491 1963 2660 2020 sunt,
2702 1956 2849 2025 quod
2889 1970 3003 2010 non
3043 1957 3205 2028 longo
3240 1958 3530 2014 intervallo
3561 2001 3577 2026 ,

330 2042 442 2106 δεις
463 2034 1118 2113 ἐπιλεξάμενοςὶστορίας,
1147 2041 1307 2112 μέχρι
1336 2040 1436 2111 τῆς
1461 2039 1681 2112 πρώτης
1720 2039 1906 2109 Ὀλυμ-

332 2135 518 2199 πιάδος
545 2132 977 2207 ὲπιδραμοῦμαι·
1023 2133 1121 2197 τὰς
1151 2134 1210 2186 δὲ
1238 2132 1375 2204 μετὰ
1413 2132 1615 2194 ταῦτα,
1659 2130 1915 2197 συζεύξας

2017 2130 2187 2186 Graeci
2206 2134 2739 2205 comprehensasque
2754 2136 3193 2206 perscripserint.
3214 2136 3583 2205 Quamobrem

2017 2041 2113 2096 sed
2145 2049 2356 2096 tantum
2390 2046 2494 2099 suo
2521 2044 2786 2114 cujusque
2816 2061 2903 2101 res
2936 2047 3299 2115 quadriennio
3329 2044 3583 2106 deﬁnitus
3678 2044 3683 2053 ’

329 2227 472 2283 κατὰ
499 2226 690 2297 χρόνον
722 2225 977 2290 ἑκάστας,
1012 2225 1067 2278 εί
1096 2241 1240 2289 τινες
1265 2223 1429 2295 ὲπίση
1439 2241 1548 2295 μοι,
1583 2226 1702 2286 ταῖς
1743 2222 1919 2293 Ἕλλη.

329 2322 508 2382 νικαῖς
545 2318 647 2381 τὰς
689 2316 1013 2388 Ἐϐραῖκὰς,
1055 2316 1345 2388 ὲξιστορῶν
1378 2317 1480 2386 μὲν
1519 2314 1588 2368 τὰ
1629 2315 1915 2386 Ἐϐραίων,

328 2411 705 2482 ἐφαπτόμενος
724 2410 781 2463 δὲ
803 2408 911 2464 τῶν
955 2408 1298 2480 Ἑλληνικῶν,
1330 2407 1625 2480 ἐφαρμόσω
1654 2407 1802 2460 τόνδε
1823 2405 1917 2461 τὸν

328 2501 527 2573 τρόπον
547 2517 561 2532 '
590 2501 884 2572 λαϐόμενος
916 2501 1045 2570 μιᾶς
1074 2499 1325 2570 πράξεως
1364 2498 1654 2570 Ἐϐραῖκῆς
1681 2497 1913 2569 ὁμοχρό-

329 2609 422 2647 νου
467 2592 663 2665 πράξει
708 2593 797 2663 ὑφ’
852 2592 1118 2662 Ἐλλήνων
1161 2590 1529 2663 ίστορηθείσῃ,
1574 2591 1669 2644 καὶ
1708 2587 1913 2660 ταύτης

331 2685 607 2756 ἐχόμενος,
640 2684 888 2756 ἀφαιρῶν
912 2702 973 2737 τε
1000 2684 1095 2738 καὶ
1120 2682 1452 2754 προστιθεὶς,
1482 2683 1569 2746 τίς
1600 2699 1661 2735 τε
1687 2680 1911 2751 Ἕλλην,

330 2775 365 2846 ἢ
424 2775 663 2846 Πέρσης,
715 2775 748 2848 ἢ
799 2776 896 2829 καὶ
936 2773 1185 2828 ὁστισοῦν
1234 2777 1301 2845 τῇ
1364 2773 1625 2845 Ἐϐραίων
1665 2770 1918 2844 συνεχρό-

332 2882 496 2938 νησεν
531 2865 664 2937 (54),
706 2864 1192 2938 ὲπισημειούμενος
1217 2904 1234 2929 ,
1281 2866 1412 2929 ἴσως
1461 2863 1529 2918 ἂν
1577 2862 1670 2917 τοῦ
1713 2861 1915 2956 σκρποῢ

330 2973 570 3029 τυχοιμι.

2013 2236 2082 2277 ex
2114 2221 2377 2279 fabulosis
2408 2224 2549 2288 illis,
2581 2240 2703 2294 quae
2736 2226 2803 2280 ad
2833 2226 3065 2295 primam
3106 2244 3280 2299 usque
3310 2228 3586 2302 Olympia-

2016 2313 2139 2371 dem
2171 2313 2313 2369 Mma
2353 2315 2564 2371 caeteris
2602 2324 2657 2371 et
2688 2316 2977 2373 hominum
3017 2319 3279 2389 Opinione
3307 2324 3577 2392 praestita--

2012 2405 2155 2471 rint,
2188 2405 2423 2461 breviter
2456 2404 2772 2477 cursimque
2802 2408 2989 2466 libatis
3017 2451 3034 2475 ,
3070 2428 3192 2482 quae
3220 2423 3408 2482 postea
3447 2430 3584 2471 con-

2020 2496 2277 2568 tigerint,
2314 2511 2378 2552 ea
2417 2496 2462 2553 si
2501 2497 2668 2552 modo
2692 2497 2929 2569 insignia
2962 2488 3420 2569 videbunturﬁita
3457 2519 3582 2567 cum

2017 2584 2219 2643 Graecis
2255 2588 2486 2643 Hebraea
2520 2597 2807 2644 contexam
2834 2629 2850 2655 ,
2890 2600 2951 2645 ut
2988 2590 3194 2648 Graecis
3229 2593 3408 2650 obiter
3444 2595 3585 2651 dun-

2015 2687 2166 2733 taxat
2190 2679 2513 2749 perstrictis,
2543 2678 2801 2736 Historici
2825 2697 2980 2737 more
3002 2681 3180 2739 fusius
3204 2682 3431 2741 Hebraea
3457 2701 3585 2758 per-

2017 2776 2220 2851 texam.
2258 2769 2316 2824 In
2361 2784 2471 2839 quo
2507 2770 2777 2841 ejusmodi
2816 2771 3001 2828 futura
3040 2790 3159 2829 mea
3190 2776 3329 2831 ratio
3360 2784 3446 2832 est
3470 2815 3488 2845 ,
3525 2787 3589 2833 ut

2017 2847 2234 2931 quoties
2262 2861 2581 2918 Hebraicam
2616 2863 2936 2932 historiam,
2961 2880 3082 2936 quae
3114 2881 3238 2921 cum
3268 2866 3455 2923 Graeca
3485 2870 3588 2925 ali-

2019 2966 2132 3022 quo
2192 2961 2437 3023 tempore
2493 2956 2816 3022 conveniat,
2868 2956 3205 3011 tractandam
3256 2973 3587 3030 suscepere,

331 3053 494 3108 toties
533 3053 588 3108 in
621 3068 685 3109 ea
718 3060 1037 3109 constanter
1073 3052 1314 3117 haerens,
1374 3044 1667 3116 detractis,
1718 3049 1811 3104 ubi
1854 3062 1942 3104 res
1995 3047 2207 3114 tulerit,
2273 3048 2568 3116 adjectisve
2612 3050 2922 3115 nonnullis,
2966 3051 3193 3121 quinam
3237 3061 3333 3108 aut
3370 3053 3588 3112 Greco-

334 3160 452 3200 rum
474 3187 488 3211 ,
523 3154 619 3201 aut
646 3145 938 3204 Persarum
960 3189 976 3213 ,
1010 3155 1104 3203 aut
1138 3147 1320 3217 populi
1357 3146 1600 3216 cujusvis
1627 3145 1887 3209 alterius,
1929 3144 2171 3214 ejusdem
2203 3152 2445 3213 tempore
2500 3143 2773 3212 ﬂoruerit,
2851 3146 3091 3217 aperiam
3119 3166 3133 3201 :
3160 3149 3241 3205 sic
3287 3149 3432 3205 enim
3466 3150 3589 3221 ejus

328 3254 417 3294 me
438 3239 678 3302 demum,
705 3239 852 3309 quod
880 3240 1220 3310 prepositum
1261 3238 1394 3293 mihi
1425 3248 1540 3303 est,
1571 3248 1876 3309 compotem
1899 3236 2144 3292 futurum
2174 3235 2453 3291 existimo.

401 3333 478 3388 B'.
545 3332 812 3403 Ἐϐραίων
862 3334 963 3405 μὲν
1012 3329 1104 3388 οὖν
1147 3336 1181 3404 ἡ
1227 3333 1475 3404 μετοικία
1515 3331 1915 3404 ὲπισημοτάτη,

2095 3326 2161 3383 ιι.
2202 3328 2445 3384 Primum
2479 3329 2643 3399 igitur
2665 3330 3090 3387 celebratissima
3116 3331 3208 3385 illa
3236 3331 3585 3390 Hebraaorum

332 3425 879 3497 αἰχμαλωτισθέντων
946 3427 1050 3481 ὑπὸ
1115 3426 1581 3497 Ναϐουχοδονόσορ
1651 3424 1916 3496 βασιλέως

331 3517 989 3590 Βαϐυλῶνος,παρέτεινεν
1004 3517 1098 3590 ἐτη
1119 3525 1181 3582 ον,
1215 3517 1359 3572 καθά
1386 3518 1790 3589 προεφήτευσεν
1819 3517 1917 3570 Ἰε-

337 3627 396 3682 ρε
404 3609 533 3681 μίας
554 3650 567 3664 .
594 3609 701 3663 Τοῦ
723 3609 785 3680 δὴ
799 3609 1268 3681 Ναϐουχοδονόσορ
1288 3609 1610 3681 μνημονεύει
1627 3608 1916 3681 Βηρωσσὸς

328 3702 359 3756 ό
382 3701 743 3766 Βαϐυλώνιος.
790 3703 945 3757 Μετὰ
973 3703 1029 3756 δὲ
1048 3688 1125 3756 ¹τὰ
1156 3709 1196 3756 o'
1229 3701 1332 3771 τῆς
1364 3700 1741 3773 αἰχμαλωσίας
1792 3701 1911 3771 ἐτη,

327 3792 512 3867 Κῦρος
540 3794 764 3867 Περσῶν
801 3795 1168 3861 ἐϐασίλευσεν,
1297 3795 1407 3848 ἔτει
1448 3794 1748 3865 Ὀλυμπιὰς
1776 3794 1914 3866 ἢχθη

326 3893 433 3953 ve',
475 3886 552 3952 ὡς
597 3889 663 3941 ὲκ
699 3887 809 3941 τῶν
855 3886 1263 3955 Βιϐλιοθηκῶν
1313 3881 1609 3958 Διοδώρου,
1671 3887 1763 3939 καὶ
1807 3886 1917 3939 τῶν

328 3978 533 4035 Θαλλοῦ
601 3981 696 4036 καὶ
718 3979 1001 4051 Κάστορος
1038 3978 1310 4051 ἱστοριῶν,
1342 3977 1423 4032 ἔτι
1448 3978 1505 4032 δὲ
1535 3977 1792 4031 Πολυϐίου
1823 3977 1917 4032 καὶ

329 4066 625 4136 Φλέγοντος
674 4067 822 4122 ἔστιν
850 4069 1051 4141 εὑρεῖν,
1078 4068 1213 4123 ἀλλὰ
1246 4069 1338 4122 καὶ
1363 4069 1587 4141 ἑτέρων,
1617 4063 1697 4131 οἷς
1722 4068 1919 4140 ἐμέλη-

334 4174 426 4212 σεν
459 4159 835 4229 Ὀλυμπιάδων
853 4177 867 4190 ·
901 4159 1199 4231 ἆπασιγὰρ
1228 4157 1604 4231 συνεφώνησεν
1634 4160 1661 4211 ὁ
1692 4159 1881 4230 χρόνος
1899 4175 1914 4190 ·

332 4249 517 4322 Κῦρος
560 4250 605 4303 δ’
651 4246 744 4305 οὖν
792 4250 869 4321 τῷ
912 4250 1115 4323 πρώτῳ
1152 4251 1253 4319 τῆς
1296 4252 1471 4323 ἀρχῆς
1518 4250 1648 4314 ἔτει,
1687 4252 1822 4322 ὅπερ
1852 4247 1918 4321 ἦν

344 4341 703 4414 Ὀλυμπιάδος
731 4350 800 4397 νε¹
824 4343 941 4407 ἔτος
969 4343 1028 4396 τὸ
1058 4344 1294 4414 πρῶτον,
1325 4344 1412 4398 διὰ
1440 4341 1769 4415 Ζοροϐάϐελ,
1798 4340 1918 4395 καθ’

331 4436 389 4488 ὃν
435 4435 640 4507 Ἰησοῦς
667 4438 695 4490 ὁ
723 4435 816 4490 τοῦ
856 4437 1100 4491 Ἰωσεδὲκ
1120 4478 1134 4502 ,
1181 4437 1279 4508 τὴν
1309 4436 1534 4509 πρώτην
1566 4437 1660 4489 καὶ
1689 4434 1918 4507 μερικὴν

332 4527 647 4598 ἀπόπεμψιν
694 4530 986 4601 ἐποιήσατο
1030 4529 1124 4584 τοῦ
1175 4530 1330 4594 λαοῦ,
1390 4529 1769 4602 πληρωθείσης
1820 4527 1922 4598 τῆς

2019 3420 2304 3490 migratio,
2331 3436 2456 3475 cum
2482 3437 2509 3474 a
2538 3419 3073 3479 Nabuchodonosore
3128 3424 3420 3496 Babylonis
3458 3442 3587 3499 rege

2014 3512 2068 3567 in
2112 3510 2425 3566 servitutem
2470 3511 2696 3568 abducti
2739 3522 2901 3579 sunt,
2938 3529 3106 3573 annos
3151 3520 3325 3573 tenuit
3363 3530 3583 3589 septua-

2015 3604 2161 3676 ginta
2184 3644 2199 3668 ,
2224 3605 2302 3659 uti
2334 3603 2582 3659 futurum
2607 3603 2873 3663 Jeremias
2895 3608 3022 3663 ante
3044 3610 3387 3678 praedixerat.
3411 3610 3583 3667 Porro

2015 3694 2570 3752 Nabuchodonosoris
2598 3696 2834 3753 Berosus
2864 3713 3081 3768 quoque
3108 3699 3439 3771 Babylonius
3462 3717 3586 3760 me-

2024 3789 2204 3846 minit.
2240 3787 2462 3845 Exactis
2491 3789 2600 3845 illis
2636 3792 2983 3861 septuaginta
3019 3793 3358 3862 captivitatis
3386 3797 3583 3866 annis,

2021 3879 2197 3952 Cyrus
2234 3878 2513 3941 Persicum
2555 3896 2781 3952 regnum
2820 3882 3091 3953 obtinuit,
3131 3901 3256 3940 cum
3298 3886 3581 3959 Olympias

2022 3984 2277 4047 ageretur
2302 3974 2751 4045 quinquagesima
2777 3975 2968 4045 quinta
2986 4017 3001 4041 ,
3034 3977 3112 4032 uti
3143 3992 3210 4033 ex
3237 3977 3459 4033 Diodori
3488 3979 3588 4035 Bi-

2025 4070 2285 4126 bliotheca
2312 4110 2327 4135 ,
2371 4069 2546 4124 Thalli
2584 4077 2639 4125 et
2674 4070 2919 4127 Castoris
2943 4112 2961 4139 ,
3000 4088 3101 4128 nec
3135 4089 3246 4128 non
3284 4072 3496 4148 Polybii
3531 4088 3589 4134 et

2020 4160 2337 4233 Pblegontis
2366 4149 2638 4229 historiis,
2685 4161 2901 4218 auferre
2948 4164 3073 4220 licet
3109 4184 3125 4231 ;
3161 4166 3397 4238 aliisque
3433 4185 3583 4241 prte-

2021 4261 2167 4307 terea
2190 4293 2205 4315 .
2244 4253 2338 4322 qui
2377 4251 2756 4323 Olympiadum
2799 4254 2997 4307 seriem
3030 4262 3362 4323 texuerunt;
3395 4260 3584 4315 omni-

2021 4343 2125 4397 bus
2158 4344 2301 4398 enim
2338 4345 2392 4398 in
2420 4358 2485 4399 eo
2514 4351 2754 4414 tempore
2777 4344 3085 4402 deﬁniendo
3108 4351 3380 4406 convenit.
3409 4351 3587 4424 Cyrus

2021 4435 2186 4506 igitur
2209 4451 2352 4491 anno
2378 4435 2591 4505 imperii
2632 4436 2718 4491 sui
2743 4437 2940 4506 primo,
2956 4439 3049 4509 qui
3076 4439 3409 4513 Olympiadis
3432 4445 3590 4515 quin-

2022 4529 2353 4599 quagesimae
2388 4530 2591 4599 quinta:
2630 4531 2841 4598 primus
2875 4531 3002 4586 item
3055 4547 3232 4590 annus
3285 4544 3433 4603 erat,
3491 4552 3589 4607 per

333 4620 896 4693 ὲϐδομηκονταετίας,
943 4624 1019 4688 ὡς
1075 4625 1134 4677 εν
1186 4622 1265 4694 τῷ
1326 4622 1530 4695 Ἔσδρᾳ
1592 4622 1746 4695 παρὰ
1808 4624 1915 4685 τοῖς

2024 4618 2443 4684 Zorobabelem,
2485 4619 2643 4690 cujus
2680 4621 2842 4675 etiam
2880 4623 3106 4692 aequalis
3145 4625 3288 4680 idem
3322 4629 3589 4695 etAsocius

346 4692 618 4786 Ἑϐραίοις
658 4716 953 4788 ἱστόρηται.
1003 4718 1068 4769 Αἱ
1117 4692 1361 4787 μὲνοῦν
1414 4692 1643 4787 ἱστορίαι
1678 4692 1915 4785 ’συντρέ-

2022 4721 2140 4767 erat
2174 4711 2333 4768 Jesus
2361 4710 2609 4769 Josedeci
2641 4713 2818 4775 ﬁlius,
2850 4714 3064 4783 expleta
3092 4715 3206 4786 jam
3242 4692 3588 4788 septuaginta

333 4823 508 4878 χουσι,
542 4807 724 4882 Κύρου
752 4826 810 4862 τε
839 4808 1134 4880 βασιλείας,
1174 4810 1269 4864 καὶ
1300 4808 1676 4881 αἰχμαλωσίας
1702 4807 1910 4870 τέλους⁹

2025 4819 2295 4887 annorum
2336 4819 2584 4867 summa,
2626 4805 2810 4875 populi
2846 4805 3060 4861 Judaiei
3100 4817 3308 4876 partem
3347 4809 3589 4879 aliquam

335 4898 430 4951 καὶ
461 4897 602 4952 κατὰ
635 4899 736 4962 τὰς
781 4899 1144 4970 Ὀλυμπιάδας
1180 4898 1351 4963 οὕτως
1396 4901 1476 4963 είς
1511 4900 1659 4970 ἡμᾶς
1690 4897 1914 4970 εὑρεθή-

2022 4896 2260 4967 primum
2293 4896 2535 4959 dimisit.
2569 4907 2627 4950 ut
2660 4898 2800 4967 apud
2834 4895 3062 4952 Esdram
3096 4896 3381 4953 Hebreum
3410 4900 3589 4954 histo-

336 5007 487 5044 σεται
516 4993 978 5064 συμφωνήσαντα·
1015 4992 1222 5056 τούτοις
1254 4990 1362 5063 γὰρ
1386 4992 1659 5062 ἑπόμενοι,
1691 4991 1786 5044 καὶ
1813 4990 1913 5054 τὰς

2020 4986 2200 5041 ricum
2235 4987 2485 5057 legimus.
2522 4986 2588 5041 Et
2617 4988 2876 5057 quoniam
2911 4988 3063 5058 regni
3093 4987 3221 5061 Cyri
3254 4989 3586 5059 principium

334 5083 527 5147 λοιπὰς
557 5085 795 5156 ἱστορίας
815 5085 954 5140 κατὰ
984 5085 1074 5139 τὸν
1091 5085 1254 5139 αὐτὸν
1277 5084 1432 5154 λόγον
1454 5083 1712 5156 ἀλλήλαις
1738 5085 1914 5154 ὲιραρ⁹

2017 5091 2138 5131 cum
2193 5076 2434 5133 Judaicze
2480 5079 2810 5148 captivitatis
2852 5078 2991 5144 ﬁne,
3027 5080 3412 5135 historicorum
3463 5096 3590 5135 om-

338 5174 599 5247 μόσομεν.
1458 5208 1465 5215 -
1495 5181 1499 5183 ‘
2014 5169 2167 5224 nium
2189 5171 2546 5226 consensione
2571 5171 2879 5240 concurrit;
2906 5171 3101 5227 similis
3124 5172 3289 5227 etiam
3319 5172 3376 5226 in
3399 5169 3590 5244 Olym-

2016 5307 2185 5361 cellus
2216 5306 2415 5361 refutat
2446 5321 2571 5375 pag.
2597 5305 2664 5360 70
2697 5322 2839 5375 seq.,
2874 5306 2946 5359 al.
2978 5306 3066 5361 56.
3096 5305 3171 5360 lo.

2089 5378 2202 5448 (55)
2222 5378 2367 5448 ῗΕτη
2398 5379 2598 5442 μσλέ.
2629 5376 2681 5448 A_
2694 5376 2873 5448 Moyse
2890 5376 2953 5429 ad
2970 5376 3167 5447 Cyrum
3184 5378 3591 5448 numeratAl‘ri—

2013 5444 2181 5503 canus
2206 5447 2345 5501 1255
2387 5462 2562 5501 annos
2603 5464 2617 5501 :
2651 5444 2935 5516 Syncellus
2963 5444 3180 5501 centum
3210 5450 3414 5503 minus.
3462 5447 3583 5511 Hic.

2010 5517 2217 5588 Cainan
2271 5516 2429 5588 annis
2465 5515 2575 5584 jam
2609 5515 2982 5588 superioribus
3026 5520 3348 5585 numeratis,
3405 5526 3588 5588 poste-

2008 5587 2127 5660 rius
2156 5586 2393 5660 spatium
2418 5587 2721 5649 contraxit;
2747 5584 3041 5660 Africanus
3065 5588 3255 5644 iisdem
3281 5584 3585 5660 pestremo,

692 5710 696 5715 θ
919 5656 931 5661 ⁷
1514 5726 1525 5729 _
1625 5723 1661 5729 _
2007 5656 2064 5712 id
2108 5666 2192 5729 est
2234 5656 2485 5729 Iudicum
2534 5665 2775 5729 tempore
2824 5657 3099 5724 repositis,
3147 5656 3382 5729 spatium
3439 5659 3586 5715 idem

409 5728 521 5797 (δὲ)
562 5728 761 5785 Ἡνῦν
794 5730 1048 5798 Ἀττική.
1078 5730 1154 5787 De
1190 5730 1322 5787 Acte
1343 5735 1397 5784 et
1420 5726 1596 5798 Attica
1625 5723 1903 5798 Pontacus

2017 5727 2227 5798 auxisse
2251 5724 2693 5798 deprehenditur.
2731 5724 2805 5798 In.
2888 5723 2895 5724 ί
3086 5723 3089 5724 ⁷
3159 5723 3194 5798 γ’
3390 5792 3436 5798 __
3591 5768 3598 5798 ρ

335 5798 394 5857 in
419 5792 714 5856 Eusebium
733 5801 966 5856 erudite.
996 5792 1185 5859 Istbwc
1216 5798 1460 5856 Africani
1480 5796 1744 5870 Georgius
1764 5795 1903 5866 Syc!

2079 5794 2189 5867 (54)
2227 5792 2705 5865 Evr-exprimam“.
2754 5794 2914 5853 Forte
2946 5796 3339 5868 συνεχρόνισεν.
3390 5792 3596 5852 ἾΙΟΕΒᾸ

499 5895 770 5957 Ριιτιιοι..
818 5896 936 5959 Gn.
972 5896 1057 5960 Χ.

3209 5890 3247 5951 3

334 5311 521 5373 (ninia,
577 5308 801 5378 Ὠγύγια
848 5310 1008 5364 κακά.
1047 5308 1224 5365 Verba
1261 5325 1425 5379 porro
1466 5306 1787 5379 sequentia,
1815 5322 1911 5361 ex-

335 5387 540 5449 puncto
563 5380 644 5449 τῷ
669 5380 840 5449 μετά,
877 5382 1018 5435 inter
1042 5381 1180 5435 duas
1205 5378 1466 5448 vri'gulas,
1498 5378 1643 5448 quod
1672 5378 1725 5430 in
1746 5387 1908 5449 textu

334 5448 843 5521 reperiebatur,bic
869 5451 1102 5521 incluso,
1134 5451 1357 5521 legenda
1384 5452 1487 5521 hoc
1511 5448 1704 5521 ordine
1739 5448 1908 5521 inter:

334 5515 537 5591 polata.
578 5519 798 5591 Πολλῶν
816 5515 1216 5591 διαφθαρέντων
1230 5518 1532 5591 διασωθεὶς,
1559 5515 1697 5571 κατὰ
1722 5515 1820 5591 τὴν
1846 5515 1905 5582 ἐξ

334 5587 611 5713 ἓίγύπτου
638 5589 733 5643 τοῦ
749 5588 880 5645 λαοῦ
918 5587 1056 5661 μετὰ
1093 5590 1373 5655 Μωῦσέως
1419 5589 1595 5654 ἔξοδον
1633 5587 1900 5655 γενέσθαι.
1936 5628 1941 5633 .

385 5674 509 5713 osa.
692 5710 696 5713 Α

385 5674 509 5714 οΑιι.
