4074 6410
467 335 535 389 75
1837 330 2009 389 JULII
2046 330 2372 389 AFRICANI
3648 339 3721 394 76

463 453 686 527 piadum
741 450 901 507 annis
989 465 1113 506 cum
1161 449 1478 521 utriusque,
1533 460 1649 507 tum
1699 458 2023 506 creterorum
2052 448 2309 519 deinceps
2329 450 2710 507 convenientia
2754 451 2822 508 ad
2866 468 2968 510 nos
3003 468 3176 525 usque
3196 452 3414 509 ducitur
3453 471 3470 508 :
3517 455 3720 525 quippe

460 549 562 620 qui
613 547 683 602 ab
735 561 803 603 eo
845 545 1013 601 veluti
1059 544 1281 601 cardine
1339 543 1645 616 progressi,
1707 549 2107 614 consequentes
2158 544 2364 613 pariter
2419 544 2677 602 historias
2714 546 2902 603 eadem
2942 547 3084 604 inter
3120 563 3240 606 sese
3312 551 3525 608 ratione
3559 566 3715 609 com-

464 639 693 696 missuri
726 639 1144 709 contexturique
1174 639 1367 695 simus.

534 730 625 786 Ill.
661 732 733 786 At
764 731 818 784 in
863 746 1205 800 superiorum
1248 731 1636 803 consignandis
1669 734 2031 803 temporibus,

2214 727 2289 781 I".
2341 727 2451 790 Τὰς
2495 727 2552 782 δὲ
2597 726 2704 799 πρὸ
2742 729 2948 784 τούτων
2996 722 3097 783 ὧδέ
3147 747 3265 795 πως
3303 731 3403 801 τῆς
3465 728 3715 806 ’Δττικῆς

460 825 511 881 si
552 826 742 881 Atticae
774 824 1219 894 chronographiae
1243 825 1510 878 rationem
1539 824 1692 894 sequi
1744 825 1914 888 libet,
1967 824 2037 878 ab

454 917 682 989 Ogyge,
731 933 891 989 quem
938 916 1177 971 indidem
1225 925 1405 971 satum
1458 932 1582 971 esse
1627 916 1892 981 credunt,
1933 916 2038 971 sub

452 1026 578 1079 quo
626 1009 817 1079 ingens
863 1007 996 1063 illud
1036 1007 1388 1077 primumque
1428 1005 2037 1077 diluvium,,regnante

465 1098 627 1168 Argis
684 1096 1038 1163 .Plioroneo,
1100 1097 1336 1150 Atticam
1416 1096 1680 1152 invasisse
1748 1097 2036 1152 Acusilaus

463 1197 656 1245 auctor
690 1197 814 1255 est,
862 1188 929 1243 ad
974 1188 1208 1259 primam
1252 1202 1426 1258 usque
1472 1186 1846 1260 Olympiadem
1892 1190 2037 1245 unde

465 1281 637 1337 Graeci
670 1289 985 1337 accuratam
1020 1281 1125 1337 sibi
1160 1288 1468 1352 temporum
1501 1282 1702 1337 seriem
1729 1283 2035 1337 ducendam

460 1382 821 1445 putaverunt,
865 1373 994 1427 anni
1027 1373 1361 1444 colliguntur
1396 1373 1590 1445 viginti
1634 1389 1803 1444 supra
1846 1375 2033 1443 mille;

459 1466 557 1536 qni
590 1481 852 1522 numerus
872 1478 1078 1522 etcum
1109 1467 1485 1537 superioribus
1512 1468 1718 1537 optime
1743 1469 2033 1539 congruit,

458 1565 514 1611 et
539 1572 603 1610 ex
634 1557 978 1627 sequentium
1012 1556 1385 1612 declaratione
1408 1557 1705 1612 constabit.
1748 1556 1873 1613 Haec
1887 1558 2033 1613 enim

458 1645 775 1706 Hellanicus
813 1660 868 1707 et
900 1649 1229 1706 Pilochorus
1254 1690 1269 1713 ,
1305 1650 1399 1720 qui
1436 1665 1525 1707 res
1562 1651 1801 1715 Atticas.
1869 1651 2033 1706 item-

459 1757 569 1811 que
593 1742 791 1798 Castor
813 1753 868 1798 et
895 1742 1155 1809 Thallus,
1182 1742 1276 1813 qui
1309 1739 1563 1813 Syriacas
1584 1749 1857 1814 prosecuti
1884 1754 2032 1812 sunt,

458 1834 664 1904 quique
702 1835 945 1906 gentium
985 1836 1228 1891 omnium
1248 1834 1536 1890 historiam
1575 1835 1628 1889 in
1654 1833 2035 1890 Bibliothecam

460 1939 619 1980 suam
666 1925 890 1981 inclusit
929 1925 1232 1994 Diodorus,
1277 1940 1333 1986 et
1373 1928 1681 1985 Alexander
1723 1926 2037 1999 Polyhistor

459 2021 742 2075 memoriae
781 2020 1182 2091 prodiderunt:
1224 2039 1459 2094 quorum
1510 2024 1675 2079 etiam
1702 2066 1718 2091 ,
1759 2039 1790 2079 e
1829 2022 2034 2079 nostris

2139 821 2541 896 χρονογραφίας
2576 822 3008 893 ἀριθμουμένης,
3052 822 3161 876 ἀπὸ
3207 823 3434 893 Ὠγύγου
3464 825 3558 878 τοῦ
3586 833 3717 897 παρ’

2138 914 2368 977 ἐκείνοις
2407 912 2726 983 αὐτόχθονος
2767 914 3149 978 πιστευθέντος
3172 955 3187 980 ,
3221 916 3307 985 ἐφ’
3338 911 3399 972 οὗ
3436 917 3661 986 γέγονεν
3684 921 3719 975 δ

2141 1006 2316 1076 μέγας
2348 1005 2443 1058 καὶ
2469 1006 2683 1076 πρῶτος
2715 1006 2773 1059 ὲν
2813 1009 2879 1077 τῇ
2926 1006 3143 1078 Ἀττικῇ
3176 1008 3583 1081 κατακλυσμὸς,
3615 1011 3718 1066 Oo-

2141 1097 2353 1169 ρωνέως
2391 1097 2648 1169 Ἀργείων
2668 1096 3061 1168 βασιλεύοντος,
3084 1100 3159 1163 ὼς
3197 1101 3540 1166 Ἀκουσίλαος
3571 1104 3714 1159 ἰστο-

2140 1193 2243 1261 ρεί,
2289 1189 2453 1261 μέχρι
2497 1188 2718 1260 πρώτης
2774 1190 3164 1261 Ὀλυμπιάδος,
3219 1193 3413 1247 ὁπόθεν
3457 1194 3714 1266 Ἕλληνες

2137 1282 2394 1353 ἀκριϐοῦν
2416 1285 2542 1346 τοὺς
2573 1283 2795 1355 χρόνους
2827 1284 3104 1355 ἐνόμισαν,
3138 1285 3233 1355 ἐτη
3256 1272 3543 1355 σύνάγεται
3569 1288 3712 1359 χίλια

2140 1378 2367 1430 εἴκοσιν
2411 1375 2488 1441 ὡς
2536 1377 2774 1440 καὶτοῖς
2809 1378 3228 1449 προειρημένοις
3267 1384 3572 1449 συμφωνεῖ,
3619 1383 3715 1437 καὶ

2137 1466 2247 1532 τοῖς
2292 1467 2418 1540 ἑξῆς
2462 1468 2817 1540 δειχθήσεται.
2864 1469 3048 1523 Ταῦτα
3091 1470 3203 1543 γὰρ
3243 1471 3539 1543 Ἀθηναίων
3578 1475 3716 1529 ιστο-

2138 1539 2382 1633 ροῦντεςί
2413 1560 2548 1631 (55),
2613 1539 2919 1627 Ἑλλάνικός
2959 1579 3020 1616 τε
3068 1539 3181 1616 καὶ-
3206 1539 3490 1634 Φιλόχορος
3532 1568 3582 1620 οἰ
3612 1566 3711 1632 τὰς

2149 1652 2412 1717 Ἀτθίδας,
2431 1654 2554 1708 οἵτε
2586 1656 2656 1709 τὰ
2687 1655 2859 1728 Σύρια
2886 1657 3122 1729 Κάστωρ
3152 1659 3246 1712 καὶ
3271 1656 3494 1722 Θαλλὲις,
3527 1659 3618 1712 καί
3643 1662 3711 1715 τὰ

2137 1747 2355 1801 πάντων
2378 1747 2641 1820 Διόδωρος
2672 1752 2700 1804 ὁ
2724 1750 2822 1812 τὰς
2839 1740 3255 1816 Βιϐλιοθήκης,
3274 1751 3620 1824 Ἀλέξανδρος
3650 1770 3710 1807 τι

2136 1841 2163 1891 ὁ
2192 1839 2525 1913 Πολυΐστωρ,
2565 1842 2658 1897 καί
2684 1860 2826 1907 τινες
2851 1843 2957 1897 τῶν
2996 1843 3116 1898 καθ’
3148 1845 3295 1915 ἡμᾶς
3323 1845 3714 1918 ἀκριϐέστερον

2137 1932 2484 2005 ἐμνήσθησαν
2504 1977 2518 2002 ,
2542 1936 2636 1990 καὶ
2664 1936 2771 1990 τῶν
2801 1936 3059 1991 Ἀττικῶν
3086 1938 3343 1992 ἁπάντων
3372 1940 3506 2009 (55).
3533 1940 3601 1993 Εἰ
3628 1957 3712 2004 τις

2136 2020 2228 2077 οὖν
2264 2026 2322 2078 ὲν
2359 2028 2471 2090 τοῖς
2506 2028 2697 2099 χιλίοις
2749 2030 2952 2087 εἰκοσιν
2972 2029 3150 2083 ἔτεσιν
3207 2029 3476 2101 ἐπίσημος
3504 2031 3714 2103 ἱστορία

457 2122 722 2183 ριἀξῑονρο
753 2115 1037 2183 nonnulli,
1072 2116 1390 2187 diligentius
1418 2132 1584 2188 quam
1614 2116 1778 2171 Attici
1811 2130 2025 2183 omnes,

2134 2110 2407 2189 τυγχάνει,
2440 2121 2581 2175 κατὰ
2602 2122 2663 2175 τὸ
2689 2123 2963 2194 χρήσιμον
2989 2099 3364 2195 ὲκλεγήσεται.

457 2210 882 2280 accuratiusque
919 2210 1237 2266 meminere.
1299 2210 1523 2282 Itaque,
1585 2214 1630 2267 si
1669 2225 1793 2281 qua:
1829 2209 1978 2266 mille
2035 2224 2101 2267 ac
2152 2211 2341 2284 viginti
2385 2220 2657 2269 annorum”
2705 2217 2883 2286 spatio
2934 2218 3096 2288 paulo
3145 2218 3412 2290 insignior
3461 2228 3711 2276 occurret

458 2307 689 2363 historia
710 2349 726 2372 ,
758 2322 879 2361 eam
914 2307 1201 2363 commode
1228 2323 1329 2363 suo
1356 2307 1478 2364 loco
1504 2308 1777 2364 dabimus.

522 2420 617 2476 ιν.
668 2420 927 2477 Volumus
956 2421 1143 2493 igitur,
1175 2422 1364 2493 scripti
1396 2422 1560 2478 etiam
1590 2421 1754 2493 hujus
1787 2421 2031 2487 auctori-

457 2522 566 2569 tate
596 2499 753 2578 l‘reti,
786 2510 1023 2584 Ogygem
1056 2513 1209 2567 illum
1242 2513 1335 2583 qui
1362 2554 1377 2579 ,
1413 2512 1559 2583 quod
1599 2512 1812 2569 haustis
1855 2528 2029 2583 aqua-

452 2620 577 2660 rum
607 2604 663 2657 vi
693 2605 1113 2675 quamplurimis
1136 2644 1150 2669 ,
1188 2606 1373 2662 salvus
1411 2614 1465 2660 et
1504 2605 1797 2660 incolumis
1832 2619 2026 2659 evase-

451 2709 574 2765 rat,
603 2700 780 2768 primo
806 2698 1011 2753 dﬂuvio
1037 2713 1236 2753 nomen
1260 2698 1430 2761 dedit,
1456 2698 1601 2753 circa
1629 2707 1842 2767 tempus
1867 2696 2023 2762 illud,

450 2806 563 2861 quo
601 2790 836 2862 p0pulus
873 2804 941 2844 ex
981 2788 1216 2861 Egypto
1247 2805 1371 2844 cum
1405 2787 1592 2860 Moyse
1619 2786 1909 2859 migravit,
1939 2775 2029 2842 ex-

452 2884 683 2939 stitisse.
726 2881 782 2936 ld
817 2881 962 2950 quod
1004 2882 1152 2935 hunc
1199 2878 1253 2934 in
1293 2880 1519 2935 modum
1558 2882 1904 2936 conﬁcimus.
1945 2878 2028 2934 Ab

452 2973 638 3046 Ogyge
673 2974 743 3029 ad
781 2974 1014 3044 primam
1052 2973 1426 3045 Olympiadem
1467 2972 1597 3028 anni
1647 2981 1914 3042 putantur
1944 2973 2030 3025 vi-
2064 3008 2072 3015 ς

452 3068 590 3140 ginti
622 3067 971 3138 supramille
1040 3066 1108 3121 ab
1134 3065 1457 3137 Olympiade
1481 3066 1659 3137 prima
1688 3065 1756 3120 ad
1785 3065 2025 3134 primum

452 3157 925 3229 quinquagesimae
971 3158 1175 3226 quintae
1214 3173 1418 3211 annum
1444 3199 1459 3225 ,
1503 3157 1597 3228 qui
1638 3157 1850 3227 primus
1895 3156 2027 3209 item

451 3249 579 3323 Cyri
614 3253 755 3322 regis
788 3267 966 3307 annus
996 3258 1112 3316 est,
1146 3249 1402 3319 idemque
1429 3248 1763 3316 captivitatis
1788 3246 2031 3302 Judaicae

2210 2422 2282 2474 A'.
2330 2417 2512 2489 Φαμὲν
2554 2417 2733 2471 τοίνυν
2778 2417 2840 2471 ἐκ
2871 2434 2929 2471 τε
2965 2417 3074 2489 (56)
3109 2419 3265 2475 τοῦδε
3302 2420 3395 2476 τοῦ
3426 2425 3711 2497 συγγράμ-

2137 2528 2325 2583 ματος,
2346 2512 2598 2579 Ὤγυγον,
2618 2512 2674 2574 ὃς
2697 2513 2790 2565 τοῦ
2823 2513 3040 2586 πρώτου
3072 2517 3455 2590 κατακλυσμοῦ
3487 2523 3711 2593 γέγονεν
3746 2562 3753 2581 ι

2136 2602 2316 2657 ὲπώνυ
2326 2621 2443 2674 μος,
2477 2604 2589 2671 (57)
2610 2603 2817 2656 πολλῶν
2834 2605 3235 2679 διαφθαρέντων
3252 2611 3551 2680 διασωθεὶς,
3571 2617 3709 2671 κατά
3746 2636 3755 2651 κ

2128 2696 2227 2767 τὴν
2244 2696 2516 2769 Αἴγυπτον
2540 2696 2632 2751 τοῦ
2662 2695 2791 2783 λαού
2821 2700 2959 2768 μετὰ
2980 2702 3260 2767 Μωῢσέως
3289 2702 3462 2769 ἔξοδον
3486 2710 3710 2780 γεγενῆ-

2130 2788 2273 2853 σθαι,
2292 2789 2441 2843 τόνδε
2467 2790 2558 2842 τὸν
2581 2790 2802 2861 τρόπον.
2835 2792 2956 2845 Ἐπί
2986 2794 3212 2866 πρώτην
3251 2796 3584 2869 Ὀλυμπιάδα
3610 2804 3710 2875 τὴν

2127 2876 2551 2947 προειρημένην,
2573 2877 2682 2931 ἀπὸ
2711 2878 2935 2947 Ὠγύγου
2953 2881 3046 2951 ἔτη
3073 2883 3412 2956 δειχθήσεται
3434 2889 3545 2960 (58)
3572 2899 3671 2954 ,ακ’
3689 2911 3704 2925 ο

2128 2966 2338 3022 ὰπδ”δὲ
2384 2968 2606 3039 πρώτης
2655 2969 3013 3041 Ὀλυμπιάδος
3055 2976 3147 3028 ἐπὶ
3175 2977 3275 3046 τῆς
3306 2986 3379 3032 νε¹
3412 2981 3530 3046 1σξτος
3558 2984 3708 3053 πρῶ-

2126 3076 2240 3125 τον,
2296 3063 2570 3116 τουτέστιν
2613 3064 2713 3118 ἐπὶ
2757 3067 2939 3138 Κύρου
2987 3069 3253 3140 βασιλέως
3299 3073 3418 3139 ἔτος
3469 3079 3706 3149 πρῶτον,

2127 3153 2266 3229 ὅπερ
2289 3149 2356 3225 ἦν
2388 3157 2766 3225 αἰχμαλωσίας
2794 3160 2946 3225 τέλος
2967 3200 2981 3223 ,
3016 3163 3110 3233 ἔτη
3142 3164 3261 3231 ait".
3310 3168 3441 3223 Ἀπὸ
3480 3170 3707 3241 Ὠγύγου

2126 3248 2308 3301 τοίνυν
2342 3250 2433 3302 ἐπὶ
2465 3249 2668 3322 Κῦρον,
2704 3251 2811 3323 ἔτη,
2839 3254 3020 3319 ,ασλζη
3049 3256 3447 3332 Είᾶάναφέρει
3471 3279 3556 3327 τις
3589 3265 3709 3319 ἐπι-

438 3314 608 3409 ιίίίιίε,
639 3314 769 3396 anni
800 3314 1192 3411 septemdecim
1224 3314 1390 3410 supra
1437 3314 1704 3395 ducentos
1733 3357 1748 3407 ;
1792 3354 1922 3409 ergo
1956 3338 2027 3392 ab

2134 3338 2495 3411 λογιζόμενος,
2517 3314 2626 3394 ἀπὸ
2647 3341 2739 3396 τοῦ
2773 3314 3088 3417 τέλους-τῆς
3121 3314 3516 3421 αἰχμαλωσίας,

449 3434 635 3504 Ogyge
673 3434 739 3489 ad
777 3432 985 3505 Cyrum
1027 3447 1234 3502 usque,
1276 3432 1405 3485 anni
1434 3431 1657 3502 triginta
1692 3438 1897 3499 septem
1931 3444 2026 3483 su-

450 3541 548 3595 pra
582 3526 730 3581 mille
758 3541 823 3581 ac
849 3512 1117 3581 ducentos
1151 3539 1344 3580 omnes
1372 3523 1723 3594 colliguntur.
1754 3520 1897 3588 Iam,
1925 3520 2023 3591 qui

451 3631 675 3673 sursum
716 3633 908 3675 versus
934 3620 1003 3674 ab
1032 3619 1180 3672 exitu
1211 3618 1540 3688 captivitatis
1568 3631 1741 3671 annos
1778 3623 2027 3671 retexere

450 3711 717 3776 voluerit,
744 3710 792 3766 is
818 3711 1035 3783 triginta
1069 3720 1274 3781 septem
1302 3726 1467 3781 supra
1498 3710 1647 3765 mille
1668 3724 1734 3764 ac
1758 3708 2024 3763 ducentos

452 3804 780 3863 revolvenda
809 3804 1155 3872 numerabit;
1187 3805 1291 3860 hoc
1313 3813 1399 3859 est
1425 3803 1566 3857 idem
1595 3817 1822 3872 prorsus
1852 3801 2024 3856 inter-

450 3897 653 3951 vallum
706 3896 776 3951 ad
806 3912 930 3952 eum
984 3912 1159 3968 usque
1212 3912 1453 3963 annum,
1500 3913 1610 3967 quo
1661 3895 1898 3966 primum
1949 3908 2017 3948 ex

2128 3429 2263 3503 ἕτηο
2320 3432 2458 3486 κατὰ
2506 3434 2760 3487 ἀνάλυσιν
2817 3437 3125 3509 εὑρίσκεται
3171 3443 3367 3497 ταυτὸν
3412 3445 3708 3520 διάστημα,

2131 3523 2226 3575 ἐπὶ
2261 3523 2323 3577 τὸ
2350 3525 2563 3596 πρῶτον
2591 3528 2709 3591 ἔτους
2737 3528 2837 3600 τῆς
2867 3531 2976 3585 ἀπὸ
3007 3533 3281 3602 Αἰγύπτου
3305 3536 3392 3591 διὰ
3425 3541 3706 3607 Μωῦσέως

2129 3613 2308 3706 εξόδου
2355 3616 2568 3690 Ἰσραὴλ
2588 3658 2602 3682 ,
2634 3620 2756 3673 ὅσον
2781 3622 2889 3675 ἀπὸ
2919 3623 3019 3694 τῆς
3048 3630 3415 3701 πεντηκοστῆς
3447 3631 3711 3706 πέμπτης

2143 3705 2502 3779 Ὀλυμπιάδος
2561 3712 2651 3763 ἐπὶ
2719 3714 2984 3782 Ὤγυγον,
3034 3717 3094 3781 ὃς
3140 3718 3352 3775 ἔκτισεν
3406 3705 3704 3780 Ἐλευσῖνα.

2133 3799 2297 3854 Ὅθεν
2339 3803 2742 3876 ἐπισημότερον
2782 3809 2897 3860 ὲστι
2945 3809 3274 3865 καταλαϐεῖν
3304 3814 3405 3885 τὴν
3458 3817 3708 3890 ’Δττικὴν

2133 3895 2553 3965 χρονογραφίαν.

450 3990 688 4064 Egypto
709 4009 802 4063 per
821 3992 1062 4065 Moysem
1078 3994 1307 4048 eductus
1322 3991 1489 4048 Israel
1502 4002 1605 4057 est,
1623 3991 1769 4062 quod
1787 3990 1885 4046 abs
1896 3989 2349 4060 quinquagesima
2366 3991 2555 4061 quinta
2572 3988 2891 4063 Olympiade
2908 3993 2973 4049 ad
2991 3993 3251 4067 Ogygem,
3271 3998 3364 4067 qui
3393 3998 3707 4057 Eleusinem

447 4084 722 4153 condidit,
757 4101 1055 4141 excurrere
1092 4086 1300 4141 dictum
1338 4094 1443 4141 est.
1483 4092 1660 4156 Atque
1691 4083 1816 4139 inde
1836 4083 2053 4153 quidem
2079 4081 2346 4151 insignius
2365 4083 2553 4138 Atticm
2575 4084 2942 4155 chronologize
2974 4089 3301 4159 principium
3331 4090 3456 4146 duci
3485 4102 3687 4161 potest.

522 4174 587 4229 ν.
633 4174 832 4230 Verum
857 4177 925 4232 de
952 4186 1196 4247 tempore
1219 4175 1457 4247 Ogygem
1484 4185 1807 4247 antegressa
1836 4175 2025 4227 hacte-

2182 4172 2258 4225 E'.
2284 4172 2393 4225 Καὶ
2413 4173 2649 4227 τοσαῦτα
2674 4174 2773 4245 μὲν
2792 4175 2895 4247 πρὸ
2927 4170 3173 4245 Ὠγύγου.
3195 4179 3350 4233 Κατὰ
3371 4180 3428 4234 δὲ
3445 4183 3570 4246 τοὺς
3588 4185 3705 4238 τούς

447 4285 575 4324 nus.
602 4267 871 4325 Caeterum
904 4270 1051 4325 illius
1078 4280 1324 4341 tempore
1346 4312 1361 4335 ,
1402 4271 1637 4324 excessit
1672 4269 1744 4323 ab
1783 4265 2021 4337 IEgypto

2134 4281 2220 4318 του
2243 4267 2483 4337 χρόνους,
2500 4266 2690 4337 ἐξῆλθε
2708 4268 2945 4338 Μωῦσῆς
2968 4270 3065 4322 ἀπ’
3080 4271 3351 4340 Αἰγύπτου
3370 4291 3384 4303 ·
3410 4275 3503 4327 καὶ
3516 4275 3591 4340 ὡς
3605 4279 3708 4332 οὐκ

450 4360 699 4431 Moyses:
741 4361 795 4416 id
832 4362 981 4431 quod
1017 4362 1129 4417 veri
1166 4378 1333 4433 quam
1375 4362 1554 4417 simile
1604 4362 1711 4425 sit,
1765 4360 1913 4414 hunc
1960 4357 2017 4412 in

2134 4355 2352 4409 ἄπιστον
2384 4356 2504 4409 τότε
2521 4355 2696 4409 ταῦτα
2721 4356 3013 4426 συμϐῆναι,
3040 4358 3326 4429 δείκνυμεν
3353 4359 3541 4424 οὕτως.
3575 4363 3707 4416 Ἀπδ

448 4451 674 4508 modum
703 4453 1059 4508 ostendimus.
1088 4455 1171 4507 Ab
1196 4455 1344 4507 exitu
1370 4453 1574 4524 Moysis
1598 4453 1665 4507 ad
1692 4451 1893 4522 Cyrum
1919 4449 2014 4519 qui

2134 4445 2226 4516 τῆς
2252 4446 2431 4512 ἐξόδου
2444 4448 2722 4510 Μωῡσέως
2736 4448 2829 4500 ἐπὶ
2842 4448 3041 4519 Κῦρον,
3055 4450 3114 4512 δς
3126 4449 3437 4504 ἐϐασίλευσε
3456 4455 3592 4523 μετὰ
3607 4457 3708 4526 τὴν

447 4551 574 4613 post
606 4544 974 4614 captivitatem
1010 4546 1288 4615 regnavit,
1317 4545 1444 4598 anni
1475 4551 1739 4615 putantur
1766 4541 1916 4595 mille
1952 4554 2017 4595 ac

2134 4537 2516 4608 αἰχμαλωσίαν,
2543 4538 2638 4608 ἔτη
2671 4538 2850 4603 ⁴ασλζ’.
2886 4540 3165 4603 Μωῡσέως
3185 4540 3296 4612 γὰρ
3326 4541 3417 4614 ἔτη
3446 4544 3512 4597 τὰ
3542 4545 3708 4600 λοιπὰ

433 4636 669 4691 ducenti
708 4652 832 4691 cum
870 4636 1091 4707 triginta
1128 4646 1353 4707 septem.
1395 4634 1595 4706 Moysis
1626 4634 1773 4689 enim
1815 4632 2011 4702 reliqui

2134 4631 2543 4701 τεσσαράκοντα.
2602 4630 2777 4699 Ἰησοῦ
2821 4630 2915 4684 τοῦ
2959 4633 3073 4702 μετ’
3096 4636 3299 4687 ἐκεῖνον
3332 4635 3701 4707 ἡγησαμένου,

448 4729 520 4782 ab
556 4744 779 4800 egressu
818 4730 947 4783 anni
986 4728 1345 4800 quadraginta
1384 4737 1549 4794 sunt;
1600 4725 1759 4785 Jesu.
1799 4726 1893 4796 qui
1932 4739 2027 4781 se-

2134 4721 2220 4794 ἑτη
2233 4722 2730 4795 κε’,πρεσϐυτέρων
2761 4722 2855 4793 ἔτη
2878 4723 2941 4787 λ’,
2965 4723 3071 4777 τῶν
3106 4725 3241 4795 μετὰ
3266 4727 3438 4803 Ἰησοῦ
3467 4729 3666 4800 κριτῶν
3683 4747 3698 4761 ·

446 4815 689 4870 cundum
706 4817 856 4871 illum
876 4818 1076 4887 populo
1104 4817 1422 4890 deducendo
1440 4816 1671 4888 praefuit,
1691 4817 1935 4888 quinque
1960 4830 2026 4870 ac

2134 4814 2231 4867 τῶν
2247 4814 2304 4867 δὲ
2320 4816 2378 4867 ὲν
2400 4817 2466 4884 τῇ
2491 4813 2656 4885 βίϐλῳ
2668 4813 2775 4866 τῶν
2790 4813 3008 4885 Κριτῶν
3024 4819 3445 4888 περιεχομένων,
3474 4819 3569 4890 ἔτη
3595 4825 3705 4888 ut,“

446 4907 677 4977 viginti;
721 4909 1033 4975 seniorum,
1071 4908 1166 4979 qui
1198 4916 1322 4978 post
1350 4906 1544 4962 Jesum
1581 4907 1793 4977 judices
1829 4908 1982 4960 fuere
2005 4946 2022 4971 ,

2134 4906 2313 4977 ἱερέων
2344 4903 2400 4958 δὲ
2439 4906 2583 4957 Ἡλεί
2606 4906 2698 4958 καὶ
2715 4906 2964 4977 Σαμουὴλ
2982 4902 3076 4979 ἔτη
3099 4912 3148 4975 ιιι
3169 4926 3182 4939 ·
3201 4909 3308 4962 τῶν
3334 4908 3390 4964 δὲ
3408 4910 3534 4981 ἑξῆς
3550 4911 3704 4982 βασιο

446 5001 667 5070 triginta
701 5018 717 5066 ;
751 5000 1001 5071 judicum
1039 5002 1284 5055 omnium
1316 5041 1332 5066 ,
1373 5001 1468 5070 qui
1502 5000 1730 5070 proprio
1771 5000 2019 5069 ipsorum

2134 4997 2256 5050 λέων
2278 4996 2545 5069 Ἐϐραίων
2557 4997 2651 5070 ἔτη
2670 4998 2995 5067 τετρακόσια
3025 5004 3092 5068 ιιθο
3106 4998 3174 5073 ἦς
3201 5001 3605 5073 τὸτελευταῖον(
3612 5004 3700 5074 59)

444 5092 584 5146 libro
624 5094 996 5159 continentur,
1019 5094 1316 5164 nonaginta
1333 5107 1504 5162 supra
1543 5091 2016 5162 quadringentos;

2134 5088 2236 5153 ἔτος
2246 5083 2313 5160 ἦν
2327 5087 2512 5161 Κύρου
2530 5088 2804 5159 βασιλείας
2816 5089 2933 5154 ἔτος
2945 5091 3255 5163 «prb-tomb;
3275 5097 3698 5166 προειρήκαμεν.

445 5187 792 5242 sacerdotum
810 5183 1228 5250 ElietSamuel,
1271 5183 1602 5252 nonaginta;
1626 5176 2284 5248 consequentiumrcgum
2317 5176 3000 5248 Hebratorummonaginta
3035 5197 3200 5251 supra
3238 5182 3700 5253 quadringentos,

446 5287 756 5347 sequuntur
791 5274 1123 5347 captivitatis
1160 5274 1507 5345 septuaginta
1535 5290 1550 5339 ;
1582 5271 1743 5341 cujus
1767 5280 2079 5340 postremus
2102 5282 2285 5323 annus
2311 5268 2465 5339 regni
2502 5267 2631 5339 Cyri
2651 5269 2862 5339 primus
2900 5268 3033 5335 fuit,
3064 5280 3124 5326 ut
3145 5271 3260 5341 jam
3287 5282 3412 5329 ante
3436 5273 3698 5330 diximus.

426 5410 461 5535 ‘_
518 5452 860 5535 (55)_Tafth
1277 5456 1467 5535 ίστρρ.
1497 5448 1678 5503 Μοιὶΐη
1710 5445 1881 5502 ταῦτα
1912 5445 2020 5517 γὰρ

2134 5441 2638 5535 ιυινειίιι,ι)ἰᾶ³ο1ἰιέά
2678 5443 2944 5535 postulat.
2978 5443 3056 5535 In;1

447 5513 771 5595 ἰττόρόῦσιν,
819 5513 994 5595 deleto
1039 5513 1579 5595 Ἀθᾼηὶιαίωψῗιῦεω
1868 5589 1880 5595 ᾳ
1925 5513 1934 5516 Ἴ
1988 5513 2000 5517 ’

2200 5515 2313 5587 (57)
2337 5513 2501 5595 Κατὰ
2523 5513 2639 5595 rip;
2663 5514 3118 5595 Atra-mroran
3158 5516 3273 5572 haec
3318 5515 3569 5583 delenda,
3617 5519 3700 5574 vel

518 5581 654 5666 (ὅδ’)
676 5581 786 5666 Καὶ
816 5594 934 5648 τῶν
960 5595 1078 5649 Ἀτ.
1101 5581 1201 5666 (iis.
1222 5593 1407 5666 AVertit
1438 5593 1703 5666 interpres
1728 5589 1904 5666 quasi,
1924 5603 2019 5644 ex-

2134 5581 2494 5666 reponendum
2527 5581 2620 5666 ᾳτε
2672 5581 2981 5666 Αἰγύπτου.
3004 5586 3077 5641 In.

448 5655 648 5737 puncto
693 5665 808 5729 καί,
846 5666 1144 5737 genitivum
1189 5663 1448 5737 ᾉττικῷν
1479 5663 1545 5717 ad
1581 5655 2015 5734 comparativum

2344 5655 2748 5737 Αξιχθῄσεςαι.
2774 5655 2931 5736 Forte
2955 5656 3274 5737 δεικνύεται.
3306 5656 3381 5737 In.

445 5722 1625 5808 expiﬁtotapov‘rctglisset.Enn.l’nnoe.
1711 5722 1728 5734 ’
1834 5806 1845 5808 Α

2201 5722 2313 5808 {59}
2340 5722 2930 5808 ξιζξτόιτελευτρῇν.
2972 5727 3129 5783 Dec‘st
3172 5730 3260 5808 hic
3300 5726 3526 5808 aliquid.
3577 5722 3698 5808 Quo

508 5752 737 5808 ερισιστε
806 5754 834 5790 ν
871 5752 1163 5790 retulisset.
1199 5752 1353 5789 ILDI'I'.
1383 5752 1625 5790 ιἈτιιοι..
2201 5752 2313 5799 ζου)
2363 5752 2450 5792 ας
2476 5752 2540 5780 τυ
2570 5752 2930 5782 τελευταίων.
2972 5752 3129 5783 uetat
3172 5752 3260 5782 mc
3300 5752 3526 5797 auqunu.
3577 5752 3698 5796 vuu

508 5808 633 5877 456)
687 5752 804 5863 Ἕξιο
822 5824 905 5863 τε.
952 5804 1227 5860 Particula
1282 5821 1339 5858 τε
1374 5815 1479 5861 .aut
1519 5806 1884 5877 expungenda
1915 5816 2021 5876 est,
2130 5805 2274 5860 enim
2307 5800 2368 5853 τὸ
2388 5797 2455 5872 ἧς
2488 5798 2790 5854 releratur?
2822 5797 2989 5854 Forte
3036 5810 3161 5855 ante
3212 5799 3358 5855 hunc
3399 5798 3700 5855 articulum
