4074 6372
326 384 393 439 77
1245 382 1412 451 QUAE
1454 381 1871 438 SUPEBSUNT
1914 378 2005 433 EX
2048 376 2274 433 ΗΑΒιῖῑὸ
2312 372 2713 433 CHRONOGR.
3527 371 3595 429 78

396 501 485 568 ς’.
525 499 649 552 Ἐπὶ
674 499 728 553 δὲ
752 500 973 573 πρώτης
1009 500 1370 571 Ὀλυμπιάδος
1384 502 1491 555 ἀπὸ
1509 502 1787 564 Μωῦσέως
1815 500 1910 569 ἔτη

2084 495 2172 550 Vl.
2208 494 2326 550 Jam
2363 511 2392 550 a
2416 494 2613 567 Moyse
2651 493 2717 547 ad
2758 490 3130 564 Olympiadem
3184 490 3418 560 primam
3462 492 3594 546 anni

323 595 447 654 ιακ’,
477 589 637 661 εἴπερ
668 590 761 644 ἐπὶ
790 589 1164 661 πεντηκοστῆς
1201 592 1460 663 πέμπτης
1506 591 1625 655 ἔτος
1668 590 1906 663 πρῶτον,

325 681 424 753 ἐτη
453 683 637 753 μσλξ,
656 683 764 736 κᾶν
794 688 904 748 τοῖς
933 684 1261 757 Ἑλληνικοῖς
1286 686 1618 758 συνέδραμεν
1646 687 1675 737 ὁ
1701 687 1907 757 χρόνος.

325 773 483 828 Μετὰ
507 774 564 827 δὲ
590 774 846 844 Ὤγυγον,
882 775 972 829 διὰ
994 776 1095 846 τὴν
1128 777 1235 830 ἀπὸ
1261 776 1355 829 τοῦ
1374 777 1757 848 κατακλυσμοῦ
1780 777 1910 829 πολ-

326 863 424 936 λὴν
463 865 693 936 φθορὰν,
727 866 1081 932 ἀϐασίλευτος
1103 868 1317 940 ἔμεινεν
1347 872 1380 940 ἡ
1416 868 1510 924 νῦν
1563 864 1780 941 Ἀττικὴ
1813 869 1911 941 μέ-

328 977 418 1049 χρι
465 961 773 1032 Κέκροπος,
825 962 921 1032 ἔτη
986 963 1131 1049 μεθ’.
1194 964 1297 1017 Τδν
1349 964 1458 1035 γὰρ
1487 963 1625 1034 μετὰ
1677 965 1911 1031 Ὤγυγον

340 1048 607 1113 Ἀκταῖον,
640 1049 672 1121 ἢ
700 1049 768 1104 τὰ
803 1048 1152 1124 πλασσόμενα
1180 1053 1291 1108 τῶν
1318 1054 1616 1126 ὀνομάτων,
1651 1054 1770 1106 οὐδὲ
1816 1071 1909 1122 γε-
1943 1100 1949 1105 .

324 1140 514 1195 νέσθαι
564 1143 700 1214 φησὶ
741 1144 1049 1217 Φιλόχορος.
1093 1147 1206 1201 Καὶ
1242 1142 1447 1213 αὖθιςο
1499 1147 1630 1199 Ἀπὸ
1682 1148 1909 1217 Ὠγύγου

326 1233 507 1288 τοίνυν
535 1235 628 1288 ἐπὶ
657 1234 860 1308 Κῦρον,
895 1238 1069 1291 ὁπόσα
1101 1238 1209 1291 ἀπὸ
1235 1239 1515 1303 Μωῦσέως
1556 1240 1649 1292 ἐπὶ
1686 1239 1777 1293 τὸν
1810 1240 1909 1292 αύ-

326 1326 420 1379 τδν
445 1328 655 1398 χρόνον,
685 1328 780 1399 ἔτη
809 1329 994 1399 ,ασλζκ
1027 1331 1122 1384 καὶ
1167 1330 1434 1403 Ἑλλήνων
1482 1330 1539 1384 δέ
1576 1349 1720 1395 τινες
1771 1333 1911 1385 ἱστο-

331 1417 483 1488 ροῦσι
513 1420 655 1472 κατὰ
683 1421 811 1494 τοὺς
841 1422 1039 1486 αὐτοὺς
1068 1422 1293 1495 χράνους
1327 1422 1582 1491 γενέσθαι
1636 1424 1905 1478 Μωῦσέα·

328 1510 589 1583 Πολέμων
629 1513 688 1565 ὲν
730 1516 795 1584 τῇ
838 1512 1024 1588 πρώτῃ
1054 1516 1162 1569 τζυν
1213 1516 1585 1583 Ἑλληνικῶν
1633 1517 1911 1585 ἱστοριῶν

327 1602 523 1670 λέγων’
551 1600 703 1657 ιἘπὶ
719 1605 943 1677 ’Ἄπιδος
974 1605 1068 1658 τοῦ
1098 1590 1408 1678 Φορωνέως,
1430 1611 1593 1679 μοῖρα
1621 1608 1715 1662 τοῦ
1743 1612 1910 1678 Αἰγυ-

330 1694 502 1748 πτίων
537 1695 769 1767 στρατοῦ
802 1696 1057 1764 ἐξέπεσεν
1094 1699 1392 1767 Αἰγύπτου,
1418 1701 1467 1753 οἳ
1499 1702 1556 1754 ὲν
1587 1704 1664 1773 ⁹τῇ
1711 1702 1911 1757 Παλαι-

329 1786 483 1859 στίνῃ
497 1788 803 1862 καλουμένῃ
824 1789 1012 1862 Συρίᾳ,
1035 1791 1096 1843 ού
1126 1790 1314 1862 πόρρω
1331 1791 1586 1864 Ἀραϐίας
1609 1792 1854 1865 ᾤκησαν*
1886 1813 1903 1844 ι

328 1851 483 1932 «ore;
514 1851 833 1950 δηλονξςτιᾌι
867 1851 1009 1952 ρξετᾶ
1032 1851 1329 1945 Μωῦσέως.
1385 1851 1587 1938 aaut
1625 1851 1683 1939 ἑὲ
1715 1851 1759 1940 ἰ
1806 1887 1911 1939 Πο-
1944 1851 1988 1912 ιδ

332 1973 626 2038 σειδωνίου,
660 1975 1084 2048 περιεργότατος
1104 1979 1532 2047 γραμματικῶν,
1565 1979 1625 2031 ὲν
1652 1982 1719 2051 τῇ
1750 1980 1914 2036 Κατὰ

343 2063 638 2127 Ἰουδαίων
678 2064 877 2136 βίϐλῳ,
919 2066 1015 2119 καὶ¹
1062 2067 1121 2119 έν
1164 2069 1233 2137 τῇ
1287 2068 1524 2141 τετάρτῃ
1583 2066 1691 2122 τῶν
1736 2070 1915 2123 Ἱστο-

322 2154 491 2225 ριῶν,
524 2158 684 2229 φησὶ,
718 2158 861 2212 κατὰ
884 2160 1097 2229 Ἴναχον
1120 2160 1356 2230 ’Ἄργους
1389 2160 1632 2232 βασιλέα,
1652 2160 1917 2233 Ἀμώσιος

271 2320 277 2325 θ
326 2248 640 2325 Αἰγυπτίων
683 2249 1056 2319 βασιλεύοντος
1082 2254 1103 2317 ,’
1137 2253 1440 2324 ἀποστῆναι
1481 2254 1799 2318 Ἰουδαίους,
1835 2248 1910 2326 ὧν

258 2409 262 2413 4
328 2342 577 2415 ἡγεῖσθαι
622 2343 880 2398 Μωῦσέα.
933 2345 1221 2417 Μέμνηται
1264 2346 1325 2399 δὲ
1370 2346 1463 2400 καὶ
1498 2346 1775 2419 Ἡρόδοτος
1811 2350 1912 2421 τῆς

328 2432 665 2498 ἀποστασίας
695 2434 918 2507 ταύτης,
952 2436 1045 2490 καὶ
1093 2424 1360 2506 Ἀμώσιος
1383 2476 1399 2502 ,
1447 2440 1505 2491 ὲν
1534 2442 1600 2510 τῇ
1647 2439 1907 2511 δευτέρᾳο

328 2525 515 2597 τρόπῳ
545 2524 601 2578 δέ
632 2543 735 2579 τινι
766 2527 877 2595 καὶ,
901 2527 1171 2581 Ἰουδαίων
1198 2529 1414 2596 αὐτῶν,
1459 2531 1518 2583 ἐν
1550 2533 1663 2595 τοῖς
1697 2547 1913 2600 περιτε-

332 2618 617 2689 μνομένοις
647 2619 842 2683 αὐτοὺς
874 2608 1251 2690 καταριθμῶν,
1284 2621 1911 2690 καὶἈσσυρίουςτοὺς

224 2728 227 2731 λ
272 2720 276 2725 ”
329 2710 402 2764 ἐν
436 2710 512 2779 τῇ
535 2714 909 2782 Παλαιστίνῃ
955 2712 1266 2779 ἀποκαλῶν,
1312 2714 1452 2785 τάχα
1503 2714 1569 2768 δι’
1640 2715 1908 2787 Ἀϐραάμ.

330 2800 663 2873 Πτολεμαῖος
695 2803 752 2859 δὲ
782 2805 811 2856 ὁ
842 2804 1162 2875 Μενδήσιος,
1188 2804 1258 2858 τά
1296 2808 1608 2877 Αἰγυπτίων
1650 2806 1918 2889 ἀνέκαθεν.

334 2893 587 2965 ἱστορῶν,
625 2896 796 2950 ἅπασι
823 2898 1035 2964 τούτοις
1068 2900 1347 2979 συντρέχει
1372 2918 1386 2931 ·
1420 2899 1561 2954 ὥστε
1585 2897 1913 2973 οὐδ’γὲπίση-

336 3001 438 3056 μος
467 2986 559 3041 ἐπὶ
587 2986 747 3042 πλέον
776 2991 809 3061 ή
842 2990 951 3045 τῶν
982 2992 1190 3064 χρόνων
1223 2992 1566 3065 παραλλαγή.

2014 589 2190 643 ﬂuunt
2217 588 2408 659 viginti
2439 604 2601 657 supra
2631 585 2800 649 mille,
2830 601 2955 640 cum
2992 585 3061 639 ab
3092 584 3305 643 eodem,
3323 584 3390 638 ad
3423 584 3593 654 quin-

2014 681 2345 751 quagesima:
2377 680 2583 749 quinta:
2614 694 2818 733 annum
2868 678 3127 748 primum,
3183 678 3330 732 mille
3367 678 3589 733 ducenti

2013 790 2137 828 cum
2164 775 2381 844 triginta
2411 780 2614 842 septem
2642 780 3027 839 numerentur;
3047 771 3101 824 in
3119 787 3228 840 quo
3245 771 3403 827 nobis
3427 772 3594 826 etiam

2014 882 2136 921 cum
2191 865 2505 921 Graecorum
2556 864 2896 934 temporibus
2930 862 3134 932 optime
3186 864 3465 919 convenit.
3523 862 3596 918 At

2015 952 2143 1013 vero
2177 968 2299 1028 post
2332 957 2590 1027 Ogygem,
2619 957 2765 1027 quod
2786 957 2978 1026 ingens
3004 956 3074 1010 ab
3102 956 3197 1009 illo
3223 956 3431 1011 diluvio
3462 971 3596 1012 con-

2013 1060 2197 1106 secuta
2231 1050 2460 1105 vastitas
2486 1060 2667 1114 esset,
2706 1065 2830 1119 qua:
2864 1064 3010 1103 nunc
3041 1048 3218 1103 Attica
3263 1048 3494 1116 dicitur,
3529 1064 3596 1105 ea

2013 1146 2131 1199 sine
2166 1145 2384 1214 regibus
2413 1157 2588 1197 annos
2612 1150 2828 1195 centum
2860 1150 2913 1195 et
2943 1140 3221 1210 octoginta
3256 1156 3452 1195 novem
3474 1182 3490 1205 ,
3525 1142 3596 1196 ad

2010 1234 2304 1305 Cecropem
2348 1249 2523 1304 usque
2580 1232 2898 1303 permansit.
2947 1232 3190 1287 Aetmum
3234 1234 3383 1288 enim
3432 1234 3592 1289 illum

2011 1328 2105 1398 qui
2140 1314 2519 1398 postOgygem
2554 1336 2906 1389 recensetur,
2938 1342 3172 1397 quaeque
3199 1326 3455 1396 deinceps
3491 1327 3597 1381 lin-

2012 1427 2215 1490 guntur
2240 1418 2496 1481 nomina,
2542 1415 2905 1470 Philochorus
2942 1432 3010 1470 ne
3053 1416 3330 1472 exstitisse
3371 1417 3595 1487 quidem

2011 1510 2235 1563 omnino
2266 1508 2582 1563 conﬁrmat?
2611 1506 2681 1559 Et
2720 1523 2903 1560 rursus
2924 1524 2942 1561 :
2969 1506 3113 1577 Ergo
3145 1508 3215 1562 ab
3246 1507 3461 1580 Ogyge,
3509 1511 3598 1563 in-

2010 1602 2145 1672 quit,
2182 1602 2248 1655 ad
2273 1599 2474 1672 Cyrum
2514 1616 2689 1671 usque
2724 1601 3063 1655 tantumdem
3097 1618 3384 1669 numeres,
3421 1618 3597 1672 quan-

2013 1706 2125 1751 tum
2164 1693 2231 1748 ad
2264 1694 2516 1747 eumdem
2545 1709 2576 1747 a
2617 1691 2823 1763 Moyse,
2855 1694 2961 1748 hoc
2989 1701 3073 1747 est
3115 1708 3291 1749 annos
3330 1693 3596 1749 ducentos

2013 1793 2067 1839 et
2095 1784 2312 1855 triginta
2348 1792 2551 1852 septem
2600 1797 2767 1853 supra
2807 1783 2976 1836 mille.
3012 1781 3081 1837 Et
3124 1797 3256 1837 vero
3280 1781 3598 1843 Graecorum

2014 1886 2147 1931 sane
2168 1874 2416 1929 nonnulli
2444 1873 2685 1945 Moysem
2720 1874 2825 1930 sub
2858 1875 3049 1929 eadem
3100 1882 3349 1945 tempora
3395 1876 3599 1933 vixisse

2014 1976 2306 2022 testantur.
2352 1964 2511 2033 Nam,
2555 1965 2779 2022 Polemo
2806 1968 3050 2036 quidem,
3098 1967 3241 2023 libro
3286 1968 3599 2041 Graecarum

2014 2061 2362 2115 historiarum
2383 2060 2596 2133 primo,
2647 2062 2927 2131 conceptis
2958 2062 3140 2117 verbis
3169 2062 3361 2128 habet,
3406 2063 3597 2133 Apidis

2012 2152 2284 2208 Phoronei
2321 2152 2418 2207 filii
2450 2163 2713 2224 tempore,
2743 2155 3018 2210 exercitus
3052 2154 3359 2228 Egyptiaci
3384 2165 3597 2226 partem

2018 2261 2140 2301 sese
2172 2246 2240 2300 ah
2272 2244 2506 2316 Egypto
2560 2246 2924 2313 subduxisse,
2984 2256 3149 2318 atque
3204 2248 3259 2301 in
3306 2246 3599 2305 Palaestina

2018 2352 2186 2408 quam
2213 2335 2429 2408 Syriam
2454 2346 2668 2405 vocant,
2699 2338 2845 2393 haud
2883 2341 3072 2408 procul
3112 2340 3183 2394 ab
3224 2340 3424 2394 Arabia
3466 2357 3601 2398 con-

2017 2431 2260 2486 sedisse:
2287 2430 2411 2486 illos
2445 2430 2706 2486 nimirum
2731 2431 2879 2501 ipsos
2912 2432 3254 2504 intelligens,
3289 2433 3384 2504 qui
3412 2434 3599 2507 Moyse

2017 2523 2155 2579 duce
2184 2522 2415 2593 profecti
2435 2532 2581 2579 sunt.
2612 2523 2749 2594 Apio
2771 2538 2900 2579 vero
2930 2524 3396 2594 Posidoniitilius,
3424 2526 3599 2581 idem-

2021 2631 2130 2686 que
2162 2614 2646 2686 grammaticorum
2682 2615 2929 2682 omnium
2968 2614 3416 2682 euriosissimus,
3455 2617 3600 2673 libro

2022 2709 2286 2763 Adversus
2314 2707 2531 2771 Judazos
2556 2718 2611 2764 et
2638 2708 3006 2762 Historiarum
3028 2695 3226 2777 quarto
3251 2708 3601 2776 scribit,lna-

2021 2799 2126 2855 cho
2155 2800 2315 2871 Argis
2344 2811 2626 2870 regnante,
2656 2800 2874 2855 Judaeos
2900 2799 3038 2855 duce
3065 2797 3273 2872 Moyse,
3301 2800 3370 2855 ab
3407 2800 3599 2856 Δηιοεί

2022 2891 2403 2966 Ᾰιίεγριίοιπὺω
2451 2908 2575 2964 rege
2618 2880 2896 2949 defecisse.
2929 2892 3103 2965 Cujus
3144 2893 3308 2947 etiam
3341 2892 3603 2950 defectio-

2022 2985 2131 3049 nis.
2156 2984 2430 3053 simulque
2454 2983 2695 3048 Amosis,
2720 2983 2862 3039 libro
2893 2984 3135 3039 secundo
3151 2981 3459 3040 Herodotus
3481 3000 3601 3040 me-

333 3074 528 3139 ηιίηίις
566 3076 680 3131 imo
698 3087 751 3133 el
780 3080 1028 3155 ipsorum
1051 3098 1270 3155 quoque
1298 3082 1612 3138 Iudaeorum
1638 3120 1652 3144 ,
1683 3081 1825 3153 quos
1878 3080 1933 3134 in
1970 3077 2420 3135 circumcisorum
2466 3074 2700 3131 classem
2746 3075 2981 3146 reponit,
3006 3090 3071 3131 ac
3098 3074 3413 3133 Palwslinw
3435 3079 3602 3151 Aug-

337 3167 446 3221 rios
483 3169 763 3235 nominat,
791 3171 953 3229 ducta
982 3172 1233 3232 fortassis
1275 3192 1339 3232 ex
1381 3176 1695 3231 A‘brahamo
1746 3174 2033 3245 utriusque
2074 3164 2264 3226 causa.
2316 3167 2527 3237 Quibus
2578 3168 2835 3224 omnibus
2867 3184 2995 3224 cum
3043 3166 3336 3225 Ptolemaeo
3379 3186 3602 3243 quoque

330 3260 635 3332 Mendesio,
670 3267 763 3337 qui
803 3269 872 3323 ab
912 3270 1119 3349 ultimis
1152 3288 1327 3343 usque
1355 3272 1694 3343 temporibus
1740 3242 2330 3349 Egyp‘tiorunrducit
2377 3264 2687 3331 historiam,
2733 3264 2806 3318 ita
2860 3264 3135 3330 convenit,
3181 3272 3243 3320 ut
3288 3264 3431 3321 inter
3448 3242 3600 3337 ipsos

331 3357 481 3413 nulla
519 3357 631 3414 fere
660 3361 766 3415 nisi
794 3362 1070 3421 levissima
1116 3373 1425 3435 temporum
1459 3365 1766 3421 diﬂ'erentia
1797 3362 1975 3419 notari
2005 3361 2199 3433 possit.

401 3452 483 3508 H'.
544 3454 882 3526 Σημειωτέον
938 3456 1029 3522 δὲ,
1089 3461 1167 3524 ὼς
1226 3462 1255 3515 ὅ
1335 3461 1389 3516 τί
1446 3480 1579 3516 ποτε
1640 3461 1910 3534 ἐξαίρετον

2093 3456 2204 3512 VII.
2264 3456 2534 3512 Caeterum
2566 3456 2656 3512 hic
2684 3454 3085 3511 observandum
3115 3456 3281 3511 etiam
3312 3465 3418 3523 est,
3438 3456 3599 3528 quid-

334 3544 559 3618 Ἐλλησι
595 3547 661 3602 δι’
706 3548 1042 3621 ἀρχαιότητα
1102 3551 1428 3622 μυθεύεται,
1472 3553 1631 3625 ,μετὰ
1674 3552 1915 3609 Μωῦσέα

328 3638 474 3693 τοῦθ’
538 3640 882 3711 εὑρίσκεται,
934 3642 1311 3716 κατακλυσμοι
1374 3662 1473 3711 τε,
1526 3646 1621 3700 καὶ
1658 3644 1914 3718 ἐκπυρώ-

331 3747 465 3796 σεις,
500 3732 845 3805 Προμηθεὺς,
890 3733 994 3799 Ἰὼ,
1023 3735 1284 3808 Εὐρώπη,
1311 3734 1550 3810 Σπαρτοί
1572 3738 1705 3810 (60),
1728 3736 1915 3810 Κόρης

329 3825 585 3897 ἁρπαγὴ,
630 3828 904 3899 μυστήρια
927 3868 942 3892 ,
979 3829 1325 3900 νσμοθεσίαι,
1369 3826 1623 3886 Διονύσου
1662 3830 1912 3901 πράξεις,

329 3916 592 3988 Περσεὺς,
639 3919 1000 3990 Ἀργοναῦται
1020 3961 1034 3985 ,
1063 3922 1388 3995 Κένταυροι,
1422 3922 1815 3995 Μινώταυρος,
1845 3925 1915 3981 τὰ

331 4010 459 4079 περὶ
496 4009 677 4075 Ἴλιον,
719 4008 871 4066 ἆθλοι
905 4014 1230 4086 Ἡράκλειοι,
1277 4016 1639 4088 Ἡρακλειδῶν
1664 4016 1910 4084 κάθοδος,

343 4098 534 4153 Ἱώνων
566 4104 811 4170 ἀποικία,
845 4106 940 4158 καὶ
975 4106 1353 4178 Ὀλυμπιάδες.
1385 4108 1574 4175 Ἔδοξε
1599 4108 1654 4162 δέ
1695 4126 1785 4180 μοι
1813 4110 1912 4181 τῆς

344 4189 595 4263 Ἀττικῆς
627 4193 901 4263 βασιλείας
926 4194 1018 4249 τὸν
1050 4200 1445 4271 προειρημένον
1487 4201 1759 4256 ἐκτιθέναι
1786 4201 1911 4275 χρό-

331 4300 441 4349 νον,
476 4286 832 4358 παρατιθέναι
866 4288 1109 4360 μέλλοντι
1141 4294 1259 4355 ταῖς
1303 4294 1619 4364 Ἐὗραῑκαίς
1649 4296 1912 4367 ἱστορίαις

328 4378 428 4443 τὰς
468 4379 804 4452 Ἑλληνικάς.
859 4382 1100 4445 Ἐξέσται
1131 4383 1241 4456 γὰρ
1272 4385 1352 4456 τῷ
1397 4386 1703 4458 βουλομένῳ
1726 4428 1741 4453 ,
1778 4389 1911 4460 παρ’

328 4469 465 4539 ἐμοῦ
499 4474 598 4544 τὴν
618 4473 792 4545 ἀρχὴν
825 4473 1186 4549 κομιζομένῳ,
1211 4469 1517 4547 λογίζεσθαι
1556 4480 1646 4534 τὸν
1680 4480 1910 4559 ἀριθμὸν

332 4562 533 4632 ὁμοίως
558 4565 699 4635 ἐμοί.
727 4567 936 4623 Οὐκοῦν
967 4568 1073 4621 τῶν
1099 4570 1284 4640 χιλίων
1302 4571 1396 4625 καὶ
1422 4571 1595 4627 εἴκοσι
1627 4575 1909 4639 ett";ngth

336 4656 496 4727 μέχρι
533 4656 756 4730 πρώτης
801 4660 1187 4732 Ὀλυμπιάδος,
1230 4663 1337 4717 ἀπὸ
1387 4665 1664 4730 Μωῦσέως
1709 4684 1770 4720 τε
1815 4668 1911 4722 καὶ

344 4749 571 4818 Ὠγύγου
607 4752 958 4823 ἐκκειμένων,
991 4754 1189 4827 πρώτῳ
1222 4756 1320 4826 μὲν
1348 4745 1456 4809 ἒτὲι
1482 4757 1542 4810 τὸ
1569 4758 1781 4831 Πάσχα,
1812 4759 1909 4812 καὶ

2018 3551 2150 3621 quid
2179 3551 2342 3621 paulo
2371 3549 2552 3606 rarius
2582 3550 2654 3605 ob
2679 3555 3006 3605 vetustatem
3038 3549 3217 3605 Graeci
3258 3548 3598 3628 fabulantur,

2017 3643 2072 3698 id
2090 3658 2253 3698 omne
2274 3642 2458 3714 Moyse
2485 3643 2759 3712 posterius
2781 3643 3035 3709 inveniri,
3065 3634 3294 3710 diluvia,
3323 3643 3595 3710 incendia,

2015 3734 2425 3801 Prometheum,
2459 3735 2536 3801 lo,
2587 3736 2861 3806 Europam
2893 3776 2910 3801 ,
2962 3736 3308 3807 Proserpinae
3354 3746 3597 3809 raptum,

2015 3829 2300 3898 mysteria,
2329 3829 2510 3897 legum
2538 3828 2873 3895 sanctiones,
2893 3828 3093 3885 Bacchi
3120 3828 3596 3900 gesta,Perseum,

2014 3920 2382 3991 Argonautas,
2406 3920 2732 3985 Centauros,
2764 3920 3159 3989 Minotaurum,
3184 3938 3273 3979 res
3302 3922 3596 3992 Trojanas.

2015 4005 2263 4071 Herculis
2282 4016 2606 4082 certamina,
2644 4013 3051 4070 Heraclidarum
3096 4015 3367 4085 reditum,
3401 4015 3614 4079 lonum~

2013 4107 2422 4175 migrationem,
2453 4117 2506 4164 et
2526 4107 2901 4187 Olympiadas.
2933 4109 3012 4162 Ac
3040 4109 3175 4165 mihi
3203 4110 3426 4179 quidem
3453 4111 3602 4168 Grae-

1982 4215 2107 4275 ‘cas
2139 4201 2399 4257 historias
2444 4217 2568 4257 cum
2617 4200 2899 4257 Hebraicis
2933 4204 3274 4258 committere
3310 4206 3595 4272 statuenti,

2011 4307 2076 4347 ea
2110 4294 2461 4363 potissimum
2499 4294 2663 4349 Attici
2701 4294 2854 4365 regni
2889 4303 3133 4365 tempora
3171 4296 3485 4353 describere
3514 4300 3598 4353 vi-

2011 4401 2135 4441 sum
2168 4396 2270 4442 est.
2315 4384 2407 4441 Sic
2441 4388 2586 4441 enim
2623 4387 2795 4442 cuivis
2818 4387 3047 4444 omnino
3081 4389 3265 4457 liceat,
3304 4391 3397 4461 qui
3427 4392 3597 4446 modo

2013 4478 2344 4549 principium
2375 4494 2440 4533 ex
2466 4480 2604 4534 meis
2646 4480 2846 4535 ducere
2889 4481 3156 4550 voluerit,
3193 4484 3442 4540 eamdem
3480 4500 3599 4540 meo

2013 4587 2137 4626 cum
2165 4571 2217 4626 in
2248 4571 2553 4642 colligendo
2582 4588 2814 4627 numero
2846 4575 3115 4630 rationem
3160 4575 3319 4631 inire.
3368 4575 3592 4631 Illorum

2014 4662 2181 4732 igitur
2206 4663 2355 4717 mille
2379 4678 2443 4718 ac
2481 4663 2674 4733 viginti
2706 4679 3002 4731 annorum,
3042 4680 3183 4735 quos
3221 4665 3291 4720 ab
3322 4664 3509 4739 Moyse
3539 4679 3594 4723 et

2014 4754 2195 4827 Ogyge
2223 4754 2289 4809 ad
2324 4757 2555 4825 primam
2588 4773 2761 4828 usque
2782 4754 3156 4830 Olympiadem
3188 4756 3412 4817 ﬂuxisse
3446 4760 3593 4814 dixi-

243 4835 249 4842 ‘
327 4842 436 4896 τῶν
479 4842 743 4914 Ἐϐραίων
770 4845 947 4917 ἔξοδος
975 4849 1006 4917 ἡ
1030 4826 1125 4900 ἀπ’
1159 4848 1461 4917 Αἰγύπτου,
1494 4852 1552 4903 ἐν
1577 4850 1635 4904 δὲ
1676 4826 1741 4923 ἑῇ
1793 4853 1910 4905 Ἀτ-

2019 4861 2163 4909 mus,
2200 4860 2344 4900 anno
2371 4846 2571 4916 primo,
2592 4847 2672 4901 uti
2698 4845 3050 4902 Hebraeorum
3080 4846 3291 4904 Pascha
3318 4849 3595 4905 etdisces~

326 4938 452 5006 τικῇ
480 4935 508 4986 ὁ
539 4936 631 4990 ἐπὶ
673 4938 900 5006 Ὠγύγου
942 4939 1151 5007 γίνεται
1184 4942 1566 5013 κατακλυσμὸς
1588 4959 1601 4973 '
1645 4945 1737 4996 καὶ
1770 4943 1910 4998 κατὰ

322 5027 506 5096 λόγον.
555 5028 675 5083 Τῶν
717 5030 826 5102 γάρ
850 5032 1160 5101 Αἰγυπτίων
1202 5036 1338 5109 ὀργῇ
1370 5033 1505 5089 Θεοῦ
1544 5034 1810 5110 χαλάζαις
1849 5051 1910 5089 τε

280 5312 283 5313 ν
323 5253 931 5331 εει-ἰρεοιίῑᾼίξιξίοιιηιιξ,
953 5256 1107 5331 τῇςδ
1128 5256 1503 5329 αἰχμαλωσίας
1519 5257 1906 5331 ἐϐδομήκοντα.

324 5323 487 5380 Certe
515 5326 657 5396 ὑμᾶς
685 5327 772 5380 illa
800 5323 1328 5399 millenducentoiium
1358 5344 1422 5383 ac
1451 5323 1671 5397 triginta
1699 5323 1907 5399 septem

324 5410 619 5459 annorum,
650 5413 791 5466 quos
825 5399 895 5452 ab
926 5396 1125 5471 Exodo
1161 5400 1227 5454 ad
1263 5398 1462 5471 Cyrum
1501 5416 1673 5469 usque
1702 5396 1897 5456 nume-

324 5476 439 5531 rat,
475 5483 542 5523 ex
585 5468 1036 5537 consequentium
1084 5468 1355 5523 annorum
1406 5468 1728 5525 collectione
1784 5486 1898 5526 non

321 5537 573 5603 exsistet,
616 5538 723 5609 nisi
777 5539 878 5592 hos
925 5541 1265 5609 septuaginta
1314 5541 1537 5609 insuper
1585 5541 1894 5596 addideris:

324 5610 565 5682 tametsi,
594 5620 655 5663 ut
676 5607 1149 5682 deesset__omniuo
1178 5607 1563 5676 nihil,duobus
1597 5621 1653 5666 et
1672 5623 1895 5682 septua-

360 5679 471 5735 ima
499 5693 639 5753 opus
687 5690 853 5753 esset.
886 5676 1047 5743 Nam,
1077 5682 1337 5737 detractis
1373 5676 1900 5753 septuaginta—con-

321 5694 471 5803 ﬁrma
499 5694 639 5747 opus
687 5694 853 5734 esset.
886 5694 1047 5743 nam,
1077 5694 1337 5737 detractis
1373 5694 1737 5753 septuaginta,
1767 5698 1893 5738 con-

363 5759 457 5823 unt
509 5749 672 5803 modo
711 5749 860 5823 mille
898 5761 1135 5823 centum,
1173 5761 1227 5823 et
1280 5754 1563 5823 sexaginta
1612 5754 1893 5823 quinque;

320 5820 528 5890 quibus
573 5821 916 5889 septuaginta
965 5821 1010 5875 si
1071 5821 1366 5885 addideris,
1420 5820 1575 5876 mille
1629 5820 1897 5882 ducentos

322 5890 544 5964 triginta
590 5891 833 5964 quinque
876 5891 1168 5964 habiturus
1216 5908 1298 5947 es.
1357 5891 1484 5959 Sed,
1510 5893 1727 5964 opinor,
1765 5894 1898 5948 anni

325 5960 524 6034 Moyeis
568 5961 889 6031 octOgesimi
941 5971 1153 6035 partem
1203 5960 1565 6032 annumerat,‘
1598 5974 1653 6023 et
1690 5977 1895 6022 annum

2019 4952 2114 4992 sus
2155 4938 2225 4992 ab
2274 4936 2530 5009 Egypto,
2565 4939 2647 4994 sic
2686 4938 2954 5011 Ogygium
3003 4941 3056 4994 in
3100 4939 3276 4994 Attica
3325 4940 3593 4997 diluvium

2011 5028 2258 5099 contigit.
2285 5027 2351 5083 Et
2379 5031 2767 5087 convenienter
2789 5030 2840 5085 id
2859 5031 3099 5101 quidem.
3131 5028 3265 5086 Nam
3284 5045 3408 5088 cum
3427 5030 3595 5108 Egy-

2012 5257 2344 5337 captivitatis
2366 5258 2826 5337 septuagesimum
2849 5257 3013 5337 ultra‘
3016 5255 3144 5327 Cyri
3165 5255 3403 5337 primum
3436 5273 3597 5314 men.

2013 5326 2166 5385 sibus
2200 5326 2743 5398 aliquot'excu'rrisse
2767 5338 2939 5399 putat.
2972 5326 3281 5399 Eam‘enim
3314 5344 3589 5385 summam

2011 5416 2120 5453 non
2152 5415 2215 5454 ex
2260 5395 2612 5456 librariorum
2653 5395 2860 5464 errore,
2892 5398 2986 5452 sed
3017 5395 3262 5451 Africani
3299 5414 3367 5454 ex
3409 5410 3597 5456 mente

2008 5468 2300 5545 conﬂatam
2327 5486 2449 5545 esse
2468 5513 2486 5537 ,
2525 5479 2741 5545 constat
2774 5484 2843 5523 ex
2881 5467 3237 5538 sequentibus
3262 5469 3359 5525 ubi
3390 5473 3592 5545 saepius

2005 5543 2195 5595 eadem
2221 5542 2548 5596 inculcatur.
2589 5540 2782 5595 VIGER.

2030 5630 2037 5639 ι
2075 5609 2186 5681 (60)
2219 5613 2497 5680 Σπαρτοί.
2540 5611 2692 5666 Hanc
2728 5622 2940 5673 vocem,
2990 5624 3133 5679 quae,
3167 5610 3213 5665 si
3240 5610 3355 5665 sola
3383 5619 3592 5680 specto.

2007 5689 2115 5745 tur,
2173 5683 2384 5736 nullum
2433 5683 2597 5736 habet
2651 5695 2898 5745 sensum,
2947 5695 3056 5735 non
3096 5681 3259 5735 vertit
3298 5682 3588 5750 interpres.

2002 5749 2160 5805 Enn.
2212 5751 2452 5822 ParaoL.
2496 5751 2892 5822 Supplendum,
2923 5752 3087 5822 credo
3115 5751 3202 5804 vel
3241 5749 3475 5822 ὀδόντες,
3503 5752 3597 5805 vel

2003 5821 2362 5895 στρατιῶται,
2396 5823 2479 5895 vel
2506 5818 2711 5895 aliquid
2750 5820 2951 5895 simile.
2978 5818 3218 5895 omni-no
3261 5821 3419 5895 enim
3468 5829 3592 5889 post

2002 5890 2303 5963 Europam,
2333 5893 2400 5947 de
2430 5890 2637 5949 Cadmo
2663 5892 2967 5963 Cadmique
2997 5892 3262 5963 militibus
3290 5906 3357 5945 ex
3388 5891 3588 5963 draco~

1966 6040 1974 6049 .
2001 5960 2088 6020 nis
2118 5958 2374 6021 dentibus
2403 5973 2628 6036 repente
2656 5964 2816 6033 satis,
2856 5958 3074 6022 locutus
3106 5961 3343 6019 videtur.
3388 5958 3583 6018 Vrsas.
