4074 6370
342 313 403 367 8|
1221 320 1389 388 ουλε
1433 322 1843 380 SUPERSUNT
1882 327 1973 381 EX
2013 326 2667 391 LlBRlS'CHRO-NOGR.
2776 354 2803 369 θ
3519 337 3586 394 89

337 425 496 500 ἡμῶν
527 429 830 500 παρουσίας
854 433 952 486 οὐκ
972 434 1099 487 ὄντα
1128 437 1298 490 ταῦτα
1328 440 1690 510 προσεδοκᾶτο
1736 443 1911 513 μόνον.

2023 445 2274 505 Visiones
2298 461 2479 507 autem
2510 461 2564 507 et
2587 445 2883 524 prophetiae
2917 466 3089 522 usque
3112 451 3180 508 ad
3212 450 3474 508 Joannem
3491 492 3508 519 ,
3532 464 3581 510 ct

342 520 644 594 ⁵’Δρξασθαι
693 522 750 576 δὲ
780 522 887 578 τῶν
920 526 1206 597 ἀριθμῶν,
1252 530 1496 583 τουτέστι
1538 531 1646 586 τῶν
1691 521 1919 606 ἑϐδομή-

337 628 513 675 κοντα,
560 612 902 684 ἑϐδομάδων,
946 615 981 669 ἆ
1022 619 1177 671 ἐστιν
1204 618 1300 690 ἐτη
1338 622 1664 693 τετρακόσια
1702 624 1917 697 ἐννενή-

339 718 524 767 κοντα,
558 704 586 755 ὁ
616 701 845 771 ἅγγελος
886 705 1218 772 ὑποτίθεται,
1254 710 1361 763 ἀπὸ
1405 710 1584 775 ἐξόδου
1630 712 1786 781 λόγου
1822 714 1915 768 τοῦ

342 792 706 864 ἀποκριθῆναι
740 799 833 848 καὶ
864 795 957 849 τοῦ
991 798 1341 870 οίκοδομῆσαι
1385 802 1755 875 Ἰερουσαλήμ.
1788 806 1919 860 Συν-

340 883 436 955 έϐη
477 884 533 938 δὲ
577 884 747 938 ταῦτα
781 888 870 940 ἐπὶ
919 889 1273 963 Ἀρταξέρξου
1303 893 1396 961 τοῦ
1427 896 1651 967 Περσῶν
1675 896 1919 968 βασιλεύ-

338 991 489 1038 οντος
516 976 746 1047 εἰκοστῷ
769 977 897 1031 ἔτει.
944 980 1184 1051 Νεεμίας
1232 984 1340 1057 γὰρ
1384 987 1412 1037 ὁ
1450 987 1639 1039 τούτου
1682 988 1917 1058 οἰνοχόος

334 1065 579 1153 δεηθεὶςξ
600 1068 941 1140 ἀποκρίσεως
968 1071 1158 1143 ἔτυχεν
1187 1075 1602 1148 οἰκοδομηθῆναι
1649 1078 1916 1150 Ἰερουσαο

336 1154 468 1228 λήμ.
506 1158 616 1212 Καὶ
660 1158 817 1228 λόγος
851 1160 1040 1232 ἐξῆλθε
1083 1164 1318 1219 κελεύων
1358 1162 1569 1222 ταῦτα·
1614 1169 1774 1240 μέχρι
1819 1170 1914 1239 μὲν

336 1246 444 1318 γὰρ
477 1248 684 1302 ἐκείνου
720 1249 811 1302 τοῦ
840 1251 1028 1322 χρόνου
1049 1257 1081 1323 ἠ
1106 1256 1260 1319 πόλις
1289 1258 1568 1328 ἠρήμωτο.
1603 1259 1785 1331 Κύρου
1808 1248 1915 1330 γὰρ

340 1339 477 1409 μετὰ
498 1340 596 1412 τὴν
618 1340 1137 1413 ὲϐδομηκονταετίαν
1159 1348 1257 1417 τῆς
1275 1348 1646 1418 αἰχμαλωσίας
1662 1350 1766 1403 τῶν
1790 1349 1916 1420 βου-

334 1431 575 1502 λομένων
609 1434 839 1488 ἕκαστον
871 1437 1178 1491 ἑκουσιαστὶ
1206 1441 1683 1511 καταπέμψαντος,
1705 1444 1752 1494 οἱ
1782 1442 1922 1511 μετὰ

347 1529 523 1602 Ἰησοῦ
545 1530 638 1584 τοῦ
665 1531 899 1602 μεγάλου
937 1534 1123 1605 ἱερέως
1160 1536 1252 1588 καὶ
1284 1535 1589 1608 Ζοροϐάϐελ
1629 1535 1913 1589 κατελθόν-

337 1637 449 1687 τες,
480 1622 573 1676 καὶ
604 1625 652 1675 οἱ
679 1624 771 1677 ἐπὶ
804 1623 1014 1689 τούτοις
1044 1625 1160 1696 ἅμα
1188 1627 1413 1704 Ἔσδρα,
1440 1627 1530 1681 τὸν
1556 1625 1691 1679 νεὼν
1713 1627 1916 1680 οἰκοδοο

337 1716 458 1783 μεῖν
490 1714 789 1769 ἐκωλύοντο
810 1715 877 1769 τά
908 1718 1120 1788 πρῶτα,
1154 1721 1247 1773 καὶ
1276 1723 1453 1790 τεῖχος
1483 1722 1548 1791 τῇ
1584 1719 1732 1773 πόλει
1756 1700 1928 1790 περι‹’

336 1803 572 1870 ὅάλλειν,
603 1807 679 1872 ὡς
710 1810 770 1862 ού
805 1810 1231 1882 κεκελευσμένον
1265 1812 1474 1865 τούτου.

2030 533 2261 595 Sanctus
2290 552 2608 597 sanewrum
2642 541 2863 612 ungitur
2889 559 2903 607 ;
2944 558 3069 596 nam
3101 556 3224 597 eum
3243 552 3366 597 ante
3398 540 3582 599 Salva.

2023 629 2344 685 torisnostri
2369 634 2659 688 adventum
2696 633 2813 688 haec
2842 649 2950 688 non
2966 642 3166 699 essent,
3199 635 3583 702 exspectaban-

2022 728 2111 773 tur
2139 731 2338 778 tamen.
2377 723 2599 778 Numeri
2635 740 2767 779 vero
2802 725 3019 779 initium
3051 726 3332 794 accipere,
3378 726 3482 780 hoc
3504 734 3582 781 est

2023 814 2364 882 Septuaginta
2397 816 2880 881 hebdomadarum,
2907 819 3000 887 qui
3026 827 3155 873 sunt
3171 817 3298 872 ιιιιὶιί
3327 818 3587 888 quadrin-

2020 905 2165 972 genti
2200 908 2523 977 nonaginta,
2553 909 2779 980 angelus
2803 910 3051 980 praecipit
3077 910 3147 965 ab
3187 910 3337 966 exitu
3380 926 3588 967 sermo-

2020 996 2107 1049 nis
2135 1008 2193 1050 ut
2225 1000 2618 1067 respondeatur
2646 1011 2700 1056 et
2729 1002 3027 1057 aediﬁcetur
3047 1002 3367 1058 Jerusalem.
3415 1001 3588 1057 Porro

2023 1086 2136 1146 haec
2189 1092 2530 1158 contigerunt
2578 1094 2728 1162 regni
2788 1094 3125 1159 Artaxerxis,
3153 1095 3247 1165 qui
3294 1093 3586 1151 Persarum

2020 1192 2113 1230 rex
2140 1176 2274 1242 fuit,
2310 1196 2454 1235 anno
2489 1182 2797 1255 vicesimo;
2819 1185 2982 1253 hujus
2997 1186 3140 1239 enim
3166 1190 3424 1253 pineerna
3452 1182 3588 1280 Nep-

2021 1270 2159 1325 mias
2191 1286 2315 1325 cum
2342 1288 2466 1326 eum
2495 1274 2673 1342 ipsum
2710 1284 2975 1344 rogasset,
3013 1292 3337 1345 responsum
3378 1270 3588 1345 accepit

2021 1368 2081 1413 ut
2108 1361 2468 1416 aadilicaretur
2496 1361 2820 1419 Jerusalem.
2853 1364 2921 1418 Et
2954 1380 3135 1421 sermo
3167 1366 3333 1421 exivit
3362 1383 3472 1435 quo
3504 1368 3587 1435 ip-

2020 1466 2141 1507 sum
2188 1453 2293 1521 hoc
2325 1453 2653 1521 jubebatur:
2698 1457 2932 1511 nam'ad
2972 1458 3102 1511 illud
3144 1474 3319 1528 usqtte
3372 1467 3586 1528 tempus

2019 1540 2222 1596 civitas.
2252 1542 2467 1597 deserta
2512 1556 2803 1601 manserat.
2856 1546 2993 1602 Cum
3036 1548 3181 1601 enim
3244 1546 3419 1618 Cyrus
3467 1556 3589 1616 post

2020 1637 2495 1702 septuagenariam
2516 1638 2832 1713 servitutem
2855 1641 3121 1694 volentem
3145 1640 3587 1710 unumquemque

2021 1723 2327 1781 voluntarie
2347 1730 2658 1805 emisisset,
2692 1734 2786 1801 qui
2819 1746 2944 1787 cum
2987 1730 3114 1787 Jesu
3169 1747 3365 1802 magno
3406 1746 3588 1787 sacer-

1920 1846 1926 1859 ι
2026 1813 2153 1871 dote
2176 1823 2229 1871 et
2262 1816 2582 1887 Zorobahel,
2602 1823 2805 1891 quique
2827 1832 2948 1892 post
2977 1825 3078 1878 hos
3101 1823 3250 1893 ipsos
3265 1838 3391 1877 cum
3411 1821 3586 1877 Esdra

342 1896 760 1969 descenderant,
795 1904 1065 1969 aediﬁcare
1114 1906 1372 1975 templum
1402 1945 1416 1970 ,
1466 1914 1520 1961 et
1565 1919 1783 1960 murum
1828 1903 2033 1957 civitati
2058 1906 2422 1976 Lcircumdare
2464 1912 2621 1968 initio
2679 1914 3126 1983 prohibebantur,
3162 1924 3420 1985 tanquam
3480 1915 3589 1971 hoc

337 1990 664 2062 imperatum
698 2012 805 2051 non
833 2006 1000 2052 esset.

408 2085 485 2142 B'.
522 2086 773 2157 Ἐμεινεν
798 2083 889 2141 οὖν
917 2088 1021 2153 ἕως
1058 2088 1293 2161 Νεεμίου
1339 2090 1432 2142 καὶ
1456 2087 1739 2170 βασιλείας
1796 2076 1937 2158 Ἀρ(

2091 2082 2157 2138 II.
2184 2068 2383 2140 Mansit
2414 2086 2580 2157 igitur
2616 2104 2791 2159 usque
2831 2088 2898 2145 ad
2935 2074 3211 2144 Neemiam
3265 2098 3320 2145 et
3359 2108 3587 2164 regnum

331 2177 612 2248 ταξέρξου,
641 2179 733 2233 καὶ⁸
763 2179 861 2250 τῆς
879 2180 1104 2252 Περσῶν
1132 2180 1429 2252 ⁴ἡγεμονίας
1454 2180 1609 2244 ἔτους
1633 2197 1913 2233 πεντεκαι-

2017 2178 2364 2245 Artaxerxis,
2394 2194 2707 2251 annumque
2759 2181 2972 2252 imperii
3018 2182 3310 2238 Persarum
3354 2187 3588 2241 centesic

331 2268 560 2323 δεκέιτου
596 2270 688 2324 καὶ⁵
712 2265 1006 2324 ἑκατοστοῦ
1024 2288 1036 2302 ·
1074 2272 1181 2325 ἀπὸ
1202 2273 1258 2326 δὲ
1292 2273 1390 2343 τῆς
1417 2270 1670 2336 ἁλώσεως
1699 2272 1915 2341 Ἲερου-

334 2358 537 2431 σαλὴμ,
589 2359 782 2414 ἑκατὸν
824 2354 1153 2434 ὀγδοήκοντα
1201 2363 1362 2417 πέντε
1393 2363 1487 2436 ἔτη
1519 2362 1752 2432 γίνεται.
1802 2361 1913 2415 Καὶ

333 2451 453 2504 τότε
483 2451 735 2523 βασιλεὺς
781 2453 1142 2527 Ἀρταξέρξης
1177 2456 1458 2510 ἐκέλευσεν
1497 2454 1913 2527 οἰκοδομηθῆναι

324 2541 430 2613 ’τὴν
454 2540 630 2598 πόλιν.
657 2544 897 2617 Νεεμίας
931 2545 990 2600 δὲ
1025 2546 1436 2619 καταπεμφθεὶς
1468 2531 1561 2601 τοῦ
1592 2545 1754 2619 ἔργου
1782 2562 1915 2619 προ-

334 2633 551 2707 (armi;
594 2635 650 2688 δὲ
696 2635 1016 2709 ᾠκοδομήθη
1046 2638 1288 2694 ’πλατεῖα
1315 2641 1407 2693 καὶ
1454 2642 1779 2712 περίτειχος,
1838 2640 1914 2703 ὡς

336 2725 736 2797 προεφητεύθη.
774 2727 1041 2781 Κάκεῖθεν
1058 2727 1378 2801 ἀριθμοῦσιν
1401 2731 1532 2802 ἡμῖν
1548 2730 1913 2803 ἐϐδομήκοντα

338 2813 744 2885 ἑὸδομάδεςείς
778 2818 867 2871 τὸν
890 2819 1121 2891 Χριστὸν
1156 2820 1565 2875 συντελοῦνται·
1600 2822 1649 2875 εἰ
1680 2821 1913 2893 γάρδᾶλ-

336 2903 490 2960 λοθὲν
528 2906 690 2961 ποθεν
718 2908 971 2980 ἀριθμεῖν
1002 2910 1305 2982 ἀρξαίμεθα
1324 2953 1338 2977 ,
1368 2913 1461 2966 καὶ
1492 2913 1591 2965 οὐκ
1640 2912 1911 2977 ἐντεῦθεν,

337 2995 460 3051 οὔτε
487 2999 515 3051 ὁ
537 2998 727 3069 χρόνος
744 2999 1147 3071 συνδραμεῖται,
1182 3003 1276 3056 καὶ
1302 3001 1526 3056 πλεῖστα
1552 3002 1729 3059 ἄτοπα
1743 3003 1915 3056 ἀπαν-

337 3088 511 3158 τήσει.
559 3087 683 3140 Ἐάν
707 3105 767 3140 τε
799 3089 906 3162 γὰρ
933 3090 1047 3144 ἀπὸ
1079 3089 1283 3163 Κύρου,
1315 3092 1533 3163 καὶτῆς
1562 3090 1785 3164 πρώτης
1817 3108 1917 3145 κα-

335 3180 628 3251 ταπομπῆς
668 3181 765 3253 τὴν
810 3182 983 3255 ἀρχὴν
1036 3182 1389 3255 ποιησώμεθα
1429 3186 1527 3258 τῆς
1568 3185 1914 3256 ἀριθμήσεως

334 3269 444 3323 τῶν
467 3272 835 3343 ἐϐδομήκοντα
851 3275 1180 3346 ἑϐδομάδων,
1201 3278 1280 3339 είς
1297 3276 1389 3348 ἔτη
1409 3279 1600 3331 ἑκατὸν
1625 3280 1718 3333 καὶ
1744 3296 1914 3349 προσ-

336 3362 418 3414 ἐτι
454 3365 785 3435 περισσεύει,
835 3366 1033 3420 πλείων
1061 3367 1138 3419 ’δὲ
1167 3368 1375 3439 χρόνος,
1407 3372 1454 3422 εί
1486 3371 1579 3438 ἀφ’
1601 3367 1669 3441 ἦς
1698 3371 1914 3443 ἡμέρας

335 3453 413 3525 τῷ
442 3456 639 3529 Δανιὴλ
666 3459 694 3511 ὁ
717 3457 944 3527 ἄγγελος
975 3460 1366 3530 προεφήτευσε,
1396 3460 1572 3532 πολλῷ
1604 3462 1660 3514 δὲ
1691 3460 1909 3523 πλείων,

334 3544 383 3595 εἰ
404 3544 498 3596 ἀπ’
521 3545 694 3618 ἀρχῆς
725 3547 825 3618 τῆς
856 3547 1251 3618 αἰχμαλωσίας.
1287 3549 1627 3621 Εὑρίσκομεν
1669 3552 1775 3622 γάρ
1814 3551 1912 3623 τὴν
1941 3543 1982 3601 C

335 3634 871 3709 Περσῶν-’βασιλείαν
904 3639 1049 3691 ἔτεσι
1098 3639 1391 3703 διακοσίοις
1432 3642 1725 3712 τριάκοντα
1765 3660 1916 3714 περι-

333 3730 721 3802 γραφομένην,
770 3732 867 3802 τήν
898 3749 955 3784 τε
992 3732 1315 3785 Μακεδόνων
1358 3731 1439 3796 είς
1482 3733 1575 3806 ἔτη
1623 3736 1910 3806 τριακόσια

334 3822 700 3895 ἐϐδομήκοντα
732 3823 1193 3894 παρατείνουσαν,
1229 3827 1479 3878 κάκεῖθεν
1516 3826 1607 3879 ἐπὶ
1648 3828 1709 3880 τὸ
1749 3828 1909 3880 Τιϐεί-

340 3912 453 3983 ρίου
487 3914 759 3983 Καίσαρος
782 3915 1167 3969 ἑκκαιδέκατον
1199 3916 1317 3980 ἔτος
1340 3919 1420 3980 είς
1449 3916 1543 3989 ἐτη
1567 3919 1849 3989 ἐξήκοντα.

2018 2284 2166 2324 mum
2193 2279 2247 2326 et
2269 2270 2521 2342 quintum
2552 2272 2858 2343 decimum;
2891 2290 3016 2331 cum
3055 2290 3186 2330 vero
3229 2291 3262 2330 a
3307 2285 3463 2347 capta
3493 2275 3588 2333 Je-

2018 2361 2251 2427 rusalem
2283 2377 2461 2417 annus
2478 2363 2812 2419 centesimus
2833 2373 3000 2435 atque
3020 2367 3390 2436 octogesimus
3419 2368 3586 2436 quin-

2017 2458 2104 2505 tus
2136 2463 2418 2524 ageretur,
2473 2463 2586 2508 tum
2621 2469 2719 2509 rex
2758 2453 3090 2509 Artaxerxes
3120 2454 3290 2525 jussit
3325 2456 3585 2512 aediﬁcari

2016 2530 2324 2610 civitatem;
2354 2552 2408 2598 et
2431 2540 2705 2609 Neemias,
2744 2560 2887 2600 unus
2908 2560 3100 2601 eorum
3126 2546 3219 2616 qui
3246 2546 3434 2603 emissi
3462 2547 3583 2604 fue-

2014 2642 2158 2697 rant,
2200 2633 2352 2723 operi
2384 2632 2632 2703 praefuit:
2654 2643 2709 2688 et
2722 2634 2900 2705 platea
2930 2644 2983 2689 et
3014 2635 3155 2691 muri
3186 2636 3427 2693 ambitus
3452 2638 3586 2694 aedi-

2016 2724 2174 2797 licata
2213 2734 2360 2790 sunt,
2383 2726 2527 2780 sicut
2558 2723 2800 2780 futurum
2828 2726 3115 2797 prophetia
3156 2727 3580 2799 significaverat.

2014 2818 2142 2875 lnde
2169 2820 2334 2891 igitur
2361 2821 2518 2875 nobis
2570 2836 2859 2876 numerare
2914 2820 3320 2890 incipientibus,
3365 2832 3584 2893 septua-

2014 2911 2165 2983 ginta
2198 2909 2562 2965 hebdomades
2601 2910 2655 2964 in
2703 2908 2981 2965 Christum
3027 2911 3420 2979 terminantur;
3454 2926 3583 2966 nam

2015 3002 2062 3058 si
2084 3001 2153 3056 ab
2175 3000 2283 3056 alio
2299 2999 2492 3071 quovis
2521 3011 2765 3070 tempore
2788 3000 3113 3056 numerandi
3143 3001 3358 3056 initium
3386 3001 3584 3057 feceri-

2016 3112 2160 3160 mus,
2190 3110 2369 3168 neque
2396 3107 2609 3167 tempus
2639 3096 2819 3166 ipsum
2853 3098 3157 3163 conveniet,
3196 3105 3250 3152 et
3292 3096 3466 3151 multa
3498 3096 3583 3150 in-

2015 3189 2300 3244 commoda
2336 3187 2521 3242 subire
2561 3201 2784 3242 necesse
2817 3188 2939 3241 erit.
2989 3186 3115 3243 Sive
3143 3187 3286 3242 enim
3341 3202 3371 3241 a
3417 3187 3583 3257 Cyro,

2015 3280 2298 3350 primaque
2329 3279 2646 3345 emissione,
2697 3279 3035 3348 septuaginta
3070 3278 3440 3334 hebdomadas
3479 3293 3585 3332 nu-

2015 3386 2230 3426 merare
2257 3370 2608 3440 coeperimus,
2643 3371 2772 3424 anni
2798 3378 3014 3425 centum
3038 3378 3092 3424 et
3122 3370 3356 3440 amplius
3388 3384 3584 3439 super-

2013 3469 2207 3530 erunt;
2267 3463 2379 3517 sive
2439 3461 2508 3516 ab
2544 3476 2609 3517 eo
2658 3459 2767 3526 die,
2813 3474 2923 3530 quo
2982 3460 3206 3531 angelus
3255 3460 3356 3529 ipsi
3394 3458 3583 3515 Daniel

2015 3555 2297 3612 oraculum
2326 3552 2578 3620 reddidit,
2602 3554 2764 3608 etiam
2782 3537 2954 3620 major
2977 3552 3068 3606 ﬁet
3093 3567 3360 3607 annorum
3387 3566 3584 3606 nume»

2015 3664 2113 3702 rus
2138 3665 2153 3714 ;
2186 3648 2359 3701 multo
2387 3653 2569 3700 autem
2598 3645 2793 3714 major,
2831 3645 2875 3698 si
2903 3645 2972 3698 ab
2998 3644 3155 3698 initio
3199 3653 3374 3715 capta:
3403 3643 3578 3699 urbis.

2015 3737 2330 3793 Invenimus
2356 3737 2501 3791 enim
2536 3750 2764 3806 regnum
2786 3728 3077 3789 Persarum
3109 3736 3249 3790 intra
3277 3752 3450 3792 annos
3484 3736 3586 3790 du-

2013 3838 2203 3883 centos
2231 3835 2393 3896 atque
2420 3824 2640 3895 triginta
2667 3821 2954 3877 contineri.
2993 3821 3582 3879 DcindeMacedonum

2014 3920 2085 3974 ad
2131 3933 2401 3974 annorum
2435 3930 2724 3970 numerum
2770 3914 3079 3970 continuari
3134 3923 3498 3969 trecentorum
3529 3920 3586 3966 et

2017 4012 2377 4083 septuaginta.
2406 4009 2534 4065 Inde
2557 4024 2685 4063 vero
2733 4010 2799 4065 ad
2841 4009 3045 4064 Tiberii
3090 4006 3323 4077 Cassaris
3375 4019 3582 4060 annum

2020 4104 2533 4168 sextumdecimum,
2561 4117 2736 4157 annos
2750 4101 3051 4171 sexaginta.

1537 4245 1908 4316 lnlerpretatio
1951 4245 2009 4302 S.
2040 4244 2366 4316 Hieronymi.

410 4376 470 4435 ll.
498 4376 695 4432 Mansit
722 4377 901 4446 itaque
923 4376 1294 4445 imperlectum
1321 4394 1458 4446 opus
1483 4391 1654 4446 usque
1684 4379 1748 4432 ad
1773 4376 2072 4444 Neemiam,
2098 4388 2151 4432 et
2177 4377 2496 4432 vicesimum
2528 4389 2729 4428 annum
2761 4373 3245 4446 regis_Artaxercis
3266 4390 3281 4426 ε
3306 4385 3416 4441 quo
3442 4384 3583 4434 tem-

333 4464 467 4517 pore
499 4452 647 4519 regni
674 4442 1231 4519 Persarum—centum
1264 4456 1319 4501 et
1337 4442 1649 4517 quindecim
1671 4449 1798 4502 anni
1830 4448 2043 4503 fuerant
2060 4442 2300 4513 evoluti;
2330 4447 2663 4519 captivitatis
2697 4442 2876 4497 autem
2893 4442 3217 4519 Jerusalem,
3245 4450 3577 4519 centesimus

333 4513 700 4598 octogesimus
744 4525 799 4598 et
835 4518 1063 4598 quintus
1092 4513 1441 4598 annnsncrat;
1495 4528 1549 4572 et
1583 4527 1712 4598 tunc
1742 4519 1977 4598 primum
2007 4520 2368 4598 _Artaxerites.
2398 4513 2574 4598 'jussit
2613 4528 2805 4598 muros
2859 4513 3396 4596 extrui..|erttsalem
3437 4536 3451 4573 :
3486 4520 3582 4598 cui

334 4584 485 4655 Operi
513 4586 725 4656 praefuit
752 4584 1034 4669 Nee'mias;
1069 4588 1417 4669 et-atdili'cata
1448 4598 1533 4642 est
1569 4584 1768 4669 platea}
1803 4598 1855 4669 et
1881 4589 2023 4641 muri
2050 4584 2421 4668 circumdati
2440 4596 2493 4640 et
2516 4600 2583 4669 eis
2613 4584 2706 4669 illo
2758 4594 3001 4669 tempore
3027 4585 3072 4640 si
3090 4598 3393 4666 numerare
3416 4589 3578 4669 velis,

338 4654 977 4739 septuaginta‘annorum
1004 4657 1375 4712 hebdomadas
1410 4654 1583 4727 usque
1603 4658 1670 4712 ad
1701 4658 1978 4711 Christum
2011 4658 2218 4728 poteris
2244 4657 2505 4739 in_venire.
2538 4654 2694 4735 Quod
2726 4656 2773 4709 si
2807 4654 3001 4739 harum
3022 4654 3349 4739 principium
3382 4658 3448 4739 ait?
3472 4659 3581 4713 alio

343 4735 586 4795 tempore
615 4726 951 4799 voluerimus
975 4742 1213 4799 sumere,
1253 4736 1308 4799 et
1335 4725 1576 4795 tempora
1605 4743 1710 4782 non
1735 4725 2087 4799 concurrent.
2117 4737 2172 4779 et
2198 4727 2369 4780 multa
2399 4727 2734 4799 reperiemus
2758 4725 3073 4799 contraria.
3102 4725 3240 4799 ham
3269 4725 3375 4799 sia
3405 4728 3570 4799 Cyro,

334 4804 389 4850 et
413 4794 587 4866 prima
619 4798 741 4866 ejus
770 4796 1107 4865 indulgentia
1136 4813 1242 4865 qua
1270 4794 1581 4852 Jndmorum
1619 4808 1705 4852 est
1735 4798 1915 4852 laxata
1947 4799 2253 4867 captivitas,
2280 4794 2634 4867 septuaginta,
2655 4804 3009 4867 numerentur
3029 4794 3420 4851 hebdomadas:
3446 4794 3578 4853 cen-

334 4877 451 4920 tum
482 4875 537 4921 et
571 4865 905 4946 eo’amplius
937 4867 1279 4946 inveniemus
1311 4883 1522 4946 annos,
1552 4868 1934 4946 qui_s_tatutum
1967 4865 2306 4946 septuaginta
2337 4865 2799 4946 hebdomadarum
2826 4865 3092 4945 excedant
3149 4879 3441 4946 numerum
3463 4910 3477 4931 ,
3531 4876 3585 4922 et

336 4936 513 4990 multo
544 4936 689 5005 plus.
715 4938 761 4989 si
797 4952 869 5007 ex,
893 4952 1000 5007 qua
1032 4935 1119 5007 die
1143 4936 1357 4990 locutus
1381 4944 1465 4990 est
1486 4935 1693 4991 Danieli
1717 4939 1977 5007 angelus;
2021 4935 2348 5007 additurque
2400 4936 2633 5003 amplior
2666 4944 2949 5007 numerus,
2974 4935 3021 4987 si
3047 4935 3382 5007 captivitatis
3415 4953 3583 4991 exor-

334 5006 488 5084 dium
521 5003 764 5060 volueris
792 5003 1257 5084 hebdomadarum
1291 5007 1492 5084 habere
1525 5003 1878 5084 princi_pi_t_tm.
1912 5006 2223 5084 Permansit
2252 5003 2398 5059 enim
2425 5021 2653 5084 regnum
2685 5003 2999 5083 Persarum,
3046 5003 3217 5071 usque
3262 5003 3584 5084 ad_initinm

333 5074 717 5137 Macedonum,
752 5077 916 5156 annis
945 5077 1201 5162 ducentis
1236 5076 1492 5162 triginta;
1527 5074 1717 5162 etiprsi
1744 5077 2067 5158 Macedones
2101 5084 2467 5162 regnaverunt
2492 5074 2946 5162 annistrecentis
2971 5075 3394 5162 satqueex‘inde
3413 5090 3588 5145 usque

335 5147 403 5223 ad
442 5145 1200 5223 annum.quintuimleeimnm
1240 5145 1354 5216 (65)
1400 5146 1604 5223 Tiberii
1634 5145 1912 5223 Caesaris,
1952 5145 2179 5223 quando
2204 5162 2400 5215 passus
2428 5158 2511 5201 est
2543 5145 2818 5223 Christus,
2853 5154 3212 5223 numerantur
3254 5146 3382 5198 anni
3424 5162 3587 5201 sexa-

338 5215 490 5284 ginta
518 5231 533 5282 ;
578 5214 874 5284 qui’simul
898 5214 1106 5269 faciunt
1128 5214 1303 5271 annes
1330 5216 1657 5287 quingentos
1696 5214 2016 5288 nonaginta,
2049 5218 2121 5271 ita
2157 5214 2216 5271 ut
2238 5225 2455 5271 centum
2486 5214 2761 5285 supersint
2802 5214 2951 5267 anni.

403 5334 479 5390 I".
521 5334 654 5389 Ἀπὸ
681 5336 738 5390 δὲ
775 5336 1133 5410 Ἀρταξέρξου
1161 5340 1218 5392 αἱ
1242 5338 1610 5410 ἐϐδομήκοντα
1625 5338 1914 5410 ὲϐδομάδες

1572 5456 1946 5526 Interpretatio
1977 5456 2035 5512 S.
2067 5456 2402 5528 Hieronymi.

417 5543 507 5601 lll.
535 5548 580 5600 A
606 5548 870 5605 vicesimo
900 5561 1082 5606 autem
1106 5567 1254 5607 anno
1278 5551 1597 5607 Artaxerxis
1622 5566 1797 5622 usque
1826 5552 1891 5606 ad
1920 5552 2223 5615 Christum,
2251 5552 2593 5622 complentur
2627 5547 2980 5606 hebdomadze
3010 5547 3376 5617 septuaginta,
3428 5548 3587 5617 juxta
3657 5576 3661 5581 ο

2092 5338 2178 5391 Ill.
2214 5338 2296 5393 Ab
2325 5337 2623 5392 Artaxerxe
2644 5343 2826 5390 autem
2855 5332 3193 5403 septuaginta
3222 5334 3592 5395 hebdomades

407 5682 518 5754 (65)
553 5683 811 5750 Quintum
836 5688 1116 5747 decimum.
1181 5691 1425 5747 Africani
1450 5694 1677 5762 ﬁtextus,
1710 5692 1917 5745 ἐκκαιδὲ

407 5753 577 5809 intum
597 5756 876 5810 decimum.

2015 5711 2115 5748 τον.
2146 5692 2234 5749 Sic
2273 5670 2321 5748 et
2349 5693 2509 5762 paulo
2538 5688 2710 5755 inira,
2761 5687 2846 5742 ubi
2876 5688 3068 5742 iterum
3107 5695 3329 5741 sanctus
3376 5686 3585 5754 doctor,
3678 5721 3684 5729 -

334 5765 577 5825 quintum
597 5765 876 5814 decimum.
2566 5802 2569 5805 '
