4074 6414
389 347 465 406 85
1239 350 1407 420 QUAS
1449 349 1863 408 SUPEBSUNT
1904 347 1998 405 EX
2037 348 2263 406 LIBRI-8
2300 346 2701 409 CHRONOGR.
3574 347 3647 406 86

388 467 692 541 ἀναιρεῖται
710 487 724 501 '
752 471 1012 543 Ὑρκανὸς
1040 472 1094 525 δὲ
1126 475 1412 547 Ἀντιγόνῳ
1437 476 1707 549 παρεδόθη
1738 476 1866 542 ζῶν.
1905 477 1941 530 ’ί

2065 471 2352 546 Hyrcanus
2402 473 2675 546 Antigono
2718 469 2899 529 vivus'
2924 471 3180 528 traditur.
3232 469 3331 527 Hic
3376 470 3643 529 mutilatis

387 559 446 615 δὲ
478 562 716 634 Πάρθοις
751 564 951 619 ἔδωκεν
994 566 1170 635 ἄγειν,
1198 568 1486 639 ἀποτεμὼν
1528 569 1692 624 αὐτοῦ
1720 569 1788 623 τὰ
1827 564 1961 634 ὦτα,

385 653 461 717 ὼς
490 654 687 726 μηκέτι
729 656 954 728 ίερῷτο·
1000 659 1198 732 ᾐδέσθη
1237 662 1346 734 γὰρ
1381 662 1542 716 αὐτὸν
1585 665 1783 716 οἰκεῖον
1825 663 1964 717 ἀπο-

384 749 615 802 κτεῖναι.
655 747 901 822 Ἡρώδης
931 751 987 805 δὲ
1016 752 1285 818 ἐκπεσὼν,
1317 756 1379 807 τὸ
1417 756 1513 826 μὲν
1547 756 1760 828 πρῶτον
1791 756 1964 811 Μαλί-

382 855 464 911 χῳ
494 839 575 908 τῷ
603 840 710 894 τῶν
758 842 1002 914 Ἀράϐων
1032 844 1243 915 βασιλεῖ
1290 848 1652 919 προσφεύγειν
1693 849 1769 913 ὡς
1813 849 1858 903 δ’
1898 849 1958 903 οὐ

381 933 697 1003 προσήκατο
712 935 875 988 αὐτὸν
898 935 1045 1007 φόϐῳ
1060 938 1167 990 τῶν
1184 938 1434 1011 Πάρθων,
1456 943 1536 1004 εἰς
1560 938 1960 1013 Ἀλεξάνδρειαν

379 1024 534 1096 παρά
587 1025 946 1100 Κλεοπάτραν
1000 1030 1259 1100 ἀπῆλθεν,
1311 1028 1419 1085 Ἦν
1468 1032 1770 1103 Ὀλυμπιάς
1815 1040 1954 1106 ρπε¹.

380 1114 708 1187 Κλεοπάτρα
740 1119 831 1173 τὸν
859 1122 1365 1192 συμϐασιλεύσαντα
1406 1125 1543 1196 αὐτῇ
1574 1125 1801 1195 ἀδελφὸν
1821 1128 1959 1181 ἀπο-

378 1208 661 1276 κτείνασα,
699 1211 833 1283 πρὸς
849 1213 1144 1284 ἀπολογίαν
1177 1216 1269 1269 ὑπ’
1294 1217 1576 1269 Ἀντωνίου
1602 1218 1683 1280 είς
1705 1217 1956 1271 Κιλικίαν

378 1300 849 1372 μεταπεμφθεῖσα,
866 1304 964 1375 τὴν
994 1305 1095 1376 τῆς
1126 1308 1301 1379 ἀρχῆς
1327 1307 1955 1381 ὲπιμέλειανὲπέτρεψεν

387 1388 634 1465 Ἡρώδῃ,
682 1394 775 1447 καὶ
826 1395 903 1458 ώς
946 1396 1096 1450 οὐδὲν
1142 1399 1295 1468 ἠξίου
1340 1398 1692 1452 πιστεύεσθαι
1744 1399 1856 1453 ἔστ’
1887 1400 1954 1454 ἂν

375 1484 619 1557 καταχθῇ
664 1487 744 1549 εἰς
784 1485 881 1557 τὴν
927 1489 1122 1542 ἑαυτοῦ
1168 1489 1380 1562 ἀρχὴν,
1418 1490 1614 1561 ἔχουσα
1657 1492 1818 1545 αὐτὸν
1865 1493 1952 1565 ᾔει

372 1575 525 1648 παρά
565 1576 864 1633 Ἀντώνιον.
911 1581 996 1643 Ὡς
1024 1581 1068 1634 δ’
1098 1581 1326 1636 ἑαλώκει
1357 1583 1454 1654 τῆς
1480 1585 1734 1652 γυναικὸς
1766 1585 1949 1658 ἔρωτι,
1977 1631 1984 1637 .

368 1668 459 1721 τὸν
502 1668 745 1741 Ἡρώδην
787 1672 1113 1727 ἀπέστειλαν
1158 1676 1237 1738 εἰς
1281 1673 1499 1747 Ῥώμην
1542 1676 1684 1730 κατά
1728 1678 1819 1730 τὸν
1851 1679 1950 1747 Σετ

369 1752 568 1809 ϐαστὸν
603 1758 930 1839 Ὀκτάουῖον,
958 1761 1018 1825 ὃς
1047 1761 1136 1815 διά
1168 1779 1225 1815 τε
1260 1764 1610 1836 Ἀντίπατρον
1642 1766 1733 1821 τὸν
1776 1768 1951 1839 Ἡρώ-

2065 565 2185 636 ejus
2206 565 2434 620 auribus
2456 580 2524 620 ne
2549 564 2857 621 sacerdotio
2888 562 3210 636 fungeretur
3231 564 3468 634 amplius
3486 561 3643 633 (con-

2063 658 2428 727 sanguineum
2458 657 2604 711 enim
2635 656 2902 728 perimere
2922 656 3129 713 veritus
3157 659 3284 728 est),
3311 653 3640 711 Parthorum

2060 751 2319 821 potestati
2367 750 2641 820 captivum
2701 751 2882 806 tradit.
2940 751 3183 808 Herodes
3227 749 3433 806 amisso
3471 762 3640 819 regno

2059 841 2297 913 primum
2343 840 2561 912 quidem
2613 839 2682 897 ad
2726 840 3018 898 Malichum
3053 842 3297 897 Arabum
3335 839 3635 910 principem

2060 950 2121 990 se
2153 932 2385 998 confert,
2424 948 2455 988 a
2498 947 2608 1003 quo
2648 932 2972 989 Parthorum
3022 945 3171 989 metu
3212 932 3464 1003 repulsus
3507 929 3638 983 Λιθο-

2058 1027 2344 1082 xandriam
2380 1026 2447 1081 ad
2474 1026 2813 1096 Cleopatram
2845 1027 3037 1082 tendit.
3072 1024 3475 1082 Numerahatur
3508 1034 3638 1078 tunc

2056 1119 2334 1192 Olympias
2380 1136 2612 1176 ccxxxv.
2649 1119 2936 1191 Cleopatra
2981 1119 3147 1176 fratre
3183 1118 3338 1191 regni
3380 1126 3638 1172 consorte

2056 1210 2238 1268 occiso
2265 1213 2331 1267 ad
2361 1227 2583 1267 causam
2610 1212 2893 1268 dicendam
2924 1214 2993 1269 ab
3021 1213 3257 1267 Antonio
3285 1213 3339 1266 in
3386 1209 3636 1267 Ciliciam

2059 1313 2268 1366 vocata,
2292 1303 2443 1374 regni
2479 1319 2667 1358 curam
2693 1305 3044 1360 commendat
3086 1303 3310 1371 Herodi,
3341 1302 3436 1373 qui
3471 1302 3540 1357 ab
3566 1316 3638 1357 ea

2053 1390 2193 1450 nihil
2216 1394 2461 1477 obtinuit-
2485 1409 2596 1465 quo
2628 1395 2978 1449 reduceretur
3014 1395 3066 1448 in
3093 1409 3358 1466 regnum:
3400 1407 3467 1447 eo
3497 1392 3634 1448 sub-

2054 1486 2180 1541 inde
2232 1487 2331 1541 viae
2389 1488 2592 1557 comite
2639 1487 2707 1543 ad
2756 1489 3053 1543 Antonium
3108 1487 3494 1558 proficiscitur.
3538 1485 3633 1541 ille

2052 1579 2303 1634 mulieris
2349 1588 2548 1649 captus
2590 1579 2861 1636 illecebris
2915 1579 3188 1637 Herodem
3232 1581 3300 1635 ad
3342 1579 3632 1636 Octavium

2050 1652 2359 1744 Augustum
2386 1672 2616 1727 Romam
2647 1673 2815 1741 misit,
2848 1675 2940 1745 qui
2971 1684 3085 1729 tum
3106 1675 3379 1745 Antipatri
3401 1674 3633 1730 Herodis

2052 1766 2296 1834 parentis
2321 1775 2436 1820 tum
2455 1765 2685 1822 Herodis
2708 1766 2881 1837 ipsius
2902 1783 3134 1832 memor,
3150 1777 3205 1822 et
3227 1768 3374 1838 quod
3395 1768 3632 1839 denique

366 1846 458 1900 δου
500 1850 738 1922 πατέρα,
771 1834 865 1905 καὶ
909 1853 976 1908 δι’
1011 1854 1171 1908 αὐτὸν
1216 1846 1483 1929 Ἡρώδην,
1515 1834 1604 1912 διά
1636 1876 1696 1912 τε
1736 1860 1798 1913 τὸ
1845 1834 1941 1915 iure

2051 1854 2382 1909 Parthorum
2444 1856 2613 1911 armis
2676 1834 2903 1927 regnum
2952 1834 3586 1929 obtineret—Antigonus
3611 1899 3647 1925 ,_

367 1940 600 2014 Πάρθων
632 1946 997 2001 κατεστᾶσθαι
1043 1948 1155 2001 τὸνς
1188 1950 1493 2018 Ἀντίγονον
1531 1950 1777 2022 βασιλέα,
1825 1956 1950 2009 ἐπέ-

362 2035 545 2107 ,στειλε
590 2040 702 2101 τοῖς
742 2040 800 2091 ὲν
851 2040 1182 2114 Παλαιστίνῃ
1227 2042 1319 2097 καὶ
1370 2044 1539 2116 Συρίᾳ
1589 2052 1945 2118 στρατηγοῖς,

367 2126 627 2195 κατάγειν
680 2130 841 2185 αὐτὸν
896 2133 988 2214 ἐπὶ
1039 2135 1139 2205 τὴν
1189 2136 1385 2208 ἀρχήν.
1437 2138 1547 2192 Καὶ
1598 2139 1714 2210 ἅμα
1759 2142 1947 2214 Σωσίῳ

362 2215 676 2292 διεπολέμει
707 2224 841 2296 πρὸς
883 2226 973 2280 τὸν
1032 2227 1333 2298 Ἀντίγονον
1385 2232 1561 2304 χρόνῳ
1606 2232 1817 2304 πολλῷ,
1852 2234 1947 2289 καί⁵

254 2384 255 2387 η
363 2313 645 2379 παντοίαις
675 2316 897 2388 μάχαις.
927 2319 1060 2373 Τότε
1085 2323 1179 2375 καὶ
1217 2322 1477 2393 Ἰώσηπος
1504 2324 1730 2394 ἀδελφὸς
1774 2325 1948 2398 Ἡρὼ-

361 2401 452 2458 δου
482 2405 817 2481 ἀποθνήσκει
851 2397 1191 2485 στρατηγῶν.
1223 2415 1462 2488 Ἡρώδου
1484 2417 1541 2471 δὲ
1575 2419 1712 2492 πρὸς
1745 2397 1943 2477 Ἀντὼ-

360 2518 476 2555 νιον
508 2502 753 2575 ἐλθόντος
788 2505 1013 2578 (66).....

419 2594 504 2674 _B’.
553 2597 692 2670 Τρία
724 2597 819 2671 ἔτη
854 2601 1159 2672 Ἀντίγόνον
1185 2596 1605 2680 ἐπολιόρκησαν,
1641 2610 1736 2665 καὶ
1764 2609 1942 2676 ζῶντα

355 2685 703 2758 ἀπεκόμισαν
739 2689 1021 2763 Ἀντωνίῳ.
1059 2696 1338 2762 Ἀντώνιος
1361 2700 1417 2753 δὲ
1453 2700 1696 2774 Ἡρώδην
1727 2704 1824 2775 μὲν
1848 2705 1975 2759 καὶ·

356 2778 520 2869 αὐτὸς
544 2778 882 2852 ἀνηγόρευσε
928 2784 1153 2854 βασιλέα
1182 2808 1208 2858 '_
1230 2792 1536 2865 προσέθηκε
1568 2795 1625 2849 δὲ
1658 2796 1808 2869 αὑτῷ
1837 2799 1938 2852 πό-
1971 2804 1989 2824 ’

357 2867 472 2933 λεις
503 2872 733 2938 Ἵππον,
760 2875 973 2950 Γάδαρα
995 2919 1009 2941 ,
1058 2881 1237 2945 Γάζαν
1256 2925 1272 2948 ,
1330 2885 1584 2958 Ἰόππην,
1629 2890 1936 2961 Ἀνθηδόνα,

488 2965 591 3060 τῆς,
628 2967 885 3037 Ἀραϐίας
920 2972 1113 3044 μέρος,
1150 2975 1240 3029 τόν
1275 2994 1333 3030 τε
1367 2978 1653 3051 Τράχωνα,
1701 2985 1795 3037 καὶ
1837 2988 1938 3060 τὴν

370 3056 701 3129 Ἀϐρανίτιν,
725 3062 819 3115 καὶ
846 3064 1067 3130 Σακίαν,
1102 3070 1204 3152 καὶ
1230 3071 1269 3123 Γ
1273 3072 1528 3147 αϐλάνην.
1568 3076 1709 3149 Πρὸς
1747 3079 1804 3133 δὲ
1842 3056 1937 3136 καὶ

2051 1946 2193 2003 datis
2229 1949 2296 2002 ad
2330 1944 2502 2020 Syriae
2532 1947 2947 2020 Pal-testiumque
2968 1950 3137 2006 duces
3167 1950 3385 2018 litteris,
3424 1958 3484 2005 ut
3522 1950 3630 2005 He-

2051 2041 2238 2096 rodem
2270 2042 2323 2097 in
2353 2059 2580 2113 regnum
2605 2053 2895 2115 reponant,
2938 2045 3179 2102 mandat.
3222 2044 3433 2102 Exinde
3468 2044 3633 2101 Sosio

2045 2132 2273 2203 junctus
2305 2133 2570 2206 Herodes,
2595 2138 2764 2193 variis
2791 2139 2991 2208 praeliis
3022 2154 3088 2195 ac
3110 2155 3219 2195 non
3256 2141 3458 2211 exiguo
3490 2149 3629 2194 tem-
3734 2146 3737 2150 '

2048 2231 2200 2301 poris
2244 2231 2557 2298 intervallo,
2600 2247 2728 2287 cum
2769 2233 3045 2304 Antigono
3088 2232 3257 2288 armis
3291 2233 3631 2289 decertabat.

2046 2322 2151 2379 Per
2201 2324 2256 2378 id
2322 2307 2551 2395 tempus,
2588 2325 2861 2398 Josephus
2893 2326 3124 2382 Herodis
3176 2326 3344 2383 frater
3395 2343 3627 2383 unuse

2048 2417 2332 2489 copiarum
2378 2403 2698 2476 ductoribus
2743 2420 3019 2476 occumbit
3055 2419 3111 2474 in
3154 2419 3359 2491 praelio.
3409 2405 3631 2476 Herode

2046 2513 2114 2568 ad
2143 2511 2443 2568 Antonium
2474 2512 2834 2584 profecto.....

2114 2605 2177 2662 ll.
2214 2605 2409 2661 Annos
2450 2615 2563 2662 tres
2608 2607 2952 2662 obsidionem
2999 2614 3418 2677 protraxerunt,
3458 2614 3525 2662 et»
3552 2604 3622 2661 ad

2043 2700 2343 2777 Antonium
2360 2699 2580 2754 demum
2604 2700 2880 2756 deduxere
2902 2701 3084 2754 vivum
3110 2700 3468 2771 Antigonum.
3504 2699 3621 2753 An-

2046 2794 2231 2849 tonius
2255 2795 2371 2862 ipse
2398 2791 2669 2848 Herodem
2701 2792 3036 2853 renuntiavit
3070 2808 3276 2863 regem,
3307 2807 3373 2847 ac
3399 2793 3621 2861 insuper

2044 2886 2210 2940 urbes
2257 2884 2395 2951 alias
2461 2882 2849 2954 gubernandas
2900 2881 3289 2946 demandavit,
3347 2878 3619 2950 Hippum,

2041 2974 2278 3042 Gadara,
2304 2974 2543 3041 Gazam,
2584 2972 2829 3045 Joppeu,
2869 2973 3272 3039 Anthedonem,
3312 2985 3368 3028 et
3407 2972 3623 3029 Arabiae

2040 3072 2285 3133 partem,
2348 3060 2731 3137 Trachqnitim
2788 3072 2843 3118 et
2898 3059 3245 3130 Auranitim,
3297 3061 3515 3119 Saciam
3564 3072 3622 3119 et

468 3152 664 3223 Συρίας
679 3158 977 3232 ἐπιτροπὴν
994 3151 1236 3234 Ἡρώδης
1255 3165 1386 3238 (66⁸)
1404 3168 1506 3221 ὑπὸ
1522 3171 1619 3242 τῆς
1636 3174 1937 3246 συγκλήτου

2043 3154 2691 3226 Gaulanem,-ipsamque
2726 3167 3004 3226 postremo
3055 3155 3271 3228 Syriam
3311 3170 3618 3226 procuran—

351 3244 446 3299 ml.
508 3246 821 3303 Ὀκταουΐου
878 3252 973 3306 τοῦ
1030 3255 1299 3311 Σεϐαστοῦ
1347 3259 1603 3330 βασιλεὺς
1668 3244 1935 3321 Ἰουδαίων

349 3338 715 3413 ἀνηγορεύθη,
753 3344 848 3397 καὶ
878 3345 1223 3403 ἐϐασίλευσεν
1262 3350 1357 3423 ἐτη
1390 3352 1481 3409 λδ’.
1528 3356 1810 3423 Ἀντώνιος
1840 3362 1935 3414 ἐπὶ
1982 3388 1986 3393 ·

349 3429 602 3502 Πάρθους
627 3435 943 3506 στρατεύειν
969 3439 1180 3509 μέλλων
1212 3444 1514 3515 Ἀντίγονον
1543 3449 1633 3503 τὸν
1668 3452 1934 3507 Ἰουδαίων

346 3523 636 3608 ἀπέκτεινε
671 3526 930 3597 βασιλέα,
979 3534 1073 3586 καὶ
1116 3536 1373 3608 Ἀραϐίαν
1404 3540 1728 3616 Κλεοπάτρᾳ
1765 3548 1936 3617 παρέ-

345 3615 511 3681 δωκε,
533 3617 725 3684 διαϐάς
753 3638 814 3675 τε
848 3623 943 3677 ἐπὶ
994 3626 1263 3698 Πάρθους,
1295 3630 1522 3688 ἔπταισε
1571 3615 1821 3707 μεγάλως
1852 3615 1932 3693 -τὺ

347 3707 600 3763 πλεῖστον
645 3712 936 3769 ἀποϐαλὼν
998 3717 1093 3771 τοῦ
1155 3723 1407 3795 στρατοῦ.
1451 3721 1560 3780 Ἦν
1627 3728 1931 3800 Ὀλυμπιάς

347 3809 497 3873 ρπς’.
542 3803 598 3857 ’θ
620 3805 909 3873 Σεϐαστὸς,
962 3810 1271 3880 Ὀκτάοιῖος
1320 3818 1418 3890 τὴν
1447 3817 1507 3885 ἐξ
1559 3821 1788 3887 Ἰταλίας
1835 3826 1930 3879 καὶ

344 3894 525 3989 πάσης
543 3898 810 3971 Ἐστέρας
826 3901 1054 3975 δύναμιν
1085 3909 1170 3959 ἐπ’
1213 3910 1496 3967 Ἀντώνιον
1540 3910 1695 3986 ἦγεν,
1723 3918 1783 3970 οὐ
1809 3919 1930 3989 βου-

342 3986 565 4082 λόμενον
596 3993 674 4082 εἰς
716 3992 934 4068 Ῥώμην
965 4000 1300 4068 ἐπανελθεῖν,
1333 4003 1442 4059 δέει
1468 4005 1578 4061 τῶν
1598 4010 1666 4062 έν
1691 3986 1928 4082 Πάρθοις

341 4079 754 4151 ὲπταισμένων,
788 4086 884 4139 καὶ
915 4089 1274 4167 Κλεοπάτρας
1305 4094 1502 4165 σέρωτι.
1555 4079 1837 4166 Ἀντώνιος
1867 4103 1927 4156 δὲ

337 4170 511 4242 αὐτὴν
544 4174 609 4226 ἐκ
642 4174 745 4245 τῆς
798 4176 982 4240 Ἀσίας
1027 4179 1452 4254 ἔχωνπδύναμιν,
1488 4186 1814 4262 ὑπήντησεν.
1867 4192 1926 4247 Ὁ

336 4264 394 4319 δὲ
430 4265 678 4340 Ἡρώδης
707 4262 796 4322 οἷα
822 4271 1014 4339 δεινὸς,
1045 4274 1139 4328 καὶ
1168 4274 1279 4330 τῶν
1327 4276 1619 4347 ἰσχυόντων
1649 4281 1922 4353 θεραπευ-

336 4362 457 4435 τὴς,
485 4363 681 4428 διπλᾶς
727 4364 1036 4439 ἐξέπεμψεν
1066 4366 1354 4432 ἐπιστολὰς
1391 4368 1489 4422 καὶ
1522 4370 1614 4441 νηῒ
1643 4372 1735 4427 τὸν
1759 4390 1926 4447 στρα-

333 4455 462 4520 τὸν,
513 4457 891 4529 ἐντειλάμενος
937 4461 1048 4523 τοῖς
1110 4459 1431 4530 ἡγουμένοις
1485 4463 1803 4518 καταδοκεῖν
1852 4466 1923 4523 τά

2040 3246 2166 3302 dam
2189 3247 2494 3314 commisit;
2519 3245 2760 3303 Herodes
2787 3263 2817 3301 a
2848 3256 3041 3302 senatu
3066 3256 3120 3302 et
3137 3246 3353 3303 octavio
3373 3246 3621 3319 Augusto

2038 3352 2138 3392 rex
2190 3337 2500 3393 declaratus
2555 3337 2716 3392 annis
2768 3336 2991 3409 triginta
3051 3347 3288 3409 quatuor
3347 3338 3647 3408 regnavit,

2035 3431 2312 3487 Antonius
2346 3431 2403 3485 in
2433 3430 2667 3487 Parthos
2709 3432 3054 3502 expeditione
3088 3439 3372 3503 suscepta,
3401 3430 3620 3488 Iudaeo-

2035 3539 2161 3578 rum
2191 3538 2376 3595 regem
2394 3523 2731 3595 Antigonum
2764 3523 3059 3590 interfecit,
3084 3534 3138 3580 et
3167 3525 3425 3581 Arabiam
3451 3525 3616 3581 Cleo-

2034 3625 2205 3686 patrae
2263 3610 2708 3684 commendavit;
2771 3625 2826 3672 et
2876 3617 2930 3670 in
3000 3615 3231 3673 Parthos
3288 3631 3615 3688 progressus

2034 3709 2309 3766 exercitus
2340 3719 2494 3780 parte
2531 3711 2756 3777 amissa,
2795 3726 2904 3766 non
2946 3711 3136 3766 leviter
3171 3726 3430 3781 peccasse
3460 3726 3614 3766 com-

2031 3812 2222 3872 pertus
2244 3800 2494 3858 est.Erat
2524 3812 2651 3859 tunc
2683 3802 2962 3875 Olympias
2984 3817 3239 3857 ccxxxvr.
3258 3800 3499 3858 Cunctas
3544 3818 3613 3858 ex

2032 3891 2185 3949 ltalia
2213 3893 2570 3964 occiduisque
2596 3893 3126 3965 regionibus'cOpias
3158 3902 3472 3951 contractas
3495 3896 3613 3949 Au-

2030 3994 2222 4056 gustus
2253 3981 2517 4040 Octavius
2548 3986 2737 4041 eduxit
2782 3987 2836 4041 in
2883 3985 3180 4040 Antonium
3222 3995 3368 4041 metu
3406 3983 3617 4050 delicti,

2028 4077 2160 4131 dum
2189 4077 2244 4131 in
2273 4075 2508 4133 Parthos
2529 4078 2894 4147 praeliaretur,
2921 4078 3174 4141 admissi,
3212 4087 3268 4130 et
3306 4076 3615 4146 Cleopatrae

2027 4168 2302 4226 illecebris
2331 4168 2635 4235 detentum,
2664 4185 2729 4225 ac
2775 4169 3005 4223 Romam
3046 4183 3105 4224 se
3142 4166 3391 4231 conferre
3423 4168 3608 4224 detre-

2026 4272 2303 4332 ctantem;
2356 4264 2445 4320 cui
2497 4262 2741 4318 collectis
2790 4261 3047 4318 Asiaticis
3097 4262 3306 4318 viribus
3334 4261 3608 4320 Antonius

2027 4353 2246 4409 obviam
2274 4353 2553 4425 profectus
2578 4359 2684 4407 est.
2721 4349 2964 4409 Herodes
3009 4368 3178 4424 porro
3215 4353 3364 4410 velut
3403 4355 3607 4416 astutia

2025 4446 2259 4519 pollens,
2283 4464 2356 4504 ac
2387 4448 2757 4517 potentiorum
2793 4447 3055 4518 obsequio
3089 4447 3267 4504 addici
3308 4457 3608 4525 consuetus

335 4544 743 4621 ἀποϐησόμενα.
793 4550 880 4615 Ὠς
914 4551 974 4605 δὲ
1011 4552 1204 4626 ἐκρίθη
1247 4569 1308 4606 τε
1353 4554 1386 4625 ή
1433 4540 1592 4627 νίκη,
1650 4556 1745 4610 καὶ
1797 4557 1919 4614 δυσὶ

2039 4542 2169 4598 latis
2196 4543 2441 4613 epistolis
2474 4540 2809 4614 duplicibus,
2840 4554 2894 4600 et
2922 4544 3228 4600 auxiliariis
3257 4544 3432 4614 copiis
3463 4558 3604 4598 mari

337 4641 677 4713 συμμαχίαις
725 4643 980 4715 ἡττηθεὶς
1007 4647 1036 4698 ὁ
1086 4645 1369 4712 Ἀντώνιος
1400 4648 1600 4718 ἔφυγεν
1641 4653 1721 4716 είς
1752 4652 1917 4722 Δίγυ-

334 4750 488 4799 πτον,
507 4734 623 4806 ἅμα
640 4737 707 4808 τῇ
732 4735 1147 4810 Κλεοπάτρᾳ,ὀί
1165 4739 1483 4811 κομίζοντες
1507 4743 1794 4800 ἀπέδωκαν
1817 4747 1919 4811 τάς

333 4825 472 4897 πρὸς
515 4825 608 4879 τὸν
660 4828 929 4882 Σεϐαστὸν
979 4830 1295 4897 ἐπιστολὰς,
1349 4832 1416 4897 ἃς
1448 4835 1586 4908 πρὸς
1636 4835 1919 4892 ’Λντώνιον

332 4915 479 4990 εἶχον
517 4920 953 4993 ἀποκρύψαντες.
996 4924 1308 4980 Ἐπιπίπτει
1339 4928 1397 4980 δὲ
1445 4927 1913 5002 Ἥρώδῃ(67).....

2027 4630 2394 4697 transmissis,
2423 4632 2594 4709 duces
2644 4642 2706 4689 ut
2736 4633 2889 4704 prius
2931 4643 3189 4689 eventum
3240 4633 3404 4699 belli,
3434 4648 3604 4704 quam

2022 4722 2401 4794 conﬂigerent,
2432 4726 2904 4795 praestolarentur,
2943 4726 3249 4782 admonuit.
3276 4727 3602 4796 Adjudicata
3663 4788 3674 4804 ο

2026 4815 2277 4903 Augusto
2302 4818 2532 4874 victoria
2553 4821 2822 4876 Antonius
2849 4821 3053 4890 praeliis
3079 4821 3297 4876 duobus
3329 4819 3508 4886 fusus,
3543 4821 3601 4874 in

2027 4907 2324 4980 Egyptum
2345 4909 2562 4982 fugiens
2578 4927 2702 4967 cum
2720 4911 3011 4981 Cleopatra
3038 4925 3294 4966 reversus
3313 4920 3417 4967 est.
3446 4910 3604 4966 Tunc

331 5018 651 5084 occultatas,
670 5033 792 5088 quae
807 5017 874 5073 ad
890 5019 1211 5086 Antonium,
1234 5021 1443 5077 litteras
1458 5024 1522 5078 ad
1539 5025 1847 5095 Augustum
1866 5025 2067 5083 missas
2077 5026 2173 5097 qui
2190 5025 2506 5081 deferebant
2521 5027 2688 5082 duces
2704 5026 3002 5082 reddidere.
3024 5024 3594 5096 ImpetitIHerodem...

401 5115 474 5168 1".
513 5113 839 5185 Κλεοπάτρα
871 5116 930 5167 ὲν
976 5114 1053 5187 τῷ
1088 5117 1381 5188 μεσαιολίῳ
1412 5118 1521 5191 (68)
1561 5120 1759 5192 ἑαυτὴν
1807 5122 1914 5175 διε-

328 5207 570 5279 χρήσατο
598 5206 786 5260 ἀσπίδι
815 5207 894 5279 τῷ
925 5207 1099 5282 θηρίῳ
1141 5210 1261 5264 καθ’
1288 5213 1490 5285 ἑαυτῆς
1525 5214 1675 5286 ὅπλῳ
1705 5232 1912 5288 χρησα-

401 5338 515 5410 (66}
554 5341 952 5411 Ἐλθόντος....
986 5344 1196 5401 Desunt
1226 5349 1507 5404 nonnulla.
1537 5347 1708 5405 Com.

398 5412 534 5481 (66')
552 5411 823 5486 Interpres
839 5416 996 5469 aliter
1011 5417 1316 5486 distinguit,
1337 5435 1530 5477 nemne
1545 5420 1912 5477 εἰο...ῐ“α6λά-

326 5496 456 5562 v'rpg1
464 5490 620 5562 προς
627 5483 688 5562 δέ
695 5485 789 5562 καὶ
812 5502 862 5538 τ.
882 5486 939 5562 ξ.
961 5483 1286 5562 ἐπιτροπήν.
1319 5489 1584 5562 Ἡρώδης.
1608 5489 1709 5547 En.
1737 5490 1911 5549 Pun.

899 5553 1360 5635 Locus'mtit'ilus.
1389 5553 1467 5635 in.

400 5624 512 5693 (68)
545 5626 652 5701 Δ’ίῐίνυ
691 5624 774 5692 τῷ
793 5629 1165 5701 nequedum:
1181 5628 1308 5684 Trin
1346 5633 1908 5701 verbaprtecedentia

329 5692 384 5747 in
409 5692 692 5775 omnibus
707 5692 844 5775 mss.
881 5692 1379 5775 legendaﬁcaliger
1416 5692 1678 5775 exp'tg'ngit
1726 5720 1782 5775 p.
1813 5704 1904 5772 60,

326 5763 647 5837 scribitque,
671 5763 1049 5837 Μαισαιόλὶον,
1073 5770 1165 5827 ubi
1200 5763 1312 5830 illav
1328 5763 1650 5828 Μεσαὶόλιόν
1695 5763 1903 5848 legunt,

2092 5121 2183 5177 Ill.
2213 5122 2516 5195 Sepulcrali
2542 5123 2832 5180 Mausolum
2865 5123 3076 5179 inclusa
3095 5124 3379 5195 Cleopatra
3409 5127 3599 5196 aspide

2020 5213 2139 5270 fera
2168 5223 2435 5285 tanquam
2469 5215 2666 5271 mortis
2711 5215 2821 5270 telo
2863 5230 2965 5270 usa
2998 5230 3059 5271 se
3108 5216 3283 5285 ipsam
3333 5216 3592 5277 confecit.

2018 5352 2376 5428 substituens
2399 5353 2733 5428 διεχρήσατο
2754 5392 2770 5417 ,
2798 5352 2919 5408 vice
2967 5350 3362 5428 5é__éxpﬁca10,
3387 5356 3597 5428 ubique

2020 5431 2259 5506 reperto.
2289 5422 2420 5506 Hihi
2448 5422 2695 5506 prieSens
2719 5424 2874 5506 locus
2896 5422 3135 5506 ‘mutilus
3162 5422 3266 5506 est,
3280 5428 3408 5506 etin
3436 5422 3595 5506 eode

2021 5491 2244 5549 Aetiaca
2270 5491 2501 5549 victoria
2532 5495 2736 5548 mentio
2759 5491 3104 5548 desideratur
3129 5512 3143 5550 :
3165 5503 3220 5550 et
3245 5496 3306 5549 τὸ
3327 5499 3595 5554 Μαισαιό-

2022 5563 2135 5618 λιον
2154 5565 2219 5638 _in
2239 5564 2616 5638 gblqucmluiov
2650 5570 3039 5619 commutatur.
3066 5563 3357 5638 Cleopatra
3389 5568 3595 5638 quippe

2015 5635 2274 5707 sepulcri,
2299 5634 2579 5689 Mausolazi
2610 5649 3005 5707 nonnunquam
3036 5637 3107 5691 ob
3144 5634 3364 5707 fabricae
3387 5634 3588 5707 molem
3659 5699 3666 5707 ι

2012 5706 2192 5762 vocati
2219 5745 2234 5772 ,
2300 5707 2485 5762 clausa
2536 5704 2793 5774 praesidio
2834 5706 3070 5777 seipsam
3121 5705 3373 5765 confecit.
3404 5706 3580 5769 Cous.
