4074 6452
360 418 430 478 89
1233 418 1400 488 QUAE
1441 413 1853 476 SUPERSUNT
1893 412 1982 468 EX
2022 412 2247 469 LIBRIS
2282 411 2681 469 CHRONOGR.
3545 411 3617 468 90

361 536 670 611 θεραπειῶν
702 540 986 612 σωμάτων,
1016 542 1109 595 καὶ
1145 541 1352 614 ψυχῶν,
1388 542 1482 596 καὶ
1515 540 1624 594 τῶν
1654 540 1751 610 τῆς
1793 538 1914 608 γνώ-

2039 551 2269 607 rumque
2290 534 2627 601 curationes,
2650 531 3058 603 praedicationis
3082 530 3616 601 resurrectionisque

360 646 501 695 σεως
529 632 900 704 άποκρύφων,
934 635 1283 699 ἀναστάσεως
1326 652 1385 687 τε
1433 635 1530 705 τῆς
1575 638 1639 688 ὲκ
1685 633 1893 705 νεκρῶν
1919 672 1932 696 ,
1974 652 1980 658 η

359 722 776 795 αὐταρκέστατα
806 727 919 788 τοῖς
951 723 1057 797 πρὸ
1080 724 1235 797 ήμῶν
1270 726 1538 797 μαθηταῖς
1578 743 1639 780 τε
1672 726 1767 780 καὶ
1798 726 1935 778 ἁπο-

359 814 568 880 στόλοις
580 815 747 871 αὑτοῦ
787 817 1101 891 δεδήλωται.
1128 819 1371 874 Καθόλου
1404 820 1495 874 τοῦ
1517 820 1720 890 κόσμου
1738 819 1934 882 σκότος

356 907 608 976 ἐπείγετο
636 908 1042 981 φοϐερώτατον
1080 911 1288 983 σεισμῷ
1306 912 1364 966 δὲ
1403 914 1458 966 αί
1491 913 1689 984 πέτραι
1718 912 1936 984 διερρή-

355 1015 569 1068 γνυντο,
601 1000 695 1054 καὶ
725 1002 793 1055 τὰ
826 1001 994 1056 πολλὰ
1028 1004 1126 1074 τῆς
1167 1004 1445 1067 Ἰουδαίας,
1479 1003 1573 1057 καὶ
1605 1004 1705 1075 τῆς
1740 1002 1933 1071 λοιπῆς

355 1091 458 1162 γῆς
486 1091 814 1164 κατεῤῥίφη.
850 1092 1021 1147 Τοῦτο
1051 1093 1111 1147 τὸ
1145 1096 1335 1158 σκότος
1374 1094 1613 1164 ἔκλειψιν
1650 1091 1745 1147 τοῦ
1779 1092 1929 1163 ἡλίου

354 1181 558 1247 Θάλλος
588 1184 856 1237 ἀποκαλεῖ
881 1187 940 1239 ὲν
971 1185 1128 1261 τρίτῃ
1168 1186 1279 1240 τῶν
1325 1185 1644 1254 Ἰστοριῶν,
1687 1185 1763 1249 ὡς
1806 1184 1931 1256 ,ἐμοὶ⁹

352 1275 525 1341 δοκεῖ,
554 1276 784 1347 ἀλόγως.
830 1278 1069 1350 Ἑϐραῖοι
1101 1279 1208 1351 γὰρ
1249 1280 1441 1348 ἄγουσι
1473 1262 1533 1333 τί)
1564 1280 1760 1350 Πάσχα
1788 1277 1930 1332 κατά

355 1366 588 1440 σελήνην
616 1368 839 1441 ιδ’,πρὸ
883 1370 941 1424 δὲ
992 1372 1121 1441 μιᾶς
1177 1370 1272 1424 τοῦ
1325 1371 1515 1442 Πάσχα
1562 1370 1634 1425 τά
1669 1372 1798 1442 περὶ
1838 1371 1931 1424 τὸν

352 1458 583 1531 Σωτῆρα
614 1459 936 1531 συμϐαίνει·
970 1461 1211 1533 ἔκλειψις
1230 1463 1298 1517 ’δὲ
1326 1463 1479 1535 ἡλίου
1515 1461 1744 1536 σελήνης
1769 1462 1931 1516 ὑπελ-

322 1549 551 1623 ,θούσης
594 1552 688 1606 τὸν
727 1552 879 1624 ἥλιον
937 1553 1164 1622 γίνεται.
1233 1554 1515 1609 Ἀδύνατον
1561 1554 1619 1608 δὲ
1668 1556 1728 1609 ὲν
1782 1554 1927 1626 ἄλλῳ

350 1644 547 1716 χρόνῳ,
582 1643 719 1715 πλὴν
749 1645 806 1698 ἐν
838 1643 917 1716 τῷ
952 1645 1156 1716 μεταξὺ
1186 1648 1315 1717 μιᾶς
1346 1646 1440 1700 καὶ
1470 1646 1569 1719 τῆς
1600 1648 1707 1720 πρὸ
1731 1648 1923 1719 αὐτῆς,

350 1735 491 1791 κατὰ
524 1737 622 1807 τὴν
648 1736 864 1791 σύνοδον
891 1737 1060 1810 αὐτὴν
1088 1738 1384 1810 ἀποϐῆναι·
1416 1739 1533 1804 πῶς
1562 1735 1655 1794 οὖν
1685 1739 1924 1810 ἔκλειψις

348 1830 627 1902 νομισθείη
676 1832 816 1885 κατά
863 1830 1150 1904 διάμετρον
1194 1833 1379 1904 σχεδὸν
1426 1833 1774 1905 ὑπαρχούσης
1824 1834 1924 1905 τῆς

349 1921 578 1992 σελήνης
602 1921 768 1994 ήλίῳ;
800 1923 981 1977 Ἔστω
1009 1924 1095 1995 δὴ,
1125 1923 1513 1998 συναρπαζέτω
1542 1927 1671 1990 τοὺς
1702 1925 1926 1991 πολλοὺς

346 2014 407 2067 τὸ
463 2016 826 2087 γεγενημένον
856 2057 870 2082 ,
948 2018 1044 2071 καὶ
1119 2019 1181 2072 τὸ
1245 2020 1505 2090 κοσμικὲν
1561 2020 1728 2093 τέρας
1750 2002 1922 2099 ίτήλίου

345 2105 587 2176 ἔκλειψις
630 2107 962 2163 ὑπονοείσθω
1007 2109 1067 2164 ἓν
1110 2128 1160 2164 τι
1193 2112 1335 2166 κατὰ
1366 2111 1463 2183 τὴν
1510 2112 1651 2182 ὄψιν.
1706 2113 1923 2182 Φλέγων

347 2200 549 2273 ἱστορεῖ
576 2201 669 2255 ἐπὶ
701 2201 953 2274 Τιϐερίου
984 2204 1261 2276 Καίσαρος
1296 2206 1354 2259 ὲν
1395 2207 1716 2279 πανσελήνῳ
1747 2206 1924 2260 ἐκλει-

342 2282 438 2361 etv
468 2291 619 2363 ήλίου
655 2295 934 2363 γεγονέναι
963 2296 1171 2351 τελείαν
1198 2298 1305 2352 ἀπὸ
1338 2300 1484 2371 ὥρας
1515 2299 1700 2371 ἕκτης,
1730 2300 1923 2372 μέχρις

344 2384 570 2457 ὲννάτης
587 2403 610 2427 ἰ
636 2387 791 2458 δῆλον
817 2388 892 2452 ὡς
918 2389 1141 2460 ταύτην.
1161 2390 1258 2455 Τίς
1282 2390 1327 2445 δ’
1354 2393 1387 2463 ή
1408 2393 1660 2446 κοινωνία
1689 2392 1917 2464 σεισμῷ,

344 2475 439 2528 καὶ
471 2476 741 2548 ἐκλείψει,
775 2480 1002 2553 πέτραις
1023 2466 1434 2553 ⁵ῥηγνυμέναις,
1482 2484 1577 2538 καὶ
1626 2484 1920 2539 ἀναστάσει

342 2568 584 2641 νεκρῶν,
618 2571 853 2643 τοσαύτῃ
893 2590 951 2626 τε
994 2576 1206 2645 κινήσει
1247 2580 1516 2648 κοσμικῇ;
1566 2578 1653 2631 Ἐν
1679 2577 1810 2646 γοῦν
1841 2577 1919 2649 τῷ

343 2660 539 2732 μακρῷ
569 2661 746 2733 χρόνῳ
770 2663 1011 2717 τοιοῦτόν
1038 2683 1090 2717 τι
1123 2665 1335 2737 συμϐὰν
1377 2669 1436 2720 ού
1482 2668 1914 2740 μνημονεύεται·

338 2750 455 2805 ἀλλ’
480 2748 549 2822 ἦν
581 2753 771 2816 σκότος
803 2754 1144 2831 θεοποίητον,
1188 2757 1320 2811 διότι
1347 2758 1440 2811 τὸν
1473 2759 1674 2830 Κύριον
1716 2761 1913 2834 συνέϐη

292 2881 301 2889 .
342 2841 567 2897 παθεῖν·
608 2846 703 2898 καὶ
737 2844 895 2914 λόγος
926 2848 1073 2919 αἱρεῖ
1098 2849 1179 2901 ὅτι
1220 2849 1590 2921 ἑϐδομήκοντα
1623 2846 1915 2925 ἑϐδομάδὲς

264 3000 278 3012 ⁸
341 2930 424 2999 ἑίς
447 2936 634 2990 τοῦτον
661 2938 1039 3009 συναιροῦνται
1072 2941 1162 2996 τὸν
1192 2942 1382 3013 χρόνον
1416 2944 1473 2997 ἐν
1511 2943 1588 3016 τῷ
1622 2944 1837 3019 Δανιήλ.

2038 647 2069 685 a
2095 629 2330 684 mortuis
2361 627 2643 684 recondita
2670 642 2902 697 quaeque
2926 634 3134 683 secreta
3166 625 3450 696 discipulis
3482 642 3617 697 apo-

2036 723 2302 792 stolisque
2331 722 2481 777 illius
2514 719 2675 775 nobis
2699 721 3108 791 antiquioribus
3130 720 3265 776 satis
3299 720 3608 779 innotuere.

2037 815 2339 871 Horribiles
2373 815 2611 870 tenebrae
2640 813 2758 867 orbi
2794 814 3051 869 universo
3077 813 3415 878 incubuere;
3444 821 3612 883 petrae

2032 919 2196 964 terrae
2224 916 2378 963 motu
2422 908 2689 971 discissae,
2722 906 2990 977 pluraque
3019 921 3117 977 per
3144 904 3388 961 Judaeam
3427 914 3482 961 et
3526 922 3613 964 re-

2032 1001 2226 1070 giones
2258 999 2501 1069 reliquas
2533 998 2678 1054 sedes
2697 998 2754 1053 in
2790 999 2967 1054 solum
2990 997 3216 1068 deiectae
3248 1005 3397 1053 sunt.
3433 996 3609 1053 Tene-

2033 1094 2160 1148 bras
2199 1091 2517 1161 hujusmodi
2551 1091 2684 1146 solis
2717 1089 2989 1146 defectum
3023 1097 3184 1145 vocat
3229 1087 3458 1146 Thallus
3504 1089 3611 1144 Hi-

2030 1187 2323 1241 storiarum
2364 1186 2504 1240 libro
2538 1185 2721 1251 tertio,
2755 1192 2811 1239 et
2842 1199 2931 1239 me
2962 1183 3182 1253 quidem
3212 1183 3419 1253 judice,
3453 1185 3607 1239 nullo

2031 1277 2412 1332 fundamento.
2460 1274 2672 1330 Hebraei
2712 1275 2914 1347 quippe
2944 1275 3074 1330 luna
3108 1276 3175 1331 M
3208 1274 3420 1332 Pascha
3464 1276 3605 1333 cele-

2029 1370 2210 1426 brant.
2235 1371 2306 1423 At
2345 1377 2492 1424 certe
2522 1367 2846 1424 Paschalem
2898 1369 3302 1424 solemnitatem
3338 1369 3427 1424 die
3467 1385 3607 1440 prte-

2027 1470 2191 1515 eunte
2215 1475 2340 1530 qua:
2370 1460 2682 1529 passionem
2718 1469 2968 1530 spectant
2996 1476 3026 1515 a
3062 1459 3344 1516 Salvatore
3374 1462 3603 1517 tolerata

2028 1553 2233 1609 fuere:
2291 1553 2427 1610 solis
2486 1569 2619 1609 vero
2673 1552 2919 1610 defectus
2972 1553 3192 1609 nonnisi
3247 1554 3377 1609 luna
3429 1555 3601 1610 solem

2029 1646 2297 1701 subeunte
2327 1645 2591 1702 cernitur.
2624 1643 2827 1701 Verum
2883 1661 3007 1701 cum
3034 1663 3136 1701 non
3182 1647 3292 1701 alio
3340 1625 3600 1718 temporis

2028 1747 2307 1794 momento
2338 1748 2707 1809 praeterquam
2735 1754 2802 1795 eo
2832 1738 2979 1809 quod
3031 1740 3173 1795 lunae
3212 1740 3413 1796 veteris
3453 1740 3598 1797 diem

2028 1833 2284 1888 ultimum
2330 1841 2386 1888 et
2413 1834 2743 1888 renovanda:
2788 1834 3026 1903 primum
3061 1834 3347 1906 contingit,
3387 1836 3442 1890 in
3478 1836 3600 1907 ipso

1955 1911 1999 1968 Β
2029 1924 2287 1979 nimirum
2320 1924 2611 1996 utriusque
2645 1926 2842 1982 sideris
2881 1941 3181 1996 congressu
3221 1927 3464 1997 eclipsim
3510 1930 3599 1983 in-

2024 2033 2222 2090 gruere
2248 2016 2636 2084 observemus;
2658 2032 2765 2086 qua
2800 2016 3011 2071 ratione
3037 2016 3349 2073 censebitur
3378 2016 3600 2087 eclipsis

2026 2110 2142 2166 sole
2188 2109 2496 2180 oppositam
2543 2109 2687 2164 lunae
2732 2108 2857 2164 cceli
2899 2117 3111 2179 partem
3162 2108 3422 2163 tenente?
3468 2107 3601 2166 Esto

2025 2211 2231 2258 tamen.
2269 2201 2464 2271 Rapiat
2491 2209 2615 2272 post
2645 2215 2705 2256 se
2737 2216 2876 2270 quos
2903 2201 3070 2268 volet,
3105 2210 3162 2256 et
3188 2201 3333 2255 inter
3359 2200 3466 2255 alia
3498 2200 3599 2256 toti

2023 2294 2145 2349 orbi
2170 2292 2463 2348 manifesta
2499 2308 2669 2347 unum
2706 2292 2810 2348 hoc
2846 2292 2979 2349 solis
3008 2292 3312 2348 deﬁcientis
3355 2307 3422 2347 ex
3460 2307 3598 2347 ocu-

2022 2389 2199 2442 lorum
2226 2386 2431 2457 judicio
2458 2393 2769 2456 portentum
2800 2393 3136 2439 numeretur.
3168 2384 3311 2440 Sane
3334 2385 3464 2439 luna
3485 2393 3599 2440 toto

2022 2481 2154 2536 orbe
2182 2479 2426 2534 radiante
2452 2479 2521 2533 ab
2552 2479 2686 2533 hora
2719 2478 2828 2533 diei
2874 2477 2908 2533 6
2937 2477 3003 2533 ad
3043 2477 3076 2533 9
3113 2493 3289 2548 usque
3323 2477 3593 2548 integram

2022 2574 2153 2630 solis
2176 2571 2419 2642 eclipsim
2455 2570 2674 2626 Tiberio
2705 2570 2922 2625 Caasare
2966 2572 3267 2640 imperante
3298 2569 3597 2640 contigisse

2021 2677 2211 2722 narrat
2232 2665 2476 2736 Phlegon
2513 2683 2526 2720 :
2563 2679 2684 2719 eam
2717 2665 2905 2734 utique
2946 2662 3013 2717 de
3046 2678 3155 2732 qua
3197 2663 3358 2718 nobis
3388 2676 3592 2717 sermo.

2019 2761 2223 2817 Verum
2255 2761 2534 2815 enimvero
2567 2773 2689 2833 quae
2714 2766 2863 2812 tanta
2913 2764 2997 2811 est
3026 2772 3149 2811 cum
3175 2764 3333 2811 terra;
3360 2764 3510 2811 motu
3541 2764 3595 2810 et

2020 2851 2232 2923 eclipsi,
2258 2850 2494 2920 diruptis
2516 2848 2686 2911 saxis,
2727 2854 2783 2901 et
2811 2845 3196 2901 resurrectioni
3224 2857 3590 2908 mortuorum,

2020 2953 2294 3014 tantaeque
2337 2952 2712 2996 creaturarum
2760 2937 3006 2992 omnium
3061 2935 3455 3005 perturbationi
3504 2950 3596 2990 so-

342 3030 550 3103 cietas?
576 3032 736 3124 Certe
762 3034 922 3105 longa
947 3045 1096 3091 retro
1132 3053 1401 3093 annorum
1432 3041 1576 3095 serie
1614 3042 1789 3097 simile
1829 3042 1957 3113 quid
1983 3041 2133 3097 nulla
2167 3038 2473 3110 reperimus
2542 3034 2814 3090 accidisse
2861 3031 3148 3088 memoria.
3192 3031 3363 3086 Erant
3411 3031 3595 3102 itaque

340 3141 541 3181 novum
578 3114 834 3200 Dei'Opus
868 3131 975 3186 illre
1000 3133 1265 3200 tenebrae,
1326 3136 1444 3204 ipso
1472 3124 1657 3191 mundi
1696 3136 1931 3194 Domino
1969 3137 2210 3209 patiente
2259 3114 2481 3189 exortae.
2557 3128 2911 3200 Septuaginta
2978 3141 3108 3182 vero
3152 3126 3524 3181 hebdomades
3559 3140 3593 3180 a

335 3216 560 3275 Daniele
594 3221 925 3280 memoratas
975 3225 1078 3281 hoc
1119 3236 1371 3298 tempore
1427 3231 1821 3300 complendas,
1859 3238 1916 3288 et
1939 3231 2237 3287 terminum
2262 3227 2509 3298 attigisse
2538 3224 2679 3279 ratio
2709 3219 3006 3278 convincit.

405 3360 482 3416 B'.
527 3361 661 3416 Ἀπὸ
707 3363 765 3417 δὲ
810 3365 1165 3439 Ἀρταξέρξου
1198 3369 1569 3443 ἑϐδομήκοντα
1617 3372 1911 3445 ὲϐδομάδες

2084 3372 2150 3427 Il.
2179 3369 2262 3425 Ab
2295 3366 2617 3423 Artaxerxis
2637 3373 2818 3420 autem
2843 3361 3072 3434 imperio
3093 3360 3161 3416 ad
3183 3370 3395 3417 aetatem
3418 3375 3593 3431 usque

282 3462 309 3490 κ·
334 3450 417 3514 είς
453 3451 545 3506 τὸν
575 3455 676 3508 ἐπὶ
703 3456 945 3526 Χριστοῦ
969 3459 1341 3516 συντελοῦνται
1380 3463 1569 3534 χρόνον
1599 3463 1744 3518 κατά
1783 3467 1911 3530 τοὺς

347 3543 617 3599 Ἰουδαίων
653 3545 936 3619 ἀριθμούς,
978 3550 1110 3604 Ἀπὸ
1136 3553 1244 3629 γάρ
1268 3554 1524 3625 Νεεμίου,
1556 3556 1614 3619 ὂς
1646 3557 1739 3610 ὑπ’
1783 3557 1910 3629 Ἀρ-

333 3635 595 3709 ταξέρξου
614 3640 713 3713 τὴν
755 3640 1105 3716 Ἰερουσαλὴμ
1146 3620 1392 3719 οὶκήσων
1417 3649 1695 3722 ἐπέμφθη,
1724 3650 1820 3704 ἐπὶ
1848 3620 1911 3704 τὸ

239 3718 247 3725 ’
332 3728 578 3785 ἕίκοστὸν
599 3732 693 3785 καὶ
721 3734 1012 3790 ἑκατοστὸν
1037 3738 1136 3809 τῆς
1161 3718 1387 3811 Περσῶν
1418 3718 1713 3811 βασιλείίας,
1740 3742 1907 3798 αύτοῦ

331 3820 376 3874 δ’
419 3822 771 3896 Ἀρταξέρξου
811 3833 856 3880 κ’
884 3827 1013 3895 ἔτει,
1054 3829 1411 3902 Ὀλυμπιάδος
1451 3840 1541 3903 πγ¹
1580 3833 1689 3888 ἔτει
1726 3836 1789 3901 δ’,
1816 3837 1909 3892 ἐπὶ

331 3912 536 3967 τούτων
566 3915 677 3970 τῶν
708 3918 937 3992 χρόνων,
960 3920 1019 3984 ὃς
1040 3910 1110 3992 ἦν
1125 3922 1484 3995 Ὀλυμπιάδος
1515 3923 1612 3994 σβ’,
1644 3925 1762 4001 ξτος
1785 3928 1907 3982 δεύ-

330 4022 509 4077 τερον,
557 4009 809 4081 Τιϐερίου
852 4011 908 4064 δὲ
965 4013 1242 4086 Καίσαρος
1292 4017 1588 4088 ἡγεμονίας
1643 4019 1761 4084 ἔτος
1810 4028 1906 4086 ις’,

330 4097 442 4151 ἔτει
476 4099 634 4170 (71⁸),
666 4103 954 4171 συνάγεται
971 4112 1095 4169 υοε¹,
1115 4106 1258 4179 άπερ
1294 4109 1559 4180 Ἑϐραϊκὰ
1593 4116 1675 4179 υιη,Ι
1697 4111 1790 4184 ἔτη
1823 4114 1908 4181 γί-

328 4208 417 4246 νετ
425 4209 501 4254 αι,
521 4194 662 4246 κατὰ
678 4194 767 4246 τὸν
785 4195 1083 4267 σεληνιαῖον
1100 4188 1244 4269 μῆνα
1258 4201 1382 4265 τοὺς
1398 4203 1674 4268 ἐνιαυτοὺς
1686 4205 1907 4260 ἐκείνων

330 4286 832 4358 ἐξαριθμουμένων,
867 4289 942 4352 ὡς
985 4291 1102 4343 ἐστὶ
1140 4290 1429 4364 πρόχειρον
1458 4294 1650 4357 εἰπεῖν,
1685 4296 1906 4369 ἡμερῶν

331 4377 436 4445 κθ’,
467 4380 563 4434 καὶ
592 4380 868 4451 ἡμισείας.
903 4380 998 4434 τοῦ
1046 4382 1309 4436 κυκλικοῦ
1358 4385 1605 4438 ἐνιαυτοῦ
1649 4386 1743 4440 τοῦ
1784 4387 1905 4442 καθ’

328 4470 478 4540 ἥλιον
503 4471 840 4543 ὑπάρχοντος
870 4471 1092 4543 ἡμερῶν
1123 4472 1251 4538 τξε’,
1286 4473 1348 4539 δ’,
1374 4474 1517 4528 κατὰ
1548 4476 1778 4549 σελήνην
1805 4478 1907 4531 δω-

328 4562 633 4635 δεκάμηνον
685 4563 1088 4635 παραλλάσσειν
1139 4567 1353 4638 ἡμέρας
1407 4574 1496 4632 ια’,
1542 4570 1636 4623 καὶ
1696 4570 1758 4623 δ’·
1819 4571 1906 4625 διὰ

327 4655 486 4710 τοῦτο
510 4657 605 4711 καὶ
643 4657 903 4729 ’Έλληνες
933 4659 1026 4712 καὶ
1066 4660 1305 4714 Ἰουδαῖοι
1336 4665 1486 4732 τρεῖς
1529 4663 1705 4734 μῆνας
1736 4663 1903 4735 ἐμϐο-

2014 3462 2220 3521 Christi
2274 3476 2343 3517 ex
2396 3459 2752 3514 Hebraeorum
2801 3465 3056 3525 computo
3095 3455 3434 3526 septuaginta
3484 3470 3589 3508 nu-

2013 3563 2301 3610 merantur
2351 3549 2742 3608 bebdomades.
2774 3547 2818 3602 A
2870 3546 3089 3603 Ncemia
3123 3548 3323 3619 quippe
3359 3547 3452 3617 qui
3488 3546 3592 3601 sub

2010 3646 2314 3702 Artaxerxe
2368 3642 2671 3699 Jerusalem
2735 3640 2850 3696 suis
2912 3639 3111 3696 incolis
3178 3640 3590 3706 instauraturus

2011 3737 2159 3793 circa
2191 3736 2405 3808 imperii
2455 3734 2750 3790 Persarum
2797 3748 3006 3788 annum
3053 3731 3375 3786 vicesimum
3424 3745 3591 3800 supra

2011 3830 2399 3895 centesimum,
2450 3829 2626 3898 ipsius
2672 3826 2925 3881 videlicet
2968 3825 3286 3879 Artaxerxis
3306 3823 3399 3888 20,
3434 3831 3489 3878 et
3519 3822 3590 3877 ab

2010 3924 2352 3997 Olympiadis
2389 3937 2598 3979 Lxxxm
2647 3937 2794 3976 anno
2824 3904 2895 3986 Δι’,
2929 3919 2995 3974 ad
3031 3920 3132 3974 hoc
3162 3934 3337 3987 usque
3374 3925 3589 3986 tempus

2007 4026 2062 4072 et
2088 4014 2424 4087 Olympiadis
2455 4028 2559 4069 ccn
2590 4028 2795 4067 annum
2846 4012 2902 4076 2,
2933 4010 3136 4065 Tiberii
3177 4023 3308 4064 vero
3356 4006 3588 4063 Caesaris

2008 4125 2215 4165 annum
2242 4107 2330 4171 16,
2358 4107 2450 4162 alii
2472 4106 2600 4161 anni
2631 4104 2738 4159 475
2784 4111 3046 4173 putantur
3070 4120 3084 4155 :
3113 4100 3207 4170 qui
3234 4099 3584 4154 Hebraeorum

2008 4203 2171 4258 annis
2189 4202 2317 4263 490,
2349 4200 2457 4255 illis
2481 4199 2741 4253 nimirum
2790 4210 2964 4250 annos
2993 4194 3276 4250 lunaribus
3305 4191 3586 4247 mensibus

2007 4295 2219 4351 dierum
2250 4292 2342 4357 29,
2370 4307 2494 4346 cum
2519 4290 2699 4344 medio
2726 4286 3013 4350 conﬂatos,
3045 4286 3188 4355 quod
3211 4286 3587 4340 demonstrare

2006 4384 2168 4440 facile
2216 4392 2341 4448 est,
2400 4379 2853 4443 recensentibus,
2923 4386 3279 4448 coazquantur
3323 4395 3338 4431 :
3389 4375 3585 4432 solaris

2004 4479 2208 4549 quippe
2247 4476 2375 4531 anni
2410 4472 2671 4545 periodus
2715 4472 2911 4526 diebus
2963 4470 3067 4526 565
3101 4486 3224 4526 cum
3263 4457 3585 4542 quadrantis

2005 4567 2307 4638 appendice
2348 4563 2671 4630 coniicitur;
2713 4562 2925 4618 lunaris
2976 4571 3156 4616 autem
3197 4561 3479 4617 mensibus
3515 4560 3586 4615 li-

2005 4667 2093 4713 cet
2122 4658 2188 4711 19.
2214 4657 2544 4726 composita,
2572 4656 2768 4712 diebus
2793 4656 2855 4710 ll
2920 4666 2975 4709 et
3022 4653 3326 4725 quadrante
3369 4654 3585 4709 variare

327 4746 517 4817 λίμους
557 4746 731 4802 ἔτεσιν
778 4756 827 4820 η’
885 4751 1361 4822 παρεμϐάλλουσιν
1387 4772 1400 4785 ·
1440 4755 1663 4820 ὀκτάκις
1696 4734 1904 4828 γὰρτά

2015 4749 2463 4819 deprehenditur;
2492 4762 2615 4820 qua:
2652 4748 2932 4804 causa'est
2962 4755 3022 4802 ut
3063 4762 3279 4827 nienses
3302 4756 3415 4803 tres
3448 4747 3583 4803 insi-

328 4846 396 4893 ια’
450 4839 544 4893 καὶ
576 4840 832 4910 τέταρτον
862 4845 1007 4895 ποιεῖ
1034 4843 1313 4915 τρίμηνον.
1340 4844 1420 4898 Τὰ
1441 4845 1618 4901 τοίνυν
1652 4844 1755 4899 uos’
1808 4846 1904 4916 ἔτη

324 4931 600 4992 ὀκταετίαι
631 4932 729 5002 μὲν
760 4932 997 5000 γίνονται
1027 4935 1124 5000 νϐ’,
1155 4937 1247 4989 καὶ
1295 4937 1460 5008 μῆνες
1492 4942 1661 5009 τρεῖς,
1689 4938 1764 5003 ὡς
1788 4957 1907 5011 τρι-

328 5025 499 5095 μήνου
534 5025 829 5098 ἐμϐολίμου
883 5029 949 5097 τῇ
998 5027 1252 5098 ὀκταετίᾳ
1303 5032 1747 5101 προσγινομένου,
1808 5032 1902 5104 ἐτη

327 5116 614 5185 συνάγεται
662 5124 742 5182 ιε’,
800 5118 971 5172 ταῦτά
1017 5136 1077 5171 τε
1120 5120 1254 5190 πρὸς
1296 5124 1409 5184 τοῖς
1457 5129 1559 5175 υοε⁹
1621 5122 1818 5187 ἐτεσιν,
1861 5130 1903 5176 o'

324 5208 635 5280 ὲϐδομάδες.
682 5210 773 5281 Μὴ
801 5210 865 5282 δή
894 5227 979 5274 τις
1004 5212 1153 5282 ἡμᾶς
1194 5214 1314 5266 κατ’
1349 5207 1710 5284 ἀστρονομίαν
1747 5213 1901 5285 ἀριθ-

325 5302 443 5373 μῶν
473 5301 735 5373 ἀπείρους
777 5298 914 5357 εἶναι
942 5304 1227 5374 νομιζέτω,
1258 5303 1364 5370 τξε¹
1418 5305 1644 5377 ἡμερῶν
1683 5306 1777 5360 καὶ
1806 5324 1899 5359 τε..

319 5395 518 5466 τάρτου
550 5395 740 5466 μορίου
772 5396 1164 5468 προτεταχέναι
1194 5388 1386 5468 αὐτήν.
1414 5396 1549 5449 Οὐδὲ
1572 5396 1679 5468 γὰρ
1705 5397 1898 5469 ἀγνοίᾳ

319 5487 415 5541 τοῦ
445 5486 700 5558 άληοοῦς,
727 5486 815 5542 διὰ
838 5488 895 5541 δὲ
924 5489 1021 5559 τὴν
1061 5488 1410 5558 λεπτολογίαν
1441 5489 1501 5542 τὸ
1528 5486 1895 5560 ψηφιζόμενον

321 5572 703 5650 συνετέμομεν.
737 5580 863 5643 Τοῖς
907 5579 964 5632 δὲ
1012 5582 1099 5634 ἐπ’
1132 5580 1357 5652 ἀκριϐὲς
1396 5581 1573 5634 πάντα
1618 5581 1894 5652 πειρωμέ-

278 5676 283 5683 ’
320 5686 432 5733 νοις
463 5669 756 5737 ἐξετάζειν,
792 5672 887 5726 καὶ
917 5673 1060 5726 τοῦθ’
1092 5673 1167 5735 ὡς
1201 5676 1258 5727 ἐν
1290 5676 1476 5745 γραφῇ
1512 5672 1893 5752 παρακείσθωι

2008 4841 2157 4896 titios
2184 4840 2343 4896 annis
2383 4850 2507 4896 octo
2533 4841 2766 4896 evolutis
2806 4838 2979 4895 Graeci
3024 4837 3309 4909 Judaeique
3342 4840 3584 4910 interpo-

2006 4946 2178 4988 nant:
2214 4943 2338 4989 octo
2371 4933 2636 5004 siquidem
2659 4936 2781 5003 "per
2816 4931 3066 4988 undecim
3101 4947 3226 4986 cum
3279 4934 3613 5003 quadrante,

2005 5023 2168 5078 ducta
2238 5025 2476 5095 spatium
2535 5027 2807 5081 trimestre
2871 5037 3229 5101 componunt.
3282 5025 3425 5081 Anni
3480 5026 3581 5080 ita-

2004 5134 2113 5189 que
2146 5120 2255 5175 475
2281 5137 2377 5191 per
2403 5122 2658 5177 oetennia
2676 5123 2744 5177 59
2769 5132 2824 5177 et
2851 5139 3071 5178 menses
3093 5131 3204 5177 tres
3218 5121 3537 5177 dividuntur
3562 5141 3577 5176 :

2004 5228 2068 5267 ex
2106 5214 2483 5270 trimestribus
2511 5216 2694 5285 itaque
2729 5215 3029 5285 unicuique
3059 5211 3379 5270 octoeteridi
3412 5214 3582 5278 inter-

2007 5305 2201 5361 calatis
2222 5298 2356 5361 'anni
2387 5308 2705 5377 quindecim
2768 5308 3122 5377 colliguntur,
3168 5320 3308 5374 quos
3339 5304 3385 5360 si
3418 5304 3582 5362 annis

2003 5395 2109 5451 475
2137 5396 2412 5453 addideris
2434 5440 2450 5464 ,
2485 5398 2654 5454 dubio
2690 5399 2883 5469 procul
2922 5396 3293 5452 hebdomades
3324 5395 3392 5449 70
3425 5395 3583 5451 colli-

2002 5505 2119 5556 ges.
2154 5488 2326 5544 Nemo
2360 5491 2547 5561 itaque
2594 5507 2696 5546 nos
2742 5507 2842 5546 ceu
2891 5488 3181 5559 praeceptis
3227 5490 3582 5543 astronomiae

2001 5599 2192 5652 parum
2232 5584 2479 5639 imbutos
2516 5592 2748 5654 arguat,
2773 5583 2868 5649 qui
2903 5596 3110 5635 annum
3148 5580 3341 5636 diebus
3391 5580 3496 5633 ’565
3525 5584 3581 5634 et

2002 5675 2308 5744 quadrante
2354 5674 2608 5744 componi
2641 5674 2754 5743 jam
2808 5673 3138 5740 statuimus;
3188 5688 3298 5728 non
3330 5687 3398 5727 ex
3431 5671 3576 5727 veri-

318 5764 450 5820 tatis
515 5765 716 5836 quippe
770 5767 1026 5833 inscitia,
1093 5769 1343 5841 quininio
1402 5768 1702 5851 exquisitas
1762 5769 1945 5839 potius
2006 5772 2357 5826 astronomia:
2407 5770 2673 5826 minutias
2736 5770 2967 5837 sectati,
3028 5771 3252 5826 relatam
3303 5781 3573 5835 summam

391 5928 526 6004 (η’)
561 5930 724 5991 Forte
748 5934 850 6006 leg.
879 5934 997 6009 ἔτη,
1024 5937 1128 6007 vel,
1155 5937 1339 6009 ἕτερα,
1372 5935 1748 5995 subintellecto
1778 5936 1894 6009 ἔτη.

2015 5946 2188 6031 terum
2218 5954 2325 5996 non
2361 5954 2531 6013 purus
2559 5933 2772 5997 videtur
2803 5938 2978 5998 locus.
3012 5936 3168 5996 Eutr.
3189 5934 3430 5994 Panos.

3032 6040 3062 6073 ἐ
