4074 6414
485 328 556 390 95
1685 329 1942 388 JULIUS
1986 331 2408 389 AFRICANUS.

3690 335 3760 391 96

482 465 611 509 rum
643 465 767 507 cum
814 450 870 506 id
910 465 1050 520 Opus
1085 449 1406 520 jamdudum
1448 451 1696 520 perierit,
1734 470 1802 507 an
1852 469 1908 508 re
1938 470 2065 508 vera
2094 458 2141 513 Α
2171 471 2322 523 pore,
2354 467 2412 510 ut
2443 466 2601 510 notat
2633 455 2731 510 Dio
2763 455 3010 520 Cassius,
3034 454 3138 511 iste
3167 456 3464 527 imperator
3488 454 3755 526 plurimas

486 543 607 599 haec
634 543 767 599 Acta
803 542 1065 596 Africano
1112 542 1223 596 sint
1268 542 1611 608 ascribenda,
1660 560 1907 601 asserere
1959 564 2067 600 non

486 634 705 701 ausim;
754 635 1009 704 quamvis
1046 634 1110 686 de
1158 647 1347 687 eorum
1402 634 1716 691 sinceritate
1764 638 1949 692 nullus
1990 640 2069 692 vis

485 722 682 779 deatur
734 723 1019 778 dubitandi
1076 721 1249 776 locus.
1300 720 1376 776 Ea
1432 738 1560 779 vero
1618 724 1947 794 proferimus
2000 742 2064 781 ex

490 813 810 881 Mombritii,
847 814 995 869 Surii
1038 821 1090 867 et
1118 812 1341 868 Carduli
1385 815 1736 880 editionihus,
1773 834 1898 873 cum
1929 818 2064 872 duo-

488 906 593 962 bus
624 921 758 963 mss.
797 906 1076 962 codicibus
1121 908 1451 964 Colbertinis
1494 919 1549 965 et
1599 927 1705 966 uno
1755 909 2066 966 Sorbonica:

489 998 828 1055 bibliotheca:
862 999 1100 1055 collatis.

559 1087 624 1142 ll.
675 1107 693 1139 ι
728 1087 934 1143 Horum
964 1100 1280 1144 sanctorum
1314 1091 1431 1144 neci
1463 1093 1806 1148 occasionem
1839 1094 2066 1162 prmbnit

489 1179 686 1234 vicinia
726 1166 1069 1235 celeberrimi
1119 1182 1267 1237 illius
1309 1183 1514 1252 palatii,
1543 1185 1687 1254 quod
1735 1186 1789 1240 in
1824 1186 1947 1240 villa
1976 1185 2067 1241 Ti-

489 1272 702 1326 burtina
743 1271 813 1326 ab
853 1272 1096 1327 Adriano
1153 1274 1479 1330 aediﬁcatum
1549 1276 1717 1332 fuisse
1781 1278 1935 1333 testis
1983 1288 2067 1333 est

489 1359 832 1432 Spartianus.
889 1361 1026 1417 Cum
1088 1364 1236 1418 enim
1304 1365 1600 1435 imperator
1664 1367 1804 1422 hanc
1860 1368 2063 1438 regiam

487 1452 710 1509 domum
736 1469 904 1523 quam
948 1454 1052 1509 sibi
1093 1456 1159 1511 ad
1186 1456 1411 1511 delicias
1442 1465 1847 1522 construxerat,
1884 1460 2065 1514 nescio

485 1544 687 1615 quibus
714 1544 1088 1616 piacularibus
1128 1548 1471 1602 caeremoniis
1520 1548 1737 1603 lustrari
1782 1550 2060 1619 jussisset,

486 1635 628 1690 hanc
666 1638 1013 1694 occasionem
1059 1638 1345 1708 arripuere
1387 1640 1696 1696 sacerdotes
1727 1639 2065 1713 Sympboro-

487 1742 607 1781 sam
650 1727 973 1795 incusandi,
1008 1727 1146 1783 nihil
1178 1729 1405 1783 omnino
1435 1729 1540 1784 diis
1570 1730 1925 1800 placiturum,
1959 1734 2061 1791 nisi

2172 549 2347 603 caedes
2381 547 2528 602 fecit.

2249 638 2338 696 Ill.
2382 658 2402 690 t
2448 640 2722 693 Caeterum
2781 639 2976 693 horum
3037 648 3339 710 martyrum
3386 637 3649 692 memoria
3696 635 3752 691 in

2170 731 2575 800 antiquissimis
2618 730 2929 799 quibusque
2973 728 3377 802 Martyrologiis
3424 729 3750 793 celebratur,

2170 822 2423 890 quamvis
2476 822 2710 876 diversis
2750 822 2962 876 diebus.
3023 820 3330 876 Romanum
3377 822 3576 890 quippe
3625 829 3770 874 cum‘

2168 912 2408 967 Notkero
2446 929 2544 968 eos
2591 914 2782 968 recolit
2821 914 2909 967 die
2957 913 3025 967 18
3057 911 3219 978 Julii,
3260 913 3517 968 Rabanus
3557 912 3647 965 dic
3682 910 3746 964 21

2169 1005 2415 1073 ejusdem
2452 1006 2691 1070 mensis,
2728 1002 3009 1058 Usuardus
3059 1013 3113 1058 et
3161 1005 3278 1057 Ado
3316 1004 3405 1057 die
3451 1002 3513 1057 21
3548 1002 3754 1057 mensis
3806 1052 3821 1059 -

2168 1096 2339 1150 Junii.
2395 1096 2452 1150 In
2505 1097 2592 1151 via
2634 1095 2922 1149 Tiburtina
2981 1105 3278 1165 supersunt
3326 1095 3505 1149 adhuc
3553 1093 3752 1147 rudera

2171 1190 2371 1243 veteris
2406 1188 2673 1252 ecclesim,
2717 1197 2775 1240 nt
2807 1197 2989 1241 monet
3028 1188 3267 1256 Aringus
3300 1186 3434 1256 (8‘2),
3461 1199 3583 1255 quae
3620 1185 3749 1238 olim

2168 1281 2274 1335 sub
2304 1295 2493 1334 eorum
2536 1284 2757 1334 nomine
2791 1278 2900 1333 Deo
2938 1287 3260 1333 consecrata
3296 1276 3492 1341 fuerat,
3522 1289 3753 1346 quaeque

2168 1372 2437 1428 hactenus
2466 1372 2549 1425 Ad
2572 1382 2769 1442 septem
2796 1372 2990 1441 fratres
3016 1369 3341 1424 vocabulum
3374 1367 3588 1422 retinet.
3617 1365 3750 1419 Eam

2166 1471 2350 1516 autem
2399 1462 2452 1515 in
2496 1477 2564 1516 eo
2608 1462 2730 1515 loco
2755 1466 3129 1515 constructam
3182 1458 3351 1514 fuisse
3396 1472 3504 1510 non
3536 1455 3751 1519 dubito,

2165 1570 2330 1625 quem
2370 1555 2655 1624 pontifices
2687 1558 2743 1607 in
2786 1552 2971 1618 Actis,
3017 1552 3044 1622 ᾗ
3079 1566 3153 1614 iv,
3180 1550 3264 1603 Ad
3300 1559 3496 1618 septem
3530 1545 3754 1601 Biotha-

2166 1657 2351 1713 natos,
2401 1647 2455 1702 id
2493 1656 2578 1702 est
2618 1647 2861 1701 violenta
2911 1655 3086 1701 morte
3131 1654 3462 1714 peremptos,
3497 1650 3557 1695 ut
3601 1649 3754 1695 notat

2166 1739 2442 1796 Baronius
2468 1740 2602 1811 (83),
2631 1739 2999 1810 appellarunt.
3037 1758 3057 1791 ι

487 1817 642 1889 prius
672 1819 1043 1891 Symphorosa
1075 1830 1167 1877 aut
1206 1821 1276 1877 iis
1310 1821 1664 1888 sacrificaret,
1702 1833 1798 1879 aut
1828 1825 1944 1896 ipsa
1975 1843 2065 1883 sa-
2093 1805 2138 1861 Β
2239 1831 2356 1887 Huc
2387 1805 2684 1902 usque-vir-
2706 1805 2978 1887 eruditus.
3012 1829 3177 1884 Plura
3214 1842 3365 1894 vero,
3414 1836 3610 1898 praeter
3639 1823 3756 1879 Til-

490 1910 850 1969 criﬂcaretur.
880 1915 1035 1981 Quod
1071 1915 1327 1969 ultimum
1355 1915 1648 1981 Adrianus,
1678 1932 1842 1988 quem
1874 1932 2063 1990 super-
2161 1923 2485 1981 lemontium
2512 1924 2648 1996 (84),
2698 1922 3038 1995 praestabunt
3084 1918 3460 1986 Bollandiani;
3496 1917 3591 1989 qui
3633 1916 3755 1973 fuse

491 2002 851 2062 stitiosiorem
903 2023 968 2063 es
1023 2007 1146 2062 aliis
1193 2006 1317 2077 ejus
1365 2008 1616 2079 pluribus
1668 2008 1829 2067 factis
1892 2011 2065 2069 fuisse

491 2105 727 2160 constat,
760 2106 1049 2153 exsecutus
1092 2107 1176 2153 est
1223 2099 1445 2154 circiter
1476 2115 1679 2156 annum
1705 2101 1909 2159 Christi
1937 2105 2065 2174 {20,

492 2187 546 2243 id
568 2198 654 2244 est
682 2190 785 2246 sub
816 2190 1026 2263 imperii
1070 2192 1156 2248 sui
1184 2191 1481 2263 primordia
1507 2210 1522 2248 :
1553 2209 1662 2265 quo
1688 2195 1897 2253 scilicet
1928 2207 2070 2254 tem-

2163 2032 2265 2088 pro
2316 2032 2470 2072 more
2520 2026 2685 2088 atque
2733 2022 2993 2071 accurate
3048 2014 3185 2069 satis
3230 2026 3295 2066 ea
3338 2009 3524 2065 omnia
3569 2008 3755 2065 discu-

2166 2110 2311 2164 tiunt
2334 2108 2467 2181 (85),
2501 2124 2624 2182 quae
2652 2107 2721 2165 ad
2745 2107 2948 2163 borum
2980 2115 3285 2178 martyrum
3311 2104 3448 2159 Acta
3482 2101 3756 2172 pertinere

2169 2208 2498 2256 noscuntur.

504 2386 3738 2416 Mm

1215 2558 1709 2678 PASSIO
1790 2563 1910 2677 S.
2010 2561 3020 2678 SYMPHOROSXE

2171 2798 2242 2837 ΕΤ

1327 2953 1792 3044 SEPTEM
1869 2956 2479 3049 FILIOBUM
2554 2956 2878 3045 EJUS.

636 3140 675 3195 1.
730 3141 865 3197 Cum
917 3113 1244 3199 fabricasset
1284 3145 1559 3202 Adrianus
1605 3148 1889 3217 palatium,
1933 3156 1990 3203 ct
2018 3148 2071 3203 id
2100 3164 2141 3221 ο
2175 3150 2469 3219 phorosam
2500 3164 2514 3200 :
2549 3150 2675 3219 Aut)
2702 3165 2822 3202 cum
2877 3148 3002 3216 ﬁliis
3036 3145 3141 3198 tuis
3172 3145 3417 3212 sacri/ica
3450 3146 3554 3200 diis
3578 3149 3749 3203 omni-

496 3237 745 3294 dedicare
769 3236 930 3290 vellet
966 3239 1073 3289 ritu
1116 3236 1212 3290 illo
1236 3236 1467 3301 nefario,
1499 3240 1866 3310 cmpissetque
1896 3243 2069 3296 sacri-

496 3333 633 3388 ﬁciis
672 3330 939 3385 idolorum
972 3345 1037 3384 ac
1061 3329 1371 3384 daemonum
1395 3334 1489 3399 qui
1524 3333 1578 3388 in
1613 3334 1774 3388 idolis
1802 3333 2068 3397 habitant,

494 3424 735 3494 ﬂagitare
781 3437 1074 3490 responsa,
1116 3423 1512 3490 responderunt
1555 3433 1610 3478 et
1636 3423 1749 3490 (86)
1785 3426 2069 3480 dixerunt:

501 3534 520 3567 ι
558 3516 932 3585 Symphorosa
970 3513 1134 3568 vidua
1168 3530 1289 3567 cum
1315 3525 1519 3585 septem
1573 3517 1700 3571 ﬁliis
1747 3517 1863 3572 suis
1904 3516 2075 3570 laniat

496 3623 597 3662 nos
637 3606 883 3677 quotidie
928 3604 1236 3660 invocanda
1269 3605 1438 3661 Deum
1494 3623 1678 3662 suum.
1732 3606 1840 3661 Ista
1891 3607 2074 3676 itaque

496 3700 542 3753 si
584 3714 709 3754 cum
747 3698 874 3752 ﬁliis
917 3697 1034 3753 suis
1076 3699 1489 3765 sacriﬁcaverit,
1545 3699 1918 3771 promittimus
1970 3712 2072 3753 nos

496 3792 680 3846 omnia
703 3799 962 3860 praestare
983 3807 1104 3859 qum
1124 3791 1327 3859 petitis.
1365 3812 1384 3840 ι
1422 3794 1574 3848 'lunc
1605 3792 1880 3846 Adrianus
1908 3789 2079 3861 jussit

496 3896 617 3936 eam
652 3881 820 3936 teneri
868 3897 992 3936 cum
1027 3882 1188 3947 ﬁliis,
1235 3894 1290 3937 et
1328 3884 1542 3939 blandis
1588 3899 1682 3939 eos
1725 3882 2072 3938 sermonibus

499 3973 818 4027 hortabatur
850 3981 909 4026 ut
936 3973 1001 4025 ad
1032 3973 1452 4028 sacriﬁcandum
1490 3975 1649 4029 idolis
1677 3972 2071 4028 consentirent.

497 4064 597 4118 Cui
658 4064 817 4117 beata
867 4062 1237 4133 Symphorosa
1302 4065 1439 4117 dixit
1489 4081 1502 4116 :
1567 4063 1660 4118 Vir
1708 4080 1851 4117 meus
1905 4062 2071 4118 (ζεια-

497 4151 601 4206 lius
634 4152 766 4223 (87),
801 4169 921 4207 cum
953 4153 1126 4220 fratre
1157 4170 1254 4207 suo
1285 4154 1556 4219 Amantio,
1589 4155 1791 4208 tribuni
1837 4155 1915 4207 tui
1952 4169 2072 4207 cum

499 4252 688 4305 essent,
713 4260 808 4313 pro
837 4243 1039 4298 Christi
1076 4247 1285 4299 nomine
1306 4248 1453 4315 passi
1484 4256 1605 4300 sunt
1629 4247 1835 4300 diversa
1872 4245 2076 4316 suppli-

501 4334 605 4394 cia,
636 4349 701 4386 ne
726 4334 887 4387 idolis
914 4336 1267 4388 consentirent
1286 4337 1371 4388 'ad
1399 4335 1805 4400 immolandum,
1840 4346 1887 4389 et
1919 4336 2074 4405 quasi

501 4422 622 4476 boni
657 4424 865 4478 athletae
891 4426 1152 4479 dtemones
1194 4435 1310 4479 tuos
1352 4427 1621 4480 moriendo
1657 4426 1912 4479 vicerunt.
1952 4425 2076 4479 Ele-

2172 3241 2492 3311 potentibus,
2529 3251 2621 3295 aut
2677 3251 2725 3295 te
2772 3241 2941 3310 ipsam
2976 3255 3098 3293 cum
3139 3236 3270 3306 ﬁliis
3306 3240 3411 3292 tuis
3455 3241 3748 3309 sacriﬁcari

2174 3332 2394 3401 faciam.
2428 3330 2592 3385 Beata
2626 3329 2995 3401 Sympborosa
3027 3327 3141 3398 (89)
3169 3327 3449 3397 respondit
3471 3348 3485 3384 :
3511 3328 3578 3382 Et
3616 3330 3752 3385 unde

2176 3424 2305 3476 mihi
2351 3431 2557 3476 tantum
2609 3422 2751 3489 boni,
2800 3432 2857 3475 ut
2904 3438 2997 3492 ego
3043 3436 3251 3475 merear
3285 3438 3403 3475 cum
3446 3423 3575 3491 ﬁliis
3624 3425 3752 3478 meis

2174 3516 2356 3585 offerri
2402 3515 2575 3567 hostia
2604 3513 2709 3567 Deo
2733 3515 2759 3568 7
2790 3514 3064 3568 Adrianus
3106 3513 3402 3581 imperator
3428 3515 3563 3569 dixit
3595 3534 3607 3569 :
3639 3513 3751 3586 Ego

2169 3616 2219 3660 te
2278 3606 2383 3659 diis
2432 3607 2561 3659 meis
2594 3605 2888 3673 sacrificari
2918 3604 3138 3672 facium.
3185 3601 3347 3658 Beata
3380 3603 3750 3674 Symphorosa

2168 3696 2449 3767 respondit
2478 3716 2491 3751 :
2522 3695 2609 3748 Dii
2651 3696 2726 3747 tui
2773 3711 2854 3747 me
2895 3696 2951 3747 in
2992 3692 3322 3759 sacrificium
3371 3696 3607 3765 accipere
3646 3714 3752 3751 non

2168 3796 2386 3857 possunt
2413 3802 2431 3839 :
2459 3785 2551 3838 sed
2576 3785 2624 3838 si
2650 3799 2745 3853 pro
2781 3784 2988 3836 nomine
3030 3780 3234 3835 Christi
3262 3780 3357 3836 Dei
3391 3785 3490 3837 mei
3534 3786 3752 3840 incensa

2170 3878 2348 3949 fuero,
2391 3875 2515 3929 illos
2553 3875 2817 3928 dtemones
2865 3882 2981 3928 tuos
3023 3873 3194 3943 magis
3246 3889 3429 3928 exure.
3481 3874 3754 3932 Adrianus

2170 3966 2468 4036 imperator
2506 3962 2645 4017 dixit
2679 3979 2692 4013 :
2735 3961 2888 4033 Elige
2941 3963 3038 4016 tibi
3086 3978 3253 4015 unum
3282 3978 3345 4016 ea:
3386 3964 3591 4018 duobus
3618 3974 3752 4018 :aut

2175 4057 2426 4124 sacri/ica
2451 4054 2557 4108 diis
2589 4055 2738 4115 meis,
2782 4064 2874 4108 aut
2910 4053 3049 4107 malo
3076 4052 3292 4106 interitu
3326 4054 3547 4123 finieris.
3592 4053 3752 4109 Beata

2180 4146 2549 4218 Symphorosa
2592 4143 2915 4212 respondit:
2963 4141 3041 4197 Tu
3083 4142 3361 4197 existimas
3400 4145 3542 4215 quod
3588 4145 3753 4214 possit

2177 4244 2387 4296 animus
2415 4255 2559 4293 meus
2584 4237 2762 4307 aliquo
2799 4246 2994 4291 terrore
3031 4236 3254 4299 mutari,
3280 4254 3397 4290 cum
3431 4253 3523 4307 ego
3549 4236 3755 4291 deside-

2182 4349 2289 4388 rem
2332 4348 2450 4385 cum
2491 4331 2602 4383 viro
2648 4345 2760 4383 meo
2792 4328 2997 4383 Cetulio
3038 4328 3187 4397 (90),
3223 4344 3373 4397 quem
3414 4344 3509 4396 pro
3553 4327 3756 4383 Christi

2181 4426 2391 4479 nomine
2415 4421 2749 4491 interfecisti,
2779 4422 3117 4491 requiescere.
3165 4417 3320 4471 Tunc
3346 4419 3619 4475 Adrianus
3650 4420 3755 4474 im-

501 4525 687 4585 gerunt
724 4517 866 4569 enim
894 4516 1065 4585 magis
1097 4515 1350 4570 decollari
1381 4533 1541 4587 quam
1572 4519 1731 4581 vinci,
1758 4519 1901 4581 passi
1934 4533 2076 4569 mor-
2110 4501 2150 4554 ί)
2176 4525 2395 4587 perator
2428 4514 2596 4583 jussit
2639 4528 2759 4566 eam
2801 4511 2927 4565 duci
2968 4510 3036 4564 ad
3078 4508 3266 4562 fanum
3296 4507 3564 4574 Herculis,
3591 4518 3646 4563 et
3679 4509 3751 4563 ibi

503 4611 637 4669 tem;
665 4622 794 4675 qua:
823 4621 917 4675 pro
945 4607 1154 4659 nomine
1180 4606 1380 4661 Christi
1427 4618 1685 4675 suscepta,
1730 4609 1866 4660 inter
1903 4605 2077 4659 homi-

504 4710 591 4749 nes
630 4708 863 4750 terrenos
893 4695 1102 4765 quidem
1148 4697 1493 4766 ignominiam
1536 4700 1610 4751 eis
1642 4698 1838 4767 peperit
1878 4705 2077 4764 tempoo

505 4787 688 4853 ralem,
728 4788 867 4840 inter
894 4787 1105 4857 angelos
1141 4804 1261 4841 vero
1288 4788 1444 4843 decus
1467 4799 1517 4842 et
1546 4789 1774 4859 gloriam
1803 4789 2080 4849 sempiter-

504 4892 656 4942 nam,
703 4878 842 4932 inter
872 4894 1001 4948 quos
1042 4895 1180 4932 nunc
1217 4880 1536 4949 gradientes,
1560 4890 1607 4934 et
1648 4889 1846 4946 troptea
1874 4879 2082 4944 passio-

503 4984 629 5024 num
674 4986 892 5023 suarum
938 4971 1123 5023 dantes
1175 4970 1310 5041 (88),
1361 4986 1479 5023 cum
1532 4979 1727 5023 a-terno
1783 4966 1914 5034 Rege
1969 4966 2081 5017 vita

504 5071 704 5118 acterna
731 5062 982 5131 fruuntur
1009 5062 1065 5115 in
1090 5063 1255 5116 cazlis.

574 5153 638 5211 Il.
679 5154 954 5210 Adrianus
1003 5153 1300 5228 imperator
1340 5154 1478 5209 dixit
1524 5153 1591 5207 ad
1633 5158 1879 5206 sanctam
1926 5146 2084 5217 Sym-

576 5287 686 5359 (82)
725 5290 939 5359 Aring.,
982 5287 1130 5342 Rom.
1170 5287 1370 5359 subter.
1400 5287 1494 5341 lib.
1520 5302 1593 5350 ιν,
1624 5298 1746 5353 cap.
1780 5278 1862 5334 l7.

576 5358 685 5435 es)
726 5358 925 5435 satam
961 5359 1156 5435 aean-
1193 5358 1319 5435 εδδ.
1355 5358 1381 5428 ι

597 5421 689 5495 84)
729 5430 967 5495 Tillem.,
997 5428 1157 5482 Mem.
1194 5426 1321 5480 eccl.
1356 5421 1490 5481 inin.
1525 5424 1586 5487 ll,
1622 5422 1929 5495 pagg.2-tl,
1959 5421 2081 5495 .595.

726 5490 998 5573 Bollandé,
1023 5500 1145 5573 Act.
1331 5496 1478 5573 Junii
1522 5490 1656 5573 toni.
1689 5490 1777 5554 IV,
1810 5508 1931 5573 pag.
1960 5493 2081 5545 550.

576 5563 689 5638 (86)
725 5570 926 5632 ςῖοιιΐθι·
959 5563 1162 5624 Euseb.
1193 5569 1291 5622 lib.
1332 5583 1368 5622 ιι
1413 5566 1544 5619 Vita:
1573 5563 1934 5626 Constantin.,
1965 5578 2083 5630 cap.

507 5637 688 5779 50(87)
728 5709 931 5765 Eorum
990 5708 1314 5779 memoriam
1370 5705 1665 5779 celebrant
1696 5700 2085 5779 Martyrplogia

507 5770 743 5839 ad‘diém
777 5782 839 5840 t0
865 5778 1037 5849 Junii,
1079 5794 1190 5849 quo
1212 5776 1393 5859 etiam
1426 5776 1511 5833 die
1544 5773 1740 5831 Surius
1779 5770 1853 5828 ct‘
1874 5770 2087 5849 Bollan-

2176 4610 2355 4675 primo
2404 4606 2579 4673 alapis
2610 4604 2778 4669 caedi,
2811 4612 2864 4657 et
2900 4610 3021 4671 post
3063 4602 3180 4656 haec
3222 4602 3431 4669 capillis
3472 4602 3752 4673 suspendi.

2180 4697 2286 4751 Sed
2318 4712 2442 4750 cum
2478 4695 2627 4749 nulla
2658 4695 2869 4748 ratione
2906 4693 3168 4762 nulloque
3197 4695 3390 4746 timme
3419 4704 3602 4763 posset
3631 4708 3753 4749 eam

2180 4803 2209 4841 a
2240 4789 2383 4840 bono
2407 4786 2690 4857 proposito
2740 4799 3021 4847 revocare,
3049 4785 3213 4855 jussit
3259 4801 3375 4835 eam
3427 4785 3648 4855 alligato
3685 4787 3753 4841 ad

2181 4879 2379 4933 collum
2418 4877 2623 4945 ingenti
2655 4891 2788 4930 saxo
2840 4877 2893 4929 in
2925 4876 3126 4931 ﬁumen
3173 4877 3524 4947 prmcipitari.
3575 4877 3748 4949 Cujus

2182 4986 2382 5039 corpus
2436 4969 2699 5038 colligens
2745 4968 2909 5023 frater
2958 4970 3078 5038 ejus
3105 4970 3403 5042 Eugenius,
3434 4972 3753 5044 principalis

2182 5063 2347 5118 curia:
2376 5061 2708 5127 Tiburtinum,
2758 5062 2812 5115 in
2861 5062 3175 5118 suburbana
3225 5062 3470 5132 ejusdem
3520 5065 3755 5122 civitatis

2183 5154 2453 5223 sepelivit.
3006 5164 3009 5173 ‘

2182 5287 2329 5342 diani
2360 5304 2551 5341 eorum
2578 5287 2706 5342 Acta
2745 5285 3017 5340 exhibent.
3047 5284 3104 5341 In
3137 5303 3242 5341 ms.
3276 5284 3591 5341 Colbertinn
3617 5306 3630 5341 :
3664 5288 3755 5345 Vir

2184 5374 2325 5412 meus
2356 5359 2570 5412 Zoticus
2610 5374 2731 5410 cum
2778 5357 2943 5424 fratre
2982 5374 3078 5412 suo
3107 5358 3360 5411 Amantio
3412 5358 3622 5414 tribuno
3668 5370 3757 5414 tuo

2184 5444 2300 5481 cum
2330 5440 2502 5483 essent
2530 5427 2704 5489 ambo,
2731 5437 2835 5481 etc.

2187 5566 2205 5619 ι
2259 5499 2545 5619 (ἓ8)εο0(1.
2595 5496 2831 5551 Colbert.
2860 5536 2876 5559 ,
2930 5506 3127 5567 trapwa
3176 5497 3488 5570 passionum
3537 5515 3756 5553 suarum

2209 5585 2274 5619 au
2318 5587 2382 5619 an
2412 5586 2487 5619 88.

2209 5569 2487 5623 nudantes.

2258 5639 2369 5707 (89)
2412 5638 2860 5710 llecercsponsio
2898 5653 3021 5692 cum
3053 5639 3302 5710 sequenti
3340 5637 3757 5708 interrogatione

2189 5706 2425 5762 dcest'in
2460 5708 2581 5763 cod.
2611 5708 2945 5761 Colbertinn.

2262 5778 2371 5849 (90)
2414 5779 2566 5845 Sur.,
2620 5779 2889 5837 Cardulus
2947 5789 3000 5837 et
3053 5781 3171 5837 cod.
3203 5775 3757 5842 Colbertin.,loticc.
