4074 6440
447 387 517 445 99
942 381 947 385 ’
1748 380 1995 439 JULIUS
2032 373 2451 465 AFRICANIJS.

3619 370 3719 426 100

446 510 860 583 investigantcs,
896 510 1047 565 latet.
1079 508 1212 577 Quae
1243 508 1409 580 igitur
1436 507 1619 562 aureis
1647 505 1925 560 annalium
1944 504 2027 557 la-

2147 496 2570 569 ριλοπονοῦντας.
2595 495 2735 547 Ὀσα
2762 490 2892 563 γοῦν
2924 491 3038 562 (95)
3063 492 3119 545 ὲν
3140 491 3260 554 ταῖς
3282 491 3508 561 χρυσαῖς
3523 489 3721 547 ama-

448 601 616 656 minis
660 601 731 655 ab
771 600 905 671 ipsis
932 600 1221 669 insculpta,
1269 609 1432 668 atque
1470 596 1525 651 in
1575 596 1810 665 templis,
1843 609 2032 671 regum

450 693 762 762 sumptibus
793 670 1110 756 exstructis,
1142 690 1421 745 recondita
1458 698 1606 754 sunt,
1638 687 1928 743 enarrabo.
1955 670 2031 741 Ex

450 784 522 839 iis
541 785 708 850 enim,
733 800 856 854 quze
883 785 1078 839 ibidem
1103 791 1249 844 sunt,
1276 782 1492 851 templis
1510 791 1565 836 et
1588 796 1685 851 per
1723 779 2034 834 sacerdotes

452 874 647 929 iisdem
696 874 1000 945 praefectos,
1056 873 1262 929 Christi
1316 888 1518 928 nomen
1562 870 1815 943 primitus
1859 868 2035 924 divul-

454 979 641 1040 gatum
671 978 776 1024 est.

524 1060 718 1116 Exstat
751 1060 951 1131 quippe
1001 1060 1057 1115 in
1108 1058 1292 1115 Persia
1322 1057 1556 1113 Junonis
1588 1057 1872 1127 templum,
1904 1054 2036 1125 ipsis

454 1151 619 1222 regiis
655 1151 863 1205 aedibus
896 1149 1360 1220 magnificentius,
1393 1165 1423 1202 a
1456 1146 1623 1218 Cyro,
1662 1161 1789 1217 rege
1814 1146 2033 1215 religio—

455 1242 697 1305 sissimo,
735 1242 1086 1307 aedificatum,
1118 1241 1213 1309 qui
1247 1241 1301 1294 in
1330 1255 1396 1294 eo
1419 1253 1617 1293 aureas
1645 1246 1808 1306 atque
1836 1252 2034 1306 argen-

452 1340 571 1386 teas
601 1330 829 1385 deorum
860 1339 1073 1386 statuas
1098 1329 1325 1395 dicavit,
1354 1343 1559 1399 easque
1587 1327 1861 1397 lapidibus
1898 1341 2037 1396 prae-

451 1421 765 1478 tiosissimis
794 1422 1115 1485 exornavit,
1149 1439 1217 1477 ne
1252 1422 1462 1477 fusiore
1486 1419 1655 1475 totius
1679 1428 1908 1475 ornatus
1940 1419 2037 1475 de-

452 1516 747 1585 scriptione
787 1530 1095 1569 sermonem
1134 1514 1473 1584 protraham.

522 1605 634 1663 Illis
679 1607 863 1677 itaque
894 1606 1230 1676 temporibus
1257 1606 1739 1676 (quemadmodum
1762 1603 1952 1675 scripti
1979 1602 2035 1657 in

453 1697 675 1753 laminis
724 1697 909 1752 aureis
964 1697 1546 1767 annalestestantur),
1597 1712 1725 1753 cum
1770 1713 1867 1751 rex
1898 1694 2037 1751 forte

454 1792 522 1847 ad
574 1791 929 1847 obtinendam
986 1790 1329 1847 somniorum
1383 1791 1710 1845 solutionem
1772 1788 2032 1875 templum

2139 590 2281 661 ρίαις
2314 587 2424 659 (96)
2458 586 2792 640 κεκόλαπται
2812 626 2826 649 ,
2860 585 2955 639 καὶ
2984 586 3162 637 κεῖται
3196 582 3306 654 (97)
3339 584 3395 635 ὲν
3417 584 3531 646 τοῖς
3558 582 3721 653 ἱεροῖς

2138 679 2450 750 βασιλείοις,
2504 676 2643 741 λέξω
2666 717 2681 741 ,
2720 678 2802 730 ὅτι
2844 678 2910 729 ὲκ
2944 675 3055 729 τῶν
3096 673 3235 747 πρὸς
3274 671 3508 727 ἐνταῦθα
3561 672 3723 746 ίερῶν

2135 771 2229 824 καὶ
2296 770 2404 823 τῶν
2463 771 2521 822 ὲν
2559 768 2744 831 αὐτοῖς
2788 767 2980 839 ἱερέων
3035 767 3297 838 ἧκουσται
3322 765 3518 838 ⁸ὄνομα
3585 764 3722 837 Χρι-

2140 878 2291 914 στου.

2205 1059 2280 1112 Τὸ
2308 1058 2416 1129 γὰρ
2456 1058 2600 1130 ἱερὸν
2629 1059 2730 1130 τῆς
2766 1057 2943 1130 Ἥρας
2984 1056 3134 1111 ἐστὶν
3173 1056 3290 1110 ἐκεῖ
3328 1054 3439 1127 (98)
3466 1055 3723 1109 ἐπέκεινα

2133 1151 2241 1204 τῶν
2274 1150 2566 1219 βασιλικῶν
2595 1149 2899 1222 μελάθρων,
2916 1149 3052 1220 ὅπερ
3070 1146 3250 1219 Κῦρος
3265 1149 3293 1200 ό
3309 1146 3561 1216 βασιλεὺς
3580 1146 3720 1217 (99).

2133 1243 2163 1295 ὁ
2194 1243 2374 1311 πάσης
2406 1240 2689 1304 εὐσεϐείας
2730 1240 3001 1311 γνώστης,
3047 1236 3417 1292 κατεσκεύασε
3464 1237 3557 1290 καὶ
3597 1236 3723 1290 ἀνέ-

2136 1332 2305 1404 θηκεν
2352 1332 2589 1402 ὀνόματα
2621 1328 2779 1395 θεῶν,
2811 1328 3133 1400 ἀνδριάντας
3164 1324 3401 1400 χρυσοῦς
3427 1326 3520 1379 καὶ
3554 1327 3730 1400 ἀργυ-

2137 1423 2394 1498 ροῦς,καὶ
2429 1423 2740 1493 ἐκόσμησεν
2781 1420 2978 1483 αὐτοὺς
3026 1417 3193 1482 λίθοις
3227 1415 3593 1483 πολυτελέσιν,
3638 1417 3726 1472 ἵνα

2138 1518 2212 1589 μὴ
2241 1516 2446 1587 ταύτης
2479 1516 2800 1587 κοσμήσεως
2824 1513 2999 1581 λέγων
3021 1510 3260 1583 διασύρω
3283 1510 3373 1563 τὸν
3404 1509 3581 1577 λόγον.

2205 1610 2347 1663 Κατ’
2386 1608 2601 1672 ὲκείνας
2648 1607 2705 1660 δὲ
2751 1606 2850 1669 τὰς
2875 1605 3090 1675 ἡμέρας
3121 1603 3217 1671 (ὡς
3256 1603 3312 1656 αί
3345 1602 3726 1674 γεγραμμέναι

2137 1699 2343 1771 πτύχες
2373 1695 2734 1767 διδάσκουσιν)
2772 1694 3102 1762 εἰσελθόντος
3144 1692 3239 1745 τοῦ
3270 1691 3534 1762 βασιλέως
3560 1692 3641 1755 είς
3662 1692 3726 1746 τὸ

2137 1795 2281 1867 ἱερὸν
2315 1794 2409 1847 καὶ
2443 1791 2599 1845 λύσιν
2627 1790 2926 1860 ὀνειράτων
2960 1785 3121 1839 τινῶν
3145 1783 3435 1855 δεξομένου
3471 1783 3547 1855 (1)
3569 1823 3583 1847 ,
3619 1782 3725 1855 ἔφη

454 1881 738 1952 ingressus
767 1886 931 1946 esset,
952 1879 1266 1951 Prupupius
1292 1881 1547 1936 sacerdos
1573 1880 1642 1935 ad
1666 1895 1791 1935 eum
1824 1879 2035 1950 inquit:

2147 1886 2287 1957 αὐτῷ
2317 1888 2345 1939 ὀ
2371 1885 2547 1955 ἱερεὺς
2577 1881 2957 1951 Προυπούπιος
2977 1896 2990 1908 ·
3014 1877 3300 1948 Συγχαίρω
3332 1892 3434 1938 σοι.
3466 1876 3723 1931 δέσποτα.

456 1970 716 2028 Gratulor
736 1972 854 2038 tibi,
885 1972 1107 2027 domine
1137 1973 1233 2034 mi,
1267 1971 1411 2028 Juno
1439 1971 1706 2042 concepit.
1738 1970 2039 2026 Subridens

456 2080 555 2119 rex
588 2064 871 2134 respondit
901 2081 914 2117 :
942 2064 1096 2118 Itane
1131 2078 1261 2118 vero
1307 2062 1452 2119 Juno
1493 2071 1711 2118 mortua
1752 2060 2041 2132 concepit?

456 2154 559 2211 Cui
589 2155 845 2211 sacerdos
874 2172 888 2209 :
923 2153 1020 2208 Ita.
1054 2152 1200 2208 Juno
1227 2163 1443 2209 mortua
1478 2154 1698 2218 revixit,
1732 2161 1787 2209 et
1816 2161 2041 2231 generat

456 2250 648 2303 vitam.
694 2247 835 2314 Quid
877 2247 984 2302 hoc
1029 2246 1144 2301 rei?
1193 2248 1268 2301 ait
1325 2263 1441 2302 rex.
1476 2246 1731 2316 Apertius
1776 2245 1911 2299 mihi
1946 2245 2041 2300 de-

458 2343 630 2397 clara.
661 2340 765 2395 Cui
798 2340 889 2395 ille
922 2358 937 2396 :
971 2338 1182 2395 Revera
1210 2379 1224 2403 ,
1256 2339 1479 2394 domine
1525 2339 1619 2402 mi,
1662 2349 1898 2407 tempus,
1929 2353 2041 2407 quo

458 2431 575 2487 hate
604 2431 757 2496 fiant,
786 2430 1022 2487 advenit.
1055 2428 1189 2485 Tota
1203 2430 1346 2484 enim
1373 2438 1533 2484 nocte
1555 2428 1828 2499 praeterita
1845 2437 2041 2484 statua:

459 2537 653 2577 omnes
700 2520 929 2578 deorum
951 2530 1059 2575 tam
1074 2520 1484 2590 mariumquam
1510 2518 1833 2575 feminarum
1864 2518 2039 2589 tripu-

456 2614 658 2670 diando
706 2614 1135 2685 pervigilarunt,
1191 2612 1437 2667 dicentes
1494 2612 1638 2666 inter
1685 2627 1744 2667 se
1775 2627 1793 2667 :
1826 2611 2038 2675 Venite,

457 2706 898 2776 congratulemur
950 2704 1174 2760 Junoni.
1224 2704 1368 2772 Quin
1413 2704 1481 2759 ad
1526 2704 1795 2773 meipsum
1821 2719 2042 2774 quoque

457 2797 713 2851 dixerunt
758 2814 773 2850 :
824 2795 1124 2861 Adesdum,
1166 2794 1464 2865 propheta!
1521 2793 1900 2863 congratulare
1940 2791 2041 2847 Ju-

458 2890 612 2944 noni.
644 2887 836 2942 Amata
866 2896 952 2943 est
986 2887 1156 2941 enim.
1205 2885 1416 2952 Quibus
1444 2900 1545 2955 ego
1576 2904 1590 2940 :
1626 2884 1914 2951 Quomodo
1946 2901 2043 2954 po-

460 2989 567 3036 test
594 2980 789 3043 amari,
838 2994 960 3048 qua:
1000 2978 1189 3031 tandiu
1230 2977 1344 3047 jam
1374 2993 1405 3032 e
1442 2978 1581 3032 vivis
1604 2976 1873 3031 exceSsit?
1930 2975 2039 3031 Re-

462 3074 795 3144 sponderunt
822 3071 897 3126 illi
938 3090 952 3126 :
986 3070 1221 3135 Revixit,
1248 3085 1349 3125 nec
1370 3070 1604 3139 amplius
1630 3068 1773 3124 Juno
1797 3080 2041 3136 vocatur,

463 3166 559 3222 sed
594 3165 869 3221 Caelestis.
913 3162 1007 3218 Sol
1038 3163 1185 3218 enim
1214 3178 1447 3233 magnus
1470 3163 1673 3217 amavit
1703 3178 1845 3217 eam.
1876 3162 2042 3219 Dixe-

463 3266 594 3313 runt
624 3272 788 3328 porro
822 3254 1037 3310 feminae
1080 3255 1147 3309 ad
1176 3269 1352 3309 mares
1372 3293 1388 3319 ,
1422 3252 1768 3310 manifestius
1796 3271 1908 3309 rem
1946 3271 2044 3311 ex-
2069 3244 2110 3302 C

461 3351 726 3420 plicantes
768 3347 1099 3418 :Scaturigo
1138 3356 1220 3402 est
1264 3356 1467 3401 amata.
1511 3344 1701 3402 Nonne
1726 3348 1871 3401 enim
1900 3346 2044 3403 Juno

463 3441 680 3498 fabrum
714 3442 818 3497 sibi
850 3440 1242 3509 desponsavit?
1264 3468 1334 3479 —
1366 3438 1789 3509 Responderunt
1816 3456 1996 3497 mares
2027 3460 2041 3498 :

464 3535 622 3602 Quod
654 3536 776 3605 jure
805 3534 970 3588 etiam
1000 3531 1291 3603 Scaturigo
1321 3532 1654 3601 appelletur,
1686 3534 2041 3598 assentimur,

464 3624 668 3681 Verum
700 3634 881 3679 autem
908 3624 1081 3693 ipsius
1112 3638 1311 3678 nomen
1335 3633 1416 3679 est
1449 3623 1639 3695 Myria.
1670 3624 1872 3679 Navem
1897 3627 2045 3680 enim

466 3717 796 3781 onerariam,
845 3716 1151 3770 innumeris
1208 3717 1374 3771 rebus
1438 3716 1733 3786 repletam,
1775 3717 1831 3771 in
1893 3726 2047 3772 utero

467 3818 725 3878 tanquam
753 3809 806 3862 in
834 3809 1022 3878 pelago
1045 3816 1239 3879 gestat.
1264 3806 1419 3874 Quod
1437 3809 1480 3863 si
1503 3810 1665 3863 etiam
1687 3807 2047 3878 Scaturiginis

469 3903 694 3956 nomine
736 3902 1073 3972 iudigitetur,
1130 3900 1203 3955 ita
1239 3912 1323 3957 est
1357 3901 1765 3973 intelligendum
1797 3921 1811 3957 :
1847 3899 2045 3957 Scatus

468 4049 639 4104 setur,
674 4052 723 4094 et
755 4055 817 4093 ea
850 4053 973 4108 quae
1006 4052 1070 4091 ex
1101 4035 1267 4091 Mich.
1300 4036 1462 4108 Pselli
1496 4036 1636 4091 libro
1672 4036 1876 4108 inedito
1912 4039 2049 4091 θαυ-

462 4111 700 4181 μαοζίων
724 4105 1149 4181 Ἀκοὺσμίὶίτέιξν
1163 4105 1444 4181 Καρικῶν
1457 4105 2049 4181 καὶίρυᾳικῷν-νυῂζα-

467 4177 547 4235 vit
576 4179 900 4235 Lambecius
929 4195 961 4247 p
1013 4178 1256 4233 472-479
1297 4178 1430 4232 edit.
1476 4177 1719 4232 Kollarii.
1755 4177 1907 4231 Addo
1938 4178 2047 4243 hic,

470 4250 711 4305 Africani
744 4249 1005 4319 opuscula
1049 4249 1102 4302 in
1143 4250 1473 4319 quibusdam
1503 4248 1707 4319 decreti
1748 4248 2047 4314 Gelasiani,

471 4321 612 4390 quod
671 4314 850 4374 exstat
901 4320 1140 4390 distinct.
1161 4314 1279 4383 ⁷15,
1316 4334 1462 4390 can,
1502 4318 1576 4381 5,
1628 4314 1861 4390 sancta,
1914 4334 2050 4390 apo-

510 4391 694 4460 raphis
734 4391 1003 4443 reccnseri
1041 4389 1181 4443 inter
1213 4389 1541 4459 apocrypha.
1557 4389 1703 4459 quod
1737 4404 1849 4459 prae
1866 4388 2047 4443 omni-

514 4477 577 4515 us
611 4469 756 4513 certe
790 4461 916 4514 huic
944 4461 1244 4513 narrationi
1281 4461 1553 4514 convenit.

573 4530 664 4590 95)
694 4530 799 4601 his.
827 4540 1075 4601 uterque,
1103 4539 1437 4601 repugnante
1466 4537 1747 4601 contextu,
1781 4527 1911 4601 γάρ.

2152 1978 2217 2031 Ἢ
2252 1976 2399 2049 Ἥρα
2422 1979 2479 2029 ὲν
2511 1974 2707 2045 γαστρὶ
2741 1972 2953 2026 ἔλαϐεν.
2993 1969 3051 2025 '0
3075 1971 3131 2024 δὲ
3160 1969 3410 2039 βασιλεὺς
3447 1969 3728 2039 μειδιάσας

2138 2070 2286 2139 λέγει
2316 2066 2493 2137 αὐτῷ·
2542 2066 2607 2118 Ἦ
2639 2062 2878 2119 θανοῦσα
2900 2063 2958 2114 ὲν
2991 2062 3188 2131 γαστρὶ
3223 2061 3370 2130 ἔχεις
3417 2060 3475 2113 ὐ
3499 2059 3556 2112 δὲ
3590 2060 3724 2130 ἔφη·

2139 2162 2268 2216 Ναί.
2308 2161 2372 2213 Ἠ
2403 2157 2639 2212 θανοῦσα
2671 2156 2902 2227 ἀνέςηοε
2934 2154 3032 2225 (2),
3067 2153 3165 2207 καὶ
3190 2152 3334 2225 ζωὴν
3358 2154 3541 2224 γεννᾷ.
3580 2152 3639 2205 '0
3670 2151 3729 2205 δὲ

2143 2252 2425 2325 βασιλεύς⁸
2464 2250 2527 2303 Τί
2566 2249 2758 2313 toﬁ-co;
2794 2247 3097 2318 Σαφήνισόν
3148 2262 3257 2316 μοι.
3317 2246 3374 2299 ’0
3416 2244 3507 2297 δέ’
3572 2243 3730 2314 Ἀλη-

2141 2345 2270 2409 θῶς,
2301 2344 2553 2405 δέσποτα,
2588 2342 2776 2413 καιρὸς
2805 2338 3007 2409 ἔφθασε
3037 2336 3144 2389 τῶν
3168 2336 3374 2390 τούτων
3408 2336 3505 2406 (5).
3539 2335 3729 2389 Πᾶσαν

2142 2436 2251 2508 γὰρ
2285 2436 2385 2508 τὴν
2423 2435 2596 2489 νύκτα
2629 2432 2697 2485 τὰ
2730 2430 3019 2501 ἀγάλματα
3050 2427 3270 2498 ἔμειναν
3302 2428 3628 2499 χορεύοντα,
3660 2425 3733 2480 τά

2140 2547 2201 2584 τε
2240 2528 2470 2601 ἀνδρικά
2516 2527 2611 2582 κα)⁵
2663 2525 2757 2579 τάΔ
2787 2528 3094 2594 γυναικεῖα,
3156 2523 3385 2591 λέγοντα
3441 2520 3726 2592 ἀλλήλοις·

2141 2621 2305 2676 Δεῦτε
2327 2664 2341 2687 ,
2377 2621 2760 2691 συγχαίρωμεν
2795 2618 2870 2689 (4)
2901 2619 2968 2689 τῇ
3007 2619 3173 2690 Ἤρᾳ.
3212 2617 3323 2669 Καὶ
3349 2614 3567 2684 λέγουσι
3601 2630 3726 2686 μοι·

2142 2713 2404 2784 Προφῆτα
2426 2752 2441 2776 ,
2472 2711 2669 2782 ὕπαγε,
2708 2708 3013 2788 συγχάρηοῄι
3046 2711 3111 2779 τῇ
3146 2706 3327 2779 Ἥρᾳ,
3365 2707 3445 2759 ὅτι
3473 2705 3726 2777 ἑφιλήθη.

2155 2804 2297 2874 Ἐγὼ
2328 2805 2384 2858 δὲ
2418 2801 2569 2857 εἷπον
2591 2821 2602 2832 ·
2643 2803 2767 2865 Πῶς
2804 2802 2879 2871 (5)
2919 2801 3031 2871 ἔχει
3067 2799 3413 2870 φιληθῆναιή
3451 2798 3526 2869 μὴ
3556 2794 3728 2863 οὔσας

2143 2897 2333 2952 Ἀτινα
2375 2896 2647 2965 λέγουσιν,
2687 2895 2770 2948 ὅτι
2819 2893 3084 2963 ἀνέζησε,
3134 2893 3228 2945 καὶ
3280 2891 3462 2944 οὐκέτι
3513 2889 3731 2958 λέγεται

2145 2988 2314 3058 "Hpa,
2349 2985 2424 3058 (6)
2465 2980 2577 3040 ἀλλ’
2617 2985 2878 3059 Οὐρανία.
2918 2984 3107 3051 Μέγας
3142 2982 3252 3055 γὰρ
3285 2983 3474 3045 Ἥλιος
3504 2980 3580 3053 (7)
3614 2981 3733 3052 ἐφίο

2143 3078 2306 3150 λησεν
2337 3078 2525 3148 αὐτὴν.
2556 3078 2621 3130 Ai
2654 3077 2710 3130 δὲ
2742 3076 2953 3149 θήλειαι
2975 3076 3112 3147 πρὸς
3145 3076 3272 3138 τοὺς
3293 3074 3492 3144 ἄνδρας
3522 3073 3729 3142 ἔλεγον,

2145 3169 2304 3240 δῆθεν
2361 3169 2422 3223 τὸ
2494 3172 2727 3243 πρᾶγμα
2777 3167 3220 3233 διευτελίζουσαι·
3291 3166 3449 3238 Πηγή
3507 3165 3729 3237 ἐστινὴ

2145 3262 2460 3334 φιληθεῖσα·
2523 3262 2597 3333 μὴ
2651 3261 2759 3333 γὰρ
2791 3263 2826 3333 ἡ
2854 3262 2999 3332 Ἥρα
3018 3260 3246 3313 τέκτονα
3285 3257 3731 3331 ὲμνηστεύσατος

2145 3357 2242 3410 κα).
2273 3355 2520 3424 λέγουσιν
2552 3356 2599 3407 oi
2626 3355 2815 3426 ἄνδρες
2834 3371 2847 3384 ·
2909 3354 3028 3408 Ὅτι
3080 3353 3178 3424 μὲν
3218 3351 3381 3424 Πηγὴ
3410 3349 3632 3414 δικαίως
3656 3349 3733 3405 ιτ·

2118 3466 2329 3520 ,ρηταμ
2383 3446 2777 3519 ἀποδεχόμεθα.
2814 3446 3000 3519 Μυρία
3032 3445 3087 3499 δὲ
3119 3446 3291 3515 αὐτῆς
3330 3443 3592 3514 τοῦνομα,
3614 3443 3737 3511 ἣτις

2146 3543 2203 3593 ὲν
2256 3541 2435 3611 μήτρα
2472 3540 2548 3603 ὡς
2578 3543 2635 3592 ὲν
2676 3539 2901 3609 πελάγει
2943 3538 3290 3611 μυριαγωγὸν
3329 3537 3527 3591 ὁλκάδα
3559 3536 3733 3608 φέρει.

2157 3631 2224 3685 Ἦ
2251 3632 2307 3684 δὲ
2343 3632 2437 3684 καὶ
2472 3632 2629 3704 Πηγὴ
2668 3631 2805 3705 αὕτη
2826 3673 2840 3697 ,
2876 3630 3019 3685 οὕτω
3051 3632 3305 3685 νοείσθω·
3341 3630 3503 3704 Πηγὴ
3547 3630 3738 3695 ὓδατος

2148 3726 2327 3797 πηγὴν
2371 3724 2679 3795 πνεύματος
2726 3725 3021 3789 ἀενναῖζει.
3084 3724 3180 3777 ἕνα
3229 3723 3390 3794 μόνον
3451 3722 3603 3793 ἰχθὺν
3660 3722 3737 3794 (8)

2148 3818 2365 3890 ἔχουσα,
2423 3816 2500 3889 τῷ
2524 3817 2627 3887 τῆς
2689 3816 2944 3887 θεότητος
2993 3817 3279 3887 ἀγκίστρῳ
3328 3814 3738 3886 λαμὸανόμενον

2148 3910 2243 3963 καὶ
2273 3910 2345 3981 (9)
2369 3909 2459 3962 τὸν
2499 3907 2676 3962 πάντα
2725 3907 2929 3978 κόσμον
2954 3948 2969 3973 ,
3002 3906 3077 3970 ὡς
3109 3909 3165 3960 ὲν
3210 3905 3456 3977 θαλάσσῃ
3509 3905 3742 3976 διαγινό-

2149 4049 2353 4105 omissa
2385 4048 2550 4102 etiam
2595 4046 2664 4102 ab
2700 4046 2859 4100 initio
2898 4045 3326 4117 constructionis
3368 4047 3588 4117 copula,
3618 4048 3738 4102 καί.

2222 4119 2298 4189 (2)
2335 4119 2515 4173 Codex
2559 4118 2754 4190 ordine
2784 4117 3105 4190 _novo‘l99,
3154 4116 3398 4190 ὲνὲζησε.
3436 4116 3732 4173 'Siuceram

2150 4187 2438 4244 lectionem
2486 4187 2655 4243 refert
2698 4187 2870 4242 codex
2907 4187 2995 4242 61.

2224 4259 2298 4331 (ὅ)
2324 4258 2425 4313 Ms.
2450 4269 2717 4329 uterque,
2742 4260 2932 4330 καιρὸς
2962 4257 3165 4328 ἔφθασε
3196 4259 3266 4313 τὰ
3295 4257 3557 4326 ἐνταῦθα,
3588 4256 3741 4329 quod

2150 4338 2277 4400 apto
2310 4344 2473 4400 sensu
2502 4339 2670 4384 caret.

2222 4374 2702 4475 "El-stultia}qu
2731 4399 3011 4475 mendose,
3038 4374 3432 4475 συγχωρῷμεν.

2224 4468 2303 4539 (5)
2332 4468 2439 4524 Pro
2480 4468 2627 4533 πῶς,
2663 4471 2809 4539 quod
2854 4471 3015 4525 unice
3071 4468 3177 4524 huc
3218 4468 3473 4538 quadrat,
3524 4468 3578 4523 in
3633 4485 3739 4525 ms.

2157 4540 2391 4609 utroque
2419 4551 2701 4593 exaratum
2733 4540 2837 4602 τίς.

573 4532 664 4590 95)
698 4532 799 4583 Ms.
827 4540 1075 4597 uterque,
1103 4539 1437 4598 repugnante
1466 4537 1747 4593 contextu,
1781 4532 1911 4601 γάρ.

546 4532 659 4673 (96)
694 4598 1271 4679 νοοιτηραλκλαρίαις,
1322 4616 1350 4653 a
1399 4599 1796 4679 lingtia_Cr§uca
1830 4614 2046 4679 prorsus

2157 4532 2391 4609 utroque
2419 4532 2701 4593 exaratum
2733 4540 2837 4602 τίς.
3235 4532 3254 4538 ⁷
3458 4532 3468 4536 “

2230 4608 2306 4679 (6)
2348 4609 2674 4664 Antithesim
2709 4608 3005 4679 quamdam
3052 4608 3108 4663 in
3135 4607 3349 4664 duobus
3376 4608 3527 4663 hisce
3559 4608 3744 4662 nomio

475 4669 746 4732 alienam,
805 4671 1065 4724 exliibent
1110 4669 1246 4723 iuss.
1306 4669 1499 4723 ambo.
1549 4669 1886 4739 Significatio
1934 4670 2054 4739 ejus

474 4751 621 4812 patet
642 4759 707 4796 ex
741 4741 1121 4812 sequentibus,
1158 4739 1251 4793 ubi
1286 4740 1406 4812 loco
1438 4738 2058 4812 ipsiusivocabulamzi-

477 4808 594 4884 χες,
632 4808 866 4884 Απέταλα
923 4820 1240 4865 occurrunt.
1291 4808 1473 4881 Origo'
1507 4826 1570 4863 ex
1629 4810 1782 4866 initio
1843 4811 2057 4865 videtur

476 4882 734 4936 Arabica.

549 4952 663 5019 (97)
689 4950 790 5004 Ms.
824 4960 1052 5020 uterque
1081 4951 1310 5015 solmce,
1340 4953 1567 5005 κεῖνται.

550 5023 660 5091 (98)
689 5024 795 5077 Ms.
829 5019 1057 5093 uterque
1092 5023 1155 5074 τὸ
1180 5022 1287 5091 γὰρ
1323 5022 1464 5093 ἱερὸν
1495 5021 1594 5090 τῆς
1620 5021 1827 5093 Ἥρας,
1858 5019 1887 5071 ὅ
1911 5022 2058 5073 ἐστιν

477 5090 754 5153 ἐπέκεινα,
809 5110 863 5145 κ.
898 5108 944 5143 τ.
980 5090 1029 5145 λ.
1064 5090 1271 5163 absque
1309 5090 1474 5147 verbo
1501 5131 1515 5155 ,
1555 5090 1707 5162 quod
1734 5092 1801 5146 ad
1846 5101 2057 5145 rectum

482 5165 525 5218 ὶε
535 5165 633 5237 ρόν⁸
649 5165 792 5237 refer
802 5172 916 5216 rclu
926 5178 971 5214 r.

551 5234 664 5305 (99)
705 5233 1065 5288 Artaxerxem
1123 5231 1455 5305 que_mdam,__
1489 5230 1783 5305 Pet-Earum
1831 5245 2056 5305 regem,

479 5301 698 5360 Parthis
725 5305 1030 5373 subjectum
1052 5344 1067 5368 ,
1100 5304 1191 5371 qui
1221 5302 1460 5371 Pompeii
1485 5311 1540 5356 et
1568 5302 1805 5356 Caasaris
1833 5301 2059 5373 aequalis

482 5375 670 5440 fuerit,
693 5371 1088 5427 commemorat
1108 5372 1383 5427 Lucianus
1407 5374 1547 5426 inter
1574 5374 1847 5442 lotigznvos
1877 5371 2059 5425 libello

480 5444 621 5515 Περὶ
646 5445 1002 5514 μακροϐίων.
1039 5442 1238 5514 Cyrum
1264 5444 1428 5508 hunc,
1460 5443 1680 5515 Christo
1711 5453 1838 5494 nato
1861 5456 2060 5511 suppa-

479 5513 622 5578 rem,
651 5513 767 5585 soia
800 5515 989 5568 harum
1024 5513 1291 5585 nugarum
1322 5513 1647 5569 auctoritate
1674 5518 1921 5585 astruere
1950 5527 2060 5566 non

483 5587 683 5640 ausim.
714 5583 911 5637 Notum
937 5582 1290 5653 caeteroquin,
1317 5599 1515 5638 novam
1539 5596 1772 5651 eamque
1800 5582 2060 5653 indepen—

482 5658 699 5709 dentem
734 5653 1020 5709 Persarum
1054 5652 1429 5708 monarchiam
1465 5655 1685 5707 demum
1717 5652 1911 5720 quinto
1934 5653 2060 5706 Ale-

482 5726 674 5780 xandri
725 5725 907 5779 Severi
958 5741 1102 5780 anno
1131 5725 1201 5779 ab
1234 5723 1537 5778 Artaxerxe
1563 5765 1579 5791 ,
1609 5736 1800 5778 everso
1828 5720 2060 5778 Partho-

483 5811 604 5851 rum
632 5796 877 5865 imperio,
905 5805 1264 5865 restauraiam
1297 5809 1437 5849 esse.

557 5866 632 5939 (1)
691 5863 791 5923 Hs.
851 5876 1081 5938 uterque
1142 5864 1295 5919 λύσιν
1358 5863 1702 5936 ὀνειρατείων
1754 5863 2055 5939 δεξόμενος,

2158 4677 2325 4734 nibus
2355 4679 2503 4749 Ἥρα
2529 4689 2582 4733 et
2611 4677 2855 4750 Οὐρανία
2897 4688 3076 4747 captat
3113 4688 3327 4750 auctor,
3358 4680 3561 4750 prioris
3595 4679 3743 4750 deri-_

2159 4747 2559 4830 vationeOfacta
2611 4751 2680 4804 ab
2697 4747 2823 4821 ἔρα,
2866 4759 3030 4818 terra,
3075 4759 3136 4806 ut
3161 4749 3297 4803 adeo
3326 4750 3435 4821 ἦρα
3472 4749 3544 4803 sit
3584 4747 3743 4819 quasi

2162 4828 2448 4872 terrestris.

2233 4888 2458 4977 (7)m§ic
2480 4888 2659 4977 codex
2699 4887 3023 4973 6I.‘Codex
3054 4883 3159 4938 119
3200 4888 3541 4960 simpliciter,
3584 4890 3614 4942 6
3647 4888 3746 4959 μὲν

2610 5029 2727 5085 haec
2776 5028 3208 5112 illustrat-locus
3341 5029 3632 5099 Augustini
3664 5028 3749 5111 ρο

2162 5100 2305 5153 civit.
2324 5099 2445 5165 Dei,
2472 5100 2741 5163 Iib.xvm,
2767 5117 2817 5154 c.
2842 5099 2947 5152 23:
2978 5117 2996 5149 ι
3023 5097 3225 5171 Horum
3246 5097 3555 5156 Graecorum
3585 5100 3748 5171 quin:

2160 5186 2268 5242 que
2314 5172 2641 5242 verborum,
2689 5186 2813 5239 quae
2859 5178 3002 5242 sunt
3057 5168 3263 5242 Ἰησοῦς
3328 5172 3561 5242 Χριστὸς
3605 5167 3748 5242 Beat?

2162 5240 2290 5313 Ῑίδς
2337 5241 2549 5313 Σῳτήρ,
2592 5238 2751 5313 quod
2773 5249 2855 5297 est
2889 5238 3128 5313 Latine,
3163 5238 3326 5296 Jesus
3352 5238 3617 5313 Christus
3653 5238 3747 5313 Dei

2161 5309 2336 5381 Filius
2396 5309 2648 5366 Salvator
2711 5311 2757 5366 si
2819 5312 3027 5381 primas
3083 5311 3295 5365 litteras
3342 5312 3577 5380 iungas,
3646 5309 3751 5363 erit

2166 5380 2335 5453 ίχθύς,
2357 5382 2411 5436 id
2432 5390 2516 5436 est
2534 5382 2721 5451 piscis;
2736 5382 2790 5435 in
2812 5380 2921 5453 quo
2945 5382 3166 5436 nomine
3189 5384 3414 5453 mystice
3436 5381 3752 5453 intelligitur

2161 5450 2436 5523 Christus,
2455 5450 2697 5523 eo’quod
2728 5453 2782 5506 in
2811 5452 2977 5523 hujus
3003 5450 3355 5507 mortalitatis
3382 5454 3580 5523 abysso
3602 5450 3752 5505 velut

2162 5521 2216 5576 in
2254 5538 2517 5592 aquarum
2542 5522 2909 5592 profunditate
2930 5522 3108 5587 vivus,
3139 5524 3241 5577 hoc
3255 5533 3339 5578 est
3369 5521 3486 5593 sine
3504 5529 3749 5593 peccato,

2161 5607 2295 5665 esse
2309 5591 2561 5665 potuerit.
2590 5593 2900 5665 iCaeterum
2925 5608 3059 5648 usus
3079 5595 3321 5665 mysticae
3336 5591 3751 5665 hujusjappella-

2162 5660 2330 5733 tionis
2368 5662 2661 5733 Augustini
2681 5678 2797 5718 arvo
2821 5664 2980 5733 longe
3022 5660 3300 5733 antiquior
3328 5703 3344 5726 ,
3375 5660 3521 5732 quod
3552 5660 3650 5717 ‘vel
3680 5672 3750 5715 ex

2163 5734 2286 5806 solo
2299 5732 2592 5806 Clementis
2608 5732 2963 5806 Alexandrini
2994 5732 3273 5806 bymnoin
3291 5733 3567 5789 Christum
3582 5735 3748 5804 patet.

2237 5802 2316 5875 (9)
2343 5801 2551 5878 Copula
2577 5804 2670 5895 καί
2704 5805 2761 5862 in
2795 5801 3158 5876 utroque'ms.
3187 5803 3360 5863 deest.
