4074 6370
296 360 393 414 101

887 351 1159 410 SPURIA.
1193 381 1264 394 —
1302 351 1389 405 DE
1424 347 1652 405 ΗΕΒΠὸ
1679 342 1995 400 PERSlClS
2034 341 2210 396 POST
2240 338 2599 396 CHRISTUM
2634 335 2901 392 NATUM.

3437 338 3544 392 £02

291 491 473 545 μενον,
528 473 633 544 ἰδίᾳ
686 473 849 544 σαρκὶ
904 472 1172 544 τρέφοντα
1236 448 1373 542 (10).
1423 448 1622 532 Καλῶς
1669 467 1871 537 ἕφητε·

1984 466 2101 533 rigo
2147 465 2263 518 haec
2325 477 2482 531 aqu:e
2535 473 2827 530 perennem
2883 456 3108 526 spiritus
3165 453 3555 527 scaturiginem

291 565 536 620 Τέκτονα
582 565 695 636 ἔχει
727 565 907 636 ἐκείνη
930 582 942 594 ’
992 564 1106 618 ἀλλ’
1135 563 1234 616 οὐκ
1260 567 1324 616 ὲκ
1363 561 1553 632 λέχους
1599 561 1711 613 ἴσον
1759 559 1870 628 (11)

288 657 466 713 τίκτει
489 657 580 711 τὸν
610 657 856 711 τέκτονα.
890 651 1057 720 Οὗτος
1080 656 1187 728 γάρ
1214 658 1241 710 6
1274 654 1611 725 γεννώμενος
1645 653 1870 714 τέκτων,

290 750 323 804 6
347 749 443 802 τοῦ
486 749 848 820 τεκτονάρχου
892 751 1020 812 παῖς
1044 789 1058 812 ,
1106 748 1199 800 τὸν
1233 745 1589 819 τρισύστατον
1641 740 1872 815 ούρανοῦ

289 839 489 913 ὀροφον
519 841 835 912 ὲτεκτόνησε
866 841 1157 908 πανσόφοις
1185 839 1426 910 τέχναις,
1469 839 1567 910 τὴν
1597 835 1841 908 τρικάτοι
1861 864 1873 874 -

295 951 391 989 κον
421 935 628 1006 ταύτην
658 934 932 1003 στεγοτίδα
967 933 1076 1004 (12)
1107 933 1249 1003 λόγῳ
1281 931 1476 1003 πήξας.

1976 554 2298 626 profundit,
2339 567 2461 622 quae
2497 550 2719 605 nonnisi
2758 550 2983 604 unicum
3023 551 3080 602 in
3110 563 3170 603 se
3197 549 3404 618 piscem
3428 567 3560 602 cun-

1965 646 2134 710 'tinet,
2183 645 2484 699 divinitatis
2537 644 2702 698 hamo
2735 650 2978 711 captum,
3028 649 3193 709 atque
3239 641 3556 695 universum

1980 738 2244 792 mundum
2276 751 2381 790 non
2414 749 2594 799 secus,
2627 749 2691 789 ac
2719 734 2766 788 si
2806 734 2861 787 in
2893 733 3030 787 mari
3069 741 3236 799 esset,
3268 747 3432 787 carne
3459 735 3558 787 sna

1979 831 2330 885 nutrientem.
2382 828 2544 881 Recte
2599 826 2836 888 dixistis,
2880 826 3054 894 ipsam
3113 825 3269 879 fabro
3315 825 3557 894 junctam

1981 937 2122 977 esse.
2167 918 2286 973 Non
2318 927 2498 972 tamen
2538 933 2604 971 ex
2629 918 2734 972 isto
2765 917 3022 986 conjugio
3054 917 3319 987 aequalem
3347 915 3447 985 ipsi
3481 918 3559 970 fa-

295 1030 456 1086 br-um
498 1031 659 1099 parit.
707 1029 813 1084 Iste
858 1029 1002 1084 enim
1037 1029 1130 1098 qui
1181 1028 1446 1093 nascitur,
1503 1025 1675 1090 faber,
1741 1023 2022 1078 fabrorum
2067 1016 2330 1087 principis
2381 1022 2464 1070 est
2502 1014 2681 1079 titius,
2744 1015 2836 1084 qui
2878 1013 3089 1069 infinita
3143 1029 3241 1068 sua
3290 1015 3557 1082 sapientia

295 1139 614 1194 supremum
670 1124 796 1178 creti
841 1123 1054 1178 tholum
1100 1122 1404 1177 fabricatus
1453 1129 1556 1184 est,
1594 1120 1870 1188 simulque
1907 1113 2189 1185 tripliciter
2251 1109 2565 1165 distinctam
2631 1111 2772 1164 hanc
2825 1109 3134 1166 inferiorem
3165 1110 3555 1164 habitationem

297 1218 466 1273 verbo
502 1230 604 1270 suo
637 1215 890 1269 ﬁrmavit.

371 1309 631 1379 Ἔμειναν
666 1307 796 1375 γοῦν
841 1306 909 1360 τά
952 1306 1240 1377 ἀγάλματα
1288 1304 1693 1376 φιλονεικοῦντα
1745 1304 1872 1374 περὶ

300 1400 479 1472 Ἥρας
510 1401 604 1454 καὶ
631 1401 822 1470 Πηγῆς
843 1400 936 1453 καὶ
967 1399 1261 1471 ὁμοφώνως
1286 1400 1394 1471 (15)
1415 1395 1595 1452 εἷπον·
1631 1397 1874 1468 Πληρου-

303 1493 469 1564 μένης
494 1492 592 1564 τῆς
619 1493 830 1563 ἡμέρας
861 1492 922 1544 τὸ
969 1492 1134 1560 σαφὲς
1174 1491 1373 1555 πάντες
1405 1491 1500 1544 καὶ
1534 1493 1704 1544 πᾶσαι
1733 1507 1873 1558 γνω-

301 1584 522 1656 σόμεθα.
550 1583 662 1637 Νῦν
691 1582 804 1648 οὖν,
833 1584 1087 1647 δέσποτα,
1121 1584 1454 1656 παράμεινον
1475 1583 1537 1635 τὸ
1564 1582 1746 1634 λοιπὸν
1772 1582 1871 1651 τῆς

299 1679 530 1749 ἡμέρας.
577 1676 799 1739 Πάντως
843 1675 952 1746 γάρ
989 1675 1108 1744 ἥξει
1141 1676 1200 1729 τὸ
1233 1677 1482 1747 πρᾶγμα.
1513 1675 1587 1728 Τὸ
1613 1675 1722 1747 γὰρ
1752 1675 1881 1728 ἀνα-

299 1769 477 1840 κύψαν
507 1768 607 1821 οὐκ
636 1767 749 1820 ἔστι
775 1768 835 1820 τὸ
864 1768 1042 1838 τυχόν.

367 1945 663 2008 Μείναντος
694 1945 748 1998 δὲ
793 1944 888 2013 τοῦ
937 1942 1196 2014 βασιλέως
1245 1945 1361 1996 ἐκεῖ
1409 1942 1504 1996 καὶ
1548 1939 1875 2012 θεωροῦντος

297 2038 365 2092 τὰ
409 2037 715 2108 ἀγάλματα,
765 2036 1084 2107 αὐτομάτως
1131 2039 1185 2090 αἱ
1234 2035 1596 2108 κινυρίστριαι
1642 2033 1750 2104 (14)
1779 2034 1876 2104 ἧρ-

300 2127 458 2192 ξαντο
489 2126 704 2199 κρούειν
741 2126 837 2190 τάς
870 2126 1096 2198 κινύρας
1130 2125 1238 2197 (15)
1260 2167 1274 2190 ,
1318 2127 1376 2180 αἱ
1405 2125 1462 2179 δὲ
1486 2124 1700 2178 Μοῦσαι
1730 2124 1875 2195 ᾄδειν

297 2223 392 2275 καὶ
436 2221 537 2275 ὅσα
580 2217 648 2292 ἦν
697 2219 844 2272 ἔνδον
903 2219 1206 2292 τετράποδα
1238 2220 1333 2272 καὶ
1374 2217 1594 2271 πετεινὰ
1641 2217 1878 2288 ἀργυρό-

297 2331 493 2386 χρυσα,
528 2314 754 2367 ἕκαστον
794 2313 894 2384 τὴν
935 2313 1069 2365 ἰδίαν
1096 2311 1380 2366 ἀπέστειλε
1412 2311 1614 2382 φωνήν.
1668 2307 1773 2360 Τοῦ
1819 2307 1876 2360 δὲ

288 2405 561 2475 (βασιλέως
601 2404 993 2476 φρικιάσαντος
1032 2405 1122 2458 καὶ
1161 2388 1290 2473 βλου
1333 2403 1500 2472 φόϐου
1543 2400 1878 2470 πλησθέντος

298 2497 528 2569 ἤμελλεν
543 2499 869 2569 ἀναχωρεῖν.
899 2498 1012 2550 Οὐκ
1032 2496 1194 2568 ἔφερε
1223 2496 1329 2566 γὰρ
1355 2493 1446 2548 τοῦ
1471 2490 1875 2563 αὐτοματισμοῦ

296 2586 388 2640 τὸν
425 2589 677 2660 τάραχον.
715 2586 877 2654 Λέγει
911 2582 1003 2640 οῦν
1041 2587 1190 2658 αὐτῷ
1219 2589 1248 2639 ὁ
1282 2585 1492 2658 ἱερεύς⁸
1540 2585 1874 2654 Ἀνάμεινον,

299 2681 540 2751 βασιλεῦ.
593 2680 851 2751 Πάρεστι’
886 2678 996 2749 γὰρ
1033 2678 1215 2732 τελεία
1247 2677 1614 2746 ἀποκάλυψις,
1651 2678 1716 2747 ἣν
1745 2674 1877 2738 Θεὸς

298 2771 438 2824 θεῶν
461 2771 753 2839 σαφηνίσαι
781 2771 914 2838 ἡμῖν
941 2767 1247 2838 ᾑρετίσατο.

373 2861 590 2914 Τούτων
616 2861 672 2914 δὲ
709 2860 850 2913 οὓτω
885 2860 1183 2930 λεχθέντων
1213 2859 1481 2930 διήνοικτο
1503 2861 1531 2912 6
1554 2859 1749 2931 ὄροφος
1784 2860 1878 2914 καὶ

300 2947 569 3016 κατῆλθεν
605 2949 781 3019 ἀστὴρ
828 2947 1078 3019 λαμπρὸς
1108 2947 1202 3000 καὶ
1241 2947 1369 3016 ἔστη
1409 2947 1590 3001 ἐπάνω
1619 2948 1720 3017 τῆς
1752 2952 1880 3019 στή-

299 3039 400 3112 λης
440 3040 538 3110 τῆς
584 3040 792 3110 Πηγῆς,
843 3040 937 3092 καὶ
983 3038 1132 3109 φωνὴ
1183 3038 1423 3109 ἠκούσθη
1465 3039 1721 3110 τοιαύτη·
1777 3040 1876 3092 Δέ-

300 3145 497 3182 σποινα
542 3127 719 3197 Πηγὴ,
776 3128 805 3178 6
849 3127 1024 3196 μέγας
1064 3125 1248 3190 Ἥλιος
1277 3126 1560 3179 ἀπέστειλέ
1593 3143 1680 3195 με,
1720 3125 1880 3196 μηνῦ-

2051 1292 2142 1347 Sic
2173 1291 2358 1360 itaque
2399 1298 2593 1344 statua:
2625 1287 2833 1343 diutius
2871 1289 2937 1344 de
2975 1288 3191 1344 Junone
3217 1300 3272 1344 et
3315 1287 3558 1345 Scaturi-

1979 1383 2103 1454 gine
2119 1381 2541 1436 altercabantur.
2571 1379 2812 1434 Tandem
2833 1381 3079 1434 unanimi
3107 1396 3241 1435 voce
3266 1382 3553 1437 dixerunt:

1977 1479 2255 1548 Completa
2287 1477 2374 1532 die
2409 1478 2788 1547 unusquisque
2825 1486 2879 1530 et
2916 1492 3257 1546 unaquaeque
3299 1485 3551 1531 nostrum

1977 1570 2094 1626 haec
2127 1571 2272 1625 clare
2311 1569 2592 1639 intelliget.
2634 1567 2790 1624 Nunc
2825 1570 3033 1638 itaque,
3068 1569 3287 1624 domine
3335 1569 3432 1634 mi,
3468 1585 3558 1623 re-

1985 1665 2196 1733 liquum
2255 1661 2361 1716 diei
2415 1662 2503 1715 hic
2551 1672 2824 1730 exspecta.
2885 1661 3121 1716 Omnino
3167 1660 3312 1715 enim
3363 1677 3448 1716 res
3483 1662 3557 1716 ita

1982 1755 2216 1816 eveniet,
2243 1766 2344 1806 nec
2372 1750 2594 1820 vulgare
2621 1750 2922 1821 quidquam
2957 1759 3062 1816 est,
3095 1750 3240 1820 quod
3259 1751 3418 1804 modo
3443 1767 3560 1804 ma-

1903 1857 1950 1916 Β
1977 1843 2284 1898 nifestatur.

2047 1933 2192 2003 Rege
2229 1933 2414 2002 itaque
2455 1930 2566 1984 illic
2601 1937 2857 1984 manente
2886 1939 2940 1983 et
2967 1937 3178 1984 statuas
3208 1929 3557 1996 observante,

1977 2036 2165 2096 sponte
2184 2013 2281 2080 Sua
2299 2023 2621 2096 cinyristriae
2637 2030 2919 2092 coeperunt
2941 2023 3159 2093 cinyras
3178 2022 3418 2092 pulsare,
3438 2019 3559 2076 Mu-

1978 2133 2160 2187 sacque
2183 2127 2425 2183 cantare,
2443 2126 2497 2172 et
2518 2122 2788 2187 quotquot
2812 2114 2866 2168 in
2899 2115 3100 2184 templo
3116 2123 3292 2178 erant,
3317 2115 3559 2185 quadru-

1976 2212 2132 2282 pedia
2161 2218 2213 2266 et
2241 2211 2476 2265 volatilia
2495 2224 2630 2264 auro
2649 2215 2936 2276 etargento
2951 2207 3184 2276 sculpta,
3204 2209 3560 2276 unumquod-

1977 2317 2083 2372 que
2096 2315 2284 2356 vocem
2305 2317 2458 2355 suam
2485 2301 2752 2356 emittere.
2780 2299 2892 2354 Rex
2925 2299 2990 2353 ad
3035 2300 3149 2354 haec
3181 2299 3411 2353 horrore
3437 2315 3561 2354 cor-

1977 2403 2163 2463 reptus
2190 2401 2445 2462 totusque
2485 2400 2691 2446 terrore
2713 2391 3018 2461 perculsus,
3045 2389 3319 2460 cogitabat
3341 2391 3557 2446 discest-

1978 2500 2122 2539 sum.
2146 2483 2263 2538 Non
2299 2485 2442 2538 enim
2477 2483 2683 2538 ferebat
2709 2492 3024 2554 spontaneaa
3047 2482 3211 2551 hujus
3234 2483 3560 2536 commotio~

1977 2577 2064 2630 nis
2091 2576 2405 2630 tumultum.
2433 2574 2523 2629 Ait
2555 2575 2736 2644 itaque
2762 2573 2830 2628 ad
2871 2575 3021 2627 illum
3051 2573 3309 2628 sacerdos
3337 2591 3350 2626 :
3377 2572 3556 2641 Mane,

1978 2667 2104 2720 rex!
2131 2664 2378 2719 imminet
2401 2665 2547 2718 enim
2583 2665 2744 2718 modo
2769 2665 2927 2733 plena
2951 2665 3148 2718 harum
3186 2679 3372 2718 rerum
3404 2680 3558 2720 reve-

1976 2757 2142 2822 latio,
2172 2773 2202 2811 a
2229 2757 2340 2811 Deo
2373 2757 2600 2811 deorum
2634 2757 2792 2810 nobis
2823 2755 3129 2825 pandenda.

2048 2843 2146 2900 His
2172 2845 2246 2899 ita
2278 2845 2436 2899 dictis
2472 2853 2718 2913 apertum
2749 2856 2830 2899 est
2855 2845 3037 2914 templi
3071 2853 3294 2910 tectum,
3334 2846 3561 2903 descen-

1978 2935 2166 3005 ditque
2197 2936 2353 2990 stella
2391 2937 2694 3006 splendida.
2724 2935 2840 3002 Qua
2879 2953 3042 3006 supra
3078 2938 3390 2992 columnam
3423 2939 3558 2996 Sca-

1979 3028 2230 3098 turiginis
2265 3036 2462 3102 stante,
2494 3029 2609 3083 haec
2641 3043 2740 3082 vox
2770 3029 2953 3082 audita
2989 3038 3073 3084 est
3106 3048 3119 3083 :
3159 3029 3387 3086 Domina
3425 3030 3560 3088 Sca-

1980 3121 2192 3191 turigo!
2227 3119 2320 3174 Sol
2372 3136 2600 3187 magnus
2657 3120 2807 3174 misit
2849 3135 2937 3174 me
2972 3121 3037 3174 ad
3073 3120 3424 3178 indicandum
3462 3124 3560 3179 tibi

299 3220 391 3275 σαί
429 3237 510 3273 σοι
543 3220 659 3290 ἅμα
692 3219 784 3271 καὶ
807 3219 1121 3290 διακονῆσαι
1153 3218 1218 3272 τά
1252 3217 1391 3290 πρὸς
1418 3216 1593 3281 τόκον,
1618 3217 1877 3288 ἀμίαντον

1983 3211 2254 3279 simulque
2293 3210 2744 3276 ministrandum,
2789 3226 2912 3279 quae
2943 3212 3009 3264 ad
3039 3221 3255 3280 partum
3287 3223 3558 3282 spectant,

296 3312 475 3382 γάμον
509 3310 828 3381 ποιούμενος
865 3309 1000 3380 πρὸς
1035 3310 1114 3374 σὲ,
1172 3309 1346 3380 μῆτερ
1376 3309 1466 3360 τοῦ
1500 3307 1719 3380 πρώτου
1753 3308 1882 3362 πάν-

297 3422 406 3457 των
451 3404 558 3457 τῶν
591 3403 889 3474 ταγμάτων
916 3403 1195 3473 γινομένη,
1231 3401 1414 3472 νύμφη
1447 3399 1754 3472 τριωνύμου
1789 3418 1883 3471 μο-

297 3495 508 3557 νοθείας
539 3490 690 3548 οὖσα.
719 3494 977 3548 Καλεῖται
1011 3494 1066 3547 δὲ
1091 3493 1152 3545 τὸ
1181 3493 1416 3563 ἄσπορον
1442 3491 1642 3562 βρέφος
1687 3491 1879 3563 Ἀρχὴ,

299 3587 395 3641 καὶ
429 3586 628 3652 Τέλος,
675 3586 817 3657 ἀρχὴ
849 3588 946 3656 μὲν
978 3583 1250 3655 σωτηρίας
1269 3623 1283 3647 ,
1314 3581 1465 3645 τέλος
1489 3583 1545 3635 δὲ
1583 3582 1878 3646 ἀπωλείας.

370 3763 478 3816 Καὶ
510 3763 712 3832 ταύτης
744 3762 844 3832 τῆς
887 3762 1069 3832 φωνῆς
1115 3759 1360 3831 δοθείσης
1407 3758 1516 3831 (16)
1559 3759 1771 3814 ἅπαντα
1813 3761 1882 3816 τά

297 3855 588 3925 ἀγάλματα
632 3854 823 3907 ἔπεσον
855 3854 948 3907 ἐπὶ
985 3853 1045 3906 τὺ
1079 3853 1400 3924 πρόσωπον,
1438 3851 1608 3922 μόνης
1637 3853 1736 3924 τῆς
1766 3853 1881 3923 Πη-

296 3948 399 4019 γῆς
438 3945 750 4018 ἱσταμένης,
796 3946 855 3998 ἐν
981 3945 1208 4016 εὓρηται
1262 3944 1435 4012 παγὲν
1487 3944 1722 4015 διάδημα
1768 3945 1878 4018 (17)

298 4037 594 4109 βασιλικὸν,
642 4035 764 4106 ἔχον
803 4037 988 4090 ἐπάνω
1032 4035 1198 4088 αὑτοῦ
1243 4034 1304 4099 ἐξ
1328 4035 1597 4106 ἄνθρακος
1625 4036 1718 4090 καὶ
1751 4053 1882 4108 σμα-

299 4129 495 4203 ράγδου
549 4126 922 4197 λιθοκόλλητον
972 4127 1196 4197 ἀστέρα.
1265 4126 1550 4198 ’Υπεράνω
1600 4127 1658 4180 δὲ
1709 4128 1880 4198 αὐτῆς

297 4220 483 4272 ἵστατο
515 4220 543 4272 6
571 4218 768 4288 ἀστήρ.
1747 4205 1761 4231 ’

367 4313 517 4382 Ταχὺ
544 4311 600 4364 δὲ
632 4309 957 4381 προστάττει
984 4310 1012 4362 6
1037 4307 1306 4378 βασιλεὺς,
1339 4307 1644 4374 εἰσενέγκαι
1672 4309 1879 4372 πάντας

296 4407 422 4469 τοὺς
456 4404 814 4476 σημειολύτας
841 4404 932 4455 καὶ
968 4403 1184 4470 σοφοὺς,
1217 4401 1329 4453 ὅσοι
1357 4396 1495 4471 ἦσαν
1529 4399 1633 4452 ὑπὸ
1653 4401 1751 4472 τὴν
1781 4400 1878 4469 βα·-

298 4498 504 4551 σιλείαν
545 4495 728 4549 αὑτοῦ.
769 4495 886 4548 Τῶν
915 4494 971 4547 δὲ
998 4493 1256 4565 κηρύκων
1293 4495 1414 4554 ταῖς
1445 4491 1730 4561 σάλπιγξιν
1761 4494 1880 4546 ἐπι-

299 4589 635 4645 σπευδόντων
679 4587 916 4650 πάντων,
965 4585 1326 4657 παρεγένοντο
1373 4584 1570 4648 πάντες
1613 4585 1670 4636 ἐν
1702 4584 1780 4656 τῷ
1813 4587 1878 4638 ἱε-

297 4683 400 4758 ρῷ.
475 4685 562 4746 Ὡς
611 4683 667 4736 δὲ
712 4678 850 4735 εἶδον
901 4681 992 4733 τὸν
1038 4678 1246 4749 ἀστέρα
1290 4677 1474 4730 ἐπάνω
1522 4677 1621 4748 τῆς
1663 4678 1875 4748 Πηγῆς,

295 4777 394 4832 καὶ
438 4777 499 4830 τὸ
546 4776 782 4845 διάδημα
810 4774 926 4845 ἅμα
948 4773 1023 4842 τῷ
1059 4771 1247 4842 ἀστέρι
1293 4771 1388 4823 καὶ
1418 4769 1494 4841 τῷ
1523 4769 1674 4840 λίθῳ,
1711 4770 1779 4823 τά
1821 4770 1878 4823 δὲ

294 4869 589 4940 ἀγάλματα
615 4869 699 4920 ἐπ’
725 4867 956 4936 ἐδάφους
971 4865 1216 4935 κείμενα,
1251 4859 1402 4916 εἷπον
1427 4880 1442 4892 ·
1470 4862 1718 4926 Βασιλεῦ,
1755 4863 1880 4933 ῥίζα

296 4959 480 5021 ἔνθεος
513 4957 606 5011 καὶ
644 4954 893 5027 βασιλικὴ
926 4953 1182 5023 ἀνέκυψε,
1226 4953 1476 5024 οὐρανίου
1509 4954 1602 5006 καὶ
1633 4951 1876 5021 ἐπιγείου

295 5052 561 5124 βασιλέως
592 5051 916 5122 χαρακτῆρα
960 5047 1218 5118 φέρουσα.
1285 5047 1349 5099 Ἡ
1400 5046 1507 5118 γάρ
1559 5045 1716 5118 Πηγὴ
1756 5047 1877 5100 Μυ-

367 5274 478 5346 (10)
517 5259 636 5346 _Pro
663 5269 930 5346 τρέφοντα
959 5281 1062 5324 ms.
1098 5274 1328 5346 uterque
1356 5263 1578 5346 exhibet
1603 5261 1872 5346 τρέφοντι.

370 5334 482 5416 fit)
517 5342 624 5396 Pro
669 5334 856 5410 λέχους
901 5340 1032 5416 ἴσον,
1075 5335 1313 5416 quodex
1341 5334 1658 5403 conjectura
1687 5341 1878 5416 postu:

293 5407 989 5478 laute'contextu'reposui
1015 5448 1031 5475 ,
1075 5407 1131 5460 in
1173 5414 1404 5474 utroque
1449 5419 1553 5458 ms.
1599 5407 1878 5470 comparet

293 5493 604 5542 monstrum
641 5483 796 5552 λεχου
805 5479 929 5552 σῶν.

367 5554 484 5623 (t2)
532 5552 648 5607 Vox
691 5541 976 5623 στεγοτίς,
1005 5548 1280 5623 inusitata:
1305 5544 1418 5623 jam
1452 5541 1876 5623 terminationisn,

293 5614 649 5682 ab'oninibus
674 5614 837 5676 etiam
878 5621 1088 5683 lexicis,
1118 5632 1238 5686 qua:
1263 5616 1481 5685 quidem
1509 5614 1877 5686 ego_inspex_i,

292 5698 541 5760 exsulat;
595 5697 640 5748 si
669 5694 925 5762 genuina,
965 5682 1881 5762 cet-te_'pess'imtenouelntelligit

294 5775 476 5822 autem
529 5753 741 5818 'auct‘or
808 5777 904 5832 per
982 5753 1323 5832 τρικάτοικον
1408 5753 1687 5823 στεγοτίδα
1723 5793 1738 5820 ,
1824 5753 1881 5806 id

293 5845 381 5893 est
415 5835 698 5910 tripliciter
729 5828 1042 5889 dis—tinctam
1073 5828 1467 5886 habitationem
1486 5867 1501 5896 ,
1531 5839 1752 5897 aquam,
1787 5837 1879 5877 ac-

1981 3302 2293 3372 impollutas
2336 3311 2514 3357 tecum
2561 3303 2779 3372 nuptias
2821 3302 3077 3367 initurus,
3124 3313 3296 3358 mater
3326 3307 3487 3375 primi
3529 3321 3562 3361 e

1982 3395 2194 3450 cunctis
2226 3394 2536 3459 ordinibus,
2575 3406 2630 3449 et
2678 3410 2880 3464 sponsa
2913 3396 3077 3449 unius
3123 3397 3437 3454 trinominis
3477 3400 3562 3454 di-

1980 3487 2256 3542 vinitatis!
2313 3485 2551 3542 Vocatur
2593 3497 2774 3542 autem
2829 3487 3010 3543 infans
3051 3503 3082 3542 a
3119 3497 3169 3543 te
3198 3489 3317 3544 sine
3355 3491 3564 3548 semine

1981 3579 2392 3650 concipiendus,
2421 3579 2757 3650 Principium
2789 3592 2844 3636 et
2871 3580 3045 3646 Finis,
3077 3581 3406 3653 principium
3441 3585 3563 3653 qui-

1981 3671 2104 3726 dem
2136 3672 2351 3737 salutis,
2389 3670 2514 3726 finis
2543 3687 2672 3726 vero
2702 3671 2975 3727 interitus.

2051 3762 2264 3819 Emissa
2299 3764 2402 3817 hac
2430 3779 2584 3829 voce,
2623 3765 2848 3834 reliqua:
2879 3773 3072 3820 statuae
3093 3781 3283 3822 omnes
3312 3767 3366 3821 in
3394 3767 3562 3824 facies

1983 3869 2111 3909 suas
2139 3863 2492 3923 proruerunt,
2537 3857 2653 3910 sola
2682 3855 3045 3927 Scaturiginis
3069 3867 3250 3912 statua
3294 3867 3560 3923 restante,

1982 3949 2248 4003 cuietiam
2265 3950 2579 4018 impositum
2609 3951 2903 4019 apparebat
2927 3950 3176 4003 diadema
3209 3950 3442 4019 regium,
3469 3950 3529 4003 af
3539 3979 3556 3989 -

1980 4039 2086 4096 fixa
2114 4051 2424 4096 antrorsum
2455 4043 2608 4097 stella
2635 4058 2664 4097 e
2691 4043 3046 4106 carbunculo,
3075 4051 3130 4095 et
3155 4044 3445 4113 smaragdo
3477 4044 3563 4096 in-

1979 4134 2161 4203 signe;
2202 4133 2432 4204 desuper
2457 4148 2584 4188 vero
2641 4133 2817 4187 stella.
2864 4133 3080 4187 caelitus
3115 4133 3375 4193 demissa.
3415 4135 3559 4189 irra-

1980 4227 2183 4280 diabat.

2051 4316 2261 4383 Quibus
2292 4315 2472 4383 factis,
2495 4315 2780 4371 confestim
2806 4331 2899 4370 rex
2927 4330 3120 4370 omnes
3154 4316 3436 4387 signorum
3476 4317 3562 4372 in-

1982 4418 2245 4479 terpretes
2275 4424 2578 4478 omnesque
2617 4410 2910 4478 sapientes,
2953 4417 3224 4478 quotquot
3249 4408 3352 4463 sub
3386 4409 3561 4480 ipsius

1982 4502 2214 4572 imperio
2238 4509 2416 4566 erant,
2451 4502 2741 4556 convocari
2777 4500 2962 4570 jussit.
3000 4497 3354 4554 Praaconibus
3377 4500 3562 4570 itaque

1981 4597 2194 4652 cunctis
2224 4612 2347 4651 cum
2375 4595 2518 4650 tubis
2545 4608 2984 4664 quaquaversum
3008 4589 3330 4645 festinanter
3358 4590 3564 4659 digresc.

1980 4690 2077 4753 sis,
2109 4689 2260 4744 brevi
2285 4698 2532 4754 tempore
2562 4701 2754 4743 omnes
2784 4687 2838 4739 in
2868 4684 3129 4753 templum
3161 4691 3559 4736 convenerunt.

1979 4781 2082 4848 Qui
2115 4792 2237 4836 cum
2266 4781 2475 4836 stellam
2513 4777 2845 4848 Scaturigini
2870 4776 3244 4830 imminentem
3286 4773 3563 4842 simulque

1979 4875 2251 4939 diadema,
2287 4873 2442 4928 stella
2477 4889 2544 4928 ex
2587 4871 2861 4942 lapidibus
2893 4866 3149 4938 pretiosis
3181 4864 3429 4921 confecta
3468 4878 3562 4918 co-

1979 4983 2227 5031 ruscum,
2279 4982 2346 5022 ac
2399 4973 2703 5035 prostratas
2747 4961 2900 5016 humi
2932 4959 3172 5028 reliquas
3211 4971 3403 5012 omnes
3429 4955 3562 5010 deo.

1978 5073 2100 5112 rum
2140 5065 2348 5113 statuas
2379 5056 2664 5119 vidissent,
2711 5053 3006 5108 dixerunt:
3047 5047 3196 5103 Rex!
3249 5045 3428 5116 proles
3471 5061 3559 5100 re-

1980 5297 2095 5337 rem
2123 5289 2178 5336 et
2202 5289 2425 5343 terram,
2468 5293 2564 5333 ceu
2607 5275 2832 5330 totidem
2867 5272 3016 5326 orbis
3053 5267 3324 5343 terraquei
3352 5276 3560 5338 partes,

1978 5339 2452 5424 quarumquaevis
2483 5347 2788 5424 peculiares
2816 5343 3021 5397 incolas
3058 5339 3240 5393 habet.

2050 5423 2162 5494 (15)
2193 5415 2294 5494 Ms.
2329 5415 2576 5488 uterque,
2611 5415 2897 5494 ὁμοφώνω.

1976 5526 1997 5565 ι.
2051 5485 2924 5565 (14)Μξ-υι-θνάυθνκινύςῖριαιο
3127 5551 3161 5565 ._
3239 5551 3250 5562 .

1993 5562 1997 5564 ’
2058 5551 2184 5685 ’(1ὅῖ
2224 5561 2324 5615 Με.
2374 5551 2627 5626 uterque,
2668 5551 2923 5624 κιθάρας,
2955 5551 3200 5624 apposita
3237 5551 3292 5607 in
3319 5551 3563 5621 margine

1993 5644 2132 5685 nota.
2183 5631 2448 5685 eaendum
2477 5642 2597 5682 esse
2623 5624 2868 5685 κινύρας.

1979 5624 2132 5693 nota,
2165 5624 2448 5695 legendum
2477 5624 2597 5682 eése
2623 5624 2868 5695 κινύρας.

2078 5703 2165 5772 16)
2195 5694 2294 5772 llis.
2328 5710 2576 5767 uterque,
2604 5694 2864 5772 δοθήσης.

2078 5708 2165 5772 16)
2195 5708 2294 5756 Ms.
2328 5710 2576 5767 uterque,
2612 5708 2861 5766 οουησης.

2051 5708 2166 5845 (17)
2191 5770 2290 5828 Ms.
2321 5780 2568 5840 uterque,
2599 5765 2861 5838 διάσημα.
