4074 6436
476 358 580 412 105

1765 352 2012 410 IULIUS
2053 352 2475 412 AFRlCANUS.

3609 348 3716 410 ιοι

476 475 586 543 gia,
612 469 794 527 divino
818 470 1040 525 numine
1080 470 1258 540 plena,
1299 470 1474 522 lucem
1510 470 1732 540 aspexit.
1759 468 1927 535 illius,
1946 471 2040 539 qui

2149 472 2236 543 ρια
2258 448 2579 543 (18)ἲῐηγῆς
2608 474 2705 545 τῆς
2745 470 3158 544 Βηθλεεμίτιδος
3178 468 3283 537 (ιο)
3302 467 3419 522 εστι
3446 463 3706 536 θυγάτηρ.

477 564 674 619 caelum
705 573 1011 632 terramque
1036 563 1321 632 gubernat,
1357 561 1498 630 regis
1538 561 1854 616 charactere
1902 561 2041 616 insi-

478 655 648 725 gnita.
691 653 975 723 Scatnrigo
1012 654 1156 708 enim
1186 652 1375 723 Illyria,
1409 651 1768 722 Scaturiginis
1799 651 2044 707 Bethlee-

478 745 677 801 miticae
711 746 821 801 ﬁlia
845 755 946 801 est.
980 745 1233 798 Diadema
1279 743 1383 798 hoc
1438 744 1570 813 regii
1610 751 1764 798 ortus
1801 743 2040 813 signum,

476 838 633 893 stella
674 836 896 893 cmleSte
952 836 1212 890 indicium
1250 844 1335 890 est
1375 836 1745 905 prodigiorum
1798 834 1853 888 in
1898 843 2039 889 terra

475 940 827 1002 patratorum.
861 927 1106 997 Regnum
1147 943 1177 981 e
1202 925 1340 980 Juda
1390 926 1649 991 surrexit,
1683 926 1829 995 quod
1859 926 2043 979 omnia

476 1023 784 1079 Judacorum
816 1030 1168 1076 monumenta
1209 1019 1431 1072 delebit.
1482 1017 1716 1072 Deorum
1750 1017 1805 1071 in
1843 1026 2045 1072 terram

474 1116 768 1186 prostratio
790 1114 1040 1179 honoris,
1064 1112 1157 1181 qui
1191 1112 1324 1181 ipsis
1347 1110 1725 1175 exhibebatur,
1771 1109 1932 1164 linem
1961 1110 2045 1164 in-

475 1210 611 1263 nuit.
651 1207 745 1262 lllc
780 1207 948 1270 enim,
986 1206 1081 1275 qui
1113 1204 1275 1258 modo
1313 1204 1748 1273 apparuit,‘cnm
1782 1202 1852 1258 sit
1886 1202 2045 1271 longe

473 1298 795 1369 antiquioris
815 1297 1116 1369 dignitatis,
1154 1295 1404 1365 juniores
1431 1308 1643 1363 ,omnes
1691 1294 1813 1348 loco
1858 1295 2044 1363 pellet.

470 1390 625 1445 Nunc
649 1392 849 1461 itaque,
874 1406 967 1444 rex
986 1430 1000 1453 ,
1023 1391 1171 1442 mitte
1186 1387 1601 1459 Jerosolymam.
1629 1385 1876 1442 Invenies
1899 1386 2044 1440 enim

470 1482 750 1538 Christum
775 1481 868 1538 Dei
882 1482 1289 1551 omnipotentis,
1305 1480 1656 1549 corporaliter
1672 1478 2049 1547 corporalibus

472 1577 714 1631 mulieris
745 1576 889 1630 ulnis
926 1583 1220 1644 portatum.
1241 1573 1438 1628 Mansit
1478 1582 1657 1627 autem
1701 1572 1853 1626 stella
1885 1586 2048 1639 supra

2148 562 2221 615 Τὸ
2245 563 2302 616 δὲ
2329 564 2564 634 διάδημα
2598 563 2871 633 βασιλικὸς
2901 563 3094 626 τύπος,
3126 565 3153 615 ὁ
3179 562 3235 615 δὲ
3262 561 3435 630 ἀστὴρ
3464 559 3712 627 οὐράνιόν

2148 656 2264 706 ἐστι
2308 656 2571 725 μήνυμα,
2618 655 2712 707 ἐπὶ
2752 656 2853 725 γῆς
2880 655 3405 726 τερατουργούμενον
3448 650 3581 721 (20).
3622 647 3715 716 Ἐιξ

2161 744 2328 798 Ἰούδα
2357 745 2556 815 ἀνέστη
2583 744 2849 814 βασιλεία,
2888 746 3010 813 ἥτις
3042 745 3262 799 ἅπαντα
3299 742 3409 795 τῶν
3445 741 3715 800 Ἰουδαίων

2149 838 2331 908 ἐξαρεῖ
2367 838 2478 909 (2|)
2522 839 2590 892 τὰ
2633 837 2967 909 μνημόσυνα.
3006 838 3079 890 Τὸ
3109 837 3164 890 δὲ
3192 837 3319 900 τοὺς
3346 836 3501 900 Θεοὺς
3526 836 3713 905 ἐδαφι-

2116 996 2123 999 _
2151 926 2362 996 σθῆναι,
2382 927 2531 990 τέλος
2546 928 2644 997 τῆς
2664 929 2830 998 τιμῆς
2850 927 3027 979 αὐτῶν
3049 926 3298 995 ἔφθασεν.
3319 926 3375 977 Ὀ
3389 924 3495 996 γὰρ
3518 924 3711 991 ἐλθὼν,

2149 1019 2522 1089 πρεσϐυτέρας
2552 1018 2707 1083 ἀξίας
2738 1018 2841 1082 ῶν,
2872 1019 3078 1081 πάντας
3103 1019 3228 1081 τοὺς
3259 1016 3544 1079 νεάζοντας
3570 1017 3715 1070 ἀναι-

2150 1110 2303 1181 ρήσει
2326 1111 2457 1180 (22).
2494 1110 2608 1163 Νῦν
2635 1106 2747 1173 οὖν,
2778 1109 3020 1181 βασιλεύ,
3055 1110 3268 1179 πέμψον
3298 1112 3376 1173 είς
3419 1108 3713 1180 Ἱεροσόλυ-

2149 1204 2398 1273 μα.Εὑρή
2409 1218 2517 1265 σεις
2533 1202 2643 1271 (ἳὸ)
2659 1203 2766 1273 γὰρ
2788 1202 2878 1254 τὸν
2894 1202 3125 1273 Χριστὸν
3148 1202 3239 1254 τοῦ
3256 1202 3707 1273 παντοκράτορος,

2147 1294 2470 1365 σωματικῶς
2504 1299 2837 1365 σωματικαῖς
2865 1289 3130 1362 ἀγκάϊαις
3152 1294 3487 1362 γυναικείαις
3516 1292 3712 1364 βαστα-

2148 1385 2389 1457 ζόμενον.
2412 1388 2629 1456 Ἔμεινε
2650 1388 2706 1440 δὲ
2730 1387 2944 1456 ὀάστὴρ
2967 1385 3150 1439 ἐπάνω
3164 1387 3260 1455 τῆς
3286 1386 3493 1455 Πηγῆς,
3521 1384 3707 1439 καλου-

2150 1479 2314 1548 μένης
2347 1478 2632 1548 Οὐρανίας,
2666 1478 2821 1548 ἄχρις
2846 1477 2909 1530 ἂν
2932 1476 3151 1547 ἐξῆλθον
3183 1478 3232 1528 οί
3266 1476 3448 1547 μάγοι,
3473 1476 3565 1529 καὶ
3588 1476 3711 1530 τότε

2116 1604 2120 1609 -
2153 1571 2267 1639 μετ’
2295 1570 2517 1622 ἐκείνων
2548 1568 2838 1641 ἐπορεύθη.

474 1667 890 1737 Scaturiginem,
916 1682 1037 1736 quae
1054 1666 1307 1721 Caelestis
1338 1666 1478 1721 dicta
1496 1676 1600 1732 est,
1641 1664 1827 1719 tandiu
1853 1665 2026 1718 donec
2054 1662 2608 1732 magiegrederentur,
2633 1671 2867 1732 tuncque
2896 1661 3055 1716 simul
3081 1662 3323 1717 cumillis
3339 1661 3575 1730 profecta
3604 1668 3709 1717 est.

539 1759 821 1815 Profundo
876 1774 1039 1830 porro
1094 1774 1319 1828 vespere
1387 1760 1636 1829 apparuit
1670 1762 1681 1821 ξ
1702 1760 1758 1815 in
1840 1759 2041 1828 templo

2229 1758 2495 1826 Ἐσπέρας
2518 1757 2572 1809 δὲ
2602 1756 2821 1826 βαθείας
2853 1757 3022 1827 ἐφάνη
3060 1759 3118 1811 ἐν
3167 1756 3245 1828 τῷ
3294 1756 3421 1828 ἱερῷ
3461 1756 3712 1822 Διόνυσος

472 1852 738 1919 Bacchus,
782 1853 933 1908 solus
967 1853 1175 1920 absque
1220 1861 1483 1907 consueto
1517 1850 1834 1922 Satyrorum
1875 1852 2044 1906 comi-

2149 1849 2207 1900 οὐ
2242 1848 2381 1918 μετά
2415 1847 2520 1899 τῶν
2552 1848 2827 1918 Σατύρων,
2858 1847 3028 1916 λέγων
3051 1852 3161 1912 τοῖς
3194 1848 3521 1919 ἀναθήμασιο
3553 1847 3710 1920 Πηγὴ

471 1956 611 2013 tatu,
645 1945 890 2016 dixitque
910 1943 1107 1998 statuis
1129 1943 1379 2007 deorum,
1412 1942 1607 1996 ibidem
1637 1943 1830 1997 dicatis
1860 1961 1873 1996 :
1907 1942 2043 1996 Sca~

475 2040 655 2110 turigo
708 2053 815 2093 non
847 2045 929 2091 est
973 2050 1078 2090 una
1118 2036 1183 2089 de
1230 2034 1409 2100 nobis,
1441 2033 1535 2089 sed
1571 2034 1727 2104 longe
1758 2050 1859 2090 nos
1891 2044 2073 2089 autem

474 2133 641 2195 cellit,
680 2130 953 2186 hominem
985 2129 1223 2198 pariens,
1269 2125 1468 2182 divinae
1503 2128 1669 2183 sortis
1702 2128 2041 2197 participem.

473 2222 717 2293 Prupupi
772 2220 1067 2277 sacerdos!
1109 2219 1241 2289 quid
1282 2217 1369 2271 hic
1398 2219 1602 2272 diutius
1637 2219 1906 2273 moraris?
1936 2219 2042 2275 Ac-

476 2316 574 2380 tio,
608 2315 699 2368 diu
725 2314 840 2384 jam
880 2311 1095 2380 scriptis
1129 2311 1467 2380 consignata,
1516 2309 1672 2365 nobis
1711 2310 2040 2374 intendetur,

477 2419 507 2457 a
538 2418 765 2472 persona
802 2412 1023 2457 strenua
1061 2400 1346 2455 mendaces
1383 2415 1693 2467 arguemur.
1729 2399 1859 2464 Qua:
1888 2400 2047 2455 dece-

476 2493 678 2562 pimus,
715 2491 1051 2561 decepimus.
1094 2490 1225 2557 Quae
1265 2490 1633 2561 regnavimus,
1675 2492 2041 2560 regnavimus.

475 2584 589 2637 Non
623 2583 857 2652 amplius
894 2597 1152 2651 responsa
1198 2582 1414 2636 damus.
1450 2579 1679 2635 Ablatus
1707 2592 1791 2635 est
1819 2596 1849 2635 a
1886 2580 2045 2636 nobis

473 2675 669 2742 honor,
710 2675 926 2746 inglorii
958 2683 1012 2729 et
1052 2674 1486 2743 contemptibiles
1525 2672 1654 2729 facti
1696 2689 1908 2729 sumus.
1950 2672 2047 2729 Est

475 2784 640 2833 unus,
664 2768 755 2836 qui
785 2767 1027 2821 debitum
1051 2766 1151 2820 sibi
1183 2766 1283 2821 soli
1306 2766 1511 2821 cultum
1540 2780 1570 2820 a
1608 2765 1763 2821 nobis
1790 2764 2046 2821 omnibus

476 2857 728 2912 resumit.
758 2855 1026 2910 Caeterum
1063 2854 1174 2907 noli
1206 2853 1435 2908 turbari.
1465 2852 1581 2912 Non
1604 2855 1838 2924 amplius
1867 2853 2046 2909 Persae

476 2948 543 3002 de
574 2958 716 3001 terra
767 2954 822 3000 et
854 2961 979 3000 aere
1010 2946 1210 2999 tributa
1257 2946 1492 3016 exigent.
1543 2945 1645 3011 Qui
1687 2945 1830 3000 enim
1860 2945 2048 2998 statuit

479 3040 702 3103 tributa,
728 3039 847 3108 ipse
878 3040 1051 3101 adest,
1089 3039 1365 3092 actionum
1394 3038 1594 3092 tributa
1626 3037 1698 3101 ei,
1729 3036 1823 3106 qui
1852 3052 1912 3091 se
1945 3036 2048 3089 mi-

477 3130 572 3194 sit,
620 3136 1016 3198 reportalurus.
1051 3126 1331 3196 antiquam
1382 3126 1672 3198 imaginem
1719 3125 2042 3188 rcformans,

2117 1941 2244 1999 ,οὐκ
2264 1940 2378 1993 ἔστι
2413 1940 2509 2010 μία
2540 1940 2598 2003 ἐξ
2625 1938 2802 2009 ἡμῶν,
2834 1938 2947 1992 ἀλλ’
2997 1940 3136 2012 ὑπὲρ
3178 1942 3322 2011 ἡμᾶς
3361 1939 3709 2010 χρηματίζει,

2145 2031 2264 2087 τινά
2316 2029 2559 2100 γεννῶσα
2612 2032 2917 2102 ἄνθρωπον,
2971 2032 3119 2096 θείας
3180 2039 3346 2102 τύχης
3403 2038 3710 2103 συλλημμα.

2156 2124 2322 2196 Ἱερεύ
2362 2124 2729 2196 Προυπούπιε,
2802 2126 2853 2180 τί
2908 2124 3103 2197 καθίζῃ
3150 2125 3382 2179 ἐνταῦθα
3421 2126 3709 2197 πράττωνς

2146 2216 2350 2287 Πρᾶξις
2392 2217 2661 2286 ἔγγραφος
2701 2217 2901 2287 ἔφθασε
2957 2216 3076 2270 καθ’
3131 2217 3286 2287 ἡμῶν
3315 2217 3409 2271 καὶ
3452 2216 3711 2287 μέλλομεν

2146 2309 2250 2362 ὑπὸ
2280 2309 2592 2381 ἐμπράκτου
2621 2308 2909 2379 προσώπου
2935 2309 3247 2377 ἐλέγχεσθαι
3273 2308 3349 2372 ὼς
3376 2308 3607 2378 ψευδεῖς.
3645 2309 3711 2361 ’Δ

2145 2401 2547 2471 ἐφαντάσαμεν,
2593 2402 2990 2471 ὲφαντάσαμεν,
3035 2403 3071 2457 ὃ.
3134 2402 3394 2474 ἧρξαμεν,
3448 2401 3709 2473 ἦρξαμεν.

2146 2491 2341 2545 Οὐκέτι
2368 2494 2646 2565 χρησμοὺς
2673 2493 2941 2565 διδόαμεν.
2975 2494 3153 2566 "llqu
3184 2495 3276 2563 ἀφ’
3312 2494 3469 2565 ἡμῶν
3493 2495 3527 2565 ή
3555 2494 3709 2564 τιμὴ.

2149 2582 2357 2647 Ἀδοξοι
2390 2583 2485 2636 καὶ
2503 2584 2793 2655 ἀγέραστοι
2819 2586 3135 2655 γεγόναμεν.
3164 2584 3256 2650 Εἷς
3288 2586 3464 2657 μόνος,
3494 2588 3558 2639 ἐκ
3578 2588 3711 2640 πάν-

2144 2690 2251 2737 των
2292 2673 2575 2728 ἀναλαϐὼν
2625 2674 2722 2745 τὴν
2766 2676 2900 2729 ίδίαν
2942 2680 3123 2748 τιμήν.
3174 2677 3372 2731 Λοιπὸν
3413 2677 3488 2749 μὴ
3518 2676 3715 2748 θροὸα-

2143 2763 2224 2817 δεῖ
2263 2765 2395 2835 (⁸24),
2430 2768 2610 2820 οὐκέτι
2630 2767 2831 2838 Πέρσαι
2872 2769 2976 2838 γῆς
3015 2770 3107 2822 καὶ
3132 2771 3291 2841 ἀέρος
3322 2770 3520 2843 φόρους
3551 2771 3715 2822 ἀπαι-

2142 2856 2326 2913 τῶσιν.
2358 2860 2414 2912 '0
2435 2858 2544 2931 γὰρ
2561 2862 2762 2932 στήσας
2791 2862 2929 2916 αὐτά
2954 2863 3181 2933 πάρεστι
3214 2862 3347 2931 (25),
3382 2862 3713 2934 πρακτικοὺς

2145 2951 2342 3021 φόρους
2373 2950 2450 3021 τῷ
2479 2951 2753 3022 πέμψαντι
2782 2954 3039 3024 κομίζων,
3071 2955 3100 3007 ό
3127 2954 3224 3023 τὴν
3262 2954 3493 3008 παλαιὰν
3532 2956 3715 3011 είκὸνα

2145 3038 2469 3104 ἀνακτίζων,
2504 3042 2599 3094 καὶ
2628 3042 2725 3113 τὴν
2763 3044 2947 3096 εἰκόνα
2990 3045 3056 3114 τῇ
3106 3043 3272 3097 είκόνι
3320 3042 3585 3106 συντιθεὶς
3622 3043 3716 3098 καὶ

2145 3130 2205 3184 τὸ
2220 3131 2468 3202 ἀνόμοιον
2486 3131 2568 3200 ἐφ’
2591 3133 2846 3203 ὁμοίωσιν
2863 3133 3053 3196 διδούς.
3076 3134 3316 3205 Οὐρανὸς
3330 3138 3400 3206 γῇ
3417 3136 3714 3207 συγχαίρει,

474 3219 768 3289 imaginem
803 3235 925 3274 cum
966 3219 1202 3289 imagine
1231 3217 1541 3280 conferens,
1575 3226 1630 3271 ct
1673 3217 1937 3271 dissimile
1975 3217 2049 3270 si-‘

2151 3224 2185 3293 ἡ
2230 3222 2286 3276 δὲ
2329 3222 2401 3292 γῆ
2444 3226 2730 3295 καυχᾶται,
2775 3225 3023 3295 οὐράνιον
3053 3226 3311 3297 δεχομένη
3336 3226 3613 3297 καύχημα.
3648 3228 3718 3282 ’Δ

476 3312 604 3367 mile
660 3311 914 3367 reddens.
966 3309 1102 3365 ϐωιί
1153 3320 1311 3365 terra:
1368 3308 1844 3381 congratulantur,
1899 3318 2044 3362 terra

476 3402 593 3473 ipsa
626 3402 907 3472 gloriatur,
937 3401 1257 3472 gloriatione
1290 3401 1503 3456 coalitus
1534 3408 1776 3470 accepta.
1817 3399 1950 3465 Quae
1988 3399 2044 3459 in

478 3494 731 3564 supernis
783 3509 893 3547 non
939 3500 1067 3547 sunt
1110 3492 1287 3557 facta,
1346 3491 1484 3547 facta
1527 3505 1655 3548 sunt
1699 3494 1753 3546 in
1796 3492 2042 3549 infernis.

478 3585 653 3653 Quem
685 3584 921 3640 felicium
956 3584 1093 3639 ordo
1120 3601 1227 3640 non
1266 3585 1419 3651 vidit,
1473 3584 1774 3640 infelicium
1818 3596 2046 3656 Spectat.

479 3677 590 3732 Illis
621 3677 836 3730 llamma
869 3676 1135 3743 minatur;
1181 3677 1267 3731 his
1323 3693 1417 3732 ros
1463 3668 1819 3732 ministratur.
1866 3677 2051 3750 Myria

480 3769 585 3823 hoc
616 3775 700 3823 est
747 3783 1092 3837 concessum,
1130 3776 1189 3822 ut
1225 3767 1623 3839 Scaturiginem
1673 3769 1726 3823 in
1777 3769 2049 3826 Bethleem

478 3870 698 3933 pareret
738 3861 1077 3932 gratiamque
1129 3861 1316 3931 gratiae
1367 3861 1698 3930 conciperet.
1732 3858 1918 3916 Iudaea
1948 3863 2049 3917 llo-

478 3954 618 4021 ruit;
654 3955 805 4025 regio
830 3962 1017 4008 nostra
1042 3954 1326 4008 emarcuit.
1353 3953 1656 4009 Gentilibus
1693 3963 1747 4008 et
1789 3954 2047 4026 alienige-

478 4046 565 4101 nis
589 4055 707 4101 orta
745 4056 830 4101 est
856 4046 1026 4112 salus,
1054 4045 1273 4101 miseris
1302 4046 1517 4100 abunde
1540 4045 1798 4100 relevatio
1827 4057 2054 4116 praesta-

475 4149 588 4193 tur.
620 4136 811 4193 Merito
855 4154 1001 4192 nunc
1037 4138 1295 4193 mulieres
1323 4139 1552 4193 choreas
1593 4138 1821 4205 ducunt,
1861 4139 2048 4195 dicen-

478 4240 561 4285 tes
595 4230 862 4285 :Domina
899 4230 1219 4302 Scaturigo!
1271 4240 1351 4296 tu,
1386 4247 1522 4301 qure-
1551 4232 1708 4287 nobis
1736 4232 1937 4287 ﬂuenta
1967 4232 2048 4288 af-

2149 3316 2210 3369 οὐ
2266 3316 2488 3385 γέγονεν
2531 3318 2661 3381 ἀνω,
2704 3318 2891 3387 γέγονε
2937 3319 3105 3373 κάτω.
3148 3321 3244 3373 Ὃν
3287 3320 3321 3390 ἡ
3374 3318 3719 3390 εὐδαιμονοῦ-

2152 3423 2222 3459 σα
2266 3407 2376 3478 (26)
2428 3407 2578 3472 τάξις
2623 3409 2722 3462 οὐκ
2764 3404 2923 3473 εἶδεν,
2968 3409 3453 3480 ἡδυσδαιμονοῦσα
3500 3409 3714 3483 θεωρεῖ.

2166 3497 2421 3562 Ἐκείνοις
2451 3497 2581 3567 φλὸξ
2601 3499 2830 3563 ἀπειλεῖ,
2863 3498 3069 3563 τούτοις
3094 3500 3282 3571 δρόσος
3314 3501 3577 3572 παρέστη.
3608 3502 3718 3572 Τῆς

2150 3589 2364 3663 Μυρίας
2416 3592 2449 3661 ὴ
2491 3591 2731 3662 εὐτυχία,
2775 3591 2965 3662 Πηγὴν
3024 3591 3165 3645 κατά
3201 3591 3302 3661 τῆς
3350 3591 3595 3663 Βηθλεέμ
3633 3609 3721 3645 τε·

2149 3686 2264 3737 κεῖν
2297 3682 2407 3761 (27)
2459 3684 2553 3738 καὶ
2598 3685 2756 3756 χάριν
2787 3684 3009 3755 χάριτος
3042 3682 3340 3737 συλλασεῖν.
3386 3684 3453 3737 Ἦ
3495 3683 3719 3738 Ἰουδαία

2149 3775 2398 3846 ἧνθησενο
2434 3777 2570 3847 αὕτη
2598 3777 2656 3831 δὲ
2689 3776 3029 3848 μαραίνεται.
3064 3778 3187 3839 Τοῖς
3228 3775 3458 3840 ἐθνικοῖς
3492 3777 3587 3830 καὶ
3625 3776 3720 3829 ἀλ-

2151 3865 2393 3935 λογενέσι
2424 3868 2666 3938 σωτηρία
2691 3864 2842 3939 ἦλθε·
2870 3870 2979 3931 τοῖς
2998 3867 3431 3939 ταλαιπωροῦσιν
3460 3867 3717 3938 ἀνάφυξις

2151 3958 2450 4023 πλεονάζει.
2495 3960 2683 4025 Ἀξίως
2713 3961 2769 4014 αἱ
2801 3963 3054 4028 γυναῖκες
3098 3959 3399 4030 χορεύουσι,
3441 3958 3716 4028 λέγουσαν

2150 4053 2332 4124 Κυρία
2359 4055 2517 4127 Πηγὴ
2548 4054 2912 4125 ναματοφόρε,
2946 4055 2979 4125 ἡ
3006 4052 3256 4124 οὐρανίου
3280 4052 3510 4125 ἀστέρος
3541 4069 3722 4121 γεινα-

2151 4145 2285 4218 μένη
2331 4146 2527 4218 μῆτερ,
2574 4147 2609 4218 ἡ
2657 4145 2765 4201 ἀπὸ
2801 4145 3081 4216 καύματος
3124 4141 3442 4218 δροσίζουσα
3500 4142 3717 4213 νεφέλη,

2149 4239 2452 4310 μνημόνευε
2483 4239 2589 4293 τῶν
2620 4239 2728 4293 σῶν
2759 4237 3055 4304 οίκετίδων,
3088 4237 3364 4292 δέσποινα.

481 4322 631 4386 fers,
671 4323 909 4377 caelestis
976 4324 1143 4379 stellae
1186 4321 1330 4379 facta
1395 4332 1590 4391 mater,
1638 4325 1810 4380 nubes
1854 4326 2121 4383 mundum
2165 4332 2428 4388 adversus
2474 4341 2667 4389 aestum
2719 4333 2981 4397 irroratis,
3023 4339 3316 4393 memento,
3374 4344 3410 4384 ο
3466 4323 3717 4382 domina!

482 4417 808 4474 famularum
836 4424 1073 4470 tuarum.

554 4509 669 4564 Rex
703 4509 905 4578 itaque,
938 4508 1083 4561 nulla
1120 4522 1272 4561 mora
1312 4507 1612 4578 interiecta,
1642 4517 1848 4579 partem
1874 4523 2055 4583 mago-
2084 4493 2130 4549 Ῑ)

485 4618 629 4668 runt,
656 4600 747 4671 qui
784 4601 887 4655 sub
916 4600 1089 4669 ipsius
1125 4601 1351 4669 imperio
1379 4609 1555 4665 erant,
1580 4616 1703 4655 cum
1737 4602 2054 4659 muneribus

488 4696 655 4760 misit,
688 4693 842 4748 stella
875 4692 1007 4763 ipsis
1057 4691 1202 4746 viam
1242 4676 1600 4747 monstrante.
1640 4691 1706 4747 lli
1748 4702 1869 4763 post
1907 4694 2053 4748 redi-

588 4869 672 4939 l8)
694 4869 808 4941 Ms.
841 4879 1088 4938 uterque,
1126 4868 1365 4941 Μυρίας.

590 4937 674 5009 19)
694 4940 792 5011 llis.
827 4937 1517 5011 uterquc_corruptissime,
1544 4938 1642 5008 τῆς
1660 4937 1904 5010 Βηθλεὲμ
1926 4939 2059 5011 ῐτρι-

486 5008 580 5074 δος
604 5008 722 5063 ἐστὶ
748 5010 1013 5081 θυγάτηρ.
1044 5008 1198 5074 Quod
1228 5011 1387 5081 ulcus
1421 5020 1667 5081 revocato
1688 5008 1924 5081 genitivo
1944 5008 2058 5080 Πη-

490 5081 593 5152 γῆς
615 5089 671 5135 et
708 5078 974 5152 adoptata'
999 5081 1230 5152 lectione
1267 5078 1689 5152 Bnekesyiciﬁoc
1715 5079 1939 5152 feliciter
1970 5078 2060 5152 sa-

494 5148 653 5205 nasse
702 5148 834 5205 mihi
872 5149 1077 5203 videor.
1124 5148 1385 5203 Caeterum
1425 5148 1518 5218 per
1549 5148 1739 5218 Πηγὴν
1764 5148 2059 5218 Βηθλεεμί-

493 5221 614 5274 τιδα
651 5221 887 5291 intellige
930 5220 1152 5291 stirpem
1207 5218 1538 5291 Davidicam,
1571 5235 1634 5291 ex
1668 5235 1771 5291 qua
1806 5219 2054 5282 Mariam,

495 5290 799 5345 Servatoris
817 5288 988 5343 nostri
1012 5297 1263 5353 matrem,
1285 5288 1546 5359 originem
1577 5289 1802 5343 duxisse
1822 5296 2052 5359 constat.

565 5359 678 5429 (20)
725 5359 817 5413 Sic
862 5374 968 5413 ms.
1014 5366 1274 5428 uterque;
1319 5357 1626 5428 priefert'em
1662 5365 1863 5418 tamen,
1909 5357 2056 5429 quod

493 5439 550 5483 ει
575 5426 633 5483 in
660 5426 923 5500 ’versione
954 5426 1215 5500 expressi,
1260 5426 1555 5500 genitivum
1588 5426 2057 5500 τερατουργουμὲ-

493 5516 621 5561 νων,
657 5512 778 5553 cnm
811 5499 1001 5551 littera:
1028 5497 1284 5566 ejusdem
1298 5500 1417 5554 soni
1441 5514 1472 5553 a
1496 5497 1733 5552 librariis
1759 5502 2059 5566 ειυμιεειιηο

495 5568 638 5621 inter
664 5584 722 5623 se
751 5565 1171 5633 commulcn’tur,
1219 5568 1480 5637 exemplis
1517 5567 1941 5622 evidentissimis
1974 5565 2054 5620 vel

495 5637 551 5693 in
594 5637 679 5691 his
709 5638 1150 5692 adnotationibus
1177 5638 1372 5693 obviis.

467 5753 473 5771 ,
570 5706 682 5780 (ξι)
850 5716 1090 5776 uterque,
1124 5708 1310 5780 ἐξάρῃ.

572 5773 683 5849 (22)
715 5777 812 5833 Ms.
858 5773 1102 5849 uterQue,
1130 5773 1595 5849 depravatissime,
1626 5776 1681 5829 ὲν
1722 5773 1857 5847 αὐτῇ
1900 5773 2058 5846 ἐάση,

2242 4510 2299 4564 '0
2324 4503 2419 4563 οὗν
2452 4507 2700 4585 βασιλεὺς
2736 4505 2998 4577 μηδαμῶς
3043 4503 3336 4576 ἀναμείνας
3372 4502 3582 4574 ἔπεμψε
3613 4501 3722 4555 τῶν

2154 4600 2259 4654 ὑπὸ
2306 4600 2401 4672 τὴν
2454 4599 2728 4670 βασιλείαν
2756 4596 2921 4652 αὐτοῦ
2958 4598 3143 4668 μάγων
3185 4597 3324 4669 μετά
3363 4597 3571 4670 δώρων,
3625 4595 3721 4651 τοῦ

2158 4692 2384 4764 ἀστέρος
2439 4691 2635 4753 αὐτοὺς
2689 4689 3069 4761 ὁδηγήσαντος.
3117 4690 3204 4754 Ὧς
3251 4689 3310 4743 δὲ
3355 4688 3719 4760 ὑπέστρεψαν,

2173 4884 2274 4940 pro
2305 4883 2414 4937 quo
2448 4867 2700 4940 substitui
2733 4867 3034 4940 ἀναιρήσει.
3081 4866 3193 4940 Qui
3228 4866 3433 4937 absque
3479 4864 3725 4940 subsidio

2162 4936 2511 5009 correctioris
2569 4938 2768 5009 eodicis
2819 4936 3012 4994 melius
3067 4936 3365 5009 quidquam
3418 4936 3721 5008 pratulerlt,

2162 5007 2267 5065 erit
2297 5008 2430 5077 mihi
2457 5023 2686 5074 magnus
2707 5008 2918 5077 Apollo.

2232 5078 2344 5149 (2'5)
2377 5076 2481 5149 [iro
2510 5074 2770 5149 εὑρήσεις
2787 5079 2952 5131 codex
2985 5076 3045 5130 6|
3081 5076 3243 5149 refert
3268 5074 3508 5147 εὑρίσης.

2234 5146 2346 5218 (24)
2390 5146 2503 5201 Vox
2533 5146 2667 5211 hinc,
2704 5150 2758 5201 in
2788 5163 2895 5217 qua
2928 5163 3030 5201 ms.
3061 5148 3221 5218 ambo
3250 5146 3601 5218 conveniunt,
3627 5160 3727 5218 per

2160 5216 2364 5273 librarii
2392 5218 2697 5282 cujusdam,
2726 5216 3162 5280 cuidictabatur,
3186 5217 3509 5277 imperitiam
3527 5232 3593 5270 ex
3626 5216 3727 5269 int-

2205 5234 2364 5273 brartt
2392 5234 2455 5271 cu
2486 5234 2697 5282 usuam,
2726 5234 2810 5273 cur
2836 5234 3162 5280 metabatur,
3186 5234 3509 5277 tmpertuam
3527 5234 3593 5270 ex
3626 5234 3724 5269 tm-

2197 5289 2402 5342 erativo
2451 5234 2707 5359 ἐορύϐηθι
2772 5287 2920 5359 verbi
2976 5286 3215 5359 Oopu6s'w
3249 5286 3724 5359 AvideturAexorta.

2164 5355 2501 5426 Sullragatur
2517 5355 2719 5413 saltem
2759 5358 3006 5427 quaedam
3041 5355 3165 5411 soni
3206 5355 3463 5425 alIinitas,
3496 5356 3568 5426 in,
3599 5355 3725 5408 tali-

2159 5429 2262 5483 bus
2290 5443 2414 5481 raro
2440 5427 2766 5496 spernenda.

2231 5498 2343 5567 (25)
2368 5493 2747 5567 alsfuterque,
2778 5493 3046 5567 παρέστη.

2204 5560 2349 5648 ,(ἳϋ)
2395 5565 2495 5621 Ms.
2548 5560 2797 5635 uterque,
2831 5560 3222 5637 εὐδαιμονῶσα,
3273 5576 3332 5621 ιιι
3363 5574 3417 5621 et
3450 5560 3731 5634 δυσδαιμο-

2162 5653 2330 5689 νωσα.

2236 5706 2345 5775 (27)
2382 5704 2481 5762 Ms.
2520 5716 2766 5777 uterque,
2801 5703 2985 5774 τεκῆν.
