4074 6390
324 343 431 396 105

935 339 1213 395 SPURIA.
1235 371 1304 379 -—
1338 336 1425 392 DE
1465 336 1696 394 REBUS
1733 333 2048 392 PERSlClS
2090 336 2261 393 POST
2293 338 2656 394 CHRISTUM
2681 338 2948 395 NATUM.

3507 343 3529 395 i
3540 341 3610 394 illi

322 460 653 530 διηγήσαντο
686 458 910 511 τοιαῦτα
958 462 1068 522 τοῖς
1101 459 1221 511 τότε
1252 458 1411 512 πάλιν
1454 457 1591 530 (28),
1637 450 1780 527 ειπερ
1832 457 1923 509 καὶ

2039 468 2141 511 tum
2160 474 2320 512 suum
2340 459 2424 519 iis,
2448 458 2543 528 qui
2575 466 2689 510 tum
2716 456 2989 520 vixerunt,
3013 453 3140 507 talia
3159 467 3469 531 narrarunt,
3487 470 3613 526 quae

324 554 465 606 αύτά
492 555 713 623 χρυσοῖς
754 551 1004 615 πετάλοις
1041 550 1427 623 ἀνεγράφησαν
1459 548 1652 614 οὕτως’

395 664 724 719 Φθασάντων
764 664 820 717 δὲ
875 664 1033 735 ἡμῶν
1082 663 1193 733 (29)
1234 665 1315 727 εἰς
1361 662 1430 716 τὰ
1468 660 1840 734 Ἱεροσόλυμα,
1861 664 1921 716 τὸ

327 761 427 832 μὲν
452 759 677 830 σημεῖον
703 758 820 826 ἅμα
846 759 912 828 τῇ
947 757 1218 827 παρουσίᾳ
1250 755 1407 827 ἡμῶν
1439 755 1650 818 πάντας
1679 754 1916 827 ἐκίνησε.

325 852 391 904 Τί
426 849 604 914 τοῦτο,
653 849 783 919 φασὶ
829 848 963 919 (50),
996 848 1220 919 Περσῶν
1251 848 1446 917 σοφοὺς
1479 850 1735 919 παρεῖναι
1785 847 1923 918 μετά

325 944 790 1021 ἀστεροφανείας;
848 943 958 995 Καὶ
1015 939 1242 1013 ἠρώτων
1290 943 1438 1012 ἡμᾶς
1478 944 1525 994 οἱ
1564 940 1772 1013 πρῶτοι
1813 942 1921 994 τῶν

337 1038 629 1093 Ἶουδαίων⁸
665 1036 730 1089 Τί
766 1037 827 1089 τὸ
859 1035 1124 1106 ἑπόμενον
1166 1034 1261 1089 καὶ
1289 1035 1358 1088 διι
1391 1027 1466 1087 ὧν
1501 1037 1775 1105 πάρεστε;
1811 1036 1922 1087 Καὶ

328 1129 576 1199 εἴπομεν
613 1130 708 1181 ’ον
747 1127 936 1195 λέγετε
975 1124 1246 1188 Μεσσίαν,
1282 1124 1495 1196 ἐτέχθη.
1523 1125 1591 1177 Οί
1636 1123 1693 1175 δὲ
1729 1124 1919 1199 ἐθορυ-

327 1197 520 1276 ϐοῦντο
561 1222 659 1275 καὶ
699 1220 1014 1290 ἀντιστῆναι
1060 1219 1195 1288 ἡμῖν
1225 1217 1324 1270 οὐκ
1362 1206 1625 1285 ἐτόλμων.
1664 1216 1726 1267 Οἱ
1758 1215 1813 1268 δὲ
1847 1197 1922 1287 si:

330 1331 437 1368 παν
483 1317 636 1385 ἡμῖν’
700 1313 811 1383 Τὴν
870 1300 1119 1383 οὐράνιον
1179 1309 1357 1378 δίκην,
1423 1307 1614 1379 εἴπατε
1668 1310 1824 1377 ἡμῖν,
1870 1306 1949 1358 τίκ

328 1406 548 1470 ἔγνωτε.
587 1405 649 1458 Οἳ
683 1403 917 1473 εἴπαμεν
964 1402 1166 1464 αὐτοῖς’
1220 1398 1501 1453 Ἀπιστίαν
1545 1401 1770 1464 νοσείτε,
1828 1399 1931 1451 καῖ

327 1498 451 1553 οὔτε
483 1499 655 1570 χωρὶς
699 1498 884 1568 ὅρκου,
929 1494 1055 1548 οὒτε
1093 1492 1209 1564 μεθ’
1239 1493 1404 1563 ὅρκου
1445 1489 1753 1554 πιστεύετε,
1787 1490 1923 1544 ἀλλὰ

214 1648 217 1651 _
326 1590 406 1660 τῷ
454 1589 737 1661 ἀϐουλήτῳ
796 1586 1005 1641 ἑαυτῶν
1049 1584 1238 1655 σκοπῷ
1284 1582 1649 1641 ἀκολουθεῖτε.
1712 1581 1770 1635 Ὁ
1812 1580 1922 1652 γὰρ

328 1679 582 1751 Χριστὸς,
621 1681 651 1732 ό
689 1679 785 1732 τοῦ
842 1677 1097 1747 Ὑψίστου
1128 1678 1278 1739 παῖς,
1313 1674 1600 1747 ἐγεννήθη,
1638 1674 1923 1729 καταλύων

2025 550 2189 604 etiam
2214 549 2398 604 aureis
2421 548 2641 603 laminis
2666 545 2931 616 inscripta
2952 552 3082 599 sunt
3106 545 3251 601 hunc
3271 545 3569 633 in’modum
3591 561 3610 599 ι

2034 732 2035 735 η
2094 663 2231 717 Cum
2278 661 2676 732 Jcrosolymam
2743 660 3118 725 venissemus,
3171 657 3391 729 signum
3446 665 3612 728 atque

2025 752 2288 807 adventus
2337 758 2526 806 noster
2589 750 2901 806 universam
2956 748 3234 815 civitatem
3289 747 3611 802 commovit.

2024 843 2166 910 Quid
2214 844 2341 909 hoc,
2373 844 2612 904 aiebant,
2644 841 2939 896 Persarum
2971 840 3245 910 sapientes
3274 838 3489 909 adesse,
3537 839 3615 892 si-

2025 937 2250 1005 mulque
2296 949 2494 988 novam
2535 949 2700 1004 super
2745 935 2894 1003 ipsos
2936 933 3148 989 stellam
3183 931 3485 1002 apparere?
3524 928 3615 984 ln-

2026 1034 2487 1098 terrogaruntque
2514 1015 2630 1081 nos
2652 1027 2921 1095 primores
2942 1022 3257 1079 Iudaeorum
3294 1040 3307 1075 :
3332 1020 3476 1086 Quid
3504 1019 3613 1075 sibi

2026 1122 2141 1174 haec
2163 1119 2373 1182 volunt,
2395 1133 2559 1187 quam
2594 1118 2666 1172 ob
2701 1131 2925 1171 causam
2960 1116 3069 1170 huc
3105 1114 3372 1169 venistis?
3399 1111 3615 1180 Quibus

2026 1228 2125 1265 nos
2160 1210 2544 1282 respondimus
2579 1227 2590 1262 :
2640 1208 2815 1274 Quem
2855 1222 2953 1261 vos
2989 1206 3287 1262 nominatis
3331 1203 3613 1268 Messiam,

2024 1314 2186 1360 natus
2211 1312 2315 1359 est.
2348 1302 2450 1365 llli,
2478 1301 2564 1357 his
2596 1301 2823 1367 auditis,
2871 1298 3368 1362 tumultuabantur,
3400 1312 3503 1351 nec
3530 1305 3615 1351 ta-

2025 1414 2149 1452 men
2184 1412 2380 1451 manus
2413 1397 2570 1450 nobis
2599 1394 2825 1464 injicere
2860 1390 3157 1447 audebant.
3203 1388 3474 1444 Dixerunt
3508 1403 3611 1442 au-

2027 1497 2133 1546 t’cm
2178 1490 2244 1545 ad
2289 1505 2390 1545 nos
2435 1508 2448 1541 :
2490 1488 2781 1543 Ctelestem
2825 1484 3118 1540 vindictam
3144 1481 3504 1545 obtestamur,
3555 1487 3615 1534 ut

2026 1583 2184 1638 nobis
2214 1581 2435 1643 dicatis,
2474 1579 2610 1649 quid
2671 1579 2739 1632 de
2792 1578 2897 1631 hac
2945 1590 3005 1633 re
3057 1572 3341 1629 noveritis.
3402 1569 3615 1638 Quibus

2026 1686 2171 1727 nos:
2218 1669 2603 1726 incredulitate
2644 1665 2926 1732 laboratis,
2962 1672 3017 1720 et
3061 1677 3237 1732 neque
3266 1661 3489 1730 juratis,
3515 1674 3615 1714 ne-

327 1750 419 1825 τδν
447 1773 611 1842 νόμον
638 1770 813 1841 ὑμῶν,
848 1777 943 1823 καὶ
981 1771 1079 1835 τὰς
1115 1770 1453 1840 συναγωγάς.
1493 1767 1604 1821 Καὶ
1646 1765 1736 1820 διὰ
1767 1767 1924 1819 τοῦτο

2039 1778 2137 1832 que
2176 1762 2433 1832 injnratis
2480 1759 2641 1813 nobis
2694 1757 2938 1823 creditis,
2981 1753 3078 1811 sed
3124 1750 3495 1822 incogitantia:
3520 1766 3619 1805 ve-

330 1862 472 1934 ὑπέρ
507 1860 766 1933 μαντείας
793 1862 1026 1933 ἀρίστης
1053 1861 1241 1934 ὥσπερ
1269 1858 1760 1929 κατατοξευόμενοι
1793 1855 1925 1927 (51),

326 1955 627 2027 οὐχ’ἡδέως
665 1953 893 2009 ἀκούετε
922 1954 982 2006 τὸ
1026 1952 1195 2023 ὄνομα
1246 1952 1423 2020 τοῦτο,
1471 1952 1610 2021 ὅπερ
1664 1948 1930 2020 αἰφνίδιον

331 2048 536 2119 ἐπέστη
571 2046 692 2100 καθ’
727 2046 903 2117 ὑμῶν.
942 2046 1008 2100 Οἱ
1052 2046 1110 2100 δὲ
1153 2045 1276 2101 καθ’
1311 2044 1536 2107 ἑαυτοὺς
1570 2041 1935 2113 βουλευσάμε-

331 2159 433 2206 νοι,
466 2141 849 2213 παρεκάλεσαν
881 2141 1048 2211 ἡμᾶς,
1099 2138 1429 2209 δεξαμένους
1460 2135 1609 2206 δῶρα
1650 2152 1933 2206 παρασιω-

328 2233 506 2302 πῆσαι
535 2232 596 2286 τὸ
625 2231 863 2287 τοιοῦτον
894 2235 959 2286 ἐκ
977 2233 1075 2302 τῆς
1092 2230 1350 2300 τοιαύτης
1367 2228 1554 2300 χώρας
1576 2226 1779 2290 αὐτῶν,
1803 2245 1820 2277 ι
1850 2227 1935 2281 ἵνα

335 2328 409 2399 μὴ
441 2326 749 2380 ἀποστασία
781 2326 1028 2397 γένηται,
1062 2327 1248 2395 φασὶν,
1282 2326 1363 2389 εὶς
1387 2325 1557 2394 ἡμᾶς.
1594 2340 1613 2373 ι
1655 2320 1846 2390 Ἡμεῖς
1876 2318 1938 2373 it

332 2422 587 2491 εἴπαμεν·
643 2419 802 2488 Δῶρα
848 2421 1010 2489 ἡμεῖς
1047 2418 1129 2481 είς
1167 2416 1334 2487 τιμὴν
1381 2413 1545 2468 αὐτοῦ
1598 2412 1933 2482 ἠνέγκαμεν,

335 2511 471 2582 πρὸς
505 2508 567 2564 τὸ
598 2502 857 2582 κηρύξαι,
887 2508 1033 2579 ειπερ
1078 2508 1326 2578 ἔγνωμεν
1365 2508 1422 2559 ἐν
1453 2508 1521 2576 τῇ
1566 2520 1720 2574 χωρᾳ
1751 2501 1931 2573 ἡμῶν,

337 2603 600 2673 μεγαλεῖα
634 2606 692 2656 ὲν
725 2601 802 2671 τῷ
834 2599 1127 2669 γεννᾶσθαι
1144 2600 1326 2662 αὑτὸν,
1363 2598 1458 2651 καὶ
1505 2596 1693 2664 λέγετε
1746 2594 1936 2648 λαϐόν-

334 2712 435 2757 τας
462 2697 608 2765 ἡμᾶς
636 2691 809 2764 δῶρα,
831 2690 899 2744 τὰ
931 2691 1325 2762 ὑπερουρανίου
1348 2690 1459 2759 (52)
1477 2688 1740 2761 Θεότητος
1764 2688 1935 2760 δημο-

338 2787 621 2841 σιευθέντα
654 2784 861 2855 κρύψαι
906 2784 1003 2837 καὶ
1041 2783 1109 2837 τὰ
1139 2782 1231 2836 τοῦ
1280 2783 1412 2835 ἰδίου
1446 2774 1939 2852 βασιλέως’ἐντάλ·

344 2895 491 2945 ματα
522 2879 805 2948 παριδεῑν;
842 2878 906 2929 Οἱ
935 2876 1014 2941 δὲ,
1052 2875 1225 2929 πολλὰ
1263 2859 1743 2946 παρακαλέσαντες
1759 2875 1932 2947 ἡμᾶς,

341 2969 640 3022 ἀπέλυσαν.
674 2965 847 3021 Τοῦτο
888 2966 946 3021 δέ
977 2983 1041 3018 τε
1083 2965 1198 3038 (55)
1244 2964 1617 3035 βασιλεύοντος
1657 2966 1757 3037 τῆς
1808 2966 1938 3018 Ἰου-

338 3060 494 3124 δαίας
530 3060 1025 3131 μεταστειλαμένου
1070 3060 1240 3129 ἡμᾶς,
1292 3058 1383 3111 καὶ
1419 3058 1753 3128 λαλήσαντος
1799 3057 1937 3128 πρὸς

2035 1866 2161 1911 stra:
2186 1852 2485 1909 inhaeretis.
2513 1849 2791 1913 Christus,
2815 1846 3083 1902 Altissimi
3105 1843 3300 1911 Filius,
3325 1851 3487 1897 natus
3511 1851 3615 1907 est,
3662 1888 3665 1891 .

2006 1944 2203 2017 'legem
2224 1953 2464 2017 vestram
2498 1956 2607 1997 una
2642 1954 2766 1994 cum
2807 1935 3099 2009 synagogis
3132 1934 3618 1990 exterminaturus.

2034 2038 2242 2094 Idcirco
2278 2050 2396 2101 vos,
2453 2032 2650 2109 nuntio
2702 2032 2807 2085 hoc
2848 2026 3265 2099 exoptatissimo
3300 2024 3461 2094 quasi
3512 2023 3621 2078 telo

2036 2129 2296 2202 perculsi,
2327 2141 2525 2183 nomen
2559 2123 2703 2179 istud
2730 2118 3166 2192 perhorrescitis,
3192 2116 3346 2186 ,quod
3381 2124 3490 2175 tam
3521 2130 3619 2195 su-

2037 2225 2151 2280 bito
2171 2221 2477 2279 cervicibus
2505 2217 2706 2273 vestris
2738 2216 2929 2271 instat.
2952 2211 3057 2283 illi,
3084 2210 3299 2265 collatis
3324 2211 3466 2264 inter
3492 2222 3622 2279 sese

2036 2315 2302 2377 consiliis,
2335 2312 2695 2367 hortabantur
2735 2323 2857 2373 nos,
2892 2318 2951 2361 ut
2995 2305 3233 2375 acceptis
3273 2300 3619 2366 muneribus,

2038 2405 2243 2461 nemini
2278 2404 2669 2466 iudicaremus,
2702 2414 2813 2453 rem
2841 2397 3003 2453 talem
3028 2398 3081 2451 in
3117 2397 3219 2451 hac
3256 2395 3503 2465 ipsorum
3530 2408 3620 2448 re-

2036 2500 2196 2570 gione
2246 2495 2534 2557 accidisse,
2573 2511 2591 2543 ι
2631 2507 2701 2546 ne
2728 2488 2980 2554 defectio,
3019 2488 3258 2548 aiebant,
3319 2485 3462 2562 inter
3518 2500 3621 2547 nos

2037 2569 2267 2645 oriatur.
2294 2605 2314 2638 ι
2352 2584 2563 2651 Quibus
2590 2596 2692 2635 nos
2724 2576 3108 2647 respondimus
3140 2571 3291 2627 :Nos
3314 2585 3539 2626 munera
3566 2569 3621 2622 in

2038 2682 2301 2736 honorem
2336 2676 2507 2747 ipsius
2533 2671 2838 2746 attulimus,
2871 2669 2937 2723 ad
2966 2665 3323 2723 contestanda
3378 2659 3624 2732 prodigia

2036 2788 2159 2844 quae
2179 2773 2301 2842 ipso
2337 2778 2466 2824 nato
2492 2768 2548 2821 in
2584 2769 2809 2838 regione
2838 2771 3028 2823 nostra
3056 2759 3399 2821 acciderunt,
3427 2760 3482 2807 et
3523 2766 3627 2805 vos

2038 2866 2296 2921 inducere
2377 2876 2480 2917 nos
2524 2858 2711 2925 vultis,
2760 2864 2841 2921 ut,
2893 2852 3129 2923 acceptis
3174 2845 3517 2910 muneribus,
3558 2859 3631 2898 ea

2039 2974 2165 3030 quae
2189 2955 2406 3011 Numen
2441 2955 2642 3025 ipsum,
2671 2950 2813 3006 ctelo
2840 2945 3154 3007 sublimius,
3196 2940 3355 2996 nobis
3392 2933 3628 3015 manife—

2042 3050 2225 3117 stavit,
2285 3024 2506 3105 silentio
2549 3057 2896 3115 premamus,
2950 3036 3225 3105 simulque
3266 3030 3412 3100 regis
3451 3024 3628 3105 nostri

338 3121 487 3227 ἡμᾶς
513 3121 625 3225 (54)
644 3169 769 3206 τινα
788 3121 883 3205 καί
900 3121 1296 3224 ἐρωτήσαντος,
1321 3150 1478 3203 ἅτινα
1499 3121 1736 3221 εέπαμεν
1761 3121 1932 3220 αὐτῷ,

2043 3144 2300 3200 mandata
2347 3136 2856 3209 transgrediamur!
2908 3132 3007 3186 Ast
3038 3129 3137 3195 iiii,
3173 3124 3408 3182 Inuitum
3448 3121 3632 3205 adhuc

339 3247 422 3309 εἰς
442 3245 589 3317 ἅπερ
612 3245 707 3298 καὶ
735 3243 975 3315 ἐχολώθη
999 3243 1121 3306 ὅλος
1141 3242 1297 3313 (54⁹).
1327 3242 1559 3313 Ἀπέστη
1569 3260 1667 3314 μεν
1699 3242 1764 3314 δὴ
1800 3243 1935 3314 (55),

340 3338 438 3391 ἀπ’
476 3337 667 3402 αὐτοῦ,
700 3337 775 3409 μὴ
801 3337 1163 3410 προσέχοντες
1192 3334 1361 3405 αὐτῷ,
1401 3337 1449 3388 εἰ
1488 3336 1562 3406 μὴ
1595 3334 1671 3399 ὡς
1706 3336 1795 3388 ’ἑνὶ
1853 3337 1939 3389 εὑ-

340 3432 505 3485 τελεῖ.

2038 3250 2139 3289 nos
2198 3228 2492 3292 cohortati,
2553 3226 2773 3280 tandem
2836 3221 2995 3276 irrito
3052 3225 3254 3275 conatu
3300 3214 3626 3275 discessere.

2038 3327 2165 3383 Pari
2235 3324 2546 3391 modomos
2598 3317 2904 3389 gessimus,
2952 3327 3075 3367 cum
3121 3311 3237 3382 ipse
3289 3321 3387 3384 rex
3427 3302 3630 3381 Iudaeae

2042 3438 2144 3478 nos
2179 3425 2503 3484 accerseret,
2546 3422 2712 3484 atque
2761 3410 2904 3464 inter
2956 3406 3136 3462 varios
3179 3415 3462 3477 sermones
3493 3411 3633 3457 non,-

344 3527 492 3580 nulla
522 3540 626 3581 nos
652 3526 1030 3596 interrogaret,
1061 3524 1126 3578 ad
1153 3538 1277 3593 quae
1310 3523 1412 3593 ipsi
1444 3523 1607 3578 etiam
1641 3523 1788 3579 haud
1810 3533 2035 3594 gravate
2076 3496 2482 3589 respondimus.
2530 3507 2898 3566 Discessitnus
2942 3504 3011 3561 ab
3045 3503 3159 3568 illo,
3190 3514 3302 3573 non
3331 3496 3505 3568 magis
3562 3491 3633 3547 ad

344 3631 470 3671 eum
509 3617 873 3680 attendentes,
913 3629 1079 3685 quam
1120 3613 1189 3668 ad
1226 3614 1505 3671 hominem
1554 3614 1846 3683 quemdam
1880 3614 2005 3668 imae
2032 3610 2225 3681 plebis,
2250 3606 2380 3679 licet
2409 3611 2557 3658 totus
2585 3600 2668 3654 ira
2696 3596 2945 3653 ferveret.

419 3707 693 3778 Ἠλθομεν
732 3707 790 3761 δὲ
836 3705 965 3760 ἔνθα
1008 3705 1418 3776 ἀπεστάλημεν,
1451 3705 1548 3759 καὶ
1577 3706 1788 3778 εἴδομεν
1843 3705 1942 3776 τὴν

347 3800 688 3870 γεννήσασαν
740 3798 834 3851 καὶ
877 3798 973 3852 τὸν
1014 3797 1367 3870 γεννηθέντα,
1426 3798 1521 3851 τοῦ
1562 3797 1791 3869 ἀστέρος
1831 3798 1941 3851 δει-

350 3894 605 3957 κνύοντος
636 3892 697 3946 τὸ
729 3892 1047 3946 δεσποτικὸν
1089 3890 1308 3962 βρέφος.
1342 3892 1592 3964 Εῐπαμεν
1640 3891 1699 3945 δὲ
1736 3893 1805 3962 .τῇ
1845 3908 1948 3961 μη-

306 4026 323 4039 .
349 3987 460 4059 τρί’
495 3986 593 4049 Τίς
626 3986 786 4056 καλῇ,
822 3984 1105 4057 περίφημε
1155 3984 1369 4054 μῆτερ;
1417 3984 1581 4059 ’Ἠτις
1616 3980 1784 4051 λέγει’
1824 3982 1948 4036 Μα-

353 4056 510 4151 ρίὰμ,
540 4077 815 4131 δεσπόται.
849 4056 1092 4146 Είπομεν
1132 4074 1190 4129 δὲ
1226 4076 1385 4146 αὐτῇ·
1415 4056 1588 4129 Πόθεν
1608 4074 1907 4145 ὁρμωμένη
1934 4090 1947 4137 ;

364 4170 430 4224 Ἦ
451 4168 549 4241 ἐέῖ
577 4170 673 4221 Ἐκ
700 4165 924 4237 ταύτης,
961 4164 1239 4236 φησὶ,’τῆς
1264 4163 1595 4241 Βηθλεωτῶν
1631 4160 1835 4241 χώρας.
1855 4162 1948 4214 Εἷ-

352 4238 536 4334 παμεν
570 4261 648 4315 δέ’
684 4257 798 4312 Οὐκ
830 4258 988 4328 ἔσχες
1033 4256 1202 4328 ἄνδρα
1233 4255 1387 4320 τινά;
1435 4254 1499 4307 Ἠ
1535 4238 1593 4355 6}
1642 4238 1797 4355 φησί(⁸
1819 4240 1947 4306 Με-

357 4359 700 4430 μνήστευμαι
741 4352 899 4424 μόνον
938 4349 1076 4421 πρὸς
1116 4347 1395 4419 γαμιαίων
1434 4346 1739 4417 συμϐόλων,
1778 4346 1948 4414 μεμε-

2121 3698 2366 3756 Tandem
2404 3695 2556 3759 illuc,
2593 3706 2703 3762 quo
2733 3688 2888 3745 missi
2929 3687 3231 3751 fueramus,
3259 3685 3632 3754 pervenimus,

2048 3791 2393 3858 vidimusqne
2414 3782 2735 3855 genitricem
2754 3795 2861 3834 una
2878 3792 3003 3832 cum
3026 3776 3205 3846 genita
3227 3774 3295 3829 ab
3314 3774 3431 3844 ipsa
3458 3774 3632 3844 prole,

2049 3884 2206 3940 stella
2284 3878 2445 3935 nobis
2522 3873 2870 3930 Dominicum
2926 3869 3192 3931 infantem
3270 3873 3631 3922 monstrante.

2049 3975 2298 4030 Diximus
2329 3977 2513 4025 autem
2553 3965 2621 4023 ad
2655 3972 2924 4018 matrem:
2951 3959 3241 4027 Quomodo
3274 3956 3514 4023 vocaris,
3537 3970 3633 4009 ce-

2048 4065 2344 4124 leberrima
2392 4058 2607 4116 mater?
2649 4055 2782 4123 Quae
2835 4055 2911 4111 ait
2959 4073 2974 4110 :
3020 4052 3211 4118 Maria,
3262 4048 3493 4107 domini.
3535 4047 3637 4102 Cui

2057 4175 2197 4216 nos:
2226 4155 2380 4212 Unde
2414 4149 2572 4209 orta?
2600 4147 2683 4204 Atl
2716 4145 2865 4217 quod
2898 4145 2992 4203 illa
3035 4162 3050 4198 :
3082 4143 3162 4196 Ex
3193 4143 3360 4199 haece
3383 4138 3636 4197 Bethlee-

2055 4252 2314 4307 mitarum
2349 4244 2589 4315 regione.
2649 4236 2923 4302 Habesne,
2966 4233 3372 4304 inquiebamus,
3419 4228 3639 4285 virum?

2057 4340 2393 4409 Desponsata
2425 4340 2638 4388 tantum
2665 4341 2809 4390 sum,
2838 4321 3120 4394 respOndit
3155 4321 3268 4384 illa,
3305 4317 3361 4371 in
3400 4316 3639 4388 speciem

356 4410 624 4522 ἓςσμένης
655 4446 712 4499 δέ
741 4410 754 4424 ι
766 4460 867 4515 μου
910 4410 1009 4514 τῆς
1047 4410 1305 4503 διανοίας.
1338 4438 1453 4493 Ούκ
1488 4410 1810 4507 -ηϐουλόμην
1839 4410 1936 4504 γὰρ

2054 4429 2347 4501 quamdam
2379 4423 2664 4488 connubii,
2689 4427 2870 4476 mente
2893 4417 3054 4486 longe
3078 4429 3107 4469 a
3137 4410 3413 4471 connubio
3437 4410 3636 4467 aliena.

358 4505 629 4608 ἓίςποῦτο
658 4505 852 4594 ἐλθεῖν.
889 4505 1038 4591 Πάνυ
1071 4535 1128 4589 δὲ
1167 4505 1541 4606 όλιγωρούσης
1575 4547 1703 4604 μου,
1739 4529 1936 4583 σαϐϐά-

2054 4520 2213 4576 Nolui
2240 4519 2387 4574 enim
2433 4517 2501 4571 ad
2531 4516 2636 4571 hoc
2672 4509 2980 4584 pervenire.
3019 4505 3157 4562 Cum
3187 4511 3371 4561 autem
3412 4514 3640 4571 prorsus

358 4653 456 4692 του
505 4632 901 4703 διαφαύσαντος
963 4629 1058 4682 καὶ
1129 4627 1285 4697 ἡλίου
1349 4625 1510 4688 εὐθὺς
1545 4622 1949 4687 ἀνατείλαντος,

362 4726 568 4794 ἐπέστη
615 4740 705 4796 μοι
747 4720 995 4790 ἄγγελος,
1032 4716 1519 4787 εὐαγγελιζόμενός
1571 4732 1659 4787 μοι
1693 4714 1953 4784 ἐξαίφνης

365 4815 520 4869 τόκον
560 4811 703 4866 τινά.
754 4810 866 4864 Καὶ
907 4808 1268 4881 θορυόηθεῖσα
1309 4804 1619 4877 ἀνέκραξα’
1669 4804 1954 4876 Μηδαμῶς

338 4916 341 4919 ’
367 4923 459 4978 μοι
483 4903 662 4967 τοῦτο,
722 4900 923 4973 Κύριε,
956 4900 1128 4969 ἄνδρα
1158 4896 1268 4969 γὰρ
1300 4898 1401 4949 οὐκ
1427 4895 1554 4968 ἔχω.
1585 4889 1697 4948 Καὶ
1722 4895 1957 4948 ἐπίστων

370 4997 429 5050 σέ
455 5014 543 5067 με,
580 4993 827 5066 βουλήσει
854 4989 990 5061 Θεοῦ
1017 4990 1107 5042 τὸν
1134 4989 1292 5042 τόκον
1321 4986 1508 5041 τοῦτον
1532 4987 1694 5057 ἔχειν.

442 5318 561 5387 (28)
596 5313 698 5368 Ms.
718 5322 967 5387 uterque,
982 5308 1166 5375 πάλιν,
1186 5306 1280 5361 καὶ
1301 5277 1444 5376 ἆπερ
1466 5305 1578 5358 καί.
1600 5302 1846 5357 Primum
1867 5301 1960 5354 καί

376 5382 560 5460 aperte
591 5382 1037 5454 expungendum.

450 5479 564 5549 (29)
611 5477 997 5549 Ms._guterqt_ie
1032 5473 1243 5549 contra
1299 5469 1518 5542 regulas
1567 5464 1962 5538 grammaticae,

378 5543 685 5621 φθᾶσαντες
713 5546 773 5599 δὲ
804 5545 872 5598 τά
917 5543 1281 5614 Ἰεροσόλυμα.

350 5652 353 5653 ⁷
452 5642 564 5711 (50)
599 5639 699 5694 Ms.
736 5647 964 5705 uterque
996 5635 1220 5700 solaece,
1253 5633 1408 5705 φησί,
1434 5629 1583 5701 quod
1613 5639 1668 5684 et
1691 5627 1856 5682 infra.

456 5736 567 5803 (5t)
602 5732 699 5785 Ms.
736 5739 985 5803 uterque,
1010 5726 1105 5780 καὶ
1133 5727 1220 5803 δεᾲ
1244 5726 1407 5803 τοῦτο
1438 5725 1513 5787 ὡς
1534 5721 1676 5803 ὑπὲρ
1710 5738 1749 5790 μ

384 5790 610 5879 ἀρίστης
633 5790 1135 5867 κατατοξευόμενοι.
1163 5795 1258 5850 Vcl
1291 5798 1363 5851 ita
1393 5790 1702 5865 legendum,
1735 5799 1793 5846 ut
1819 5790 1965 5855 dedi,

701 5900 974 5959 Parnm“
1022 5893 1138 5956 Gn.
1192 5893 1274 5955 X.

2053 4613 2123 4667 ab
2155 4625 2221 4665 eo
2270 4608 2645 4670 abhorrerem,
2701 4603 2927 4658 sabbato
2972 4597 3213 4670 quodam
3266 4594 3640 4655 illucescente,

2056 4703 2158 4758 sub
2189 4700 2370 4770 ipsum
2417 4694 2533 4750 fere
2580 4694 2713 4749 solis
2757 4699 2939 4746 ortum
2981 4686 3158 4742 astitit
3208 4681 3342 4738 mihi
3389 4679 3640 4750 angelus,

2056 4793 2390 4850 annuntians
2416 4786 2551 4843 mibi
2575 4785 2758 4841 subito
2787 4791 3002 4852 partum
3041 4775 3354 4848 quemdam.
3392 4772 3475 4827 Ad
3519 4785 3645 4842 qua:

2060 4887 2238 4958 ipsius
2262 4883 2426 4938 verba
2453 4896 2555 4951 ego
2578 4887 3011 4946 compavescens
3041 4866 3346 4929 exclamavi
3379 4883 3393 4919 :
3420 4862 3647 4934 Nequa-

2060 4957 2227 5051 quam
2275 4975 2413 5030 mihi
2456 4974 2568 5028 tale
2618 4968 2751 5040 quid
2803 4964 3104 5034 contingat,
3151 4960 3408 5021 domine,
3460 4957 3645 5011 virum

2060 5044 2210 5124 enim
2240 5080 2350 5122 non
2390 5063 2584 5118 habeo.
2614 5060 2686 5113 At
2720 5058 2810 5112 ille
2841 5054 3005 5109 iidem
3052 5050 3187 5105 mihi
3228 5044 3523 5112 adstruxit,
3556 5045 3644 5098 dis-

2062 5161 2188 5215 vina
2210 5172 2298 5213 me
2325 5156 2604 5211 voluntate
2625 5151 2948 5223 parituram.

2064 5293 2149 5348 vel
2182 5293 2230 5347 si
2275 5288 2542 5360 particula
2586 5286 2661 5360 ὡς
2706 5286 2826 5339 loco
2870 5294 2972 5336 suo
3018 5275 3378 5343 relinquatur,
3420 5266 3658 5341 ἀρίστης

2067 5356 2391 5418 mutandum
2422 5361 2477 5412 i'n
2510 5356 2798 5425 κακίστης.

2140 5432 2254 5491 (52)
2287 5429 2389 5484 Ms.
2413 5438 2646 5496 uterque
2671 5420 3022 5496 ὑπουρανίου.
3128 5446 3129 5449 η

2140 5501 2255 5571 (55)
2285 5492 2642 5571 Sttbintellige
2669 5492 2979 5571 ἐποιοῦμεν.

2165 5554 2255 5638 id}
2288 5554 2607 5637 Praepositio
2631 5564 2771 5638 ξηρός
2804 5554 3256 5638 in'utroquems:
3296 5554 3539 5638 deestlh
3571 5613 3586 5638 ξ

2166 5621 2503 5711 gis—rous
2530 5621 2813 5711 turbatus,
2846 5644 3007 5704 quem
3034 5621 3298 5684 vertendo
3328 5621 3544 5680 sanavit
3571 5621 3658 5669 inv

1750 5719 1969 5783 αντείας
2072 5701 2500 5783 ter'pres.__Enrr.
2530 5701 2776 5783 ΡΑτιιοιἔτ

2147 5771 2261 5853 (55)
2285 5779 2403 5855 _Ms.
2444 5785 2694 5843 uterque,
2724 5771 2801 5826 δέ.

3305 5860 3343 5919 ι
