4074 6376
515 325 614 384 107
1604 318 1845 379 IULIUS
1878 318 2124 374 AFRICA

2161 319 2292 383 (US.
2328 357 2392 367 —
2431 326 2699 386 SPURIA.
3670 334 3770 392 108

584 449 829 503 Diximus
848 452 1029 502 autem
1060 458 1163 500 nos
1191 442 1257 497 ad
1285 441 1430 496 illam
1468 458 1480 495 :
1513 440 1701 503 Mater,
1737 449 1930 501 mater,
1965 455 2085 493 om-
2119 448 2159 502 Α

2272 446 2461 516 Ἡμεῖς
2503 449 2560 502 δὲ
2592 450 2826 519 εἴπαμεν
2854 452 3012 522 αύτῇο
3049 451 3260 524 Μῆτερ,
3296 452 3490 525 μῆτερ.
3525 453 3769 518 ἅπαντες

511 556 610 595 nes
646 538 937 594 Persarum
991 538 1067 591 dii
1112 536 1324 591 beatam
1362 543 1414 589 te
1462 534 1845 603 praedicarunt.
1888 532 2079 602 Magna

2181 540 2229 590 οἰ
2281 537 2394 591 θεοὶ
2437 540 2661 612 Περσῶν
2706 542 3051 615 ὲμακάρισάν
3107 562 3187 598 σε.
3241 545 3313 597 Τὸ
3357 545 3617 616 καύχημά
3673 562 3769 599 σου

507 640 595 688 est
623 630 794 701 gloria
822 638 933 685 tua.
962 630 1201 684 Cunctas
1234 625 1477 681 iliustres
1506 625 1738 679 feminas
1776 624 2077 690 antecellis,

2183 628 2343 697 μέγα.
2388 628 2725 702 ’Υπερῆρσαι
2761 632 2870 702 (56)
2903 634 3011 706 γὰρ
3043 634 3222 699 πάσας
3253 634 3354 699 τὰς
3384 635 3628 701 ἐνδόξους
3670 651 3758 706 γυ-

509 723 795 792 majorque
826 730 910 776 est
957 719 1195 789 dignitas
1252 727 1362 782 tua,
1408 733 1573 787 quam
1626 718 1870 773 omnium
1912 719 2079 773 totius

2179 721 2392 784 ναῖκας,
2425 721 2521 774 καὶ
2560 722 2749 775 πασῶν
2785 722 3067 793 βασιλίδων
3105 724 3498 797 βασιλικωτέρα
3529 725 3763 797 ἐφάνης.

508 814 699 869 mundi
722 813 1057 883 reginarum.

470 912 475 933 λ
576 906 762 961 Infans
782 921 949 976 porro
985 906 1100 979 ipse
1130 903 1282 959 bumi
1315 902 1557 967 sedebat,
1593 901 2005 972 secundumque
2026 904 2073 956 ei

2247 896 2320 949 Τδ
2354 897 2413 951 δέ
2466 899 2675 954 παιδίον
2715 900 2772 953 ἐν
2820 903 2885 971 τῇ
2923 904 2993 972 γῇ
3033 900 3338 967 ἐκαθέζετο,
3379 902 3651 974 δεύτερον,
3687 903 3764 967 ὼς

506 1012 710 1051 annum
738 996 826 1050 illa
868 1010 990 1051 esse
1014 995 1214 1061 aiebat,
1251 995 1412 1049 matri
1451 994 1600 1048 vultu
1638 1009 1749 1048 non
1787 996 2073 1050 absimilis.

2176 988 2359 1056 ἔλεγεν
2385 989 2545 1060 αὑτὴ,
2581 989 2701 1053 ἔτος
2745 991 2914 1061 αύτῷ,
2950 992 3173 1062 μερικδν
3204 994 3302 1063 τῆς
3341 994 3606 1064 τεκούσης
3630 994 3754 1063 ἔχον

502 1085 635 1141 Erat
665 1095 845 1141 autem
872 1087 989 1157 ipsa
1007 1086 1364 1155 longiusculis
1391 1086 1667 1153 manibus,
1707 1101 1933 1156 corpore
1977 1088 2075 1143 de-

2173 1079 2265 1133 τὸν
2296 1082 2635 1152 χαρακτῆρα.
2669 1078 2774 1135 Ἦν
2806 1083 2864 1135 δὲ
2890 1082 3027 1153 αὕτη
3061 1084 3275 1153 μακρὰς
3300 1084 3398 1148 τὰς
3425 1085 3752 1156 χεῖραςβῖ)

500 1177 763 1243 licatiore,
794 1178 860 1233 ad
888 1178 1149 1233 frumenti
1183 1177 1424 1233 colorem
1467 1178 1776 1245 accedente,
1813 1178 1951 1234 facie
1992 1195 2077 1234 ro.

2173 1170 2389 1240 ἔχουσα,
2435 1171 2498 1225 τὸ
2539 1172 2696 1243 σῶμα
2740 1172 3172 1247 τρυφερώτερον,
3222 1175 3517 1247 σιτόχροος.
3559 1193 3753 1245 στρογ-

498 1269 688 1335 tunda,
719 1283 932 1323 comam
955 1268 1164 1323 habens
1185 1267 1515 1338 colligalam.
1541 1268 1683 1323 Cum
1714 1283 1845 1324 vero
1886 1270 2075 1325 nobis-

2171 1263 2612 1334 γυλοπρόσωπος,
2645 1265 2843 1336 ἔχουσα
2862 1267 2961 1337 τὴν
2994 1266 3188 1337 χαίτην
3219 1267 3526 1338 δεδεμένην.
3566 1270 3753 1339 Ἔχον-

497 1371 624 1411 cum
647 1357 974 1412 haberemus
995 1373 1212 1414 servum
1243 1359 1498 1430 pingendi
1529 1361 1775 1428 apprime
1812 1362 2069 1430 peritum,

2171 1370 2260 1419 τες
2282 1357 2339 1410 δὲ
2363 1357 2481 1427 μεθ’
2514 1359 2722 1412 ἑαυτῶν
2754 1358 2928 1429 εὐφύῆ
2969 1359 3134 1413 παῖδα
3180 1358 3750 1432 ξωγράφον,ἀμφοτέ-

493 1447 782 1503 amborum
814 1448 1104 1519 imaginem
1131 1448 1351 1504 domum
1381 1451 1685 1514 retulimus,
1717 1467 1839 1521 quae
1862 1453 1917 1507 in
1962 1454 2073 1522 pri-

2174 1464 2281 1517 ρων
2314 1447 2412 1518 τὴν
2444 1449 2703 1518 ὁμοίωσιν
2734 1453 2798 1520 τῇ
2834 1449 2987 1521 χώρᾳ
3019 1449 3175 1521 ἡμῶν
3191 1451 3491 1521 ἠγάγομεν,
3514 1452 3607 1505 καὶ
3633 1455 3749 1505 ἐνε-

493 1538 674 1591 mario
698 1538 899 1607 templo
936 1552 1101 1593 manu
1131 1538 1329 1608 Inostra
1376 1554 1504 1594 eum
1549 1539 1653 1595 hac
1711 1541 2070 1613 inscriptione

2170 1538 2297 1608 τέθη
2332 1541 2391 1591 ἐν
2418 1540 2660 1613 τῇνχειρὶ
2686 1540 2864 1611 ἡμῶν,
2975 1542 3411 1612 ὲχρηματίζομεν
3447 1544 3746 1613 γράφοντες

491 1628 671 1684 dicata
697 1638 781 1685 est
816 1648 828 1682 :
861 1629 980 1685 J‘ovi
1001 1629 1232 1696 Mithrae,
1256 1631 1368 1685 Deo
1391 1648 1611 1703 magno,
1636 1635 1750 1705 regi
1782 1634 1935 1703 Jesu,
1962 1638 2068 1692 im~

2168 1628 2343 1693 οὕτως
2374 1630 2484 1700 (58)
2527 1633 2586 1683 ἐν
2622 1632 2698 1702 τῷ
2734 1633 2971 1685 διοπετεῖ
3011 1632 3157 1704 ίερῷο
3191 1634 3617 1705 ΔιὶςἩλίῳ,Θεῷ
3647 1653 3747 1705 με-

486 1720 704 1787 perium
727 1718 1011 1775 Persicum
1040 1721 1328 1777 dedicavit.
2091 1794 2095 1799 ι

2166 1720 2337 1791 γάλῳ,
2366 1720 2572 1791 βασιλεῖ
2608 1722 2803 1793 Ἰησοῦ,
2836 1724 2898 1777 τὸ
2921 1724 3185 1795 Περσικὸν
3227 1726 3426 1797 κράτος
3456 1726 3739 1799 ἀνέθηκεν.

559 1831 833 1891 Tollentes
867 1835 1062 1890 deinde
1105 1835 1364 1892 infantem
1396 1840 1594 1910 singuli
1622 1852 1786 1912 atque
1829 1842 1882 1896 in
1917 1844 2060 1901 ulnis
2091 1793 2135 1848 Β

2133 1826 2135 1837 ’
2233 1836 2494 1907 Ἀραντες
2522 1835 2579 1888 δὲ
2625 1835 2685 1888 τὸ
2715 1836 2926 1890 παιδίον
2965 1837 3191 1901 ἐκαστος
3233 1839 3391 1909 ἡμῶν
3422 1840 3515 1893 καί
3541 1842 3599 1893 ἐν
3643 1842 3742 1904 ἀγα

488 1930 784 1993 gestantes,
828 1941 954 1981 cum
1000 1927 1230 1982 osculati
1267 1944 1514 1986 essemus
1548 1937 1606 1986 'et
1652 1933 2055 1997 adorassemus.

2160 1924 2349 1988 κάλαις
2384 1924 2772 1993 βαστάσαντες,
2806 1927 3184 1997 ἀσπασάμενοι
3213 1928 3348 1980 αὐτὸ
3379 1929 3476 1982 καὶ
3510 1947 3743 2000 προσκυ-

487 2014 740 2070 dedimus
785 2016 865 2071 illi
899 2033 1119 2084 aurum,
1160 2022 1438 2091 myrrham
1487 2031 1541 2078 et
1586 2024 1734 2091 thus,
1765 2026 2008 2082 dicentes
2041 2045 2055 2081 :

2157 2023 2437 2088 νήσαντες,
2473 2016 2782 2088 δεδώκαμεν
2822 2018 2972 2089 αὐτῷ
3011 2020 3228 2091 χρυσὸν,
3261 2020 3505 2091 σμύρναν
3533 2022 3628 2075 καὶ
3657 2022 3739 2076 λί-

485 2104 655 2161 Donis
701 2106 810 2162 tuis
854 2116 906 2163 te
940 2125 1315 2178 muneramur,
1365 2114 1675 2170 dominator
1719 2116 1861 2183 coeli,
1901 2116 2054 2173 Jesu.

2158 2107 2335 2169 ὁανον,
2366 2108 2607 2172 εἰπόντες
2639 2108 2807 2179 αὐτῷ·
2834 2110 2924 2162 Σοὶ
2944 2109 3013 2163 τὰ
3045 2110 3112 2163 σά
3144 2111 3553 2182 φιλοτιμοῦμεν,
3582 2114 3742 2185 obpa-

476 2194 603 2253 Non
627 2198 763 2255 bene
782 2201 1235 2280 gubernarentnr,
1255 2221 1375 2274 quae
1402 2207 1774 2275 gubernationi
1805 2210 2056 2267 humana:

2156 2197 2418 2268 νοδύναμε
2452 2198 2648 2269 Ἰησοῦ.
2685 2201 2759 2253 Οὐ
2791 2200 2972 2264 καλῶς
3010 2201 3121 2270 (59)
3170 2201 3421 2256 διοικεῖτο
3468 2203 3537 2256 τὰ
3573 2204 3737 2257 ἀδιοί-

480 2304 593 2343 non
626 2291 878 2359 subsunt,
904 2292 1011 2347 nisi
1039 2302 1151 2349 tute
1179 2295 1421 2353 adesses.
1462 2296 1581 2352 Non
1623 2299 1782 2354 aliter
1817 2315 2053 2370 superna

2156 2305 2316 2358 κητα,
2344 2289 2393 2342 εἰ
2428 2290 2502 2361 μὴ
2537 2291 2601 2343 σὺ
2649 2291 2901 2362 παρείης.
2953 2292 3065 2362 Οὐχ
3124 2292 3325 2363 ἑτέρως
3368 2294 3625 2364 ἐμίσγετο
3666 2296 3736 2349 τὰ

480 2379 708 2436 infernis
745 2382 1127 2452 jungerentur,
1185 2387 1290 2441 nisi
1344 2390 1459 2458 ipse
1499 2390 1896 2449 descendisses.
1932 2392 2050 2450 Non

2153 2376 2267 2430 ἄνω
2307 2381 2420 2442 τοῖς
2467 2379 2636 2444 κάτω,
2681 2384 2729 2434 εί
2765 2381 2839 2452 μὴ
2886 2381 3047 2445 αὐτὸς
3079 2383 3335 2453 κατέϐης.
3377 2385 3452 2437 Οὺ
3483 2385 3734 2439 τοσοῦτον

477 2478 685 2527 tantum
717 2473 879 2529 eﬂicit
910 2474 1169 2543 famulus,
1194 2494 1225 2533 a
1251 2479 1475 2535 domino
1504 2483 1730 2548 missus,
1761 2501 1926 2556 quam
1960 2488 2063 2542 do-.

2154 2467 2375 2524 ἀνύεται
2423 2470 2691 2534 διακονία,
2737 2473 2786 2524 εἰ
2828 2472 2921 2525 τόν
2961 2490 3020 2525 τε
3054 2472 3239 2526 δοῦλον
3278 2468 3573 2549 ἀποστείλῃ
3620 2476 3731 2547 (40)

475 2561 660 2617 minus
704 2562 849 2632 ipse;
893 2579 1001 2620 non
1049 2574 1259 2620 tantum
1306 2584 1427 2636 rex,
1465 2571 1512 2626 si
1558 2572 1761 2628 bellum
1813 2577 2048 2646 satrapis

2150 2577 2253 2626 τις,
2289 2562 2366 2626 ὡς
2407 2565 2530 2618 ὅσον
2585 2564 2775 2617 ἑαυτὸν
2832 2564 3257 2635 παραγενέσθαι,
3304 2566 3424 2619 οὐδὲ
3476 2566 3730 2635 βασιλεὺς

472 2651 781 2717 demandet,
813 2671 977 2724 quam
1024 2658 1070 2713 si
1102 2658 1333 2729 imperio
1377 2663 1493 2732 ipse
1535 2663 1815 2735 fungatur.
1856 2666 2047 2725 Decuit

2150 2653 2383 2725 πέμπων
2428 2655 2521 2708 ἐπὶ
2560 2656 2792 2725 πόλεμον
2845 2657 3148 2727 σατράπας,
3181 2656 3256 2720 ὡς
3287 2657 3410 2710 ὅσον
3448 2658 3507 2711 τὸ
3540 2660 3728 2712 ἑαυτὸν

472 2741 578 2799 hoc
599 2746 925 2815 sapientiam
950 2759 1122 2819 tuam,
1155 2753 1230 2808 ita
1252 2769 1376 2810 cum
1405 2756 1718 2815 hominibus
1742 2776 1921 2830 agere.

2147 2744 2461 2816 ἐνδημῆσαι.
2496 2746 2742 2816 Ἔπρεπε
2766 2746 2923 2801 τοῦτο
2950 2751 3017 2818 τῇ
3051 2750 3187 2819 σοφῇ
3216 2765 3308 2801 σου
3340 2748 3567 2819 μεθόδῳ,
3602 2751 3726 2815 τοὺς

456 2842 461 2847 ·
2146 2833 2465 2904 ἀνθρώπους
2493 2832 2604 2905 (ﬂ)
2639 2834 2960 2906 μεθοδεῦσαι
2987 2838 3260 2902 τοιούτως.

541 2919 727 2976 Infans
760 2932 940 2978 autem
972 2929 1305 2997 exsultabat,
1330 2940 1385 2987 et
1416 2933 1624 2990 ridebat
1639 2945 1861 3007 propter
1882 2939 2042 2995 blan-

2215 2923 2288 2976 Τὺ
2316 2924 2373 2976 δὲ
2404 2924 2615 2978 παιδίον
2644 2924 2891 2997 ἐσκίρτα,
2936 2928 3031 2980 καὶ
3062 2927 3223 3000 ἐγέλα
3262 2931 3383 2991 ταῖς
3414 2930 3723 2994 κολακείαις

464 3013 632 3068 ditias
674 3022 728 3069 et
777 3030 1057 3074 sermones
1088 3030 1325 3077 nostros.
1376 3023 1629 3096 Regressi
1662 3044 1789 3085 vero
1825 3031 1892 3086 ad
1923 3048 2040 3089 ma-

2144 3015 2375 3078 καὶτοῖς
2409 3015 2585 3083 λόγοις
2618 3016 2795 3087 ἡμῶν.
2843 3019 2953 3070 Kal.
3003 3018 3395 3089 συνταξάμενοι
3440 3023 3506 3091 τῇ
3555 3024 3723 3091 μητρὶ

458 3115 629 3175 trem,
661 3107 906 3165 exhibito
938 3109 1035 3176 illi,
1070 3120 1131 3166 ut
1161 3128 1259 3183 par
1300 3124 1438 3183 erat,
1494 3117 1722 3186 honore,
1769 3137 1931 3191 quem
1986 3133 2067 3179 et'

2144 3107 2234 3160 καὶ
2282 3108 2418 3178 αὑτὴ
2464 3109 2611 3177 ἡμᾶς
2649 3109 2928 3179 τιμήσασα
2958 3110 3052 3162 καὶ
3082 3112 3244 3180 ἡμεῖς
3270 3110 3611 3178 δοξάσαντες,
3645 3112 3723 3177 ὡς

462 3193 581 3263 ipsa
614 3194 773 3249 nobis
804 3197 1071 3265 exhibuit,
1111 3203 1311 3259 reversi
1348 3218 1539 3262 sumus
1582 3208 1637 3262 in
1675 3209 2038 3267 diversorium

2141 3201 2269 3266 ἔδει,
2297 3201 2549 3272 ήλθομεν,
2580 3205 2638 3254 ἐν
2662 3197 2707 3270 ᾧ
2734 3202 2885 3271 τόπῳ
2906 3201 3236 3272 κατελύομεν
3266 3201 3397 3273 (42).
3424 3204 3533 3256 Καὶ
3565 3205 3720 3257 ἐσπέ-

456 3292 735 3341 nostrum.
768 3286 935 3343 FaCto
969 3304 1098 3345 vero
1140 3307 1363 3363 vespere
1405 3298 1578 3352 astitit
1612 3299 1772 3356 nobis
1820 3303 2037 3359 terribi-

2141 3310 2241 3365 ρας
2261 3292 2561 3364 γενομένης
2594 3292 2796 3363 ἐπέστη
2828 3293 2956 3362 ἡμῖν
2989 3309 3072 3355 τις
3106 3292 3335 3365 φοϐερὸς
3378 3294 3473 3346 καὶ
3517 3294 3717 3347 ἐκπλα-

449 3374 530 3432 iis
567 3385 622 3433 et
654 3380 1071 3449 expavefaciens
1099 3386 1346 3455 quidam,
1380 3388 1569 3446 dicens
1602 3392 1668 3446 ad
1698 3408 1802 3449 nos
1834 3413 1848 3448 :
1885 3395 2035 3450 Con.

2137 3384 2261 3456 γὴς,
2302 3384 2477 3453 λέγων
2530 3386 2681 3455 ἡμῖν·
2715 3383 2788 3438 Τὸ
2821 3385 2983 3455 τάχος
3017 3381 3259 3448 ἐξέλθετε
3303 3384 3436 3454 (45),
3475 3385 3547 3456 μή
3593 3403 3716 3439 τινα

450 3463 643 3521 festim
680 3469 845 3536 exite,
876 3486 944 3526 ne
971 3473 1188 3531 insidiis
1225 3479 1632 3547 opprimamini.
1666 3482 1768 3538 Cui
1792 3500 1893 3541 nos
1927 3495 2035 3541 tre-

2136 3476 2427 3548 ἐπιϐουλὴν
2472 3477 2762 3547 ὐποστῆτε.
2811 3477 3001 3547 Ἡμεῖς
3043 3476 3100 3529 δὲ
3143 3478 3283 3546 μετὰ
3315 3477 3517 3542 δειλίας
3555 3479 3713 3530 εἶπα-

456 3565 670 3611 mentes
698 3561 1089 3627 reposuimus:
1118 3562 1381 3632 Quisnam
1421 3581 1524 3634 est,
1559 3572 1654 3641 qui
1700 3582 1865 3629 tanta:
1895 3575 2033 3646 lega-

2137 3585 2255 3640 μεψ
2291 3569 2402 3621 Καὶ
2430 3568 2514 3633 τίς
2542 3570 2691 3621 ἐστιν
2723 3571 2753 3621 ὁ
2778 3567 3141 3621 ἐπιϐουλεύων
3181 3571 3247 3639 τῇ
3281 3567 3519 3641 τοσαύτῃ
3542 3586 3710 3640 πρεε-

456 3645 594 3701 tioni
624 3649 851 3707 insidias
872 3661 1086 3710 struere
1124 3659 1287 3726 ausit,
1330 3660 1511 3717 divine
1548 3664 1821 3722 bellidux!
1857 3645 2031 3724 Hero-

2132 3660 2276 3730 ϐείᾳ,
2313 3660 2421 3713 θεῖε
2455 3658 2753 3730 στρατηγές
2821 3657 2881 3713 '0
2915 3659 2992 3711 δέ·
3052 3657 3314 3729 Ἡρώδης.
3364 3657 3523 3712 Ἀλλά
3570 3659 3708 3728 πάρ-

454 3736 571 3800 des,
609 3738 790 3794 aiebat
826 3741 934 3798 ille.
970 3742 1171 3802 Verum
1205 3757 1447 3806 actutum
1480 3757 1773 3827 exsurgite,
1806 3767 1860 3814 et
1891 3760 2025 3816 salvi

2128 3759 2280 3824 αυταξ
2311 3752 2638 3815 ἀναστάντες
2681 3749 2977 3822 πορεύεσθε
3000 3753 3057 3804 ἐν
3083 3753 3276 3822 εἰρήνῃ
3294 3748 3702 3821 διασωζόμενοι.

452 3826 509 3881 in
530 3843 667 3898 pace
701 3831 925 3889 domum
959 3837 1152 3893 redite.

517 3918 630 3977 Nos
661 3932 843 3979 autem
884 3927 1171 3985 celerrime
1211 3935 1360 3988 omni
1396 3937 1576 3994 studio
1613 3953 1712 3994 nos
1740 3940 1864 3997 inde
1895 3956 2023 4012 pro-

2128 3932 2150 3961 τ
2209 3930 2400 4000 Ἡμεῖς
2446 3929 2503 3983 δέ
2554 3931 2884 4002 ταχύναντες
2943 3929 3235 3999 ἀπήραμεν
3286 3928 3495 3983 ἐκεῖθεν
3553 3929 3702 4000 πάσῃ

442 4010 713 4081 ι’ἰριιίιηιιε
733 4024 789 4072 et
818 4019 1023 4087 omnia,
1050 4038 1172 4092 quae
1205 4026 1462 4092 vidimus,
1489 4028 1841 4102 Jerosolymis
1872 4010 2019 4088 nun-

2123 4024 2345 4095 σπουδῇ,
2399 4025 2491 4076 κα)⁵
2548 4025 2764 4078 ἅπαντα
2803 4023 3229 4094 ἐπηγγείλαμεν,
3271 4021 3308 4074 ά
3352 4020 3582 4090 εἴδομεν,
3642 4022 3700 4072 ὲν

445 4103 724 4163 tiavimus.
764 4108 904 4166 Ecce
937 4112 1122 4183 igitur,
1157 4116 1272 4172 haec
1311 4120 1467 4174 vobis
1502 4120 1569 4175 de
1608 4121 1827 4179 Christo
1864 4135 2013 4180 retu-

2132 4115 2500 4188 Ἰερουσαλήμ.
2566 4116 2694 4169 Ἰδοὺ
2715 4112 2809 4169 οὖν
2834 4115 3073 4169 τοσαῦτα
3105 4114 3231 4185 περί
3259 4111 3495 4183 Χριστοῦ
3524 4111 3689 4177 ἐλέξα-

441 4192 627 4261 limus,
665 4205 720 4252 et
756 4200 992 4257 vidimus
1034 4203 1333 4274 Christum,
1370 4208 1703 4268 Salvatorem
1742 4226 2009 4285 nostrum,

2120 4226 2215 4277 μεν
2241 4209 2368 4279 ὑμῖν
2414 4208 2508 4261 καὶ
2545 4208 2758 4278 εἴδομεν
2793 4206 3047 4277 Χριστὸν,
3079 4207 3306 4278 Σωτῆρα
3353 4207 3527 4277 ἡμῶν,
3563 4207 3696 4259 Θεὸν

441 4285 537 4353 qui
570 4301 628 4340 se
659 4296 718 4343 ut
760 4289 926 4347 Deum
962 4296 1166 4363 pariter
1205 4307 1259 4353 et
1298 4301 1574 4357 hominem
1626 4306 1783 4361 nobis
1834 4310 2009 4363 mani-

2113 4301 2207 4353 καὶ
2226 4300 2509 4372 ἄνθρωπον
2534 4298 2952 4371 γνωριζόμενον.
2981 4298 3139 4369 Αὐτῷ
3167 4301 3200 4369 ἡ
3224 4299 3348 4364 δόξα
3374 4300 3549 4353 καὶτὸ
3568 4299 3686 4368 κρά-

441 4372 677 4429 festavit.
735 4375 839 4447 Ipsi
882 4383 1053 4451 gloria
1098 4396 1152 4441 et
1182 4389 1469 4458 imperium
1504 4394 1559 4447 in
1599 4398 1796 4454 saecula
1829 4413 2004 4455 saecu-
2039 4440 2045 4494 1

436 4462 636 4517 lorum.
666 4474 859 4517 Amen-
1142 4476 1149 4479 ⁴

1717 4398 1796 4454 ala
1829 4413 2004 4455 saecli-
2039 4439 2084 4494 υ
2111 4410 2200 4456 τος
2229 4394 2307 4457 εἰς
2333 4394 2458 4457 τοὺς
2485 4392 2686 4457 αἰῶνας
2719 4392 2826 4445 τῶν
2863 4391 3092 4445 αἰώνων.
3136 4392 3326 4464 Ἀμήν.

459 4478 636 4520 orum.
666 4474 859 4526 Amen.
1142 4476 1149 4479 “

786 4639 1032 4731 uterque,
1069 4636 1362 4731 ὐπερῇραι.
1448 4713 1475 4725 η
1615 4713 1637 4731 _

2110 4727 2124 4731 _
2153 4660 2293 4731 7(471)
2328 4657 2690 4731 Ms._uterquc
2719 4656 3010 4731 ἀντάρτας,
3047 4666 3320 4731 tyrannos.
3357 4656 3521 4731 Quod
3559 4674 3680 4711 cum

527 4693 617 4799 Ξέὶ
654 4696 756 4799 lli:
791 4693 1266 4799 ¹¹ξξὶίέξξεὶμὲξεέὶλ⁵
1284 4711 1381 4799 ῖὴκς
1402 4713 1585 4799 ίκῆραν
1613 4713 1825 4785 ἔχουσα·
1967 4785 1996 4799 -
2110 4727 2136 4799 ιι

2183 4693 2293 4731 ν..)
2329 4693 2431 4713 ms.
2466 4693 2690 4727 umque
2719 4693 3010 4728 ...ην-νην
3047 4693 3320 4727 ,υηυηωη

2110 4727 2199 4799 hic
2230 4730 2407 4799 locum
2435 4728 2633 4782 habere
2666 4744 2772 4780 non
2802 4730 2994 4796 possit,
3030 4727 3233 4782 mutavi
3264 4728 3316 4780 in
3344 4727 3678 4799 ἀνθρώπους.

525 4763 786 4867 fill—H3..-
820 4763 1078 4867 μισ-ἕρπ’
1102 4763 1925 4863 penuriam""Biblgiié'ééﬁsu,
1960 4785 2005 4859 ᾧ

1474 4763 1694 4853 prorsus
1738 4804 1925 4856 sensu,
1960 4785 2005 4859 ᾧ
2222 4763 2677 4867 iéFié"iéé2ndJm
2710 4763 3083 4866 ἀντὲργάταςῖ

428 4830 787 4939 ἐχβξςξιῇῄη
812 4830 1426 4939 χὲέφένῌοὲεμζῒί
1469 4830 1694 4939 νηῒ,
1738 4830 1925 4856 ww",
1960 4830 2004 4859 η,

1511 4830 1694 4841 ·“’··¹“”·’
1738 4830 1925 4856 νυν-δι’)
1960 4830 2004 4859 ’δ’
2108 4830 2190 4851 nu
2223 4830 2296 4852 ιυι
2312 4830 2361 4852 us
2394 4830 2677 4867 ICSGIIUUIII
2710 4830 3043 4866 υινυεμχυιυυι»
3065 4830 3076 4850 ι

1502 4928 1508 4939 ,
1642 4928 1664 4939 _
2179 4869 2291 4939 (42)
2326 4867 2427 4939 _M_s.
2461 4876 2704 4939 uterque,
2741 4867 3111 4939 κατελύωμεν.

1318 4919 1446 4992 nes.

2201 4874 2291 4934 42)
2326 4874 2427 4924 Ms.
2461 4876 2704 4939 uterque,
2741 4874 3007 4938 κατελῠωι

1398 4937 1446 4992 Β·
1478 4923 1745 4997 διῳκεῖτοο
2174 4874 2285 5006 (43)
2324 4936 2426 4993 Ms.
2457 4947 2701 5010 uterque,
2734 4937 3007 5005 ἐξέλθατε.

497 4972 609 5045 (ιο)
647 4975 745 5033 Ms.
782 4972 1028 5055 uterque,
1052 4972 1381 5046 ἀποστέέλᾶζ
