4074 6376
516 343 614 402 ill

1791 348 1847 403 s.
1882 350 2193 407 (ZALLISTI
2234 355 2253 408 ι
2287 354 2485 431 nam

3660 367 3757 423 ne

862 499 3751 534 ___________.________________________________

1628 651 2141 744 NOTITIA
2211 656 2716 748 ALTERA.

1309 863 1394 926 (D.
1420 865 1686 927 Cousrm,
1713 863 1943 929 Epistula
1965 869 2098 918 Rom.
2127 874 2279 934 pont.,
2307 876 2425 922 tom.
2454 871 2480 921 Ι
2504 878 2557 923 et
2580 874 2737 933 unlc.,
2762 886 2813 935 p.
2836 873 2968 935 114.)

585 1185 714 1241 Post
740 1183 1115 1256 Zephyrinum
1158 1186 1418 1243 Callistus
1438 1229 1451 1252 ,
1490 1191 1583 1260 qui
1613 1200 1664 1243 et
1703 1191 1771 1245 ab
1802 1190 2000 1261 Optato
2033 1204 2085 1247 et
2115 1202 2159 1257 Α
2188 1196 2482 1249 constituit.
2514 1194 2588 1249 Ita
2613 1195 2758 1249 enim
2789 1209 2915 1249 eum
2961 1195 3286 1249 scribentem
3322 1195 3528 1251 inducit
3559 1215 3572 1251 :
3599 1196 3756 1267 Jeju-

514 1276 819 1347 Augustino
861 1275 1109 1330 Calixtus
1144 1288 1512 1349 nuncupatur,
1558 1295 1704 1334 anno
1749 1280 2079 1353 Heliogabali

508 1369 722 1438 primo,
758 1369 904 1424 circa
945 1368 1162 1424 initium
1211 1371 1338 1426 anni
1387 1370 1589 1426 Christi
1630 1372 1735 1427 219
1776 1376 2078 1441 ordinatus,

508 1458 886 1529 quinquennio
922 1474 1031 1513 non
1072 1459 1293 1530 penitus
1332 1460 1537 1529 elapso,
1590 1476 1735 1515 anno
1760 1462 1887 1528 225,
1911 1462 2076 1518 Octo-

508 1548 621 1602 bris
652 1563 739 1601 xrv
769 1547 877 1614 die,
908 1563 1019 1618 quo
1061 1556 1115 1602 et
1158 1546 1359 1603 l‘estum
1403 1549 1523 1617 ejus
1563 1549 1779 1615 colitur,
1816 1552 2078 1622 martyrio

503 1637 671 1690 vitam
702 1636 875 1691 ﬁnivit
897 1639 935 1689 ί.
959 1636 1018 1690 lu
1043 1635 1258 1692 Eusebii
1289 1636 1550 1691 Chronico
1574 1639 1893 1708 simpliciter
1918 1640 2080 1710 quin-

503 1740 609 1794 que
639 1725 987 1795 pontiﬁcatus
1018 1725 1146 1779 anni
1167 1726 1217 1779 ei
1246 1726 1577 1779 tribuuntur.
1610 1720 1669 1780 In
1697 1727 1945 1798 cataIOgo
1974 1744 2076 1783 au-

502 1825 611 1869 tem
638 1813 1002 1880 Bucheriano,
1025 1816 1113 1869 cui
1140 1825 1193 1869 et
1213 1816 1540 1884 pontiﬁcalis
1560 1816 1889 1887 suﬁ'ragatur
1917 1817 2072 1885 liber,

502 1920 677 1961 annos
701 1904 755 1971 5,
790 1919 1007 1961 menses
1041 1905 1130 1971 11,
1157 1905 1274 1961 dies
1314 1904 1381 1958 10
1415 1904 1717 1961 Ecclesiam
1744 1908 2075 1978 gubernasse

501 1996 816 2051 adnotatur.
863 1994 967 2050 Sed
1008 2010 1117 2049 non
1164 1996 1399 2051 cohaeret
1424 1996 1525 2053 sibi
1560 1999 1849 2067 praedictus
1872 2000 2073 2054 catalo-

501 2104 622 2159 gus,
654 2088 746 2143 ubi
783 2087 993 2143 Callisti
1025 2088 1395 2157 episcopatum
1427 2106 1458 2142 a
1505 2090 1790 2143 consulatui
1817 2092 2073 2145 Antonini

499 2187 547 2232 et
578 2178 801 2233 Adventi
827 2195 989 2250 usque
1024 2179 1289 2234 Antonino
1318 2162 1415 2231 ΙῙΙ
1460 2179 1584 2250 (leg.
1612 2179 1719 2251 IV)
1757 2189 1805 2234 et
1839 2180 2071 2236 Alexan-

497 2270 614 2336 dro,
658 2270 759 2325 hoc
794 2278 878 2325 est
918 2270 987 2324 ab
1023 2284 1168 2324 anno
1203 2269 1405 2323 Christi
1436 2270 1543 2323 218
1579 2270 1647 2324 ad
1684 2270 1809 2337 222,
1860 2271 2066 2326 delinit.

493 2361 681 2431 Neque
717 2361 881 2417 etiam
922 2362 998 2426 id,
1034 2362 1176 2432 qubd
1218 2362 1272 2415 in
1308 2362 1449 2416 libro
1478 2356 1783 2416 Pontiﬁcali
1817 2362 2066 2427 habetur,

493 2453 624 2507 Fuit
657 2452 971 2521 temporibus
1004 2454 1236 2507 Macrini
1278 2462 1327 2507 et
1357 2452 1693 2523 Heliogabali
1732 2469 1766 2507 a
1792 2453 2069 2508 consulatu

493 2544 616 2614 (leg.
663 2544 732 2596 ad
781 2544 1136 2613 consulatum)
1172 2543 1429 2596 Antonini
1477 2553 1527 2596 et
1571 2543 1898 2608 Alexandri,
1941 2558 2067 2599 cum
2098 2534 2142 2588 Β

489 2634 708 2691 Eusebii
742 2651 838 2692 seu
874 2635 1131 2691 Chronico
1161 2651 1259 2692 seu
1286 2635 1529 2690 Historia
1558 2636 1875 2690 concordat.
1904 2635 2067 2690 Utro-

487 2728 654 2797 bique
679 2726 826 2782 enim
855 2726 1205 2798 Heliogabalo
1232 2728 1289 2783 in
1316 2726 1543 2782 Macrini
1581 2726 1856 2781 demortui
1885 2727 2064 2783 locum

488 2820 812 2889 imperante,
844 2828 898 2876 et
940 2820 1282 2892 Zephyrinus
1321 2821 1548 2883 obiisse,
1574 2828 1630 2874 et
1670 2817 1928 2874 Callistus
1962 2817 2065 2875 Ec-

487 2911 666 2967 clesiae
691 2913 932 2981 regimen
962 2913 1270 2982 suscepisse
1295 2920 1692 2967 memorantur.

661 3022 738 3077 De
766 3023 993 3092 decreto,
1023 3032 1072 3079 et
1097 3023 1331 3095 epistolis
1364 3022 1591 3078 Callisto
1618 3023 1883 3091 ascriptis.

554 3135 609 3190 1.
640 3132 696 3189 Si
726 3136 946 3206 vulgato
972 3134 1275 3192 Pontiﬁcali
1300 3135 1441 3190 libro
1465 3134 1711 3189 habenda
1743 3133 1896 3200 ﬁdes,
1931 3133 2059 3188 Cal-

482 3227 642 3282 listus
668 3228 941 3281 constituit
980 3226 1250 3295 jejunium
1297 3235 1486 3296 quater
1514 3224 1569 3278 in
1606 3239 1744 3277 anno
1769 3223 1909 3291 ﬁeri,
1943 3224 2061 3293 fru-

2182 1286 2348 1347 nium,
2374 1284 2512 1352 quod
2536 1293 2613 1336 ter
2644 1284 2699 1336 in
2734 1299 2871 1336 anno
2892 1284 3034 1352 apud
3063 1300 3156 1338 nos
3198 1283 3462 1339 celebrare
3483 1286 3742 1350 didicisti,

2181 1375 2562 1427 conuenientius
2597 1389 2732 1426 nunc
2768 1389 2859 1442 per
2885 1381 3114 1442 quatuor
3152 1384 3383 1440 tempora
3416 1374 3535 1441 ﬁeri
3571 1375 3752 1428 decer-

2180 1480 2373 1517 nimus.

2236 1579 2300 1647 ,2.
2332 1579 2575 1645 Quatuor
2616 1578 2745 1631 anni
2794 1577 3127 1646 temporibus
3167 1577 3301 1631 feria
3334 1587 3558 1647 quarta,
3598 1587 3751 1633 sexta

2177 1678 2230 1724 et
2261 1668 2500 1724 Sabbato
2543 1668 2829 1739 jejuuandi
2873 1682 3079 1742 morem
3128 1668 3183 1722 in
3228 1668 3472 1725 Ecclesia
3502 1668 3750 1724 Romana

2174 1760 2365 1815 saltem
2417 1760 2608 1829 quinto
2663 1758 2865 1813 saeculo
2925 1758 3248 1827 generaliter
3300 1770 3577 1828 receptum
3626 1776 3751 1814 esse

2174 1848 2371 1903 Leonis
2396 1864 2677 1903 sermones
2706 1848 2863 1903 ﬁdem
2894 1847 3120 1901 faciunt.
3152 1846 3309 1904 Hunc
3327 1860 3507 1903 autem
3541 1865 3746 1904 morem

2174 1955 2204 1993 a
2244 1940 2510 2009 legalibus
2541 1939 2804 1994 institutis
2824 1939 3175 2007 desumptum
3206 1941 3370 1993 etiam
3405 1940 3549 2009 apud
3582 1940 3745 1993 Chri-

2173 2031 2381 2085 stianos
2430 2031 2728 2100 apostolica
2774 2031 3101 2085 auctoritate
3144 2046 3551 2099 perseverasse,
3602 2031 3743 2084 idem

2172 2120 2280 2176 Leo
2320 2121 2496 2177 docet.
2545 2120 2691 2176 Unde
2721 2123 2931 2185 merito,
2966 2120 3142 2191 inquit
3172 2136 3338 2175 serm.
3373 2120 3407 2174 9
3445 2121 3512 2174 de
3533 2121 3745 2189 jejunio

2170 2213 2368 2267 decimi
2413 2214 2641 2277 mensis,
2670 2213 3040 2282 disposuerunt
3083 2214 3386 2282 apostolica:
3424 2215 3740 2277 sanctiones,

2170 2312 2227 2355 ut
2256 2311 2482 2356 veterum
2508 2302 2835 2372 jejuniorum
2882 2303 3091 2357 utilitas
3135 2313 3494 2372 permaneret:
3538 2314 3586 2356 et
3619 2306 3743 2358 licet

2172 2391 2424 2445 Ecclesia:
2452 2392 2774 2446 consuetudo
2803 2391 3184 2460 prolixioribus
3215 2407 3268 2444 se
3304 2390 3740 2461 castigationibus

2169 2498 2406 2536 exercere
2433 2482 2730 2545 didicisset,
2767 2482 3167 2551 amplecteretur
3198 2492 3372 2535 tamen
3405 2482 3743 2537 continentia!

2170 2574 2641 2643 sanctiﬁcationem
2666 2588 2729 2627 ex
2763 2574 2870 2643 lege
2895 2576 3179 2626 venientem
3220 2588 3238 2624 :
3264 2572 3451 2641 quibus
3478 2574 3617 2626 enim
3642 2574 3740 2625 do-

2170 2676 2351 2719 natum
2379 2676 2495 2719 erat
2523 2682 2673 2735 posse
2698 2665 2838 2734 quod
2884 2665 3057 2733 majus
3095 2675 3194 2731 est,
3232 2664 3470 2717 indecens
3501 2664 3603 2732 fuit
3636 2678 3738 2716 non

2167 2756 2424 2811 celebrare
2448 2756 2586 2826 quod
2631 2757 2805 2809 minus
2848 2769 2944 2808 est.
2975 2753 3042 2807 Et
3070 2770 3235 2809 serm.
3267 2753 3300 2806 8
3329 2755 3396 2809 de
3415 2754 3625 2824 jejunio
3652 2768 3739 2808 se-

2164 2848 2317 2917 ptimi
2348 2849 2574 2912 mensis,
2602 2863 2651 2901 c.
2677 2849 2709 2901 5
2733 2848 2807 2900 ait
2842 2865 2855 2901 :
2888 2846 3031 2900 Licet
3066 2857 3268 2915 tempus
3291 2862 3442 2899 omne
3471 2845 3734 2915 (jejuniis)

2164 2941 2231 2992 sit
2259 2954 2566 3009 congruum,
2606 2938 2702 2990 hoc
2740 2949 2913 2991 tamen
2944 2938 3192 2990 habemus
3227 2936 3565 3004 aptissimum
3596 2937 3734 3005 quod

2161 3040 2210 3084 et
2235 3030 2534 3099 apostolicis
2560 3040 2607 3083 et
2638 3028 2897 3099 legalibus
2928 3029 3190 3082 institutis
3220 3026 3454 3081 videmus
3485 3025 3728 3080 electum.

2162 3114 2219 3168 ln
2250 3131 2502 3171 sermone
2547 3125 2725 3169 autem
2773 3116 2826 3177 4,
2872 3130 2922 3169 c.
2961 3115 3017 3177 2,
3051 3116 3153 3170 hoc
3197 3114 3466 3184 jejunium
3493 3114 3734 3183 generale

2161 3221 2225 3263 ac
2252 3209 2415 3260 totius
2450 3205 2702 3259 Ecclesiae
2724 3219 2843 3260 esse
2877 3206 3039 3260 tradit
3070 3221 3087 3257 :
3123 3206 3270 3275 quod
3303 3205 3493 3260 saltem
3522 3205 3590 3258 de
3623 3204 3733 3258 Ro-

478 3320 663 3386 menti,
696 3319 803 3373 vini
850 3327 900 3373 et
935 3317 1038 3371 olei
1087 3318 1284 3387 gratia,
1303 3316 1588 3370 secundum
1621 3315 1971 3383 prophetiam.
1995 3313 2056 3368 In

2167 3314 2323 3354 mana
2373 3297 2802 3366 intelligendum.
2852 3296 3118 3362 Quocirca
3163 3311 3331 3353 serm.
3369 3297 3422 3361 3,
3481 3312 3531 3350 c.
3571 3297 3629 3362 2,
3663 3298 3733 3350 de

480 3409 793 3466 Fossatensi
831 3425 937 3465 ms.
982 3386 1129 3464 nunc
1161 3408 1504 3463 bibliothecae
1526 3406 1682 3461 Colb.
1717 3421 1842 3462 cum
1869 3422 1980 3476 quo
2002 3415 2058 3461 et

2167 3388 2346 3445 eodem
2374 3389 2630 3457 praedicat
2657 3404 2671 3439 :
2707 3387 2981 3457 Jejunium
3006 3404 3123 3441 vero
3143 3430 3159 3453 ,
3191 3388 3329 3457 quod
3354 3386 3596 3439 universa
3623 3386 3729 3439 Ec-

478 3503 614 3556 alter
651 3502 853 3573 regina:
883 3499 1185 3555 Succorum
1217 3501 1359 3569 apud
1388 3497 1629 3554 Bolland.
1656 3506 1788 3553 tom.
1820 3497 1841 3551 Ι
1880 3498 2054 3568 April.

476 3595 675 3665 propil.
701 3596 995 3659 consentit,
1046 3593 1188 3648 idem
1234 3593 1513 3648 decretum
1564 3593 1645 3647 sic
1679 3593 1999 3648 enuntiatur
2034 3610 2049 3644 :

479 3684 584 3737 llic
608 3682 883 3739 constituit
902 3684 1168 3754 jejunium
1190 3685 1274 3738 die
1304 3683 1525 3739 Sabbati
1554 3693 1632 3737 ter
1660 3684 1715 3737 in
1745 3701 1883 3738 anno
1912 3685 2050 3753 ﬁeri,

2158 3480 2316 3534 clesiu
2345 3480 2586 3548 suscipit,
2620 3481 2877 3533 neminem
2906 3495 2940 3531 a
2980 3478 3212 3549 generali
3249 3478 3621 3546 purificatione
3647 3493 3729 3530 se-

2146 3575 2359 3644 jungit;
2385 3583 2433 3628 et
2455 3583 2578 3627 tunc
2602 3574 2663 3643 ﬁt
2693 3572 3090 3642 potentissimus
3115 3569 3212 3622 Dei
3239 3568 3488 3638 populus,
3515 3567 3727 3637 quando

2154 3666 2210 3719 in
2268 3666 2526 3719 unitatem
2589 3672 2786 3746 sancta:
2830 3661 3140 3717 obedientia:
3192 3659 3424 3712 omnium
3490 3658 3724 3725 fidelium

478 3775 755 3842 frumenti,
795 3775 901 3828 vini
947 3782 996 3827 et
1028 3774 1152 3837 olei,
1181 3774 1467 3828 secundum
1506 3773 1835 3843 prophetam,
1865 3775 2051 3844 quarti
2154 3758 2314 3810 εονάα
2343 3757 2671 3810 “iuvenili?”-

474 3863 689 3932 mensis,
717 3864 927 3934 septimi
953 3872 1004 3919 et
1035 3864 1244 3918 decimi.
1280 3864 1591 3920 Lectionem
1614 3875 1905 3933 utramque
1930 3880 2052 3934 per-
2078 3855 2120 3914 (ἶ
2225 3871 2277 3924 '5.
2314 3870 2542 3924 Callisto
2567 3867 2805 3924 Isidorus
2838 3864 3103 3921 Mercator
3123 3862 3263 3918 duas
3290 3858 3577 3930 supposuit
3606 3857 3723 3927 cpi-

477 3950 604 4005 inde
648 3953 926 4023 componit
976 3950 1221 4008 Isidorus
1263 3952 1563 4019 Mercator,
1593 3968 1657 4007 ac
1698 3954 1744 4007 si
1778 3953 1998 4023 legisset
2032 3971 2046 4003 .-

2153 3960 2355 4024 stolas,
2412 3958 2647 4030 genuino
2697 3956 2909 4027 parenti
2967 3952 3262 4022 aliquando
3313 3965 3439 4006 cum
3500 3948 3726 4018 reliquis

473 4036 764 4110 Jejunium,
792 4042 930 4113 quod
960 4050 1039 4096 ter
1066 4043 1123 4095 in
1161 4059 1298 4097 anno
1327 4043 1446 4112 ﬁeri
1473 4042 1693 4108 solebat,
1723 4054 1910 4112 quater
1932 4043 2049 4111 ﬁeri
2151 4051 2324 4120 ipsius
2355 4050 2556 4107 fetibus
2586 4048 2906 4104 reddendas.

549 4177 568 4209 ¹
594 4177 795 4237 Euseb.
827 4180 923 4236 lib.
946 4196 999 4236 vt
1050 4196 1170 4251 cap.
1201 4179 1292 4235 21.

481 4359 3703 4388 MM

1086 4535 1504 4666 ACTA
1600 4537 1728 4665 S.
1829 4535 2558 4666 CALLISTI
2655 4534 3098 4662 PAP/E

1445 4791 2189 4907 MARTYRIS
2278 4789 2758 4904 ROMZE.

1219 5015 1361 5078 (Acta
1381 5014 1676 5065 Sanctorum
1698 5008 1948 5072 Bolland.,
1972 5008 2202 5062 Octobris
2226 5014 2343 5057 tom.
2371 5007 2458 5070 VI,
2492 5010 2575 5060 die
2607 5008 2684 5071 it,
2706 5020 2755 5071 p.
2783 5007 2916 5072 s01.)

1772 5327 2394 5420 MONITUM.

525 5551 827 5609 Callistiani
878 5552 1125 5623 martyrii
1180 5551 1312 5623 Acta
1333 5590 1348 5614 ,
1380 5563 1509 5623 cum
1536 5546 1704 5601 variis
1727 5544 2459 5623 vetustisquemss.collata,
2491 5557 2754 5622 magnam
2774 5550 2980 5623 partem
3006 5555 3117 5609 jam
3161 5541 3615 5623 pridemuedidit,
3643 5556 3711 5598 ac

454 5625 860 5681 Commentario
888 5611 1181 5678 illustravit
1204 5611 1579 5675 Henschenius
1612 5625 1747 5671 tom.
1775 5616 1815 5668 Il
1849 5611 1996 5679 Maii;
2031 5615 2095 5668 ad
2134 5614 2275 5668 diem
2305 5614 2548 5679 ejusdem
2586 5611 2791 5665 mensis
2830 5612 3121 5675 decimum,
3142 5626 3293 5681 γραεξ.
3333 5611 3436 5667 498
3472 5623 3523 5665 et
3552 5627 3705 5679 seqq.

494 5703 721 5757 uatuor;
752 5708 858 5747 non
887 5694 1105 5763 quidem
1133 5693 1364 5755 illll'fjl'a,
1387 5688 1482 5763 sed
1516 5691 1998 5763 eatenustantum.
2027 5693 2295 5753 quatenus
2330 5684 2428 5763 SS.
2455 5682 2764 5763 Calepodii,
2799 5680 3049 5763 _Palm.1tii
3071 5722 3085 5746 ,
3134 5680 3400 5761 Simplicii
3423 5720 3440 5747 ,
3486 5681 3707 5763 Felicis.

494 5713 721 5757 Itaulor;
752 5713 858 5747 non
887 5713 1105 5763 qutucm
1133 5713 1364 5755 ηιμ-μαι,
1387 5713 1482 5743 seu
1516 5713 1743 5741 calcuua
1764 5713 1998 5741 saluum.
2027 5713 2295 5753 quascuua
2330 5713 2428 5738 oo.
2456 5713 2731 5751 uatupuuu
2750 5722 2764 5745 ν
2799 5713 2821 5760 .l
2846 5713 3049 5734 dun-un
3071 5722 3085 5746 ,
3135 5713 3400 5761 ututpuuu
3423 5720 3440 5747 ρ
3486 5713 3707 5761 ιυριιδι.

452 5713 669 5820 alanda‘
693 5764 1036 5832 aliorumque
1055 5773 1380 5832 martyrum,
1407 5759 1474 5832 de
1499 5759 1700 5832 quibus
1731 5757 2079 5832 illaichagcbat,
2110 5763 2261 5832 gesta
2285 5754 2668 5832 continebant;
2701 5761 3082 5832 omissaparte
3102 5767 3333 5830 rmzqua,
3359 5768 3466 5821 qua
3488 5752 3708 5832 reliqua

451 5836 510 5889 S.
568 5835 775 5890 Callisti
826 5820 977 5905 gesta
1032 5842 1084 5889 ct
1136 5820 1217 5884 S.'
1242 5820 1464 5894 Asturii,
1498 5820 1592 5897 qui
1656 5825 1713 5882 S.
1760 5820 2045 5881 Callistum
2095 5820 2422 5891 tumulavit,
2457 5832 2509 5878 et
2560 5820 2761 5875 Privati
2792 5822 2977 5876 militis
3015 5821 3335 5889 mart3riuut
3381 5820 3702 5891 explicatur.
