4074 6400
377 392 486 451 H7

1900 380 2107 437 ACTA.

3529 370 3639 426 118

377 511 741 572 eatechizavit
763 527 886 569 eum
915 519 1009 567 tet
1047 510 1265 565 allatam
1292 520 1493 578 aquam
1516 506 1582 561 de
1606 502 1824 577 lympha
1853 515 1961 572 pu-.
1986 506 2031 563 Α
2058 495 2298 568 peccavi.
2327 494 2528 552 Eadem
2564 495 2701 550 hora
2727 491 3015 549 subridens
3042 489 3369 547 Alexander.
3410 488 3633 543 tradidit

379 608 479 672 tei,
503 608 596 677 qui
617 615 737 661 erat
759 606 813 660 in
838 604 1028 660 eadem
1061 604 1244 663 domo,
1271 598 1548 655 benedixit
1579 639 1592 651 .
1627 604 1680 650 et
1706 592 1954 664 deposito

377 692 649 749 Palmatio
676 694 730 747 in
753 693 953 763 pelvim
983 691 1119 760 (l5),
1144 690 1283 744 dixit
1302 690 1351 743 ei
1377 687 1434 742 8.
1463 686 1709 742 Calixtus
1734 685 1951 754 cpisco-

374 798 481 854 pus
507 802 521 839 :
549 782 742 838 Credis
774 797 841 837 ex
873 791 986 837 toto
1016 781 1180 836 corde
1210 781 1266 834 in
1304 778 1472 833 Deum
1516 777 1732 832 Patrem
1771 774 1951 830 omni-

374 882 674 944 potentem,
704 871 969 928 factorem
998 871 1295 927 visibilium
1324 878 1378 923 et
1418 865 1812 923 invisibilium?
1845 863 1952 918 Re-

373 963 919 1034 sponditPalmatius
953 981 965 1016 :
1000 961 1195 1016 Credo.
1243 958 1307 1013 Et
1344 958 1481 1013 dixit
1509 958 1557 1012 ei
1593 977 1604 1010 :
1650 956 1718 1010 Et
1762 956 1816 1009 in
1862 953 1951 1009 Je-

374 1068 495 1109 sum
530 1051 834 1116 Christum,
871 1051 1067 1105 Filium
1101 1050 1220 1119 ejus
1252 1048 1395 1119 (16)?
1416 1048 1691 1103 Etiterum
1722 1060 1946 1115 respon-

372 1146 453 1200 dit
503 1164 515 1199 :
568 1143 764 1199 Credo.
797 1143 862 1198 Et
893 1142 1030 1197 dixit
1052 1142 1103 1197 ei
1139 1160 1152 1196 :
1184 1140 1251 1195 Et
1282 1141 1335 1195 in
1374 1140 1636 1210 Spiritum
1673 1146 1946 1205 sanctum,

373 1235 670 1292 Ecclesiam
728 1234 1100 1299 Catholicam,
1150 1231 1526 1287 remissionem
1579 1239 1947 1299 peccatorum,

372 1328 555 1383 carnis
590 1325 1092 1382 resurrectionem?
1124 1324 1190 1378 Et
1220 1323 1549 1378 exclamavit
1581 1337 1715 1377 voce
1750 1336 1948 1392 magna

370 1434 496 1473 cum
548 1415 805 1488 lacrymis
857 1414 1156 1470 Palmatius
1191 1434 1203 1468 :
1247 1413 1444 1481 Credo,
1473 1411 1720 1466 Domine.
1746 1411 1945 1466 Eadem

369 1509 505 1563 hora
537 1508 704 1577 cmpit
730 1507 965 1563 clamare
1005 1515 1058 1561 et
1084 1506 1268 1561 dicere
1297 1523 1310 1557 :
1342 1502 1482 1559 Vere
1511 1502 1622 1557 vidi
1657 1502 1943 1557 Dominum

366 1598 554 1654 Jesum
601 1596 878 1652 Christum
927 1611 1115 1650 verum
1173 1595 1381 1657 lumen,
1422 1591 1517 1662 qui
1554 1605 1641 1645 me
1680 1588 1950 1665 illumina-

368 1691 447 1744 vit
478 1689 613 1759 ('17).
643 1687 945 1758 Baptizavit
974 1696 1157 1741 autem
1203 1693 1260 1739 et
1296 1699 1513 1740 omnem
1552 1683 1772 1737 domum
1815 1681 1943 1735 Pal-

365 1780 539 1846 niatii,
572 1789 627 1834 et
655 1793 883 1834 uxorem
923 1786 978 1831 et
1023 1777 1186 1842 filios,
1215 1784 1269 1830 et
1301 1773 1598 1845 promiscui
1639 1787 1803 1828 sexus
1830 1762 1943 1826 ἠυ-

2055 603 2180 643 eum
2214 587 2431 643 cuidam
2461 583 2742 655 Simplicio
2778 582 3037 649 senatori,
3071 582 3260 638 dicens
3289 599 3304 635 :
3332 578 3483 634 Habe
3504 594 3625 635 eum

2054 692 2219 747 penes
2242 686 2293 732 te
2319 676 2441 733 sine
2470 676 2655 746 aliquo
2703 674 2899 727 timore
2942 689 2960 727 :
2988 679 3043 727 et
3070 672 3329 727 mollibus
3355 668 3629 727 sermoni.

2052 770 2156 824 bus
2181 785 2373 825 revoca
2398 785 2522 824 eum
2561 769 2628 823 ad
2672 766 2942 822 culturam
2975 765 3234 828 deorum;
3274 763 3439 818 talem
3482 762 3629 818 enim

2052 860 2331 916 hominem
2370 859 2699 930 Respublica
2736 856 3108 914 necessarium
3155 855 3341 910 habet.
3391 854 3630 924 Accepto

2052 950 2354 1018 Palmatio,
2409 950 2724 1021 Simplicius
2778 956 3000 1005 senator
3047 947 3370 1003 vestimenta
3422 945 3629 1002 nobilia
3669 936 3697 980 ’ἰ
3751 986 3762 996 .

2050 1044 2211 1098 allata
2260 1043 2437 1097 induit
2483 1059 2632 1106 eum,
2672 1049 2728 1097 et
2765 1041 2920 1096 duxit
2962 1040 3018 1094 in
3050 1040 3273 1096 domum
3313 1054 3490 1094 suam.
3519 1037 3627 1102 Qui

2051 1135 2369 1210 Simplicius
2399 1134 2657 1204 praecepit
2685 1132 2839 1187 uxori
2867 1148 2999 1197 suae,
3023 1139 3077 1186 et
3107 1130 3406 1200 majoribus
3428 1128 3629 1183 domus

2050 1242 2182 1293 suae,
2219 1234 2280 1281 ut
2311 1241 2529 1281 omnem
2576 1224 2800 1280 domum
2844 1223 3107 1291 Simplicii
3139 1224 3192 1278 in
3222 1238 3321 1278 sua
3360 1230 3627 1293 potestate

2048 1319 2289 1374 haberet.
2327 1319 2482 1374 'l‘unc
2520 1317 2818 1372 Palmatius
2844 1314 3070 1387 jejuniis
3095 1324 3149 1371 et
3170 1316 3511 1371 orationibus
3550 1316 3628 1369 vi-

2047 1411 2298 1481 giliarum
2337 1426 2560 1477 vacans,
2587 1425 2696 1465 non
2724 1410 2971 1465 cessabat
3010 1423 3135 1464 cum
3162 1407 3417 1480 lacrymis
3452 1406 3625 1461 Deum

2044 1502 2259 1557 Patrem
2279 1503 2707 1570 omnipotentem
2735 1515 2914 1567 orare,
2938 1507 2993 1556 et
3015 1499 3200 1555 Jesum
3231 1499 3506 1554 Christum
3531 1497 3628 1554 Fi-

2043 1594 2174 1648 lium
2206 1591 2348 1661 ejus,
2371 1600 2431 1646 ut
2449 1591 2817 1662 paenitentiam
2841 1599 3022 1662 ageret
3050 1590 3119 1646 de
3141 1603 3326 1644 errore
3354 1604 3477 1648 suo.

2114 1686 2166 1739 5.
2209 1683 2440 1738 Veniens
2468 1692 2649 1737 autem
2680 1683 2746 1736 ad
2769 1698 2894 1738 eum
2929 1682 3151 1753 quidam
3182 1681 3332 1735 Felix
3378 1679 3616 1743 nomine,

2044 1776 2202 1846 cujus
2231 1790 2369 1829 uxor
2402 1772 2596 1830 clinica
2625 1772 2845 1842 iacebat
2886 1772 3044 1828 annis
3087 1781 3325 1843 quatuor
3367 1771 3420 1824 in
3456 1770 3628 1835 lecto,

366 1841 536 1924 meror
559 1868 923 1938 quadraginta
960 1867 1117 1920 duos.
1148 1865 1232 1918 Ab
1267 1841 1458 1919 eadem
1496 1861 1585 1916 die
1623 1861 1788 1930 coep?!
1820 1858 1943 1914 Pal-
1974 1841 2015 1896 Β
2045 1841 2194 1926 misit
2220 1881 2280 1923 se
2306 1866 2373 1920 ad
2405 1867 2570 1935 pedes
2598 1841 2874 1930 Palmatii,
2896 1841 3121 1920 dicens;
3171 1861 3466 1917 Confessor
3506 1859 3616 1917 Do-

365 1959 566 2015 matius
592 1973 814 2014 omnem
847 1956 1162 2011 facultatem
1194 1970 1349 2011 suam
1403 1952 1736 2023 pauperibus
1778 1950 1940 2005 Chri—

365 2050 559 2106 stianis
604 2063 849 2119 erogare,
880 2046 1201 2117 perquirens
1230 2046 1483 2115 regiones
1510 2050 1565 2097 et
1605 2051 1844 2114 cryptas,
1882 2052 1943 2097 ut

364 2143 677 2211 ubicunque
702 2141 969 2201 inveniret
1002 2148 1098 2194 aut
1124 2139 1178 2192 in
1212 2137 1462 2193 custodia
1501 2146 1598 2190 aut
1640 2135 1940 2190 absconsos

360 2234 726 2298 Christianos,
781 2234 849 2288 de
894 2231 1251 2287 facultatibus
1286 2229 1403 2285 suis
1435 2228 1638 2284 victum
1664 2227 1749 2283 vel
1787 2237 1940 2298 tegu-

361 2334 606 2381 mentum
644 2324 1003 2379 ministraret.

429 2418 484 2473 4.
516 2417 650 2472 Post
677 2417 794 2471 dies
819 2430 949 2471 vero
998 2416 1227 2485 triginta
1282 2414 1422 2469 duos
1465 2412 1599 2484 (i8),
1642 2410 1939 2483 requiritur

357 2508 659 2563 Palmatius
686 2508 754 2562 ab
805 2507 1138 2570 Alexandro,
1175 2505 1263 2560 cui
1306 2506 1615 2559 nuntiatum
1662 2513 1767 2569 est,
1809 2505 1936 2573 quia

357 2598 703 2654 Christianus
763 2606 867 2665 est,
915 2606 968 2652 et
1018 2596 1141 2651 aliis
1187 2596 1400 2651 suadet.
1437 2594 1589 2650 Tunc
1628 2594 1936 2650 Alexander

352 2688 519 2758 jussit
539 2704 665 2743 eum
699 2687 1047 2758 praesentari.
1102 2683 1206 2753 Qui
1254 2701 1377 2741 cum
1424 2693 1607 2740 tentus
1661 2684 1854 2740 fuisset
1903 2700 1936 2740 a

358 2780 600 2848 quodam
629 2778 906 2849 Torquato
934 2778 1174 2842 tribuno,
1207 2786 1261 2831 et
1295 2777 1499 2831 missus
1539 2777 1594 2830 in
1624 2776 1932 2831 custodiam

358 2855 664 2919 Mamertini
688 2866 798 2938 (l9)
817 2884 832 2934 ;
854 2874 979 2936 post
1004 2866 1243 2922 triduum
1275 2864 1389 2935 (20)
1412 2864 1669 2921 indicavit
1695 2866 1934 2920 Alexan-

358 2953 461 3011 dro
491 2953 821 3025 Torquatus,
853 2956 1179 3012 Palmatium
1232 2957 1287 3011 in
1343 2956 1590 3011 custodia
1656 2956 1933 3026 mancipa-

360 3054 498 3100 tum.
532 3045 685 3102 Tunc
717 3048 1024 3104 Alexander
1045 3053 1287 3118 gaudens
1309 3048 1475 3118 jussit
1504 3062 1630 3102 eum
1662 3046 1766 3101 sibi
1795 3062 1935 3117 prte-

354 3135 580 3191 sentari.
609 3134 677 3190 Et
696 3122 909 3193 vinctus
931 3138 1139 3193 catenis
1168 3136 1469 3192 Palmatius
1491 3136 1793 3207 ingreditur
1808 3143 1933 3190 ante

351 3226 745 3307 Alexandrum.
770 3226 942 3293 Quem
969 3244 1092 3283 cum
1133 3229 1382 3294 vidisset,
1413 3227 1581 3298 jussit
1610 3243 1735 3282 eum
1769 3227 1928 3294 solvi,

350 3324 406 3372 et
433 3316 571 3371 dixit
600 3318 651 3372 ei
683 3337 699 3373 :
749 3318 840 3373 Sic
870 3334 1060 3373 amens
1088 3318 1266 3376 factus
1299 3335 1382 3384 es,
1408 3333 1443 3374 ο
1472 3318 1722 3384 Palmati,
1761 3328 1822 3375 ut
1847 3314 1935 3375 de-

351 3410 505 3464 ser‘as
562 3410 713 3473 deos,
764 3419 818 3465 et
863 3426 1078 3481 quaeras
1127 3419 1182 3466 et
1246 3413 1397 3466 colas
1457 3412 1735 3468 hominem
1787 3427 1935 3467 mor-

348 3508 506 3553 tuum
538 3500 692 3573 (ειν
721 3500 1021 3557 Palmatius
1055 3503 1241 3558 tacuit.
1288 3503 1437 3557 Dixit
1482 3504 1532 3559 ei
1575 3504 1881 3559 Alexander
1915 3522 1928 3558 :

350 3587 603 3658 Loquere
626 3591 947 3647 llducialiter
975 3612 987 3647 :
1028 3609 1096 3647 ne
1134 3595 1352 3648 timeas.
1382 3593 1685 3663 ReSpondit
1711 3593 1930 3649 Palma-

352 3680 465 3734 tius
493 3680 682 3736 dicens
708 3699 721 3735 :
751 3680 806 3734 Si
837 3683 979 3738 datis
1003 3684 1298 3747 licentiam,
1328 3684 1604 3753 loquimur
1630 3685 1926 3739 veritatem.

354 3766 504 3824 Dixit
543 3770 593 3825 ei
644 3770 949 3837 Alexander
980 3793 994 3828 :
1045 3773 1283 3844 Excepta
1325 3776 1553 3831 deorum
1589 3775 1809 3845 injuria,
1844 3777 1930 3830 lo-

349 3876 539 3931 quere.
569 3861 719 3917 Dixit
743 3864 794 3918 ei
821 3863 1122 3920 Palmatius
1151 3884 1166 3920 :
1196 3864 1412 3936 Optime
1437 3867 1706 3935 princeps,
1739 3867 1784 3921 si
1829 3866 1929 3922 ad-

343 3962 547 4020 vertas,
569 3968 680 4009 non
703 3963 832 4010 sunt
856 3956 952 4023 dii,
970 3956 1065 4012 sed
1091 3966 1220 4012 sunt
1238 3957 1450 4014 factura
1471 3960 1756 4015 hominum
1780 3975 1929 4015 mor-

344 4045 560 4100 talium.
587 4043 747 4101 Modo
770 4046 992 4117 quidem
1017 4051 1313 4118 cognoscat
1337 4052 1698 4106 mansuetudo
1721 4060 1925 4117 vestra,

340 4136 440 4200 qui
465 4136 664 4192 debent
690 4137 798 4192 coli
829 4156 843 4191 :
873 4138 969 4207 qui
1003 4147 1132 4193 sunt
1154 4148 1248 4193 aut
1278 4139 1621 4195 fabricantur
1648 4156 1679 4195 a
1721 4150 1929 4196 morta~

2041 1960 2173 2014 mini
2209 1958 2383 2015 nostri
2413 1957 2543 2013 Jesu
2569 1957 2795 2023 Christi,
2814 1971 2976 2011 exora
3005 1970 3105 2025 pro
3128 1954 3323 2009 ancilla
3342 1962 3431 2007 tua
3449 1966 3625 2006 uxore

2043 2066 2162 2106 mea
2214 2050 2440 2117 Blanda,
2478 2057 2539 2104 ut
2591 2048 2852 2103 liberetur
2883 2047 2950 2102 de
2992 2047 3133 2102 lecto
3185 2045 3391 2100 doloris
3435 2052 3487 2099 et
3517 2059 3617 2114 ego

2039 2143 2332 2212 percipiam
2369 2141 2702 2211 baptismum
2743 2154 2868 2195 cum
2894 2154 2993 2205 ea;
3020 2139 3148 2208 quia
3175 2137 3268 2192 diu
3307 2146 3427 2205 est,
3469 2138 3629 2208 quod.

2038 2233 2231 2288 morbo
2252 2230 2549 2302 paralytico
2578 2240 2795 2285 tenetur
2819 2237 2873 2284 et
2892 2229 3005 2308 jam
3036 2227 3267 2284 facultas
3305 2238 3493 2283 nostra
3520 2229 3625 2283 de-r

2039 2323 2180 2378 fecit.
2216 2321 2371 2377 Tunc
2407 2320 2706 2376 Palmatius
2729 2362 2742 2386 ,
2787 2327 3056 2390 praesente
3100 2333 3272 2374 uxore
3310 2317 3623 2390 Simplicii,

2037 2411 2234 2468 cecidit
2254 2413 2308 2466 in
2332 2420 2555 2475 terram,
2585 2421 2640 2465 et
2667 2425 2792 2465 cum
2831 2408 3089 2479 lacrymis
3109 2423 3268 2464 orare
3297 2410 3461 2479 coepit
3487 2426 3615 2468 cum-

2037 2502 2215 2557 Felice
2239 2502 2463 2557 dicens:
2490 2501 2719 2556 Domine
2748 2500 2910 2563 Deus,
2941 2500 3035 2569 qui
3055 2500 3375 2555 illuminasti
3395 2518 3610 2558 servum

2037 2601 2214 2658 tuum,
2263 2593 2331 2648 da
2383 2592 2515 2646 mihi
2570 2593 2746 2646 lucem
2782 2601 3042 2646 aeternam
3078 2589 3263 2648 Jesum
3293 2591 3607 2660 Christum:

2037 2683 2185 2737 salva
2213 2682 2463 2738 ancillam
2495 2691 2642 2737 tuam
2662 2681 2949 2746 Blandam,
2972 2693 3024 2736 et
3047 2682 3217 2737 alleva
3240 2697 3361 2738 eam
3382 2684 3448 2739 de
3473 2685 3631 2741 lecto.

2036 2773 2274 2829 doloris:
2310 2782 2370 2828 ut
2397 2782 2729 2844 cognoscant
2758 2787 2947 2828 omnes
2975 2814 2992 2838 ,
3039 2773 3170 2843 quia
3208 2782 3267 2828 tu
3306 2790 3367 2829 es
3399 2784 3626 2832 creator.

2036 2865 2280 2920 omnium
2306 2881 2512 2920 rerum.
2540 2864 2742 2919 Eadem
2782 2864 2918 2919 hora
2956 2865 3105 2919 venit
3146 2864 3348 2921 Blanda
3381 2867 3635 2935 pedibus.

2038 2957 2154 3012 suis
2184 2972 2412 3012 currens
2456 2957 2523 3011 ad
2565 2956 2791 3010 domum
2836 2953 3101 3024 Simplicii
3138 2957 3409 3012 senatoris
3450 2966 3503 3014 et
3528 2959 3617 3014 di-

2037 3063 2198 3102 cens:
2227 3047 2449 3117 Baptiza
2495 3061 2581 3101 me
2621 3046 2677 3100 in
2711 3045 2931 3101 nomine
2965 3044 3181 3101 Domini
3216 3046 3345 3102 Jesu
3383 3048 3633 3117 Cbristi,.

1960 3178 2003 3238 ο
2037 3140 2128 3209 qui
2159 3140 2334 3193 tenuit
2366 3153 2589 3192 manum
2617 3152 2795 3192 meam
2820 3144 2875 3191 et
2897 3137 3109 3191 sanavit
3128 3152 3236 3193 me.
3265 3138 3418 3195 Tunc
3458 3139 3630 3195 Felix-

2037 3230 2198 3300 coepit
2220 3244 2413 3299 urgere
2445 3228 2507 3280 Β.
2536 3227 2861 3282 Palmatium
2895 3236 2955 3282 ut
2990 3228 3377 3297 baptizaretur.
3406 3228 3608 3285 Eadem

2037 3322 2170 3375 hora
2200 3320 2263 3373 B.
2287 3319 2592 3374 Palmatius
2618 3319 2769 3375 misit
2795 3319 2863 3375 ad
2887 3319 2943 3375 8.
2969 3319 3238 3375 Calixtum
3263 3321 3630 3392 episcopum-

2033 3421 2088 3466 et
2109 3412 2331 3467 veniens
2347 3410 2643 3481 baptizavit
2664 3409 2899 3466 Felicem
2924 3428 3049 3469 cum
3066 3426 3239 3469 uxore
3262 3427 3361 3468 sua
3378 3413 3621 3471 Blanda._

2039 3503 2238 3560 Videns
2274 3503 2381 3558 hoc
2400 3500 2737 3572 Simplicius,
2779 3505 2976 3560 cecidit
3001 3506 3069 3561 ad
3096 3506 3260 3576 pedes
3289 3505 3484 3562 Calixti
3522 3508 3608 3562 di-

2033 3612 2181 3660 cens,
2214 3604 2276 3649 ut
2299 3609 2423 3649 cum
2458 3593 2606 3647 omni
2635 3592 2800 3648 domo
2824 3611 2927 3650 sua
2951 3597 3336 3666 baptizaretur.
3360 3596 3514 3652 Tunc
3539 3596 3619 3653 Β..

2031 3688 2277 3742 Calixtus
2307 3687 2597 3755 episcopus
2628 3685 2947 3742 fiducialiter
2964 3688 3134 3745 dixit:
3169 3688 3473 3760 Congreget
3497 3688 3606 3744 Do-

2032 3776 2214 3832 minus
2248 3776 2488 3831 triticum
2520 3774 2575 3828 in
2608 3775 2866 3830 horreum
2899 3793 3060 3832 suum
3089 3778 3225 3850 (22),
3271 3789 3326 3835 et
3359 3780 3613 3835 catechi-

2031 3867 2172 3921 zavit
2193 3881 2410 3922 omnem
2434 3866 2657 3922 domum
2688 3867 2980 3938 Simplicii,
3011 3878 3066 3925 et
3112 3884 3338 3925 uxorem
3368 3879 3422 3925 et
3460 3871 3623 3927 ﬁlios.

2028 3966 2082 4012 et
2118 3957 2379 4013 familiam
2406 3957 2553 4028 ejus,
2598 3960 2811 4015 animas
2841 3960 3139 4030 promiscui
3171 3976 3334 4017 sexus
3371 3961 3484 4017 fere
3516 3977 3618 4018 se-w

2028 4048 2249 4118 xaginta
2277 4056 2421 4104 octo.
2448 4047 2511 4102 Β.
2550 4048 2875 4118 Calepodius
2905 4052 3187 4121 presbyter
3208 4052 3405 4121 gaudio
3421 4053 3600 4123 reple-

2030 4146 2136 4203 tus,
2164 4137 2331 4206 coepit
2360 4138 2597 4193 clamare
2618 4136 2675 4190 in
2704 4136 2873 4193 domo
2895 4137 3183 4206 Simplicii,
3219 4141 3432 4194 dicens:
3467 4139 3607 4196 Glo-

343 4225 511 4291 libus,
532 4227 720 4296 quales
753 4227 885 4292 sint,
915 4242 1012 4283 vos
1046 4228 1309 4297 judicate.
1345 4228 1453 4285 Sed
1480 4246 1676 4300 precor
1709 4246 1812 4301 ego
1840 4233 1925 4286 in-
2025 4229 2104 4282 ria
2119 4227 2242 4292 tibi,
2274 4227 2500 4283 Domine
2527 4225 2658 4282 Jesu
2679 4226 2918 4293 Christe,
2947 4228 3041 4298 qui
3061 4229 3128 4284 de
3143 4231 3383 4287 tenebris
3408 4232 3601 4302 digna-

343 4317 475 4371 felix
506 4317 811 4372 claritatem
840 4327 1077 4372 vestram
1113 4336 1128 4373 :
1159 4319 1312 4374 dicas
1340 4319 1444 4374 deo
1483 4328 1579 4375 tuo
1621 4329 1682 4375 ut
1726 4321 1922 4390 loqua-
2023 4318 2103 4371 ris
2123 4317 2189 4373 ad
2216 4318 2393 4373 lucem
2426 4317 2724 4387 perducere
2744 4317 3014 4372 facturam
3045 4329 3217 4385 tuam,
3249 4331 3303 4376 et
3330 4323 3396 4381 de
3411 4338 3609 4381 errore.

341 4414 453 4471 tur,
483 4414 538 4460 et
564 4421 690 4461 cum
719 4406 1146 4475 interrogavero,
1171 4411 1498 4479 respondeat
1529 4428 1543 4465 :
1573 4419 1628 4466 et
1655 4427 1779 4467 cum
1816 4413 1921 4468 hoc
2023 4416 2272 4472 liberare.
2317 4418 2433 4474 Hoc
2484 4417 2715 4474 audiens
2739 4418 3071 4481 Alexander,
3128 4417 3259 4486 quia
3307 4415 3615 4470 multitudo

339 4494 547 4550 factum
576 4494 763 4563 fuerit,
789 4514 896 4552 non
928 4499 1120 4554 desero
1143 4499 1275 4554 deos
1313 4507 1456 4565 tuos,
1487 4515 1625 4570 quos
1663 4510 1717 4556 tu
1745 4502 1921 4559 dicis?
1951 4522 1996 4577 ι)
2025 4506 2307 4561 hominum
2357 4508 2689 4578 baptismum
2720 4510 3057 4579 percepisset
3082 4523 3180 4579 per
3223 4507 3283 4562 B.
3321 4508 3613 4565 Calixtum,
3692 4536 3693 4539 η

342 4584 488 4641 Dixit
525 4586 575 4642 ei
617 4587 925 4643 Alexander
957 4608 970 4643 :
1000 4589 1068 4645 Et
1102 4591 1378 4660 quomodo
1402 4608 1433 4647 a
1466 4593 1758 4649 cunabulis
1805 4593 1915 4650 tuis

340 4675 480 4731 istos
515 4676 777 4741 adorasti,
834 4688 889 4733 et
935 4681 1099 4735 modo
1148 4681 1413 4751 relinquis
1454 4683 1585 4737 eos?
1619 4683 1916 4753 Respondit

338 4765 682 4821 Palmatius:
717 4766 841 4822 Feci
886 4769 1046 4838 quasi
1091 4768 1281 4825 infelix
1325 4790 1338 4825 :
1388 4774 1552 4828 modo
1598 4782 1781 4829 autem
1829 4788 1917 4828 co-

339 4857 505 4925 gnovi
535 4857 682 4927 quod
714 4873 904 4912 verum
932 4867 1036 4925 est,
1069 4861 1136 4914 de
1165 4876 1273 4929 qua
1302 4876 1362 4915 re
1394 4877 1591 4931 precor
1621 4863 1914 4918 Dominum

336 4947 525 5004 Jesum
549 4947 850 5015 Christum,
893 4958 955 5005 ut
987 4951 1232 5022 ignoscat
1271 4953 1429 5018 mihi,
1477 4954 1606 5024 quia
1654 4955 1919 5026 ignorans

419 5081 644 5155 (!_5)_lta
670 5081 1064 5155 constantinus
1101 5084 1328 5155 Magnus
1368 5086 1509 5155 apud
1557 5085 1913 5141 Anastasium

343 5150 825 5207 Bibliothecarium
859 5153 913 5224 in
942 5151 1064 5208 Vita
1100 5152 1157 5209 S.
1193 5150 1448 5211 'Silvesti'i
1479 5155 1627 5209 dedit
1666 5172 1685 5206 ι
1716 5156 1912 5224 pelvim

341 5235 409 5295 ex
433 5225 749 5295 argentoth
768 5223 1122 5295 baptismum,
1139 5234 1455 5295 pensantem
1473 5224 1647 5295 libras
1667 5223 1876 5295 viginti.
1889 5244 1908 5278 ι

334 5288 628 5361 ιιαίξᾶεξη.
657 5288 821 5361 Plura
843 5288 899 5345 ἐἰ
934 5293 1110 5361 cupis,
1140 5288 1268 5348 vide
1294 5293 1581 5348 Morettum
1606 5294 1698 5348 cit.

405 5360 518 5431 (16)
543 5358 701 5428 Apud
723 5358 1310 5431 Morottuniadduntur
1333 5365 1475 5417 haec:
1512 5381 1530 5414 ‹
1564 5361 1631 5416 Ει
1660 5362 1798 5417 dixit
1829 5363 1910 5418 ei:
1934 5409 1939 5413 .

332 5424 439 5504 Qui
480 5424 642 5504 natus
660 5437 761 5504 _es_t
783 5429 850 5482 de
875 5428 1094 5504 _Spirit_u
1131 5443 1323 5504 sancto
1353 5448 1419 5488 ex
1453 5431 1622 5486 Maria
1656 5431 1915 5504 Virgine?

330 5495 637 5556 Respondit
658 5495 959 5553 Palmatius
985 5515 998 5551 :
1032 5501 1226 5556 Credo.
1262 5495 1282 5552 ί

244 5570 251 5575 ’
326 5566 523 5691 ungi?)
555 5566 765 5621 Lumen
810 5568 917 5622 hoc
970 5568 1181 5624 videtur
1230 5570 1399 5626 fuisse
1428 5570 1649 5626 cmlestc
1680 5580 1735 5625 et
1768 5571 1913 5627 inso-

351 5647 513 5690 ttum.

366 5706 517 5787 _ll8)
561 5704 662 5787 M's.
717 5704 966 5787 Vlimerii
1023 5727 1043 5761 ι
1078 5706 1270 5778 viginti
1325 5707 1494 5764 duos:
1536 5728 1554 5760 ι
1591 5709 1705 5765 Ado
1758 5727 1777 5763 ι
1812 5711 1909 5766 tri-

328 5775 506 5845 ginta.
535 5796 556 5830 ι
585 5775 813 5831 Heusch.
846 5776 931 5831 cit.

2022 4596 2361 4666 episcopum,
2386 4597 2538 4653 misit
2568 4599 2872 4654 exercitum
2898 4599 3161 4662 militum,
3185 4613 3251 4652 ac
3283 4598 3457 4653 tenuit
3479 4612 3601 4653 om-

2019 4701 2116 4741 nes
2144 4688 2236 4756 qui
2264 4686 2593 4756 baptismum
2625 4696 3000 4758 perceperant,
3041 4703 3181 4758 quos
3207 4689 3463 4757 praecepit
3499 4703 3597 4743 ca-

2017 4777 2145 4847 pitis
2175 4778 2360 4833 subire
2384 4778 2730 4844 sententiam,
2753 4788 2808 4834 et
2844 4793 2941 4848 per
2962 4779 3211 4834 diversas
3232 4786 3419 4848 portas
3442 4778 3597 4833 urbis

2018 4866 2206 4923 Romae
2236 4869 2411 4938 capita
2438 4882 2631 4925 eorum
2659 4868 2938 4940 suspendi,
2972 4867 3039 4923 ad
3069 4867 3376 4937 exemplum
3434 4867 3596 4921 Chri-

2017 4958 2339 5013 stianornm.

2014 5090 2021 5133 ξ
2056 5084 2311 5157 _(l9)hAd
2328 5086 2582 5157 _ra_dicem
2620 5086 2869 5157 Capitolii
2914 5097 2999 5143 est
3028 5088 3184 5143 locus
3210 5126 3229 5152 ,
3270 5083 3592 5157 nobilitatus

2015 5153 2253 5210 vinculis
2279 5153 2379 5209 SS.
2396 5154 2543 5211 Petri
2568 5166 2623 5210 et
2647 5153 2801 5211 Pauli
2825 5166 2879 5212 et
2902 5158 3134 5213 aliorum
3159 5162 3484 5224 martyrum,
3512 5154 3590 5206 uti

2017 5226 2217 5294 saepius
2237 5224 2514 5294 _diximus.
2552 5224 2780 5280 Hensclt.
2805 5227 2899 5280 cit.

2109 5294 2201 5349 20)
2236 5292 2371 5348 Vide
2396 5294 2538 5348 infra
2572 5303 2685 5349 not.
2726 5296 2817 5349 24.

2109 5296 2180 5347 20
2237 5296 2371 5348 Vide
2396 5296 2538 5348 infra
2572 5303 2685 5349 not.
2726 5296 2817 5349 24.

2086 5296 2201 5433 ξειζ
2236 5363 2400 5433 Atqui
2432 5363 2712 5418 Christum
2741 5364 2882 5418 inter
2916 5362 3055 5433 deos
3081 5361 3248 5433 coluit
3267 5360 3590 5433 {Alexander

2017 5432 2318 5503 ipseinon
2370 5433 2536 5503 igitur
2583 5434 2877 5503 amentiam
2914 5432 3181 5503 Palmatio
3223 5432 3591 5503 exprobrarit,

2017 5517 2117 5556 uec
2144 5501 2217 5555 ita
2240 5500 2592 5557 contemptim
2630 5502 2698 5556 de
2729 5500 2945 5555 Christo
2978 5502 3196 5557 locutus
3226 5500 3411 5556 fuerit.

2089 5570 2202 5641 (22)
2251 5568 2434 5641 Verba
2459 5568 2573 5641 iure
2594 5610 2609 5635 ,
2642 5570 2769 5625 licet
2816 5570 2872 5641 in
2913 5569 2973 5625 S.
3005 5570 3216 5626 C'allisti
3250 5570 3426 5626 otiicio
3457 5570 3594 5626 olim

2015 5639 2266 5706 recitata,
2290 5640 2509 5709 exgejus
2545 5639 2694 5694 Actis
2730 5639 2872 5693 sumi
2919 5648 3177 5709 potuere;
3235 5656 3336 5695 nec
3370 5654 3436 5694 ex
3469 5641 3623 5708 ejus.

2017 5725 2113 5782 ore
2143 5710 2318 5782 magis
2356 5707 2589 5782 fortasse
2622 5707 3019 5782 processerint,
3072 5726 3236 5782 quam
3286 5724 3350 5765 ea
3378 5724 3455 5779 ex
3493 5707 3589 5765 ere

2017 5776 2333 5846 Alexandri,
2357 5778 2424 5834 de
2452 5776 2651 5847 quibus
2676 5777 2839 5848 paulo
2867 5790 3009 5835 ante.
