4074 6424
449 406 552 461 119

1695 400 1753 456 8.
1794 398 2108 455 CALUSTI
2150 398 2171 453 Ι
2210 398 2413 456 PAPE

3604 400 3715 456 120

520 522 574 579 6.
608 519 808 577 Tenuit
826 526 1008 576 autem
1024 525 1079 575 et
1102 518 1161 573 Β.
1182 514 1735 586 Calepodium,quem
1758 514 1886 570 fecit
1906 514 2021 583 (25)
2052 514 2096 570 A
2124 512 2242 569 lixti
2262 513 2527 584 episcopi,
2554 513 2742 570 dicens
2780 529 2791 564 :
2831 510 2991 567 Salva
3016 527 3104 569 me
3132 514 3202 570 ab
3218 515 3500 571 ulceribus
3543 516 3707 578 meis.

451 612 627 667 occidi
662 611 863 682 gladio,
894 619 948 665 et
969 623 1167 679 corpus
1194 606 1334 662 trahi
1369 621 1465 676 per
1486 605 1764 661 civitatem
1803 605 1908 659 sub
1937 605 2027 660 die

450 698 817 755 Kalendarum
848 697 969 753 Maii
1002 697 1113 768 (24)
1138 713 1153 753 :
1195 695 1352 765 cujus
1380 708 1579 765 corpus
1600 695 1794 764 jactari
1820 691 1949 748 fecit
1972 694 2024 747 in

452 790 694 848 Tiberim
722 800 848 847 ante
881 790 1113 847 insulam
1139 787 1470 860 Lycaoniam
1495 787 1632 857 (25).
1664 786 1720 841 1η
1751 787 1885 857 ipsis
1913 786 2029 841 die-

452 878 558 933 bus
586 877 725 948 l'ugit
773 874 834 931 B.
868 876 1114 932 Calixtus
1169 890 1295 931 cum
1332 876 1522 931 decem
1562 876 1778 931 clericis
1804 876 1943 940 suis,
1975 882 2030 929 ct

452 968 741 1024 abscOndit
767 982 824 1024 se
850 968 903 1021 in
934 969 1157 1023 domum
1185 966 1302 1037 (26)
1331 967 1619 1038 cujusdam
1645 966 1899 1022 Pontiani
1924 983 2027 1021 no-

452 1070 566 1125 ctu,
603 1075 802 1131 rogans
829 1060 1129 1129 piscatores
1162 1075 1407 1130 quaerere
1433 1076 1637 1130 corpus
1663 1060 1724 1115 Β.
1749 1061 2027 1130 Calepodii

450 1151 773 1221 presbyteri.
801 1148 961 1215 Quod
989 1149 1272 1203 inventum
1299 1149 1546 1203 levantes
1583 1148 1651 1203 de
1672 1147 1919 1210 ﬂumine,
1945 1164 2029 1201 re-

450 1241 836 1295 nuntiaverunt
862 1240 922 1295 Β.
950 1240 1167 1298 Calixto
1187 1243 1466 1312 episcopo.
1499 1240 1655 1295 Tunc
1696 1240 1898 1310 gaudio
1942 1254 2029 1293 re-

446 1335 626 1404 pletus
650 1344 753 1389 est.
788 1333 947 1401 Quod
982 1349 1184 1406 corpus
1204 1345 1454 1391 sanctum
1476 1343 1758 1404 acceptum
1788 1333 2032 1390 condivit

448 1440 575 1481 cum
605 1426 945 1482 aromatibus
971 1435 1025 1482 et
1063 1427 1496 1491 linteaminibus,
1522 1435 1577 1481 et
1606 1442 1733 1482 cum
1775 1426 2027 1497 hymnis,

446 1523 503 1569 et
526 1515 770 1584 sepelivit
797 1531 923 1570 eum
949 1516 1004 1571 in
1036 1519 1354 1573 coemeterio
1386 1517 1634 1588 ejusdem
1674 1516 1822 1586 (27),
1876 1525 2031 1573 sexto

445 1605 575 1663 ldus
599 1606 749 1663 Maii.

518 1697 573 1754 7.
612 1698 697 1754 Ab
733 1701 928 1757 eodem
977 1701 1065 1759 die
1091 1703 1206 1773 (28)
1255 1702 1422 1773 coepit
1467 1702 1775 1758 Alexander
1815 1703 2031 1757 curiose

448 1804 696 1860 quaerere
722 1792 785 1847 B.
824 1793 1100 1850 Calixtum
1127 1797 1468 1866 episcopum.
1494 1796 1559 1851 Et
1587 1798 1926 1867 divulgatum
1947 1807 2032 1853 est

447 1882 524 1948 ei,
561 1884 958 1952 quod-essetin
1001 1887 1166 1942 domo
1195 1888 1447 1944 Pontiani
1489 1889 1643 1959 juxta
1693 1891 1882 1944 urbem
1924 1888 2028 1943 Ra-

449 1978 802 2034 vennatium:
830 1983 1089 2053 misitque
1109 1984 1321 2039 occulte
1335 1998 1485 2040 trans
1502 1984 1741 2040 Tiberim
1776 1996 1828 2040 ct
1857 1987 2029 2041 tenuit

448 2082 607 2122 eum:
638 2070 964 2140 praecipiens
992 2082 1051 2125 ut
1085 2073 1141 2127 in
1170 2074 1362 2129 eodem
1406 2074 1529 2130 loco
1576 2073 1721 2130 fame
1753 2077 2031 2131 cruciare-

448 2166 560 2213 tur.
594 2158 700 2225 Qui
731 2168 912 2216 tamen
944 2178 1071 2217 cum
1101 2174 1300 2234 quarto
1340 2165 1430 2221 die
1475 2165 1612 2220 nihil
1654 2168 1832 2222 victus
1870 2182 2030 2222 acce-

452 2251 887 2322 pisset,jejuniis
905 2263 957 2309 et
988 2256 1327 2312 orationibus
1354 2259 1525 2327 magis
1545 2259 2028 2314 corroborabatur.

449 2338 566 2396 Hoc
606 2343 838 2399 audiens
884 2344 1212 2412 Alexander,
1256 2347 1422 2418 jussit
1448 2364 1573 2405 eum
1626 2350 1865 2407 fustibus
1896 2351 2031 2406 caedi

447 2434 705 2489 omnibus
732 2435 945 2503 diebus,
974 2447 1028 2493 et
1052 2437 1106 2492 in
1136 2440 1325 2495 eodem
1358 2440 1480 2496 loco
1525 2443 1793 2498 custodiae
1822 2443 2034 2498 manci-

445 2527 588 2595 pari,
625 2536 683 2580 ut
715 2527 759 2583 si
782 2528 908 2598 quis
941 2530 1007 2583 ad
1039 2545 1166 2585 eum
1188 2541 1353 2587 noctu
1388 2532 1621 2599 veniret,
1664 2536 2028 2590 occideretur.

445 2619 695 2690 Cumque
718 2621 907 2677 multis
941 2622 1133 2679 diebus
1156 2623 1271 2693 (‘29)
1309 2625 1365 2679 in
1394 2627 1647 2681 custodia
1674 2637 1823 2683 esset
1850 2642 2032 2683 mace-

444 2722 621 2777 ratus,
644 2713 792 2768 venit
812 2715 881 2769 ad
914 2730 1037 2770 eum
1067 2714 1128 2770 B.
1152 2715 1479 2787 Calepodius
1519 2728 1687 2775 noctu
1729 2734 1828 2790 per
1857 2720 2031 2775 visio-

445 2814 664 2872 nem,et
680 2808 996 2864 consolatus
1019 2821 1106 2866 est
1126 2826 1251 2865 eum
1278 2811 1468 2867 dicens
1487 2830 1500 2865 :
1519 2811 1741 2867 Firmus
1764 2822 1903 2877 esto,
1923 2812 2029 2869 Pa-

445 2901 569 2949 ter:
603 2896 731 2964 quia
758 2912 960 2952 corona
984 2906 1079 2952 tua
1108 2899 1223 2968 jam
1267 2900 1509 2970 perfecta
1545 2912 1662 2958 est:
1694 2913 1754 2959 ut
1795 2904 2032 2974 accipias

448 3000 484 3040 a
515 2984 627 3040 Deo
649 2987 971 3057 condignam
1003 2990 1207 3046 laboris
1231 2992 1310 3046 tui
1340 2993 1669 3048 mercedem.
1699 2994 1901 3050 Beatus
1934 3010 2034 3050 au-

448 3084 559 3132 tem
584 3076 832 3134 Calixtus
858 3079 1119 3136 insistens
1145 3083 1407 3150 orationi,
1441 3100 1551 3141 non
1580 3086 1831 3141 cessabat
1857 3086 2036 3140 Domi-

449 3180 582 3222 num
611 3168 913 3238 deprecari.

521 3257 573 3312 8.
591 3256 725 3313 Erat
753 3270 933 3316 autem
957 3261 1157 3318 ibidem
1192 3265 1411 3333 quidam
1433 3265 1609 3331 miles,
1634 3264 1887 3324 Privatus
1916 3269 2028 3340 (30)

450 3348 692 3415 nomine,
722 3354 818 3421 qui
843 3363 962 3407 erat
995 3355 1273 3411 ulceribus
1301 3357 1515 3425 plenus,
1573 3366 1628 3411 et
1678 3360 2033 3415 cruciabatur

450 3438 539 3493 die
559 3453 623 3494 ac
642 3450 803 3496 nocte
829 3441 1132 3499 doloribus.
1163 3442 1262 3500 Hic
1291 3445 1439 3500 misit
1472 3460 1531 3501 se
1558 3447 1624 3500 ad
1648 3449 1815 3516 pedes
1849 3447 1911 3503 Β.
1928 3449 2033 3503 Ca-

525 3571 644 3653 (25)
679 3572 1125 3653 Martyrologium
1154 3575 1341 3633 Beda):
1385 3596 1404 3629 ι
1433 3576 1585 3634 Fecit
1614 3579 1787 3635 occidi
1835 3594 1867 3634 a
1892 3579 2033 3635 Lao-

451 3640 633 3696 dicio;
651 3660 670 3693 ι
701 3640 1092 3699 Ηεμέειίεκῖυε.

496 3710 1030 3792 .(2§)AS_crupulum
1070 3715 1231 3792 _mih_i
1286 3716 1459 3772 movit
1505 3719 1622 3773 dies
1672 3717 1849 3792 prima
1902 3718 2029 3792 Maii

453 3781 547 3857 hic
573 3780 632 3857 S_.
657 3780 1412 3857 Calepodiineciassignata,
1437 3803 1568 3842 num
1610 3780 1821 3843 scilicet
1852 3791 2029 3857 posita

454 3851 573 3927 hac
593 3849 959 3927 S._Cal_epodii
982 3855 1134 3927 necis
1164 3849 1409 3927 enocba,
1432 3873 1555 3926 quae
1584 3849 2030 3927 hactenus-gesta

449 3922 509 3973 in
544 3920 719 3999 Actis_
743 3920 1022 3999 dicuntur,
1042 3920 1467 3999 _ab_Alex_aI_tdri
1486 3928 1730 3999 (imperii
1760 3920 2030 3998 principio

452 3989 721 4066 usquead
744 3988 1018 4066 Kalendas
1039 3993 1166 4066 Maii
1190 3996 1324 4066 anni
1342 3995 1448 4048 222
1474 3988 1795 4066 [ἰρι-ἴινθίρεὶι
1831 3988 2027 4066 potue-

450 4058 580 4136 εἰμί.
614 4058 707 4136 Sic
721 4075 797 4136 _ea
815 4061 1087 4136 plorettus
1122 4063 1272 4136 Dlsq.
1306 4064 1331 4118 l
1373 4067 1426 4119 in
1457 4058 1737 4133 Auctario,
1763 4058 1883 4136 cap.
1909 4068 1943 4121 9
1978 4077 2030 4121 ct

450 4129 541 4193 10,
568 4130 747 4206 p._2_{8
767 4130 921 4206 ,Afere
949 4129 1519 4206 disponitﬂmperare
1548 4129 1848 4192 Alexander
1864 4139 2031 4206 ccepit

452 4151 541 4193 ιυ,
570 4151 624 4199 p.
644 4151 747 4185 ιω
767 4170 783 4196 ,
806 4151 921 4187 lere
949 4151 1220 4202 disponit:
1244 4151 1320 4188 un
1396 4151 1519 4189 rare
1548 4151 1848 4192 Alexander
1864 4151 2028 4206 coepit

452 4212 604 4279 anno
618 4199 725 4252 222
752 4201 839 4256 die
887 4217 938 4279 vi
977 4202 1290 4279 Martiigab
1325 4151 1429 4279 Ege
1466 4205 1561 4279 die
1603 4221 1778 4276 usque
1804 4207 1873 4259 ad
1929 4223 2028 4279 xm

451 4269 697 4349 ejusdem
731 4270 936 4325 mensis
962 4274 1134 4340 potuit
1161 4274 1467 4327 Alexander
1493 4269 1771 4329 tabernam
1806 4277 2028 4330 merito-

450 4351 613 4401 riam,
634 4354 749 4406 jam
784 4349 914 4414 ante
940 4342 995 4393 in
1018 4343 1457 4414 Christianorum
1497 4346 1755 4414 templum
1795 4359 2027 4399 conver-

452 4421 594 4484 sam,
627 4410 894 4484 rescripto
924 4426 1034 4484 suo
1066 4411 1397 4484 Christianis
1427 4410 1679 4470 addicere
1700 4455 1715 4478 ,
1752 4425 1807 4469 et
1863 4415 2028 4484 Capi-

2131 605 2256 673 quia
2282 605 2445 660 credo
2468 604 2755 659 Dominum
2785 602 2974 660 Jesum
3003 603 3279 661 Christum
3321 606 3491 662 Deum
3521 610 3706 664 vivum

2131 703 2185 749 et
2213 710 2425 759 verum,
2447 696 2565 765 qui,
2597 696 2740 749 sicut
2761 694 3023 751 Blandam
3059 696 3326 761 liberavit,
3352 708 3543 766 potens
3560 706 3715 755 estet

2132 799 2219 838 me
2246 786 2477 846 salvare,
2502 784 2627 853 quia
2657 785 2750 838 diu
2791 792 2875 839 est
2930 785 3077 855 quod
3129 799 3430 840 consumor
3482 787 3537 840 in
3569 786 3714 843 aﬂli-

2132 875 2314 931 ctione
2342 876 2548 930 doloris
2573 876 2701 929 mei.
2732 875 3034 945 Respondit
3061 875 3120 930 Β.
3147 875 3394 931 Calixtus
3419 878 3715 948 episcopus

2131 966 2356 1024 dicens:
2402 969 2461 1023 Si
2496 969 2674 1024 credis
2699 984 2766 1023 ex
2800 977 2913 1023 toto
2951 968 3135 1034 corde,
3165 969 3271 1035 ηιξ,
3309 977 3364 1023 et
3398 969 3454 1023 in
3486 972 3717 1026 nomine

2134 1060 2195 1116 8.
2225 1060 2509 1116 Trinitatis
2542 1061 2852 1131 baptizatus
2881 1059 3074 1124 fueris,
3104 1059 3482 1115 mundaberis.
3514 1058 3716 1117 Priva-

2134 1159 2225 1206 tus
2251 1152 2409 1206 miles
2432 1151 2742 1220 respondit:
2777 1150 2890 1219 Ego
2917 1149 3102 1216 credo,
3134 1151 3263 1220 quia
3289 1150 3487 1207 liberat
3516 1160 3571 1206 et
3602 1151 3716 1207 sal-

2135 1250 2225 1295 vat
2247 1257 2335 1296 me
2368 1241 2633 1297 Dominus
2681 1242 2736 1295 in
2776 1242 3075 1310 baptismo,
3123 1256 3221 1311 per
3264 1257 3489 1297 manum
3536 1254 3711 1297 tuam.

2135 1332 2286 1389 Tunc
2320 1334 2380 1387 Β.
2421 1334 2668 1387 Calixtus
2699 1347 2823 1387 eum
2849 1332 3166 1401 baptizavit.
3203 1341 3259 1387 et
3288 1333 3360 1387 ita
3406 1348 3437 1387 a
3478 1333 3718 1388 vulneri-

2133 1425 2236 1480 bus
2258 1434 2313 1480 et
2339 1426 2553 1487 morbo,
2583 1440 2694 1495 quo
2726 1425 3033 1490 tenebatur,
3052 1425 3350 1481 mundatus
3370 1434 3475 1480 est.
3511 1423 3578 1479 Et
3600 1441 3718 1481 cm-

2132 1518 2208 1587 pit
2236 1517 2473 1571 clamare
2498 1517 2720 1571 dicens:
2756 1515 2899 1571 Deus
2923 1532 3085 1572 verus
3105 1526 3159 1572 et
3200 1517 3438 1573 Sanctus
3472 1527 3559 1573 est
3600 1516 3714 1574 Do-

2133 1610 2317 1663 minus
2354 1607 2514 1663 Jesus
2557 1608 2831 1673 Christus,
2857 1625 3019 1679 quem
3049 1610 3308 1680 praedicat
3347 1609 3411 1665 ll.
3462 1610 3715 1667 Calixtus

2135 1700 2469 1769 episcopus:
2502 1698 2630 1767 quia
2674 1698 2818 1752 idola
2859 1714 2997 1775 vana
3025 1708 3079 1753 et
3105 1708 3255 1754 muta
3286 1709 3714 1756 consumentur:

2136 1789 2280 1845 Deus
2311 1792 2457 1846 enim
2488 1800 2725 1845 azternus
2753 1800 2838 1845 est
2869 1791 3146 1847 Christus.
3177 1790 3335 1858 Quod
3368 1791 3566 1847 iterum
3610 1808 3716 1848 au-

2135 1883 2292 1938 diens
2321 1883 2649 1949 Alexander,
2672 1883 2958 1937 iracundia
2979 1884 3191 1952 plenus,
3220 1898 3285 1938 eo
3310 1884 3456 1953 quod
3486 1884 3717 1940 militem

2134 1972 2407 2028 Privatum
2440 1975 2792 2043 baptizasset,
2818 1975 3038 2030 mittens
3079 1972 3499 2031 lecitPrivatum
3531 1977 3718 2047 plum-

2134 2066 2275 2121 batis
2319 2067 2450 2121 credi
2494 2075 2549 2121 et
2590 2066 2856 2121 deﬁcere:
2897 2066 3172 2124 Calixtum
3230 2083 3361 2123 vero
3392 2068 3719 2139 episcopum

2134 2174 2229 2228 per
2258 2158 2548 2213 fenestram
2575 2159 2773 2214 domus
2798 2161 3128 2230 praecipitari
3149 2201 3165 2225 ,
3200 2161 3477 2231 ligatoque
3503 2162 3570 2216 ad
3597 2163 3717 2217 col-

2134 2255 2245 2306 lum
2277 2251 2398 2320 ejus
2419 2265 2574 2316 saxo,
2606 2250 2660 2305 in
2690 2260 2918 2320 puteum
2950 2252 3192 2323 deinergi
3219 2260 3274 2307 et
3309 2253 3364 2307 in
3413 2268 3481 2308 eo
3513 2254 3718 2309 rudera

2134 2344 2407 2399 cumulari
2438 2344 2573 2414 (51).

2132 2470 2141 2502 ;
2203 2438 2257 2493 9.
2300 2435 2432 2493 Post
2468 2436 2586 2492 dies
2641 2450 2771 2491 vero
2825 2436 3015 2491 decem
3068 2443 3123 2489 et
3169 2445 3375 2505 septem
3424 2437 3541 2507 (52)
3569 2439 3721 2494 venit

2133 2530 2418 2600 presbyter
2448 2528 2591 2598 ejus,
2638 2528 2863 2583 nomine
2916 2528 3167 2583 Asterius
3197 2545 3322 2583 cum
3359 2529 3576 2585 clericis
3617 2547 3721 2585 no-

2133 2630 2245 2687 ctu,
2273 2633 2326 2675 et
2357 2622 2555 2675 levavit
2578 2635 2780 2690 corpus
2806 2619 2866 2674 Β.
2900 2619 3097 2675 Calixti
3134 2621 3377 2689 episcopi
3405 2631 3460 2676 ct
3490 2622 3720 2677 honori-

2134 2712 2233 2767 ﬁce
2272 2710 2517 2779 sepelivit
2570 2711 2623 2763 in
2661 2708 2975 2764 coemeterio
3023 2709 3330 2779 Calepodii,
3356 2710 3441 2763 via
3471 2711 3716 2778 Aurelia,

2131 2804 2302 2875 pridie
2334 2804 2456 2858 ldus
2478 2801 2750 2858 Octobris.
2771 2797 2902 2854 Post
2928 2799 3047 2855 dies
3068 2813 3250 2856 autem
3281 2817 3374 2857 sex
3401 2802 3514 2873 (33)
3540 2802 3720 2857 tenuit

2132 2893 2439 2949 Alexander
2464 2895 2739 2950 Asterium
2775 2894 3188 2964 presbyterum:
3240 2908 3404 2963 quem
3459 2894 3719 2963 prmccpit

2133 2988 2229 3055 per
2256 2996 2473 3055 pontem
2504 2987 2855 3055 praecipitari.
2888 2984 3062 3054 Cujus
3094 2994 3348 3039 sanctum
3394 2999 3597 3053 corpus
3630 2984 3717 3038 in-

2133 3078 2355 3131 ventum
2384 3085 2468 3133 est
2494 3077 2549 3131 in
2580 3075 2753 3140 Ostia,
2776 3087 2875 3131 eta
2906 3076 3232 3147 quibusdam
3264 3064 3597 3131 Christianis
3624 3092 3716 3131 se-

2061 3199 2104 3257 c
2139 3168 2347 3237 pultum
2398 3168 2453 3222 in
2507 3167 2697 3223 eadem
2745 3167 2962 3223 civitate
2996 3167 3098 3225 sub
3122 3167 3209 3221 die
3235 3183 3310 3220 ιιι
3345 3166 3714 3222 Kalendarum

2138 3258 2493 3315 Novembris:
2539 3268 2799 3330 regnante
2839 3258 3072 3315 Domino
3099 3267 3287 3314 nostro
3335 3257 3462 3313 Jesu
3495 3258 3718 3314 Christo

2137 3352 2232 3425 qui
2258 3353 2391 3408 vivit
2422 3362 2477 3406 et
2508 3361 2699 3422 regnat
2722 3352 2864 3407 Deus
2894 3367 2989 3422 per
3023 3351 3211 3408 omnia
3245 3352 3444 3407 stecula
3483 3352 3716 3407 saeculo-

2135 3460 2279 3499 rum.
2303 3444 2497 3499 Amen.

2138 3584 2225 3649 4),
2267 3580 2596 3635 Palmatium
2629 3579 2858 3649 requirit
2878 3577 3186 3649 Alexander
3208 3576 3295 3631 die
3321 3577 3523 3645 Aprilis
3550 3594 3713 3645 xxrv;

2134 3648 2294 3720 eique
2346 3652 2580 3720 sistitur,
2597 3648 2741 3718 (vide
2774 3664 2937 3720 num.
2978 3649 3032 3711 4)
3075 3648 3256 3701 triduo
3307 3656 3449 3720 post,
3492 3664 3586 3720 seu
3628 3650 3718 3704 die

2133 3716 2336 3789 Aprilis
2358 3735 2528 3773 xxvii.
2558 3716 2816 3789 Sequenti
2840 3718 3308 3789 triduoservatur
3338 3716 3637 3789 Palmatius
3660 3720 3714 3773 in

2135 3786 2343 3847 :edibus
2374 3786 2664 3858 Simplicii,
2684 3789 2888 3842 Blanda
2910 3797 2964 3841 et
2993 3786 3309 3858 Simplicius
3336 3787 3713 3858 baptizantur:

2134 3870 2330 3930 quarto
2384 3855 2563 3930 autem
2622 3868 2745 3930 post
2778 3858 2887 3922 die,
2923 3873 3017 3911 seu
3051 3855 3309 3930 Kalendis
3338 3855 3487 3922 Maii,
3523 3857 3580 3911 S.
3608 3857 3715 3912 Ca-

2134 3926 2383 4001 lepodius
2410 3926 2637 4001 eju_sque
2667 3928 2812 3983 Socii
2841 3927 3159 4001 martyrium
3194 3926 3450 4001 subeunt.

2209 4000 2323 4069 (25)
2351 3993 2456 4053 Seu
2475 3993 2812 4069 Tiibertnatn,
2835 3993 3066 4069 nunc}.
3087 3993 3469 4069 Bartltolomaei
3486 3997 3713 4064 dictam,

2136 4064 2410 4124 obsedem
2438 4068 2565 4124 huic
2591 4084 2825 4123 sacram.
2863 4066 2941 4120 Ex
2982 4064 3348 4120 Henschenio.

2207 4140 2320 4208 (26)
2348 4139 2704 4193 Postmodum
2732 4151 3056 4193 conversam
3086 4136 3141 4189 in
3167 4136 3477 4204 ecclesiam,
3513 4136 3717 4192 S.Cal-

2135 4209 2259 4264 listo
2290 4224 2524 4263 sacram.

2206 4279 2319 4349 (27)
2362 4277 2517 4349 Quod
2556 4275 2875 4349 nimirum__a
2910 4275 2969 4330 8.
2996 4273 3330 4349 Calepodio,
3364 4292 3487 4331 cum
3528 4275 3718 4349 junior

2134 4344 2310 4412 esset,
2327 4348 2507 4402 extrui
2535 4348 2781 4416 potuisse
2810 4344 3189 4401 Henschenius
3218 4356 3403 4400 censet
3425 4344 3545 4416 pag.
3582 4347 3712 4401 498.

2207 4420 2321 4489 (28)
2363 4417 2506 4483 Quo,
2538 4415 2725 4489 audita
2748 4415 2808 4469 S.
2841 4416 3110 4489 Simplicii
3132 4416 3362 4489 ejusque
3386 4415 3716 4489 lamilizeuad

453 4476 647 4556 tolium
682 4476 1110 4556 tang'id'ulmine2
1143 4482 1326 4556 sinon
1378 4493 1503 4556 ante
1532 4476 1737 4539 annum
1789 4484 1896 4556 222
1923 4476 2023 4539 ista
2059 4529 2103 4556 η
2133 4476 2705 4551 ίίἀὲυιόιῖηνεί·εἰοηθ,
2732 4487 2852 4554 capi
2875 4486 2933 4539 S.
2963 4476 3318 4555 Calepodiut'n
3354 4487 3583 4556 ejusque
3612 4486 3720 4541 So—

451 4529 808 4624 spitam:
837 4529 2025 4624 ιέέεέιίέέπῑέηξιεῖῃςδνῑβὶηῑιδίίξίῑξξιρῑεῇῑτίλῑῑῑ.
2058 4529 2104 4584 υ
2133 4529 2540 4624 “arguas-5;:

453 4614 611 4677 (vide
669 4630 823 4669 num.
877 4618 931 4740 1)
976 4620 1066 4672 die
1126 4634 1214 4673 xw
1261 4614 1464 4687 Martii,
1515 4625 1610 4692 qui
1654 4639 1720 4678 eo
1744 4638 1909 4690 anno,
1936 4624 2028 4678 lit-

453 4693 569 4737 tera
620 4682 947 4740 Dominicai
1002 4688 1063 4740 F.
1097 4688 1213 4740 dies
1244 4688 1396 4740 Jovis
1447 4692 1567 4740 fuit.
1603 4696 1865 4740 Accusavi
1913 4704 2026 4740 tum

450 4693 569 4737 tera
620 4682 947 4741 Dominicali
1002 4688 1063 4752 F,
1097 4688 1213 4743 dies
1244 4688 1396 4746 Jovis
1447 4682 1567 4745 fuit.
1603 4696 1865 4748 Accusari
1896 4682 2027 4748 'tum

452 4753 620 4833 empti
656 4753 860 4810 fuerint
895 4757 1215 4833 Christiani,
1241 4765 1854 4833 tanquamunalorum,
1909 4780 2031 4833 quae

454 4823 1104 4903 accideranttauctores.
1158 4823 1506 4903 lixiirdi'exx
1531 4831 1729 4903 Martii,
1762 4823 1855 4903 qui
1906 4823 2024 4887 dies

453 4890 709 4947 Mercurii
744 4893 870 4959 fuit,
934 4896 1138 4950 factum
1175 4896 1338 4953 fuerit
1381 4898 1649 4955 Mercurio
1695 4890 2023 4956 sacriﬁcium

452 4962 719 5041 alterum,
777 4965 844 5041 de
901 4981 1013 5036 quo
1060 4982 1212 5041 num.
1279 4969 1333 5023 2.
1402 4969 1618 5025 Tertius
1669 4986 1813 5025 novo
1848 4973 2029 5039 prodi-

451 5030 891 5110 gio_Palmatiu§
916 5030 1277 5110 rhaptismum
1337 5041 1472 5110 petit
1513 5057 1524 5092 :
1560 5041 1703 5095 diem
1744 5030 2025 5110 posterum

451 5100 607 5179 (vide
644 5119 797 5179 num.
858 5104 934 5176 5)
976 5100 1217 5179 jejunio_
1239 5100 1519 5179 transigit:
1573 5111 1662 5164 die
1716 5100 1828 5163 x'xu
1887 5109 2032 5163 Mar-

451 5170 514 5226 tii
561 5172 887 5245 baptismum
915 5170 1147 5246 recipit.
1187 5176 1318 5233 Post
1355 5170 1474 5233 dics
1505 5194 1658 5233 xxxii
1700 5180 1844 5251 (vide
1876 5194 2026 5233 num.

2210 4623 2322 4695 (29)
2352 4625 2457 4678 Sed
2496 4640 2617 4695 non
2634 4624 2930 4678 admodum
2960 4624 3181 4695 multis:
3215 4624 3472 4678 nimirum
3510 4623 3607 4695 17.

2210 4692 2324 4766 (ὅθ)
2352 4696 2511 4766 Alius
2525 4710 2559 4766 _a
2595 4692 2652 4747 S.
2689 4696 2889 4749 Saturo
2914 4696 2980 4766 in_
3020 4693 3463 4766 Hieronymianis
3509 4692 3713 4766 Marty-

2138 4762 2362 4835 rol‘ogiis
2389 4765 2456 4819 ad
2483 4764 2625 4818 diem
2650 4779 2737 4835 xu,
2755 4773 2809 4817 et
2833 4781 2921 4819 xiv
2946 4762 3198 4819 Octobris
3226 4762 3581 4835 annunciato.

2211 4832 2323 4905 (5i)
2355 4834 2891 4905 Annoiprobabilius
2922 4835 3154 4905 222,die
3179 4850 3256 4888 xu
3295 4832 3568 4905 Octobris.

2212 4902 2324 4975 (52)
2355 4902 2730 4975 Verosimilius
2769 4920 2798 4957 a
2832 4903 2889 4958 8.
2923 4904 3134 4975 Callisti
3169 4904 3482 4973 captivitate
3516 4918 3713 4975 nume-

2137 4973 2340 5031 raudo's
2363 4990 2431 5028 ex
2462 4973 2775 5046 Comment.
2800 4990 2965 5044 praev.
3003 4974 3030 5046 §
3075 4977 3110 5031 '5
3136 5014 3150 5035 .
3188 4975 3240 5028 id
3274 4984 3378 5038 est,
3425 4990 3456 5028 a
3489 4975 3575 5029 die
3606 4974 3715 5028 cir-

2136 5048 2182 5101 ci
2192 5055 2270 5099 ter
2296 5060 2443 5098 xxvu
2476 5043 2830 5111 Septembris.

2210 5116 2323 5187 (55)
2359 5113 2863 5187 Yerosimilius_ex_
2887 5114 3049 5187 dictis
3096 5114 3163 5187 in»
3200 5112 3506 5187 Comment.
3547 5128 3712 5181 praev.

2141 5182 2400 5240 nuin.'55
2423 5200 2451 5238 a
2481 5199 2614 5241 nece
2640 5183 2699 5239 S.
2728 5182 2962 5251 Callisti,
2996 5200 3090 5239 seu
3115 5185 3202 5238 die
3228 5184 3484 5238 Octobris
3517 5196 3671 5236 xviii.
