4074 6386
296 337 405 397 Si!

1734 353 2123 412 EPISTOLE.

303 496 3055 536 _..______..____________________

3065 524 3554 549 -————~

1187 671 1316 799 s.
1424 674 2161 807 CALLISTI
2261 623 2707 813 ΡᾹΡλΈ

1512 864 2394 1052 EPISTOLAZ‘“)

1145 1151 1338 1216 ‘MANSI,
1362 1151 1546 1205 Concil.
1589 1152 1631 1214 Ι,
1654 1154 1978 1209 737.—Vide
1996 1162 2390 1226 notitiam‘supra
2412 1168 2505 1216 col.
2530 1166 2662 1232 112.)

790 1447 1131 1503 EPISTOLA
1172 1448 1406 1505 PRIMA.

700 1558 772 1596 AD
810 1554 1155 1595 BENEDICTUI
1193 1557 1510 1597 EPISCOPUII.

310 1631 393 1689 De
417 1630 909 1703 jejuniisjquatuor
942 1639 1254 1700 temporum,
1295 1641 1345 1686 et
1382 1642 1440 1686 ut
1472 1634 1898 1691 criminationem

594 1701 847 1756 adversus
873 1702 1142 1754 doctorem
1168 1718 1320 1755 nemo
1344 1705 1622 1773 suscipiat.

382 1792 688 1848 CALLISTUS
727 1790 1177 1861 archiepiscopus
1203 1790 1459 1848 Ecclesiae
1490 1794 1772 1850 catholicae
1800 1811 1896 1851 ur-

309 1881 400 1938 bis
425 1881 635 1950 Romae,
663 1878 973 1936 BENBDICTO
1003 1879 1157 1936 fratri
1187 1888 1242 1937 et
1272 1883 1553 1954 episcopo,
1578 1885 1810 1941 salutem
1840 1887 1896 1941 in

312 1970 567 2026 Domino.

383 2062 766 2119 Fraternitatis
787 2077 978 2119 amore
998 2065 1019 2095 ¹
1044 2062 1495 2131 constringimur,
1520 2073 1576 2119 et
1598 2067 1899 2135 apostolico

309 2152 692 2208 moderamine
735 2154 1006 2224 cegimur,
1037 2162 1100 2207 ut
1134 2154 1402 2208 consultis
1434 2153 1692 2223 fratrum,
1734 2172 1901 2227 prout

309 2242 579 2299 Dominus
608 2244 838 2312 dederit,
872 2244 1325 2314 respondeamus,
1350 2260 1557 2315 eosque
1583 2249 1894 2317 apostolica:

309 2335 459 2391 sedis
492 2338 819 2392 auctoritate
850 2334 1211 2392 instruamus.

383 2476 405 2507 ¹
430 2470 685 2531 (ἶθιιιεὶιιε
715 2488 803 2544 ep.
829 2474 883 2530 9.
918 2446 937 2457 ί
963 2476 984 2507 ³
1006 2474 1137 2530 dist.
1168 2473 1234 2530 76
1252 2464 1578 2545 ?Jejunium
1611 2479 1759 2549 quod
1791 2488 1889 2534 ter.

382 2642 496 2712 (54)
539 2640 668 2696 Ant.
712 2638 853 2712 Aug.
888 2639 1038 2712 arch.
1070 2637 1226 2694 Tarr.
1273 2639 1411 2712 dial1
1459 2641 1513 2708 4,
1548 2643 1673 2698 libri
1707 2645 1795 2712 Η,
1832 2646 1901 2701 de

309 2710 701 2784 emendatione
744 2710 1018 2784 Gratiani,
1057 2719 1317 2784 ⁸ιθδιέιιιιι·
1372 2710 1573 2784 Ca_lixti
1639 2710 1902 2784 epistolas

313 2782 550 2851 rejectas
596 2778 766 2854 fuisse
811 2796 843 2854 ει
886 2779 1270 2854 selectisviris
1306 2782 1406 2854 qui
1441 2780 1628 2838 Romae
1673 2778 1899 2854 operam

312 2850 589 2907 navarunt
618 2851 672 2905 in
696 2850 956 2905 Gratiano
984 2850 1327 2921 corrigendo.
1355 2850 1498 2905 Idem
1529 2850 1773 2909 sentiunt
1799 2856 1901 2909 viri

313 2922 518 2976 eruditi
548 2930 603 2976 et
633 2936 722 2975 res
756 2921 1127 2990 ipsaiclamat.

387 2989 1150 3065 (55)}ejuniuntuJejunium
1170 2992 1421 3059 Quatuor
1448 3003 1753 3065 temporum
1792 3010 1899 3050 non

313 3080 345 3118 a
389 3060 616 3117 Callisto
669 3060 961 3131 pontiﬁce,
1007 3062 1101 3117 sed
1150 3065 1220 3117 ab
1259 3066 1527 3133 apostolis
1562 3060 1895 3120 ’institutum

312 3148 452 3195 esse,
479 3142 673 3202 praeter
706 3145 1029 3202 expressum
1064 3134 1239 3191 sancti
1270 3131 1468 3190 Leonis
1499 3134 1895 3200 leslimunium,

312 3204 429 3273 ipse
460 3201 681 3272 quoque
712 3201 974 3273 Callistus
1020 3202 1121 3273 hac
1161 3204 1393 3273 epistola
1442 3205 1668 3267 indicat,
1717 3206 1899 3260 verbis

310 3271 677 3344 sequentibus
708 3272 860 3344 hisce
891 3271 1073 3344 :__quod
1100 3271 1272 3327 (ει-ιιι
1302 3291 1442 3328 anno
1466 3275 1608 3344 apud
1642 3289 1736 3328 nos
1764 3276 1902 3329 cele-

311 3340 470 3415 brare
511 3342 791 3406 didicisti;
851 3340 1154 3415 adiuuans
1174 3344 1287 3415 jam
1331 3355 1458 3399 ante
1501 3340 1601 3399 sua
1657 3354 1903 3415 tempora

311 3414 479 3468 trium
535 3424 843 3482 temporum
880 3411 1093 3481 jejunia
1144 3411 1198 3482 in
1229 3414 1473 3469 Ecclesia
1520 3416 1730 3469 servari
1769 3411 1902 3469 esse

309 3483 508 3551 solita;
561 3498 591 3537 a
623 3480 682 3538 se
714 3480 1096 3554 ve_ro,'quarti
1139 3480 1411 3554 duntaxat
1459 3485 1723 3554 temporis
1759 3484 1904 3554 jeju-

311 3554 468 3625 nium
499 3551 913 3625 superadditum
940 3567 1083 3625 esse,
1118 3569 1187 3607 ne
1215 3552 1410 3618 Judaei,
1447 3551 1906 3625 secundum—pro-

309 3621 583 3706 pbctiam‘
603 3621 885 3706 Zacharite
915 3624 1112 3706 ‘capitc
1157 3632 1387 3706 octavo,
1423 3638 1649 3706 quater_
1668 3626 1723 3678 in
1753 3621 1905 3678 anno

306 3692 643 3763 jejunantes,
681 3692 736 3746 in
766 3693 985 3763 virtutis
1020 3694 1393 3763 temperantiae
1424 3692 1692 3749 exercitio
1720 3710 1906 3762 prom-

310 3762 517 3834 ptiores
560 3774 624 3834 et
663 3762 962 3817 alacriores
1009 3762 1145 3834 esse
1183 3764 1290 3819 dici
1338 3766 1574 3833 possint.
1626 3764 1904 3834 Jejuniutn

309 3832 520 3889 inensis
543 3833 870 3899 decembris,
903 3832 1047 3902 quod
1072 3842 1157 3888 est
1184 3832 1355 3889 unum
1384 3842 1549 3904 atque
1573 3832 1903 3904 praecipuum

309 3920 377 3958 ex
405 3914 663 3973 quatuor,
692 3910 935 3972 tempore
963 3904 1361 3973 apostolorum,
1398 3920 1426 3958 τι
1449 3904 1782 3960 Christianis
1809 3904 1907 3958 ob.

310 3972 590 4029 servatum
636 3988 793 4035 esse,
855 3973 1060 4027 indicat
1097 3972 1278 4029 Lucas
1319 3975 1508 4029 Actor.
1556 3990 1747 4040 xxvn,
1822 3974 1907 4028 his

314 4045 501 4099 verbis
539 4066 552 4114 ς
588 4042 885 4114 Ιηεὶρὶείὸαι
931 4043 1071 4097 enim
1119 4043 1419 4113 periculosa
1449 4060 1561 4098 esse
1613 4045 1906 4114 navigatio,

310 4116 441 4185 quia
473 4113 739 4185 jejunium
773 4113 892 4184 jam
931 4115 1295 4185 prwterierat;
1350 4116 1508 4182 quasi
1567 4113 1793 4185 diceret,
1828 4123 1910 4185 ut

312 4182 599 4253 exponunt
644 4182 1081 4253 Clrrvsostomus
1131 4193 1185 4237 et
1205 4182 1599 4246 (Ecumenius,
1640 4183 1780 4249 Quia
1827 4183 1911 4236 hi-

310 4251 544 4308 bernum
587 4253 722 4308 illud
764 4251 964 4306 decimi
1001 4255 1208 4308 mensis
1245 4253 1515 4322 jejunium
1548 4254 1907 4322 prasterierat,

312 4324 611 4393 incipiebat
672 4337 795 4378 esse
862 4322 1169 4389 periculosa
1240 4323 1551 4392 navigatio,
1621 4331 1909 4393 propterea

312 4390 462 4464 quod
501 4395 677 4450 hiems
703 4390 1541 4464 agereturt‘quanavigantibus
1583 4390 1909 4464 gravissima

313 4459 558 4535 pericula
611 4459 922 4535 imminent.
962 4459 1089 4535 Hoc
1135 4459 1314 4535 igitur?
1336 4459 1609 4535 jejunium
1648 4460 1910 4535 Callistus

315 4514 591 4605 signa
613 4514 743 4605 iis;
760 4514 1001 4605 instituit
1027 4514 1045 4586 ξ
1067 4514 1509 4605 serenata...
1526 4514 1605 4587 2.1;
1652 4514 1914 4605 apostolis
1941 4514 1984 4572 ο

314 4602 527 4674 scripto
578 4604 947 4674 confirmavit,
997 4613 1072 4667 et,
1128 4611 1189 4657 ut
1217 4602 1581 4674 Bellartninus
1638 4602 1909 4674 concedit,

314 4671 517 4746 quarto
548 4672 904 4746 superaddita
949 4674 1141 4746 saltem
1188 4674 1492 4746 ampliavit.
1537 4671 1914 4746 Videiiellar-

316 4741 534 4799 {uinum
569 4741 648 4796 De
694 4743 818 4796 bon.
852 4760 882 4795 ο
919 4759 995 4796 er.
1026 4743 1081 4796 in
1107 4754 1250 4812 part.
1282 4741 1386 4797 iib.
1419 4760 1481 4806 ιι,
1518 4759 1578 4798 ca
1625 4783 1639 4797 .
1671 4741 1773 4809 19;
1815 4741 1915 4797 Ba-

319 4831 445 4865 ron.
479 4828 610 4865 ann.
639 4811 845 4865 Christi
871 4759 960 4865 £7.
996 4828 1150 4865 num.
1182 4814 1216 4865 6
1244 4823 1300 4865 et
1328 4812 1379 4865 7.
1413 4813 1543 4865 Sev.
1580 4760 1697 4865 Bm.

319 4831 445 4871 ron.
479 4828 610 4868 ann.
639 4811 845 4867 Christi
871 4811 960 4875 57,
996 4828 1150 4866 num.
1182 4814 1216 4866 6
1244 4823 1300 4868 et
1328 4812 1379 4868 7.
1413 4813 1543 4868 Ssv.
1580 4811 1697 4867 Bm.

395 4883 699 4955 (36)Quod
733 4893 815 4955 ter
846 4883 902 4936 in
930 4899 1092 4955 anno.
1132 4882 1335 4937 Baron.
1370 4898 1516 4938 anno
1550 4882 1761 4939 Christi
1782 4880 1910 4955 226,

318 4953 565 5017 num.56,
610 4962 766 5024 putat
804 4953 1092 5024 legendum
1141 4968 1294 5019 esse,
1332 4963 1540 5024 quater,
1574 4968 1636 5007 ex
1676 4967 1744 5024 eo
1769 4954 1914 5022 quod

319 5022 664 5107 prophetiam
718 5022 1000 5107 Zachariae
1049 5023 1203 5107 citat,
1260 5022 1383 5107 quae
1431 5032 1624 5107 quater
1653 5023 1914 5107 ‘i‘nnanno

343 5090 679 5165 eju'nandum
728 5107 852 5148 esse
899 5090 1386 5165 admonetzaliter
1439 5090 1607 5149 sentit
1653 5090 1909 5165 liellarm.

413 5180 447 5219 ο
495 5165 779 5234 praedicto,
831 5163 993 5232 cujus
1036 5164 1311 5234 expositio
1356 5165 1528 5220 textui
1573 5160 1915 5218 conformior

322 5250 446 5291 esse
477 5236 709 5289 videtur.
741 5234 815 5287 In.

397 5304 511 5376 (57)
546 5303 614 5376 Ut
644 5305 782 5376 sicut
813 5319 984 5359 annus
1018 5320 1112 5376 per
1134 5312 1383 5376 quatuor.
1418 5301 1517 5357 His
1544 5305 1729 5360 verbis
1756 5303 1918 5376 Calli-

324 5373 706 5445 sti'pontiﬁcis
735 5382 843 5445 tres
873 5374 1278 5445 causaejejunii
1308 5383 1547 5445 quatuor
1576 5375 1916 5445 temporibus

323 5442 656 5500 observandi
686 5442 1018 5499 indicantur.
1051 5442 1260 5510 Prima,
1296 5442 1366 5500 n'e
1390 5442 1915 5500 Christiani'Judaeis

324 5516 432 5570 hac
474 5515 529 5569 in
573 5522 726 5583 parte
762 5513 1109 5583 remissiores
1144 5514 1481 5569 viderentur.
1512 5513 1742 5570 Constat
1768 5515 1916 5569 enim

325 5602 395 5639 ex
424 5581 607 5640 verbis
642 5581 941 5654 prophetiae
989 5584 1349 5654 sequentibus
1381 5583 1602 5639 Judazos
1632 5593 1827 5653 quater
1859 5587 1915 5638 in

327 5670 475 5724 anno
502 5652 786 5724 jejunasse
815 5652 1052 5724 solemni
1068 5652 1291 5724 jejunio
1317 5669 1574 5724 {aequum
1614 5652 1779 5724 igitur
1816 5654 1919 5708 fuit

327 5733 390 5778 ut
417 5722 741 5789 Christiani,
789 5722 883 5792 qui
932 5722 1287 5791 perfectiores
1332 5722 1535 5779 Judzeis
1584 5722 1708 5780 esse
1753 5725 1918 5779 debe-

328 5796 481 5861 bant,
507 5795 671 5850 etiam
701 5810 801 5849 sua
836 5803 1071 5863 quatuor
1112 5802 1357 5864 tempora
1388 5794 1684 5863 haberent;
1716 5795 1916 5865 quibus

1931 1465 1980 1520 A

2394 1591 2471 1646 De
2505 1593 2826 1661 temporibus
2845 1596 3198 1665 jejuniorum.

2073 1701 2350 1772 Jejuninm
2377 1703 2515 1774 (35),
2537 1705 2683 1774 quod
2720 1714 2800 1759 ter
2826 1707 2848 1738 ⁸
2888 1707 2944 1760 in
2979 1723 3126 1764 anno
3157 1709 3271 1780 (36)
3307 1712 3450 1780 apud
3486 1725 3593 1771 nos

2003 1792 2281 1848 celebrare
2312 1794 2575 1859 didicisti,
2612 1795 3029 1855 convenientius
3059 1815 3208 1855 nunc
3230 1816 3326 1871 per
3354 1813 3595 1872 quatuor

2004 1892 2249 1954 tempora
2282 1886 2398 1941 fieri
2431 1887 2802 1953 decernimus,
2837 1898 2897 1944 ut
2937 1890 3077 1945 sicut
3116 1906 3295 1948 annus
3323 1908 3421 1963 per
3450 1910 3593 1965 qua-

2006 1984 2133 2031 tuor
2163 1975 2275 2047 (57)
2300 1979 2540 2033 volvitur
2583 1987 2863 2050 tempora,
2905 1981 2988 2037 sic
3021 1989 3077 2037 et
3119 1997 3221 2037 nos
3265 1992 3590 2053 quaternum

2009 2068 2255 2125 solemne
2292 2084 2523 2139 agamus
2550 2070 2848 2140 jejunium,
2879 2087 2977 2143 per
3006 2074 3136 2128 anni
3175 2082 3414 2143 quatuor
3454 2084 3595 2131 tem-

2008 2174 2164 2228 pora.
2217 2159 2284 2215 Et
2317 2162 2460 2216 sicut
2495 2162 2770 2232 replemur
2804 2162 3102 2229 frumento,
3134 2165 3263 2219 vino
3291 2173 3348 2220 et
3376 2165 3500 2221 oleo
3526 2167 3595 2221 ad

2001 2250 2193 2305 alenda
2245 2266 2503 2323 corpora,
2547 2253 2630 2308 sic
2674 2255 2986 2323 repleamnr
3020 2254 3233 2325 jejunio
3272 2254 3340 2310 ad
3371 2256 3594 2312 alenda:

1956 2396 1959 2397 ν
2006 2343 2241 2409 animas,
2271 2346 2431 2416 juxta
2474 2348 2754 2418 prophetae
2783 2346 3065 2404 Zachariae
3093 2363 3320 2417 vocem,
3355 2349 3452 2421 qui
3487 2350 3591 2406 ait:

2012 2644 2246 2717 solemni
2279 2646 2655 2717 ac__communi
2691 2646 2906 2716 jejunio
2946 2662 3043 2717 per
3072 2655 3244 2701 totum
3285 2646 3471 2717 orbem
3511 2647 3596 2715 je-

2006 2714 2289 2783 junarent.
2344 2714 2494 2770 Hanc
2536 2714 2781 2771 eamdem
2820 2714 3088 2771 rationem
3129 2716 3364 2771 instituti
3398 2714 3597 2785 jejunii

2010 2793 2248 2854 quatuor
2280 2794 2610 2854 temporum,
2654 2787 2831 2841 reddit
2872 2788 3036 2841 etiam
3080 2797 3305 2842 sanctus
3333 2786 3443 2840 Leo
3475 2802 3597 2842 ser~

2014 2854 2237 2925 mone?
2263 2855 2330 2909 de
2352 2855 2564 2925 jejunio
2596 2857 2813 2925 septimi
2853 2859 3077 2911 mensis.
3112 2855 3243 2910 Item
3284 2872 3538 2911 sermone
3561 2856 3597 2910 4

2012 2936 2066 2978 et
2091 2924 2125 2977 6
2164 2924 2471 2994 dejcjunio
2498 2924 2695 2979 decimi
2724 2926 2951 2981 mensis.
2998 2925 3251 2981 Secunda
3284 2936 3385 2989 est,
3423 2935 3481 2979 ut
3511 2927 3598 2981 his

2013 2996 2350 3066 temporibus
2398 2994 2508 3049 Deo
2568 2996 3009 3066 supplicaremus
3076 3010 3174 3064 pro
3226 2995 3475 3065 frugibus
3533 3012 3600 3051 ac

2013 3064 2284 3119 fructibus
2333 3072 2491 3136 terrae
2533 3080 2600 3136 ac
2642 3064 2745 3135 pro
2800 3066 2993 3121 iisdem
3049 3064 3335 3135 perceptis
3394 3066 3599 3136 gratias

2010 3150 2318 3205 ageremus.
2358 3132 2494 3188 Nam
2548 3135 2603 3188 iu
2645 3132 2716 3191 iis
2762 3145 3002 3205 quatuor
3049 3132 3422 3204 temporibus:
3455 3136 3600 3191 aeris

2011 3206 2302 3273 temperies
2370 3205 2609 3259 maxime
2669 3207 2944 3271 variatur,
3021 3221 3085 3259 ac
3136 3205 3347 3259 fructus
3403 3220 3599 3260 omnes

2005 3291 2131 3331 cum
2190 3273 2441 3344 frugibus
2492 3275 2573 3328 vel
2630 3288 2925 3338 seruntur,
2988 3277 3074 3329 vel
3121 3283 3458 3339 nascuntur,
3517 3278 3601 3330 vel

2004 3354 2375 3415 maturantur,
2425 3345 2508 3397 vel
2541 3345 2892 3415 colliguntur.
2952 3345 3102 3401 Hanc
3133 3346 3399 3399 rationem
3444 3344 3603 3400 aﬂ'ert

2007 3424 2233 3470 sanctus
2260 3413 2370 3484 Leo
2401 3413 2745 3480 sermone'z,
2794 3416 2828 3469 5
2871 3423 2925 3469 et
2968 3416 2999 3469 8
3038 3416 3105 3470 de
3146 3415 3361 3484 jejunio
3400 3416 3600 3470 decimi

2007 3486 2236 3539 mensis.
2281 3483 2463 3537 Tertia
2485 3494 2772 3549 causaest,
2808 3495 2870 3540 ut
2896 3485 3127 3555 singulis
3150 3483 3444 3555 mensibus
3485 3501 3600 3539 cer-

2009 3563 2124 3608 tum
2178 3555 2400 3625 aliquod
2447 3555 2709 3609 stativum
2756 3570 2822 3610 ac
2870 3554 3116 3609 solemne
3159 3554 3432 3623 jejunium
3484 3570 3602 3609 ser-

2006 3631 2201 3689 vetur,
2257 3627 2399 3695 sicut
2440 3625 2672 3695 singulis
2702 3625 2884 3695 annis
2932 3625 3435 3695 quadragesimale,
3488 3626 3602 3679 sin-

2008 3695 2152 3764 gulis
2215 3693 2648 3749 hebdomadibus
2690 3693 2827 3749 feria
2876 3693 3030 3749 sexta
3086 3693 3382 3764 et'quarta
3438 3695 3601 3759 olim,

1974 3810 1979 3817 .
2010 3780 2159 3818 nunc
2214 3764 2792 3835 sabbatojejunatur,
2847 3781 2912 3819 ac
2941 3765 3167 3835 proinde
3196 3773 3431 3835 quatuor
3470 3766 3603 3835 anni

2011 3835 2352 3904 temporibus
2394 3833 2571 3889 tribus
2627 3835 2821 3890 diebus
2873 3833 3037 3890 unius
3081 3834 3437 3888 hebdomadze
3465 3834 3605 3903 jeju-

2008 3903 2240 3969 nemus,
2292 3919 2391 3973 pro
2454 3904 2631 3959 tribus
2690 3904 2974 3959 mensibus
3024 3922 3037 3958 :
3096 3903 3355 3957 nimirum
3415 3919 3605 3958 mense

2010 3974 2209 4028 Martio
2239 3975 2557 4044 jejunamus
2594 3976 2766 4029 semel
2805 3975 2982 4029 tribus
3022 3974 3236 4044 diebus,
3270 3987 3371 4042 pro
3402 3975 3601 4044 primo,

2012 4040 2258 4099 secundo
2294 4040 2367 4098 ac
2396 4045 2559 4099 tertio
2591 4060 2807 4110 mense;
2852 4060 3040 4099 mense
3082 4040 3249 4096 Junio
3272 4040 3431 4096 circa
3463 4041 3605 4096 Pen-

2013 4122 2257 4169 tecosten
2298 4115 2613 4184 jejuuamus
2663 4130 2760 4184 per
2793 4113 2922 4184 dies
2949 4122 3110 4184 _tres,
3149 4112 3460 4184 pro__tribus
3508 4126 3603 4184 se-

2013 4180 2314 4254 quentibus
2353 4180 2845 4254 inensibusﬂunio
2876 4180 3347 4254 videlicet,.lulio,
3395 4189 3449 4235 et
3490 4181 3606 4235 Au-

2013 4250 2210 4324 gusto;
2249 4268 2439 4324 mense
2481 4252 2815 4324 Septembri,
2862 4265 2962 4321 pro
3017 4250 3273 4324 septimo,
3325 4258 3607 4324 octavoet

2013 4322 2162 4378 nono
2180 4343 2195 4390 ;
2242 4323 2550 4386 Decembri,
2575 4338 2676 4392 pro
2702 4322 2940 4389 decimo,
2976 4323 3267 4377 undecimo
3298 4336 3366 4392 ac
3394 4322 3605 4376 duode—

2014 4394 2160 4447 cimo
2206 4408 2395 4448 mense
2428 4390 2592 4459 anni,
2611 4394 2823 4447 scilicet
2862 4407 2963 4461 pro
2986 4392 3291 4456 Decembri,
3338 4390 3608 4446 Januario

2017 4477 2082 4518 ac
2116 4462 2467 4533 Februario,_
2495 4461 2662 4533 idque
2720 4461 2948 4531 majoris
2981 4463 3391 4533 commoditatis
3428 4462 3605 4532 gratia

2019 4534 2224 4587 factum
2275 4542 2378 4588 est.
2422 4530 2549 4588 Haec
2573 4530 2713 4587 ’Leo
2762 4530 2928 4587 serm.
2974 4533 3009 4587 9
3041 4532 3109 4586 de
3138 4532 3353 4602 jejunio
3388 4530 3609 4601 septimi

2016 4603 2257 4667 mensis;
2324 4611 2381 4657 et
2437 4617 2605 4658 serm.
2652 4603 2687 4658 8
2731 4602 2801 4658 de
2850 4602 3063 4671 jejunio
3117 4602 3314 4657 decimi
3377 4602 3606 4666 mensis,

2015 4673 2329 4729 Amalarius
2356 4672 2429 4726 De
2453 4674 2586 4743 offic.
2604 4674 2814 4740 ποίει,
2845 4674 2941 4727 lib.
2964 4689 3025 4738 ιι,
3056 4687 3106 4728 c.
3124 4673 3182 4726 2.
3206 4671 3610 4743 ρυδτιειιειιιιεο

2018 4744 2252 4797 instituti
2294 4741 2505 4813 jejunii
2536 4743 2785 4810 Quatuor
2814 4753 3144 4813 temporum
3203 4750 3289 4797 est
3334 4741 3612 4813 ordinatio

2016 4811 2405 4868 clericorum:
2461 4829 2585 4882 quae
2634 4830 2759 4869 cum
2812 4812 2900 4869 his
2952 4811 3291 4883 iemporibus
3331 4811 3612 4883 ordinaria

2018 4900 2116 4955 per
2172 4881 2491 4955 universam
2547 4883 2871 4955 Ecclesium
2904 4882 3034 4955 fiat,
3066 4881 3278 4955 omnes
3318 4888 3372 4955 et
3409 4881 3612 4952 singuli

2016 4950 2222 5010 Christi
2267 4954 2456 5008 fideles
2495 4955 2747 5024 exemplo
2791 4950 3085 5023 primitivte
3127 4950 3408 5024 Ecclesiae,
3441 4950 3610 5021 quam

2016 5025 2208 5080 Actor.
2244 5039 2384 5088 xm,
2452 5022 2699 5094 tempore
2747 5022 3110 5078 ordinationis
3148 5022 3454 5094 jejunasse_
3475 5036 3610 5094 con—

2016 5039 2208 5080 Actor.
2244 5039 2384 5088 xm,
2452 5039 2699 5094 tempore
2747 5039 3110 5078 oramauoms
3177 5039 3433 5093 ejunasse
3475 5039 3610 5075 con—

2016 5104 2155 5162 stat,
2184 5094 2384 5149 merito
2421 5107 2548 5149 cum
2584 5094 2796 5164 jejunio
2829 5105 3010 5164 orant,
3056 5039 3391 5164 uthristus
3421 5088 3615 5164 Domi-

2019 5160 2346 5222 nus'iideles
2387 5160 2675 5234 operarios
2723 5163 2780 5217 in
2812 5163 3036 5234 vineam
3085 5177 3239 5234 suam
3282 5161 3500 5234 mittere
3529 5160 3615 5213 ιιι-

2017 5244 2237 5308 gnetur.
2275 5233 2345 5289 Et
2382 5229 2702 5308 quanquam
2740 5232 2905 5308 primi
2950 5232 3150 5308 summi
3197 5229 3507 5308 pontifices,
3554 5238 3616 5308 ut

2015 5299 2369 5378 perspicuum
2399 5299 2491 5361 est
2516 5299 2599 5378 _éx
2648 5299 2790 5378 libro
2832 5301 3164 5378 Pontilicali,
3193 5299 3258 5355 ac
3295 5299 3617 5378 testimonio

2016 5368 2280 5431 'Ama'larii
2308 5376 2403 5430 lib.
2429 5389 2470 5428 ιι
2504 5373 2583 5429 De
2619 5375 2751 5443 o/ﬁc.
2788 5372 2997 5436 coclea,
3040 5386 3161 5439 cap.
3197 5384 3237 5437 ι,
3280 5382 3471 5443 mense
3510 5368 3616 5423 De.

2017 5448 2227 5503 cembri
2264 5454 2479 5518 tantum
2522 5442 2746 5518 ordines
2804 5457 2993 5497 sacros
3041 5442 3617 5518 contulerintttamen

2018 5525 2298 5573 crescente
2364 5516 2795 5572 ordinandorum
2819 5526 3071 5576 numero,
3123 5518 3271 5566 recte
3302 5510 3613 5564 institutum

2018 5598 2123 5651 est,
2164 5597 2223 5641 ut
2255 5587 2379 5642 aliis
2424 5586 2586 5639 etiam
2619 5584 2799 5636 tribus
2828 5582 3168 5649 temporibus
3205 5579 3354 5636 sacri
3390 5576 3616 5651 ordines

2020 5642 2401 5715 conferrentur
2446 5675 2458 5708 :
2504 5656 2577 5707 ita
2626 5652 2881 5706 Gelasius
2929 5642 3163 5721 epistola
3211 5650 3410 5720 prima.
3475 5642 3615 5700 Vide

2022 5729 2282 5786 Bellarm.
2324 5726 2583 5795 praedicto
2619 5722 2763 5778 loco.
2804 5721 2880 5776 lo.
