4074 6434
487 350 594 406 135

1754 346 1809 400 S.
1845 344 1926 398 CA
1939 342 2179 398 LLISTII
2211 339 2408 395 PAPJE

3646 338 3743 393 l2!

490 468 721 524 Factum
748 479 823 524 est
849 468 1058 525 verbum
1084 467 1299 521 Domini
1325 466 1394 520 ad
1418 481 1520 533 me,
1540 466 1717 521 dicens
1743 482 1760 519 :
1785 464 1915 519 Haec
1935 464 2064 517 dicit
2097 467 2139 522 Α
2167 462 2296 532 quia
2347 460 2631 530 indignum
2672 467 2782 525 est,
2832 467 2891 513 ut
2937 458 3130 514 doctor
3202 457 3464 513 stulto"et
3504 457 3744 522 indocto,

490 557 752 613 Dominus
772 560 1096 614 exercituum
1113 574 1132 612 :
1150 557 1298 613 Sicut
1322 558 1567 628 cogitavi,
1587 565 1643 609 ut
1660 557 1939 627 aﬂligerem
1959 572 2066 618 vos,

490 664 613 702 cum
636 650 706 702 ad
727 651 1058 704 iracundiam
1095 655 1463 719 provocassent
1504 664 1584 701 me
1606 656 1783 715 patres
1812 646 1992 711 vestri,
2019 656 2069 698 et

490 754 597 793 non
639 755 758 792 sum
798 741 1076 804 misertus;
1115 740 1192 793 sic
1217 754 1493 793 conversus
1539 737 1768 807 cogitavi
1806 738 1862 790 in
1888 736 2068 789 diebus

490 831 632 893 istis,
662 840 719 883 ut
749 829 1068 899 benefaciam
1087 828 1385 883 Jerusalem
1418 839 1467 882 et
1494 829 1677 881 domui
1694 827 1858 880 Juda.
1889 825 2070 879 Nolite

494 922 696 974 timere.
726 918 855 973 [hec
875 929 995 973 sunt
1026 918 1177 972 verba
1193 935 1311 988 qua:
1338 917 1548 986 facietis
1574 934 1592 971 :
1620 916 1896 987 loquimini
1927 915 2067 968 veri-

493 1021 653 1064 tatem
670 1009 1027 1079 unus'quisque
1050 1026 1169 1063 cum
1187 1011 1430 1079 proximo
1451 1024 1581 1071 suo;
1603 1009 1874 1061 veritatem
1903 1015 1951 1058 et
1977 1006 2069 1073 ju-

491 1104 688 1155 dicium
710 1102 856 1170 pacis
868 1101 1109 1169 judicate
1140 1102 1193 1155 in
1215 1102 1381 1171 portis
1402 1100 1610 1165 vestris,
1640 1107 1691 1152 et
1717 1097 2069 1167 unusquisque

490 1193 688 1246 malum
722 1202 908 1246 contra
934 1194 1167 1245 amicum
1193 1208 1349 1245 suum
1373 1208 1435 1246 ne
1468 1192 1707 1261 cogitetis
1739 1190 1796 1242 in
1823 1187 2067 1242 cordibus

488 1281 694 1346 vestris,
718 1279 766 1334 et
784 1280 1153 1350 juramentum
1208 1281 1437 1334 mendax
1477 1296 1540 1333 ne
1569 1279 1825 1349 diligatis.
1876 1277 2068 1330 Omnia

485 1373 629 1426 enim
656 1371 766 1425 Irazc
790 1379 911 1425 sunt
935 1387 1054 1440 qua:
1083 1370 1248 1434 odivi,
1276 1370 1407 1422 dicit
1434 1369 1688 1422 Dominus
1721 1368 2064 1422 exercituum.

488 1461 558 1515 Et
608 1461 808 1530 factum
856 1473 933 1515 est
982 1456 1193 1514 verbum
1234 1460 1469 1513 Domini
1501 1460 1825 1513 exercituum
1855 1458 1923 1511 ad
1966 1475 2065 1519 me,

487 1553 661 1605 dicens
694 1567 711 1604 :
754 1550 883 1605 Hazc
915 1552 1047 1604 dicit
1081 1550 1340 1604 Dominus
1370 1550 1697 1604 exercituum
1731 1565 1749 1601 :
1793 1546 2065 1616 Jejunium

486 1643 684 1711 quarti,
731 1651 781 1695 et
813 1641 1079 1709 jejunium
1118 1641 1309 1711 quinti.
1348 1649 1398 1692 et
1425 1636 1696 1709 jejunium
1744 1639 1976 1706 septimi,
2018 1646 2066 1688 et

480 1734 746 1802 jejunium
785 1733 976 1786 decimi
1018 1733 1117 1785 erit
1145 1732 1325 1785 domui
1351 1729 1498 1783 Juda
1535 1732 1589 1783 in
1622 1731 1898 1799 gaudium,
1928 1738 1979 1782 et
2013 1729 2066 1781 in

2171 562 2334 621 atque
2374 550 2878 620 reprehensibiliter
2930 549 3169 616 viventi,
3216 549 3539 617 respondeat
3590 549 3748 618 juxta

2171 642 2455 696 stultitiam
2486 655 2667 704 suam,
2695 639 2910 694 dicente
2936 637 3217 709 Scriptura
3244 656 3258 693 :
3284 637 3407 691 Non
3433 639 3749 707 respondeas

2170 732 2337 787 stulto
2353 732 2516 801 juxta
2545 730 2833 784 stultitiam
2864 746 3018 783 suam
3044 731 3107 783 ¹².
3146 726 3268 783 Non
3299 728 3435 783 bene
3462 729 3617 794 vivit,
3650 731 3750 799 qui

2169 837 2278 874 non
2320 830 2464 875 recte
2488 820 2532 851 “
2554 819 2744 875 credit.
2782 817 2925 872 Nihil
2961 819 3090 872 mali
3119 817 3266 886 vult,
3296 819 3389 888 qui
3421 818 3594 874 ﬁdelis
3640 828 3744 874 est.

2171 910 2227 964 Si
2258 910 2382 980 quis
2407 910 2580 983 ﬁdelis
2612 918 2713 973 est,
2743 909 2922 963 videat
2957 925 3026 963 ne
3050 908 3185 965 falsa
3215 909 3487 980 loquatur,
3505 919 3599 965 aut
3625 910 3750 965 cui-

2168 1017 2333 1071 quam
2364 1001 2595 1056 insidias
2629 1009 2814 1070 ponat.
2844 1000 3043 1056 Fidelis
3074 1002 3240 1056 homo
3273 1016 3489 1071 semper
3515 1002 3751 1058 ﬁdeliter

2170 1093 2299 1162 agit,
2351 1100 2405 1146 et
2453 1092 2684 1146 inﬁdelis
2730 1090 2925 1147 callide
2978 1092 3288 1159 insidiatur,
3337 1104 3500 1163 atque
3560 1093 3751 1150 ﬁdeles

2168 1189 2222 1233 et
2245 1181 2330 1248 pie
2359 1195 2425 1235 ac
2449 1180 2594 1250 juste
2619 1180 2858 1234 viventes
2886 1180 3113 1249 perdere
3137 1180 3348 1246 nititur,
3380 1181 3508 1251 quia
3548 1181 3751 1239 similis

2170 1269 2401 1323 similem
2433 1269 2537 1324 sibi
2573 1270 2785 1339 quaerit.
2841 1270 3080 1324 lntidelis
3107 1251 3275 1324 homo
3295 1281 3545 1325 mortuus
3575 1280 3658 1325 est
3689 1272 3746 1325 in

2168 1373 2396 1426 corpore
2428 1358 2663 1414 vivente.
2721 1360 2784 1413 Et
2812 1367 3002 1414 contra
3049 1374 3328 1415 sermones
3362 1360 3537 1415 ﬁdelis
3569 1360 3749 1414 homi-

2169 1449 2255 1504 nis
2286 1450 2450 1503 vitam
2482 1450 2796 1505 custodiunt
2830 1450 3162 1504 auditorum.
3215 1449 3499 1505 Ductorem
3526 1451 3672 1506 enim
3699 1452 3747 1482 ’δ

2169 1541 2518 1605 catholicum,
2550 1550 2604 1595 et
2632 1541 2904 1610 prmcipue
2940 1540 3157 1595 Domini
3192 1541 3552 1607 sacerdotem,
3600 1542 3745 1597 sicut

2170 1630 2320 1686 nullo
2362 1646 2548 1686 errore
2596 1631 2900 1700 implicari,
2951 1632 3027 1686 ita
3077 1633 3223 1685 nulla
3270 1642 3484 1701 oportet
3534 1633 3739 1687 machi-

2170 1720 2392 1773 natione
2419 1728 2515 1774 aut
2539 1720 2836 1789 cupiditate
2865 1722 3079 1776 violari.
3118 1721 3333 1778 Dicente
3362 1725 3561 1793 quippe
3593 1723 3745 1780 Scri-

491 1824 764 1887 twtitiam,
821 1831 870 1875 et
926 1824 981 1875 in
1029 1821 1383 1875 solemnitates
1437 1820 1761 1889 prwclaras;
1802 1821 2066 1873 veritatem
2102 1815 2141 1868 Β
2171 1819 2328 1878 plura
2375 1817 2563 1865 sancta
2605 1829 2617 1865 :
2654 1810 2787 1864 Post
2827 1813 3278 1881 concupiscentias
3325 1823 3443 1868 tuas
3483 1830 3583 1867 ηοη
3628 1830 3742 1879 ϐαι,

488 1925 696 1967 tantum
727 1923 776 1967 et
800 1929 976 1981 pacem
996 1912 1222 1981 diligite,
1246 1911 1376 1964 dicit
1395 1911 1647 1964 Dominus
1678 1912 2004 1965 exercituum
2022 1910 2064 1964 ⁸.

488 2010 547 2059 ln
580 2007 683 2059 hoc
711 2019 843 2074 ergo
883 2018 1076 2058 omnes
1126 2018 1225 2058 nos
1266 2004 1286 2035 ⁸
1331 2002 1621 2057 unanimes
1666 2009 1877 2071 oportet
1924 2016 2065 2065 esse,

486 2106 549 2150 ut
586 2095 886 2149 secundum
933 2093 1290 2163 apostolicam
1321 2092 1649 2157 doctrinam,
1672 2091 1899 2161 idipsum
1923 2092 2068 2145 dico-

486 2202 603 2238 mus
644 2202 852 2249 omnes,
889 2193 937 2238 et
979 2201 1082 2238 non
1128 2187 1236 2238 sint
1268 2186 1323 2239 in
1355 2186 1503 2239 nobis
1544 2184 1852 2238 schismata.
1887 2181 2065 2238 Simus

485 2284 663 2328 autent
704 2272 921 2343 perfecti
965 2274 1021 2326 in
1045 2274 1224 2327 eodem
1266 2290 1442 2338 sensu,
1467 2283 1517 2328 et
1556 2274 1609 2327 in
1649 2274 1829 2327 cadent
1861 2282 2067 2327 senten-

487 2366 563 2418 tia
586 2365 628 2432 ',
655 2365 710 2419 iu
738 2364 898 2434 cujus
925 2365 1106 2434 operis
1131 2364 1418 2419 devotione
1444 2365 1784 2433 gratulamur
1813 2363 2061 2419 dilectio-

484 2470 609 2511 nem
644 2464 792 2509 tuam
820 2469 941 2509 esse
974 2463 1303 2509 consortem.
1330 2453 1448 2510 Non
1478 2455 1634 2509 decet
1657 2456 1801 2510 enim
1834 2470 1865 2508 a
1889 2455 2065 2525 capite

483 2545 731 2600 membra
782 2545 1114 2609 dissidere",
1167 2546 1295 2609 sed,
1346 2545 1501 2615 juxta
1551 2560 1722 2601 sacras
1768 2544 2064 2615 Scriptum

481 2634 877 2698 testimonium,
905 2635 1085 2687 omnia
1105 2634 1338 2688 membra
1360 2643 1516 2704 caput
1541 2645 1835 2704 sequantur
1850 2636 1892 2689 ⁸.
1915 2634 2061 2689 Nulli

481 2742 614 2781 vero
659 2727 883 2781 dubium
934 2735 1019 2781 est
1067 2727 1180 2798 (58)
1208 2769 1223 2793 ,
1274 2728 1419 2797 quod
1468 2727 1769 2797 apostolica
1820 2727 2060 2783 Ecclesia

479 2825 659 2870 mater
686 2817 757 2871 sit
784 2817 1029 2870 omnium
1074 2815 1463 2885 Ecclesiarum,
1499 2834 1529 2871 a
1556 2810 1714 2886 cujus
1737 2835 1832 2873 vos
1860 2819 2062 2889 regulis

480 2908 794 2961 nullatenus
848 2908 1104 2963 convenit
1158 2908 1397 2962 deviare.
1448 2907 1514 2962 Et
1565 2909 1710 2963 sicut
1753 2907 1847 2962 Dei
1892 2907 2063 2965 Filius

481 2998 638 3051 venit
672 2996 855 3052 facere
887 2998 1218 3052 voluntatem
1252 2988 1431 3051 Patris
1456 2998 1500 3060 ’,
1538 2999 1621 3051 sic
1656 3006 1713 3051 et
1740 3012 1838 3052 vos
1866 2998 2061 3052 volun-

479 3098 646 3143 tatem
678 3098 869 3145 vestras
904 3090 1173 3159 impleatis
1222 3090 1412 3144 matris
1440 3090 1506 3156 η,
1540 3105 1663 3158 quae
1691 3099 1772 3143 est
1799 3089 2058 3155 Ecclesia,

2168 1906 2218 1950 et
2263 1914 2295 1950 a
2325 1899 2590 1952 voluntate
2621 1910 2713 1952 tua
2746 1911 2977 1953 avertere
3018 1902 3061 1933 "
3089 1915 3103 1954 :
3140 1902 3326 1956 multis
3360 1903 3523 1971 hujus
3554 1904 3744 1960 mundi

2167 1986 2467 2052 illecebris,
2511 1990 2699 2045 multis
2744 1992 3078 2047 vanitatibus
3126 1994 3489 2048 resistendum
3539 2004 3642 2060 est,
3663 1990 3746 2051 ἰιι

2165 2092 2308 2130 verte
2331 2077 2676 2133 continentia
2704 2079 3015 2133 obtineatur
3042 2079 3342 2149 integritas.
3368 2079 3540 2149 Cujus
3568 2082 3746 2151 prima

2166 2174 2251 2220 est
2290 2165 2440 2221 labes
2471 2167 2747 2235 superbia,
2780 2167 2997 2220 initium
3032 2169 3483 2235 transgressionis
3509 2177 3562 2222 et
3591 2167 3747 2237 origo

2165 2256 2405 2324 peccati:
2432 2256 2691 2325 quoniam
2723 2270 2881 2309 mens
2909 2262 3101 2324 sponte
3126 2255 3304 2315 avida,
3337 2270 3436 2308 nec
3470 2254 3747 2309 abstinere

2166 2347 2337 2409 novit,
2374 2362 2472 2402 nec
2495 2346 2680 2416 pietati
2711 2346 2970 2401 adhibere
2998 2361 3320 2401 consensus.
3352 2345 3545 2400 Nullus
3573 2347 3747 2402 bono-

2164 2454 2289 2491 rum
2321 2438 2365 2469 “
2396 2439 2677 2494 inimicum
2725 2440 2909 2504 habet,
2942 2440 3047 2495 nisi
3088 2439 3313 2505 malum,
3342 2438 3436 2509 qui
3472 2438 3593 2493 ideo
3619 2453 3747 2494 esse

2164 2529 2516 2599 permittitur,
2548 2539 2607 2586 ut
2635 2543 2728 2587 aut
2755 2532 3079 2602 corrigatur,
3111 2540 3207 2585 aut
3231 2546 3326 2599 per
3362 2530 3538 2598 ipsum
3564 2529 3747 2584 bonus

2163 2629 2502 2676 exerceatur.
2559 2621 2832 2692 Quidquid
2871 2637 3001 2692 ergo
3033 2621 3073 2652 ³⁷
3105 2619 3582 2688 irreprehensibile
3632 2629 3741 2683 est,

2163 2710 2429 2766 catholica
2465 2710 2707 2766 defendit
2738 2710 3000 2766 Ecclesia.
3051 2708 3197 2763 Nulli
3237 2708 3551 2776 imperatori
3576 2709 3622 2741 "
3656 2710 3745 2763 vel

2164 2802 2402 2871 cuipiam
2435 2803 2693 2871 pietatem
2745 2801 3096 2865 custodienti,
3135 2802 3275 2855 ‘lieet
3310 2800 3511 2870 aliquid
3547 2808 3740 2854 contra

2164 2894 2420 2949 mandata
2477 2893 2661 2947 divina
2708 2908 3052 2963 praesumere.
3109 2892 3375 2960 lnjustum
3422 2906 3552 2961 ergo
3587 2891 3739 2960 judi-

2162 2985 2309 3038 cium
2343 2993 2398 3039 et
2423 2984 2673 3039 diﬁinitio
2698 2984 2924 3052 injusta,
2958 2985 3108 3052 regio
3132 2992 3279 3037 metu
3309 2992 3402 3038 aut
3426 2982 3608 3051 jussu,
3638 2995 3738 3038 aut

2163 3075 2541 3145 cujuscunque
2582 3075 2822 3144 episcopi
2851 3084 2946 3128 aut
2974 3077 3230 3144 potentis,
3278 3091 3307 3129 a
3331 3076 3608 3143 judicibus
3640 3090 3737 3129 or-

480 3180 640 3248 cujus
686 3189 870 3250 caput,
923 3151 999 3233 ιη’
1025 3180 1346 3249 praedictum
1397 3151 1501 3244 est;
1554 3151 1800 3234 ᾐοηηηε
1850 3151 2060 3236 “sisui
2090 3151 2130 3207 (ἶ
2163 3164 2349 3218 dinata
2371 3165 2455 3218 vel
2484 3174 2630 3228 acta,
2656 3181 2764 3219 non
2792 3165 2984 3218 valeat.
3018 3164 3235 3219 Homini
3266 3166 3520 3235 religioso
3547 3182 3743 3235 parum

478 3270 744 3341 Ecclesia.
786 3271 1061 3341 Quidquid
1102 3286 1234 3342 ergo
1261 3272 1303 3302 “
1330 3272 1449 3325 sine
1479 3272 1809 3326 discretione
1834 3272 2063 3340 justitiaa

479 3370 675 3418 contra
706 3363 869 3434 hujus
899 3365 1246 3435 disciplinam
1298 3374 1478 3420 actum
1519 3365 1713 3431 fuerit,
1745 3376 1925 3421 ratum
1962 3368 2059 3421 ha-

478 3454 593 3508 beri
626 3455 768 3509 ratio
801 3455 950 3509 nulla
976 3456 1263 3525 permittit.
1364 3482 1367 3485 λ

1249 3569 1314 3622 ll.

833 3679 911 3735 De
944 3680 1407 3735 criminationibus
1433 3682 1733 3736 doctorum.

549 3792 971 3848 Criminationes
996 3807 1124 3847 vero
1159 3801 1347 3847 contra
1379 3791 1658 3848 doctorem
1693 3809 1857 3850 nemo
1886 3798 2060 3851 susci-

478 3884 612 3955 piat,
649 3883 776 3952 quia
817 3898 926 3937 non
961 3889 1177 3951 Oportet
1215 3881 1356 3935 ﬁlios
1406 3882 1803 3951 reprehendere
1852 3896 2057 3954 patres,

479 3988 581 4029 nec
607 3988 796 4029 servos
825 3972 1079 4027 dominos
1102 3972 1361 4027 lacerare.
1397 3969 1522 4025 Filii
1552 3986 1685 4042 ergo
1711 3983 1839 4029 sunt
1864 3974 2054 4029 docto-

476 4079 624 4130 rum,
670 4076 862 4118 omnes
904 4076 1043 4132 quos
1091 4061 1393 4116 instruunt.
1444 4059 1512 4115 Et
1552 4062 1697 4116 sicut
1735 4062 1831 4117 ﬁlii
1878 4073 2058 4133 patres

478 4154 749 4229 carnales,
775 4153 856 4208 sic
884 4162 939 4207 et
967 4152 1023 4205 hi
1049 4161 1230 4221 patres
1251 4151 1452 4206 debent
1470 4150 1698 4221 diligere
1723 4152 2054 4223 spirituales.

477 4244 598 4300 Non
642 4246 790 4301 enim
838 4243 977 4297 bene
1017 4243 1173 4311 vivit,
1225 4243 1320 4313 qui
1372 4258 1485 4298 non
1536 4253 1683 4299 recte
1726 4245 1922 4309 credit,
1966 4255 2060 4300 aut

478 4345 662 4406 patres
723 4334 1090 4404 reprehendit,
1145 4334 1233 4389 vel
1287 4334 1523 4389 detrahit
1580 4350 1734 4390 suos.
1798 4335 2058 4390 Doctores

477 4444 631 4498 ergo,
664 4427 757 4496 qui
787 4436 841 4481 et
880 4434 1062 4495 patres
1088 4434 1373 4490 vocantur,
1409 4425 1583 4495 magis
1606 4426 1855 4495 portandi
1888 4442 2051 4495 quam

460 4512 911 4588 reprehendendi
948 4525 1103 4581 sunt,
1146 4517 1250 4572 nisi
1289 4517 1343 4570 in
1381 4525 1529 4571 recta
1576 4516 1680 4572 ﬁde
1723 4517 2049 4572 erraverint.

476 4608 672 4663 Nullus
697 4624 825 4679 ergo
847 4608 1127 4662 doctorem
1171 4622 1262 4674 per
1303 4607 1507 4675 scripta
1537 4617 1775 4674 accuset,
1815 4624 1917 4663 nec
1951 4607 2055 4663 nisi

476 4701 623 4755 ﬁdeli
647 4708 702 4754 et
728 4700 992 4768 legitimo,
1017 4699 1110 4767 qui
1142 4700 1304 4754 etiam
1336 4700 1862 4768 irreprehensibilem
1886 4700 2054 4755 vitam

477 4806 545 4847 ac
572 4790 1042 4845 conversationem
1096 4790 1281 4855 ducat,
1335 4790 1638 4844 accusatori
1692 4792 2053 4862 respondeat:

546 4936 570 4967 ⁸
590 4935 757 4991 Zach.
780 4952 901 5002 νιιι,
925 4934 1072 4991 l-l9.
1145 4936 1166 4967 ⁸
1193 4934 1249 4989 S.
1271 4934 1381 4989 Leo
1409 4937 1584 5004 ep.53
1603 4945 1656 4990 et
1678 4936 1767 4990 84.
1844 4935 1903 4988 ⁸1
1934 4935 2079 4990 Pctr.
2107 4952 2191 4990 ιιι.

1008 5005 1480 5086 “‘idrem'habetur
1500 5006 1656 5086 infra
1679 5007 1733 5086 in
1750 5006 1975 5086 Adfert}
2004 5005 2267 5086 Stephani
2300 5004 2334 5086 tl
2384 5014 2437 5086 et
2467 5005 2601 5057 Sixti
2634 5021 2784 5086 papa:
2813 5004 2897 5086 ill:

1049 5076 1091 5107 ³³
1117 5075 1253 5129 Sixti
1302 5077 1581 5129 sententiae.
1626 5077 1678 5140 6,
1715 5075 1835 5140 167,
1870 5075 1992 5145 18⁸9,
2025 5076 2060 5145 2

2233 5075 2275 5106 ¹⁸
2300 5074 2356 5129 S.
2378 5074 2497 5145 Leo
2529 5091 2613 5145 cp.
2647 5076 2736 5129 55.
2814 5076 2856 5107 ¹⁸
2882 5075 3043 5145 Eccl1
3062 5090 3214 5138 xvm,
3241 5076 3329 5130 '50.
3410 5076 3452 5106 ¹⁶
3476 5075 3732 5145 Prosperi

472 5007 496 5038 ’
517 5005 674 5060 Joan.
698 5022 775 5069 vl,
804 5005 896 5061 58.

476 5078 519 5108 ¹²
543 5075 702 5129 Prov.
733 5082 884 5139 xx‘vr,
913 5074 969 5128 4.

474 5145 775 5226 ἕρπει..202,
808 5161 875 5226 εξ
904 5144 1043 5226 aug.
1084 5145 1135 5197 in
1179 5160 1450 5226 ps_._nLll_V.“
1484 5146 1524 5176 ”
1552 5161 1748 5225 canuon.
1782 5139 2000 5226 ﬁctilis.
2026 5144 2247 5226 Niciam].

2162 3270 2284 3309 esse
2309 3255 2469 3309 debet
2499 3257 2542 3288 ¹⁹
2572 3255 2889 3310 inimicitias
2919 3255 3152 3309 aliorum
3202 3272 3309 3309 non
3345 3272 3620 3319 exercere,
3656 3258 3744 3312 vol

2163 3358 2363 3414 augere
2398 3344 2538 3398 male
2578 3344 2875 3415 loquendo,
2905 3344 3011 3398 nisi
3055 3347 3217 3399 etiam
3259 3360 3353 3400 eas
3392 3347 3745 3416 exstinguere

2161 3434 2298 3488 bene
2317 3433 2589 3504 loquendo
2613 3434 2901 3490 studuerit.
2929 3435 3118 3489 Melior
3145 3444 3227 3490 est
3249 3436 3294 3467 ”
3317 3437 3372 3490 in
3396 3437 3556 3490 malis
3581 3435 3740 3492 factis

2165 3521 2718 3588 humilisconfessio,
2745 3538 2910 3593 quam
2936 3523 2989 3577 in
3021 3523 3177 3577 bonis
3204 3523 3435 3593 superba
3468 3524 3737 3595 gloriatio.

2160 3610 2364 3667 Omnes
2405 3628 2533 3667 vero
2582 3614 2677 3683 qui
2728 3622 2915 3667 amant
2940 3615 2985 3645 “
3017 3614 3185 3668 vitam
3237 3615 3475 3680 beatam,
3529 3617 3734 3671 malum

2159 3717 2281 3757 eam
2322 3704 2734 3773 tranquillitatis
2782 3719 2896 3759 suae
2932 3714 2987 3759 et
3024 3705 3248 3774 justitize
3293 3714 3438 3760 statu
3490 3722 3736 3774 currere,

2158 3809 2323 3862 quam
2368 3803 2684 3849 nostrorum
2726 3805 3082 3864 peccatorum
3116 3797 3296 3866 poenis
3335 3798 3618 3854 ultricibus
3649 3800 3738 3854 in-

2162 3883 2440 3951 tcrpolari.
2488 3881 2696 3937 Memor
2731 3885 2878 3939 enim
2928 3900 3049 3939 sum
3079 3887 3148 3950 “,
3193 3901 3283 3941 me
3324 3886 3427 3942 sub
3456 3887 3602 3944 illius
3634 3903 3739 3944 oo-

2161 3973 2309 4026 mine
2337 3974 2597 4029 Ecclesiae
2646 3974 2935 4042 praesidere
2959 3974 3092 4045 (39),
3126 3976 3285 4046 cujus
3320 3991 3351 4030 a
3378 3975 3608 4031 Domino
3636 3993 3739 4033 uo-

2159 4074 2277 4117 stro
2298 4062 2425 4119 Jesu
2458 4063 2678 4119 Christo
2714 4075 2798 4120 est
2832 4066 3131 4135 gloriﬁcata
3176 4065 3469 4134 confessio,
3497 4077 3550 4123 et
3577 4069 3738 4137 cujus

2158 4155 2296 4209 ﬁdes
2342 4169 2536 4210 omnes
2581 4170 2795 4225 semper
2832 4157 3069 4211 destruit
3113 4171 3351 4213 errores.
3400 4155 3466 4211 Et
3496 4159 3747 4230 intelligo

2157 4244 2316 4298 aliter
2367 4244 2505 4299 mihi
2559 4260 2672 4299 non
2724 4245 2911 4312 licere,
2955 4261 3122 4316 quam
3172 4256 3235 4301 ut
3274 4261 3466 4303 omnes
3504 4259 3745 4305 conatus.

2159 4350 2313 4391 meos
2356 4337 2407 4391 ei
2443 4352 2659 4403 causas,
2700 4336 2754 4390 in
2789 4352 2897 4406 qua
2932 4337 3260 4393 universalis
3293 4336 3551 4393 Ecclesiae
3584 4339 3738 4395 salus

2159 4425 2471 4493 infestatur,
2521 4426 2856 4495 impendam.
2911 4426 3083 4496 Spero
3120 4439 3300 4482 autem
3352 4428 3661 4484 adfuturam
3686 4431 3739 4463 ⁸³

2158 4517 2588 4571 misericordiam
2615 4517 2899 4586 Dei,§quod
2925 4529 3253 4587 cooperante
3275 4519 3395 4589 ejus
3420 4520 3735 4585 clementia,

2159 4608 2339 4663 omnis
2381 4606 2605 4675 pestifer
2655 4608 2913 4672 morbus,
2958 4607 3077 4676 ipso
3117 4608 3367 4677 pellente,
3416 4608 3733 4666 auferatur.

2159 4709 2213 4753 et
2236 4698 2501 4768 quidquid
2534 4698 2653 4767 ipso
2692 4698 2992 4766 inspirante
3022 4709 3184 4768 atque
3210 4699 3509 4754 auxiliante
3532 4702 3740 4771 poterit

2161 4789 2452 4845 salubriter
2498 4789 2637 4856 ﬁeri,
2680 4804 2808 4846 cum
2845 4800 2952 4844 tua:
2977 4788 3102 4845 ﬁdei
3131 4799 3186 4845 et
3222 4791 3528 4847 devotionis
3569 4792 3735 4849 laude

2274 4938 2277 4943 ’
2303 4935 2526 4990 'distin.
2552 4935 2655 4989 ηε
2684 4933 2802 4989 Non
2836 4935 2992 4991 decet
3024 4951 3054 4990 a
3082 4935 3277 5005 capite.
3385 4936 3407 4968 ⁸
3436 4935 3604 4991 lCor.
3629 4953 3731 4991 xu.

2317 5004 2334 5057 l
2384 5014 2437 5058 et
2467 5005 2601 5057 Sixti
2634 5021 2784 5062 Dante
2813 5004 2897 5060 Ill.
3003 5007 3041 5037 “
3072 5006 3296 5061 Adrian.
3324 5006 3451 5061 coll.
3491 5007 3525 5060 '5
3558 5016 3611 5062 et
3638 5007 3731 5061 67.

3120 5021 3296 5061 anan.
3324 5021 3451 5061 COII.
3491 5021 3525 5060 ἑ)
3558 5021 3611 5061 ΘΙ.
3638 5021 3731 5061 Ol.

2347 5144 2392 5175 ¹⁸
2419 5159 2573 5216 c_onc_.
2596 5144 2752 5197 Rom.
2774 5160 2856 5216 vr,
2888 5143 3343 5216 subSymmaclio
3375 5160 3536 5216 papa,
3558 5143 3643 5216 ll,
3670 5162 3729 5214 q.

473 5216 527 5276 5,
555 5214 819 5284 lnjustum
840 5208 1244 5282 judicium,elc.'
1263 5217 1303 5246 ³³
1328 5213 1384 5267 S.
1410 5214 1665 5284 Prosperi
1698 5221 1838 5284 sent.
1867 5213 1989 5278 179,
2017 5231 2081 5268 ex
2100 5214 2328 5284 iS.Aug.
2349 5229 2402 5267 Ix
2422 5208 2732 5267 Confess.c.
2762 5214 2815 5268 9.
2842 5208 2849 5211 ⁷
2894 5217 2939 5247 ³ο
2961 5208 3204 5284 ejusdem
3234 5229 3299 5266 ex
3326 5208 3535 5268 eddém'
3555 5215 3609 5267 in
3630 5208 3726 5282 ps.

472 5283 628 5337 acui.
703 5285 746 5315 “
777 5283 1046 5350 S.§Ambr.
1080 5284 1290 5352 cp.[2l.

473 5352 735 5408 detractis
777 5353 1047 5407 additisve
1072 5354 1402 5422 quibusdam
1448 5353 1799 5420 interpolata.

545 5462 663 5531 (58)
718 5463 874 5518 Nulli
917 5483 1034 5519 vero
1082 5466 1321 5521 dubium.
1393 5466 1697 5520 Romanam
1753 5465 2050 5522 Ecclesiam

472 5542 807 5605 matremget
837 5545 999 5605 caput
1041 5551 1164 5592 esse
1201 5539 1447 5590 omnium
1508 5536 1741 5589 aliarum
1783 5535 2052 5590 Ecclesia-

474 5617 621 5667 rum,
653 5603 875 5659 evidens
904 5603 1285 5660 testimonium
1324 5613 1512 5659 notatu
1549 5604 1931 5671 dignissimum
1965 5606 2053 5661 hic

473 5672 750 5744 traditur:
784 5674 940 5744 plura
990 5675 1302 5728 testimonia
1337 5676 1455 5730 vide
1495 5674 1638 5744 apud
1673 5672 1928 5729 Bcllarm.
1977 5674 2052 5729 De

472 5740 629 5798 Rom.
662 5751 809 5811 pont.
838 5742 967 5798 Ssv.
1000 5744 1204 5797 BINIUS.

1368 5286 1412 5316 ²²
1437 5283 1494 5338 S.
1522 5281 1633 5337 Leo
1659 5298 1743 5354 ep.
1773 5283 1864 5336 52.
1940 5283 1985 5314 ³³
2009 5284 2065 5337 S.
2094 5283 2204 5340 Leo
2233 5281 2319 5354 ep.
2363 5283 2452 5347 5i,
2509 5286 2667 5352 cujus
2702 5284 2863 5337 verba
2905 5294 2964 5338 ut
2992 5281 3409 5351 praecedentium
3440 5281 3728 5338 auctorum

2231 5466 2342 5537 (39)
2371 5466 2575 5537 Memor
2593 5466 2733 5537 enim
2754 5479 2893 5527 sum,
2917 5481 2998 5517 me
3025 5463 3129 5537 sub
3146 5463 3300 5537 illius
3324 5465 3530 5517 nomine
3554 5463 3731 5517 Eccle-

2157 5532 2253 5617 illi
2286 5533 2931 5617 praesidere-aliumanum
2980 5532 3291 5617 pontiﬁcem
3351 5548 3726 5617 successorem

2156 5601 2302 5659 Petri
2354 5619 2505 5663 esse.
2556 5603 2644 5657 hic
2695 5601 2999 5658 indicatur:
3046 5601 3208 5655 Plura
3264 5603 3573 5657 testimonia
3603 5603 3728 5656 vide

2158 5676 2298 5743 apud
2328 5672 2639 5743 Bellarmin.
2688 5671 2760 5724 De
2798 5670 3025 5743 Roman.
3069 5682 3214 5740 pont.
3266 5672 3360 5727 lib.
3391 5687 3450 5738 ιι,
3485 5688 3604 5743 cap.
3640 5674 3730 5737 li,

2159 5742 2211 5799 et
2245 5743 2428 5796 multis
2458 5742 2579 5795 aliis
2606 5742 2974 5811 sequentibus.
3015 5742 3087 5796 lo.
