4074 6434
492 368 595 422 12⁸1

1796 354 1852 407 S.
1887 346 2207 407 CALLISTI
2248 347 2267 398 l
2306 343 2508 398 PAP/E

3637 332 3740 389 128

492 499 598 541 nec
645 482 831 554 aliquo
878 478 1269 536 dominationis
1320 477 1496 542 fastu,
1538 474 1636 531 sed
1671 473 1977 528 humillima
2015 477 2070 524 et
2098 472 2145 529 Α
2176 463 2445 520 Domino:
2481 462 2538 518 Si
2572 462 2829 554 persecuti
2866 475 2952 513 vos
2998 459 3195 554 [ueri-nt
3236 457 3289 554 in
3337 471 3442 508 una
3488 453 3736 554 civitate,

494 575 756 630 concordi
787 571 1288 634 administratione,
1323 570 1469 625 sicut
1497 567 1761 620 Dominus
1784 564 1904 619 ait:
1944 560 2066 615 Non

487 666 612 720 peni
643 663 971 725 ministrari,
1001 660 1089 713 sed
1112 660 1413 711 ministrare
1440 658 1503 710 ³³.
1529 654 1591 708 Et
1622 655 1746 708 alibi
1780 672 1793 707 :
1824 652 1927 717 Qui
1954 668 2068 704 ma-

485 769 582 821 ]or
612 760 689 806 est
722 761 981 814 vestrum,
1016 750 1117 802 erit
1146 747 1387 800 minister
1420 754 1587 800 vester
1619 745 1686 808 “,
1721 752 1778 797 et
1830 743 2061 811 reliqua.

495 840 763 896 Similiter
801 851 853 895 et
893 840 993 908 ipsi
1035 837 1524 906 comprovincialcs
1577 835 1819 905 episcopi
1868 840 2067 887 cuncta

500 947 627 985 cum
665 931 788 1000 ejus
829 929 1087 993 consilio,
1122 928 1227 982 nisi
1270 936 1536 996 quantum
1568 928 1633 980 ad
1662 925 1912 996 proprias
1940 939 2063 993 per-

494 1023 633 1077 tinet
660 1021 977 1092 parochias,
1007 1028 1201 1090 agant,
1230 1020 1390 1089 juxta
1424 1026 1737 1073 sanctorum
1771 1016 2067 1070 constituta

494 1124 705 1184 patrum
757 1112 888 1182 (qui
944 1112 1197 1182 quamvis
1225 1113 1409 1180 aliquo
1442 1120 1748 1178 temporum
1781 1107 2067 1160 intervallo

494 1218 596 1258 nos
620 1202 1036 1263 antecesserint,
1060 1201 1127 1254 ab
1158 1216 1266 1254 uno
1297 1209 1476 1253 tamen
1495 1200 1796 1267 eodemque
1814 1196 2066 1265 puritatis

492 1292 674 1357 fonte,
708 1292 953 1345 veritatis
978 1300 1033 1345 et
1062 1291 1184 1343 fidei
1219 1292 1399 1343 lumen
1430 1290 1763 1350 hauserunt,
1792 1294 1847 1340 et
1871 1286 2062 1341 eodem

495 1384 830 1438 illustratore
856 1392 910 1435 et
938 1384 1208 1435 dircctore
1237 1382 1451 1449 spiritu,
1480 1379 1737 1434 Ecclesia:
1766 1378 1859 1431 Dei
1890 1376 2062 1431 stabi-

491 1473 780 1528 limentum
805 1514 820 1538 ,
861 1482 916 1526 et
955 1473 1201 1527 omnium
1235 1471 1676 1526 Christianorum
1719 1483 2064 1522 communem

490 1564 861 1635 quaesiverunt
899 1564 1188 1638 utilitatem
1224 1563 1269 1593 “
1294 1563 1342 1627 ),
1385 1571 1445 1613 ut
1474 1575 1584 1615 uno
1622 1560 1806 1613 animo
1846 1560 1911 1625 δ’,
1957 1575 2067 1613 uno

490 1671 585 1709 ore
614 1654 959 1708 concorditer
991 1663 1178 1709 sancta
1212 1652 1548 1723 gloriﬁcetur
1583 1649 1828 1705 Trinitas
1863 1651 1917 1705 in
1958 1667 2062 1705 sa:-

488 1746 633 1800 cula.
666 1744 860 1799 Nullus
900 1748 1140 1814 primas,
1183 1745 1367 1799 nullus
1406 1742 1898 1811 metropolitanus,
1943 1743 2065 1797 nul-

2169 560 2335 629 {ugite
2362 559 2417 612 in
2444 557 2611 612 aliam
2636 557 2701 608 δ’.
2740 553 2796 607 Si
2843 560 3023 606 autem
3074 550 3320 604 utilitatis
3364 560 3530 601 causa
3575 543 3739 598 fuerit

2169 649 2465 704 mutandus
2494 647 2563 711 ",
2609 659 2717 699 non
2770 659 2864 713 per
2893 657 2951 695 se
2993 641 3099 694 hoc
3139 647 3298 708 agat,
3339 637 3430 695 sed
3475 635 3737 691 fratribus

2176 737 2532 791 invitantibus
2552 776 2567 799 ,
2602 742 2657 788 et
2687 732 3012 787 auctoritate
3042 729 3206 798 hujus
3246 738 3448 781 sancte
3479 726 3623 782 sedis
3647 723 3735 779 ia-

2166 831 2303 894 ciat,
2333 844 2440 883 non
2472 827 2708 882 ambitus
2734 838 2899 879 causa
2920 864 2935 887 ,
2970 822 3063 877 sed
3095 819 3361 875 utilitatis.

2908 953 3000 1008 Ν.

2168 1051 2243 1105 De
2279 1049 2728 1120 conjunctionibus
2764 1045 3270 1120 consanguineorum
3288 1058 3320 1120 ,'_
3347 1048 3398 1094 et
3435 1040 3498 1094 de
3527 1040 3620 1120 iis,
3650 1039 3740 1107 qui

2234 1138 2299 1176 ea:
2330 1110 2403 1174 eis
2438 1129 2750 1184 nascuntur,
2788 1127 2835 1171 et
2871 1118 2935 1169 de
2966 1110 3397 1166 accusationibus
3430 1126 3560 1179 quas
3602 1110 3737 1179 leges

2238 1193 2507 1259 rejiciunt.

2237 1281 2670 1350 Conjunctioues
2696 1286 2873 1331 autem
2902 1273 3432 1343 consanguineorum
3467 1269 3581 1325 fieri
3610 1283 3737 1338 pro-

2169 1373 2425 1427 bibentur
2454 1374 2523 1437 δ’,
2553 1370 2774 1441 quando
2809 1368 2908 1421 has
2935 1374 2990 1420 et
3019 1365 3219 1419 divina:
3242 1373 3296 1418 et
3324 1362 3508 1418 saeculi
3540 1360 3733 1431 prohi-

2164 1466 2293 1520 bent
2327 1465 2491 1536 leges.
2532 1463 2701 1533 Leges
2733 1476 2862 1530 ergo
2893 1458 3089 1513 divina:
3112 1456 3218 1511 hoc
3247 1462 3469 1524 agentes
3494 1494 3509 1519 ,
3540 1462 3594 1507 et
3637 1467 3734 1507 eos

2164 1557 2255 1627 qui
2297 1572 2361 1609 ex
2402 1554 2483 1609 eis
2522 1554 2832 1623 prodeunt,
2871 1565 2979 1603 non
3020 1550 3195 1603 solum
3245 1547 3506 1617 ejiciunt,
3546 1544 3640 1600 sed
3679 1553 3735 1599 et

2166 1643 2485 1697 maledictos
2522 1641 2813 1711 appellant.
2854 1638 3025 1707 Leges
3061 1652 3193 1706 ergo
3233 1635 3418 1691 saeculi
3442 1674 3456 1699 ,
3500 1633 3734 1687 infames

2168 1733 2307 1787 tales
2336 1739 2533 1801 vocant
2553 1772 2567 1794 ,
2604 1738 2658 1783 ct
2688 1729 2755 1782 ab
2785 1727 3098 1781 haircditate
3131 1725 3420 1794 repellunt.
3462 1722 3572 1778 Nos
3600 1738 3733 1777 vero

489 1836 689 1904 Iusque
720 1836 1057 1904 reliquorum
1091 1837 1475 1905 episcoporum
1494 1874 1509 1899 ,
1539 1833 1765 1889 alterius
1796 1834 1954 1889 adeat
1984 1835 2057 1888 ci-

2164 1829 2452 1890 sequcntes
2489 1828 2670 1889 patres
2700 1828 2946 1881 nostros,
2980 1824 3036 1871 et
3062 1830 3253 1870 eorum
3280 1814 3524 1886 vestigiis
3551 1813 3729 1867 inhae-

486 1926 711 1980 vitatem
733 1969 748 1991 ,
776 1934 869 1980 aut
893 1927 958 1981 ad
984 1928 1387 1996 possessionem
1415 1925 1669 1989 accedat,
1692 1940 1813 1995 quae
1840 1924 1907 1979 ad
1933 1940 2059 1979 eum

487 2031 597 2070 non
625 2017 890 2087 pertinet,
919 2025 972 2071 et
1000 2017 1227 2071 alterius
1251 2016 1490 2087 episcopi
1520 2024 1605 2071 est
1632 2016 1905 2085 parochiae
1923 2056 1937 2080 ,
1966 2031 2061 2069 su-

487 2123 586 2177 per
630 2107 956 2177 cujusquam
1000 2107 1396 2176 dispositione,
1446 2106 1551 2161 uisi
1596 2116 1825 2161 vocatus
1858 2107 1925 2161 ab
1954 2122 2056 2170 eo,

488 2196 651 2263 cujus
673 2194 818 2262 juris
850 2211 972 2250 esse
999 2196 1342 2265 dignoscitur
1369 2214 1382 2261 ;
1420 2206 1513 2251 aut
1543 2198 1839 2266 quidquam
1870 2193 2065 2253 ibidis-

488 2292 676 2356 ponat,
759 2285 844 2339 vel
877 2285 1110 2350 ordinet,
1148 2296 1242 2339 aut
1273 2285 1515 2355 judicet,
1546 2288 1590 2341 si
1620 2287 1704 2342 sui
1732 2286 1935 2357 gradus
1962 2288 2060 2339 ho-

486 2389 622 2428 nore
652 2374 815 2443 potiri
846 2375 1098 2428 voluerit.
1136 2374 1231 2430 Sin
1259 2378 1415 2430 aliter
1441 2378 1867 2446 praesumpserit,
1912 2378 2061 2432 dam-

486 2464 712 2517 nabitur
737 2482 751 2530 ;
778 2475 831 2519 et
862 2481 968 2519 non
999 2466 1177 2519 solum
1208 2466 1317 2532 ille,
1344 2468 1436 2522 sed
1463 2479 1872 2537 cooperatores,
1899 2469 2059 2537 eique

489 2555 898 2609 consentientes
928 2574 941 2608 :
983 2556 1111 2625 quia
1145 2556 1289 2611 sicut
1318 2557 1594 2611 ordinatio
1615 2598 1629 2622 ,
1668 2557 1742 2612 ita
1772 2558 1854 2613 eis
1884 2566 1938 2611 et
1965 2558 2057 2627 ju-

487 2644 690 2700 dicatio
719 2645 783 2712 ⁸⁸,
824 2656 880 2701 et
906 2647 1142 2701 aliarum
1173 2664 1357 2702 rerum
1390 2648 1678 2718 dispositio
1711 2650 2054 2718 prohibetur.

484 2733 620 2789 Nam
659 2736 752 2805 qui
793 2737 1047 2792 ordinare
1076 2752 1185 2791 non
1213 2738 1444 2807 poterit,
1471 2739 1707 2807 qualiter
1742 2739 2058 2808 judicabit?

483 2824 811 2882 Nullatenus
859 2829 1050 2897 procul
1100 2827 1270 2882 dubio
1313 2828 1618 2897 jndicabit,
1674 2838 1768 2883 aut
1810 2830 2058 2899 judicare

482 2918 722 2987 poterit;
758 2918 1017 2987 quoniam
1056 2918 1201 2972 sicut
1238 2918 1463 2973 alterius
1502 2934 1642 2973 uxor
1674 2918 1740 2984 ",
1774 2935 1877 2974 nec
1902 2921 2057 2975 adul-

486 3009 658 3063 terari
693 3009 762 3063 ab
799 3008 1013 3077 aliquo,
1055 3009 1139 3062 vel
1173 3008 1411 3077 judicari
1449 3017 1544 3063 aut
1580 3009 1838 3079 disponi,
1878 3011 1987 3066 nisi
2026 3030 2056 3065 a

482 3098 707 3167 proprio
739 3097 882 3162 viro,
913 3113 979 3152 eo
1009 3099 1242 3162 vivente,
1278 3098 1611 3165 permittitur
1637 3117 1651 3153 :
1687 3100 1766 3154 sic
1795 3115 1894 3155 nec
1921 3116 2057 3154 uxor

481 3188 724 3257 episcopi
752 3188 884 3258 (45),
917 3203 1038 3257 quae
1067 3188 1186 3257 ejus
1223 3187 1467 3243 Ecclesia
1495 3189 1579 3244 vel
1610 3189 1867 3258 parochia
1899 3189 2057 3245 indu-

482 3280 724 3336 bitanter
748 3281 1088 3351 intelligitur,
1116 3295 1181 3335 eo
1204 3281 1446 3345 vivente,
1473 3280 1681 3350 absque
1706 3281 1826 3350 ejus
1848 3281 2055 3351 judicio

484 3382 540 3428 et
577 3373 887 3439 voluntate,
931 3373 1086 3427 alteri
1119 3373 1355 3442 judicari
1391 3372 1475 3426 vel
1511 3372 1763 3441 disponi,
1805 3380 1901 3427 aut
1937 3374 2057 3442 ejus

484 3464 777 3519 concubitu
809 3463 947 3530 frui,
979 3464 1029 3518 id
1059 3471 1143 3518 est
1163 3504 1178 3528 ,
1213 3462 1557 3518 ordinatione
1581 3502 1598 3527 ,
1626 3462 1897 3517 ullatenus
1926 3479 2055 3518 cou-

484 3556 714 3611 ceditur.
740 3553 895 3609 Unde
917 3555 994 3609 ait
1013 3554 1306 3622 Apostolus
1334 3572 1346 3606 :
1378 3552 1619 3622 Alligata
1651 3561 1731 3606 est
1754 3569 1893 3607 uxor
1915 3552 2017 3621 legi
2038 3593 2052 3615 ,

482 3646 719 3716 quamliu
745 3647 823 3698 vir
846 3645 960 3714 ejus
988 3645 1111 3699 virit
1134 3661 1153 3708 ;
1179 3660 1238 3697 eo
1265 3659 1381 3697 vero
1405 3644 1673 3712 defuncto,
1703 3643 1881 3697 soluta
1909 3654 1984 3696 est
2023 3662 2055 3696 a

485 3737 594 3806 lege
617 3736 717 3790 viri
733 3736 797 3791 ⁸⁸.
825 3734 1089 3790 Similiter
1115 3741 1168 3787 et
1194 3746 1396 3803 sponsa
1417 3732 1659 3802 episcopi
1686 3734 1836 3803 (quia
1857 3747 2054 3801 sponsa

488 3843 733 3894 uxorque
757 3828 876 3897 ejus
903 3827 1098 3882 dicitur
1137 3828 1400 3898 Ecclesia)
1427 3827 1519 3880 illo
1550 3825 1764 3878 vivente
1788 3825 1837 3877 ei
1866 3832 1949 3878 est
1978 3825 2057 3877 al—

484 3921 686 3990 ligata;
713 3935 779 3974 eo
806 3935 936 3974 vero
960 3918 1239 3981 defuncto,
1268 3917 1441 3971 soluta
1468 3924 1569 3979 est,
1598 3923 1651 3969 et
1676 3914 1764 3968 cui
1789 3913 2052 3973 voluerit.

482 4011 682 4075 nubat,
725 4018 934 4064 tantum
975 4010 1030 4063 in
1070 4008 1331 4074 Domino,
1374 4008 1425 4061 id
1460 4014 1575 4072 est,
1604 4004 1947 4075 regulariter.
1997 4003 2055 4058 Si

481 4102 624 4156 enim
643 4144 658 4168 ,
685 4116 749 4156 eo
772 4102 1019 4166 vivente,
1049 4101 1201 4155 alteri
1231 4099 1496 4169 nupserit,
1545 4096 1791 4151 adultera
1839 4095 2056 4165 judica-

486 4187 652 4241 bitur.
699 4185 962 4242 Similiter
988 4196 1043 4242 et
1083 4188 1171 4242 ille
1191 4227 1205 4250 ,
1252 4187 1299 4240 si
1327 4186 1553 4240 alteram
1585 4193 1779 4254 sponte
1806 4183 2051 4249 duxerit,

482 4278 692 4332 adulter
719 4279 1100 4341 aestimabitur,
1133 4288 1187 4332 et
1214 4277 1604 4332 communione
1632 4275 1962 4345 privabitur.
1997 4274 2054 4328 Si

482 4380 664 4424 autem
695 4379 1013 4439 persecutus
1045 4370 1206 4425 fuerit
1230 4370 1285 4423 in
1314 4385 1413 4423 sua
1442 4367 1706 4433 Ecclesia,
1738 4366 2051 4435 fugiendum

2162 1921 2343 1967 rentes
2364 1954 2379 1978 ,
2414 1909 2640 1964 infamia
2664 1924 2760 1963 eos
2790 1918 3043 1962 notamus
3061 1946 3076 1971 ,
3104 1915 3157 1961 et
3186 1905 3418 1961 infames
3446 1919 3570 1959 esse
3595 1918 3728 1959 cen-

2161 2016 2345 2055 semus
2364 2043 2376 2067 ,
2408 2000 2535 2070 quia
2564 1998 2803 2053 infamia:
2830 1996 3058 2051 maculis
3084 2004 3213 2051 sunt
3240 1995 3469 2066 aspersi.
3499 1993 3608 2050 Nec
3632 2008 3729 2049 eos

2161 2092 2335 2155 viros,
2374 2105 2473 2145 nec
2509 2089 2886 2144 accusationes
2920 2101 3137 2147 eorum.
3176 2100 3318 2155 quos
3354 2086 3501 2156 leges
3539 2084 3732 2139 saeculi

2161 2181 2414 2250 rejiciunt
2434 2219 2448 2244 ,
2480 2179 2757 2248 suscipere
2790 2178 3071 2232 debemus.
3107 2175 3287 2247 (Quis
3314 2176 3458 2230 enim
3488 2174 3732 2239 dubitat,

2161 2272 2305 2339 leges
2339 2272 2640 2335 humanas,
2673 2270 2870 2324 rationi
2901 2279 2955 2324 et
2984 2268 3254 2323 honestati
3282 2282 3390 2321 non
3423 2281 3734 2337 repugnan-

2161 2370 2239 2413 tes
2260 2401 2275 2425 ,
2310 2376 2430 2414 esse
2461 2359 2863 2428 amplectendas
2884 2399 2900 2423 ,
2932 2359 3233 2428 praesertim
3265 2358 3356 2413 ubi
3390 2358 3474 2411 vel
3502 2356 3735 2426 publica:

2164 2450 2459 2504 consulunt
2496 2450 2721 2503 utilitati
2762 2450 2844 2503 vel
2883 2449 3270 2503 ecclesiastica:
3306 2448 3589 2518 dignitatis
3627 2462 3730 2502 au-

2159 2540 2466 2595 ctoritatem
2529 2540 2862 2606 defendunt,
2915 2556 2981 2595 ac
3040 2555 3139 2609 pro
3191 2540 3523 2596 adminiculo
3574 2547 3734 2594 tuen-

2161 2642 2248 2686 tur
2282 2632 2418 2698 "?)
2482 2631 2587 2686 Eos
2650 2641 2831 2686 autem
2893 2631 3332 2701 consanguineos
3382 2631 3618 2685 dicimus
3646 2630 3730 2693 ⁸³.

2158 2738 2297 2788 quos
2363 2723 2565 2776 divina:
2618 2732 2672 2775 et
2729 2723 3156 2790 imperatorum,
3220 2736 3287 2779 ac
3356 2720 3730 2775 Romanorum

2158 2823 2323 2882 atque
2354 2812 2668 2867 Gra‘corum
2705 2814 2751 2845 “
2781 2814 2926 2882 leges
2958 2812 3396 2882 consanguineos
3426 2811 3731 2881 appellant,

2159 2911 2213 2955 et
2265 2905 2319 2957 in
2362 2902 2731 2957 harrcditatem
2771 2904 3113 2973 suscipiunt,
3155 2918 3255 2958 nec
3292 2902 3551 2971 repellere
3604 2917 3736 2972 pos-

2160 3001 2310 3046 sunt.
2364 2992 2577 3047 Talium
2635 2994 2780 3047 enim
2840 2994 3258 3060 coujuuctiones
3314 3009 3414 3048 nec
3476 2993 3734 3062 legitima:

2161 3092 2321 3146 sunt,
2362 3100 2463 3138 nec
2514 3099 2737 3139 manere
2777 3093 3039 3154 possunt,
3083 3085 3176 3139 sed
3215 3093 3344 3140 sunt
3384 3084 3727 3153 repellendae.

2162 3169 2267 3237 (Et
2297 3171 2343 3224 si
2381 3187 2501 3239 quae
2530 3186 2667 3225 ausu
2710 3174 3004 3226 temerario
3045 3181 3267 3227 tentata:
3302 3173 3444 3238 sint,
3486 3172 3730 3228 auctori-

2163 3269 2274 3316 tate
2306 3264 2604 3331 apostolica
2637 3265 3007 3320 rescindenda:
3039 3265 3268 3319 veniunt
3293 3266 3410 3334 ⁸⁸.)

2916 3398 2979 3454 V.

2162 3507 2266 3573 Qui
2308 3525 2411 3561 non
2454 3508 2674 3562 debeant
2726 3509 2937 3562 admitti
2986 3510 3054 3562 ad
3096 3509 3505 3573 accusationem,
3548 3512 3627 3565 vel
3660 3512 3731 3562 ad

2231 3580 2589 3631 testimonium
2618 3594 2751 3650 :nec
2790 3580 2893 3650 nisi
2914 3579 2975 3630 de
2996 3579 3063 3632 iis
3086 3596 3202 3650 quas
3230 3580 3281 3633 in
3304 3581 3586 3646 prwsentia
3610 3592 3731 3633 acta

2228 3659 2372 3712 sunt,
2402 3649 2756 3701 testimonium
2780 3649 3037 3701 dandum.

2229 3736 2492 3805 Quisquis
2521 3753 2650 3807 ergo
2678 3753 2784 3791 non
2812 3749 2896 3792 est
2925 3738 3164 3807 legitime
3189 3739 3517 3808 conjunctus
3544 3739 3614 3806 ",
3642 3739 3733 3794 vel

2160 3821 2363 3890 absque
2393 3822 2559 3876 dotali
2596 3824 2753 3877 titulo
2779 3840 2842 3879 ac
2867 3825 3247 3881 benedictione
3274 3828 3575 3883 sacerdotis
3600 3843 3733 3883 con-

2161 3921 2270 3965 stat
2300 3915 2615 3982 copulatus,
2649 3915 2961 3970 sacerdotes
2993 3917 3076 3969 vel
3124 3916 3361 3986 legitime
3404 3919 3730 3988 coniunctos

2162 4002 2475 4070 criminari,
2524 4004 2607 4058 vel
2664 4006 2716 4058 in
2762 4020 2858 4060 eos
2914 4006 3193 4061 testiﬁcari
3243 4009 3467 4063 minime
3515 4019 3725 4079 potest,

2171 4096 2432 4162 quoniam
2465 4097 2646 4150 omnis
2680 4097 2874 4152 incesti
2925 4098 3139 4152 macula
3185 4099 3427 4168 pollutus
3472 4100 3728 4167 infamis,

2157 4196 2242 4241 est
2261 4228 2277 4253 ,
2307 4195 2359 4241 et
2391 4202 2653 4243 accusare
2681 4189 3025 4257 supradictos
3055 4203 3163 4243 non
3194 4190 3550 4259 permittitur.
3609 4190 3730 4245 Non

2161 4278 2336 4332 solum
2368 4293 2499 4348 ergo
2546 4279 2600 4332 lii
2634 4279 2914 4347 rejiciendi
2955 4288 3083 4334 sunt
3122 4289 3175 4335 et
3212 4280 3444 4335 infames
3480 4281 3730 4336 efficiun-

2161 4379 2269 4437 tur,
2305 4372 2399 4426 sed
2432 4372 2596 4426 etiam
2632 4388 2824 4427 omnes
2858 4374 2939 4427 eis
2979 4374 3405 4429 consentientes.
3458 4372 3728 4428 Similiter

484 4460 561 4514 illi
590 4469 675 4515 est
712 4460 781 4515 ad
810 4462 1033 4515 alteram
1057 4500 1075 4527 ,
1120 4462 1278 4531 eique
1306 4469 1389 4516 est
1427 4460 1816 4527 aSSOciandus,
1842 4460 2053 4515 dicente
2086 4464 2128 4518 D
2157 4464 2225 4517 de
2254 4464 2574 4534 raptoribus
2596 4504 2609 4528 .
2639 4466 2724 4519 vel
2754 4466 2834 4519 eis
2866 4466 2961 4535 qui
2994 4466 3239 4521 seniores
3266 4468 3534 4537 impctunt
3554 4508 3569 4535 ,
3613 4467 3732 4521 fieri

551 4593 595 4667 5'
615 4591 1046 4667 Matth._xs,_28.
1122 4591 1167 4667 f‘
1192 4589 1419 4667 Ma_rc._x
1440 4633 1455 4659 ,
1484 4592 1575 4649 .15.
1651 4590 1699 4622 “
1721 4606 1844 4667 qua;
1875 4594 2085 4667 ansulis
2116 4596 2305 4667 clausa
2339 4606 2500 4662 sunt,
2534 4613 2640 4651 non
2676 4598 2930 4667 leguntur
2956 4599 3009 4653 in
3054 4617 3103 4655 c.
3144 4600 3285 4657 Just.
3313 4600 3388 4655 lta
3418 4612 3471 4656 et
3511 4603 3563 4655 in
3597 4602 3731 4658 Luc.

481 4662 528 4733 ξε
558 4663 688 4733 Adr.
720 4662 976 4733 eoll._43,
1001 4677 1094 4733 qq.
1125 4662 1422 4733 interiectis
1477 4676 1506 4715 a
1532 4662 1926 4733 superioribus
1980 4665 2158 4733 verbis
2187 4668 2454 4733 sejuncta.
2492 4668 2546 4721 In
2583 4662 2788 4721 Decret.
2821 4668 2966 4722 lvon.
3004 4670 3039 4722 l.
3078 4687 3144 4723 iv.

2122 4734 2165 4765 ⁸9
2195 4734 2384 4790 Matth.
2418 4753 2483 4801 κ,
2512 4738 2602 4790 ‘23.
2678 4738 2723 4768 ⁸ο
2753 4738 2809 4791 lu
2841 4738 3049 4793 Decret.
3083 4742 3230 4795 lvon.
3263 4741 3299 4795 l.
3334 4757 3415 4796 ιιι.

480 4731 526 4765 ⁸⁷
560 4732 610 4795 7,
641 4748 695 4801 q.
735 4734 757 4785 1
796 4749 809 4785 ;
842 4732 996 4801 Sicut
1024 4731 1247 4785 alterius
1270 4746 1425 4786 uxor.
1528 4732 1572 4763 ⁸⁸
1624 4731 1781 4785 Rom.
1838 4748 1948 4798 vn,
1989 4732 2042 4787 8.

3228 4671 3272 4702 ‘°
3320 4671 3452 4726 Adr.
3484 4673 3609 4727 coll.
3643 4676 3730 4725 lti.

3228 4783 3230 4793 ι
3263 4741 3299 4795 l.
3334 4757 3415 4795 ιιι.
3547 4743 3590 4773 ⁵¹
3625 4742 3730 4795 55.

481 4817 535 4870 q.
567 4801 636 4865 2,
659 4799 725 4855 ’5
773 4819 787 4855 :
844 4799 1270 4881 Qonjunctiones
1307 4802 1877 4881 consanguineorum.
2035 4804 2233 4881 absunt
2260 4821 2290 4881 ξι
2331 4821 2434 4861 ms.
2459 4799 2619 4881 _‘Ju_st.
2662 4815 2716 4860 et
2750 4824 2778 4863 a
2814 4807 2959 4881 Luc._
3026 4810 3072 4841 ⁸³
3100 4811 3156 4880 5,
3189 4827 3246 4881 q.
3277 4811 3350 4866 ιε
3390 4799 3737 4880 (ὶοιιειιιιειιίἐ

480 4869 708 4945 rieorum
761 4869 1196 4945 coniunctiones.
1231 4870 1277 4902 ⁵⁸
1307 4871 1495 4926 inscite
1520 4869 1647 4926 hinc
1678 4872 1922 4942 arguitur
1950 4872 2230 4927 distinctio
2259 4876 2426 4945 impp.
2457 4877 2512 4931 iu
2538 4877 2815 4933 Romanos
2842 4887 2895 4933 et
2921 4869 3157 4936 Graecos:

477 4940 528 4972 “
558 4940 614 4995 in
665 4941 875 4996 Decret.
926 4942 1078 4996 lvon.
1135 4940 1227 4995 lib.
1268 4955 1342 4995 Iv.

477 5114 570 5170 sia!
595 5113 892 5170 commissa
923 5125 1025 5177 est,
1049 5114 1140 5182 qui
1178 5128 1285 5166 non
1317 5120 1523 5165 tantum
1561 5111 1829 5182 universae
1856 5111 2047 5177 plebis,

478 5185 571 5240 sed
595 5187 754 5239 etiam
817 5185 985 5237 totius
1038 5181 1201 5244 clcri,
1275 5184 1520 5236 omnium
1590 5181 1935 5236 sacerdotum
1999 5193 2053 5235 et

477 5254 857 5323 episcOpoi-um
883 5254 1208 5322 pastoralem
1232 5268 1418 5307 curam
1440 5252 1640 5323 habere
1663 5251 1838 5315 debet,
1861 5252 2061 5323 discri-.

478 5318 645 5376 minis
667 5318 841 5378 causa
870 5318 1035 5392 atque
1067 5322 1249 5375 cilicio
1282 5338 1382 5374 suo
1415 5318 1801 5392 convenienter
1830 5322 2051 5392 pontifi-

479 5406 595 5475 cem
624 5393 921 5475 maximum
949 5402 1001 5445 et
1024 5392 1340 5471 episcopum
1362 5391 1743 5475 episcoporum
1767 5391 2050 5475 appellari.

480 5457 615 5513 Vide
644 5476 768 5528 qua:
799 5462 1038 5514 diximus
1060 5457 1228 5529 Supra
1264 5461 1317 5513 in
1368 5457 1516 5529 notis
1546 5457 1614 5511 ad
1645 5457 1810 5512 vitam
1839 5457 2050 5529 Zephy-

479 5527 681 5587 rini.et
704 5531 768 5581 ad
805 5531 1084 5596 epistulam
1122 5527 1280 5583 Sixti.
1313 5529 1438 5583 Snv.
1472 5527 1588 5581 BIN.

552 5597 664 5668 (45)
714 5598 862 5652 Uxor
910 5601 1155 5668 episcopi.
1215 5599 1369 5653 Sicut
1421 5599 1659 5667 virgines
1712 5614 1808 5667 per
1862 5610 2048 5654 votum

479 5667 764 5733 emissum,
798 5669 1051 5738 dicuntur
1078 5667 1294 5723 Christo
1325 5670 1532 5723 nubere
1561 5669 1789 5738 ejusque
1815 5685 2049 5738 sponsze,

481 5744 592 5789 tota
615 5752 779 5792 causa
803 5737 892 5803 27,
930 5748 1124 5806 quaest.
1151 5739 1201 5801 l,
1240 5740 1314 5792 ita
1371 5740 1566 5791 merito
1612 5737 1857 5792 Ecclesia
1904 5740 2045 5808 ejus,

480 5820 567 5858 cui
592 5810 714 5876 quis
744 5823 841 5878 per
871 5810 1271 5863 ordinationem
1321 5808 1590 5879 ascriptus
1619 5819 1720 5877 est,
1757 5826 1894 5866 uxor
1924 5826 2047 5865 esse

3259 4881 3305 4913 ⁸⁵
3337 4881 3537 4937 absunt
3567 4896 3597 4934 a
3626 4898 3732 4936 ms.

2158 5114 2378 5170 dicitur.
2420 5115 2573 5170 Unde
2626 5128 2766 5171 recte
2817 5120 3115 5186 apostolica
3167 5117 3575 5179 constitutione,
3609 5134 3741 5187 qiuc

2158 5195 2337 5239 exstat
2363 5187 2668 5240 canonibus
2696 5189 3067 5256 apostolorum
3106 5187 3192 5249 14,
3237 5187 3303 5239 15
3331 5197 3383 5240 et
3416 5188 3503 5249 16,
3529 5189 3740 5241 consti-

2159 5263 2332 5326 tutum
2364 5268 2467 5318 est,
2496 5273 2565 5310 ne
2590 5258 2831 5326 episcopi
2859 5258 3017 5309 aliive
3045 5263 3233 5311 curata
3263 5257 3522 5311 beneficia
3551 5257 3739 5325 possi-

2158 5323 2346 5379 dentes
2368 5323 2635 5381 dimceses
2658 5343 2722 5381 ac
2746 5323 3036 5396 parochias
3062 5341 3193 5381 suas
3222 5327 3340 5380 sine
3374 5329 3525 5396 gravi
3552 5323 3733 5380 causa

2159 5396 2384 5463 majoris
2413 5396 2684 5457 utilitatis,
2732 5412 2830 5451 sua
2885 5405 3077 5463 sponte
3110 5404 3316 5449 mutent
3345 5413 3359 5459 ;
3410 5397 3551 5451 sicut
3579 5406 3631 5448 et
3668 5396 3741 5448 il-

2158 5463 2271 5530 lud,
2297 5467 2439 5533 quod
2463 5465 2555 5535 qui
2588 5473 2709 5535 post
2740 5480 2929 5519 sacros
2959 5465 3184 5519 ordines
3209 5474 3516 5535 susceptos,
3552 5480 3738 5535 quan-

2157 5537 2359 5589 tumvis
2404 5534 2659 5596 invalide,
2719 5535 3129 5588 matrimonium
3179 5536 3233 5587 in
3291 5535 3429 5589 facie
3478 5534 3741 5589 Ecclesiae

2158 5607 2483 5659 contrahere
2514 5605 2984 5673 praesumpserinl,
3038 5606 3523 5673 interpretativam,
3566 5614 3736 5673 quam

2156 5684 2352 5727 vocant
2383 5676 2696 5740 bigamiam,
2732 5678 2975 5742 adeoque
2996 5675 3450 5743 irregularitates,
3483 5675 3738 5741 aliasque

2158 5759 2348 5812 pwuas
2379 5745 2680 5810 incurrant,
2699 5760 2815 5800 can.
2840 5744 3137 5814 Quotquot,
3160 5745 3250 5808 2'7,
3275 5754 3467 5813 quaest.
3500 5746 3547 5797 1.
3584 5743 3659 5796 In.
