4074 6382
294 409 397 463 12f)
1788 401 1879 456 EPl

1979 402 2144 457 'OLAS
2156 442 2171 457 .
3451 411 3555 467 130

292 539 606 579 censemus.
643 522 753 580 llos
780 538 911 594 ergo
955 523 1140 578 saeculi
1186 523 1331 593 leges
1372 520 1739 588 interficiunt,
1774 524 1866 577 sed
1901 526 1944 581 A
1971 523 2117 577 enim
2148 523 2192 555 ”
2226 531 2469 592 tempore
2512 523 2855 595 indigemus,
2903 533 2962 580 ut
3011 526 3216 597 aliquid
3267 531 3545 586 maturius

293 629 434 675 nos,
471 612 850 669 misericordia
887 622 1196 683 przecunte,
1232 614 1333 669 sub
1367 612 1607 668 infamiae
1637 621 1767 668 nota
1800 614 1865 667 ad
1972 629 2216 682 agamus.
2276 612 2387 668 Nec
2420 616 2830 684 prmcipitemus
2867 617 3094 671 consilia
3131 627 3184 672 et
3220 634 3383 688 opera
3419 636 3551 673 nos-

295 705 679 774 pasnitentiam
712 704 1029 774 recipimus.
1064 703 1240 773 Ipsam
1275 720 1495 774 quoque
1546 703 1827 758 infamiam
1851 743 1866 768 ,
1974 713 2087 770 tra,
2135 721 2310 775 neque
2352 707 2599 761 ordinem
2637 724 3075 778 cor-rumpamus.
3130 708 3234 766 Sed
3270 710 3317 765 si
3349 711 3553 781 aliquis

293 810 404 865 qua
435 804 564 850 sunt
591 797 840 866 aspersi,
872 795 1054 850 delere
1087 809 1198 849 non
1239 810 1537 864 possumus
1561 840 1576 863 ,
1615 796 1707 849 sed
1749 797 1870 847 aui-
1973 795 2162 864 lapsus
2194 810 2526 865 quocunque
2588 800 2753 853 modo
2816 798 3025 865 fuerit,
3090 816 3198 853 non
3253 800 3553 869 perdamus

292 902 417 941 mas
448 901 641 941 eorum
673 901 770 956 per
798 887 1174 958 paenitentiam
1206 887 1479 957 publicam
1522 895 1576 941 et
1615 885 1872 941 Ecclesiae
1977 898 2102 938 eum
2135 887 2201 952 "°,
2246 887 2336 940 sed
2378 885 2618 941 fraterno
2648 890 3009 958 corripiamus
3037 889 3229 944 affectu
3252 928 3267 953 ,
3305 890 3449 945 sicut
3479 891 3554 943 ait

294 976 734 1032 satisfactionem
789 993 987 1033 sanare
1036 979 1288 1048 cupimus
1322 1018 1337 1043 ,
1399 977 1528 1048 quia
1585 977 1868 1031 manifesta
1975 976 2166 1031 beatus
2194 978 2526 1045 Apostolus:
2566 978 2627 1033 Si
2655 990 3054 1049 prwoccupatus
3095 981 3259 1050 fuerit
3301 981 3455 1034 homo
3498 982 3552 1033 in

294 1076 520 1136 peccata
551 1084 663 1122 non
700 1077 830 1124 sunt
858 1069 1073 1133 occulta
1102 1070 1446 1123 correctione
1476 1069 1757 1138 purganda
1801 1069 1867 1122 ⁸⁷.
1976 1068 2157 1137 aliqua
2209 1068 2435 1133 delicta,
2482 1087 2571 1123 vos
2611 1071 2702 1140 qui
2751 1072 3055 1140 spiritualcs
3101 1073 3258 1136 estis,
3304 1072 3551 1125 iustruite

293 1157 502 1214 Omnes
531 1175 663 1229 ergo
694 1160 788 1229 qui
821 1160 875 1214 in
906 1169 1055 1215 recta
1088 1159 1192 1214 fide
1222 1162 1461 1229 suspecti
1493 1169 1658 1226 sunt,
1689 1159 1743 1214 in
1778 1175 1872 1215 ac—
1975 1157 2283 1221 huiusmodi
2307 1160 2360 1212 in
2391 1161 2583 1229 spiritu
2612 1163 2850 1216 lenitatis
2872 1203 2885 1223 ,
2916 1166 3257 1216 considerans
3284 1165 3508 1233 teipsum
3533 1204 3549 1228 ,

295 1250 587 1304 cusatione
616 1249 961 1304 sacerdotum
989 1257 1256 1303 eteorum
1280 1290 1294 1314 ,
1325 1265 1485 1318 super
1510 1265 1744 1319 quorum
1773 1250 1875 1304 fide
1976 1266 2039 1303 ne
2086 1259 2135 1303 et
2169 1260 2224 1304 tu
2257 1252 2492 1305 tenteris.
2526 1252 2675 1305 Alter
2730 1253 2951 1306 alterius
3008 1268 3169 1305 onera
3224 1262 3466 1322 portate,
3500 1262 3549 1307 et

298 1354 409 1393 non
436 1341 742 1403 haesitatur,
772 1341 998 1394 minime
1021 1341 1377 1409 recipiantur,
1404 1349 1457 1395 et
1479 1341 1532 1395 in
1564 1341 1874 1397 testimonio
1976 1343 2049 1397 sic
2081 1342 2437 1412 adimplebitis
2473 1343 2634 1411 legem
2666 1344 2868 1399 Christi
2903 1345 2966 1396 τι.
2993 1344 3164 1399 Porro
3196 1343 3253 1398 S.
3286 1344 3453 1399 David
3485 1346 3553 1400 de

300 1429 546 1484 humano
586 1430 736 1484 dubii
771 1430 1096 1484 habeantur.
1160 1429 1429 1484 lnfirmari
1482 1446 1610 1500 ergo
1661 1441 1876 1501 oportet
1978 1432 2304 1487 criminibus
2330 1433 2629 1488 mortiferis
2656 1434 2764 1502 egit
2793 1434 3169 1503 paenitentiam
3197 1435 3266 1498 7‘,
3291 1444 3345 1489 et
3369 1443 3551 1488 tamen

300 1534 494 1574 corum
528 1535 715 1575 vocem
739 1562 753 1585 ,
783 1520 849 1573 de
876 1535 1112 1590 quorum
1139 1520 1243 1575 fide
1268 1521 1567 1587 dubitatur,
1600 1537 1701 1576 nec
1726 1522 1805 1576 eis
1830 1522 1876 1554 ³⁸
1978 1520 2032 1573 in
2071 1521 2277 1573 honore
2309 1521 2630 1589 permansit.
2664 1521 2862 1576 Beatus
2903 1538 3122 1591 quoque
3162 1521 3354 1578 Petrus
3396 1538 3549 1576 ama-

299 1612 527 1665 omnino
542 1627 662 1667 esse
689 1612 1039 1677 credendum,
1065 1613 1157 1681 qui
1188 1620 1389 1667 rectam
1416 1614 1572 1667 fidem
1601 1614 1871 1685 ignorant.
1978 1610 2227 1665 rissimas
2255 1610 2529 1682 lacrymas
2556 1609 2694 1665 fudit
2721 1653 2736 1677 ,
2763 1613 2984 1681 quando
3011 1611 3301 1665 Dominum
3326 1603 3553 1683 negasse

299 1697 662 1765 Quaerendum
698 1707 777 1753 est
815 1715 944 1769 ergo
972 1699 1024 1752 in
1044 1699 1249 1769 judicio
1273 1701 1341 1732 ⁸⁸*
1368 1702 1523 1777 cujus
1549 1702 1619 1757 sit
1645 1718 1876 1758 conver-
1978 1700 2267 1769 pmnituit,
2314 1701 2407 1753 sed
2456 1710 2633 1754 tamen
2680 1702 2958 1768 apostolus
3001 1703 3321 1771 permansit.
3354 1700 3422 1755 Et
3445 1702 3553 1755 Do-

301 1790 534 1845 sationis
580 1799 635 1844 et
675 1789 797 1844 fidei
822 1830 836 1853 ,
866 1790 911 1844 is
941 1790 1035 1860 qui
1068 1800 1325 1858 accusat,
1359 1802 1412 1846 et
1444 1793 1490 1847 is
1520 1782 1611 1863 qui
1646 1809 1877 1848 accusa-
1980 1790 2164 1844 minus
2205 1806 2302 1859 per
2341 1791 2662 1859 prophetam
2711 1792 3063 1860 peccantibus
3111 1792 3416 1860 pollicetur,
3464 1791 3548 1845 di-

302 1892 412 1948 tur,
440 1884 703 1952 quoniam
735 1884 790 1937 bi
823 1884 915 1953 qui
949 1899 1057 1938 non
1094 1892 1224 1938 sunt
1256 1894 1417 1939 recta:
1447 1885 1876 1939 conversationis
1908 1880 1950 1934 Β
1979 1898 2108 1937 cens
2136 1900 2149 1936 :
2194 1881 2449 1937 Peccator
2484 1885 2537 1937 in
2575 1901 2886 1953 quacunque
2943 1884 3028 1937 die
3086 1900 3361 1936 conversus
3400 1884 3550 1953 inge-

300 1990 364 2029 ac
396 1974 520 2030 fidei
549 2015 563 2038 ,
598 1982 653 2029 et
681 1990 914 2044 quorum
948 1977 1058 2029 vita
1091 1985 1176 2030 est
1204 1976 1559 2043 accusabilis,
1604 1991 1713 2029 non
1751 1991 1875 2044 pcr-
1976 1974 2205 2040 muerit,
2241 1976 2480 2028 onmium
2519 1975 2868 2045 iniquitatem
2907 1974 3055 2028 illius
3095 1991 3199 2028 non
3235 1973 3555 2030 recordabar

300 2067 592 2120 mittuntur
612 2066 848 2136 majores
874 2074 1002 2121 natu
1027 2081 1306 2133 accusare,
1336 2082 1433 2120 nec
1456 2081 1693 2135 quorum
1718 2067 1872 2131 fides,
1978 2064 2211 2134 amplius
2242 2064 2311 2118 ⁷³.

301 2158 410 2211 vita
456 2165 511 2211 et
552 2156 777 2212 libertas
819 2157 1086 2211 nescitur.
1132 2155 1318 2225 Neque
1347 2157 1479 2211 viles
1523 2171 1770 2226 persona:
1819 2157 1873 2209 in
2723 2154 2808 2210 Vl.

301 2264 493 2303 eorum
529 2249 866 2318 recipiantur
899 2249 1304 2304 accusationem
1337 2250 1402 2301 ‘9.
1438 2247 1721 2303 Rimandaa
1750 2262 1876 2302 vero
2122 2248 2178 2302 Si
2205 2250 2371 2318 possit
2401 2249 2647 2302 sacerdos
2668 2259 2784 2319 post
2812 2250 3018 2317 lapsum
3052 2250 3380 2303 ministrare.

304 2347 435 2394 sunt
481 2338 808 2393 enucleatim
854 2353 1102 2407 persona:
1145 2346 1563 2403 accusatorum,
1594 2352 1715 2407 quae
1760 2338 1878 2393 sine

303 2430 509 2499 scripto
541 2429 787 2497 dilIicile,
821 2445 920 2500 per
951 2431 1212 2498 scriptum
1243 2438 1422 2484 autem
1459 2434 1741 2499 nunquam
1789 2444 1881 2483 re-

304 2521 578 2590 cipiantur
605 2538 618 2574 :
650 2520 778 2589 quia
808 2535 904 2588 per
930 2520 1254 2588 scripturam
1286 2518 1470 2573 nullus
1504 2534 1765 2574 accusare
1794 2518 1878 2574 vel

2050 2360 2245 2416 Errant
2292 2362 2436 2415 enim
2466 2361 2532 2425 ⁷⁸,
2590 2362 2684 2431 qui
2739 2371 2939 2431 putant
2982 2362 3196 2416 Domini
3246 2362 3557 2417 sacerdows

1978 2458 2103 2517 post
2135 2449 2384 2519 lapsum,
2434 2452 2479 2506 si
2521 2453 2844 2522 condignam
2886 2453 3097 2522 egerint
3139 2453 3553 2522 paenitentiam,

1980 2539 2212 2595 Domino
2263 2542 2576 2598 ministrare
2624 2558 2733 2596 non
2766 2557 2963 2612 posse,
3013 2551 3068 2598 et
3108 2544 3224 2598 suis
3252 2545 3553 2598 honoribus

303 2612 549 2667 accusari
592 2620 774 2681 potest
803 2612 885 2676 σθ,
920 2612 1013 2665 sed
1057 2611 1276 2679 prapria
1320 2625 1486 2677 voce,
1522 2620 1575 2666 et
1616 2619 1879 2680 ρτωεθηῑθ
1980 2630 2123 2695 frui,
2169 2633 2216 2687 si
2266 2632 2465 2687 bonam
2509 2633 2764 2702 deinceps
2791 2634 2957 2687 vitam
2992 2632 3279 2699 duxerint,
3309 2640 3363 2686 et
3396 2648 3557 2687 suum

301 2717 398 2769 εον
443 2719 605 2772 (Ιιιθῐη
648 2718 911 2792 accusa}?
953 2703 1223 2766 νοιιιθνίῑν
1272 2717 1428 2756 suam
1474 2704 1712 2771 ‘lUiSQ'le
1756 2711 1881 2771 agi“
1982 2720 2353 2775 sacerdotium
2385 2722 2655 2791 condigne
2684 2722 3061 2777 custodierint.
3100 2721 3165 2776 Et
3193 2722 3294 2791 ipsi
3325 2722 3419 2792 qui
3453 2723 3560 2777 hoc

305 2793 715 2846 θεευεεὶῑίυηθῐη
748 2793 813 2844 ⁸³·
843 2790 953 2846 Nec
976 2793 1199 2846 αυδοηιθ
1229 2807 1294 2846 C0
1321 2793 1388 2858 ⁶²ν
1419 2808 1581 2861 quem
1616 2808 1879 2848 accusare
1981 2818 2175 2878 putant
2203 2850 2217 2874 ,
2242 2824 2349 2864 non
2382 2790 2771 2865 solumferrant
2791 2851 2806 2875 ,
2834 2811 2928 2865 sed
2969 2809 3133 2864 etiam
3164 2790 3355 2863 contra
3381 2808 3556 2862 tradi-

300 2885 537 2940 νοιυθνίι
554 2926 569 2952 ι
601 2885 908 2954 calculique
941 2888 1243 2940 παιδείοιῆ
1289 2888 1562 2942 οτοάθῑυτο
1618 2887 1881 2943 Similiter
1982 2908 2066 2953 tas
2089 2898 2345 2955 Ecclesiae
2369 2901 2548 2956 claves
2571 2902 2852 2970 disputant
2874 2901 2919 2933 "
2939 2908 2997 2955 et
3021 2914 3181 2970 agere
3203 2898 3472 2962 videntur,
3495 2898 3564 2953 de

306 2984 473 3032 testes
495 2992 987 3047 perquamcunque
1018 2980 1340 3048 scripturam
1366 2980 1735 3034 testimonium
1769 2995 1877 3034 non
1982 2992 2181 3061 quibus
2223 2992 2430 3045 dictum
2467 3000 2588 3045 est;
2633 2991 2969 3059 Quacunque
2993 2986 3256 3043 solveritis
3292 2987 3347 3038 in
3384 2996 3559 3048 terra,

303 3066 622 3136 proferant,
659 3068 751 3122 sed
785 3078 1113 3136 praesentes,
1149 3071 1214 3124 de
1260 3071 1342 3124 his
1373 3085 1494 3140 quae
1536 3071 1787 3125 viderunt
1827 3080 1879 3126 et

1984 3093 2135 3136 erunt
2178 3081 2357 3135 soluta
2395 3090 2441 3133 et
2483 3082 2536 3134 in
2577 3081 2777 3138 caelo".
2812 3079 3071 3149 Alioquin
3108 3079 3224 3133 haec
3256 3076 3559 3139 sententia,

306 3164 610 3221 noverunt,
657 3156 924 3211 veraciter
978 3158 1351 3213 testimonium
1402 3159 1606 3213 dicant.
1660 3159 1770 3215 Nec
1814 3162 1881 3216 de
1911 3218 1950 3239 η
1985 3184 2074 3228 θυι
2105 3173 2317 3228 Domini
2347 3187 2453 3226 ῃοῃ
2482 3179 2570 3226 εει
2592 3213 2607 3239 ’
2637 3179 2731 3225 aut
2759 3185 2887 3225 vera
2916 3180 3019 3224 est.
3046 3166 3159 3223 N03
3188 3181 3321 3222 vero
3347 3166 3565 3221 indubi-

596 3218 604 3221 ν
1985 3218 2074 3228 υ...
2105 3218 2317 3228 -ν.......
2348 3218 2453 3226 ...η-
2486 3218 2569 3226 -.η
2592 3218 2607 3239 ,
2637 3218 2731 3225 ...η
2771 3218 2887 3225 .-___
2921 3218 3018 3224 ν---
3047 3218 3155 3223 ρ--
3202 3218 3275 3222 η-
3298 3218 3311 3221 -
3350 3218 3535 3221 ---μγη-

305 3245 430 3301 aliis
476 3246 660 3301 ςλυείε
706 3247 790 3300 vel
837 3248 1068 3317 negotiis
1109 3249 1296 3303 dicant
1328 3250 1736 3318 testimonium,
1774 3252 1881 3307 11ἰεὶ
1909 3218 1951 3274 C
1987 3273 2189 3331 ιθηιριη,
2219 3275 2327 3319 tam
2358 3264 2570 3319 Domini
2617 3262 2928 3318 sacerdotes
2958 3275 3122 3331 quam
3155 3260 3396 3329 reliquos
3427 3258 3562 3312 ﬁde-

305 3339 374 3392 de
406 3338 493 3392 his
524 3354 645 3406 qua:
677 3339 781 3393 sub
809 3340 1096 3408 praesentia
1127 3356 1317 3394 eorum
1351 3350 1469 3395 acta
1503 3357 1624 3397 esse
1649 3358 1887 3399 noscun-
1989 3352 2066 3405 les
2088 3392 2102 3411 .
2131 3364 2257 3420 post
2280 3352 2500 3421 dignam
2531 3350 2960 3406 satisfactionem
2990 3364 3152 3418 posse
3174 3348 3353 3403 redire
3374 3347 3443 3402 ad
3470 3348 3566 3402 ho-

307 3436 421 3482 tur.
475 3428 838 3485 Accusatores
894 3445 1023 3485 vero
1074 3430 1465 3497 consanguinei
1503 3432 1570 3497 ⁸³,
1623 3432 1886 3489 adversus
1987 3454 2149 3493 nores
2173 3438 2454 3494 credimus
2475 3439 2544 3503 ⁷⁷,
2566 3446 2801 3494 testante
2823 3436 3055 3492 Domino
3080 3450 3175 3507 per
3200 3436 3517 3506 prophetam
3545 3453 3559 3489 :

306 3528 599 3576 extraneos
634 3521 1008 3581 testimonium
1042 3536 1148 3574 non
1179 3520 1396 3587 dicant,
1448 3538 1549 3577 nec
1590 3522 1886 3580 familiares
1990 3528 2244 3599 Nunquid
2275 3531 2365 3600 qui
2394 3532 2580 3594 cadit,
2610 3546 2713 3583 non
2746 3529 2959 3596 adiiciet
2990 3537 3047 3581 ut
3078 3529 3434 3599 resurgat?et
3463 3529 3557 3597 qui

304 3613 394 3668 vel
424 3613 491 3668 de
517 3613 682 3669 domo
712 3615 1042 3685 prodeuntes
1072 3632 1086 3669 :
1115 3615 1210 3669 sed
1243 3613 1291 3669 si
1323 3615 1595 3671 voluerint
1618 3657 1632 3682 ,
1664 3625 1717 3672 et
1746 3615 1887 3671 iuvi-
1988 3634 2203 3671 aversus
2245 3627 2353 3685 est,
2392 3634 2492 3672 non
2531 3626 2813 3672 revertetur
2833 3617 2881 3649 ’⁸
2903 3619 2930 3670 2
2956 3616 3025 3671 Ει
3054 3616 3187 3671 alibi
3220 3633 3235 3670 :
3265 3616 3406 3670 Nola
3427 3658 3441 3682 ,
3489 3618 3567 3670 in-

311 3719 430 3759 cem
487 3706 870 3760 consenserint
934 3708 1076 3761 inter
1110 3722 1203 3770 se,
1236 3716 1487 3775 parentes
1510 3708 1887 3763 tantummodo
1989 3706 2109 3776 quit
2134 3704 2421 3774 Dominus,
2444 3717 2664 3761 mortem
2687 3708 3001 3775 peccatoris,
3025 3706 3114 3760 sed
3138 3715 3194 3760 ut
3220 3714 3568 3760 convertatur

310 3795 691 3860 testiﬁcantur,
725 3805 915 3851 etnon
952 3798 1009 3851 in
1052 3797 1212 3853 alios.
1255 3795 1367 3852 Nec
1412 3806 1760 3854 accusatores
1803 3800 1887 3855 vel
1988 3807 2037 3851 et
2065 3798 2203 3851 vivat
2226 3798 2295 3853 ’9.
2330 3798 2392 3851 Et
2422 3799 2681 3869 propheta
2730 3796 2899 3854 David
2964 3797 3342 3868 paenitentiam
3375 3811 3565 3866 agens,

310 3896 478 3942 testes
509 3887 745 3957 suspecti
774 3889 1109 3958 recipiantur
1140 3908 1153 3943 :
1182 3889 1310 3959 quia
1344 3889 1802 3960 propinquitatis,
1835 3900 1889 3946 et
1988 3891 2164 3945 dixit:
2196 3888 2371 3946 Redde
2398 3892 2525 3945 mihi
2556 3890 2801 3946 laetitiam
2844 3890 3099 3945 salutaris
3120 3889 3200 3943 tui
3220 3931 3236 3958 ,
3273 3898 3322 3943 et
3372 3889 3565 3959 spiritu

310 3976 733 4044 familiaritatis,
778 3993 843 4033 ac
888 3978 1278 4035 dominationis
1308 3980 1566 4046 affectio,
1602 3981 1886 4035 veritatem
1988 3980 2273 4050 principali
2328 3982 2585 4051 conﬁrma
2642 3996 2723 4035 me
2755 3982 2827 4035 ⁸⁸.
2878 3979 2999 4049 Ipse
3029 3994 3266 4049 namque
3300 3987 3426 4049 post
3450 3994 3568 4048 pte-

307 4067 571 4136 impedire
597 4068 733 4122 solet
762 4069 827 4120 “.
855 4069 1027 4123 Arnor
1048 4071 1288 4125 carnalis
1307 4110 1322 4137 ,
1350 4078 1404 4124 et
1434 4072 1598 4125 timor
1626 4072 1693 4137 ⁸⁸,
1724 4081 1889 4141 atque
1992 4074 2274 4128 nitentiam
2305 4082 2358 4128 et
2386 4074 2524 4128 alios
2556 4072 2764 4135 docuit,
2810 4079 2865 4125 et
2898 4068 3227 4125 sacrificium
3266 4067 3376 4123 Deo
3404 4068 3568 4123 obtu-

309 4158 569 4222 avaritia,
614 4158 934 4227 plerumque
976 4174 1173 4215 sensus
1220 4161 1480 4214 hebetant
1519 4161 1788 4216 humanos
1835 4172 1889 4214 et
1991 4163 2076 4225 lit,
2110 4165 2250 4219 dans
2283 4164 2589 4234 exemplum
2620 4161 2938 4217 doctoribus
2983 4169 3186 4215 sancta:
3211 4158 3488 4223 Ecclesiae,
3519 4158 3568 4214 si

309 4257 626 4319 pervertunt
659 4250 988 4318 opiniones;
1049 4260 1108 4305 ut
1161 4261 1432 4320 quaestum
1487 4252 1739 4321 pietatem
1788 4268 1888 4322 pu-
1990 4254 2126 4324 lapsi
2156 4255 2385 4320 fuerint,
2418 4263 2473 4309 et
2526 4253 2851 4322 condignam
2886 4251 3264 4320 paenitentiam
3305 4250 3418 4306 Deo
3441 4266 3567 4321 ges-

311 4349 460 4405 tent,
495 4350 550 4395 et
582 4345 866 4410 pecuniam
900 4342 1061 4410 quasi
1098 4343 1406 4416 mercedem
1443 4344 1888 4412 prudentite.Ne-
1991 4345 2182 4410 scrint,
2213 4353 2506 4413 utrumque
2536 4341 2714 4398 facere
2743 4356 2924 4411 posse.
2956 4340 3147 4396 Docuit
3180 4342 3325 4396 enim
3344 4341 3569 4411 quando

309 4447 399 4485 mo
443 4433 581 4485 enim
623 4434 675 4486 in
698 4431 820 4485 dolo
862 4431 1114 4502 loquatur
1159 4434 1228 4488 ad
1277 4435 1580 4503 proximum
1610 4451 1766 4487 suum
1815 4436 1882 4487 ⁸⁸.
1990 4435 2167 4488 dixit:
2197 4433 2401 4487 Docebo
2431 4434 2639 4502 iniquos
2665 4432 2777 4485 vias
2808 4441 2949 4495 tuas,
2983 4442 3030 4485 et
3076 4432 3228 4502 impii
3253 4432 3322 4486 ad
3358 4442 3404 4486 te
3431 4449 3563 4486 can-

312 4521 493 4576 Faveo
534 4522 651 4576 alta
681 4534 758 4577 est
791 4539 848 4577 os
882 4524 1126 4578 malevoli
1158 4526 1224 4578 ⁸⁷.
1256 4523 1523 4580 Innocens
1551 4525 1681 4580 dum
1718 4527 1889 4581 credit
1919 4566 1963 4620 υ
1992 4535 2259 4579 vertentur
2307 4524 2373 4576 ".
2428 4522 2495 4597 Et
2539 4522 2868 4579 sacriﬁcium
2921 4521 3032 4576 Deo
3082 4537 3182 4593 pro
3236 4539 3295 4578 se
3348 4524 3568 4592 obtulit,

312 4613 502 4679 facile,
531 4613 642 4669 cito
668 4614 890 4669 labitur.
927 4615 1033 4671 Sed
1067 4618 1171 4673 iste
1198 4618 1416 4686 lapsus,
1446 4620 1622 4688 surgit
1650 4635 1664 4684 ;
1698 4630 1752 4672 et
1778 4627 1885 4672 tcr-
1919 4612 1956 4620 ’
1993 4616 2122 4669 dum
2147 4613 2390 4669 dicebat:
2421 4613 2759 4683 Sacriﬁcium
2785 4612 2890 4667 Deo
2914 4614 3134 4683 spiritus
3158 4613 3569 4668 contribulatus.

308 4704 615 4775 giversator
641 4706 755 4761 suis
776 4707 988 4762 artibus
1013 4709 1404 4779 praecipitatur,
1434 4709 1579 4764 unde
1605 4725 1884 4779 nunquam
1996 4705 2201 4762 Videns
2246 4706 2398 4785 enim
2459 4705 2729 4775 Propheta
2777 4706 2983 4763 scelera
3028 4720 3128 4761 sua
3183 4705 3445 4760 mundata
3476 4721 3573 4776 per

309 4794 529 4849 exsiliat
554 4803 719 4864 atque
760 4796 973 4851 evadat.
1016 4796 1289 4852 Ponderet
1331 4813 1461 4869 ergo
1506 4798 1885 4869 unusquisque
1991 4798 2392 4870 pmuitentiam,
2425 4814 2534 4853 non
2565 4799 2852 4864 dubitavit,
2882 4796 3231 4868 praedicando
3253 4805 3308 4851 et
3339 4796 3572 4852 Domino

309 4900 596 4943 sermones
624 4900 790 4953 suos,
819 4896 873 4941 et
903 4888 1050 4957 quod
1087 4888 1194 4944 sibi
1222 4878 1373 4959 loqui
1406 4906 1513 4946 non
1548 4892 1697 4956 vult,
1727 4891 1884 4946 alteri
1994 4891 2234 4957 libando,
2261 4904 2455 4944 curare
2509 4888 2709 4945 aliena.
2764 4887 3155 4960 Lacrymarum
3187 4901 3317 4957 ergo
3377 4885 3574 4940 efiusio

310 4991 422 5031 non
478 4976 762 5045 loquatur.
816 4973 974 5030 Unde
1025 4976 1162 5031 bene
1221 4992 1375 5032 sacra
1428 4978 1506 5032 ait
1557 4977 1884 5047 Scriptura:
1996 4988 2178 5035 movet
2211 4979 2380 5033 animi
2425 4978 2756 5048 passionem.
2814 4976 3213 5032 Satisfactione
3248 4984 3429 5029 autem
3464 4973 3573 5029 im-

310 5067 468 5133 Quod
524 5066 617 5120 tibi
661 5083 768 5122 non
814 5068 890 5123 vis
940 5067 1091 5135 ﬁeri,
1137 5069 1294 5123 alteri
1339 5085 1403 5124 ne
1446 5070 1615 5137 facias
1663 5069 1731 5123 “.
1777 5067 1887 5123 Nos
1997 5071 2163 5139 pleta,
2192 5070 2456 5124 avertitur
2481 5070 2702 5124 animus
2730 5068 2798 5122 ab
2829 5068 2932 5121 ira.
2962 5064 3067 5131 Qui
3114 5064 3259 5120 enim
3292 5077 3398 5116 non
3422 5061 3575 5132 igua-

382 5290 425 5320 ⁵⁷
474 5289 560 5376 Su."
577 5287 709 5376 Isid;
754 5304 838 5376 ιι),
866 5287 1024 5376 Se‘nt;
1047 5291 1193 5376 dli.”
1215 5290 1260 5321 ⁸⁸
1302 5289 1431 5376 ᾖδε.
1483 5289 1598 5376 ροιὸ
1636 5287 1698 5376 ιιι
1767 5288 1835 5318 ³⁸⁸
1856 5285 1922 5376 2.,
1959 5286 2214 5376 ψιίεειλξ
2239 5303 2269 5376 ξ
2288 5285 2650 5376 Quaerclpdu‘n:
2676 5290 2783 5376 est.
2808 5279 2874 5333 Et
2904 5280 2957 5334 in
3003 5277 3471 5376 ,ςέξξὶξιθειοςίξιεοη
3502 5293 3576 5376 12;.

307 5374 432 5428 cap.
494 5359 582 5413 96.
630 5358 761 5413 Adr.
788 5346 835 5411 l'
861 5359 966 5414 col.
992 5359 1026 5413 5
1052 5371 1105 5415 et
1131 5359 1216 5413 15.
1311 5361 1356 5391 ⁸⁵
1381 5360 1450 5425 9.,
1476 5374 1531 5429 q.
1566 5357 1639 5411 8:
1668 5346 2089 5412 Accusatorum.
2167 5356 2213 5387 ⁵⁸
2239 5346 2332 5418 δῖ
2355 5372 2410 5425 q.
2472 5355 2504 5407 9
2534 5371 2546 5406 :
2584 5353 2820 5407 Absente
2881 5365 2946 5403 eo
3002 5361 3186 5415 quem.
3226 5346 3231 5347 ⁷
3262 5346 3303 5376 ⁶¹
3336 5346 3404 5410 '5,
3438 5360 3495 5427 q'.
3524 5348 3576 5425 9:

310 5428 504 5483 Testes
536 5444 631 5486 Der
653 5443 812 5486 quas.
864 5429 911 5460 “
942 5430 1065 5484 vide
1091 5430 1212 5486 cod.
1245 5428 1454 5484 Theod.
1486 5438 1539 5483 et
1568 5427 1837 5481 Anianum
1869 5425 2119 5486 aliosque
2161 5425 2608 5486 jurisconsnltos.
2760 5420 2804 5450 “
2826 5418 2884 5484 2,
2913 5434 2969 5486 q.
3020 5418 3054 5469 ὅ
3097 5434 3110 5469 :
3170 5414 3577 5484 Consangumei

310 5428 504 5483 Testes
536 5444 631 5497 per
653 5443 812 5498 quas.
864 5429 911 5460 “
942 5430 1065 5484 vide
1091 5430 1212 5486 cod.
1245 5428 1454 5484 Theod.
1486 5438 1539 5483 et
1568 5428 1837 5481 Anianum
1869 5428 2119 5495 aliosque
2161 5428 2608 5495 jurisconsnltos.
2760 5428 2804 5450 "
2826 5428 2886 5498 2,
2913 5434 2969 5486 q.
3020 5428 3071 5497 ὁ.
3097 5434 3110 5469 :
3170 5428 3576 5496 consanguinei

312 5507 689 5553 accusatores.
887 5499 931 5529 “
989 5499 1212 5553 Anian:
1259 5498 1517 5554 Veritatis
1590 5494 2016 5567 professionem)
2066 5495 2538 5567 propinquitatis_
2577 5489 2791 5544 affectio
2874 5487 3138 5567 impedire
3156 5495 3576 5567 ‘ycpgnosc't'tur.

309 5568 358 5599 ”
398 5567 458 5621 S.
513 5552 705 5621 Ambr.
734 5582 822 5637 ep.
854 5568 951 5633 44,
984 5552 1148 5638 quam
1184 5552 1474 5637 legendam
1497 5552 1711 5620 moneo.
1791 5564 1835 5596 "
1871 5552 2015 5619 Psali
2043 5552 2182 5618 x'xui
2206 5604 2220 5627 ,
2254 5552 2307 5617 κί’.
2416 5564 2459 5594 ⁸⁷
2502 5560 2662 5613 Prov.
2721 5573 2868 5623 xxvr,
2923 5552 3080 5623 juxta
3111 5552 3295 5608 LXXI
3357 5554 3402 5585 ⁸⁸
3441 5552 3579 5633 Tob.

314 5654 367 5678 nr
432 5636 514 5678 16,
596 5638 642 5670 ⁸9
680 5636 718 5678 ς.
781 5639 961 5678 Amhr,
999 5638 1224 5678 pnielnln
1260 5639 1326 5678 ΞΩ
1423 5638 1468 5668 τθ
1498 5645 1774 5678 ηηνιριιὶιις
1798 5649 1921 5678 eum
1946 5675 1955 5678 _
1991 5645 2043 5678 ιιΙ.
2076 5636 2140 5678 Ιί”-
2176 5651 2223 5678 n-
2258 5632 2474 5678 aﬂ'eelu.
2577 5628 2621 5657 ⁷¹
2663 5625 2839 5678 θῖιιὲιῐ.
2893 5641 2978 5678 γι.
3032 5625 3096 5678 1.
3128 5625 3180 5678 4.
3285 5622 3330 5654 ﬂ
3372 5620 3431 5675 S.
3466 5623 3579 5673 Αυ-

312 5654 397 5704 tv,
432 5636 519 5692 l6.
596 5638 642 5670 ⁶⁹
680 5636 738 5693 S.
769 5632 964 5691 'Ambr.
999 5632 1346 5759 egistola‘SS).
1423 5638 1468 5668 7°
1498 5645 1774 5705 portemus
1798 5649 1879 5687 cur

312 5718 459 5777 gust.
484 5722 570 5777 ep.
614 5707 682 5760 50
713 5708 780 5763 de
810 5707 999 5763 iisdem
1076 5708 1230 5761 avide
1252 5717 1305 5762 ct
1340 5705 1396 5761 S.
1427 5705 1608 5777 Petro.
1650 5774 1677 5777 _
1713 5706 1758 5736 ⁷³
1794 5704 1879 5757 ΕΖι

1991 5645 2043 5689 et
2076 5636 2142 5688 l'r.
2176 5651 2225 5689 c.
2258 5632 2474 5687 affectu.
2577 5632 2621 5657 τι
2663 5632 2839 5678 Galat.
2893 5641 2978 5683 γι.
3032 5632 3056 5677 1
3081 5665 3096 5690 ,
3128 5632 3180 5678 4.
3285 5632 3330 5654 ⁷·
3372 5632 3431 5675 S.
3466 5632 3581 5673 Au-

1985 5746 1991 5753 .
2046 5720 2219 5768 xvm,
2269 5703 2370 5769 21,
2402 5701 2529 5777 2}.-
2582 5695 2628 5725 ⁷¹⁶
2667 5695 2721 5747 iu
2757 5694 2914 5749 Decr.
2950 5693 3353 5777 lvonILIinbatv,

308 5762 543 5848 iugasti
579 5762 731 5832 ibid.
785 5778 831 5808 ⁷⁸
862 5762 1053 5831 Matth.
1084 5793 1245 5842 xvm,
1282 5777 1367 5830 l8.
1471 5777 1512 5807 ⁷⁷
1552 5775 1609 5828 S.
1639 5774 1798 5841 Greg.
1832 5789 1879 5843 et

312 5847 419 5903 52.
482 5857 537 5903 et
568 5862 777 5903 χχχιιι.
814 5847 896 5903 Η.
975 5848 1018 5879 ⁸ο
1054 5845 1199 5901 Psal.
1229 5863 1278 5903 ι..
1308 5848 1389 5901 Η.
1468 5846 1510 5876 ⁸¹
1543 5844 1673 5899 Ibid.
1712 5844 1795 5897 15.

1979 5774 2015 5827 4
2049 5774 2170 5828 libri
2204 5762 2323 5826 vni.
2356 5762 2367 5769 ’
2424 5770 2467 5800 ⁷⁸
2505 5764 2702 5819 Jcrem.
2766 5781 2903 5832 vni,
2942 5762 2995 5815 4.
3072 5763 3117 5796 ⁷9
3157 5762 3359 5817 Ezech.
3416 5771 3579 5818 xvut,

312 5847 419 5917 52,
482 5857 537 5903 et
568 5862 777 5915 χχχιιι,
814 5847 896 5903 Η.
975 5848 1018 5879 ⁸ο
1054 5847 1199 5901 Psal.
1229 5848 1389 5909 1.,H.
1468 5847 1510 5876 ⁸¹
1543 5847 1673 5899 Ibid.
1712 5847 1795 5897 15.
2915 5873 2924 5881 -
