4074 6384
516 357 612 411 151

1825 356 1881 410 S.
1921 353 2246 412 URBANUS
2282 355 2300 409 l
2338 356 2509 410 PAPA

3682 357 3787 415 132

516 479 620 532 scit
647 476 824 540 alteri,
862 476 1137 547 quomodo
1192 474 1293 531 sibi
1322 483 1475 546 putat
1513 475 1822 530 subveniri?
1854 474 2092 546 Supera-
2123 494 2166 546 Λ
2198 488 2440 537 mortem.
2473 480 2581 532 sive
2607 479 2922 532 obeditionis
2971 478 3040 531 ad
3081 478 3398 547 justitiam?
3434 476 3648 532 Gratias
3679 497 3783 531 au-

517 570 762 624 bundant
792 585 922 639 ergo
954 578 1195 638 peccata,
1250 566 1660 643 superabundet
1687 577 1740 621 et
1770 569 2093 623 misericor-

513 662 624 716 dia.
656 661 923 725 Quoniam
976 661 1117 731 apud
1166 644 1454 712 Dombtum
1511 660 1896 721 misericordia,
1932 671 1978 713 et
2012 675 2095 712 co-

512 752 665 821 piosa
692 751 833 821 apud
862 767 980 803 eum
1036 750 1322 817 redemptio
1344 748 1409 801 θ’.
1449 747 1623 803 Penes
1661 747 1945 802 Dominum
1977 764 2095 800 om-

514 842 669 896 nium
703 840 1037 895 abundantia
1092 848 1195 903 est,
1224 839 1353 907 quia
1393 838 1645 891 Dominus
1701 839 1957 891 virtutum
1985 840 2095 907 ipse

513 939 591 983 est
620 940 669 984 et
706 946 798 983 res:
856 929 1041 999 gloria:
1068 928 1134 982 ³³.
1189 928 1278 981 Ait
1321 928 1468 982 enim
1530 928 1861 998 Apostolus:
1902 927 2094 982 Omnes

512 1032 876 1091 peccaverunt,
927 1030 975 1074 et
1023 1031 1171 1091 egent
1207 1020 1379 1089 gloria
1415 1018 1547 1083 Dei;
1585 1020 1877 1099 justiﬁcati
1925 1020 2093 1090 gratis

510 1127 603 1180 per
631 1112 864 1181 gratiam
906 1111 1095 1179 ipsius,
1142 1125 1236 1178 per
1290 1109 1701 1177 redemptionem
1755 1124 1872 1178 qua:
1932 1117 2008 1162 est
2038 1110 2095 1161 in

511 1199 721 1254 Christo
751 1199 904 1266 Jesu,
939 1216 1093 1269 quem
1141 1199 1415 1268 proposuit
1472 1197 1608 1251 Deus
1668 1199 2091 1266 propitiatorem,

506 1305 597 1358 per
622 1292 781 1360 [idem
812 1293 865 1344 in
892 1291 1152 1361 sanguine
1180 1292 1371 1359 ipsius,
1396 1291 1465 1342 ad
1489 1290 1838 1343 ostensionem
1861 1289 2093 1357 justitia:

508 1398 641 1447 sute,
673 1394 890 1452 propter
920 1383 1282 1436 remissionem
1309 1381 1717 1450 pratcedentium
1754 1381 2090 1446 delictorum,

508 1474 563 1525 in
589 1475 973 1527 sustentutione
1007 1473 1122 1536 Dei,
1155 1473 1225 1526 ad
1261 1473 1611 1525 ostensionem
1632 1472 1865 1541 justitia:
1890 1471 2005 1538 ejus
2036 1472 2090 1524 in

510 1564 607 1616 hoc
635 1572 899 1632 tempore;
933 1573 990 1617 ttt
1021 1563 1091 1616 sit
1143 1563 1253 1631 ipse
1274 1562 1457 1631 justus
1495 1571 1543 1614 et
1587 1560 1898 1629 justi/icans
1949 1576 2089 1625 eum,

506 1658 595 1727 qui
616 1672 681 1710 ex
699 1654 1036 1724 ﬁdeestlesu
1063 1655 1265 1710 Christi
1286 1656 1353 1707 3‘.
1375 1653 1540 1708 David
1570 1654 1715 1708 enim
1741 1654 1870 1708 dicit
1893 1671 1906 1707 :
1939 1652 2093 1707 Beati

506 1762 731 1815 quorum
767 1747 1002 1799 remissa:
1051 1753 1173 1798 sunt
1201 1746 1532 1814 iniquitates,
1585 1752 1635 1796 et
1680 1758 1905 1812 quorum
1955 1751 2090 1795 tecta

2203 580 2302 622 tem
2336 569 2462 629 Deo,
2495 570 2633 639 quod
2675 570 2853 639 fuistis
2878 571 3011 624 servi
3048 572 3267 637 peccati,
3322 571 3573 625 obedistis
3604 581 3783 623 autem

2199 676 2264 715 ex
2294 661 2446 714 corde
2471 661 2525 713 in
2579 676 2695 714 eam
2740 660 2968 728 formam
3018 661 3295 726 doctrinae,
3321 661 3376 713 in
3407 676 3563 727 quam
3595 660 3783 714 traditi

2200 753 2325 805 estis
2400 750 2635 804 Liberati
2695 761 2872 805 autem
2922 769 2955 804 a
3004 762 3251 815 reccato,
3299 752 3435 805 servi
3471 752 3602 820 facti
3652 753 3781 805 estis

2193 845 2442 913 justime.
2474 841 2780 894 Humanum
2814 842 2934 896 dico
2994 842 3073 894 "’.
3105 841 3282 911 Maius
3313 843 3460 896 enim
3496 853 3781 912 peccatum

2198 933 2601 1004 estjudicantis
2636 934 2705 997 κ’,
2736 948 2901 1002 quam
2946 933 3067 1002 ejus
3096 933 3191 1001 qui
3238 932 3540 1002 iudicatur.
3577 931 3785 987 Existi-

2202 1040 2337 1086 mas,
2372 1022 2550 1091 inquit
2604 1022 2919 1090 Apostolus,
2952 1039 2981 1075 ο
3027 1022 3182 1076 Ιιοιιιο
3215 1023 3386 1075 omnis
3437 1023 3528 1092 qui
3558 1022 3781 1091 judicas

2199 1131 2284 1169 eos
2313 1115 2400 1182 qui
2425 1113 2558 1166 talia
2580 1122 2763 1182 agunt,
2793 1122 2843 1166 et
2901 1113 3036 1182 facis
3061 1130 3143 1172 ea.
3169 1115 3292 1183 quia
3321 1123 3378 1166 tu
3399 1114 3616 1182 effugies
3631 1114 3783 1182 judi-

2200 1206 2339 1258 cium
2370 1204 2508 1256 Dei?
2547 1205 2626 1257 An
2659 1202 2872 1255 diritias
2915 1203 3162 1256 bonitatis
3194 1204 3308 1270 ejus
3340 1213 3389 1256 et
3436 1205 3708 1273 patientia.-
3726 1214 3779 1258 et

2200 1290 2621 1360 longanimitatis
2670 1291 3007 1344 contemnis?
3050 1289 3273 1359 Ignoras
3325 1293 3577 1361 quoniam
3633 1291 3783 1346 beni-

2200 1382 2373 1448 gnitas
2425 1377 2523 1433 Dei
2578 1381 2646 1433 ad
2680 1381 3035 1448 paenitentiam
3093 1390 3140 1433 te
3176 1382 3436 1434 adducit?
3479 1380 3779 1435 Secundum

2200 1472 2461 1527 duritiam
2497 1482 2673 1527 autem
2725 1482 2874 1525 tuam
2911 1480 2960 1525 et
2992 1474 3323 1542 imptenitens
3361 1489 3475 1538 cor,
3509 1475 3779 1527 thesauri-

2203 1579 2293 1616 sas
2325 1565 2421 1618 tibi
2448 1565 2586 1617 iram
2615 1564 2670 1616 in
2709 1562 2794 1617 die
2832 1564 2948 1627 ira',
2983 1574 3032 1618 et
3068 1564 3405 1617 reuelationis
3418 1564 3559 1633 justi
3580 1563 3781 1632 judicii

2200 1649 2317 1715 Dei,
2348 1651 2441 1721 qui
2465 1651 2643 1704 reddet
2696 1651 2974 1721 unicuique
3003 1652 3287 1705 secundum
3328 1668 3485 1720 opera
3510 1652 3626 1721 ejus
3652 1668 3670 1705 :
3695 1653 3779 1707 his

2198 1742 2430 1811 quidem,
2452 1743 2542 1812 qui
2586 1743 2872 1795 secundum
2899 1743 3239 1810 patientiam
3273 1742 3393 1797 boni
3432 1745 3627 1813 operis,
3672 1744 3783 1815 glo-

506 1847 633 1891 sunt
666 1848 881 1907 peccata
911 1838 980 1892 ⁸⁸.
1016 1836 1308 1892 Mundatur
1338 1853 1467 1908 ergo
1501 1838 1667 1892 homo
1695 1852 1726 1890 a
1759 1843 2000 1905 peccato,
2036 1845 2088 1889 et
2120 1852 2162 1905 Β
2191 1840 2326 1893 riam
2363 1848 2413 1894 et
2468 1839 2714 1893 honorem
2741 1850 2785 1893 et
2815 1840 3284 1909 incorruptionem,
3340 1841 3696 1912 quterentibus
3729 1842 3780 1874 “

510 1931 746 2000 resurgit
781 1931 953 2001 gratia
998 1929 1093 1985 Dei
1142 1931 1329 2000 lapsus
1352 1930 1425 1995 ",
1461 1938 1515 1985 ct
1569 1931 1621 1983 in
1651 1929 1883 1999 pristino
1910 1935 2092 1981 manet

506 2020 715 2086 oliicio,
770 2020 927 2091 juxta
986 2020 1275 2090 prasdictas
1334 2021 1712 2075 auctoritates.
1777 2017 1973 2073 Videat
2020 2032 2090 2073 ne

509 2108 746 2177 amplius
797 2118 1030 2178 peccet,
1096 2118 1156 2163 ut
1214 2109 1481 2164 sententia
1535 2108 1814 2177 Evangelii
1870 2116 2091 2161 maneat

510 2202 563 2253 in
596 2216 701 2255 eo:
751 2199 914 2268 Vade,
949 2213 998 2256 et
1048 2202 1275 2272 amplius
1304 2201 1412 2254 noli
1458 2217 1669 2270 peccare
1718 2201 1789 2255 ⁸⁷.
1831 2197 1987 2254 Unde
2015 2200 2092 2253 ait

507 2292 805 2361 Apostolus
833 2313 843 2346 :
877 2292 999 2347 Non
1021 2310 1141 2364 ergo
1176 2302 1350 2363 regnet
1369 2303 1639 2363 peccatum
1672 2294 1728 2345 in
1756 2301 1924 2346 vestro
1950 2307 2090 2345 mor-

508 2386 608 2439 tali
636 2402 870 2455 corpore,
899 2396 957 2439 ut
1009 2387 1270 2441 obediatis
1318 2386 1756 2453 concupiscentiis
1804 2385 1939 2455 ejus.
1983 2382 2088 2439 Sed

505 2491 667 2547 neque
717 2468 1007 2530 exhibeatis
1058 2477 1291 2531 membra
1344 2486 1515 2531 vestra
1573 2492 1727 2530 arma
1786 2476 2087 2545 iniquitatis

502 2576 738 2636 peccato,
774 2568 866 2619 sed
888 2568 1126 2621 exhibete
1174 2583 1263 2620 vos
1291 2566 1421 2634 Deo,
1478 2577 1733 2636 tanquam
1755 2581 1820 2620 ea:
1863 2567 2087 2619 mortuis

503 2657 750 2725 bibentes,
776 2668 823 2712 et
850 2658 1080 2712 membra
1107 2667 1279 2713 vestra
1332 2675 1485 2713 arma
1505 2659 1741 2728 justitite
1785 2657 1913 2712 Deo.
1950 2657 2086 2712 Pec-

500 2761 681 2805 catum
707 2751 846 2804 enim
897 2750 1037 2804 vobis
1090 2767 1194 2804 non
1229 2751 1626 2816 dominabitur;
1656 2767 1758 2804 non
1807 2751 1947 2803 enim
1992 2749 2086 2804 sub

511 2841 623 2911 lege
655 2842 805 2907 estis,
837 2841 926 2894 sed
955 2841 1049 2894 sub
1093 2843 1292 2911 gratia.
1325 2841 1465 2905 Quid
1491 2859 1613 2912 ergo
1642 2843 1665 2895 ?
1717 2841 2085 2905 Peccabimus,

501 2930 754 2999 quoniam
784 2946 885 2985 non
919 2946 1101 2983 sumus
1129 2930 1225 2984 sub
1270 2929 1400 2999 lege,
1432 2930 1522 2984 sed
1547 2932 1639 2984 sub
1665 2930 1886 3000 gratia?
1910 2929 2083 2984 Absit.

502 3023 586 3076 An
613 3023 848 3086 nescitis,
879 3022 1128 3091 quoniam
1160 3024 1246 3076 cui
1269 3007 1521 3077 exhibetis
1549 3038 1635 3075 vos
1667 3038 1839 3075 servos
1871 3023 1939 3074 ad
1968 3025 2087 3075 obe-

502 3115 777 3178 diendum,
803 3114 939 3168 servi
963 3114 1090 3168 estis
1118 3114 1256 3183 ejus,
1286 3115 1374 3169 cui
1396 3115 1640 3178 obeditis,
1667 3114 1772 3167 sive
1792 3114 1994 3182 peccati
2017 3114 2087 3167 ad

562 3278 611 3308 δ²
639 3274 785 3331 Psal.
812 3291 998 3340 cxxxx,
1035 3276 1087 3331 '1.
1121 3277 1168 3309 ⁸³
1191 3275 1337 3330 Psal.
1361 3291 1517 3335 χχιιι.
1552 3275 1638 3330 10.
1715 3276 1760 3309 ⁸⁸
1783 3275 1940 3329 Rom.
1972 3293 2053 3337 ιιι,
2085 3277 2118 3328 2

2201 3274 2277 3329 26.
2356 3276 2401 3309 "
2427 3273 2746 3340 Psal.xm,
2784 3272 2836 3327 1.

2196 1932 2358 1985 vitam
2395 1939 2687 1994 aternam;
2740 1931 2822 1985 his
2857 1940 3056 1995 autem,
3104 1934 3195 2001 qui
3247 1948 3312 1985 ea:
3346 1934 3698 1994 contentione,
3726 1943 3779 1987 et

2194 2022 2285 2092 qui
2311 2037 2412 2074 non
2443 2022 2777 2091 acquiescant
2816 2023 3048 2085 veritati,
3095 2023 3317 2078 credunt
3370 2033 3548 2077 autem
3580 2025 3781 2094 iniqui-

2196 2114 2315 2175 tati,
2343 2111 2429 2165 ira
2470 2121 2518 2165 et
2542 2112 2861 2181 indignatio,
2907 2112 3183 2167 tribulatio
3213 2122 3262 2167 et
3292 2115 3542 2183 angustia
3571 2115 3628 2168 in
3662 2130 3774 2168 om-

2196 2219 2311 2256 nem
2339 2203 2576 2257 animam
2605 2202 2831 2258 hominis
2880 2204 3148 2272 operantis
3192 2204 3416 2270 malum,
3458 2204 3639 2259 Judcei
3665 2209 3778 2277 pri-

2194 2310 2338 2347 mum
2363 2304 2411 2347 et
2440 2293 2631 2349 (ἐπεὶ.
2665 2295 2851 2349 Gloria
2883 2304 3079 2363 autem,
3117 2307 3166 2351 et
3197 2296 3383 2359 honor,
3418 2307 3468 2350 et
3506 2312 3609 2365 pas:
3632 2299 3781 2351 onmi

2194 2386 2434 2453 aperanti
2469 2386 2661 2438 bonum
2684 2385 2753 2439 ⁹¹.
2791 2385 3151 2451 Sententiam,
3186 2386 3405 2449 fratres,
3460 2402 3583 2456 qua:
3614 2391 3781 2443 mise-

2194 2475 2487 2529 ricordiam
2512 2486 2656 2530 vetat
2684 2476 2751 2540 “,
2786 2491 2893 2530 non
2931 2476 3109 2529 solum
3136 2485 3341 2542 tenere,
3378 2478 3474 2531 sed
3498 2487 3552 2532 et
3578 2477 3773 2531 audire

2198 2563 2446 2635 refugite,
2478 2566 2606 2634 quia
2638 2566 2819 2634 potior
2863 2575 2946 2620 est
2977 2565 3354 2621 misericordia
3383 2567 3642 2622 omnibus
3675 2568 3777 2621 ho-

2192 2655 2652 2711 locautomatibus
2700 2666 2754 2711 et
2799 2656 3085 2711 sacriﬁciis
3138 2656 3208 2712 ”.
3250 2657 3529 2713 Consultis
3577 2659 3779 2715 vestris

2195 2748 2431 2802 breviter
2480 2749 2891 2818 respondimus,
2950 2749 3079 2817 quia
3126 2764 3419 2818 oppressos
3472 2750 3661 2816 nimis,
3719 2761 3778 2806 et

2191 2848 2603 2909 przeoccupatos
2660 2839 2783 2895 aliis
2830 2837 3077 2910 judiciis,
3135 2839 3328 2893 littera
3368 2853 3468 2894 nos
3510 2839 3775 2895 invenere

2191 2939 2406 2985 vestrae.
2433 2929 2567 2984 Data
2591 2945 2691 2985 vm
2711 2929 2837 2985 ldus
2856 2929 3131 2997 Octobris,
3159 2929 3439 2985 Antonino
3461 2939 3516 2984 et
3538 2928 3775 2985 Alexan-

2192 3023 2293 3075 dro
2317 3023 2450 3077 viris
2475 3021 2801 3077 clarissimis
2839 3021 3161 3077 consulibus
3190 3020 3256 3075 “.

2914 3273 2961 3304 “
2989 3289 3017 3326 a
3045 3273 3201 3341 lapsu
3274 3270 3319 3303 ⁸⁷
3345 3269 3503 3325 Joan.
3528 3284 3643 3329 vm,
3681 3268 3769 3322 Η.

537 3350 583 3381 ⁸⁸
606 3348 762 3404 Rom.
795 3367 871 3411 vl,
908 3352 1092 3406 12-19.
1168 3352 1214 3382 ”
1237 3351 1369 3404 Sixti
1402 3360 1541 3403 sent.
1575 3353 1691 3403 174.
1768 3353 1814 3382 ’⁸
1848 3351 2075 3403 Roman.
2101 3351 2341 3403 Correct.
2376 3349 2671 3417 pneferunt
2706 3348 2932 3401 verbum
2962 3356 3201 3417 quierunt
3232 3344 3515 3417 participio
3541 3358 3785 3417 queret!-

538 3419 694 3473 tibus.
761 3420 806 3452 ⁹¹
833 3419 989 3475 Rom.
1019 3438 1080 3485 ιι,
1108 3422 1161 3483 ὅ,
1194 3422 1278 3475 10.
1341 3423 1388 3451 ⁹¹
1411 3419 1542 3473 Sixti
1573 3429 1714 3475 sent.
1742 3421 1865 3485 528,
1899 3435 1964 3473 ex
1994 3421 2242 3473 versione
2268 3413 2447 3473 Rufini
2471 3417 2563 3487 qui
2587 3416 2721 3471 obiit
2745 3432 2833 3470 an.
2862 3413 2983 3471 Ml.
3048 3416 3096 3448 ’³
3120 3413 3280 3470 Marc.
3312 3432 3407 3469 xu.
3434 3413 3441 3414 ί
3467 3414 3514 3447 ’⁸
3538 3413 3630 3467 an.
3653 3413 3783 3470 223.

561 3607 3758 3633 π

1822 3774 1993 3818 ANNO
2045 3771 2279 3818 DOMINI
2320 3770 2576 3815 CCXXXI.

1391 3957 1565 4137 S.
1702 3945 2709 4132 UBBANUS
2857 3951 2937 4122 Ι

1735 4247 2149 4310 PONTIFEX
2202 4244 2592 4307 ROMANUS

1175 4566 1515 4631 NOTITIA
1573 4566 1689 4627 EX
1735 4564 1972 4627 [ΑΒΒο
2022 4559 2542 4624 PONTIFICALI
2584 4556 2890 4619 DAMAS]
2932 4553 3159 4616 PAPXE

526 4736 725 4800 (Mans,
752 4730 956 4795 Concil.,
980 4733 1022 4795 Ι,
1043 4731 1156 4793 747,
1175 4729 1352 4782 Varias
1368 4731 1618 4780 lectiones
1641 4729 1857 4800 adhunc
1886 4729 2047 4800 locum

2293 4722 2526 4770 ntlﬂcalis
2546 4720 2661 4769 vide
2693 4714 2996 4783 Patrologiaz
3038 4713 3222 4766 Latina!
3267 4718 3385 4763 tom.
3414 4708 3648 4772 CXXVII,
3698 4716 3778 4760 col

1654 4791 1796 4849 1558,
1822 4792 1875 4839 in
1895 4787 2161 4840 Anastasio
2182 4782 2621 4842 Bibliothecario.)

2121 4923 2189 4936 '—

602 5011 856 5071 Urbanus
881 5012 957 5086 (l)
987 5013 1210 5068 natione
1252 5010 1554 5080 Romanus,
1590 5027 1657 5068 ex
1690 5022 1846 5085 patre
1883 4994 2178 5081 Pontiano,
2205 5010 2346 5067 sedit
2392 5021 2568 5063 annos
2610 5011 2881 5074 quatuor,
2917 5015 3135 5057 menses
3172 4999 3270 5062 10,
3317 4997 3435 5053 dies
3468 4997 3535 5052 η
3563 4994 3663 5068 (2).
3702 4994 3810 5052 llic

597 5171 672 5241 (l)
716 5169 985 5225 Urbanus.
1019 5168 1157 5223 Cum
1190 5172 1659 5241 post_martyrium
1683 5169 1919 5241 Callisti,
1951 5168 2106 5241 sedes

597 5185 672 5241 (ι)
716 5185 985 5225 urbanus.
1019 5185 1157 5223 cum
1187 5185 1314 5293 post
1339 5185 1659 5241 martyrium
1683 5185 1919 5235 uatnsu,
1951 5185 2106 5223 sedes

523 5257 620 5296 sex
648 5240 842 5296 diebus
874 5248 1145 5299 vacasset,
1227 5241 1251 5293 1
1298 5237 1572 5304 Octobris,
1599 5254 1744 5293 anno
1763 5238 1968 5294 Christi
1995 5239 2108 5291 nati

520 5310 658 5380 226,,
676 5311 769 5380 qui
800 5319 886 5366 est
910 5309 1205 5365 Alexandri
1233 5310 1578 5380 imperatoris
1602 5311 1824 5380 tertius,
1851 5307 2108 5380 Urbanus

522 5378 707 5449 patria
747 5379 1028 5434 Romanus
1076 5380 1131 5449 ei
1177 5378 1548 5435 substituitur.
1598 5378 1801 5449 ,Baron.
1830 5378 2106 5449 praedicto

496 5448 705 5520 .anno,
751 5450 1059 5520 _num._ult.
1115 5448 1231 5505 Sub
1263 5450 1428 5520 hujus
1461 5448 1774 5518 pontiﬁcatu
1816 5448 2107 5518 Origenem

524 5518 907 5573 Alexandrinae
930 5517 1183 5575 Ecclesia:
1206 5517 1514 5582 subditum,
1545 5527 1903 5587 spontaneum
1921 5517 2107 5573 eunu-

521 5591 689 5669 chum
719 5589 789 5669 ab
817 5588 1125 5669 Alexandro
1153 5589 1659 5669 Hierosolymorum
1686 5591 1941 5669 episeopo
1969 5601 2104 5669 con-

526 5667 665 5711 traa

522 5727 904 5800 Alexandrinae
940 5727 1201 5800 _Ecctesiae
1257 5729 1547 5800 episcopus
1578 5798 1585 5800 ξ
1607 5730 1731 5800 jure
1798 5729 2105 5800 meritoque

522 5798 898 5869 conqueritur,
938 5796 1225 5871 ipsumque
1254 5796 1544 5870 O'rigetiem
1573 5796 1630 5855 in
1660 5799 1926 5855 laicorum
1957 5796 2105 5855 ordi-

670 5656 1006 5726 postolorum
1039 5674 1279 5715 canones
1306 5656 1615 5713 ordinatum
1649 5656 1771 5715 esse
1799 5656 2128 5718 Demetrius

2216 5181 2341 5221 nem
2370 5161 2743 5235 redigendum,
2767 5159 2918 5235 etab
2936 5156 3200 5235 exercitio
3225 5153 3546 5235 presbyterii
3570 5165 3811 5235 suspen-

2216 5237 2456 5292 dendum
2488 5223 2648 5299 'ésse,
2698 5223 2847 5286 recte
2887 5227 3131 5302 decrevit
3176 5223 3242 5302 et
3283 5223 3569 5302 admonet;
3612 5231 3806 5302 postea

2215 5307 2433 5362 tandem
2461 5292 2921 5372 excommunicat,
2945 5296 3090 5367 quod
3114 5295 3314 5372 scripta
3350 5293 3599 5372 quaedam
3617 5292 3807 5372 '.dein-

2215 5361 2344 5446 eeps
2395 5376 2466 5446 ab
2511 5387 2580 5427 eo
2630 5372 2715 5426 vel
2758 5361 3007 5446 evulg'at'a
3030 5408 3046 5433 ,
3081 5366 3181 5446 _vel
3202 5361 3243 5430 ,“
3268 5373 3328 5420 ut
3362 5361 3512 5446 ipse
3537 5361 3808 5446 Origenes

2218 5432 2553 5505 excusabat,
2580 5510 2587 5511 ί
2615 5457 2743 5511 suo_
2760 5432 2984 5494 nomine
3031 5437 3210 5511 edita,
3266 5432 3451 5490 multis
3498 5432 3809 5511 hazresibus

2220 5524 2512 5571 scaterent.
2550 5510 2684 5565 Vide
2714 5509 2914 5564 Baron.
2956 5508 3216 5578 pra-dicto
3254 5519 3400 5560 anno
3432 5511 3486 5559 et
3516 5508 3807 5571 sequenti-

2212 5586 2336 5641 bus.
2380 5585 2508 5638 Sev.
2542 5581 2658 5635 Bm.

2284 5638 2362 5727 (ξ)
2401 5652 2549 5727 §edit
2574 5665 2742 5705 annos
2772 5649 2826 5715 ι,
2859 5664 3056 5702 menses
3092 5646 3179 5727 to,
3202 5645 3312 5700 dies
3348 5643 3433 5726 ts.
3463 5640 3543 5696 Ex
3575 5638 3808 5727 vanis-

2213 5716 2304 5781 nis
2331 5716 2603 5779 indicibus
2627 5728 2842 5776 constat
2874 5733 2999 5773 eum
3039 5718 3248 5773 sedisse
3292 5716 3451 5769 annis
3476 5727 3594 5776 sex,
3621 5724 3804 5781 mens.

2216 5780 2291 5864 7,
2325 5794 2470 5851 dieb.
2504 5794 2558 5847 4.
2590 5790 2790 5849 Euseb.
2840 5789 2896 5843 in
2926 5787 3123 5844 Chron.
3156 5787 3395 5845 graviter
3441 5790 3592 5835 errat
3616 5819 3633 5849 ,
3664 5780 3805 5836 dum
