4074 6398
307 418 413 477 {33

1843 419 2145 481 NO'l'lTiA.

3478 430 3581 483 {31

305 535 439 590 fecit
471 536 778 610 ministeria
809 544 1025 610 sacrata
1047 538 1232 592 omnia
1261 547 1512 610 argentea
1545 540 1658 610 ('5)1
1679 544 1733 610 et
1764 547 1990 610 patenas
2024 549 2309 610 argenteas
2348 539 2419 593 25
2463 539 2745 610 apposuit.
2774 538 2874 594 llic
2908 555 3006 595 sua
3046 542 3335 596 traditione
3378 546 3580 600 inultos

303 607 580 684 convertit
617 608 1062 684 ad__baptismum_
1095 617 1149 661 et
1177 608 1582 684 credulitatem;
1617 607 1925 684 Tiburtium
1959 607 2122 663 etiam
2149 617 2206 684 _et
2238 607 2581 684 Yalqianum
2614 609 3027 684 nobilissimum
3066 612 3275 684 virum,
3316 628 3579 684 sponsum

303 677 792 749 sanctaeACaeciliae,
820 693 959 745 quos
990 678 1154 749 etiam
1183 693 1357 749 nsque
1395 679 1460 749 ad
1495 678 1740 749 martyrii
1771 679 2005 749 palmam
2034 680 2304 748 perduxit.
2344 678 2410 732 Et
2455 694 2548 747 per
2576 679 2698 749 ejus
2725 682 2930 733 monita
2975 689 3030 734 et
3068 677 3393 746 doctrinam,
3422 684 3579 737 multi

304 746 572 821 martyrio
611 748 861 821 coronati
889 757 1016 821 sunt
1049 747 1148 818 (4).
1191 745 1290 801 Hic
1319 747 1447 821 fecit
1485 745 1856 821 ordinationes
1890 745 2133 821 qitintjue
2168 764 2267 821 per
2290 745 2531 821 mensem
2574 745 2946 821 Decembrem:
2979 751 3325 821 presbyteros
3358 745 3580 814 novem,

255 861 278 872 -
303 815 572 891 diaconos
600 817 865 891 quinque,
894 815 1181 886 episcopos
1215 832 1309 891 per
1335 818 1550 891 diversa
1583 815 2016 891 loca_octo_.AQui
2038 815 2094 873 et
2118 815 2362 888 sepultus
2387 826 2472 873 est
2499 818 2555 873 in
2574 818 2888 875 caemeterio
2909 815 3239 888 Praetextati,
3263 821 3348 875 via
3381 821 3580 891 Appia,

302 899 399 941 vni
435 883 708 941 Kalendas
738 883 954 952 Junias‘,
980 895 1032 940 et
1063 883 1297 942 cessavit
1326 888 1671 957 episcopatus
1699 887 1817 942 dies
1844 886 1934 942 50.

1412 1238 1933 1331 NOTITIA
2007 1240 2509 1330 ALTERA.

1355 1426 1448 1489 (D.
1476 1428 1740 1488 Consum,
1774 1426 2003 1493 Epistola:
2034 1430 2169 1479 Rom.
2197 1437 2323 1492 pont.
2361 1432 2400 1491 Ι,
2429 1430 2558 1495 lli.)

374 1734 544 1808 Hunc,
558 1747 776 1803 papam,
801 1730 1109 1786 Alexandro
1133 1729 1482 1801 imperatore,
1505 1728 1732 1786 Callisto
1761 1745 1882 1785 suc-
1912 1744 1953 1791 Α
1984 1736 2278 1784 censentur
2326 1728 2670 1784 consulatus.
2715 1726 2784 1782 At
2826 1728 2882 1782 in
2931 1726 3280 1787 Bucheriano
3313 1731 3598 1805 Catalogo

300 1825 535 1882 cessisse
563 1822 832 1878 Eusebius
864 1822 920 1875 in
941 1819 1200 1876 Chronico
1231 1820 1416 1874 tradit.
1453 1818 1593 1873 Eum
1624 1818 1883 1874 Ecclesiae

300 1918 563 1973 Romanae
595 1916 908 1985 pontiﬁcatu
939 1914 1178 1967 octennio
1205 1912 1549 1982 perfunctum
1577 1927 1701 1968 esse
1733 1912 1876 1967 idem

301 2010 539 2077 scriptor
576 2006 721 2060 Hist.
763 2006 855 2061 lib.
903 2022 976 2072 v1,
1009 2021 1058 2060 c.
1085 2006 1177 2073 25,
1201 2006 1380 2060 docet.
1413 2003 1480 2058 Et
1504 2020 1630 2058 eum
1658 2003 1879 2074 quidem

300 2117 335 2153 α
379 2098 658 2153 consulatu
710 2096 941 2152 Maximi
982 2106 1033 2150 et
1069 2096 1282 2150 Aa‘liani
1325 2112 1490 2166 usque
1533 2096 1784 2166 Agricola
1831 2104 1882 2150 et

296 2167 647 2253 Cle.mentino,
676 2189 777 2244 hoc
801 2198 883 2244 est
915 2189 984 2243 ab
1013 2203 1157 2241 anno
1185 2186 1391 2243 Christi
1413 2187 1520 2241 2'25
1548 2187 1616 2243 ad
1639 2186 1744 2241 ‘230
1775 2186 1881 2242 Ec-

296 2282 521 2337 elesiam
560 2279 767 2335 rexisse
805 2295 871 2334 ex
914 2278 1258 2333 Bucheriano
1298 2279 1545 2349 catalogo
1592 2279 1877 2334 discimus.

297 2371 425 2428 Maii
461 2373 533 2428 25
561 2374 670 2441 die,
692 2387 802 2442 quo
833 2379 887 2426 et
919 2371 1240 2425 memoriam
1268 2370 1390 2441 ejus
1417 2372 1656 2426 celebrat
1686 2370 1879 2427 Eecle~

297 2466 403 2532 sia,
438 2465 642 2521 obiisse
686 2464 947 2520 creditur.
982 2460 1108 2517 Haec
1156 2469 1339 2516 autem
1391 2464 1575 2518 omnia
1621 2462 1766 2517 inter
1797 2479 1877 2532 se,

295 2572 512 2613 necnon
539 2572 663 2611 cum
694 2557 779 2621 iis,
815 2571 938 2626 quae
962 2556 1029 2610 de
1058 2554 1285 2610 Callisto
1314 2555 1703 2623 przemisimus,
1734 2570 1882 2610 com-

292 2649 424 2717 poni
449 2648 734 2702 commode
770 2653 1033 2716 possunt,
1067 2648 1114 2702 si
1158 2647 1471 2701 octennium
1504 2645 1878 2702 Eusebianum

293 2749 420 2795 octo
450 2740 699 2795 diversos
725 2739 1050 2793 consulatus
1076 2738 1466 2808 intelligamus.
1491 2737 1626 2794 Nam
1652 2740 1721 2794 ab
1747 2739 1877 2793 anni

291 2832 400 2887 225
445 2847 635 2887 mense
669 2830 912 2897 Octobri,
963 2832 1106 2886 circa
1150 2831 1311 2901 cujus
1359 2832 1566 2886 exitum
1615 2831 1878 2887 Callistus

288 2920 538 2993 pontifex
582 2931 802 2977 creatus
832 2931 1080 2991 putatur,
1114 2922 1182 2977 ad
1225 2922 1296 2976 25
1338 2921 1482 2977 diem
1521 2923 1723 2979 mensis
1749 2923 1877 2978 Maii

291 3013 424 3068 anni
453 3011 582 3080 230,
622 3028 733 3083 quo
769 3011 977 3068 Urbani
1021 3029 1171 3069 mors
1217 3014 1595 3085 consignatur,
1638 3023 1764 3070 octo
1792 3030 1877 3070 re-

1984 1835 2095 1875 non
2134 1821 2315 1876 solum
2357 1835 2533 1875 annos
2586 1818 2642 1884 8,
2690 1818 2782 1875 sed
2815 1828 2869 1874 et
2910 1831 3173 1890 praeterea
3223 1838 3445 1880 menses
3481 1827 3573 1890 11,

1986 1910 2104 1965 dies
2128 1909 2219 1978 12,
2250 1909 2308 1964 in
2336 1925 2440 1965 ms.
2468 1921 2651 1964 autem
2680 1908 2883 1980 reginae
2923 1907 3086 1965 Suec.
3124 1925 3299 1967 annos
3330 1911 3386 1977 8,
3416 1927 3573 1967 men-

1986 2018 2076 2059 ses
2106 2002 2196 2067 10,
2226 2003 2344 2059 dies
2375 2003 2462 2068 12,
2513 2002 2571 2057 in
2599 2000 2920 2059 Corbeiensi
2968 2019 3142 2059 annos
3166 2005 3221 2071 9,
3264 2020 3484 2061 menses
3518 2006 3572 2068 i.

1983 2096 2101 2152 dies
2130 2095 2192 2149 ll
2232 2093 2445 2150 sedisse
2493 2094 2810 2151 adnotatur.
2852 2093 2958 2151 Sed
3001 2097 3130 2166 quia
3171 2096 3227 2151 in
3262 2098 3576 2153 numericas

1983 2195 2144 2243 notas
2176 2202 2332 2242 error
2367 2184 2529 2241 facile
2554 2187 2767 2255 irrepit,
2813 2188 2949 2242 adeo
2996 2196 3057 2241 ut
3087 2204 3186 2257 pro
3208 2199 3333 2244 octo
3366 2188 3576 2245 Urbani

1982 2277 2257 2349 pontificis
2300 2278 2458 2333 annis
2501 2276 2557 2332 in
2606 2292 2717 2333 uno
2761 2276 3076 2333 Colbertino
3114 2277 3183 2332 ιν
3215 2281 3346 2335 etin
3373 2279 3576 2337 Fossa-

1981 2370 2125 2426 tensi
2158 2368 2227 2423 Ill
2286 2377 2500 2424 tantum
2532 2368 2807 2441 legantur,
2851 2368 3163 2424 haerendum
3209 2373 3392 2440 potius
3421 2373 3575 2428 vide-

1944 2483 1946 2486 ν
1981 2470 2073 2517 tur
2107 2461 2386 2518 consulari
2414 2470 2578 2524 notae,
2609 2476 2717 2529 qua
2752 2458 2959 2515 Urbani
2994 2462 3350 2531 pontiﬁcatus
3387 2478 3419 2517 a
3451 2462 3571 2519 Ma-

1982 2556 2117 2610 ximi
2151 2564 2206 2611 et
2228 2553 2446 2610 JEliani
2489 2554 2779 2609 consulatu
2815 2553 2883 2607 ad
2924 2554 3271 2613 consulatum
3301 2554 3575 2626 Agricolae

1980 2656 2035 2703 et
2062 2646 2390 2703 Clementini
2417 2647 2470 2700 in
2502 2644 2846 2701 Bucheriano
2867 2645 3120 2717 catalogo
3148 2646 3428 2701 delinitur.

2048 2736 2261 2793 Urbani
2290 2737 2502 2791 nullum
2547 2737 2614 2792 ad
2664 2752 2766 2793 nos
2815 2738 3059 2807 pervenit
3104 2737 3405 2807 genuinum
3437 2738 3576 2793 scri-

1980 2840 2155 2901 ptum.
2188 2829 2267 2885 Ea
2299 2812 2499 2901 quippe
2543 2830 2796 2900 epistola,
2832 2846 2958 2900 quae
2999 2830 3221 2886 nomine
3270 2830 3419 2886 illius
3464 2831 3574 2886 cir-

1980 2922 2305 2989 cumfertur,
2344 2922 2614 2978 lsidorum
2661 2921 3020 2977 Mercatorem
3067 2920 3319 2992 opiﬁcem
3366 2923 3570 2977 habet:

1982 3017 2230 3085 adeoque
2260 3014 2329 3070 ab
2356 3014 2477 3085 ejus
2502 3014 2826 3070 collectione
2853 3028 2964 3068 non
3004 3022 3090 3068 est
3122 3014 3500 3070 distrahenda.

286 3169 368 3224 illi
411 3185 586 3225 annos
617 3183 814 3224 novem
862 3168 1106 3225 ascribit.
1141 3167 1340 3224 Baron.
1380 3183 1526 3225 anno
1561 3168 1689 3237 255,
1720 3184 1874 3225 num.
1913 3177 1957 3232 Β
1982 3178 2116 3226 nutu
2164 3184 2231 3225 ac
2272 3142 2506 3225 consilio
2556 3168 2755 3224 accidit
2809 3176 2869 3225 ut
2915 3167 3226 3223 Alexander
3272 3167 3576 3238 imperator

285 3241 341 3294 1.
373 3238 500 3294 ὃκν.
542 3239 658 3293 BIN.

364 3310 441 3381 (5)
484 3309 586 3363 Hic
618 3310 741 3381 fecit
785 3308 1082 3381 ministeria
1122 3319 1337 3363 sacrata
1377 3308 1558 3381 omnia
1602 3316 1873 3379 argentea.

285 3379 388 3435 His
436 3380 770 3448 temporibus
796 3379 1096 3434 Ecclesiam
1136 3394 1246 3433 non
1295 3380 1460 3435 modo
1509 3379 1731 3444 vitreis,
1781 3380 1877 3434 sed

283 3452 454 3506 etiam
489 3450 759 3518 argenteis
789 3449 1073 3514 calicibus,
1115 3449 1316 3518 quibus
1350 3450 1682 3515 abundabat,
1715 3464 1872 3504 usam

282 3521 491 3582 fuisse,
536 3530 899 3589 praeterquam
941 3520 1087 3588 quod
1133 3519 1222 3574 hic
1266 3519 1414 3573 aliud
1451 3528 1770 3589 asseratur,
1806 3534 1874 3574 ex

284 3588 898 3659 Gregorii'l‘uronensis
926 3590 1397 3655 commentariolo,
1423 3605 1598 3660 quem;
1614 3590 1688 3643 De
1702 3588 1876 3660 gloria

283 3658 584 3728 martyrum
639 3659 898 3728 scripsit,
953 3674 1284 3729 cognoscere
1335 3658 1494 3726 licet,
1546 3658 1641 3714 ubi
1695 3658 1871 3729 dicit:

282 3730 458 3785 multa
488 3744 641 3783 sacra
670 3728 1050 3785 ministerialia
1078 3744 1209 3784 vasa
1237 3744 1302 3784 ex
1334 3737 1559 3799 argento
1589 3728 1837 3784 coniecta
1856 3770 1872 3795 ,

283 3801 508 3854 inventa
540 3814 683 3864 esse,
711 3800 840 3854 dum
882 3808 1070 3869 crypta
1110 3799 1225 3868 illa,
1259 3800 1311 3853 in
1342 3798 1452 3868 qua
1481 3798 1682 3869 ﬁdeles
1717 3814 1872 3855 saera

283 3876 510 3940 agentes
551 3869 756 3923 occlusi
795 3868 1041 3935 fuerant,
1086 3868 1738 3940 refoderetur.lmo_non
1780 3885 1872 3922 ar-

280 3938 499 4009 genteis
543 3948 788 4005 tantum,
836 3940 929 3994 sed
972 3947 1029 3993 et
1066 3940 1248 3995 aureis
1290 3938 1553 3995 calicibus
1594 3938 1873 3993 Romanos

279 4009 572 4079 pontiﬁces
615 4010 763 4080 circa
803 4009 919 4067 hac
954 4016 1199 4079 tempora
1240 4009 1589 4080 incruentum
1626 4009 1873 4080 corporis

276 4078 350 4134 ac
408 4080 695 4148 sanguinis
752 4079 979 4133 Domini-
1013 4078 1345 4134 sacriﬁcium
1396 4078 1592 4134 offerre
1634 4078 1873 4148 consuen

277 4149 451 4221 visse,
478 4147 811 4221 Prudentius
842 4150 895 4221 in
930 4151 1136 4221 hymno
1162 4150 1229 4204 de
1251 4151 1419 4205 rebus
1450 4148 1616 4218 gestis
1648 4147 1707 4221 ξ.
1736 4147 1874 4221 [λεω-

276 4219 447 4273 rentii
471 4220 694 4285 indicat,
718 4217 991 4285 versibus,
1019 4218 1221 4288 quibus
1243 4217 1627 4289 persecutores
1651 4217 1874 4283 S.,Lau-

271 4289 516 4344 rentium
547 4289 986 4359 interpellarunt,
1022 4289 1202 4345 hisce:

605 4402 766 4474 lianc
788 4418 899 4456 esse
931 4403 1115 4457 vestris
1149 4403 1310 4474 orgiis

605 4472 931 4542 ﬂoremque,
957 4482 1007 4526 et
1040 4472 1228 4537 artem,
1252 4473 1522 4540 proditum
1549 4479 1662 4535 est;

602 4541 762 4597 Hanc
790 4541 1131 4611 disciplinam
1157 4543 1368 4609 [traderis

601 4612 789 4666 Libent
817 4621 874 4666 ut
899 4629 1032 4667 auro
1061 4614 1343 4676 antistites,

605 4683 873 4753 érgenteis
905 4684 1115 4753 scyphis
1143 4684 1340 4752 ferunt,

599 4751 836 4824 Fu‘mare
862 4751 1076 4808 sacram
1098 4751 1437 4824 sanguinem:

598 4823 846 4892 Auroque
867 4826 1137 4877 nocturnis
1163 4824 1330 4877 sacris

599 4892 793 4947 Astare
814 4893 952 4963 ﬁxos
978 4910 1172 4949 cereos.

350 5007 489 5065 Cum
541 5007 708 5078 igitur
757 5009 880 5064 hac.
911 5023 989 5069 ex,
1025 5015 1180 5077 parte
1229 5005 1573 5078 Christiana;
1606 5003 1863 5078 Ecclesia:

316 5077 455 5149 loria
490 5074 811 5149 crésceret,
855 5074 1035 5149 regale
1068 5077 1461 5149 sacerdotium
1516 5076 1719 5149 Christi
1766 5074 1861 5149 his

305 5147 587 5219 ulgorihus
619 5156 672 5203 et
699 5142 1035 5203 oruame'ntis
1064 5147 1450 5213 illustraretur,
1483 5161 1590 5199 non
1617 5146 1736 5198 sine
1765 5142 1859 5198 Dei

1983 3240 2201 3309 templis
2244 3239 2473 3294 deorum
2537 3238 2863 3309 gentilium,
2918 3254 3118 3309 aurum
3174 3246 3226 3292 et
3282 3247 3571 3309 argentum

1979 3306 2220 3380 conferri
2245 3324 2387 3380 aegre
2413 3306 2617 3374 tulerit,
2651 3308 2893 3380 illudque
2918 3306 3114 3375 Persii,
3139 3318 3201 3362 ut
3224 3306 3391 3363 refert
3417 3306 3574 3363 Lam-

1979 3379 2213 3449 pridius,
2245 3378 2562 3448 frequenter
2593 3379 2927 3435 susurrarit:

2252 3524 2255 3525 ν
2341 3489 2409 3545 In
2439 3490 2629 3559 templo
2659 3490 2787 3562 quid
2819 3491 2952 3560 facit
2987 3491 3221 3544 aurum?

1976 3603 2044 3658 Et
2068 3604 2287 3660 demum
2321 3603 2614 3674 singularis
2647 3602 2847 3659 divinae
2879 3603 3253 3675 providentiae
3273 3618 3413 3675 opus
3445 3621 3569 3662 esse

1974 3675 2212 3738 videtur,
2241 3675 2387 3745 quod
2414 3690 2612 3729 aurum
2645 3684 2700 3728 et
2725 3685 3035 3745 argentum,
3072 3674 3300 3745 templis
3318 3674 3573 3745 ethnico-
3652 3713 3657 3717 ς

1973 3760 2098 3799 rum
2131 3742 2275 3816 jamf
2282 3754 2411 3816 ante
2448 3745 2726 3816 collatum.
2746 3742 2859 3816 per
2887 3742 3246 3816 Maximinum
3275 3743 3573 3801 Alexandri

1974 3814 2349 3871 successorem
2383 3815 2524 3869 istuc
2554 3814 2782 3880 auferri,
2808 3822 3019 3869 statuas
3045 3814 3295 3878 deorum,
3323 3829 3573 3870 omnem-

1974 3900 2081 3954 que
2113 3886 2398 3940 materiam
2434 3887 2677 3939 nummis
2714 3884 3017 3940 condendis
3044 3884 3302 3954 idoneam
3339 3885 3570 3940 conﬂari

1974 3952 2312 4024 permiserit:
2341 3955 2589 4024 adeoque
2614 3954 2846 4024 voluerit
2873 3954 3014 4017 ﬁeri,
3043 3955 3188 4022 quod
3220 3952 3240 4006 1
3275 3952 3409 4024 Regi.
3441 3971 3566 4024 cap.

1974 4023 2005 4078 v
2024 4025 2308 4107 scribitur,
2340 4040 2464 4079 area
2496 4023 2706 4081 Scilicet
2735 4023 2830 4106 Dei
2853 4023 3565 4145 apprprinquante,Dagon

1974 4094 2418 4145 Philisthmorum
2453 4094 2619 4145 deum
2651 4092 2959 4145 confringi:
2990 4092 3025 4145 tl
3050 4108 3138 4145 am
3166 4093 3378 4145 extolli.
3417 4094 3565 4145 hunc

1973 4094 2418 4150 Philisthteorum
2453 4094 2619 4150 deum
2651 4092 2959 4164 confringi;
2988 4092 3378 4164 illamd’extolli,
3417 4092 3568 4149 hunc

1972 4164 2165 4236 dejic‘i;
2212 4165 2360 4220 illam
2404 4165 2574 4236 gloria
2610 4172 2665 4219 et
2701 4162 2909 4236 honore
2943 4163 3102 4229 allici,
3133 4162 3280 4236 hunc
3308 4177 3440 4236 vero
3471 4164 3569 4236 de-

1969 4232 2175 4304 iectum
2205 4232 2464 4291 universo
2492 4249 2692 4289 ornatu
2728 4241 2783 4288 et
2821 4233 3022 4288 decore
3058 4232 3186 4287 exui
3218 4241 3272 4288 et
3299 4232 3563 4301 spoliari;

1973 4305 2299 4361 Christianae
2336 4304 2613 4374 religionis
2661 4305 2900 4375 gloriam
2935 4317 3184 4375 crescere
3208 4343 3223 4368 ,
3284 4304 3567 4373 gentilitia:

1973 4372 2685 4444 superstitionishonorem
2732 4372 2903 4444 minui
2932 4381 2987 4427 et
3003 4372 3230 4444 penitus
3255 4375 3562 4428 obscurari.

1975 4441 2177 4501 Ba—ron.
2205 4460 2352 4500 anno
2378 4442 2585 4498 Christi
2614 4443 2742 4503 253,
2768 4459 2824 4496 ιι.
2860 4442 2975 4512 {et
3000 4441 3054 4497 3.
3100 4441 3236 4498 Vide
3272 4458 3395 4512 quae
3421 4445 3566 4499 dixi-

1898 4524 1941 4580 (ζ
1974 4530 2098 4570 mus
2130 4529 2296 4584 supra
2329 4514 2382 4585 in
2419 4514 2560 4568 notis
2583 4514 2650 4568 ad
2678 4512 2863 4585 Vitam
2886 4511 3310 4585 ZephyriniJo.

2049 4584 2126 4655 (4)
2167 4583 2274 4638 Per
2309 4583 2657 4655 ejusAm0n_ita
2696 4592 2755 4655 et
2775 4583 3269 4655 doctrinam‘multi
3302 4584 3563 4655 martyrio

1979 4650 2218 4707 coronati
2245 4650 2390 4708 sunt.
2417 4652 2521 4719 Qui
2551 4652 2880 4717 Tiburtium,
2919 4650 3269 4707 Valerianum
3302 4662 3356 4706 et
3384 4650 3564 4705 Maxi—

1978 4739 2130 4778 mum
2159 4724 2284 4779 eum
2312 4735 2501 4779 sancta
2527 4723 2742 4779 Caecilia
2774 4724 2827 4776 in
2857 4722 2962 4777 lide
2990 4722 3344 4787 instruxerat,
3383 4720 3563 4790 bapti—

1977 4805 2217 4859 zaverat,
2247 4802 2302 4849 et
2321 4794 2587 4863 adversus
2614 4795 2782 4849 ictum
2814 4792 2976 4863 gladii
3008 4793 3225 4863 hortatu
3256 4806 3358 4847 suo
3371 4791 3563 4863 _obiir-

1976 4873 2240 4928 maverat,
2272 4862 2493 4919 tandem
2520 4864 2640 4933 ipse
2673 4859 2892 4933 quoque
2918 4862 3089 4916 multa
3127 4872 3347 4931 prepter
3371 4859 3560 4916 Eccle-

1974 4933 2112 4988 siam
2139 4950 2357 5004 passus,
2387 4932 3003 5004 cervicibus:abscissis,
3035 4933 3297 5004 martyrio
3326 4944 3561 4986 corona-

1968 5012 2058 5057 tus
2098 5001 2215 5071 est,
2255 5020 2401 5059 anno
2433 5004 2637 5059 Christi
2682 5002 2821 5069 255,
2869 5001 3558 5071 Alexandriimperatoris

1967 5072 2076 5196 l40,
2125 5075 2390 5196 γεθείωο
2444 5074 2638 5145 quinto
2690 5072 2777 5128 die
2833 5071 2980 5127 Maii.
3039 5070 3241 5125 Baron.
3298 5070 3558 5142 praedicto

1983 5155 2107 5196 ‘oco.
2162 5160 2217 5196 ι).

1987 5159 2107 5199 OCO.
2142 5159 2217 5201 II}.
