4074 6378
1825 356 1883 411 S.
1928 352 2188 413 URBANI
2230 354 2249 411 Ι
2284 356 2489 412 ιἈΡΑι

559 527 3789 561 ..._____________________________________

1252 709 1415 863 S.
1546 705 2258 867 URBANI
2363 711 2430 859 Ι
2544 706 3086 863 ΡΑΡλίΕ

779 978 865 1061 (⁵)
951 999 1645 1114 EPISTOLA
1757 1003 1940 1113 AD
2049 999 2531 1115 OMNES
2631 1006 3602 1122 CHRISTIANOS

1657 1220 1860 1284 (Maass,
1888 1220 2073 1271 Concil.
2104 1221 2321 1281 Collect.,
2346 1229 2381 1271 t.
2414 1223 2451 1281 l,
2481 1237 2526 1285 p.
2554 1224 2687 1279 τις.)

534 1520 610 1571 De
644 1535 706 1572 eo
732 1522 863 1584 quod
891 1521 1112 1584 Ecclesia
1136 1519 1280 1568 modo

1371 1522 1649 1584 ssessiones
1673 1519 1900 1584 [idolium
1928 1518 2124 1579 recipit,
2155 1524 2205 1566 et
2230 1532 2329 1566 non
2355 1522 2572 1581 pretium
2596 1519 2882 1584 earumdem
2912 1533 3075 1567 rerum
3101 1525 3234 1570 sicut
3274 1521 3579 1583 temporibus
3617 1537 3712 1584 apo

3713 1528 3817 1570 sto-

599 1577 783 1641 lorum';
810 1590 864 1634 et
897 1597 985 1632 cur
1006 1583 1156 1630 sedes
1176 1577 1394 1646 excelsae
1416 1585 1464 1628 in
1493 1582 1721 1646 ecclesiis
1743 1577 2104 1646 episcoporum
2117 1577 2490 1646 praeparentur;
2520 1588 2574 1629 et
2598 1588 2653 1629 ut
2677 1583 2769 1641 eis,
2783 1595 2909 1643 quos
2932 1577 3616 1646 episcOpiexcomniunicant,
3646 1577 3817 1634 nullus

598 1648 959 1705 communicet;
984 1652 1038 1694 et
1061 1657 1189 1706 quos
1214 1645 1311 1705 ipsi
1334 1656 1537 1704 quoquo
1562 1642 1708 1691 modo
1732 1644 1997 1703 ejecerint,
2024 1642 2191 1689 nullus
2212 1643 2438 1703 recipiat.

605 1780 647 1833 l.
691 1777 767 1830 De
797 1779 909 1831 vita
935 1776 1226 1838 communi,
1248 1783 1297 1827 et
1326 1790 1487 1843 quam
1518 1773 1579 1827 ob
1609 1790 1828 1827 causam
1867 1771 2105 1826 Ecclesia
2137 1775 2485 1841 possessiones
2507 1773 2695 1826 habere
2718 1775 2947 1840 coeperit.

604 1849 667 1902 Il.
704 1848 747 1900 Α
771 1848 959 1915 quibus
987 1845 1063 1901 vel
1086 1846 1142 1898 in
1173 1861 1300 1913 quos
1332 1861 1458 1915 usus
1485 1861 1565 1897 res
1600 1843 1971 1915 ecclesiastica:
1993 1843 2385 1911 dispensentur,
2408 1853 2457 1895 et
2481 1844 2545 1895 de
2568 1844 2895 1897 invasoribus
2919 1859 3122 1896 earum.

604 1918 691 1971 Ill.
736 1913 796 1971 Si
821 1917 939 1985 quis
967 1916 1031 1969 ab
1068 1915 1304 1967 Ecclesia
1320 1914 1746 1985 juspossidendi
1773 1913 1994 1966 avellere
2028 1923 2326 1966 tentarent.

604 1987 691 2042 IV.
740 1987 811 2040 De
837 1983 1103 2039 cathedris
1129 1983 1532 2053 episcopalibus.

606 2057 673 2113 V.
721 2056 790 2111 Ut
823 2056 1001 2109 nullus
1028 2052 1373 2109 communicet
1396 2054 1484 2116 iis,
1519 2054 1708 2122 quibus
1737 2052 2009 2124 episcopus
2034 2068 2134 2106 non
2159 2053 2534 2115 communicat,
2563 2052 2642 2106 rel
2674 2053 2891 2120 recipiat
2921 2069 3050 2122 quos
3076 2053 3167 2107 ille
3196 2054 3465 2124 abjeeerit.

608 2127 697 2181 Vl.
740 2126 818 2180 De
846 2125 1123 2191 sponsione
1148 2126 1203 2177 in
1229 2124 1488 2191 baptismo
1519 2124 1686 2191 lucta,
1726 2132 1775 2175 et
1811 2123 1874 2175 de
1906 2123 1972 2175 iis
1999 2124 2090 2192 qui
2120 2139 2447 2177 communem
2467 2124 2628 2176 vitam
2652 2132 3009 2191 susceperunt.

599 2198 714 2254 V'll.
760 2197 835 2251 De
868 2195 1202 2265 impositione
1237 2210 1424 2247 manus
1456 2193 1792 2261 episcopalis.

606 2320 858 2375 [Insanus
891 2319 1180 2388 episcopus
1215 2316 1472 2371 omnibus
1506 2316 1857 2380 Christianis,
1892 2316 1945 2370 in
1983 2330 2109 2371 san-
2141 2320 2184 2377 Α
2214 2316 2452 2370 dentium
2474 2326 2589 2370 erat
2618 2333 2710 2370 cor
2747 2332 2911 2369 unum
2954 2325 3003 2370 et
3030 2318 3211 2370 anima
3240 2333 3369 2382 una,
3397 2335 3491 2372 nec
3532 2321 3811 2390 quisquam

527 2408 908 2467 ctilicationcm
924 2409 1182 2477 Spiritus,
1212 2409 1265 2461 in
1287 2406 1649 2462 obedientiam
1673 2417 1728 2465 et
1746 2406 2120 2476 aspersionem

525 2504 811 2575 sanguinis
843 2500 1054 2557 Domini
1078 2501 1250 2556 nostri
1279 2498 1409 2555 Jesu
1428 2499 1654 2564 Christi,
1684 2500 1936 2556 salutem.

598 2595 763 2650 Decet
814 2608 1008 2648 omnes
1048 2590 1425 2654 Christianos,
1486 2586 1840 2651 charissimi,
1890 2597 1951 2643 ut
1991 2604 2118 2642 eum

524 2687 827 2749 imitentur,
883 2684 1042 2753 cujus
1088 2697 1286 2737 nomen
1321 2680 1503 2735 sortiti
1530 2689 1680 2734 sunt.
1712 2678 1856 2744 Quid
1880 2679 2115 2749 prodest,

523 2779 719 2846 fratres
748 2777 872 2843 mei,
901 2774 1138 2829 Jacobus
1193 2772 1476 2843 aposwlus
1519 2772 1618 2836 ait,
1663 2772 1710 2824 si
1766 2769 1923 2839 fidem
1995 2770 2115 2839 quis

520 2868 669 2920 dicat
697 2882 752 2919 se
775 2864 985 2929 habere,
1015 2878 1175 2931 opera
1232 2871 1409 2914 autem
1473 2875 1578 2913 non
1646 2859 1881 2913 habeat?
1931 2858 2116 2912 Nolite

520 2957 698 3026 plures
751 2954 995 3023 magistri
1044 2952 1192 3021 ﬁeri,
1248 2951 1439 3015 fratres
1497 2948 1642 3013 mei,
1699 2950 1921 3005 scientes
1984 2964 2116 3017 quo-

520 3051 668 3103 niam
717 3046 892 3116 majus
933 3043 1201 3113 judicium
1244 3041 1478 3094 sumitis.
1523 3038 1589 3093 In
1629 3039 1813 3092 multis
1857 3039 1995 3092 enim
2032 3036 2143 3107 of?

518 3138 781 3211 fendimus
812 3151 1010 3190 omnes.
1037 3133 1143 3200 Qui
1175 3133 1384 3201 sapiens
1405 3141 1454 3185 et
1477 3130 1851 3200 disciplinatus
1876 3140 1953 3184 est
1979 3130 2117 3184 inter

516 3243 630 3291 eos,
654 3224 897 3281 ostendat
919 3239 984 3278 ex
1011 3223 1145 3276 bona
1169 3221 1561 3276 conversatione
1583 3220 1939 3289 operationem
1960 3235 2113 3274 suam

516 3321 573 3374 in
600 3317 1004 3373 mansuetudine
1033 3316 1308 3384 sapientite
1338 3316 1375 3369 ‘.

587 3519 806 3575 Scimus
829 3523 849 3552 ³
883 3534 980 3575 vos
1010 3535 1118 3573 non
1138 3519 1394 3585 ignorare
1418 3519 1518 3589 (6),
1543 3518 1673 3589 quia
1703 3517 1972 3572 hactenus
1995 3516 2107 3570 vita

513 3611 828 3668 communis
857 3612 997 3666 inter
1028 3612 1203 3665 honos
1228 3610 1248 3641 ³
1278 3610 1624 3664 Christianos
1647 3608 1837 3678 viguit,
1855 3617 1908 3663 et
1932 3607 2112 3662 adhuc

2224 2424 2405 2461 eorum
2431 2424 2549 2476 qua-
2571 2408 2893 2477 possidebat,
2921 2409 3124 2478 aliquid
3147 2427 3300 2464 suum
3326 2427 3437 2464 esse
3463 2411 3692 2478 dicebat,
3719 2412 3809 2464 sed

2223 2508 2373 2552 erant
2397 2498 2506 2554 illis
2536 2500 2713 2552 omnia
2737 2500 3059 2555 communia.
3094 2500 3161 2553 Et
3211 2503 3401 2556 virtute
3454 2518 3648 2572 magna
3689 2503 3806 2556 red-

2220 2590 2413 2671 debant
2471 2592 2700 2662 apostoli
2774 2594 3136 2647 testimonium
3210 2597 3610 2649 resurrectionis
3676 2594 3808 2648 Iesu

2218 2682 2442 2737 Christi.
2479 2682 2548 2737 Et
2572 2684 2750 2754 gratia
2778 2700 2972 2753 magna
2993 2696 3108 2737 erat
3132 2686 3188 2739 in
3209 2686 3518 2741 omnibusil.
3531 2688 3597 2740 is.
3628 2685 3813 2757 Neque

2217 2775 2356 2827 enim
2407 2775 2686 2844 quisquam
2714 2790 2865 2844 egens
2893 2786 3005 2828 erat
3036 2777 3170 2830 inter
3195 2777 3338 2830 illos.
3372 2775 3640 2847 Quotquot
3668 2779 3810 2831 enim

2217 2880 2541 2933 possessores
2572 2880 2848 2933 agrorum,
2874 2875 2965 2918 aut
3011 2859 3290 2919 domorum
3311 2877 3483 2934 erant,
3512 2869 3807 2933 uendentes,

2218 2958 2509 3027 a/ferebant
2543 2959 2715 3027 pretia
2740 2973 2922 3011 eorum
2946 2974 3064 3027 qua:
3092 2959 3404 3025 vendebant,
3453 2968 3503 3013 et
3547 2958 3810 3028 ponebant

2218 3059 2338 3103 ante
2364 3049 2518 3118 pedes
2546 3049 2928 3118 apostolorum.
2960 3049 3309 3103 Dividebatur
3333 3061 3509 3103 autem
3558 3049 3806 3120 singulis,

2216 3152 2370 3211 prout
2403 3140 2591 3209 cuique
2623 3157 2753 3209 opus
2783 3152 2921 3195 erat.
2953 3139 3148 3209 Ioseph
3180 3151 3377 3208 autem,
3410 3142 3498 3210 qui
3541 3144 3808 3212 cognomi-

2217 3241 2372 3285 natus
2402 3239 2479 3285 est
2504 3229 2784 3284 Barnabas
2812 3230 2877 3283 ab
2909 3231 3188 3299 apostolis,
3221 3232 3358 3301 quod
3388 3244 3461 3285 est
3491 3233 3811 3303 interpreta-

2217 3335 2349 3389 tum,
2369 3322 2516 3392 ﬁlius
2549 3321 2949 3387 consolationis,
2983 3322 3185 3377 Levites
3233 3334 3282 3377 et
3322 3321 3550 3393 Cyprius
3599 3342 3803 3395 genere,

2214 3432 2331 3469 cum
2360 3415 2570 3470 haberet
2598 3414 3057 3485 agrum,vendidit
3086 3414 3261 3479 illam,
3285 3423 3334 3467 et
3362 3416 3546 3467 attulit
3571 3417 3803 3484 pretium

2204 3508 2337 3562 ante
2363 3509 2517 3577 pedes
2548 3506 2910 3576 apostolorum
2937 3507 2980 3571 ⁸,
3006 3519 3060 3561 et
3090 3507 3323 3577 reliqua.
3362 3507 3622 3563 Videntes
3671 3522 3804 3579 ergo

2214 3601 2527 3656 sacerdotes
2555 3598 2757 3655 summi
2782 3605 2836 3651 ct
2863 3597 2954 3652 alii
2979 3599 3021 3660 ⁸,
3047 3607 3209 3667 atque
3240 3597 3463 3664 Levitae,
3509 3607 3563 3653 et
3606 3599 3801 3671 reliqui

514 3703 692 3775 gratia
720 3701 814 3757 Dei
848 3703 1017 3772 viget,
1038 3712 1093 3755 et
1125 3702 1363 3756 maxime
1401 3702 1543 3755 inter
1564 3715 1662 3755 eos
1687 3677 1783 3769 qui
1815 3699 1867 3755 in
1899 3708 2105 3756 sortem
2143 3677 2183 3731 Β
2215 3694 2422 3762 ﬁdeles,
2453 3695 2577 3764 plus
2602 3691 2855 3749 utilitatis
2886 3706 3048 3761 posse
3070 3691 3286 3754 alferre,
3308 3692 3353 3745 si
3380 3689 3725 3745 lxaareditates
3747 3700 3803 3745 ct

512 3793 733 3850 Domini
764 3803 891 3851 sunt
923 3794 1082 3849 electi
1111 3795 1154 3856 δ.
1186 3794 1238 3847 id
1264 3801 1369 3857 est,
1394 3793 1645 3859 clericos,
1678 3793 1824 3848 sicut
1858 3792 1912 3845 in
1955 3791 2105 3846 Acti-

508 3887 615 3944 bus
643 3887 841 3959 legitur
889 3888 1265 3958 apostolorum
1303 3906 1316 3941 :
1352 3884 1717 3941 Multitudinis
1766 3893 1944 3939 autem
1987 3899 2100 3938 cre-

587 3998 602 4028 '
634 3995 826 4053 Jacob.
864 4013 928 4064 ιι,
966 3998 1051 4051 14.
1142 4000 1162 4030 ²
1186 3998 1392 4064 Quaest.
1421 4015 1435 4051 :
1461 3995 1683 4052 Scimus
1718 4011 1817 4052 vos
1848 4011 1962 4052 non
1999 3997 2114 4068 ign.

508 4067 602 4123 57.
677 4069 698 4100 ‘
722 4068 926 4135 Quaest.
957 4068 983 4121 1
1018 4086 1029 4121 :
1067 4068 1347 4138 Videntes,
1370 4078 1557 4123 autem
1597 4068 1933 4124 sacerdotes.

604 4190 657 4260 5)
678 4189 831 4260 Ficta
853 4199 906 4245 et
937 4189 1223 4260 supposita
1250 4189 1393 4259 apud
1426 4188 1575 4260 viros
1612 4188 1803 4260 doctos
1848 4188 2100 4260 habetur.

600 4258 655 4331 6)
688 4259 897 4331 Scimus
918 4258 1145 4331 vos'rnon
1182 4258 1445 4331 ignorare.
1463 4258 1628 4331 Docet
1652 4259 1756 4312 hoc
1779 4259 1901 4331 loco
1925 4259 1982 4314 S.
2007 4259 2107 4315 Ur-

507 4329 688 4387 banus
715 4330 985 4397 pontifex,
1022 4330 1181 4385 initio
1205 4329 1492 4392 Ecclesiae,
1530 4330 1689 4397 juxta
1724 4330 2100 4387 testimonium

510 4401 672 4456 Lucae
701 4399 848 4466 Act.,
881 4415 1003 4469 cap.
1033 4416 1108 4465 1v,
1145 4402 1503 4456 consuevisse
1536 4400 1656 4468 pios
1692 4399 1943 4455 homines
1974 4417 2103 4469 pos-

507 4470 787 4540 sessiones
812 4484 1003 4540 rerum,
1022 4485 1248 4524 suarum
1277 4471 1603 4533 distrahere,
1637 4484 2101 4540 earumquwpre-

507 4541 643 4596 tium
679 4538 941 4594 Ecclesiis
974 4539 1179 4594 donare
1215 4557 1229 4593 :
1263 4542 1357 4595 sed
1391 4540 1520 4609 quia
1552 4541 1814 4609 eoimodo
1854 4538 2101 4609 prtesenu

505 4612 656 4666 tibus
685 4610 972 4672 duntaxat,
1011 4624 1120 4663 non
1168 4618 1349 4663 autem
1386 4608 1587 4664 futuris
1631 4608 1889 4665 Ecclesiae
1932 4610 2098 4665 mini—

503 4682 637 4735 stris
660 4679 1067 4749 providebatur,
1097 4679 1341 4734 decernit
1370 4680 1543 4749 magis
1572 4695 1603 4733 e
1636 4694 1696 4733 re
1716 4689 1773 4735 et
1804 4680 2096 4737 commodo

504 4748 766 4820 Eectesiae
830 4749 1113 4820 futurum,
1178 4748 1226 4820 s_i
1279 4750 1427 4820 ipsae
1467 4748 1651 4820 rerum
1708 4750 2090 4820 possessiones

504 4819 764 4874 Ecclesia:
825 4819 1119 4876 donentur.
1178 4818 1245 4873 Et
1297 4819 1495 4875 merito
1543 4838 1556 4873 :
1607 4819 1655 4874 si
1709 4817 1868 4875 enim
1923 4817 2088 4875 Levi-

504 4893 575 4946 tis
607 4889 809 4945 veteris
827 4865 1170 4944 Testamenti
1194 4958 1199 4959 ί
1222 4865 1409 4944 divino
1459 4865 1585 4959 jure
1607 4865 1946 4945 concessum
1972 4865 2083 4953 est,
2118 4865 2160 4924 (δ

501 4971 564 5015 ιιι
618 4960 784 5015 urbes
831 4959 901 5015 ad
948 4958 1329 5024 habitandum,
1379 4960 1694 5015 suburbana
1737 4959 1805 5013 ad
1831 4960 2084 5015 alendum

503 5046 703 5100 pecora
750 5028 1087 5099 possideant,
1117 5044 1281 5099 agros
1311 5038 1365 5084 et
1392 5030 1578 5085 vineas
1616 5044 1686 5100 es
1711 5029 2082 5085 oblationibus

501 5098 690 5171 populi
711 5098 858 5171 licito
885 5108 1093 5171 emant,
1130 5098 1277 5154 licito
1311 5100 1477 5154 etiam
1500 5098 1809 5171 dis_t_r_ab_ant
1856 5113 1919 5152 ac
1960 5114 2086 5153 ven-

501 5162 653 5238 dant,
704 5169 856 5234 quod
912 5162 1090 5223 Levit.
1132 5184 1254 5238 cap.
1295 5185 1425 5235 xxv,
1475 5177 1532 5223 et
1578 5162 1646 5219 ΙΙΙ
1690 5167 1824 5237 Reg.
1865 5183 1987 5236 cap.
2017 5184 2079 5232 ιι,

502 5236 612 5295 Jer.
643 5236 766 5313 Cap.
801 5262 955 5304 xxxii
988 5278 1006 5305 ,
1041 5240 1162 5294 Act.
1194 5236 1319 5313 cap.
1364 5255 1438 5307 1v,
1468 5238 1619 5313 satis
1649 5236 1833 5313 aperte
1864 5238 2084 5313 indica-

501 5318 620 5379 tur;
673 5307 783 5377 quo
822 5326 967 5378 jure,
1001 5324 1178 5379 quave
1220 5307 1435 5364 ratione
1467 5308 1574 5363 hoc
1607 5307 1986 5379 sacerdotibus
2017 5324 2082 5364 ac

501 5375 717 5433 clericis
764 5375 888 5434 novi
923 5375 1238 5436 testamenti
1270 5379 1621 5434 interdictum
1652 5377 1795 5431 erit?
1836 5375 2080 5431 Patrias--

501 5448 620 5502 clue
653 5447 820 5503 Jacob
858 5449 1028 5504 lilium
1062 5448 1194 5505 Levi
1225 5449 1625 5505 exhaaredantis
1654 5446 1982 5502 sententiam
2014 5464 2080 5503 ac

500 5518 839 5572 voluntatem
881 5519 1023 5573 Deus
1072 5519 1293 5589 quidem
1349 5519 1691 5589 approbavit,
1721 5519 1951 5587 ejusque
1981 5534 2079 5587 po-

502 5589 688 5649 steris,
720 5589 922 5659 nullam
957 5601 1164 5659 partem
1198 5598 1373 5654 terrae,
1402 5590 1457 5642 in
1488 5589 1555 5642 12
1582 5589 1847 5659 duntaxat
1871 5597 2074 5659 partes,

500 5672 603 5729 pro
631 5673 860 5729 numero
890 5658 973 5729 12⁷
996 5660 1237 5712 tribuum
1273 5660 1461 5713 divisa:
1484 5658 1755 5729 assignari
1790 5658 2071 5729 permisit;

501 5728 597 5782 sed
619 5735 800 5782 tamen
827 5727 1095 5798 decimam
1124 5736 1334 5798 partem
1360 5727 1621 5784 omnium'
1635 5728 1935 5792 fructuum,
1967 5728 2072 5798 sibi

500 5806 761 5869 tanquam
794 5796 1361 5874 propriodudacorum
1390 5801 1527 5871 regi,
1553 5800 1674 5856 loco
1697 5797 2071 5870 tributidebis

2190 3995 2211 4027 ⁸
2236 3990 2460 4046 Omnes.

2214 3802 2379 3858 agros
2398 3801 2539 3855 quos
2557 3785 2884 3850 vendebant,
2903 3783 3184 3849 Ecclesiis,
3210 3784 3413 3853 quibus
3438 3785 3803 3855 praesidebant

2211 3878 2476 3948 episcopi,
2529 3878 2828 3942 traderent,
2851 3889 2917 3930 eo
2949 3874 3096 3943 quod
3135 3889 3203 3928 ex
3235 3877 3544 3945 sumptibus
3583 3890 3794 3943 eorum,

2561 3990 2585 4022 ⁸
2610 3988 2738 4045 Isid.
2773 4004 2812 4042 ιι
2878 3986 2955 4043 Dc
2985 3986 3103 4050 011.,
3135 3986 3245 4042 c.l.
3323 3988 3343 4019 ⁸
3375 3988 3559 4044 Actor.
3591 4004 3662 4054 iv,
3692 3988 3793 4044 52-

2206 4204 2317 4251 tam
2354 4210 2463 4249 una
2501 4208 2626 4248 cum
2656 4192 2726 4249 48
2780 4191 3115 4254 civitatibus,
3139 4198 3193 4244 et
3237 4189 3571 4245 suburbanis
3601 4205 3789 4246 earum

2205 4264 2447 4334 praediis,
2475 4264 2611 4334 illis,
2629 4272 2888 4333 tanquam
2915 4262 3031 4317 suis
3055 4261 3385 4334 lia-sedibus,
3417 4261 3661 4315 donavit.
3694 4260 3790 4334 iti-

2201 4330 2383 4391 dicula
2416 4330 2550 4391 sane
2593 4330 2757 4408 (oret,
2782 4334 3075 4408 vehemens
3109 4330 3198 4383 illa
3230 4330 3529 4408 multorum
3565 4332 3787 4408 pontiti-

2199 4421 2324 4460 cum
2371 4415 2425 4459 et
2465 4404 2828 4460 conciliorum
2865 4400 3121 4463 decretis,
3164 4414 3351 4453 rerum
3387 4398 3789 4453 ecclesiastica-

2202 4492 2322 4529 rum
2365 4475 2652 4529 interdicta
2699 4472 2979 4533 alienatio,
3026 4471 3070 4523 si
3109 4468 3349 4522 Ecclesia
3410 4468 3613 4521 nullam
3671 4486 3784 4525 rem

2198 4546 2346 4601 licite
2378 4546 2644 4599 hactenus
2678 4542 3000 4612 possederit.
3032 4539 3214 4604 Quare
3243 4538 3391 4612 quod
3425 4537 3603 4612 inquit
3629 4538 3788 4594 Cini-

2197 4624 2319 4671 stns
2373 4613 2509 4670 Luc.
2562 4609 2695 4674 xw,—
2731 4628 2838 4666 non
2882 4625 3043 4680 posse
3063 4622 3198 4680 esse
3227 4609 3782 4680 discipulumisuuin,

2204 4686 2437 4766 .nisinqui
2474 4678 3200 4766 renuntiaveritlomnibusj
3238 4693 3360 4748 quae
3394 4679 3665 4766 .possiil‘et,
3708 4680 3783 4761 ita

2202 4748 2612 4824 intelligendum
2643 4762 2747 4816 est,
2779 4750 3012 4824 sicut__id
3055 4748 3203 4818 quod
3251 4748 3500 4817 sequitur
3534 4766 3545 4801 :
3578 4749 3637 4802 Si
3664 4753 3782 4820 quis

2198 4827 2334 4879 venit
2379 4821 2447 4878 ad
2484 4841 2582 4892 me,
2622 4833 2671 4877 et
2716 4838 2817 4875 non
2865 4821 2977 4874 odit
3006 4829 3213 4889 patrem
3240 4828 3290 4872 et
3326 4828 3547 4871 matrem
3581 4827 3633 4871 et
3654 4836 3782 4873 uxo-

2195 4911 2325 4962 rem,
2361 4896 2531 4948 adhuc
2565 4903 2743 4947 autem
2782 4900 2830 4945 et
2861 4893 3097 4944 animam
3143 4904 3318 4952 suam,
3343 4903 3444 4962 non
3468 4896 3634 4962 potest
3667 4906 3779 4944 esse

2193 4958 2337 5019 meus
2374 4965 2688 5034 discipulus.
2746 4963 2969 5018 Centum
3023 4968 3127 5025 est,
3160 4973 3268 5034 non
3308 4958 3375 5012 ad
3427 4958 3640 5034 odium,
3679 4962 3774 5015 Sed

2190 5037 2375 5103 potius
2428 5029 2520 5089 ad'
2553 5049 2795 5089 amorem
2853 5040 3164 5103 parentum,
3193 5029 3777 5103 lilioriiiii,_uxoris,et

2188 5098 2313 5160 vitae
2340 5105 2573 5174 propriae
2627 5098 2926 5174 quemlibet
2955 5100 3235 5174 hominem
3260 5099 3443 5153 divina
3475 5098 3593 5169 lege
3629 5100 3771 5174 obii,

2190 5169 2392 5244 garifsi
2418 5169 2615 5229 borum
2634 5169 2786 5227 amor
2809 5172 2903 5244 Dei
2926 5169 3202 5244 charitati,
3216 5184 3377 5244 quem
3397 5184 3560 5244 super
3586 5171 3770 5244 omnia

2190 5239 2417 5315 diligere
2447 5246 2729 5315 debemus,
2755 5242 2892 5315 nihil
2920 5243 3218 5315 ubstetﬁatﬂ.
3241 5239 3587 5315 prtejudicet;
3619 5240 3698 5293 sic
3722 5243 3768 5315 si

2188 5308 2373 5369 rerum
2421 5314 2695 5380 possessio
2737 5313 2981 5366 animum
3014 5324 3042 5361 a
3084 5308 3179 5363 Dei
3201 5308 3348 5362 cultu
3379 5318 3590 5380 avocet,
3622 5311 3768 5380 mala

2185 5395 2288 5450 est,
2320 5379 2495 5453 eoque
2534 5399 2667 5437 casu
2700 5383 2874 5453 plane
2900 5380 3231 5453 deserenda;
3264 5379 3311 5453 si
3336 5393 3470 5432 vero
3500 5379 3769 5433 ministris
3828 5414 3835 5417 -

2187 5448 2442 5508 alimenta
2463 5448 2775 5522 pracbentfg,
2801 5451 3051 5522 eumdem
3074 5449 3165 5502 Dei
3199 5448 3404 5522 cultum
3425 5461 3765 5522 promoveat,

2187 5518 2477 5579 utilissime
2534 5536 2666 5576 sane
2723 5520 2966 5575 Ecclesia
3044 5518 3424 5587 temporalium
3489 5518 3763 5573 bonorum

2183 5594 2490 5647 dominium
2526 5608 2590 5647 ac
2630 5592 3032 5660 possessionem
3062 5590 3172 5660 sibi
3206 5590 3485 5660 retinetet
3515 5601 3764 5660 usurpat.

2190 5662 2320 5733 Yido
2347 5680 2469 5733 qua:
2505 5656 2748 5716 diximus
2774 5675 2940 5733 supra
2963 5658 3209 5733 innatis
3241 5657 3307 5711 ad
3337 5658 3508 5733 epist.
3541 5658 3576 5708 2
3610 5656 3685 5733 ιδῃ
3722 5657 3763 5711 l.

2182 5725 2543 5789 Bellarininus
2588 5733 2679 5785 lib.
2736 5748 2750 5785 ι
2807 5725 2883 5785 De
2924 5729 3153 5795 clericis,
3197 5742 3318 5796 cap.
3352 5727 3442 5780 26.
3476 5727 3605 5781 θεν.
3638 5725 3759 5781 Bm.
