4074 6408
426 350 528 403 137

1490 354 1829 410 ΕΡΙΒΤΟΙΑ
1868 356 1957 410 AD
1989 355 2223 412 ΟΜΝΕὸ
2260 358 2742 415 CHRISTIANOS.

3582 373 3681 425 138

424 479 538 525 tam
570 472 938 541 praesentibus
959 490 1124 544 quam
1156 475 1356 532 futuris
1380 479 1739 548 temporibus,
1772 479 2007 549 plurima
2037 487 2080 545 Α
2113 491 2292 535 autem
2322 482 2391 535 ad
2417 500 2531 536 eam
2557 498 2576 536 :
2603 484 2744 548 Quid
2794 484 2972 556 utique
3025 489 3258 542 convenit
3310 491 3451 543 uobis
3482 500 3680 546 tentare

419 571 479 619 et
503 564 841 634 elegantiora
870 579 1093 636 possent
1134 570 1448 625 ministrare
1480 572 1726 626 ﬁdelibus
1750 587 2004 627 commu.

422 673 548 713 nem
574 659 735 713 ﬁdem
760 660 1110 725 ducentibus,
1133 678 1298 732 quam
1323 679 1387 717 ex
1415 665 1589 732 pretio
1617 680 1842 726 eorum;
1892 681 2004 720 ete—

416 760 619 820 perunt
643 752 849 820 praedia
873 760 928 806 et
962 767 1143 822 agros,
1176 769 1316 823 quos
1338 756 1566 809 vendere
1597 756 2002 822 solebant,ma-

416 840 648 896 tricibus
669 841 933 898 Ecclesiis
962 844 1233 909 tradere’,
1267 854 1323 899 et
1371 861 1439 900 ex
1481 847 1786 916 sumptibus
1812 862 1997 902 eorum

418 931 625 987 vivere.

1179 1025 1243 1080 ll.

482 1133 622 1205 Ipsa:
648 1153 779 1193 vero
805 1155 894 1195 res
920 1140 974 1195 in
1003 1141 1211 1195 ditione
1236 1141 1568 1207 singularum
1587 1143 1991 1210 parochiarum,

409 1230 822 1299 episcoporum,
854 1233 947 1303 qui
977 1232 1155 1287 locum
1190 1243 1371 1287 tenent
1402 1234 1791 1303 apostolorum,
1817 1242 1992 1300 erant,

407 1330 466 1375 et
494 1331 625 1376 sunt
674 1338 850 1393 usque
879 1324 1081 1392 adhuc,
1106 1333 1161 1379 et
1190 1324 1388 1379 futuris
1417 1341 1627 1394 semper
1649 1326 1844 1380 debent
1873 1341 1993 1383 esse

408 1412 773 1480 temporibus.
806 1412 847 1467 Ε
874 1415 1075 1483 quibus
1099 1415 1342 1485 episcopi
1371 1425 1423 1469 et
1446 1417 1629 1470 ﬁdeles
1647 1417 1992 1486 dispensato-

404 1514 729 1565 reseorum,
767 1503 1023 1559 omnibus
1052 1519 1400 1559 communem
1454 1506 1621 1560 vitam
1672 1506 1867 1576 degere
1895 1522 1990 1561 vo-

402 1589 666 1657 lentibus,
692 1595 1005 1650 ministrare
1037 1605 1234 1651 cuncta
1258 1600 1564 1653 necessaria
1587 1600 1806 1663 debent,
1828 1609 1991 1669 prout

403 1686 606 1741 melius
629 1689 928 1756 potuerint,
961 1698 1021 1744 ut
1053 1705 1218 1744 nemo
1241 1691 1294 1744 in
1341 1691 1421 1747 eis
1462 1708 1625 1762 egens
1655 1693 1982 1753 inveniatur.

410 1773 553 1846 Ipsa:
600 1779 745 1832 enim
778 1794 863 1833 res
884 1780 1120 1836 ﬁdelium
1141 1782 1443 1836 oblationes
1465 1782 1825 1851 appellantur,
1855 1785 1982 1853 quia

2111 571 2372 641 Spiritum
2406 574 2661 629 Domini?
2693 574 2826 630 Ecce
2853 580 3006 645 pedes
3027 594 3207 632 eorum
3237 581 3328 650 qui
3365 582 3677 650 sepelierunt

2106 668 2277 720 virum
2306 677 2471 731 tuum,
2503 670 2571 721 ad
2603 670 2819 731 ostium,
2849 678 2899 722 et
2920 670 3134 738 e/ferent
3166 686 3235 725 te.
3268 671 3561 742 Confestim
3596 694 3680 730 cc-

2103 758 2234 810 cidit
2261 758 2329 810 ad
2351 759 2504 827 pedes
2529 759 2664 828 ejus,
2689 770 2737 814 et
2758 762 3060 829 exspiravit.
3090 761 3361 819 latrantes
3384 776 3560 820 autent
3577 768 3676 836 ju-

2103 866 2268 916 venes,
2300 853 2604 905 invenerunt
2630 852 2781 906 illam
2818 866 3105 919 mortuam,
3158 866 3207 909 et
3256 858 3578 922 extulerunt,
3626 872 3676 915 et

2101 943 2418 1011 sepelierunt
2444 944 2513 997 ad
2543 945 2714 999 virum
2738 962 2912 1000 suum.
2944 946 3014 1001 Et
3041 948 3212 1017 factus
3239 960 3316 1004 est
3352 951 3511 1003 timor
3557 969 3674 1005 ma-

2104 1048 2232 1100 gnus
2252 1033 2305 1084 in
2324 1033 2617 1086 universam
2633 1033 3007 1101 Ecclesiam,et
3023 1037 3077 1090 in
3102 1054 3277 1091 omnes
3288 1040 3377 1107 qui
3390 1041 3671 1095 audierunt

2098 1122 2207 1175 [nec
2222 1124 2262 1176 9.
2285 1120 2432 1185 llaec,
2453 1123 2671 1188 l'ratres,
2707 1125 2862 1179 valde
2887 1126 3120 1180 cavenda
3150 1137 3277 1181 sunt
3300 1138 3352 1182 ct
3378 1129 3621 1182 timenda
3652 1147 3667 1185 :

2098 1214 2225 1282 quia
2280 1230 2369 1269 res
2415 1214 2693 1278 Ecclesiae,
2727 1232 2834 1270 non
2867 1218 3023 1286 quasi
3057 1219 3292 1287 prOprize
3335 1220 3398 1284 ¹⁰,
3453 1220 3549 1275 sed
3609 1232 3670 1275 ut

2092 1316 2412 1361 canimunes
2440 1315 2494 1361 et
2538 1306 2766 1361 Domino
2810 1309 3007 1363 oblata:
3035 1311 3100 1372 “,
3162 1327 3283 1365 cum
3334 1328 3549 1366 summo
3601 1315 3668 1367 ti-

2093 1413 2244 1452 more
2271 1415 2379 1452 non
2409 1400 2462 1453 in
2488 1400 2622 1455 alios
2648 1417 2811 1471 quam
2842 1403 2893 1455 in
2924 1402 3176 1473 praefatos
3204 1421 3337 1460 usus
3383 1416 3513 1461 sunt
3535 1408 3665 1462 ﬁde-

2091 1490 2214 1545 liter
2243 1491 2638 1559 dispensandae,
2696 1510 2762 1548 ne
2810 1498 3074 1566 sacrilegii
3116 1506 3324 1551 reatum
3358 1499 3661 1565 incurrant,

2089 1584 2181 1652 qui
2200 1598 2293 1638 eas
2318 1583 2442 1637 inde
2471 1584 2814 1651 abstrahunt,
2836 1589 2924 1641 ubi
2947 1589 3155 1643 tradita:
3180 1598 3422 1655 sunt,'ne
3443 1606 3660 1660 poenam

2088 1687 2141 1731 et
2162 1675 2394 1731 mortem
2440 1679 2667 1734 Ananiae
2712 1689 2765 1733 et
2816 1679 3059 1750 Saphiraa
3085 1682 3384 1749 incurrant,
3412 1693 3464 1737 et
3493 1687 3662 1754 (quod

2087 1768 2241 1838 pejus
2275 1769 2379 1842 est)
2433 1772 2721 1825 anathema
2756 1774 3076 1828 niaranatlia
3106 1775 3240 1828 ﬁant
3272 1775 3334 1838 “,
3377 1784 3431 1828 et
3472 1777 3516 1829 si
3549 1792 3659 1831 non

398 1867 639 1924 Domino
668 1870 995 1926 οπετυηιιιιι,
1019 1871 1135 1927 Non
1159 1888 1289 1941 ergo
1314 1873 1511 1928 debent
1536 1876 1588 1928 in
1616 1875 1736 1930 aliis
1764 1876 1977 1940 usibus,
2012 1858 2054 1915 ll
2081 1876 2328 1932 corpore,
2358 1870 2418 1916 ut
2452 1863 2694 1919 Ananias
2725 1873 2778 1918 et
2813 1864 3066 1935 Sapbira,
3106 1867 3307 1920 mortui
3339 1866 3656 1931 ceciderint,

397 1974 569 2030 quam
605 1961 1023 2025 ecclesiasticis,
1056 1973 1111 2017 et
1141 1964 1522 2034 praedictorum
1549 1965 1983 2020 Christianorum

394 2050 632 2106 fratrum
648 2054 732 2107 vel
752 2053 1110 2122 indigentium
1144 2056 1386 2110 converti
1409 2075 1421 2109 :
1444 2057 1573 2125 quia
1605 2065 1727 2111 vota
1760 2065 1889 2111 sunt
1918 2057 1984 2111 ﬁ-

396 2145 603 2199 delium
625 2145 668 2208 ⁸,
690 2154 743 2199 et
763 2145 932 2213 pretia
946 2156 1287 2216 peccatorum
1305 2147 1403 2216 (7),
1422 2162 1485 2202 ac
1499 2148 1824 2216 patrimonia
1846 2164 1982 2217 pau-

393 2248 613 2303 perum,
643 2243 805 2303 atque
834 2236 902 2289 ad
938 2237 1258 2305 praedictum
1292 2253 1433 2308 opus
1481 2238 1830 2307 explendum,
1862 2238 1978 2293 Do-

394 2325 552 2379 mino
605 2326 834 2382 traditae.
891 2323 949 2380 Si
998 2328 1126 2396 quis
1177 2336 1358 2383 autem
1398 2330 1563 2399 (quod
1607 2330 1771 2399 absit)
1824 2344 1980 2385 secus

392 2417 589 2487 egerit,
619 2418 797 2471 videat
830 2433 899 2472 ne
930 2420 1340 2475 damnationem
1395 2420 1623 2474 Ananiae
1653 2429 1707 2474 et
1733 2420 1980 2490 Saphirze

392 2508 681 2578 percipiat,
710 2518 765 2563 et
791 2525 921 2564 reus
950 2511 1219 2581 sacrilegii
1238 2511 1681 2578 eﬂiciatur,sicut
1699 2512 1775 2566 illi
1801 2512 1978 2568 ell'ecti

394 2608 552 2665 sunt,
585 2602 679 2671 qui
711 2604 889 2671 pretia
921 2604 1302 2673 praedictarum
1333 2619 1514 2660 rerum
1564 2604 1973 2671 fraudaverunt,

390 2693 462 2748 de
477 2695 680 2764 quibus
704 2696 899 2766 legitur
922 2697 976 2751 in
1011 2697 1283 2766 praedictis
1308 2696 1683 2766 apostolorum
1705 2697 1930 2752 Actibus
1957 2717 1969 2752 :

397 2783 497 2841 Vir
525 2797 703 2840 autem
752 2789 974 2858 quidam
1016 2790 1225 2841 nomine
1267 2788 1527 2854 Ananiae,
1578 2804 1697 2841 cum
1742 2786 1973 2858 Saphira

386 2891 559 2931 uxore
578 2894 678 2931 sua
692 2917 709 2942 ,
736 2880 969 2932 vendidit
993 2896 1179 2950 agrum
1202 2888 1251 2933 et
1266 2879 1535 2948 fraudauit
1557 2878 1620 2932 de
1639 2880 1809 2948 pretio
1830 2879 1970 2950 agri.

388 2971 602 3024 conscia
637 2986 800 3025 uxore
823 2989 923 3026 sua
951 2991 972 3027 :
994 2983 1042 3027 et
1083 2974 1309 3042 efferens
1339 2981 1541 3042 partem
1566 2972 1869 3042 quamdam,
1901 2973 1969 3025 ad

386 3064 542 3133 pedes
571 3063 929 3133 apostolorum
956 3067 1151 3134 posuit.
1203 3065 1349 3119 Dixit
1399 3076 1575 3120 autem
1609 3063 1797 3119 Petrus
1823 3066 1968 3118 Ana-

387 3158 494 3211 nie
527 3171 546 3209 :
582 3156 692 3212 Cur
723 3152 938 3211 tenta'vit
969 3157 1199 3213 Satanas
1235 3176 1325 3213 cor
1350 3170 1521 3225 tuum,
1549 3161 1757 3213 mentiri
1776 3168 1825 3212 te
1846 3156 1968 3229 Spi-

385 3246 518 3302 ritui
544 3257 747 3315 sancto,
760 3257 809 3303 et
830 3250 1079 3319 fraudare
1095 3251 1159 3305 de
1174 3254 1340 3321 pretio
1357 3253 1515 3322 agri?
1542 3252 1730 3307 Nonne
1753 3269 1966 3307 manens

384 3339 484 3392 tibi
518 3340 785 3406 manebat,
818 3349 866 3393 et
891 3341 1261 3395 venumdatam
1290 3353 1404 3396 erat
1434 3343 1489 3395 in
1534 3354 1628 3396 tua
1674 3346 1969 3410 potestate?

384 3432 565 3496 Quare
590 3432 818 3501 posuisti
849 3432 903 3487 in
923 3434 1077 3486 corde
1098 3442 1188 3486 tuo
1217 3434 1351 3487 hanc
1373 3435 1518 3488 rem?
1558 3433 1681 3489 Non
1721 3450 1773 3488 es
1798 3434 1969 3488 homi-

381 3521 538 3574 nibus
572 3524 842 3583 incutitus.
868 3523 958 3577 sed
991 3522 1233 3576 Domino.
1261 3524 1495 3577 Audiens
1521 3533 1697 3579 autem
1722 3524 1964 3580 Ananias

382 3613 500 3669 hac
526 3615 934 3680 verba,cecidit,
960 3623 1009 3669 et
1034 3616 1345 3684 exspiravit.
1385 3612 1455 3668 Et
1485 3616 1659 3684 factus
1695 3626 1772 3670 est
1804 3617 1963 3670 timor

382 3720 603 3776 magnus
626 3706 681 3758 in
704 3721 880 3759 omnes
911 3707 1000 3776 qui
1030 3708 1340 3761 audierunt.
1371 3705 1652 3777 Surgentes
1674 3717 1846 3761 autem
1868 3708 1963 3777 ju-

379 3812 553 3862 venes,
577 3806 883 3850 amaverunt
900 3813 1051 3858 eum;
1075 3808 1124 3851 et
1153 3799 1454 3866 e/ferentes,
1479 3797 1811 3867 sepelierunt.
1849 3797 1963 3853 Fa-

377 3898 526 3940 ctum
546 3897 624 3941 est
646 3898 823 3941 autem
847 3889 1000 3957 quasi
1020 3889 1274 3943 horarum
1301 3892 1462 3943 trium
1485 3890 1737 3959 spatium,
1759 3900 1807 3944 et
1822 3906 1959 3943 uxor

378 3979 573 4047 ipsius,
607 3980 842 4033 nesciens
871 3979 1011 4050 quod
1063 3979 1263 4050 factum
1315 3980 1511 4049 fuerat,
1553 3980 1810 4034 introivit.
1853 3979 1958 4035 Re-

378 4071 640 4139 spondeas
666 4079 846 4124 autem
870 4072 919 4125 ei
954 4070 1172 4136 Petrus,
1223 4071 1354 4125 dixit
1385 4086 1404 4124 :
1435 4071 1535 4125 Dic
1559 4071 1706 4133 mihi,
1743 4071 1790 4125 si
1819 4072 1957 4124 tanti

378 4175 569 4230 agrum
585 4160 895 4214 vendidistis
910 4161 936 4213 .9
959 4160 1031 4213 At
1049 4159 1144 4213 illa
1171 4161 1343 4213 dixit:
1371 4158 1551 4213 Etiam
1579 4160 1735 4214 tanti.
1759 4158 1951 4213 Petrus

2087 1955 2266 2009 anima
2303 1963 2503 2022 tamen,
2532 1972 2652 2025 qum
2693 1959 2872 2026 potior
2920 1972 3001 2014 est
3049 1973 3296 2027 corpore,
3344 1966 3558 2013 mortua
3605 1969 3660 2014 et

2085 2047 2319 2103 alienata
2347 2065 2375 2102 a
2408 2051 2685 2105 consortio
2710 2050 2946 2104 ﬁdelium
2967 2051 3145 2116 cadat,
3165 2059 3215 2104 et
3246 2050 3300 2104 in
3324 2050 3653 2120 profundum

2084 2137 2329 2193 barathri
2358 2140 2593 2196 labatur.
2628 2140 2782 2197 Unde
2803 2142 3190 2196 attendendum
3213 2152 3295 2197 est
3315 2143 3569 2197 omnibus
3590 2143 3653 2206 ¹³,

2082 2239 2137 2287 et
2161 2232 2391 2288 ﬁdeliter
2412 2233 2849 2301 custodiendum,
2877 2244 2930 2290 et
2966 2236 3109 2290 illius
3127 2235 3503 2311 usurpationis.
3521 2251 3654 2289 con-

2080 2324 2305 2379 tumelia
2330 2325 2754 2394 depellendame
2785 2327 2982 2396 praedia
3009 2328 3200 2382 usibus
3239 2332 3576 2383 secretorum
3611 2329 3654 2360 ¹⁴⁵

2080 2415 2381 2470 caelestium
2404 2415 2675 2481 dedicata,
2691 2433 2721 2472 a
2738 2418 3063 2487 quibusdam
3091 2420 3426 2474 irruentibus
3450 2435 3652 2474 vescum

2082 2514 2190 2561 tur.
2213 2505 2367 2573 Quod
2392 2509 2437 2563 si
2467 2508 2591 2578 quis
2624 2508 2813 2566 fecerit
2834 2511 3033 2579 “,post
3059 2511 3252 2566 debitae
3271 2512 3491 2567 ultionis
3505 2512 3651 2565 acri-

2078 2600 2343 2668 moniam,
2391 2617 2513 2670 qua:
2564 2616 2691 2671 erga
2744 2602 3039 2673 sacrilegos
3067 2602 3192 2671 jure
3224 2603 3519 2672 promenda
3545 2612 3647 2668 est,

2079 2698 2344 2759 perpetua
2365 2690 2660 2744 damnetur
2690 2691 2935 2758 infamia,
2965 2702 3019 2745 et
3040 2692 3245 2746 carceri
3271 2692 3537 2758 tradatur,
3555 2704 3651 2746 aut

2075 2782 2267 2837 exsilio
2297 2793 2572 2853 perpetuae
2617 2784 3016 2853 deportationis
3048 2792 3231 2842 utatbr
3258 2785 3321 2838 ⁸⁸.
3353 2784 3644 2851 Quoniam,

2068 2872 2223 2943 juxta
2257 2873 2580 2945 Apostolum
2610 2876 2677 2943 ¹⁷,
2710 2875 2927 2930 tradere
2971 2886 3181 2945 oportet
3205 2875 3512 2946 liujusmodi
3543 2875 3647 2930 ho-

2073 2967 2274 3021 minem
2325 2970 2562 3036 Satanae,
2604 2978 2665 3022 ut
2717 2967 2945 3037 spiritus
2976 2969 3161 3027 salvus
3212 2969 3286 3023 sit
3336 2969 3394 3023 in
3425 2968 3511 3023 die
3540 2967 3648 3023 Do«

2072 3059 2227 3115 mini.
2510 3070 2511 3073 ‘

2814 3152 2901 3209 ΙΙΙ.

2142 3242 2460 3301 Memoratis
2487 3260 2616 3315 ergo
2640 3245 3180 3315 augmentationibus
3203 3261 3266 3301 ac
3295 3248 3552 3310 cultibus,
3587 3249 3642 3301 in

2072 3345 2281 3391 tantum
2314 3337 2572 3393 Ecclesiae
2598 3338 2660 3404 ’⁸,
2688 3339 2889 3408 quibus
2915 3339 3156 3408 episcOpi
3189 3340 3498 3409 prtesidcut,
3532 3339 3639 3393 Do-

2069 3430 2220 3484 mino
2247 3424 2689 3498 adminiculante,
2725 3440 3034 3495 creverunt,
3083 3442 3137 3486 et
3192 3434 3357 3486 tantis
3404 3433 3640 3485 maxima

2026 3529 2032 3535 ‘
2068 3534 2197 3589 pars
2224 3536 2411 3575 earum
2445 3521 2724 3576 abundant
2754 3520 2938 3587 rebus,
2988 3529 3047 3575 ut
3073 3520 3258 3574 nullus
3313 3521 3387 3575 sit
3435 3521 3489 3574 in
3536 3524 3638 3585 eis,

2067 3626 2415 3666 communem
2449 3614 2655 3684 eligens
2682 3614 2723 3646 ¹⁰
2752 3614 2942 3678 vitam,
2996 3614 3275 3683 indigens:
3309 3613 3401 3668 scd
3455 3615 3641 3667 omnia

2066 3703 2373 3758 necessaria
2423 3705 2490 3758 ab
2521 3704 2779 3774 episcopo
2834 3704 3058 3775 suisque
3094 3706 3359 3760 ministris
3387 3705 3637 3774 percipit.

2068 3796 2198 3851 ldeo
2226 3796 2271 3852 si
2296 3796 2495 3866 aliquis
2516 3798 2787 3853 exstiterit
2816 3798 3094 3853 modernis
3142 3806 3239 3852 aut
3271 3798 3467 3852 l'uturis
3498 3806 3639 3851 tem-

2065 3888 2312 3957 poribus,
2340 3890 2434 3957 qui
2467 3889 2581 3943 harc
2613 3890 2845 3945 avellere
2892 3890 3118 3955 nitatur,
3161 3890 3275 3958 jam
3311 3889 3458 3944 dicta
3484 3891 3641 3943 dam-

2062 3979 2282 4033 natione
2308 3978 2553 4035 feriatur.

2809 4071 2897 4126 Ν.

2130 4160 2289 4228 Quod
2322 4171 2504 4217 autem
2529 4163 2684 4217 sedes
2712 4162 2767 4217 in
2816 4164 3196 4232 episcoporum
3241 4161 3488 4217 ecclesiis
3542 4176 3638 4216 cx-

457 4324 711 4397 'Concil.
744 4322 923 4397 Milev.
946 4323 1038 4397 ἓξ.
1113 4323 1135 4355 ⁸
1154 4321 1403 4397 Julianus
1425 4314 1918 4397 Pomerii1s_lib."fi
1945 4322 2031 4397 De
2065 4326 2180 4397 vita
2217 4328 2531 4397 contempl.,
2554 4343 2603 4383 c.
2626 4327 2756 4383 ‘9et
2784 4326 2873 4381 16.
2920 4324 3054 4381 Vide
3077 4324 3293 4397 Hincm.
3349 4342 3471 4397 epp.
3512 4323 3548 4382 5
3580 4337 3635 4384 et

375 4396 432 4463 8,
470 4396 600 4450 edit.
649 4393 973 4465 Moguntina:
993 4394 1188 4449 anaei.
1263 4395 1471 4465 iActor.
1520 4410 1572 4457 v,
1608 4393 1762 4465 l-ll.

373 4537 464 4591 22.
543 4537 587 4566 ’³
615 4537 700 4587 17.
736 4537 937 4599 Quaest.

373 4606 464 4672 40,
493 4621 659 4675 quam
684 4605 944 4674 expende.

374 4691 593 4747 gerens.

543 4536 587 4566 ’³
615 4534 700 4587 17.
736 4532 937 4599 Quaest.
966 4541 1000 4589 4
1031 4554 1043 4589 :
1080 4532 1477 4589 Attendendum
1505 4542 1609 4597 est,
1656 4548 1723 4586 ne

1046 4606 1090 4636 ¹⁶
1119 4617 1325 4659 uratur.
1422 4602 1502 4655 "l
1538 4605 1663 4658 Cor.
1704 4618 1758 4668 v,
1792 4603 1845 4658 5.

1856 4394 1899 4424 ³⁸
1936 4392 2024 4450 12.
2052 4394 2255 4460 Quaest.
2283 4399 2309 4450 1
2342 4417 2354 4451 :
2388 4392 2495 4451 Res
2524 4398 2767 4451 ecclesia:
2805 4413 2911 4449 non
2938 4399 3118 4464 quasi.

378 4471 495 4546 [ius
516 4463 913 4546 quisupl'ajn
946 4480 1109 4546 opere
1141 4463 1285 4546 quod
1344 4463 1481 4546 l‘also
1555 4479 1585 4546 a
1639 4464 1924 4546 plerisque.
1969 4465 2228 4546 tribptum
2275 4467 2377 4522 fuit
2433 4463 3056 4546 Prospero_.Aquilan_o.

1762 4535 1981 4602 praedia.
2056 4535 2103 4567 ""
2128 4552 2429 4591 sacrorum.
2511 4538 2552 4568 ³³
2578 4537 2689 4590 Cod
2718 4536 2924 4591 Tlieod.
2955 4538 3044 4589 lib.
3067 4553 3121 4590 xv

1792 4603 1845 4658 5.
1948 4604 1992 4636 ¹⁸
2020 4601 2222 4669 Quaest.
2254 4608 2279 4659 1
2313 4626 2327 4662 :
2359 4606 2613 4661 Videntes
2645 4617 2824 4662 autem
2852 4609 3121 4663 saccrdot.

3196 4399 3235 4429 υ
3260 4396 3403 4450 Idem
3438 4396 3634 4453 Pome—

3176 4468 3218 4498 “
3267 4467 3284 4519 Ι
3335 4466 3463 4520 Cor.
3518 4483 3630 4527 xw.

2511 4538 2552 4568 ³³
2578 4537 2689 4590 Cod
2718 4536 2924 4591 Tlieod.
2955 4538 3044 4589 lib.
3067 4552 3177 4604 xvi,
3206 4537 3288 4591 tit.
3320 4537 3355 4590 2
3375 4577 3391 4601 ,
3452 4548 3630 4597 const.

2511 4615 2613 4661 ites
2645 4617 2824 4661 autem
2852 4609 3121 4661 sacerdot.
3217 4608 3258 4640 ³⁸
3292 4606 3500 4661 Deceus
3545 4608 3632 4661 vel

3335 4622 3500 4677 egens
3545 4624 3611 4662 ve

2056 4534 2103 4567 ""
2128 4552 2429 4591 sacrorum.

445 4828 521 4900 (7)
546 4828 732 4883 Pretia
754 4839 1104 4900 peccatorum.
1129 4827 1522 4898 Reccptissima
1552 4836 1635 4883 est
1654 4828 1948 4900 expositio,
1982 4832 2031 4891 ι)
2057 4828 2284 4900 perlinat
2317 4827 2464 4900 nobis
2489 4826 2806 4900 corporalia,
2829 4827 3014 4896 quibus
3061 4841 3156 4878 nos
3201 4824 3630 4900 spiritualia

371 4908 435 4953 ut
460 4899 661 4955 bestiae
691 4909 750 4953 et
778 4901 1134 4969 eleemosynac
1178 4915 1276 4968 pro
1316 4900 1550 4969 peccatis
1577 4899 1793 4964 oblatae,
1821 4912 1978 4967 pec-.

368 4978 494 5025 cata
563 4971 922 5038 appellentur.
977 4968 1116 5024 Osce
1173 4968 1413 5038 capfiv
1462 4969 1529 5023 de
1573 4969 1949 5038 sacerdotibus

370 5040 574 5109 dicitur
600 5036 880 5109 E‘Peccata
905 5039 1085 5109 populi
1113 5041 1213 5109 mei
1241 5036 1533 5093 comedent.
1564 5036 1734 5109 Quem
1767 5039 1947 5093 locum

369 5107 632 5180 Cyl-illus,
662 5101 1525 5180 TheOphj’la'ctns,rTheodoretus
1556 5101 1727 5180 etalii
1760 5122 1948 5180 recen-

369 5177 540 5234 tiores
590 5191 736 5234 recte
792 5177 860 5235 de
894 5177 1096 5234 hostiis
1129 5179 1573 5247 interpretantur.
1606 5177 1741 5231 Nam
1797 5177 1946 5231 Scri-

370 5258 530 5318 ptura
561 5250 633 5304 ita
668 5248 980 5318 frequenter
1024 5250 1169 5318 loqui
1215 5251 1370 5313 solet,
1409 5259 1466 5303 ut
1505 5250 1559 5302 in
1593 5248 1784 5317 primis
1829 5248 1944 5318 cvi;

365 5315 689 5390 dentissime
737 5315 883 5390 patet
930 5336 997 5375 ex
1051 5315 1201 5374 hisce
1243 5320 1423 5374 verbis
1469 5315 1622 5372 Pauli
1670 5325 1848 5386 apost.
1899 5315 1943 5371 ll

365 5388 522 5455 Cor.,
556 5406 677 5460 cap.
724 5388 757 5445 ἡ
788 5409 801 5444 :
832 5388 969 5443 Eum
1005 5390 1096 5460 qui
1132 5400 1399 5458 peccatum
1428 5405 1530 5442 non
1555 5397 1814 5460 _noverat,_
1847 5403 1943 5460 pro

363 5461 522 5513 nobis
549 5456 818 5529 peccatum
849 5460 993 5529 fecit,
1016 5456 1071 5512 ut
1105 5456 1195 5515 nos
1212 5460 1524 5530 elﬁceremﬁur
1537 5458 1752 5530 justitia
1776 5456 1872 5530 Dei
1890 5459 1945 5530 in

361 5530 502 5599 ipso.
541 5531 680 5597 Quia
710 5528 876 5599 igitur
921 5532 1065 5583 bona
1104 5528 1425 5599 tempbralia
1447 5529 1558 5582 Deo
1583 5531 1637 5582 in
1671 5528 1939 5585 ministris

396 5598 626 5655 Scelesize
652 5598 854 5666 oblata,
885 5609 1103 5669 peccata
1131 5598 1427 5665 redimunt,
1445 5607 1498 5652 et
1527 5606 1838 5668 peccantem
1867 5599 1936 5652 ad

362 5670 570 5725 donum
632 5672 964 5741 ptenitentiae
1010 5671 1371 5741 obtinendum
1418 5669 1733 5741 disponunt,
1787 5677 1935 5723 recte

2054 4895 2330 4967 pertimus.
2388 4897 2500 4952 Hoc
2556 4895 2696 4950 idem
2753 4895 2943 4967 beatus
3002 4905 3337 4967 martyr-ac
3384 4895 3631 4967 pontifex

2050 4964 2357 5022 Alexander
2382 4970 2426 5032 Ι,
2467 4968 2626 5036 epist.
2658 4967 2708 5033 1,
2752 4966 2805 5019 in
2853 4964 3163 5036 principio,
3197 4965 3348 5019 hisce
3376 4964 3581 5036 __verbis
3611 4984 3625 5017 :

2054 5038 2168 5109 Ipsi
2196 5040 2406 5114 __enim,
2467 5033 2663 5107 inquit,
2715 5051 2814 5114 pro
2853 5033 2872 5036 “
2906 5033 3099 5114 populo
3166 5033 3521 5114 interpellant,
3581 5043 3633 5086 et

2047 5106 2226 5179 populi
2278 5117 2493 5178 peccata
2546 5106 2843 5170 comedunt,
2894 5108 3019 5178 quia
3088 5106 3325 5175 precibus
3401 5106 3513 5179 suis
3580 5113 3631 5179 et

2048 5172 2397 5234 oblationibus
2460 5195 2523 5232 ea
2594 5172 2937 5246 deleutatque
3003 5172 3334 5246 consumunt.
3401 5172 3632 5227 Comcdi

2047 5251 2191 5305 enim
2277 5250 2534 5305 dicuntur
2612 5250 2667 5301 in
2740 5245 3041 5316 Scriptura,
3086 5245 3449 5316 psal._LVlll_,
3505 5256 3631 5316 quae

2053 5332 2472 5376 consumuntur.
2536 5313 3038 5385 Discamus7ergo
3092 5313 3256 5383 quod
3311 5313 3424 5385 Aqui
3484 5314 3630 5369 elec-

2052 5393 2298 5464 mosynis
2352 5399 2407 5445 et
2473 5383 3161 5464 oblationibus__iidelium
3218 5383 3473 5464 l'ruimur,
3516 5399 3626 5464 .eas

2044 5454 2303 5529 precibus
2361 5462 2587 5523 nostris,
2635 5459 2776 5513 sicut
2817 5454 3626 5529 obliganturtdiligentissime

2042 5523 2481 5603 compensemus;
2513 5530 2756 5583 futurum
2782 5523 3045 5603 alioquin,
3069 5532 3130 5576 ut
3149 5523 3218 5579 de
3238 5526 3404 5603 rebus
3420 5523 3623 5603 injuste

2037 5593 2295 5672 acceptis,
2326 5593 2539 5672 coram”
2567 5597 2849 5672 tremendo
2890 5593 3093 5672 j’udiceﬁ
3124 5595 3341 5661 saeculi,
3388 5593 3624 5672 graviter

2033 5658 2423 5745 periclitemur.
2485 5669 2616 5725 Vide
2668 5658 2920 5722 [liberam
2955 5666 3010 5719 in
3055 5662 3252 5721 Oscam
3280 5658 3332 5722 c.
3363 5658 3440 5732 te,
3472 5679 3530 5720 ιι.
3559 5658 3617 5715 ti.
3663 5708 3669 5720 .

364 5753 539 5809 pretia
583 5737 929 5810 pdccatorum
966 5742 1323 5809 appellantur.
1342 5737 1418 5794 De
1449 5739 1552 5810 hoc
1569 5746 1925 5810 peccatorum
2033 5737 2161 5801 ng,
2215 5742 2333 5797 Bm.

358 5805 539 5879 pretio
572 5805 1099 5882 intelligendum—est
1148 5811 1280 5867 illud
1311 5809 1539 5881 apostoli
1569 5806 1722 5864 Pauli
1759 5827 1773 5862 :
1811 5805 1927 5863 Im-

642 5906 916 5968 ΡΑΤιιοι.
949 5905 1066 5968 Gn.
1096 5905 1180 5967 X.

3302 5890 3342 5950 ὅ
