4074 6382
519 306 593 361 39
1195 306 1455 363 URBANI
1488 307 1509 361 Ι
1556 308 1757 365 ΡΑΡᾹΞ
1799 309 2139 366 EPISTOLA
2185 313 2275 367 AD
2297 314 2533 372 OMNES
2565 317 3047 381 CHRISTIANOS.

3659 339 3759 396 HO

487 426 649 479 celsa!
674 425 987 522 constitutis
1006 435 1062 483 et
1090 408 1407 500 prmparatas
1448 430 1802 488 inveniuntur
1832 448 1890 490 ut
1927 436 2081 490 thro—
2110 443 2153 498 Α
2183 448 2365 493 vntum
2403 440 2648 498 fecerunt
2670 446 2735 509 ",
2765 455 2856 501 aut
2890 446 3047 502 ﬁdem
3078 463 3459 522 perceperunt,
3483 464 3538 511 et
3571 471 3755 515 votum

488 531 611 580 nus,
634 518 1069 588 speculationem
1098 529 1153 575 et
1187 531 1513 590 potestatem
1548 525 1850 595 iudicandi,
1884 538 1939 582 ct
1964 529 2075 582 sol-

488 611 649 665 vendi
676 620 844 681 atque
874 613 1097 683 ligandi,
1128 630 1158 669 a
1187 613 1419 672 Domino
1443 618 1547 673 sibi
1581 618 1763 675 datam
1791 623 2072 678 materiam

488 704 709 761 docent.
743 703 899 760 [inde
923 707 1041 775 ipse
1070 706 1323 763 Salvator
1344 709 1400 763 in
1428 709 1722 782 Evangelio
1752 715 1829 768 ait
1861 733 1874 768 :
1911 713 2074 779 Qua:-

487 813 694 867 cunque
730 797 1023 869 ligaveritis
1058 816 1218 869 super
1253 814 1473 868 terram,
1521 816 1672 858 erunt
1723 805 1891 877 ligata
1940 819 1989 862 et
2019 810 2076 862 in

489 890 650 956 caelo;
680 899 730 945 et
755 907 1077 963 quaecunque
1106 894 1372 949 solveritis
1395 912 1553 966 super
1579 908 1959 965 terram,erunt
1985 918 2075 955 τος

488 983 604 1038 luta
632 992 681 1039 et
703 982 758 1037 in
789 984 917 1039 coelo
946 986 1017 1040 ’°.
1048 984 1114 1041 Et
1137 988 1266 1042 alibi
1309 1006 1322 1042 :
1363 990 1599 1060 Accipite
1647 990 1909 1062 Spiritum
1951 1010 2075 1049 san-

488 1089 631 1131 ctum
661 1088 680 1129 :
708 1092 933 1147 quorum
968 1078 1279 1135 remiseritis
1324 1092 1563 1151 peccata,
1604 1085 1946 1139 remittuntur
1965 1088 2073 1152 eis;

487 1178 536 1222 et
561 1185 784 1240 quorum
813 1171 1161 1237 retinueritis,
1194 1181 1397 1229 retenta
1424 1187 1548 1229 sunt
1571 1176 1639 1231 “.

1252 1307 1316 1363 V.

556 1398 679 1456 Ideo
701 1400 803 1457 ista
839 1400 1202 1472 praetulimus,
1238 1402 1549 1459 charissimi
1575 1408 1642 1472 ",
1669 1414 1731 1461 ut
1765 1407 2075 1479 intelligatis

482 1500 809 1561 potestatem
834 1493 1219 1570 episcoporum
1244 1506 1573 1564 vestrorum,
1605 1499 1660 1553 in
1692 1500 1879 1570 eisque
1903 1500 2071 1555 Deum

482 1584 839 1662 ueneremini,
895 1593 951 1640 et
997 1599 1093 1641 eos
1129 1569 1187 1642 ut
1216 1588 1428 1644 animas
1451 1599 1667 1646 vestras
1699 1569 1967 1663 diligatis;
2020 1602 2075 1647 et

484 1680 687 1751 quibus
714 1678 794 1735 illi
817 1694 926 1735 non
952 1680 1381 1746 communicant,
1399 1696 1505 1737 non
1540 1684 1986 1751 communicetis;
2019 1695 2072 1739 et

480 1786 621 1843 quos
636 1770 917 1842 eiecerint.
931 1786 1040 1826 non
1073 1772 1366 1842 recipiatis.
1383 1771 1549 1828 Valde
1570 1774 1715 1829 enim
1743 1776 1976 1831 timenda
1995 1776 2070 1851 (8)
2105 1795 2145 1850 Β

479 1872 563 1919 est
583 1862 852 1918 sententia
879 1861 1122 1933 episcopi
1152 1862 1219 1927 “,
1249 1864 1376 1920 licet
1428 1862 1629 1931 injuste
1655 1865 1782 1936 liget
1807 1866 2063 1936 aliquem,

480 1952 627 2024 quod
651 1962 832 2011 tamen
863 1970 1215 2027 summopere
1245 1957 1542 2028 praevidere
1566 1959 1744 2014 debet.

1233 2069 1324 2126 Vl.

553 2180 660 2238 Vos
681 2188 861 2237 autem
887 2181 1192 2249 hortantes,
1227 2199 1520 2241 monemus
1547 2200 1763 2250 omnes,
1781 2188 1876 2257 qui
1906 2187 2066 2243 Chri-

478 2274 811 2330 stianitatem
870 2276 1247 2345 suscepistis,
1284 2285 1339 2332 et
1386 2292 1416 2333 a
1463 2278 1686 2334 Christo
1736 2281 2064 2336 vocabulum

476 2366 778 2423 Christiani
830 2367 1149 2438 sumpsistis
1174 2368 1242 2435 ",
1270 2384 1340 2425 ne
1374 2369 1428 2423 in
1462 2370 1648 2441 aliquo
1677 2370 2064 2428 Christianita-

476 2469 587 2516 tem
612 2470 850 2516 vestram
878 2460 1090 2515 irritam
1126 2458 1364 2525 faciatis,
1380 2462 1474 2518 sed
1499 2462 1872 2534 sponsionem,
1897 2481 2061 2535 quam

477 2551 713 2608 Domino
759 2551 814 2606 in
848 2551 1125 2622 baptismo
1158 2551 1389 2619 fecistis,
1436 2554 1667 2610 ﬁrmiter
1714 2557 1968 2623 teneatis,
1995 2572 2064 2611 ne

477 2643 720 2715 reprobi,
743 2643 840 2699 sed
869 2642 1127 2714 condigni
1148 2658 1336 2700 coram
1365 2660 1432 2700 eo
1450 2646 1827 2703 inveniamini.
1851 2647 1916 2702 Et
1935 2650 2060 2720 qui-

477 2750 698 2806 cunque
728 2743 971 2794 vestrum
989 2750 1337 2791 communem
1354 2737 1522 2792 vitam
1542 2748 1848 2809 susceptam
1875 2740 2059 2804 habet,

474 2835 532 2882 et
548 2826 697 2881 vovit
725 2838 788 2882 ss
817 2824 951 2880 nihil
974 2824 1253 2895 proprium
1285 2825 1510 2890 habere,
1546 2826 1731 2883 videat
1772 2842 1844 2883 ne
1895 2829 2060 2899 polli-

461 2917 791 2975 citationem
827 2931 982 2975 suam
1020 2916 1231 2973 irritam
1291 2916 1457 2977 faciat
1487 2919 1531 2951 "
1564 2938 1576 2973 :
1605 2919 1699 2975 sed
1739 2919 1866 2987 hoc,
1912 2922 2061 2991 quod

478 3010 712 3067 Domino
739 3017 825 3066 est
854 3009 1152 3081 pollicitus,
1201 3008 1431 3066 fideliter
1491 3012 1783 3077 custodiat,
1810 3027 1879 3068 ne
1904 3014 2061 3069 dam-

475 3103 775 3167 nationem,
834 3100 930 3158 sed
979 3102 1265 3171 praamium
1322 3101 1429 3159 sibi
1475 3103 1759 3173 acquirat;
1794 3106 2056 3175 quoniam

473 3198 647 3255 satius
670 3204 755 3253 est
782 3210 892 3251 non
919 3210 1137 3263 vovere,
1185 3212 1352 3267 quam
1406 3206 1614 3261 votum,
1657 3208 1823 3269 prout
1855 3199 2053 3255 melius

473 3300 674 3362 potest,
710 3304 827 3347 non
867 3290 1149 3362 perﬁcere.
1184 3290 1417 3347 Gravius
1443 3290 1590 3347 enim
1634 3292 1938 3361 puniuntur
1957 3292 2053 3362 qui

542 3436 590 3467 '°
616 3432 805 3490 Matth.
831 3431 1094 3502 mu,i8.
1173 3434 1215 3466 ²¹
1246 3431 1405 3489 Joan.
1464 3449 1554 3497 xx,
1610 3434 1701 3494 22.
1746 3434 1837 3489 2'5.

1981 3437 2024 3467 ι’
2057 3434 2143 3489 Η.
2198 3433 2403 3502 Quaest.
2447 3438 2481 3493 5
2515 3456 2529 3493 :

2178 545 2287 621 non
2320 532 2682 621 perfecerunt,
2714 547 2809 590 aut
2838 538 2891 591 in
2922 541 3085 596 malis
3103 542 3266 597 vitam
3297 546 3756 621 linieruut,quam

2179 618 2254 671 illi
2282 620 2375 688 qui
2409 622 2575 675 vitam
2606 624 2726 679 sine
2754 636 2882 681 Voto
2908 629 3185 698 ﬁnierunt,
3209 645 3304 690 aut
3331 638 3450 694 sine
3480 640 3585 697 fide
3608 618 3757 698 inor-

2177 710 2255 764 tui
2288 722 2435 777 sunt,
2467 725 2517 768 et
2547 725 2729 771 tamen
2755 718 2896 774 bona
2925 734 3154 793 egerunt
3179 742 3364 797 opera.
3386 731 3464 785 Ad
3484 733 3586 789 hoc
3607 737 3754 792 enim

2177 816 2399 857 sensum
2434 806 2808 864 rationabilem
2832 820 3040 869 natura;
3069 832 3295 873 munere
3328 822 3395 887 "’,
3429 833 3482 878 et
3504 830 3758 886 secunda:

2178 894 2477 953 nativitatis
2504 903 2903 970 reparationem
2956 910 3319 979 suscepimus,
3349 925 3409 969 ut
3450 920 3756 978 secundum

2176 988 2520 1057 Apustolum,
2562 996 2731 1065 magis
2755 1012 2873 1066 qua:
2918 1015 3130 1055 sursum
3158 1014 3303 1069 sunt,
3334 1010 3628 1078 sapiamus,
3651 1030 3753 1069 non

2175 1096 2291 1150 qua:
2317 1099 2472 1152 super
2523 1094 2718 1140 terram
2762 1089 2808 1119 "
2843 1108 2855 1143 :
2888 1092 3011 1159 quia
3055 1095 3318 1163 sapientia
3366 1099 3523 1169 hujus
3572 1106 3756 1159 mundi

2176 1174 2406 1229 stultitia
2429 1185 2507 1231 est
2535 1179 2676 1247 apud
2700 1178 2868 1233 Deum
2890 1183 2956 1236 '9.
2987 1182 3127 1251 Quid
3158 1198 3339 1244 autem
3372 1194 3584 1262 suadet,
3618 1197 3754 1251 cha-

2176 1270 2406 1333 rissimi,
2437 1271 2701 1340 sapientia
2739 1273 2902 1344 hujus
2932 1279 3138 1346 saeculi,
3168 1282 3273 1336 nisi
3313 1287 3563 1344 nocitura
3603 1307 3754 1362 qua:-

2176 1378 2320 1429 rere,
2338 1372 2393 1418 et
2423 1380 2609 1419 amare
2638 1366 2903 1436 peritura,
2939 1372 3211 1443 negligere
3236 1377 3516 1448 salutaria,
3545 1399 3644 1453 pro
3668 1385 3753 1441 ni-

2177 1452 2291 1507 hilo
2312 1465 2563 1524 rcputare
2585 1466 2840 1527 perpetua
2856 1461 2880 1510 ?
2906 1462 3267 1533 Cupiditatcm
3291 1452 3657 1542 commendat,
3682 1478 3753 1533 de

2174 1560 2284 1615 qua
2311 1548 2511 1604 dicitur
2533 1568 2546 1604 :
2580 1550 2756 1608 Radix
2779 1558 3011 1610 omnium
3030 1559 3289 1614 malorum
3307 1570 3382 1615 est
3395 1565 3656 1632 cupiditas
3682 1568 3747 1624 ³⁸.

2175 1636 2307 1703 Qum
2349 1640 2598 1709 inprimis
2626 1643 2731 1700 hoc
2755 1647 2958 1702 malum
2992 1648 3175 1715 habet,
3202 1652 3348 1722 quod
3396 1654 3525 1711 dum
3553 1657 3751 1729 ingerit

2175 1733 2511 1801 transitoria,
2541 1736 2825 1794 abscondit
2848 1749 3067 1797 interna.
3094 1741 3159 1798 Et
3193 1745 3323 1799 dum
3354 1761 3384 1801 a
3417 1745 3549 1805 foris
3572 1752 3748 1820 posita

2174 1825 2462 1895 conspicit,
2496 1827 2635 1882 intra
2667 1845 2725 1885 se
2750 1830 2970 1887 latentia
2995 1850 3103 1889 non
3135 1834 3460 1907 introspicit,
3506 1852 3565 1897 et
3613 1842 3745 1900 dum

2169 1916 2346 1972 aliena
2376 1920 2593 1989 quaerit,
2621 1923 2882 1978 sectatori
2912 1924 2952 1955 "
2979 1940 3082 1981 suo
3121 1930 3473 2000 semetipsum
3505 1933 3743 1991 alienum

2167 2008 2316 2065 facit.
2362 2012 2498 2068 Ecce
2528 2015 2658 2085 quid
2692 2017 2879 2072 suadet
2903 2019 3084 2075 saeculi
3118 2022 3386 2091 sapientia
3414 2025 3438 2080 7
3473 2026 3655 2084 vivere
3688 2030 3743 2085 in

2166 2104 2397 2161 deliciis.
2424 2104 2580 2162 Unde
2628 2109 2831 2164 dicitur
2856 2129 2869 2165 :
2905 2110 3078 2166 Vidua
3098 2129 3215 2184 qua:
3239 2115 3295 2168 in
3316 2116 3520 2173 deliciis
3549 2123 3745 2189 σιμοὶ·

2166 2211 2285 2249 rens
2329 2208 2537 2252 mortua
2584 2210 2661 2254 est
2690 2201 2755 2255 ³¹.
2790 2201 2994 2257 Suadet
3021 2219 3152 2275 ergo
3187 2206 3525 2265 mollissimis
3558 2214 3743 2267 suavi-
3840 2260 3853 2268 .

2166 2286 2392 2353 tatibus,
2417 2292 2678 2359 peccatis.
2701 2293 2849 2347 vitiis
2892 2303 2946 2349 et
3000 2294 3235 2352 ﬂammis
3266 2299 3474 2356 nutrire
3494 2317 3738 2371 carnem,

2165 2378 2271 2433 cibi
2300 2389 2354 2434 et
2381 2381 2494 2435 vini
2530 2382 2945 2453 intemperantia
2977 2387 3215 2444 animam
3247 2405 3514 2461 premere,
3563 2410 3629 2450 ac
3657 2398 3740 2451 vi-

2166 2478 2275 2526 tam
2308 2473 2535 2542 spiritus
2578 2475 2962 2545 intercludere,
2987 2488 3039 2535 et
3068 2489 3264 2537 contra
3289 2500 3347 2540 se
3375 2485 3518 2542 hosti
3539 2502 3641 2543 suo
3671 2489 3741 2545 de

2165 2577 2225 2617 se
2257 2563 2496 2633 gladium
2520 2567 2851 2623 ministrare.
2898 2569 3037 2626 Ecce
3067 2573 3197 2643 quid
3229 2574 3419 2631 suadet
3447 2579 3628 2633 saeculi
3651 2594 3743 2634 sa-

2164 2651 2407 2722 pientia?
2433 2665 2486 2711 ut
2513 2658 2606 2726 qui
2636 2658 2763 2712 boni
2790 2668 2940 2725 sunt,
2979 2662 3108 2717 mali
3136 2678 3259 2720 esse
3288 2665 3500 2732 malint,
3545 2677 3601 2723 et
3642 2684 3741 2739 per

2162 2763 2401 2803 errorem
2432 2750 2656 2816 mentis,
2689 2753 2802 2808 ﬁeri
2848 2756 3012 2810 etiam
3046 2758 3299 2813 studeant
3327 2769 3660 2830 peccatores,
3684 2771 3741 2818 et

2162 2854 2273 2893 non
2301 2840 2542 2910 cogitent
2571 2842 2719 2898 illam
2750 2846 3047 2902 terribilem
3079 2847 3174 2903 Dei
3201 2864 3389 2906 vocem
3411 2892 3428 2919 ,
3484 2867 3612 2909 cum
3652 2869 3739 2909 ea;-

2162 2941 2381 2985 ureutur
2400 2945 2697 3001 peccatores
2729 2936 2865 2991 sicut
2900 2938 3080 3008 fenum
3104 2939 3167 2995 ⁸³.

2901 3089 3013 3147 VII.

2229 3196 2431 3255 Omnes
2452 3202 2596 3255 enim
2622 3202 2808 3259 ﬁdeles
2833 3202 2878 3237 “
2891 3220 2990 3275 per
3010 3222 3207 3264 manus
3224 3207 3624 3280 impositionem
3657 3212 3739 3285 (9)

2160 3290 2543 3364 episcoporum
2567 3292 2832 3365 Spiritum
2860 3306 3111 3355 sanctum
3144 3310 3267 3370 post
3298 3302 3630 3373 baptismum
3652 3320 3742 3362 ac-

2593 3438 2804 3512 Quibus
2856 3440 3095 3512 episcopi
3148 3459 3254 3499 non
3309 3449 3734 3505 communicant.

471 3506 519 3540 ¹¹⁸
546 3503 606 3560 3.
630 3504 975 3587 Oreg.__liom.
1001 3506 1098 3587 20:,
1119 3502 1503 3587 in_l::.van_gelia.
1553 3504 1840 3587 ’fmlsidwn
1876 3505 2048 3587 Orig...
2081 3506 2164 3587 μ.
2240 3507 2395 3587 ’112.
2420 3502 2677 3587 Quiestﬂ
2714 3530 2728 3565 :
2761 3502 3232 3587 Scinius_vosnon
3257 3516 3365 3587 ign.
3390 3502 3739 3586 votumipau-V-

470 3576 717 3658 perlatis.
745 3574 1026 3658 L'ﬁgonc.
1057 3574 1384 3658 Parisiensis
1439 3590 1538 3658 an._
1573 3576 1836 3658 825Lcap.
1884 3576 1950 3631 10
1979 3574 2192 3658 librinu
2237 3574 2476 3658 alludere
2532 3583 2764 3658 videtur.

473 3649 621 3701 hom.
649 3646 703 3699 in
729 3644 817 3701 die
843 3644 1209 3709 Pentecostes,
1253 3661 1417 3716 quam
1451 3647 1591 3702 vide.
1669 3649 1714 3680 ³⁸
1736 3644 1945 3704 Cbloss.
1997 3664 2079 3710 nt,
2113 3647 2166 3701 2.
2245 3653 2290 3682 ”
2332 3650 2349 3703 l
2385 3651 2508 3705 Cor.
2554 3667 2637 3715 ιιι,
2690 3653 2777 3708 19.
2854 3655 2898 3686 ³⁸
2935 3653 3119 3714 lTim.
3160 3673 3242 3724 vr,
3275 3656 3361 3712 10.

473 3719 574 3777 leg.
600 3725 706 3773 est.
807 3716 885 3768 ιιι
930 3715 1071 3772 Tim.
1102 3718 1230 3777 v.6.
1324 3717 1369 3748 ⁸³
1389 3715 1591 3773 Psalm.
1631 3730 1739 3777 sel.
1773 3719 1827 3773 8.
1933 3718 1978 3749 “
2013 3718 2088 3773 De
2143 3734 2391 3777 consecr.
2440 3722 2567 3777 dist.
2620 3739 2650 3774 ν
2717 3741 2729 3753 ο
2787 3722 2989 3777 Omnes
3048 3724 3234 3777 ﬁdeles
3287 3727 3361 3777 Co

470 3719 574 3784 leg.
600 3725 706 3773 est.
807 3716 885 3768 ιιι
930 3715 1071 3772 Tim.
1102 3718 1230 3779 v.6.
1272 3715 1287 3716 ί
1324 3717 1369 3748 ⁸³
1389 3715 1591 3773 Psalm.
1631 3730 1739 3779 sel,
1773 3719 1827 3773 8.

471 3794 896 3844 sacramentum.

543 3911 631 3984 (8),
664 3910 831 3967 Valde
853 3912 996 3967 enim
1034 3908 1289 3984 timenda.
1340 3911 1543 3982 Duplex
1594 3922 1677 3967 est
1722 3927 2041 3967 excommu-

467 3982 707 4039 nicatio:
732 3999 839 4037 una
861 3984 1032 4053 justa,
1062 3982 1118 4037 in
1148 3998 1269 4053 qua
1288 3984 1436 4038 nulla
1465 3984 1643 4039 debita
1676 3984 2039 4039 circumstan-

466 4054 546 4110 tia
592 4052 965 4121 desideratur;
1028 4054 1196 4108 altera
1260 4052 1463 4123 injusta
1502 4064 1606 4120 est,
1659 4055 1748 4110 cui
1798 4069 1904 4109 una
1960 4056 2041 4109 vel

466 4124 653 4195 plures
678 4124 955 4195 requisita:
989 4124 1412 4180 circumstantia:
1441 4125 1657 4180 desunt.
1696 4123 1822 4179 llzec
1867 4135 2046 4194 poste-

466 4194 602 4260 i'ior,
634 4195 681 4251 si
726 4194 965 4249 invalida
996 4195 1088 4261 sit,
1126 4205 1254 4265 puta
1290 4194 1335 4249 si
1362 4195 1849 4265 excommunicans
1892 4205 2049 4265 pote‘

465 4274 663 4320 statem
692 4274 745 4319 et
790 4266 1167 4321 auctoritatem
1216 4279 1324 4320 non
1366 4266 1586 4331 habeat,
1620 4266 1705 4320 vel
1736 4264 1782 4321 si
1824 4264 2045 4335 propter

469 4337 692 4406 bonum
722 4349 861 4405 opus
909 4351 1028 4390 eam
1083 4334 1245 4406 ferat,
1284 4336 1366 4390 vel
1422 4337 1654 4406 denique
1683 4336 1729 4391 si
1773 4334 2040 4393 solemnia

463 4406 645 4461 debita
674 4404 771 4476 (de
792 4406 992 4475 quibus
1029 4421 1150 4476 cap.
1209 4405 1533 4470 Statuimus,
1570 4404 1635 4460 'et
1677 4421 1797 4476 cap.
1830 4406 2042 4463 Constio

466 4485 569 4531 tut.
592 4476 648 4543 2,
684 4476 752 4531 de
783 4486 924 4531 sent.
954 4478 1412 4532 excommunicat.
1451 4477 1545 4531 lib.
1578 4476 1654 4546 vi)
1698 4492 1806 4530 non
1844 4478 2035 4533 obser-

3464 3660 3481 3691 ¹
3518 3657 3737 3717 Factori

2717 3741 2729 3753 ο
2787 3722 2989 3781 Omnes
3048 3722 3235 3782 fideles
3287 3727 3740 3786 Coniirmationis

2885 3585 2929 3617 "
2984 3583 3216 3641 Eucher.
3263 3583 3359 3641 aut

2140 3913 2242 3966 hac
2274 3912 2500 3981 epistola
2543 3911 2772 3977 dicitur;
2816 3912 2959 3966 sicut
2989 3921 3042 3965 et
3068 3911 3221 3976 iliud,
3272 3911 3418 3981 quod
3446 3912 3598 3969 hom.
3657 3913 3729 3968 26

2151 3983 2207 4036 in
2236 3980 2527 4053 Evangelia
2556 3982 2747 4037 scribit
2774 3981 3069 4051 Gregorius
3094 3999 3106 4035 :
3138 3980 3466 4037 Sententiam
3496 3986 3732 4053 pastoris

2151 4054 2257 4107 sive
2293 4054 2465 4123 justa,
2507 4054 2613 4106 sive
2642 4054 2852 4124 injusta
2892 4055 2985 4119 sit,
3020 4053 3309 4107 timendam
3350 4069 3481 4107 esse.
3518 4053 3731 4111 Valent.

2151 4132 2284 4197 toni.
2329 4126 2417 4191 IV,
2445 4123 2692 4197 disp._7,
2746 4133 2939 4197 quiest.
2983 4124 3073 4188 i7,
3112 4124 3394 4197 punct._2.
3433 4124 3565 4197 Vide
3607 4142 3733 4197 qua:

2148 4194 2388 4249 diximus
2410 4209 2574 4262 supra
2607 4193 2660 4247 in
2688 4192 2835 4249 notis
2857 4195 2923 4248 ad
2948 4211 3070 4251 can.
3099 4192 3275 4264 apost.
3303 4192 3429 4250 Ssv.
3465 4194 3585 4252 BIN.

2179 4264 2295 4336 f(9)
2351 4266 2543 4319 Omnes
2589 4266 2772 4333 ﬁdeles
2820 4282 2913 4335 per
2941 4282 3128 4336 manus
3183 4267 3588 4336 impositionem.
3645 4265 3731 4321 Ab

2159 4333 2378 4390 Urbano
2448 4333 2852 4391 sacramentum
2929 4333 3361 4390 confirmationis
3417 4334 3729 4390 institutum

2146 4422 2288 4470 esse,
2329 4409 2375 4459 si
2418 4406 2514 4475 qui
2551 4421 2619 4459 ex
2653 4407 2760 4461 hoc
2803 4407 2923 4460 loco
2949 4407 3168 4475 probari
3196 4420 3358 4474 posse
3385 4406 3723 4470 existimant,

2144 4477 2382 4547 graviter
2412 4485 2617 4529 errant.
2646 4476 2890 4544 Apostoli
2916 4476 3086 4547 enim,
3120 4478 3214 4543 qui
3259 4475 3379 4529 Act.
3405 4489 3503 4547 Vlll
3539 4485 3602 4547 Aet
3634 4492 3727 4531 six

463 4548 693 4612 vaverit,
723 4546 1112 4618 conscientiam
1150 4546 1384 4618 ﬁdelium
1417 4543 1774 4618 nonobligat,
1793 4547 2036 4618 adeoque
2070 4544 2112 4598 D
2142 4543 2305 4616 super
2336 4547 2636 4618 baptizatos
2677 4543 2872 4600 manus
2912 4546 3312 4613 imposuerunt,
3350 4552 3410 4598 ut
3456 4543 3723 4618 Spiritum

464 4618 922 4689 talis_nunquam
959 4617 1220 4689 _timenda
1276 4616 1436 4689 foret,
1495 4617 1599 4671 nisi
1645 4618 1783 4672 forte
1827 4616 2041 4675 ratione

463 4687 699 4757 alicujus
753 4685 1016 4751 scandali,
1049 4689 1119 4742 ab
1145 4685 1426 4742 hominum
1456 4689 1753 4754 consortio,
1771 4697 1826 4742 et
1856 4704 2041 4744 sacra-

466 4768 773 4812 mentorum
829 4767 1179 4827 perccptlone
1231 4757 1616 4812 abstinendum
1675 4758 1834 4825 foret,
1868 4760 2040 4815 donec

460 4828 667 4899 populo
700 4827 922 4899 nullitas
951 4828 1075 4883 lata:
1105 4828 1687 4884 excommunicationis
1717 4830 2036 4885 innotuerit.

438 4898 595 4966 'Qtne
622 4913 754 4953 vero
782 4898 1001 4953 aliunde
1040 4900 1513 4961 exeommunicato
1547 4900 1751 4969 injusta
1802 4900 2036 4964 videtur,

457 4983 526 5024 ex
577 4983 645 5023 eo
685 4969 945 5023 nimirum
974 4971 1118 5037 quod
1141 4970 1383 5040 judicem
1421 4983 1528 5023 non
1566 4982 1712 5025 recta
1736 4970 2039 5024 intentione

454 5040 736 5109 iudicasse
779 5047 952 5109 putet,
976 5040 1062 5094 vel
1104 5055 1166 5097 se
1205 5040 1549 5097 innocentem
1581 5054 1706 5096 esse
1738 5040 2034 5103 existimet,

461 5111 658 5165 merito
709 5110 941 5181 singulis
986 5109 1241 5166 ﬁdelibus
1277 5109 1676 5181 extimescenda
1726 5120 1809 5165 est
1847 5128 1861 5163 :
1909 5126 2033 5165 cum

461 5182 709 5239 omnium
760 5179 971 5248 judicio
1013 5190 1224 5239 certum
1277 5182 1368 5244 sit,
1402 5181 1600 5236 talibus
1633 5179 1870 5236 fructum
1911 5196 2036 5234 ora-

463 5252 629 5305 tionis
647 5261 702 5305 et
729 5251 1117 5321 suﬂ‘ragiorum
1144 5252 1517 5307 communium
1544 5267 1574 5305 a
1604 5251 1829 5321 reliquis
1863 5250 2037 5305 lideli-

466 5322 567 5375 bus
596 5321 743 5376 licito
789 5324 1051 5391 applicari
1091 5338 1196 5377 non
1233 5337 1411 5391 posse,
1447 5337 1623 5392 neque
1650 5321 1878 5387 debere;
1922 5322 2033 5376 imo

463 5392 512 5445 si
533 5394 1006 5451 cscornmunicato
1052 5392 1119 5447 de
1146 5408 1244 5449 sua
1277 5394 1582 5447 innocentia
1616 5406 1723 5445 non
1754 5392 2033 5445 evidenter

463 5470 696 5534 constet,
731 5469 947 5516 tenetur
975 5463 1141 5517 etiam
1176 5465 1278 5517 sub
1310 5463 1460 5534 gravi
1497 5470 1719 5534 peccato
1751 5464 2033 5534 sententiae

465 5531 588 5586 Istc
620 5545 832 5603 parere,
855 5543 912 5587 et
936 5549 1109 5603 usque
1133 5536 1197 5587 ad
1226 5531 1625 5588 absolutionem
1657 5532 1726 5585 ab
1750 5533 2030 5603 hominum

462 5601 746 5672 consortio
777 5610 832 5655 et
858 5601 1336 5660 sacra—mentorum
1361 5604 1708 5672 perceptione
1732 5601 2026 5659 abstinere.

466 5670 681 5745 De__tali
733 5672 905 5745 igitur
934 5670 1539 5745 excommunicaiionis'
1577 5674 1868 5739 sententia,
1909 5690 2032 5745 quae

463 5742 671 5814 scilicet
719 5743 987 5813 probabili
1037 5744 1499 5814 judiciojudicis,
1555 5745 1771 5798 tametsi
1823 5742 1944 5798 non‘
1971 5760 2031 5799 re

463 5813 604 5887 ipsa,
653 5812 870 5877 causam
910 5812 1120 5889 justam
1180 5812 1396 5881 habeat,
1421 5812 1648 5886 intelligi
1693 5816 1853 5873 debet
1880 5816 2027 5886 quod

2143 4626 2396 4673 sanctum
2450 4617 2781 4683 acciperent,
2838 4618 2941 4668 hnc
2987 4625 3391 4669 sacramentum
3424 4616 3728 4671 conﬁrma-

2143 4688 2311 4741 tionis
2349 4686 2823 4740 administrarunt.
2874 4685 3098 4755 Accedit
3146 4686 3296 4755 quod
3352 4685 3726 4742 Tertullianus

2145 4755 2370 4810 Urbano
2421 4754 2701 4825 antiquior
2740 4754 3176 4809 confirmationis
3212 4755 3458 4825 pluribus
3492 4756 3545 4809 in
3587 4757 3724 4813 locis

2142 4826 2471 4880 meminerit.
2515 4823 2570 4877 In
2619 4825 2713 4879 lib.
2751 4826 2825 4879 Ile
2857 4823 3235 4879 resurrectione
3262 4828 3439 4880 carnis
3493 4841 3511 4880 :
3561 4826 3722 4892 Caro,

2140 4897 2337 4966 inquit,
2384 4896 2645 4968 abluitur,
2691 4907 2750 4949 ut
2786 4898 3366 4968 animu__entaculetur;
3402 4913 3526 4949 caro
3561 4899 3723 4968 ungi-

2141 4976 2248 5029 tur,
2293 4977 2350 5020 ut
2389 4967 2568 5020 anima
2589 4978 2940 5021 consecretur.
2975 4965 3040 5020 Et
3075 4967 3166 5022 lib.
3198 4967 3272 5020 De
3302 4969 3446 5035 bapt.
3470 4982 3491 5021 :
3525 4965 3724 5021 Deinde

2140 5054 2329 5092 manus
2372 5038 2681 5108 imponitur,
2707 5054 2799 5108 per
2828 5039 3238 5092 benedictionem
3266 5038 3526 5092 aduocans
3555 5048 3605 5092 et
3633 5040 3721 5091 in-

2138 5110 2311 5163 vitans
2354 5107 2617 5179 Spiritum
2658 5107 2923 5163 sanctum.
2970 5109 3032 5162 Et
3076 5110 3129 5161 in
3180 5110 3272 5161 lib.
3312 5109 3388 5161 De
3417 5110 3717 5178 prmscript.

2138 5180 2367 5248 loquens
2390 5180 2459 5233 de
2488 5180 2726 5243 diabolo,
2750 5181 2844 5250 qui
2876 5181 3122 5233 imitatur
3149 5180 3480 5247 baptismum
3510 5188 3566 5232 et
3587 5194 3722 5232 con-

2136 5251 2498 5304 lirmationem
2526 5262 2768 5305 nostram
2815 5269 2829 5304 :
2877 5250 3077 5319 Tingit,
3111 5250 3306 5318 inquit,
3336 5261 3385 5302 et
3414 5252 3524 5318 ipse
3555 5265 3720 5318 quos-

2135 5321 2261 5374 dam
2294 5323 2472 5390 utique
2501 5322 2766 5376 credentes
2798 5331 2857 5390 et
2879 5321 3058 5389 fideles
3083 5333 3238 5382 suos;
3288 5322 3465 5390 signat
3509 5319 3719 5390 illicin

2135 5388 2398 5460 frontibus
2432 5392 2626 5444 milites
2671 5409 2813 5446 suos.
2849 5388 2923 5443 De
2965 5391 3068 5445 hoc
3105 5388 3449 5445 sacramento
3490 5390 3549 5444 S.
3590 5388 3721 5460 Din-

2135 5459 2326 5532 nysius
2354 5463 2676 5531 Arcopagda
2695 5462 3088 5532 apostolorum
3127 5462 3463 5531 temporibus
3491 5459 3719 5532 mqualis

2133 5530 2254 5600 cap.
2294 5533 2349 5595 2,
2376 5530 2530 5601 parte
2574 5530 2622 5585 il
2679 5530 2881 5587 Eccles.
2909 5530 3251 5593 Irierarchiw,
3276 5533 3357 5585 sic
3378 5533 3454 5584 ait
3487 5548 3501 5584 :
3528 5530 3721 5596 Bapti-

2134 5614 2314 5656 zalutn
2357 5602 2601 5657 indutum
2649 5603 2772 5655 alba
2845 5614 2982 5656 reste
3046 5604 3114 5655 ad
3157 5603 3455 5670 pontiﬁcem
3494 5602 3715 5664 ducunt,

2132 5673 2223 5744 ille
2244 5674 2421 5727 divino
2453 5689 2515 5726 ac
2543 5673 2728 5743 dei/ico
2759 5689 2977 5744 prorsus
3008 5687 3271 5744 unguento
3316 5674 3484 5726 virum
3513 5673 3712 5744 signat.

2134 5742 2199 5797 Et
2233 5744 2375 5799 infra
2409 5759 2533 5814 cap.
2560 5742 2787 5813 4,'part.
2810 5761 2870 5798 Ill
2898 5763 2909 5797 :
2940 5743 3045 5797 Sed
3075 5742 3121 5796 et
3151 5744 3279 5813 ipsis
3317 5744 3404 5812 qui
3430 5742 3715 5794 .sacratis-

2132 5818 2263 5868 simo
2295 5816 2702 5885 regenerationis
2728 5817 2978 5886 mysterio
3008 5823 3407 5879 consecrantur,
3430 5817 3715 5867 aduentum
