4074 6374
351 356 443 410 Ml

1426 355 1772 412 ASTERiUS
1811 357 2161 416 URBANUS.
2195 391 2266 401 -—-
2295 361 2594 418 NOTITl—A.

3515 363 3542 428 ’ί
3557 373 3625 426 52

347 469 525 537 cipere
552 467 771 530 debent,
805 479 864 523 ut
885 471 1040 539 plene
1069 468 1370 523 Christiani
1396 468 1775 522 inveniantur:
1800 472 1924 539 quia
1958 491 2006 544 Α
2033 490 2177 540 mus,
2203 482 2264 530 ut
2308 477 2537 531 luxuriae
2564 492 2628 532 ac
2658 477 2889 557 diversis
2934 477 3226 545 illecebris,
3259 489 3313 536 et
3345 481 3504 539 {tedis
3538 484 3620 540 in'

347 575 465 614 cum
509 559 746 628 Spiritus
795 571 1024 617 sanctus
1085 560 1394 620 infunditur
1423 561 1490 619 ³⁸.
1528 576 1623 615 cor
1657 561 1815 616 fidele
1860 563 1929 619 ad

341 648 686 719 prudentiam
737 660 791 706 et
841 653 1208 711 constantiam
1257 651 1534 705 dilatatur.
1597 649 1673 706 De
1721 650 1928 722 Spiritu

339 751 530 803 sancto
571 744 896 813 accipimus,
957 753 1017 798 ut
1058 743 1360 798 eilieiamur
1413 745 1723 815 spirituales
1754 766 1766 802 :
1803 747 1931 818 quia

337 833 590 890 animalis
643 835 798 888 homo
849 851 952 890 non
1000 836 1221 904 percipit
1270 851 1330 888 ea
1362 852 1478 906 qua:
1531 849 1650 891 sunt
1682 836 1922 908 Spiritus

337 922 438 977 Dei
462 924 526 978 '6.
555 923 633 980 De
667 925 873 996 Spiritu
906 935 1096 981 sancto
1115 927 1416 995 accipimus
1442 928 1508 992 ³⁷,
1536 937 1596 982 ιιι
1641 930 1920 998 sapiamus

334 1016 478 1070 inter
508 1016 714 1071 bonum
745 1018 1060 1088 malumque
1083 1018 1418 1085 discernere,
1469 1021 1618 1090 justa
1674 1023 1919 1092 diligere,

329 1110 540 1180 injusta
567 1097 846 1182 respuere,
898 1119 959 1166 ut
1005 1111 1227 1166 malitiae
1255 1127 1320 1166 ac
1349 1113 1621 1182 superbia:
1650 1128 1922 1186 repugne-

386 1251 436 1281 ³³
463 1249 610 1303 ldem
649 1248 952 1305 Eucherius
993 1251 1115 1304 loco
1164 1251 1347 1307 citato.
1429 1253 1473 1284 “
1505 1251 1675 1315 ICor.
1709 1271 1768 1318 ιι,
1802 1254 1886 1308 Η.

325 1335 502 1402 papas.

323 1391 496 1445 cessit
521 1405 666 1445 anno
691 1391 818 1446 εει.

322 1503 564 1582 Spiritus
581 1507 760 1582 sancti
792 1511 1438 1582 consummansunguenti
1454 1511 1690 1582 inunctio
1707 1512 1904 1582 elargi-

323 1585 433 1652 tur.
459 1576 670 1652 Similia
700 1579 802 1632 hac
823 1578 891 1632 de
918 1576 1446 1652 re_duo_Clelnentes,
1464 1581 1599 1635 alter
1618 1576 1901 1637 Roman'us

321 1647 374 1716 ιη
434 1647 553 1701 suis
598 1647 787 1716 Apost.
822 1649 1033 1702 constit.
1087 1650 1262 1712 libris,
1291 1651 1428 1704 alter
1470 1652 1894 1716 Alexandrinus,

320 1713 575 1773 Justinus
619 1713 825 1788 martyr
848 1719 1051 1788 aliique
1082 1721 1266 1789 plures
1287 1721 1353 1774 de
1383 1721 1485 1774 hoc
1518 1713 1896 1777 sacratissime

319 1797 672 1861 sacramento
720 1789 1075 1861 scripserunt,
1106 1791 1284 1861 longe
1315 1799 1440 1845 ante
1470 1790 1674 1846 Urbani
1712 1793 1892 1861 pomi-

319 1855 441 1910 tlcis
469 1866 734 1927 tempora.
768 1855 1054 1924 Quomodo
1101 1855 1266 1930 igitur
1314 1861 1550 1931 sigillum
1588 1855 1800 1917 Dom-ini
1837 1872 1893 1918 et

2033 566 2322 638 dignisque
2341 568 2733 638 cupiditatibus
2752 571 3093 630 resistamus.
3115 571 3190 626 De
3210 573 3412 644 Spiritu
3433 587 3622 631 sancto

2033 662 2352 731 accipimus,
2379 669 2437 716 ut
2463 678 2650 717 amore
2674 663 2796 718 vitae
2819 673 2873 718 et
2909 665 3096 735 gloriae
3119 666 3318 722 ardore
3345 672 3618 738 succensi,

2033 754 2244 824 erigere
2269 769 2297 806 a
2331 754 2562 810 terrenis
2607 764 2844 810 mentem
2873 757 2939 811 ad
2971 773 3206 827 superna
3235 769 3289 814 et
3308 749 3491 817 divina
3521 778 3620 824 va,-

2031 845 2244 900 leamus
2270 845 2335 900 ι⁸.
2369 845 2505 902 Data
2520 845 2692 902 Nonis
2723 845 3081 917 Septembris.
3112 850 3165 904 id
3187 861 3292 918 est,
3311 853 3505 923 quinto
3532 854 3622 910 die

2031 935 2275 1006 ejusdem
2294 937 2808 1003 mensis,Antonino
2834 940 2879 974 ⁸⁸
2928 950 2985 995 et
3009 941 3324 998 Alexandro
3348 944 3482 1000 viris
3508 946 3621 1003 cla-

2029 1027 2264 1084 rissimis
2296 1029 2642 1085 consulibus.

1995 1256 2038 1287 ³⁷
2065 1254 2167 1313 Ista
2202 1257 2366 1310 etiam
2417 1254 2556 1309 infra
2603 1257 2872 1310 habentur
2923 1259 2978 1310 in
3029 1258 3246 1312 decreto
3297 1257 3615 1318 Melchiadis

602 1320 648 1351 ⁸⁸
698 1319 974 1394 ﬂactenus
1027 1320 1328 1378 Eucherius
1387 1339 1549 1394 quem
1605 1325 1849 1379 consule.
1927 1325 1971 1357 ³³
2016 1326 2120 1382 An.
2152 1327 2279 1392 ‘222,
2315 1327 2526 1380 vivente
2571 1327 2748 1381 adhuc
2779 1328 3025 1393 Callisto,
3075 1331 3164 1383 cui
3199 1327 3453 1385 Urbanus
3483 1346 3612 1387 suc.

2012 1519 2288 1567 sacratum
2313 1511 2418 1563 hoc
2443 1517 2779 1578 unguentum
2804 1510 2874 1564 ab
2893 1508 3118 1564 Urbano
3145 1510 3460 1566 institutum
3485 1512 3610 1568 ess°

2008 1581 2208 1652 potuit,
2235 1581 2381 1649 quod
2429 1579 2817 1652 praedictorum
2865 1581 3182 1652 testimonio
3209 1597 3239 1634 a
3270 1581 3491 1636 Christo
3519 1583 3608 1640 in-

2008 1650 2258 1706 stitutum
2311 1659 2414 1712 est,
2445 1659 2500 1704 et
2542 1650 2612 1703 ab
2663 1651 2930 1720 apostolis
2960 1661 3342 1720 fusurpatum,
3372 1661 3426 1705 et
3479 1655 3606 1714 uni—

2005 1738 2178 1776 versa:
2219 1719 2478 1775 Ecclesiae
2517 1719 2777 1774 traditum
2808 1721 2928 1775 est?
2959 1719 3095 1776 Vide
3129 1719 3382 1777 Bcllarm.
3413 1723 3506 1778 lib.
3563 1738 3606 1778 ιι

2002 1791 2081 1846 De
2118 1791 2383 1859 conﬁrm.
2429 1806 2477 1844 c.
2527 1789 2561 1844 5
2609 1799 2663 1845 et
2711 1795 2767 1859 6,
2797 1803 2850 1846 et
2897 1807 2950 1844 Iv
2987 1790 3065 1845 De
3113 1791 3338 1849 Roman.
3383 1793 3603 1864 pontii),

2002 1877 2048 1915 c.
2074 1862 2124 1915 8.
2169 1861 2298 1915 Sev.
2332 1859 2448 1914 Bm.

1997 1877 2048 1916 C.
2074 1876 2124 1916 ὅ.
2169 1876 2298 1915 δεῖν.
2332 1876 2448 1914 δικ.

321 2053 3582 2104 W

1597 2237 1767 2280 ANNO
1813 2235 2045 2282 DOMINI
2086 2236 2198 2279 CCX
2213 2236 2366 2284 XXII.

854 2413 1914 2599 ASTEBIUS

2052 2415 2786 2600 URBAN
2799 2421 3062 2602 US

1678 2891 2281 3008 NOTITIA

1174 3119 1466 3182 (GALLAND.,
1492 3116 1728 3167 Veterum
1749 3117 1958 3166 Patrum
1984 3111 2234 3175 Bibliotlt.,
2262 3115 2464 3178 Proles.
2480 3153 2493 3177 ,
2513 3113 2601 3176 III,
2631 3116 2722 3178 ιι.)

297 3425 339 3476 1.
373 3425 578 3477 Auctor
608 3421 770 3475 trium
792 3420 1047 3474 librorum
1070 3419 1317 3472 adversus
1351 3415 1738 3489 cataphryqas.
1773 3419 2008 3472 Asterius
2039 3416 2282 3489 Urbanus
2306 3417 2585 3489 asseritur.
2680 3461 2687 3474 ,

292 3491 362 3548 Il.
405 3492 704 3564 Episcopus
735 3491 905 3564 fuisse,
932 3491 1347 3564 demonstratur.
1383 3481 1644 3558 Episcopi
1660 3489 1958 3560 antiquitus
1984 3488 2156 3542 vocati
2197 3486 2510 3556 quandoque
2554 3483 2870 3554 presbyteri.
2908 3481 3126 3542 Zoticus
3163 3483 3412 3552 Otrenus,
3443 3486 3582 3554 alias

443 3562 479 3617 ὰ
504 3565 832 3617 Comanense
862 3562 1089 3616 videtur.

290 3631 386 3688 ll].
420 3634 538 3700 Quo
571 3645 800 3702 tempore
833 3631 1101 3700 scripserit
1131 3638 1339 3696 auctor,
1367 3630 1677 3699 inquiritur.
1718 3627 1912 3700 Iniqua
1939 3631 2040 3684 viri
2070 3629 2213 3683 docti
2239 3643 2460 3682 censura
2497 3624 2819 3680 retunditur.

359 3781 411 3836 Ι.
444 3781 702 3837 Veterum
727 3778 1052 3835 sententiam
1074 3777 1141 3833 de
1169 3777 1335 3832 trium
1367 3777 1633 3832 librorum
1659 3785 1884 3832 auctore
1915 3783 1920 3839 1

2002 3777 2278 3849 Ἀστέριον
2328 3773 2644 3847 Οὐρϐανὸν,
2696 3772 2758 3833 τὸ
2803 3772 2893 3826 διὰ
2939 3773 3286 3846 Μαξιμίλλης
3340 3774 3578 3846 πνεῦμα.

290 3872 562 3931 adversus
591 3873 986 3943 Cataphrygas,
1025 3886 1168 3941 quos
1199 3869 1420 3924 Avircio
1455 3869 1710 3924 Marcello
1742 3885 1885 3924 nun-

288 3978 527 4037 cupatos
572 3973 846 4019 memorat
893 3962 1163 4018 Eusebius
1203 3963 1306 4031 (l),
1359 3961 1504 4016 haud
1545 3977 1708 4016 unam
1761 3976 1886 4017 esse

287 4057 690 4127 comperimus.
733 4053 1102 4126 Hieronymus
1144 4054 1291 4107 enim
1342 4067 1479 4122 opus
1531 4052 1663 4106 illud
1720 4050 1884 4107 modo

287 4148 646 4213 Rhodonem,
679 4147 846 4202 modo
893 4145 1243 4216 Apollonium
1289 4144 1487 4199 litteris
1530 4145 1884 4216 consignasse

287 4241 464 4298 tradit
498 4241 599 4311 (2).
632 4238 865 4294 Rullnus
898 4238 974 4307 (5)
1009 4246 1064 4293 et
1109 4234 1453 4306 Nicephorus
1485 4237 1563 4307 (4)
1590 4236 1881 4300 Claudium

285 4334 691 4406 Apollinarem,
716 4331 937 4386 Eusebii
965 4329 1230 4384 nimirum
1254 4337 1491 4382 mentem
1524 4328 1708 4384 minus
1739 4337 1884 4382 recte

283 4425 553 4482 assecuti.
590 4423 696 4479 Sed
731 4423 1003 4494 ejusmodi
1047 4421 1331 4492 opiniones
1367 4435 1476 4475 non
1516 4435 1638 4476 esse
1683 4419 1882 4474 admit-

281 4519 518 4584 tendas,
571 4515 702 4571 alibi
749 4515 974 4570 uberius
1021 4515 1378 4584 exposuimus
1419 4513 1518 4583 (5).
1549 4511 1706 4567 Nunc
1749 4527 1880 4567 vero

281 4616 414 4680 post
473 4610 629 4664 viros
683 4607 1078 4673 doctissimos,
1119 4604 1393 4661 Valesium
1444 4605 1542 4674 (6),
1583 4604 1882 4660 Tillemon-

283 4701 426 4756 tium
457 4699 560 4772 (7),
584 4697 1002 4770 Longuerueum
1027 4697 1102 4770 (8)
1127 4707 1182 4752 et
1200 4696 1535 4752 Dodwellum
1557 4696 1657 4769 (9),
1682 4698 1775 4769 qui
1809 4705 1882 4752 ta-

279 4809 414 4847 men
440 4801 633 4862 postea
659 4791 988 4846 sententiam
1021 4790 1254 4847 mutavit
1285 4788 1394 4862 (l0)
1419 4830 1435 4854 ,
1457 4790 1733 4845 Asterium
1771 4789 1878 4846 Ur-

175 4886 181 4892 '
279 4884 493 4938 banum
526 4898 716 4938 eorum
746 4882 1010 4936 librorum
1046 4882 1366 4952 scriptorem
1394 4884 1799 4938 existimamus.

354 4978 536 5047 Objici
569 4977 788 5048 quidem
817 4986 1014 5048 potest,
1050 4978 1118 5031 ab
1149 4977 1378 5046 hujusce
1405 4978 1587 5048 operis
1613 4978 1878 5048 scriptore

279 5068 624 5122 mentionem
658 5066 776 5122 ﬁeri
806 5067 1006 5122 Asterii
1031 5064 1273 5130 Urbani;
1309 5074 1369 5120 ut
1389 5067 1616 5136 proinde
1639 5084 1747 5122 non
1777 5085 1874 5122 au-

278 5169 404 5215 ctor
449 5159 618 5214 fuerit
662 5159 893 5228 ipsemet
923 5168 1111 5214 noster
1148 5159 1417 5214 Asterius.
1463 5157 1556 5213 Sic
1587 5158 1732 5214 enim
1782 5158 1874 5213 ille

277 5252 398 5323 (Η)
430 5268 443 5305 :
476 5253 590 5307 Καὶ
641 5252 715 5325 μὴ
762 5251 968 5321 λεγέτω
1019 5253 1078 5305 ἐν
1107 5250 1186 5322 τῷ
1230 5250 1378 5328 αὐτῷ
1420 5251 1582 5330 λόγῳ,
1627 5250 1702 5322 τῷ
1733 5251 1873 5304 κατὰ

351 5409 432 5476 (Ι)
469 5408 700 5473 Euseb.,
732 5406 880 5462 Hist.
916 5405 1042 5476 eccl.
1072 5406 1166 5460 lib.
1199 5421 1250 5470 ν,
1282 5421 1399 5474 cap.
1431 5404 1517 5476 i6.

353 5474 432 5546 (2)
468 5478 718 5544 Hieron.,
748 5477 824 5531 De
853 5477 952 5534 vir.
981 5475 1206 5546 ἑκταίη,
1243 5491 1399 5544 capp.
1433 5475 1500 5528 57
1531 5474 1696 5546 ργιίΙιΟ.

354 5545 433 5618 (5)
465 5548 676 5614 Ruﬁn.,
711 5545 1178 5618 interpriEuseb.
1325 5563 1374 5610 ν,
1398 5560 1519 5613 cup.
1552 5545 1638 5598 15.

353 5614 430 5687 (4)
458 5618 686 5688 Niceph.
714 5614 876 5680 Callf,
903 5616 1048 5688 Hist.
1072 5615 1224 5688 ccci"
1251 5617 1344 5688 lib.
1375 5632 1446 5688 iv,
1480 5631 1599 5684 cap.

354 5683 430 5758 (5)
463 5683 773 5758 Prolegom.
828 5689 896 5758 ad
930 5687 1070 5741 Bibl.
1112 5685 1215 5743 PP.
1261 5687 1366 5740 vol.
1401 5684 1442 5743 Ι.
1481 5683 1600 5754 cap.
1632 5685 1724 5751 25,
1753 5683 1780 5756 §
1808 5685 1862 5752 Ξ,

271 5771 333 5815 et
357 5757 478 5828 vol,
497 5761 565 5820 Il.
595 5757 716 5828 cap.
743 5759 832 5822 1‘2,
866 5757 894 5828 §
922 5758 976 5813 ‘2.

353 5831 428 5890 (6)
464 5826 680 5892 Vales,
700 5830 765 5886 ad
796 5826 994 5884 Euseb.
1022 5828 1116 5883 lib.
1153 5844 1205 5895 ν,
1232 5842 1352 5898 cap.
1385 5826 1466 5887 16,

1937 5585 1944 5590 ς
2041 5534 2117 5614 (8)
2149 5534 2701 5614 ιωυεῡπυνυὶδδειτ,
2724 5537 2788 5614 de
2818 5535 3086 5614 .ilontnanz,
3113 5534 3141 5606 §

1964 3869 2246 3944 -Sed_quis
2277 3884 2388 3924 non
2428 3867 2611 3924 videat
2651 3867 2816 3922 verba
2858 3865 3182 3922 intermedia
3227 3866 3424 3928 seriem
3454 3881 3582 3924 ora-

1990 3969 2156 4023 tionis
2190 3966 2434 4033 turbare,
2459 3963 2985 4032 rescribendumque
3008 3962 3152 4017 :Kal
3187 3961 3262 4032 μὴ
3289 3959 3494 4028 λεγέτω
3515 3960 3580 4022 τὸ

1985 4059 2075 4114 διὰ
2099 4056 2444 4129 Μαξιμίλλης
2473 4055 2712 4126 πνεῦμα,
2744 4069 2836 4112 nec
2859 4053 2991 4108 mihi
3003 4054 3123 4122 jam
3157 4051 3303 4106 dicat
3333 4051 3425 4106 ille
3453 4049 3580 4111 Ma-

1985 4151 2212 4205 ximilla:
2258 4148 2519 4220 spiritus?
2567 4147 2706 4201 Hinc
2758 4145 2956 4200 merito
3024 4141 3241 4200 censuit
3291 4143 3574 4206 Valesius,

1988 4245 2158 4300 verba
2188 4244 2280 4298 illa
2309 4259 2432 4314 quae
2475 4240 2897 4304 interseruntur,
2929 4239 2988 4290 ὲν
3015 4236 3094 4307 τῷ
3119 4235 3270 4308 αὐτῷ
3301 4234 3466 4306 λόγῳ,
3497 4235 3577 4308 τῷ

1986 4337 2129 4392 κατὰ
2186 4335 2455 4408 Ἀστέριον
2498 4331 2812 4403 Οὑρϐανόν,
2853 4330 3102 4386 scholion
3146 4344 3270 4385 esse
3298 4328 3446 4399 quod
3475 4344 3574 4384 vc-

1985 4435 2074 4482 tus
2102 4427 2324 4496 quidam
2355 4423 2700 4487 scholiastes,
2723 4423 2806 4477 vel
2833 4422 2878 4476 si
2912 4420 3105 4483 mavis,
3137 4419 3412 4483 Euselu'us
3433 4421 3572 4490 ipse,

1985 4519 2053 4573 ad
2087 4517 2389 4586 marginem
2445 4514 2567 4567 libri
2603 4513 2688 4568 sui
2741 4520 3108 4582 apposuerat,
3150 4511 3216 4566 ad
3251 4511 3414 4566 verba
3449 4527 3574 4580 quae

1984 4611 2148 4680 paulo
2201 4616 2328 4662 ante
2375 4613 2706 4666 occurrunt,
2736 4599 2892 4666 αὖθις
2944 4602 3000 4656 δὲ
3050 4605 3107 4656 ὲν
3139 4601 3218 4672 τῷ
3253 4600 3404 4672 αὐτῷ
3437 4618 3571 4671 φησι

1981 4702 2144 4773 λόγῳ.
2175 4698 2331 4767 Quod
2361 4698 2582 4768 quidem
2611 4696 2882 4757 scholion.
2911 4703 2973 4751 ut
3006 4695 3121 4749 lieri
3151 4693 3376 4760 assolet,
3405 4692 3573 4764 fuerit

1982 4796 2238 4864 deinceps
2266 4809 2296 4847 a
2324 4792 2565 4848 librariis
2596 4791 2650 4845 in
2681 4799 2881 4845 textum
2915 4789 3125 4842 illatum
3154 4787 3566 4856 :importunum

1982 4882 2114 4936 illud
2147 4879 2392 4951 quidem,
2435 4881 2530 4935 sed
2582 4893 2648 4933 eo
2693 4879 2884 4932 saltem
2934 4875 3158 4932 nomine
3189 4875 3564 4937 commodum,

1981 4972 2128 5044 quod
2164 4973 2292 5027 hinc.
2322 4973 2542 5026 demum
2575 4985 2701 5026 cum
2727 4968 2846 5039 ipso
2877 4967 2994 5021 viro
3033 4967 3194 5022 docto
3221 4965 3563 5035 colligamus,

1981 5065 2257 5121 Asterium
2293 5063 2571 5119 Urbanum
2601 5063 2769 5117 trium
2800 5062 3068 5116 librorum
3105 5057 3374 5117 adversus
3397 5055 3561 5110 Cata-

1979 5160 2216 5230 phrygas
2240 5156 2552 5212 habendum
2581 5169 2704 5210 esse
2723 5161 3028 5215 auctorem,
3057 5165 3164 5203 non
3194 5157 3375 5202 autem
3404 5145 3563 5202 Clau-

1959 5247 2132 5303 dium
2167 5247 2559 5316 Apollinarem,
2592 5253 2652 5299 ut
2692 5252 2819 5312 post
2849 5240 3104 5296 Rulinum
3133 5235 3444 5306 complures
3475 5252 3564 5292 re-

2041 5403 2119 5471 (7)
2153 5403 2392 5464 Tillem.,
2425 5399 2632 5471 Herm,
2662 5407 2796 5451 tom.
2833 5394 2902 5460 ll,
2951 5409 3108 5463 pagg.
3151 5392 3289 5458 450,
3334 5392 3463 5461 ul,
3506 5402 3563 5448 et

1969 5468 2108 5537 G70,
2131 5482 2244 5528 not.
2278 5473 2329 5537 '7,
2360 5486 2456 5526 sur
2486 5471 2562 5524 les
2585 5468 2824 5522 Montan.

3176 5534 3264 5598 M,
3283 5549 3405 5604 pag.
3425 5530 3553 5593 265.

2043 5603 2120 5684 (9)
2157 5603 2381 5684 [ind‘VVDA
2406 5610 2632 5684 Dissert.
2654 5607 2703 5684 _4
2737 5603 2985 5684 (Ζγρς.ζ
3014 5607 3098 5667 Η,
3119 5603 3374 5684 ’βρεμι

2069 5673 2154 5752 10)
2186 5683 2285 5748 ld.,
2324 5681 2551 5752 Dissert.
2579 5679 2624 5752 έν
2653 5673 2882 5752 Ιιθοιιξζξ
2903 5673 3000 5752 βξ,
3030 5673 3305 5752 pag-ﬂigi:

2069 5687 2154 5752 10)
2186 5687 2285 5748 ld.,
2324 5687 2551 5734 Disscrt.
2589 5687 2624 5732 4
2653 5687 2818 5741 lren.,
2854 5687 2882 5747 ᾗ
2911 5687 3000 5739 ὃὸ,
3030 5690 3154 5745 pag.
3181 5687 3305 5728 3:29.

2041 5687 2154 5828 (ll)
2183 5755 2359 5810 Aster.
2388 5749 2548 5818 Urb.,
2579 5748 2800 5820 Fragm,
2834 5745 3054 5829 4_infr.,
3099 5746 3204 5805 col.
3245 5741 3375 5808 151.
