4074 6372
504 340 607 394 Hii

1875 335 2084 388 A'STEF

2193 336 2448 392 UBBANI
3657 353 3755 407 ηε)

499 463 777 517 centiorcs
833 468 1162 515 statuerunt.
1207 459 1378 513 Porro
1430 457 1712 513 Valesiana
1770 460 2083 528 conjectura
2114 465 2160 518 Α
2187 462 2441 531 episcopo
2468 465 2606 518 duas
2627 463 2898 520 Ecclesias
2923 466 3080 535 longe
3106 466 3244 520 inter
3272 483 3330 522 se
3349 469 3569 527 dissitas
3591 471 3758 529 fuisse

491 552 854 608 ’Tillemontio
887 553 999 624 (12)
1039 567 1152 621 prae
1199 551 1408 606 czetcris
1437 560 1600 621 atque
1633 550 1927 607 Pcar'sonio
1967 552 2079 622 (15)

502 645 759 700 arrisisse
788 645 1125 714 perhibetur.

575 736 639 788 Il.
677 734 812 801 Quis
865 743 1045 788 autem
1093 733 1337 802 qualisve
1383 733 1544 787 fuerit
1591 741 1776 786 noster
1813 731 2079 797 Asterius,

505 842 613 881 non
653 827 842 896 liquet.
883 824 1208 894 Episcopum
1247 840 1375 877 vero
1405 825 1580 893 ipsum
1611 823 1800 900 fuisse,
1834 825 1921 876 illa
1954 840 2082 878 sua-

503 918 633 972 dere
664 919 798 973 satis
828 917 1082 970 videntur
1128 932 1250 986 qua:
1299 917 1368 970 ab
1402 931 1466 970 eo
1516 917 1744 986 Ancyrae
1787 917 1840 969 in
1869 916 2079 971 Galatia

506 1021 722 1080 peracta
769 1017 1095 1062 noscuntur.
1145 1006 1282 1060 Cum
1335 1008 1480 1061 enim
1537 1007 1682 1060 illius
1714 1007 1866 1061 urbis
1898 1005 2081 1059 Eccle-

506 1103 642 1156 siam
671 1098 910 1153 Montani
942 1103 1170 1167 ejusque
1205 1096 1532 1149 feminarum
1556 1096 2070 1164 pseud0prophetiis

507 1192 775 1246 turbatam
812 1190 1193 1259 comperisset,
1225 1189 1452 1242 collecto
1494 1188 1730 1241 ﬁdelium
1776 1197 1917 1241 coetu
1962 1189 2082 1257 plu-

506 1287 658 1340 ribus
687 1285 877 1339 diebus
901 1283 1184 1346 disseruit,
1217 1296 1420 1350 eosque.
1466 1282 1518 1334 in
1548 1281 1772 1335 veritate
1800 1280 1921 1334 fidei
1961 1296 2080 1334 ma-

505 1393 743 1448 gnopere
781 1376 1147 1437 conﬁrmavit,
1197 1375 1539 1429 adversarios
1580 1391 1708 1428 vero
1741 1374 1943 1443 Deique
1979 1374 2081 1427 ho-

505 1480 619 1526 stes
649 1471 701 1524 in
743 1469 925 1540 fugam
958 1469 1226 1523 convertit
1257 1467 1367 1535 (14)
1402 1486 1414 1520 :
1454 1482 1562 1536 quo
1604 1467 1822 1536 quidem
1857 1481 2082 1520 munere

505 1561 680 1630 fungi,
706 1561 885 1614 virum
919 1559 972 1613 in
1001 1560 1192 1628 primis
1213 1559 1507 1629 episcopali
1533 1558 1739 1612 honore
1761 1558 2079 1627 insignitum

502 1646 754 1705 decebat.

577 1741 845 1796 Praeterea
883 1747 1111 1794 testatur
1145 1746 1336 1791 auctor
1369 1736 1478 1807 (15)
1519 1745 1646 1790 tunc
1678 1735 1918 1790 adfuisse
1949 1735 2078 1788 dum

505 1837 854 1905 loqueretur,
888 1833 1135 1886 Zolicum
1187 1831 1446 1886 Otrenum
1502 1845 1662 1898 quem
1711 1837 1869 1882 vocat
1921 1844 2079 1881 suum
2113 1807 2155 1861 Β

509 1925 1012 1998 συμπρεσόύτερον,
1055 1924 1184 1994 quin
1229 1933 1282 1976 et
1313 1922 1556 1976 Zoticum
1595 1921 1990 1974 Comanensem
2031 1928 2085 1973 et

509 2017 785 2073 Julianum
825 2019 1186 2086 Apamenum,
1225 2015 1424 2087 ἄνδρας
1463 2012 1716 2084 δοκίμους
1745 2013 1835 2066 καὶ
1866 2011 2085 2064 ἐπισκό-

507 2127 667 2174 πους,
702 2110 839 2163 viros
872 2107 1063 2178 probos
1107 2118 1157 2160 et
1200 2105 1485 2176 episcopali
1519 2105 1775 2173 dignitate
1819 2112 2032 2155 ornatos
2065 2117 2083 2153 :

509 2213 570 2256 ut
599 2209 883 2271 propterea
918 2214 1025 2254 non
1051 2199 1223 2253 solum
1255 2199 1307 2251 in
1336 2198 1771 2267 presbyterorum
1796 2194 2082 2263 collegium

508 2302 798 2362 cooptatus
828 2290 1002 2346 fuisse
1033 2291 1282 2345 videatur
1311 2290 1593 2352 Asterius,
1628 2287 1722 2342 sed
1772 2297 1823 2340 et
1858 2287 2086 2355 ipsemet

506 2388 798 2456 episcOpus
857 2384 1039 2449 fuerit,
1079 2384 1173 2454 qui
1217 2383 1475 2438 nimirum
1521 2381 1694 2436 tribus
1730 2381 1850 2435 aliis
1903 2389 2082 2433 astan-

507 2478 654 2532 tibus
681 2476 951 2546 episcopis
977 2477 1042 2530 ad
1076 2475 1335 2546 populum
1374 2475 1426 2527 in
1466 2473 1701 2527 ecclesia
1736 2478 1898 2525 verba
1944 2471 2086 2524 fece-

505 2568 595 2622 rit.
626 2566 812 2637 Neque
845 2582 974 2622 vero
1001 2567 1122 2635 quis
1146 2567 1269 2635 jure
1293 2563 1598 2634 collegerit,
1636 2573 1890 2617 nostrum
1925 2563 2084 2615 Aste-

504 2661 650 2714 rium
697 2659 941 2729 adeoque
996 2657 1243 2713 Zoticum
1306 2657 1567 2711 Otremnn
1636 2656 1690 2708 in
1758 2653 2083 2724 presbyterii

506 2753 676 2824 gradu
708 2751 876 2806 fuisse
905 2750 1280 2804 tantummodo
1305 2749 1622 2812 collocatos,
1662 2747 1806 2816 quod
1839 2746 2082 2801 Zoticum

507 2843 687 2914 ipsum
729 2843 1204 2913 compresbyterum
1250 2856 1410 2896 suum
1448 2840 1676 2910 appellet
1708 2857 1721 2893 :
1765 2839 1906 2893 haud
1936 2839 2082 2893 enim

511 2936 754 2990 insolens
797 2937 852 2989 in
897 2935 1284 2990 ecclesiasticae
1321 2933 1660 3002 antiquitatis
1691 2933 2081 2997 monumentis,

509 3030 797 3098 episcopos
848 3027 1031 3081 vocari
1073 3026 1426 3081 consuevisse
1478 3025 1841 3094 presbyteros.
1903 3023 2083 3077 Unum

2187 553 2529 611 commissas.
2563 554 2726 626 Otrys
2760 557 2905 610 enim
2954 557 3006 610 in
3058 557 3324 629 Bithyniae
3363 561 3563 617 ﬁnibus
3588 566 3757 619 collo~

2184 657 2342 698 catur
2379 663 2407 700 a
2449 649 2754 714 Strabone;
2789 650 3158 704 Comanorum
3191 667 3319 705 vero
3364 655 3494 710 urbs
3543 656 3625 726 (ut
3669 658 3759 714 hic

2183 736 2252 789 de
2300 737 2558 792 Comanis
2608 739 2849 793 Ponticis
2895 744 3126 808 taceam)
3173 742 3550 812 Cappadociae,
3577 745 3758 802 Ptole-

2184 843 2322 881 mmo
2366 838 2524 893 teste,
2575 831 2909 885 attribuitur.
2950 835 3010 885 In
3063 833 3274 887 notitiis
3323 836 3755 906 episcopatuum,

2184 921 2337 988 prior
2382 922 2684 978 dioecescos
2728 924 2947 978 Asiana:
2994 934 3236 994 putatur,
3285 926 3524 983 Pontica:
3574 940 3755 986 autem

2181 1012 2474 1079 posterior.

2256 1103 2345 1158 Ill.
2374 1103 2493 1158 Jam
2518 1119 2646 1158 vero
2675 1122 2796 1176 quae
2829 1116 3087 1176 superant
3113 1123 3178 1162 ex
3205 1109 3381 1164 tribus
3409 1108 3567 1164 libris
3599 1111 3756 1163 Aste-

2184 1197 2287 1260 rii,
2316 1205 2527 1250 aetatem
2561 1199 2693 1253 satis
2740 1200 3023 1254 declarant
3050 1217 3158 1270 qua
3205 1202 3292 1255 ille
3342 1202 3632 1256 scribebat.
3669 1201 3758 1257 Sic

2183 1289 2329 1342 enim
2373 1287 2449 1341 ait
2488 1287 2599 1358 (19)
2635 1306 2648 1342 :
2683 1288 2759 1341 Ab
2801 1290 2948 1342 obitu
2991 1289 3308 1345 Maximilla:
3336 1309 3498 1362 usque
3530 1298 3582 1345 in
3620 1292 3755 1346 hanc

2184 1380 2359 1445 diem,
2387 1382 2505 1447 plus
2536 1397 2695 1448 quam
2743 1381 2992 1433 tredecim
3044 1384 3170 1435 anni
3201 1383 3320 1452 jam
3369 1385 3537 1454 elapsi
3586 1392 3707 1437 sunt
3736 1401 3756 1438 :

2184 1489 2276 1524 nec
2311 1482 2484 1524 tamen
2529 1471 2696 1524 ullum
2747 1481 2841 1524 aut
2871 1473 3198 1540 particulare
3229 1475 3452 1541 bellum,
3499 1486 3592 1530 aut
3637 1478 3756 1530 uni-

2184 1563 2384 1617 versale
2428 1565 2480 1616 in
2538 1565 2692 1616 terris
2745 1563 2869 1631 fuit.
2917 1563 3035 1617 Imo
3081 1566 3441 1632 Christianis,
3491 1570 3757 1638 pracipua

2182 1655 2414 1725 quadam
2445 1655 2540 1708 Dei
2572 1653 2967 1719 misericordia,
3003 1672 3108 1724 pax
3138 1657 3345 1711 stabilis
3374 1669 3422 1710 et
3453 1659 3609 1725 ﬁrma
3640 1676 3756 1729 per—

2185 1747 2402 1800 mansit.
2434 1745 2499 1800 Et
2521 1746 2714 1800 iterum
2745 1747 2855 1815 (20)
2893 1763 2904 1798 :
2938 1746 3231 1802 Ostendant
3262 1750 3406 1801 nobis
3441 1749 3758 1819 (Cataphry-

2186 1842 2300 1908 ges)
2331 1840 2546 1909 quinam
2572 1840 2709 1892 inter
2740 1840 2879 1906 ipsos
2912 1837 3163 1892 Montano
3182 1848 3231 1892 et
3268 1839 3592 1892 mulierculis
3630 1855 3752 1891 suc-
3803 1895 3808 1898 _

2185 1932 2432 1983 cesserint
2469 1945 2486 1982 :
2514 1931 2703 1984 etenim
2734 1931 3016 1999 prophetia:
3043 1930 3236 1983 donum
3260 1933 3315 1983 in
3349 1931 3489 1983 omni
3521 1929 3758 1984 Ecclesia

2187 2021 2255 2074 ad
2287 2021 2531 2074 ultimum
2567 2038 2727 2090 usque
2771 2021 2983 2075 Domini
3013 2023 3292 2075 adventum
3336 2037 3635 2089 permanere
3661 2021 3754 2074 de-

2186 2110 2321 2171 bere,
2369 2122 2553 2162 auctor
2592 2122 2666 2164 est
2701 2109 3002 2178 Apostolus.
3039 2109 3141 2165 Sed
3172 2111 3376 2164 nullum
3418 2127 3632 2180 prorsus
3660 2128 3756 2180 po-

2187 2212 2360 2255 terunt
2413 2204 2714 2269 ostendere,
2753 2203 2963 2257 tametsi
3003 2204 3117 2272 jam
3163 2213 3382 2274 quartus
3414 2204 3640 2257 decimus
3672 2205 3756 2256 hic

2186 2306 2378 2365 agatur
2417 2313 2586 2350 annus
2629 2295 2694 2348 ab
2736 2296 2879 2348 obitu
2913 2295 3248 2350 Maximillw.
3279 2294 3354 2348 Ex
3397 2297 3596 2365 quibus
3626 2311 3758 2351 sane

2183 2387 2400 2453 verbis,
2459 2388 2741 2442 subductis
2814 2388 3153 2454 rationibus,
3209 2388 3410 2458 colligit
3462 2385 3755 2441 Tillemon-

2184 2479 2295 2533 tius
2324 2479 2434 2550 (21)
2462 2481 2566 2534 ista
2592 2480 2879 2549 scripsisse
2904 2480 3178 2533 Asterium
3221 2478 3363 2533 circa
3410 2478 3623 2535 Domini
3655 2495 3754 2532 an-

2187 2586 2317 2624 num
2349 2570 2476 2636 93!,
2522 2571 2732 2641 imperii
2780 2586 2906 2624 vero
2953 2571 3243 2624 Alexandri
3276 2587 3352 2624 XI.
3391 2569 3602 2639 Etjure
3637 2570 3761 2640 qui-

2185 2664 2352 2718 dem:
2387 2679 2510 2717 nam
2561 2663 2895 2726 Alexander,
2946 2660 3256 2717 Herodiano
3303 2671 3436 2717 teste
3481 2661 3630 2730 (22),
3679 2664 3760 2724 εἰς

2183 2756 2770 2827 τεσσαρεσκαιδέκατον
2796 2754 2992 2818 ἐλάσας
3018 2756 3114 2826 τῆς
3144 2754 3417 2824 βασιλείας
3438 2753 3573 2820 ἔτος,
3605 2753 3760 2806 ἀναι-

2188 2851 2327 2920 μωτὶ
2369 2846 2566 2920 ἦρξεν,
2613 2850 2766 2902 annis
2823 2849 3220 2919 quatuordecim
3264 2847 3398 2899 citra
3450 2847 3756 2916 sanguinem

2186 2941 2344 3008 gessit
2382 2939 2662 3008 imperium
2691 2953 2710 2992 :
2741 2947 2800 2992 ut
2829 2937 3055 3007 proinde
3081 2937 3264 3006 quiete
3313 2950 3470 3004 agere
3503 2933 3754 3002 permissi

2187 3029 2389 3084 fuerint
2423 3030 2720 3084 Christiani
2762 3045 2828 3084 eo
2860 3031 3186 3098 imperante;
3229 3027 3472 3095 adeoque
3503 3041 3608 3092 pax
3641 3025 3753 3090 illa,

507 3121 731 3177 afferam
767 3119 1097 3189 exemplum.
1126 3127 1178 3172 el
1221 3117 1440 3187 quidem
1488 3125 1572 3170 101‘
1617 3117 1970 3180 inCUlcalum.
2016 3131 2081 3170 ex
2111 3145 2153 3201 ε
2187 3137 2293 3192 qua
2321 3122 2421 3176 sub
2451 3122 2728 3176 Antonino
2754 3121 3030 3175 Caraealla
3051 3162 3064 3185 ,
3098 3120 3200 3175 sub
3228 3117 3487 3181 Macrino,
3518 3133 3616 3170 nec
3643 3132 3754 3170 non

507 3213 735 3284 epistola
767 3213 954 3266 frenari
995 3211 1064 3266 ad
1097 3209 1371 3266 Victorem
1402 3209 1512 3279 (16)
1547 3225 1560 3260 :
1593 3227 1612 3260 ι
1652 3205 1754 3263 Sed
1784 3218 1836 3263 et
1863 3208 2084 3279 presby-

507 3307 608 3361 teri
639 3307 736 3371 illi,
767 3305 962 3374 inquit,
992 3304 1085 3374 qui
1119 3313 1244 3357 ante
1290 3301 1534 3357 Soterem
1565 3301 1822 3356 Ecclesiae
1847 3301 2080 3371 praefue-

509 3405 672 3461 runt,
718 3411 883 3465 quam
927 3409 1072 3448 nunc
1123 3394 1414 3462 gubernas.
1451 3411 1469 3444 ι
1499 3391 1566 3446 Et
1604 3407 1728 3445 mox
1771 3409 1784 3443 :
1829 3411 1847 3442 ‹
1882 3390 2081 3446 Verum

508 3488 603 3559 qui
639 3496 690 3541 te
733 3494 1128 3556 praecesserunt
1168 3484 1489 3556 presbyteri.
1534 3503 1554 3535 ι
1585 3482 1889 3552 Paucisque
1917 3483 2086 3537 inter—

503 3581 686 3650 jectis,
716 3580 782 3634 de
812 3579 1038 3632 Aniceto
1084 3579 1248 3632 verba
1299 3576 1504 3631 faciens
1547 3592 1560 3627 :
1607 3594 1624 3627 ι
1657 3575 1794 3629 Cum
1839 3574 1949 3636 hic,
1986 3575 2081 3640 ait,

508 3675 950 3746 presbyterorum
981 3673 1074 3742 qui
1113 3680 1237 3726 ante
1274 3687 1331 3726 se
1367 3670 1601 3732 fuerant,
1633 3671 2083 3724 consuetudinem

507 3765 851 3822 retinendam
881 3780 1001 3820 esse
1027 3764 1259 3828 diceret,
1296 3781 1313 3814 ι
1339 3773 1443 3817 etc.
1472 3763 1581 3816 Καὶ
1608 3764 1657 3814 ot
1694 3761 1800 3833 πρὸ
1832 3763 2087 3833 Σωτῆρος

509 3857 903 3931 πρεσϐύτεροι,
954 3857 1004 3910 οἱ
1067 3856 1399 3927 προστάντες
1462 3855 1561 3926 τῆς
1636 3855 1960 3926 Ἐκκλησίας
2018 3849 2088 3925 ἦς

507 3951 694 4021 ἀφηγῇ
737 3990 750 4003 .
796 3988 809 4000 .
855 3989 870 4000 .
918 3989 930 4000 .
972 3946 1088 4000 ἀλλ’
1121 3948 1171 3998 οἱ
1224 3945 1326 4016 πρὸ
1362 3943 1455 3997 σοῦ
1491 3943 1850 4014 πρεσϐύτεροι
1893 3983 1906 3998 .
1949 3985 1965 4001 .
2010 3985 2022 3996 .
2068 3982 2082 3995 .

506 4041 733 4110 λέγοντα
759 4039 872 4110 (τὸν
917 4037 1216 4107 Ἀνικητον)
1259 4037 1357 4107 τὴν
1391 4035 1676 4107 συνήθειαν
1703 4037 1808 4088 τῶν
1844 4035 1950 4104 πρὸ
1986 4034 2088 4087 αὑ-

507 4132 602 4186 τοῦ
637 4131 1024 4204 πρεσϐυτέρων
1055 4128 1292 4198 ὀφείλειν
1339 4128 1610 4198 κατέχειν.
1644 4126 1805 4181 Plura
1835 4125 2088 4195 suppedi—

507 4224 646 4277 tabit
680 4222 934 4278 Svicerus
965 4220 1101 4290 (17),
1138 4235 1298 4290 quem
1326 4217 1571 4287 profecto
1607 4217 1794 4272 mirari
1835 4217 1980 4272 subit
2015 4215 2079 4268 il-

510 4315 739 4369 lustrem
766 4315 912 4367 hunc
933 4313 1111 4366 locum
1140 4310 1486 4379 praeteriisse.

584 4403 854 4458 Caeterum
891 4402 1032 4455 haud
1069 4399 1497 4454 existimaverim
1537 4397 1786 4467 equidem
1821 4410 1942 4451 cum
1980 4395 2085 4450 Le-

2187 3215 2290 3270 sub
2341 3213 2630 3285 Elagabalo
2679 3213 2957 3267 fruebatur
3002 3211 3272 3273 Ecclesia,
3319 3207 3421 3264 sub
3462 3207 3754 3262 Alexandri

2186 3320 2402 3375 quoque
2432 3304 2660 3374 imperio
2688 3303 2895 3356 stabilis
2923 3313 2972 3356 et
3003 3301 3160 3370 firma
3200 3299 3512 3370 permansit,
3542 3307 3600 3353 ut
3621 3300 3757 3354 scri-

2187 3399 2266 3453 bit
2291 3407 2475 3452 noster
2505 3405 2717 3451 auctor.

2259 3487 2338 3542 Ex
2377 3488 2444 3543 iis
2482 3501 2650 3556 porro
2679 3500 2800 3556 qua:
2837 3485 2947 3538 huc
2985 3499 3157 3553 usque
3187 3483 3254 3538 de
3285 3484 3500 3538 Asterio
3537 3483 3757 3539 Urbano

2187 3580 2600 3644 edisseruimus,
2649 3579 2701 3631 in
2733 3576 2925 3646 primis
2970 3591 3100 3630 vero
3135 3576 3202 3630 de
3251 3576 3398 3631 illius
3428 3577 3538 3630 acri
3571 3576 3756 3631 studio

2189 3673 2240 3725 in
2268 3671 2578 3726 Christiana
2625 3669 2886 3739 religione
2933 3668 3002 3722 ab
3051 3667 3425 3722 hereticorum
3471 3669 3757 3724 fraudibus

2188 3763 2553 3829 vindicanda;
2581 3763 2705 3831 quis
2745 3761 2964 3814 demum
2994 3774 3152 3829 aequo
3184 3761 3368 3814 animo
3398 3759 3535 3814 ferat
3561 3774 3627 3815 eo
3662 3775 3758 3814 us-

2189 3872 2293 3928 que
2336 3855 2669 3924 processisse
2709 3854 2889 3907 virum
2939 3852 3213 3915 criticum,
3257 3861 3313 3906 ut
3358 3853 3599 3906 scribere
3646 3867 3754 3907 non

2188 3948 2450 4004 dubitarit
2485 3947 2622 4017 (25),
2651 3962 2768 4016 qua:
2801 3935 2870 3999 ab
2908 3944 3219 4015 Apollonio,
3247 3945 3482 4011 Asterio,
3520 3944 3758 3999 Miltiade

2190 4041 2419 4109 aliisque
2455 4039 2600 4093 illius
2634 4038 2734 4093 aevi
2779 4036 3232 4092 Montanistarum
3272 4036 3756 4106 oppugnatoribus.

2191 4133 2367 4186 retulit
2394 4131 2689 4196 Eusebius,
2721 4130 2852 4184 adeo
2895 4146 3006 4184 esse
3043 4130 3195 4200 plena
3242 4130 3637 4184 declamatoria:
3669 4145 3759 4182 va-

2191 4224 2396 4282 nitatis.
2427 4233 2484 4276 ut
2516 4239 2574 4276 eo
2607 4223 2810 4292 faciant
2859 4222 2982 4291 ﬁdei
3033 4224 3206 4275 minus
3228 4263 3242 4287 ,
3273 4238 3374 4292 quo
3417 4222 3584 4291 magis
3615 4221 3758 4289 σθεν-

2193 4318 2379 4370 mant?
2413 4320 2559 4370 Itane
2592 4317 2758 4370 vero?
2785 4314 2858 4369 Ita
2887 4315 3106 4384 quidem
3137 4316 3219 4367 vir
3266 4315 3354 4368 ille
3387 4323 3608 4376 censet;
3651 4325 3760 4378 quo

2195 4411 2454 4463 nimirum
2488 4407 2806 4462 Montanum
2839 4407 2952 4460 sive
2981 4415 3175 4474 purget
3201 4405 3314 4459 sive
3343 4403 3541 4467 laudet,
3571 4417 3761 4458 suum-

510 4495 732 4569 quienio
762 4493 874 4564 (18)
903 4492 967 4546 ν.
1001 4493 1064 4547 C.
1105 4508 1273 4546 unum
1308 4489 1670 4559 eumdemque
1724 4487 1892 4543 fuisse
1933 4487 2084 4542 Zeti--

2189 4517 2294 4570 que
2336 4501 2565 4570 proinde
2602 4499 2997 4554 Tertullianum
3043 4498 3112 4549 ab
3155 4495 3408 4549 Ecclesia:
3437 4493 3641 4548 unitate
3670 4507 3748 4549 se-

511 4605 635 4645 cum
687 4585 950 4642 Otrenum
998 4598 1052 4641 et
1098 4585 1536 4650 Comanensem,
1584 4598 1818 4653 quorum
1871 4583 2086 4636 divisim

497 4681 764 4736 meminit
805 4688 996 4733 auctor
1033 4691 1048 4735 ε
1081 4692 1208 4732 cum
1257 4676 1621 4731 inconsonum
1675 4676 1940 4739 videatur,
1995 4673 2087 4726 uni

590 4833 704 4903 (i2)
733 4832 972 4896 Tillem.,
1002 4832 1041 4903 l.
1070 4847 1144 4903 οι,
1169 4845 1292 4903 pag.
1322 4828 1446 4884 671.

584 4896 696 4973 (15)
725 4903 981 4973 Pears.,u
1002 4896 1184 4973 'indicl
1218 4896 1425 4973 Ιῂηαετ,
1457 4907 1830 4973 ρει-π’ῐηιιτ-ραε.
1869 4896 1994 4950 164.

585 4969 699 5041 (14)
733 4976 910 5028 Astcr.
938 4969 1093 5036 Urb.,
1113 4969 1428 5041 iFrang,
1453 4971 1558 5041 col.
1601 4969 1719 5041 145.

581 5039 696 5116 (15)
726 5044 806 5116 id.
836 5043 996 5106 ibid.,
1019 5053 1072 5116 et
1097 5039 1316 5116 Eragin.
1339 5040 1402 5116 ξι
1430 5039 1538 5094 col.
1570 5039 1692 5116 i_51_.

609 5108 699 5184 16)
731 5113 898 5178 lren.,
931 5113 1072 5184 apud
1101 5108 1302 5184 Euseb.
1330 5109 1473 5184 1Ιὶεὲ
1493 5110 1642 5184 eccl_.,
1665 5109 1757 5162 lib.
1776 5125 1827 5174 ν,
1847 5123 1965 5179 cap.
1992 5108 2082 5184 2}.

609 5117 699 5184 16)
731 5117 898 5178 lren.,
931 5117 1072 5182 apud
1101 5117 1302 5165 Euseb.
1330 5117 1473 5163 Hist.
1493 5117 1642 5171 eccl.,
1665 5117 1757 5162 lib.
1776 5125 1827 5174 ν,
1847 5123 1965 5179 cap.
1992 5117 2082 5162 “tt.

583 5117 956 5256 iiDSvicen,
995 5181 1146 5238 Thes.
1175 5179 1327 5249 eccl.,
1353 5197 1405 5235 ν.
1425 5179 1820 5252 Πρεσὸύτερος,
1851 5187 1982 5233 tom.
2016 5178 2084 5242 ll,

511 5255 634 5324 pag.
659 5255 784 5310 826.

2183 4592 2437 4660 junctum
2467 4606 2530 4644 ac
2551 4589 2896 4644 Montanistis
2923 4585 3223 4640 addictum.

2259 4829 2370 4901 (18)
2403 4829 2687 4899 Lequien.,
2720 4828 2906 4882 Oriens
2931 4825 3160 4888 Christ.,
3190 4832 3320 4879 lom.
3347 4823 3410 4890 11,
3447 4840 3604 4898 pagg.
3633 4823 3762 4892 447,

2105 4903 2108 4906 ’
2187 4900 2312 4954 847.

2266 4970 2378 5038 (19)
2407 4971 2610 5030 Aster.,
2636 4966 2855 5036 Fragm.
2883 4967 2936 5029 5,
2971 4964 3122 5030 infr.,
3151 4965 3410 5038 colatiil.

2269 5036 2380 5108 (‘20)
2421 5041 2522 5103 ld.,
2546 5037 2760 5107 Fragnl.
2789 5039 2877 5103 10,
2911 5037 3071 5108 infla.
3091 5038 3200 5091 col.
3237 5036 3362 5108 155.

2266 5107 2374 5180 (‘2!)
2405 5108 2642 5180 Tillem.,
2680 5108 2864 5180 Mein”
2901 5119 3029 5180 tom.
3059 5107 3124 5172 ll,
3162 5123 3286 5180 pag._
3310 5107 3433 5180 441.

2267 5177 2377 5251 (2:2)
2408 5178 2722 5251 llerotlian.,
2749 5177 3070 5251 Histor._li_b.
3110 5177 3308 5251 v1,_sub
3334 5177 3454 5236 luit.

2271 5246 2383 5320 (‘23)
2421 5250 2642 5318 ltigalt.,
2676 5249 2884 5319 praefat.
2915 5249 2982 5303 ad
3009 5246 3235 5302 Tertull.
