4074 6382
374 344 377 345 ⁷
447 338 545 393 N7

1825 347 2105 404 ASTERII
2146 347 2406 403 URBANI

3611 350 3714 403 148

2758 412 2771 441 ί

440 463 523 517 cri
570 464 759 547 dolore
803 467 1051 536 perculsi
1106 466 1328 522 fuerint.
1369 466 1505 523 Cum
1562 484 1691 538 vero
1743 469 1864 540 ejus
1901 471 2015 540 “loci

2129 486 2255 533 τους
2281 470 2391 541 (51)
2409 469 2734 541 λυπηθῆναι.
2781 469 3095 535 Ἀξιούντων
3129 466 3222 524 οὖν
3249 469 3357 522 τῶν
3379 468 3521 524 κατά
3551 470 3715 525 τόπον

440 547 748 628 presbyteri
776 561 1142 628 postularent,
1182 568 1242 614 ut
1286 576 1477 615 eorum
1510 572 1853 631 quae-contra
1894 564 2031 617 veri-

438 648 569 704 tatis
588 650 934 708 adversarios
963 652 1107 710 dicta
1137 652 1373 719 fuerant,
1402 656 1861 711 commentarium
1891 657 2028 726 ipsis

438 742 708 813 scriptum
738 745 1104 811 relinquerem
1137 764 1151 800 :
1214 757 1428 802 astante
1473 749 1637 803 etiam
1671 750 2025 821 compresby-

436 839 559 889 tero
584 846 774 892 nostro
827 836 1017 892 Zotico
1082 836 1326 903 Otreno,
1399 840 1452 895 id
1520 841 1741 910 quidem
1801 841 2027 896 minime

439 926 709 994 praestiti;
746 927 840 982 sed
867 927 1032 981 simul
1086 938 1250 997 atque
1284 928 1393 985 huc
1448 929 1757 993 rediissem,
1783 929 2024 999 scriptu~

437 1033 560 1071 rum
589 1034 676 1073 me
709 1019 917 1083 omnia,
959 1027 1014 1075 et
1066 1023 1132 1074 ad
1181 1021 1334 1091 ipsos
1364 1022 1773 1092 quamprimum
1815 1021 2021 1076 missus

436 1125 583 1175 rum,
607 1101 718 1164 Deo
750 1107 988 1175 favente,
1022 1112 1274 1181 promisi.

505 1342 672 1413 Igitur
697 1342 1223 1403 obstinataillorum
1254 1346 1420 1401 coitio
1441 1338 1708 1402 adversus
1727 1345 2028 1423 Ecclesiam

431 1444 489 1490 et
515 1450 657 1490 nova
682 1437 981 1506 perniciosi
1018 1440 1333 1496 schismatis
1367 1441 1617 1513 haeresis,
1663 1441 1809 1495 hanc
1838 1440 2031 1495 habuit

431 1527 727 1599 originem.
759 1527 929 1586 Vicus
953 1531 1178 1601 quidam
1214 1548 1338 1589 esse
1359 1533 1564 1588 dicitur
1598 1532 1668 1586 in
1699 1531 1873 1605 Mysia
1900 1547 2029 1587 con-

431 1622 667 1677 termina
697 1621 971 1696 Phrygias,
1020 1626 1248 1680 nomine
1279 1625 1500 1681 Ardaba
1526 1645 1541 1680 :
1575 1626 1630 1679 in
1654 1641 1786 1695 quo,
1847 1626 2023 1688 aiunt,

429 1709 756 1770 Montanum
803 1716 1101 1786 quemdam
1135 1733 1203 1773 ex
1250 1719 1320 1774 iis
1349 1718 1444 1788 qui
1488 1704 1737 1774 lidelium
1792 1733 2024 1775 numero

2136 561 2545 632 πρεσϐυτέρων,
2579 563 2729 627 ὅπως
2756 562 2864 617 τῶν
2914 562 3212 633 λεχθέντων
3250 562 3391 617 κατά
3419 562 3527 616 τῶν
3561 564 3714 617 ἀντι-

2132 653 2524 725 διατιθεμένων
2586 655 2665 727 τῷ
2714 655 2813 727 τῆς
2843 654 3099 726 ἀληθείας
3139 654 3283 725 λόγῳ
3336 655 3635 738 ὑπόμνημά
3662 675 3715 712 τι

2132 746 2554 816 καταλίπωμεν·
2610 746 2876 818 παρόντος
2934 747 3028 799 καὶ
3079 745 3173 799 τοῦ
3229 746 3714 821 συμπρεσϐυτέρου

2129 839 2287 909 ἡμῶν
2332 838 2571 892 Ζωτικοῦ
2619 837 2716 891 τοῦ
2757 838 3018 910 Ὀτρηνοῦ
3065 839 3202 909 (52),
3258 839 3419 892 τοῦτο
3462 840 3559 910 μὲν
3612 840 3713 896 οὐκ

2128 929 2480 1000 ἐπράξαμεν·
2542 929 2995 1000 ἐπηγγειλάμεθα
3049 930 3107 983 δὲ
3140 929 3328 984 ὲνθάδε
3369 930 3709 1001 γράψαντες,

2128 1019 2223 1072 τοῦ
2285 1019 2490 1091 Κυρίου
2538 1019 2804 1087 διδόντος,
2869 1020 2959 1074 διά
3026 1021 3261 1091 σπουδῆς
3322 1023 3562 1093 πέμπειν
3608 1027 3709 1080 αὐ-

2126 1128 2240 1175 τοις

1767 1203 1770 1206 ’
1825 1229 1891 1286 u.
1920 1224 2003 1284 Ea:
2030 1230 2166 1283 libro
2209 1244 2250 1283 ι.-

2209 1346 2272 1398 Ἦ
2298 1347 2477 1399 τοίνυν
2529 1346 2781 1413 ἔνστασις
2812 1346 2992 1403 αὐτῶν
3047 1351 3141 1405 καὶ
3190 1350 3222 1422 ἡ
3266 1352 3578 1423 πρόσφατος
3615 1346 3710 1404 τοῦ

2125 1438 2538 1509 ἀποσχίσματος
2584 1440 2795 1512 αἵρεσις
2852 1441 2989 1513 πρὸς
3038 1443 3137 1513 τὴν
3203 1442 3550 1515 Ἐκκλησίαν,
3609 1443 3709 1515 τὴν

2125 1534 2305 1587 αἰτίαν
2357 1533 2483 1604 ἔσχε
2531 1534 2807 1603 τοιαύτην.
2859 1534 3036 1607 Κώμη
3065 1554 3150 1600 τις
3205 1532 3343 1591 εἶναι
3384 1537 3599 1607 λέγεται
3650 1541 3709 1593 ἐν

2121 1629 2187 1698 τῇ
2216 1625 2359 1680 κατά
2403 1627 2503 1699 τὴν
2550 1626 2793 1697 Φρυγίαν
2835 1628 3024 1699 Μυσίᾳ
3070 1629 3204 1700 (55),
3237 1630 3545 1703 καλουμένη
3587 1632 3711 1705 ’Δρ-

2122 1717 2291 1771 δαϐαὖ
2348 1719 2621 1788 τοὺνομα·
2690 1718 2821 1773 ἔνθα
2873 1722 3032 1790 ιρασ).⁴
3073 1719 3197 1775 τινά
3247 1721 3358 1775 τῶν
3412 1722 3710 1777 νεοπίστων

430 1821 627 1863 recens
666 1802 895 1879 ascripti
926 1809 1168 1876 fuerant,
1195 1805 1490 1866 immodica
1524 1809 1691 1881 primi
1722 1811 1829 1866 loci
1869 1810 2015 1880 cupi-

2125 1808 2382 1882 πρώτως,
2438 1812 2719 1865 Μοντανὸν
2768 1810 3007 1883 τοῦνομα
3064 1812 3208 1867 κατά
3257 1814 3462 1886 Γράτον
3526 1814 3711 1879 Ἀσίας

430 1890 601 1955 ditate
629 1908 874 1971 captum,
907 1901 1145 1971 primum
1171 1903 1274 1958 sub
1304 1895 1472 1959 Grato
1496 1902 1643 1959 Asiae
1687 1904 2019 1973 proconsule

430 1991 641 2047 aditum
698 1984 754 2047 in
807 2009 866 2049 se
921 1994 1241 2050 adversario
1291 1995 1509 2065 spiritui
1564 1995 1915 2066 praebuisse:
1963 2004 2021 2050 et

429 2076 683 2140 daemone
707 2085 1005 2154 repletum,
1036 2086 1221 2142 subito
1247 2087 1487 2157 qtfodam
1523 2086 1709 2142 furore
1731 2103 1796 2147 ac
1818 2087 2019 2142 mentis

429 2186 662 2230 excessu
705 2178 925 2233 concuti
966 2178 1236 2249 coepisse,
1272 2188 1327 2233 et
1383 2195 1525 2234 nova
1550 2179 1800 2250 quzedam
1853 2190 2017 2249 atque

429 2269 685 2324 inaudita
733 2271 1030 2341 proloqui;
1091 2272 1456 2328 hariolantcm
1514 2288 1581 2328 ac
1630 2272 2021 2343 praedicentem

427 2359 638 2427 futura,
677 2372 872 2434 praeter
902 2379 1114 2420 morem
1148 2375 1313 2436 atque
1344 2366 1658 2421 institutum
1687 2364 1947 2421 Ecclesia:
1985 2380 2017 2419 a

428 2456 738 2527 majoribus
769 2456 1054 2521 traditum,
1094 2466 1149 2513 et
1196 2459 1460 2515 continua
1504 2448 1763 2528 deinceps
1788 2474 2016 2514 succes-

426 2549 585 2604 sione
614 2560 999 2621 propagatum.
1027 2547 1202 2606 Porro
1230 2566 1298 2606 ex
1332 2550 1430 2607 his
1458 2551 1553 2621 qui
1589 2559 1721 2605 tunc
1751 2552 2017 2620 temporis

426 2640 768 2698 adulterinos
797 2643 1042 2699 hominis
1077 2658 1364 2700 sermones
1411 2643 1720 2707 audierant,
1764 2643 1858 2698 alii
1886 2642 2015 2713 qui-

424 2735 551 2791 dem
583 2743 644 2790 ut
670 2735 1022 2805 abreptitium
1046 2745 1102 2792 et
1135 2735 1541 2797 daemoniacum
1601 2751 1668 2791 ac
1697 2736 1895 2807 spiritu
1920 2751 2013 2791 er-

424 2827 571 2882 roris
608 2836 826 2894 actum,
854 2828 1159 2898 turbasque
1207 2830 1273 2885 in.
1317 2829 1522 2899 populo
1559 2828 1889 2885 excitantem
1927 2829 2010 2882 in-

424 2918 774 2991 dignabundi
799 2919 1190 2990 objurgabant,
1215 2928 1271 2975 et
1302 2920 1455 2989 loqui
1498 2920 1728 2975 ulterius
1750 2921 2014 2991 prohibe-

424 2980 596 3069 bant:
630 2980 831 3083 quippe
859 2980 1055 3083 quivin
1108 2980 1295 3067 mente
1353 2980 1623 3069 baberent
1653 2980 1949 3070 discrimen
1980 3030 2013 3070 a

425 3103 662 3160 Domino
716 3112 1109 3175 przenotatum,
1162 3105 1456 3175 minasque
1507 3105 1711 3177 quibus
1754 3107 2014 3176 iubemur

2122 1900 2456 1969 ἀνθύπατον,
2507 1904 2567 1956 ὲν
2612 1904 2879 1977 ἐπιθυμίᾳ
2926 1906 3104 1978 ψυχῆς
3164 1905 3390 1976 ἀμέτρῳ
3436 1904 3707 1978 φιλοπρω-

2121 1993 2274 2056 τείας
2330 1993 2489 2051 δόντα
2528 1995 2761 2067 πάροδον
2816 1999 2897 2061 εἰς
2945 1998 3136 2052 ἑαυτὸν
3184 1997 3263 2069 τῷ
3318 1998 3702 2071 ἀντικειμένῳ,

2122 2080 2712 2159 πνευματοφορηοῆναί
2790 2105 2851 2141 τε
2905 2090 3001 2143 καὶ
3046 2089 3331 2159 αἰφνιδίως
3387 2092 3447 2144 ὲν
3500 2092 3706 2161 κατοχῇ

2118 2194 2226 2231 τινι
2256 2179 2352 2232 καὶ
2388 2180 2762 2251 παρεκστὰσει
2797 2183 3088 2255 γενόμενον
3110 2182 3412 2253 ὲνθουσιᾷν·
3440 2181 3708 2254 ἄρξασθαί

2120 2286 2178 2322 τε
2202 2269 2382 2323 λαλεῖν
2426 2273 2521 2325 καὶ
2544 2272 2885 2344 ξενοφωνεῖν,
2941 2275 3096 2347 παρὰ
3138 2274 3201 2328 τὸ
3233 2273 3374 2327 κατά
3411 2275 3709 2345 παράδοσιν

2120 2362 2378 2427 καὶκατὰ
2421 2362 2671 2436 διαδοχὴν
2714 2366 2919 2420 ἄνωθεν
2961 2364 3058 2437 τῆς
3104 2365 3432 2437 Ἐκκλησίας
3460 2365 3582 2430 ἔθος
3606 2367 3703 2439 δῆ-

2119 2453 2211 2506 θεν
2242 2454 2674 2527 προφητεύοντα.
2725 2456 2846 2509 Τῶν
2876 2456 2935 2511 δὲ
2980 2458 3102 2510 κατ’
3124 2457 3303 2510 ἐκεῖνο
3329 2457 3524 2529 καιροῦ
3554 2459 3612 2511 ἐν
3633 2460 3701 2531 τῇ

2116 2546 2245 2603 τῶν
2269 2547 2438 2601 νόθων
2499 2550 2915 2620 ὲκφωνημάτων
2968 2549 3233 2621 ἀκροάσει
3266 2549 3599 2620 γενομένων,
3652 2552 3704 2604 οἱ

2121 2638 2219 2708 μὲν
2246 2636 2321 2703 ὠς
2360 2639 2454 2690 ἐπὶ
2485 2638 2864 2711 ἐνεργουμένῳ
2899 2638 2993 2692 καὶ
3023 2637 3352 2709 δαιμονῶντι
3374 2639 3469 2693 καὶ
3496 2639 3555 2693 ὲν
3576 2637 3708 2692 πλά-

2115 2743 2214 2797 νης
2235 2726 2505 2798 πνεύματι
2545 2726 2867 2799 ὑπάρχοντι,
2908 2727 3002 2782 καὶ
3030 2729 3156 2791 τοὺς
3174 2728 3365 2798 ὄχλους
3383 2728 3704 2801 ταράττοντι

2116 2814 2407 2887 ἀχθόμενοι
2435 2816 2734 2888 ἐπετίμων,
2766 2814 2864 2872 καλ⁸
2913 2815 3093 2871 λαλεῖν
3122 2816 3380 2873 ὲκώλυοψ
3420 2818 3704 2891 μεμνημέ-

2116 2924 2195 2961 νοι
2220 2909 2318 2979 τῆς
2363 2907 2457 2961 τοῦ
2502 2908 2709 2981 Κυρίου
2738 2908 3028 2979 διαστολῆς
3059 2925 3120 2962 τε
3167 2908 3262 2962 καὶ
3284 2908 3535 2979 ἀπειλῆς,
3564 2910 3703 2979 πρὸς

2115 3002 2175 3055 τὸ
2204 3000 2570 3070 φυλάττεσθαι
2618 3000 2718 3072 τὴν
2756 3000 2867 3055 τῶν
2899 2996 3361 3075 ψευδοπροφητῶν
3396 3003 3701 3074 ἐγρηγορόα

2116 3110 2225 3158 τως
2254 3095 2577 3165 παρουσίαν.
2617 3094 2680 3147 Οἱ
2713 3091 2776 3145 δὲ
2794 3092 2871 3157 ὼς
2899 3093 3038 3165 ἁγίῳ
3061 3092 3339 3165 Πνεύματι
3365 3093 3458 3147 καὶ
3492 3110 3704 3166 προφη-

423 3173 734 3255 adventum—
756 3197 1024 3255 falsorum
1047 3173 1440 3269 prophetarum
1491 3173 1782 3271 vigilanter
1807 3217 1873 3256 ac
1899 3203 2012 3256 sol-

2115 3185 2252 3256 τικῷ
2295 3186 2594 3257 χαρίσματι
2641 3185 2993 3256 ἐπαιρόμενοι
3016 3227 3032 3252 ,
3060 3188 3157 3241 καὶ
3201 3187 3299 3257 οὐχ
3325 3187 3531 3257 ἥκιστα
3562 3206 3703 3259 χαυ-

424 3293 576 3349 lieite
608 3292 927 3349 observare.
957 3292 1070 3348 Alii
1121 3306 1254 3348 vero
1277 3292 1435 3348 velut
1462 3301 1657 3349 sancto
1714 3290 1925 3363 Spiritu
1961 3301 2017 3348 ct
2047 3306 2050 3310 λ

424 3384 731 3455 prophetia:
756 3385 931 3456 gratia
957 3383 1085 3439 elati
1115 3382 1400 3455 inflatique
1431 3384 1632 3439 mirum
1664 3387 1719 3441 in
1764 3373 2021 3452 modum:

424 3487 477 3533 et
526 3477 904 3535 distinctionis
959 3492 993 3533 ιι
1025 3476 1259 3534 Domino
1313 3486 1750 3548 praemonstrata:
1795 3479 2014 3549 penitus

425 3570 602 3643 obliti,
658 3570 812 3625 illum
862 3568 1229 3626 infatuantem
1282 3579 1340 3626 et
1380 3569 1725 3627 adulatorem
1753 3572 2014 3643 vulgique

427 3656 776 3714 seductorem
808 3658 1061 3733 spiritum
1094 3659 1240 3715 ultro
1273 3659 1343 3715 ad
1376 3660 1712 3731 loquendum
1756 3676 2015 3732 provoca-

424 3750 587 3817 bant,
618 3750 763 3821 capti
786 3751 910 3821 ejus
948 3751 1224 3807 illecebris
1273 3760 1331 3807 et
1378 3752 1435 3806 in
1501 3751 1749 3808 fraudem
1783 3753 2009 3808 inducti.

424 3843 543 3901 Hac
574 3844 745 3915 igitur
764 3855 882 3902 arte
924 3860 1022 3901 seu
1061 3846 1249 3916 potius
1278 3845 1471 3901 fraude
1520 3862 1587 3903 ac
1616 3847 1857 3903 versutia
1895 3847 2014 3903 dia—

423 3936 586 3993 bolus
613 3938 879 3993 adversus
904 3953 1003 3994 eos
1029 3938 1124 4009 qui
1158 3939 1308 3993 dicto
1330 3936 1548 3993 Domini
1577 3939 1862 3995 audientes
1901 3955 2010 3993 non

422 4039 603 4093 erant,
635 4030 866 4086 exitium
906 4030 1281 4097 machinatus,
1332 4046 1458 4087 cum
1491 4031 1563 4087 ab
1587 4031 1692 4086 illis
1730 4029 2023 4086 immerito-

507 4204 617 4282 :31)
672 4211 809 4282 Kal,
836 4211 980 4278 τοὺς
1030 4212 1394 4278 ἀντιθέτους.
1454 4211 1636 4266 Malim
1696 4211 1975 4278 ἀντιθέους
1993 4252 2019 4280 ,.

424 4288 489 4337 ιιι
513 4280 719 4351 legitur
745 4280 814 4336 ad
848 4283 1149 4351 marginem
1184 4284 1443 4339 editionis
1479 4283 1835 4339 Genevensis.
1868 4283 2010 4339 Cum

422 4351 575 4406 eni‘m’
614 4351 737 4426 jam
765 4421 778 4426 _
815 4352 1014 4426 dixerit
1060 4354 1189 4417 τοὺς
1260 4352 1575 4426 ἐξεναντίας
1612 4353 2009 4426 Δἀποκρουσθῆ-

423 4439 550 4484 ναι,
612 4421 953 4490 in‘cptissima
1016 4434 1163 4478 esset
1224 4425 1512 4490 repetitio,
1578 4423 1626 4478 si
1678 4421 1806 4488 τοὺς
1858 4421 2009 4479 ἀντὶ·

423 4439 550 4484 ναι,
612 4436 953 4490 tn'cpusslma
1016 4436 1163 4478 esset
1224 4436 1512 4545 regem"),
1578 4439 1626 4478 sn
1678 4436 1806 4488 τους
1858 4436 2008 4479 αντι-

423 4492 619 4565 θέτους
669 4493 866 4547 iterum
906 4495 1235 4548 nominaret.
1297 4563 1310 4565 _
1327 4510 1489 4565 erum
1525 4493 1827 4561 ἀντιθέους,
1863 4497 2008 4565 quod

423 4563 588 4632 longe
609 4564 840 4633 gravius
876 4571 980 4628 est,
1007 4564 1244 4633 appellat
1292 4558 1678 4628 Montanistas,
1709 4567 1760 4620 id
1788 4558 1894 4620 est'
1913 4566 2007 4622 Dei

424 4633 813 4704 adversarios,
853 4647 920 4688 eo
954 4635 1102 4704 quod
1136 4648 1338 4704 novum
1376 4634 1719 4690 Paraeletum
1781 4637 2007 4691 induce-

419 4708 567 4776 rent.
602 4702 780 4776 Atque
806 4703 879 4760 ita
914 4702 988 4759 in'
1008 4704 1197 4760 codice
1238 4702 1376 4776 Fuk.
1418 4717 1473 4760 et
1519 4704 1691 4762 Savil.
1740 4707 2005 4776 scriptum

423 4774 676 4829 habetur.
712 4772 770 4829 Si
800 4776 926 4845 quis
967 4790 1099 4845 vero
1122 4774 1435 4839 ἀντιθέτους
1460 4780 1693 4832 retinere
1730 4772 2004 4834 maluerit.

422 4854 536 4899 non
593 4844 930 4916 repugnabo.
965 4844 1106 4916 Infra
1158 4845 1320 4916 enim
1354 4847 2008 4902 ἀίουηιυι-ιὰντιδιατώέ-

496 4931 600 4980 νοι,
643 4914 704 4971 ut
732 4914 789 4970 et
824 4917 970 4986 apud
1013 4915 1247 4986 Gregor.
1275 4914 1583 4986 Nyssenum
1628 4917 1724 4972 lib.
1762 4933 1779 4971 ι
1813 4926 2007 4973 contra

471 4987 779 5047 unomium.
804 4985 1107 5042 etPaulum
1132 4985 1200 5041 in
1231 4985 1276 5040 ll
1308 4985 1381 5043 ad
1404 4985 1645 5043 Timoth.

494 5056 618 5129 (5⁸2)·
646 5056 759 5111 Τόῦ
798 5057 1095 5129 Ὀτρηῖοῦ.
1156 5057 1297 5113 Male
1338 5059 1482 5127 apud
1522 5057 1892 5129 Nicephorum
1920 5058 2006 5129 lc-

419 5127 923 5201 gitur‘Oojrp'qvoG.
958 5128 1388 5201 Distinguendus
1429 5138 1613 5201 autem
1673 5127 1890 5201 videtur
1917 5128 2008 5183 hic

423 5195 646 5254 loticus
674 5195 911 5256 Otrenus
935 5214 967 5254 a
998 5195 1186 5255 Zotico
1232 5198 1565 5254 Comanensi
1600 5198 1877 5268 episcopo,
1905 5214 2004 5251 cu-

418 5269 513 5338 jus
540 5268 685 5324 infra
708 5271 962 5326 meminit
1012 5270 1102 5326 hic
1140 5278 1353 5324 auctor.
1395 5268 1533 5327 Nam
1563 5278 1619 5324 et
1646 5269 2005 5323 Comanensis

423 5339 514 5393 ille
535 5338 814 5409 antiquior
858 5342 980 5395 fuit.

495 5409 607 5480 (55)
654 5407 750 5480 Ἑν
780 5410 855 5480 τῇ
880 5410 1033 5467 κατὰ
1060 5409 1178 5479 τὴν
1225 5410 1489 5479 Φρυγίαν
1517 5409 1744 5480 Μυσίᾳ.
1772 5407 2004 5480 Ruﬁnus

422 5477 629 5553 vertit:
695 5477 852 5553 Vicus
884 5477 1131 5553 quidam.
1156 5477 1280 5553 esse
1306 5477 1508 5553 dicitur
1542 5478 1685 5553 apud
1711 5477 2003 5553 Phrygiam

426 5549 924 5621 Mysiaeoivitaten’:
961 5568 979 5605 :
1019 5551 1382 5621 ineptissime.
1412 5549 1525 5606 Nec
1564 5551 1758 5605 melius
1785 5549 2003 5621 Museu—

420 5620 510 5704 l'us
524 5620 1126 5704 etQhris‘tophorsonus
1145 5623 1592 5704 interpretantur,
1613 5621 1760 5704 ιεραά
1773 5620 2001 5704 Mysiam

421 5689 698 5800 Iflwpgia’.
724 5689 865 5760 Quid
903 5693 1050 5774 enim
1096 5689 1452 5775 amabo—,_sibi
1484 5693 1601 5775 vult
1629 5691 1799 5765 Mysia
1824 5689 1999 5772 Phry-

421 5778 553 5817 atat.
598 5764 803 5817 Duplex
862 5764 995 5817 olim
1055 5735 1159 5817 iuit
1203 5762 1395 5817 λίγεια.
1459 5770 1605 5817 sicut
1637 5773 1693 5817 et
1740 5762 1997 5817 Phrvma.

420 5762 803 5834 gim?'Duplex
862 5764 995 5823 olim
1055 5762 1159 5818 fuit
1203 5762 1395 5833 Mysia,
1459 5764 1605 5820 sicut
1637 5762 1697 5819 et
1740 5762 1997 5888 Phrygia,

419 5842 556 5893 teste
577 5833 848 5892 Strabone
882 5835 936 5892 in
962 5835 1102 5891 libro
1128 5849 1223 5889 xu.
1253 5833 1374 5890 Alia
1396 5835 1592 5906 major,
1615 5850 1780 5907 quam
1811 5833 1857 5890 0
1878 5847 2007 5905 νων-η

2116 3276 2387 3349 νούμενοι,
2416 3277 2513 3330 καὶ
2538 3277 2638 3348 τῆς
2665 3277 2949 3347 διαστολῆς
2981 3276 3077 3332 τοῦ
3117 3277 3325 3353 Κυρίου
3354 3279 3705 3335 ὲπιλανθανόω

2118 3385 2294 3439 μενοι,
2326 3367 2389 3421 τὸ
2424 3367 2725 3440 βλαψίφρον
2754 3371 2849 3423 καὶ
2882 3369 3299 3443 ὑποκοριστικὸν
3341 3370 3435 3426 καὶ
3464 3370 3700 3427 λαοπλά-

2115 3475 2206 3513 νον
2230 3459 2445 3531 πνεῦμα
2501 3459 2943 3532 προύκαλοῦντοι
2977 3460 3295 3532 θελγόμενοι
3349 3462 3443 3516 καὶ
3488 3460 3706 3536 πλανώ-

2118 3568 2269 3622 μενοι
2313 3552 2404 3605 ὑπ’
2426 3551 2616 3620 αὐτοῦ,
2657 3554 2738 3618 είς
2772 3554 2835 3607 τὸ
2892 3553 3090 3625 μηκέτι
3116 3554 3421 3608 κωλύεσθαι
3450 3557 3696 3626 σιωπᾷν·

2113 3644 2281 3717 τέχνῃ
2325 3643 2383 3697 δέ
2423 3658 2550 3710 τινι,
2614 3644 2815 3715 μᾶλλον
2856 3643 2915 3698 δὲ
2938 3642 3164 3716 τοιαύτῃ
3218 3644 3428 3716 μεθόδῳ
3474 3630 3705 3699 κακοτε-

2114 3736 2269 3808 χνίας
2301 3738 2331 3789 ὁ
2358 3734 2603 3800 διάϐολος
2645 3734 2745 3807 τὴν
2778 3734 2920 3790 κατά
2936 3734 3048 3790 τῶν
3079 3734 3375 3807 παρηκόων
3405 3734 3514 3806 (54)
3544 3734 3703 3788 ἀπὼυ

2113 3829 2264 3884 λειαν
2300 3828 2776 3901 μηχανησάμενος,
2800 3828 2894 3881 καὶ
2923 3829 3055 3899 παρ’
3085 3826 3244 3893 ἀξίαν
3290 3827 3381 3880 ὑπ’
3414 3826 3592 3882 αὐτῶν
3619 3845 3700 3882 τι-

2117 3918 2389 3991 μώμενος,
2444 3917 2776 3992 ὺπεξήγειρέ
2805 3937 2867 3973 τε
2892 3920 2996 3989 καὶ
3035 3919 3473 3989 προσεξέκαυσεν
3518 3921 3699 3976 αὐτῶν

2113 4011 2212 4084 τὴν
2238 4012 2759 4085 ἀποκεκοιμημένην
2792 4011 2905 4083 (55)
2960 4012 3074 4066 ἀπὸ
3104 4012 3206 4083 τῆς
3256 4015 3399 4068 κατά
3440 4014 3701 4086 ἀλήθειαν

2112 4230 2308 4285 penem
2331 4224 2492 4270 vocat
2518 4212 2752 4285 Strabo;
2788 4214 2895 4269 alia
2920 4213 3138 4285 _minor,
3176 4229 3339 4285 quam
3373 4212 3698 4285 Hellespon-

2112 4283 2245 4341 tiam
2310 4294 2471 4342 vocat
2513 4284 2864 4355 Ptolemaeus.
2920 4283 3384 4355 Utraque'porro
3439 4283 3691 4355 Phrygia:

2112 4358 2454 4412 contermina
2510 4355 2631 4411 fuit.
2691 4354 2848 4410 Unde
2902 4354 3095 4410 natum
3150 4355 3500 4424 proverbium
3553 4354 3698 4423 apud

2113 4426 2558 4497 GI-aecos,prtg
2583 4426 2652 4480 τὰ
2676 4426 2899 4480 Μυσῶν.
2938 4426 3064 4481 Fuit
3108 4434 3163 4480 et
3216 4426 3386 4497 altera
3429 4425 3601 4497 Mysia
3639 4425 3696 4478 in

2040 4535 2087 4592 ῃ
2115 4497 2358 4592 Europa,
2384 4493 2635 4592 Thracia:
2663 4497 3034 4592 cluntribu-ta,“
3056 4493 3425 4592 quam-“Latini
3473 4493 3695 4592 guideAin

2114 4565 2364 4623 Mcesiam
2406 4576 2642 4631 vocant,
2682 4565 2854 4621 Graeci
2905 4581 3038 4621 vero
3094 4580 3310 4635 semper
3348 4566 3582 4619 Μυσίαν.
3613 4565 3697 4619 Ad

2113 4639 2280 4707 hujus
2326 4652 2458 4708 ergo
2498 4637 2946 4708 distinctionem,
3000 4639 3033 4707 ὴ
3068 4636 3230 4708 κατά
3281 4636 3525 4708 Φρυγίαν
3577 4637 3697 4690 Μυ-

2112 4706 2204 4761 σία
2256 4708 2345 4762 hic
2396 4706 2602 4777 dicitur
2648 4706 2821 4777 Mysia
2879 4706 3130 4777 Phrygiae
3183 4706 3548 4777 contermina,
3596 4721 3694 4760 seu

2410 4776 2591 4871 Porro
2629 4775 2785 4833 vicus
2831 4777 2937 4832 iste
2982 4775 3052 4832 in
3096 4778 3288 4833 codice
3314 4775 3455 4831 Μαι.
3494 4777 3698 4831 dicitur

2125 4849 2413 4902 ’A‘adaﬁaG.
2542 4860 2556 4871 ‘

2206 4919 2297 4990 54)
2320 4917 2482 4990 Κατὰ
2502 4918 2621 4973 τῶν
2651 4919 2989 4989 παρηκόων.
3012 4917 3243 4973 Ruﬁnus
3266 4916 3696 4990 indisciptinatos

2108 4986 2293 5054 vertit,
2356 4989 2639 5047 Musculus
2689 4986 3073 5061 immorigeros,
3124 4988 3433 5061 nonmale.
3492 4986 3693 5041 Intellio

2109 5071 2311 5132 guntur
2335 5062 2482 5115 enim
2536 5062 2572 5115 ii
2616 5062 2710 5131 qui
2767 5058 3109 5132 praereptum
3132 5058 3371 5132 Domini,
3405 5074 3516 5128 quo
3556 5073 3695 5127 pra:-

2109 5129 2303 5187 inoniti
2335 5130 2556 5187 fuerant
2584 5129 2650 5185 ut
2673 5149 2703 5186 ιι
2746 5129 2902 5186 falsis
2946 5129 3240 5201 prophetis
3270 5137 3557 5201 caverent,
3588 5144 3687 5201 ne-

2108 5203 2416 5273 gligebant;
2463 5202 2562 5273 τῆς
2604 5202 2897 5273 διαστολῆς
2930 5197 3032 5273 τοῦ
3062 5197 3286 5273 ’Κυρίου
3342 5197 3695 5273 ἐπιλανθανό-

2154 5291 2297 5340 ενοι,
2328 5283 2386 5327 ut
2419 5270 2584 5341 supra
2609 5270 2853 5342 loquitur
2886 5272 2977 5327 hic
3020 5270 3398 5325 iunominatus
3427 5270 3685 5339 scriptor.

2106 5290 2261 5396 μενοι
2283 5317 2297 5340 ,
2328 5290 2386 5327 ut
2419 5290 2584 5341 supra
2611 5290 2851 5342 loquitur
2886 5290 2919 5326 n

2150 5346 2347 5400 essime
2366 5344 2919 5414 Christophorsonus.

2179 5415 2290 5485 (55)
2330 5414 2449 5482 Τὴν
2482 5409 3057 5485 ἁπόκεκοιμημέγην.
3078 5409 3396 5485 Metaphora
3419 5417 3504 5465 εει
3524 5424 3695 5485 amu-

2106 5480 2357 5550 lieribus,
2379 5480 2501 5554 quze
2531 5486 2724 5539 relicto
2750 5480 2933 5554 mariti
2957 5493 3077 5537 t0r0
3107 5484 3292 5536 l'urtim
3316 5482 3386 5537 ad
3414 5480 3686 5554 intectum:

2104 5550 2411 5610 transeunt:
2443 5553 2580 5610 Nam
2611 5553 2941 5624 κοιμᾶσθαι,
2977 5569 3073 5608 seu
3106 5554 3364 5624 dormire,
3398 5552 3467 5624 de
3500 5550 3665 5618 hujus

2105 5629 2253 5681 modi
2279 5627 2563 5680 adulteriis
2591 5622 2713 5679 dici
2728 5624 2888 5689 solet,
2929 5634 2988 5678 ut
3016 5625 3068 5677 in
3114 5622 3269 5677 libris
3303 5622 3478 5677 sacris
3500 5635 3677 5675 occur-

2074 5697 2176 5750 'rit
2202 5713 2311 5751 non
2336 5696 2524 5751 semel.
2573 5694 2729 5761 Quod
2779 5710 2903 5749 cum
2949 5710 3055 5749 non
3087 5694 3412 5763 intelligeret
3438 5691 3691 5746 Christo-

2098 5769 2434 5837 -phorsonus,
2490 5767 2685 5822 erroris
2723 5782 2902 5822 somno
2934 5766 3259 5836 consopitum
3290 5764 3472 5819 vertit.
