4074 6438
391 435 491 491 M9

1387 426 1809 486 FRAGMENTA
1850 422 2129 480 CONTRA
2170 416 2680 476 MONTANISTAS.

3557 410 3659 467 1ΰο

387 557 625 622 πίστεως
651 557 919 612 διάνοιαν·
960 558 1033 621 ὡς
1071 573 1161 609 και
1194 552 1385 627 ἐτέρας
1413 552 1566 616 τινὰς
1598 549 1690 605 δύο
1712 552 1936 618 γυναῖκα

2039 543 2368 607 ,οοιοι-ριιιτ,
2420 548 2635 596 mentes
2683 552 2873 594 eorum
2927 552 2959 591 a
3000 551 3128 593 vera
3176 534 3282 593 ﬁde
3334 532 3661 597 accubantes

385 652 699 722 ἐπεγεῖραι,
732 651 828 703 καὶ
856 648 948 719 τοῦ
976 649 1129 703 νόθου
1176 646 1486 717 πνεύματος
1534 643 1840 715 πληρῶσαι·
1900 641 1975 704 ὡς

386 744 485 797 καὶ
511 743 695 796 λαλεῖν
722 743 1002 814 ἐκφρόνως
1035 742 1130 795 καὶ
1174 741 1418 812 ἀκαίρως
1459 742 1552 792 καὶ
1601 734 1975 807 ἀλλοτριοτρόρ

385 855 510 900 πως
533 836 739 907 ὁμοίως
766 835 844 907 τῷ
896 834 1280 907 προειρημένῳ
1299 842 1333 864 ·“
1361 835 1457 886 καὶ
1490 833 1616 895 τοὺς
1642 831 1738 900 μὲν
1764 828 1975 901 χαίρον-

381 945 487 993 τας
532 928 646 1001 (36)
695 929 789 983 καὶ
837 927 1225 999 καυχωμένους
1258 927 1343 979 ἐπ’
1368 923 1538 994 αὐτῷ,
1578 922 1971 995 μακαρίζοντός

380 1022 483 1075 τοῦ
533 1021 874 1094 πνεύματος,
921 1021 1017 1075 καὶ
1068 1020 1153 1074 διὰ
1202 1018 1296 1072 τοῦ
1356 1018 1619 1090 μεγέθους
1650 1016 1759 1071 τῶν
1798 1018 1971 1083 ἐπαγ-

380 1114 674 1186 γελμάτων
701 1112 1107 1182 ἐκφυσιοῦντος·
1137 1111 1248 1165 ἐσθ’
1271 1113 1380 1183 ὅπη
1405 1110 1462 1164 δὲ
1491 1110 1585 1163 καὶ
1618 1108 1970 1181 κατακρίνον-

377 1225 477 1272 τος
524 1205 898 1277 στοχαστικῶς
946 1207 1039 1259 καὶ
1081 1204 1408 1271 ἀξιοπίστως
1451 1198 1649 1265 αὐτοὺς
1688 1202 1964 1273 ἄντικρυς,

378 1299 469 1355 ἵνα
496 1300 593 1354 καὶ
617 1298 929 1368 ἐλεγκτικὸν
965 1297 1075 1368 (57)
1136 1292 1274 1350 εἶναι
1324 1296 1476 1366 δοκῇ·
1530 1293 1699 1363 ὀλίγοι
1744 1292 1790 1345 δ’
1827 1288 1967 1363 ἦσαν

374 1384 526 1445 οὗτοι
575 1389 685 1443 τῶν
722 1387 951 1460 Φρυγῶν
1001 1385 1430 1459 ἐξηπατημένοι·
1485 1382 1585 1455 τὴν
1632 1382 1690 1435 δὲ
1731 1379 1961 1435 καθόλου

373 1482 474 1536 καὶ
501 1483 681 1534 πᾶσαν
709 1480 808 1550 τὴν
834 1480 938 1532 ὑπὸ
966 1479 1057 1531 τὸν
1085 1478 1315 1549 οὐρανὸν
1371 1475 1697 1547 Ἐκκλησίαν
1727 1472 1965 1543 βλασφη-

374 1575 501 1644 μεῖν
535 1571 881 1635 διδάσκοντος
932 1568 1039 1647 τοῦ*
1071 1569 1552 1641 ἀπηυθαδισμένου
1619 1565 1955 1637 πνεύματος,

366 1666 453 1718 ὅτι
487 1665 626 1735 μήτε
690 1663 857 1734 τιμὴν
909 1646 1047 1732 μήτε
1110 1660 1343 1733 πάροδον
1369 1662 1449 1723 εἰς
1478 1658 1647 1729 αὐτὴν
1683 1658 1744 1711 τὺ
1768 1646 1961 1725 ψευδο-

366 1757 714 1828 προφητικὸν
767 1755 1040 1826 ἐλάμϐανε
1070 1755 1305 1825 πνεῦμα.
1361 1753 1481 1807 Τῶν
1526 1752 1634 1824 γὰρ
1673 1751 1823 1823 κατά
1861 1752 1961 1821 τὴν

378 1845 566 1900 Ἀσίαν
623 1845 830 1899 πιστῶν
874 1844 1134 1908 πολλάκις
1187 1846 1281 1898 καὶ
1335 1842 1571 1915 πολλαχῆ
1618 1842 1720 1913 τῆς
1776 1842 1959 1906 Ἀσίας

2080 651 2386 705 somnoque
2435 647 2731 706 oppressas
2775 631 3035 687 excitavit
3082 630 3347 701 paulatim
3386 643 3452 685 ac
3493 626 3661 683 vehe-

2078 710 2319 784 mentius
2350 726 2733 782 inﬂammavit.
2782 723 2995 795 Quippe
3020 722 3161 780 duas
3189 722 3327 781 alias
3356 718 3658 776 muliercu-

2076 822 2158 877 las
2182 819 2493 885 suscitavit,
2526 828 2580 873 et
2629 816 2942 872 adulterino
2996 814 3196 886 spiritu
3218 812 3479 884 replevit;
3518 809 3657 865 adeo

2076 926 2135 970 ut
2162 916 2294 986 ipsae
2314 928 2553 985 quoque,
2598 912 2824 982 perinde
2864 926 2930 969 ac
2960 925 3130 981 supra
3167 916 3509 989 memoratus
3540 904 3653 971 ille,

2074 1009 2265 1063 insana
2297 1007 2549 1077 quaedam
2601 1013 2656 1059 et
2678 994 3009 1074 importuna
3042 1013 3209 1074 atque
3238 1000 3415 1056 aliena
3456 998 3649 1069 loque-

2072 1112 2280 1157 rentur.
2311 1099 2379 1154 Et
2404 1115 2500 1154 eos
2523 1096 2745 1169 quidem
2771 1097 2866 1167 qui
2912 1111 2976 1152 ea
3014 1112 3075 1155 re
3123 1095 3536 1151 delectabantur
3566 1099 3644 1147 at-

2069 1208 2176 1264 que
2202 1194 2662 1259 intumescebant,
2688 1189 2915 1263 spiritus
2950 1190 3041 1247 ille
3077 1188 3269 1247 beatos
3291 1186 3630 1259 praedicabat

2066 1296 2148 1341 ct'
2171 1284 2576 1357 promissorum
2630 1283 3007 1354 magnitudine
3045 1296 3213 1352 supra
3236 1279 3461 1335 modum
3491 1276 3657 1340 inﬂa.

2068 1356 2181 1435 bat.
2228 1356 2507 1433 interdum
2535 1386 2718 1432 tamen
2746 1372 3080 1445 coniecturis
3108 1370 3183 1429 et‘
3214 1371 3320 1428 ﬁde
3348 1369 3531 1442 dignis
3558 1383 3655 1423 ar~

2066 1472 2339 1543 gumentis
2369 1479 2553 1536 utens,
2579 1469 2760 1540 palam
2794 1482 2889 1525 eos
2919 1464 3339 1531 condemnabat,
3368 1478 3479 1533 quo
3501 1459 3648 1518 scili-

2063 1574 2150 1622 cet
2204 1565 2375 1620 etiam
2441 1561 2850 1634 objurgatorius
2905 1559 3198 1614 videretur.
3255 1555 3321 1639 Hi
3375 1552 3640 1628 perpauci

2061 1665 2220 1715 erant
2243 1656 2507 1729 Phryges,
2536 1652 2854 1725 bujusmodi
2893 1651 3089 1707 fraude
3137 1648 3371 1720 decepti.
3413 1645 3645 1706 Univer-

2062 1768 2178 1809 sam
2203 1736 2487 1820 verobquae
2508 1764 2607 1820 per
2635 1748 2825 1804 orbem
2848 1740 3127 1809 terrarum
3174 1758 3366 1815 sparsa
3404 1750 3509 1810 est,
3539 1740 3644 1797 Ec-

2060 1844 2309 1911 clesiam,
2360 1843 2504 1898 idem
2551 1842 2641 1896 ille
2690 1838 3183 1911 arrogantissimus
3223 1835 3450 1907 spiritus
3474 1834 3644 1889 male-

362 1938 445 2000 εἰς
495 1935 656 1989 τοῦτο
690 1935 1056 1989 συνελθόντων
1093 1933 1236 2004 (58),
1301 1934 1396 1987 καὶ
1441 1936 1568 1997 τοὺς
1609 1932 1936 2005 προσφάτους

2063 1935 2227 1993 dictis
2256 1945 2514 2005 appetere
2539 1948 2639 1990 eos
2679 1932 2931 1997 docebat,
2962 1945 3027 1987 eo
3056 1929 3205 2002 quod
3250 1943 3352 1984 nec
3373 1928 3638 1984 honorem

359 2030 560 2097 λόγους
597 2029 973 2096 ἐξετασάντων
1019 2028 1111 2082 καὶ
1154 2027 1409 2099 βεόήλους
1431 2028 1831 2098 ἀποφηνάντων
1862 2027 1955 2079 καὶ

354 2120 889 2191 ἀποδοκιμασὸωτων
914 2118 1012 2191 τὴν
1059 2120 1290 2191 αἵρεσιν,
1316 2117 1458 2173 οὕτω
1504 2118 1569 2189 δὴ
1598 2118 1699 2203 τῆς
1728 2136 1788 2172 τε
1826 2119 1950 2173 Ἐκ-

354 2211 593 2283 κλησίας
618 2211 986 2282 ἐξεώσθησαν,
1020 2213 1114 2266 καὶ
1150 2203 1248 2283 τῆς
1274 2211 1560 2274 κοινωνίας
1591 2207 1909 2283 εἴρχθησαν.

2061 2044 2165 2085 nec
2214 2029 2424 2084 aditum
2470 2027 2644 2084 ullum
2700 2026 2768 2082 ad
2839 2024 3017 2096 ipsam
3068 2021 3638 2095 pseudoprOpheticus

2059 2121 2287 2192 spiritus
2337 2119 2621 2191 reperiret.
2677 2118 2816 2174 Nam
2858 2133 2985 2176 cum
3031 2117 3221 2178 ﬁdeles
3266 2116 3363 2188 qui
3414 2116 3473 2173 in
3508 2114 3637 2174 Asia

2055 2223 2235 2282 erant,
2267 2214 2469 2284 saepius
2514 2221 2571 2267 et
2616 2213 2673 2267 in
2728 2210 2978 2283 plurimis
3023 2209 3170 2269 Asiae
3216 2208 3357 2271 locis
3398 2207 3522 2280 ejus
3554 2209 3640 2263 rei

351 2318 531 2362 causa
599 2296 1025 2374 conuenissent,
1088 2322 1398 2376 novamque
1454 2306 1602 2360 illam
1651 2307 1957 2363 doctrinam
2014 2311 2425 2366 examinassent
2466 2318 2524 2365 et
2575 2308 2861 2381 profanam
2915 2316 3079 2379 atque
3126 2307 3351 2379 impiam
3388 2306 3635 2379 iudicas-

351 2406 500 2462 sent,
526 2399 783 2454 damnata
814 2400 1029 2466 haeresi,
1081 2398 1172 2454 isti
1203 2398 1273 2453 ab
1317 2396 1559 2458 Ecclesia
1606 2408 1658 2454 ct
1688 2399 1927 2455 ﬁdelium
1960 2403 2347 2460 communione
2370 2402 2584 2474 expulsi
2620 2410 2769 2459 sunt.

1758 2519 1845 2573 ιιι.
1878 2518 1965 2577 Ea:
1984 2521 2122 2577 libro
2157 2538 2218 2579 Ir.

435 2630 691 2684 Ἐπειδὰν
731 2630 910 2685 τοίνυν
946 2631 1042 2685 καὶ
1074 2632 1521 2704 προφητοφόντας
1554 2634 1701 2705 ἡμᾶς
1741 2632 1952 2687 ἀπεκά-

346 2723 504 2787 λουν,
536 2724 621 2776 ὅτι
659 2721 734 2793 μὴ
763 2723 891 2786 τοὺς
929 2706 1348 2796 ἀμετροφώνους
1375 2723 1483 2797 (59)
1518 2723 1697 2779 αὐτῶν
1737 2727 1949 2799 προφή-

339 2832 448 2878 τας
475 2813 777 2885 ἐδεξάμεθα
797 2830 811 2844 ·
829 2815 1051 2880 τούτους
1069 2815 1179 2886 γὰρ
1208 2811 1528 2887 εἶναίφασιν
1549 2815 1757 2892 οὕσπερ
1774 2821 1947 2890 ἐπηγ-

340 2907 569 2975 γείλατο
598 2905 676 2977 τῷ
708 2906 824 2977 λαῷ
853 2906 1089 2977 πέμψειν
1119 2909 1148 2960 ὁ
1175 2907 1378 2978 Κύριος
1396 2926 1409 2938 ·
1457 2909 1944 2982 ἀποκρινάσθωσαν

338 3001 506 3071 ἡμῖν,
541 3000 680 3071 πρὸς
706 2998 863 3053 Θεοῦ·
896 2999 1012 3053 ἐστι
1063 3000 1168 3065 τὶς,
1201 2994 1246 3053 ὦ
1278 3000 1564 3072 βέλτιστοι.
1594 3005 1798 3058 τούτων
1835 3001 1944 3057 τῶν

340 3093 459 3146 ἀπὸ
515 3091 799 3147 Μοντανοῦ
828 3093 923 3146 καὶ
961 3092 1239 3161 γυναικῶν
1268 3092 1447 3148 λαλεῖν
1465 3095 1809 3169 ἀρξαμένων,
1840 3095 1936 3148 ὅσ-

337 3201 430 3249 τις
477 3185 585 3238 ὑπὸ
642 3185 913 3240 Ἰουδαίων
952 3187 1203 3260 ἐδιώχθη,
1235 3189 1267 3260 ἢ
1297 3189 1404 3242 ὑπὸ
1438 3188 1772 3260 παρανόμων
1799 3189 1934 3242 ἀπε-

337 3277 586 3348 κτάνθη;
611 3277 818 3342 Οὐδείς.
848 3279 985 3333 Οὐδὲ
1012 3298 1077 3349 γε
1108 3270 1195 3345 τῖς
1226 3280 1408 3335 αὐτῶν
1452 3281 1749 3354 κρατηθεὶς
1791 3282 1932 3353 ὑπὲρ

337 3366 440 3422 τοῦ
468 3368 751 3439 ὀνόματος
780 3369 893 3440 (40)
930 3371 1356 3444 ἀνεσταυρώθη;
1392 3373 1468 3425 Οὐ
1507 3373 1615 3443 γὰρ
1661 3368 1785 3426 οὖν·
1814 3374 1937 3428 οὐδὲ

339 3462 456 3533 μὴν
479 3461 605 3516 οὐδὲ
640 3463 698 3515 ἐν
724 3466 1070 3532 συναγωγαῖς
1117 3465 1382 3519 Ἰουδαίων
1411 3465 1520 3544 τῶν
1553 3467 1826 3537 γυναικῶν
1851 3486 1936 3534 τις

334 3556 365 3608 ὲ
376 3553 698 3626 μαστιγὼοη
724 3555 926 3629 ποτὲ,ἢ
960 3555 1309 3631 ὲλιθοϐολήοη
1327 3575 1340 3623 ;
1359 3554 1642 3631 Οὑδαμόσε
1662 3559 1931 3632 οὐδαμῶς.

341 3645 529 3715 Ἀλλῳ
572 3644 629 3698 δὲ
676 3643 897 3716 θανάτῳ
940 3646 1261 3717 τελευτῆσαι
1292 3647 1543 3717 λέγονται
1568 3649 1848 3715 Μοντανός
1874 3667 1933 3703 τε

337 3737 438 3790 καὶ
468 3735 805 3807 Μαξιμίλλα.
853 3737 1090 3803 Τούτους
1123 3739 1233 3811 γὰρ
1264 3740 1370 3793 ὑπὸ
1407 3739 1716 3812 πνεύματος
1746 3740 1936 3813 βλαψίο

336 3846 539 3900 φρονος
566 3830 862 3901 ἑκατέρους
911 3830 1362 3902 ὑποκινήσαντος,
1422 3832 1580 3902 λόγος
1631 3833 1932 3906 ἀναρτῆσαι

337 3921 569 3985 ἑαυτοὺς
588 3963 603 3988 ,
631 3923 748 3992 οὐχ’
775 3921 911 3994 ὁμοῦ
932 3962 946 3985 ,
982 3923 1125 3977 κατὰ
1149 3924 1205 3978 δὲ
1234 3924 1327 3977 τὸν
1358 3926 1459 3997 τῆς
1486 3924 1716 3979 ἑκάστου
1746 3925 1933 3979 τελευ-

334 4011 440 4082 τῆς
472 4011 667 4083 καιρὸν
697 4012 853 4083 φήμη
884 4011 1053 4083 πολλή
1077 4031 1088 4042 ·
1122 4012 1217 4066 καὶ
1240 4012 1384 4067 οὕτω
1401 4013 1462 4067 δὲ
1483 4012 1807 4085 τελευτῆσαι
1838 4014 1934 4067 καὶ

333 4103 431 4157 τὸν
443 4085 578 4176 ἵβίον
604 4103 1007 4177 καταστρέψαι,
1050 4105 1220 4160 Ἰούδα
1252 4106 1510 4179 προδότου
1536 4106 1711 4179 δίκην.
1741 4106 1931 4162 Καθά-

334 4212 448 4266 περ
472 4194 567 4248 καὶ
603 4193 698 4249 τὸν
726 4194 1038 4267 θαυμαστὸν
1066 4196 1272 4249 ἐκεῖνον
1306 4196 1399 4249 τὸν
1429 4197 1646 4268 πρῶτον
1679 4195 1780 4265 τῆς
1809 4197 1929 4251 κατ’

336 4287 540 4353 αὐτοὺς
586 4288 891 4361 λεγομένης
951 4289 1292 4362 προφητείας
1329 4283 1440 4343 οἷον
1480 4289 1775 4361 ἐπίτροπόν
1815 4289 1926 4361 (41)

420 4423 535 4495 (56)
571 4423 689 4496 Kal
735 4424 878 4493 τοὺς
929 4424 1047 4496 μὲν
1103 4426 1439 4495 χαίροντας.
1498 4423 1624 4480 Haec
1671 4426 1929 4492 periodus

346 4493 727 4568 connectenda
777 4497 861 4568 est
919 4493 1043 4551 cum
1069 4493 1159 4550 illa
1197 4493 1467 4568 sequenti,
1519 4496 1619 4568 τὴν
1665 4496 1722 4549 δὲ
1761 4496 1927 4552 καθό-

328 4565 457 4637 λου,
490 4575 595 4621 etc.
639 4563 733 4620 Sic
760 4566 909 4620 enim
934 4581 1132 4622 sensus
1167 4563 1380 4636 integer
1409 4563 1736 4632 absolritur,
1777 4568 1925 4637 quod

330 4636 662 4705 interpretes
709 4651 817 4690 non
848 4637 1380 4693 animadverterunt.
1448 4637 1655 4692 Tamen
1686 4636 1919 4694 acumen

2120 2636 2351 2704 Quando
2374 2636 2541 2708 igitur
2570 2634 2961 2706 prophetarum
2995 2646 3097 2689 nos
3126 2631 3509 2688 interfectores
3533 2645 3631 2683 vo-

2049 2740 2266 2797 carunt,
2297 2738 2587 2800 propterea
2609 2728 2755 2811 quod
2782 2728 3039 2798 loquaces
3064 2725 3311 2799 ipsorum
3334 2724 3633 2796 prophetas

2042 2837 2153 2876 non
2205 2822 2528 2878 admisimus
2574 2821 2696 2892 (hos
2742 2819 2889 2875 enim
2943 2833 3067 2875 esse
3132 2816 3436 2886 afﬁrmant,
3485 2830 3628 2887 quos

2039 2913 2307 2970 Dominus
2357 2914 2558 2984 populo
2607 2927 2667 2969 se
2719 2913 3018 2968 missurum
3082 2925 3206 2967 esse
3266 2907 3623 2980 promiserit),

2041 3004 2413 3073 respondeant
2434 3003 2615 3070 nobis,
2653 3018 2859 3073 quaeso,
2885 3017 2979 3072 per
3006 3001 3201 3069 Deum,
3232 3009 3387 3058 estne
3423 3000 3622 3072 aliquis

2041 3108 2256 3162 eorum,
2275 3095 2369 3165 qui
2395 3094 2510 3164 jam
2542 3094 2669 3150 inde
2700 3109 2731 3148 a
2760 3093 3021 3155 Montano
3048 3101 3104 3148 et
3134 3092 3471 3149 mulierculis
3499 3108 3624 3164 gar—

1988 3172 1993 3177 “
2045 3183 2153 3240 rire
2173 3177 2412 3255 primum
2443 3192 2750 3256 eruperunt,
2780 3185 2874 3254 qui
2907 3201 2937 3239 a
2965 3183 3169 3240 Judazis
3191 3184 3622 3254 persecutionem

2041 3293 2239 3348 passus
2282 3278 2374 3346 sit,
2398 3288 2494 3335 aut
2527 3280 2597 3335 ab
2643 3279 2828 3351 impiis
2866 3277 3208 3334 trucidatus?
3233 3275 3407 3333 Nemo
3443 3284 3619 3333 certe.
3712 3305 3737 3323 ς

1965 3349 2009 3409 C
2038 3370 2152 3427 Nec
2181 3386 2312 3427 vero
2344 3370 2491 3429 ullus
2517 3386 2709 3428 eorum
2726 3349 2841 3442 Spro
2882 3370 3091 3428 Christi
3134 3369 3356 3425 nomine
3384 3369 3620 3441 prehen-

2038 3479 2157 3529 sus,
2187 3465 2244 3519 in
2273 3480 2494 3521 crucem
2526 3473 2682 3521 actus
2704 3472 2816 3532 est;
2857 3465 2947 3519 secl
2982 3478 3161 3535 neque
3185 3463 3299 3519 ulla
3324 3462 3522 3520 mulier
3559 3464 3618 3519 in

2035 3552 2346 3612 Iudaeorum
2376 3556 2667 3627 synagogis
2700 3565 2795 3611 aut
2825 3554 3014 3626 ﬂagris
3038 3569 3201 3621 exesa,
3225 3563 3321 3610 aut
3347 3553 3621 3626 lapidibus

2036 3646 2281 3718 impetita
2309 3656 2413 3703 est.
2453 3644 2736 3717 Nusquam
2770 3645 3037 3717 profecto,
3069 3661 3170 3704 nec
3203 3662 3465 3717 unquam.
3500 3644 3618 3703 lmo

2034 3741 2197 3812 longe
2238 3739 2347 3795 alio
2388 3739 2590 3795 mortis
2629 3739 2829 3812 genere
2858 3739 3137 3796 interiisse
3172 3739 3433 3796 dicuntur
3463 3737 3619 3794 Mon-

2034 3840 2199 3888 tanus
2245 3841 2300 3888 et
2332 3831 2656 3898 Maximilla.
2695 3834 2873 3888 Ambo
2921 3832 3091 3899 enim,
3125 3841 3190 3888 ut
3223 3830 3367 3888 fama
3412 3840 3516 3898 est,
3547 3831 3619 3886 ab

2035 3924 2230 3980 insano
2253 3922 2448 3994 spiritu
2480 3923 2922 3994 incitati,laqueo
2947 3922 3050 3980 sibi
3076 3922 3258 3994 gulam
3301 3920 3614 3994 fregerunt;

2034 4031 2144 4071 non
2184 4015 2406 4086 quidem
2460 4015 2645 4081 simul,
2677 4015 2773 4072 sed
2828 4030 2945 4071 suae
2978 4017 3215 4085 quisque
3243 4013 3438 4069 mortis
3474 4022 3616 4068 tem-

1992 4102 1995 4103 ⁷
2033 4122 2165 4178 pore
2201 4125 2214 4162 :
2241 4115 2406 4177 atque
2444 4106 2521 4162 ita
2554 4106 2730 4162 instar
2753 4107 3048 4176 proditoris
3076 4103 3231 4160 Iuda
3256 4104 3425 4159 vitam
3452 4104 3614 4159 ﬁnle-
3708 4160 3715 4169 ,

2034 4208 2180 4255 runt.
2211 4197 2304 4254 Sic
2331 4200 2496 4255 etiam
2530 4198 2869 4256 admirabilis
2892 4197 2983 4253 ille
3011 4195 3349 4264 Theodotus,
3377 4197 3474 4267 qui
3498 4196 3614 4268 pri-

2031 4306 2156 4346 mus
2214 4290 2512 4361 prophetiae
2566 4290 2784 4346 illorum
2843 4292 3001 4362 quasi
3035 4297 3359 4359 procurator
3385 4287 3611 4362 quidam

2029 4428 2274 4500 qua’dam
2310 4429 2615 4500 spiritalia,
2667 4425 2910 4500 quoniam
2976 4444 3098 4484 vero
3153 4428 3428 4496 carnalia,
3483 4429 3612 4497 quia

2030 4501 2201 4571 omnis
2230 4516 2380 4554 error
2394 4500 2543 4553 carni
2565 4500 2882 4571 deputatur;
2899 4508 2992 4571 aut
3015 4508 3153 4555 certe
3175 4509 3466 4555 commento
3484 4515 3609 4571 quo-

2028 4570 2151 4624 dam
2173 4573 2389 4625 astutia
2415 4571 2550 4624 bona
2580 4570 2756 4640 ﬁngit,
2787 4580 2843 4623 ut
2898 4569 2980 4625 his
3020 4572 3223 4625 inserat
3276 4572 3441 4638 mala,
3469 4569 3611 4624 sicut

2027 4657 2189 4711 supra
2218 4641 2533 4711 “memoravi
2573 4655 2592 4694 :
2649 4641 3091 4711 quemadmodum
3138 4642 3196 4695 iu
3238 4640 3496 4697 Montano
3553 4648 3615 4696 et»

332 4703 655 4784 interpretis
681 4705 742 4784 _in
767 4707 872 4784 hoc
897 4707 1171 4784 praecipue
1207 4708 1406 4784 elucet,
1444 4718 1503 4762 ut
1526 4707 1819 4784 verborum
1855 4725 1920 4765 ac
1951 4703 1997 4759 D
2024 4703 2281 4784 Priscilla
2337 4720 2390 4766 et
2432 4703 2765 4784 iMazim'iIla
2816 4712 3087 4781 prophetis
3141 4710 3609 4784 cataphrygarum

339 4791 544 4832 sensus
577 4776 901 4831 ἀκολουθίαν
923 4776 1338 4847 diligentissime
1360 4787 1725 4834 consectetur.
1746 4777 1918 4835 Porro

328 4846 425 4901 hic
460 4847 615 4902 locus
647 4847 700 4900 in
733 4848 924 4903 codice
982 4846 1146 4914 Μελ,
1181 4848 1348 4912 Med.,
1387 4848 1525 4905 Fuk.
1561 4858 1616 4902 et
1642 4849 1808 4903 Savil.
1841 4851 1917 4905 itu

326 4918 566 4986 legitur,
624 4917 722 4970 καὶ
770 4918 896 4982 τοὺς
942 4917 1051 4988 μὲν
1073 4919 1366 4992 χαίροντας
1398 4921 1494 4975 καὶ
1518 4920 1916 4991 χαυνουμένους

326 4986 421 5040 ὑπ’
447 4988 651 5040 αὐτῶν.
674 4996 780 5040 etc.

326 4986 421 5040 ὑπ’
447 4988 651 5051 αὐτῶν,
674 4996 780 5044 etc.

397 5057 513 5129 (37)
582 5060 709 5113 Ἵνα
746 5060 848 5113 καὶ
903 5061 1272 5130 ἐλεγκτικόν.
1330 5058 1549 5116 Sciebat
1597 5057 1913 5127 Montanus,

326 5142 427 5201 seu
462 5130 677 5201 daemon
713 5130 808 5201 qui
836 5146 930 5201 per
955 5130 1217 5201 Montani
1242 5147 1308 5186 os
1340 5131 1686 5201 loquebatur,
1722 5131 1852 5185 olim
1884 5148 1916 5187 a

325 5196 565 5271 Domino
592 5196 913 5269 praedictum
958 5200 1149 5264 fuisse,
1199 5200 1317 5256 fore
1347 5196 1429 5256 ἰη’
1457 5196 1697 5271 Spiritus
1730 5200 1821 5255 Dei
1860 5203 1914 5256 in

325 5268 709 5342 adventusuo
735 5273 1002 5327 mundum
1056 5282 1313 5340 argueret
1341 5274 1410 5327 de
1444 5268 1684 5342 peccato.
1727 5274 1917 5342 Itaque

322 5340 543 5411 daemon
579 5340 691 5403 ille,
742 5351 802 5396 ut
854 5359 1045 5397 verum
1079 5343 1173 5397 Dei
1220 5340 1483 5411 Spiritum
1530 5357 1589 5397 se
1618 5357 1738 5397 esse
1764 5340 1917 5396 audi-

327 5410 546 5484 tot‘ibus
574 5411 953 5484 conﬁrmaret,
993 5428 1090 5484 eos
1125 5410 1398 5484 interdum
1439 5413 1703 5484 arguebat
1733 5422 1788 5467 et
1817 5414 1915 5466 ob-

316 5478 599 5550 iurgabat.
634 5480 766 5537 Vide
822 5483 1182 5539 Ambrosium
1242 5484 1297 5537 in
1332 5478 1532 5553 Epist?
1545 5485 1614 5539 ad
1647 5482 1902 5539 Thessal.

321 5564 446 5619 cap.
480 5566 536 5616 ν,
567 5553 729 5620 cujus
750 5555 917 5609 verba
939 5555 1031 5609 hic
1055 5562 1336 5609 merentur
1372 5555 1608 5609 ascribi:
1647 5553 1787 5607 Hinc
1813 5564 1912 5619 est,

325 5621 469 5696 unde
490 5632 541 5674 et
565 5621 798 5696 Joannis
825 5623 1055 5695 apostoli
1079 5623 1325 5696 Epistola
1354 5640 1373 5678 :
1423 5643 1444 5676 ι
1476 5623 1679 5691 Nolite,
1716 5626 1911 5696 inquit,

323 5692 470 5744 omni
500 5694 718 5762 spiritui
749 5692 982 5759 credere,
1006 5695 1096 5750 sed
1128 5692 1348 5765 probate
1382 5696 1627 5765 spiritus.
1654 5696 1701 5749 si
1724 5692 1797 5755 exi
1811 5695 1914 5750 Deo

321 5770 562 5835 suntsi
589 5765 720 5832 quia
747 5766 796 5818 si
828 5766 1001 5819 multa
1040 5765 1177 5819 bona
1212 5767 1382 5829 dicat,
1412 5783 1465 5819 tu
1512 5766 1694 5835 aliquo
1735 5778 1914 5820 autem

320 5831 614 5906 quod/ﬁdei
642 5835 919 5906 adversum
957 5844 1068 5900 est,
1120 5846 1351 5906 promat,
1385 5831 1612 5906 sciatur'
1650 5853 1774 5890 none
1801 5852 1915 5890 esse

325 5900 563 5969 Spiritus
586 5915 825 5958 sanctus.
862 5904 1017 5959 Nihil
1044 5900 1184 5960 enim
1207 5900 1402 5961 erroris
1444 5908 1496 5961 iu
1546 5905 1751 5974 Spiritu
1788 5923 1911 5962 sau-

320 5985 405 6026 ι·ιο
427 5977 625 6043 poterit
677 5977 913 6047 reperiri.
954 5975 1057 6032 Sed
1090 5987 1184 6031 aut
1240 5994 1330 6047 per
1361 5979 1669 6033 exercitium
1717 5977 1913 6049 eloquii

2014 4781 2238 4855 spiritus
2279 4783 2488 4855 mundi!
2515 4781 2873 4837 imitationem
2899 4783 3021 4837 boui
3043 4781 3334 4855 simulabat
3352 4781 3397 4849 ,“
3419 4781 3481 4837 ut
3512 4797 3608 4849 per

2020 4851 2190 4905 multa
2211 4852 2546 4916 verisimilia,
2569 4867 2662 4906 nec
2693 4868 2795 4906 non
2824 4862 2875 4908 et
2900 4869 3041 4919 vera,
3075 4851 3387 4910 mentiretur
3412 4868 3467 4909 se
3492 4868 3605 4907 esse

2021 4920 2283 4991 Spiritum
2310 4932 2574 4977 sanctum.

2092 4992 2202 5077 (58)
2230 4996 2335 5077 Εζς
2369 4992 2568 5077 τοῦτο·
2588 4997 3031 5077 συνελρόντων.
3064 4992 3601 5065 Christophorsonus

2018 5063 2217 5133 legisse
2245 5065 2459 5119 videtur
2521 5067 2601 5130 εἰς
2632 5065 2818 5121 ταύτό.

2091 5132 2200 5206 (59)
2243 5134 2733 5206 Ἁμετροςσώνους.
2761 5134 2982 5206 ,ᾼηιιίιίι
3007 5135 3073 5191 ad
3103 5134 3403 5206 epithetum
3441 5132 3600 5200 illud,

2019 5202 2128 5277 quo
2155 5202 2426 5261 Homerus
2461 5202 2515 5260 in
2553 5202 2727 5262 Iliade
2757 5204 3066 5262 Thersitem
3100 5202 3305 5277 allfecit,
3329 5206 3601 5277 ἀμετροε-

2019 5267 2147 5346 πήξ,
2179 5276 2325 5344 quod
2377 5277 2518 5332 idem
2549 5286 2635 5332 est
2663 5293 2728 5333 ac
2754 5278 3102 5346 falsiloqnus.
3138 5267 3412 5344 Natnqui
3444 5267 3604 5330 nien-

2020 5347 2591 5436 “".".‘..“."’..'1‘1‘.“,'“I,i.“
2618 5348 2861 5436 ,ἀίεεεηάο
2891 5346 3599 5436 mansisses?!qu

2056 5415 2205 5540 ⁷440)
2254 5417 2434 5497 ξΥπὲρ
2460 5417 2568 5476 τοῦ
2599 5419 2910 5489 ὀνόματος.
2946 5418 3005 5470 1η
3034 5414 3342 5498 Νἱοειριιοτο
3374 5417 3598 5499 legitur.

2019 5487 2049 5540 ὑ
2078 5520 2109 5566 ._
2129 5501 2282 5569 p‘fou
2311 5488 2503 5569 νόμον,
2527 5489 2672 5569 quod
2705 5505 2815 5543 non
2846 5486 3417 5569 pultbozsubaudttur
3451 5503 3600 5543 enim

2018 5556 2112 5631 τοῦ
2132 5556 2413 5631 Χριστοῦ,
2447 5568 2505 5631 ut
2546 5556 2778 5631 Bullinus
2803 5556 3436 5631 et_(_lhristopltorsonus
3466 5573 3601 5631 sup-

1997 5626 2216 5700 plevitl
2241 5626 2332 5683 Sic
2363 5630 2509 5700 apud
2543 5628 2972 5700 Eusebiumlib.
2992 5644 3047 5692 ν,
3070 5644 3194 5700 cap.
3235 5627 3324 5696 l8,
3354 5626 3600 5700 loquitur

2016 5698 2366 5767 Apollonius,
2400 5698 2490 5755 ubi
2526 5700 2595 5754 de
2623 5698 2959 5754 Alexandro.

2089 5770 2204 5839 (εΗ)
2248 5765 2392 5835 οἷον
2444 5769 2791 5839 ἐπίτροπον.
2831 5767 3064 5825 Ruﬁnus
3109 5770 3226 5825 haec
3272 5770 3437 5824 verba
3489 5777 3598 5827 non

2016 5840 2287 5911 agnoscit.
2320 5839 2414 5894 Sic
2437 5840 2585 5911 enim
2625 5841 2806 5908 vertit,
2841 5841 3002 5896 veluti
3036 5841 3440 5911 primogenitum
3467 5856 3598 5910 pro-

2016 5908 2206 5983 phetia
2236 5909 2868 5983 ipso_i;um,_Theodotum
2894 5908 3125 5967 nomine.
3170 5908 3375 5983 omnes
3414 5908 3599 5983 tamen
3688 5940 3693 5947 -

2018 5980 2235 6057 codices
2265 5988 2319 6035 et
2339 5980 2681 6054 Nicephorus
2711 5983 2851 6040 hanc
2884 5996 3072 6039 vocem
3104 5979 3432 6052 aguoscuut.
3463 5979 3595 6039 Erat
