4074 6372
1714 406 1995 465 ΝΟΤΙἸΊΑ
2025 407 2325 464 ALTERA.

3460 400 3561 456 158

312 593 2735 623 Μ

1412 753 1920 849 ΝΟΤΙΤΙΑ
1987 753 2449 843 ALTERA

1110 961 1190 1025 (Ι).
1219 959 1488 1013 Cous-ram,
1516 948 1752 1019 Epistolat
1772 955 1910 1004 Rom.
1932 956 2083 1014 pont.,
2115 956 2231 1001 tom.
2264 947 2286 997 Ι
2317 950 2375 995 et
2403 945 2556 1005 unic.,
2593 959 2642 1008 p.
2664 944 2797 1006 115.)
2881 922 2890 932 ’

1879 1117 1950 1131 —

375 1244 423 1298 Ι.
476 1240 538 1298 In
583 1236 1235 1311 BucberianoCatalogo',
1274 1247 1332 1293 ut
1379 1246 1434 1293 et
1479 1237 1533 1291 in
1564 1235 1880 1292 Fossatensi
1908 1228 2279 1299 A‘episcopus
2324 1217 2639 1311 damnavit,
2690 1214 2853 1284 hujus
2905 1212 3190 1311 sentenuae
3240 1208 3568 1311 subscripsit

302 1349 355 1393 et
387 1338 562 1393 altero
594 1336 795 1406 reginae
842 1327 1169 1396 Succorum,
1218 1331 1286 1386 de
1329 1330 1599 1386 Pontiano
1642 1328 1759 1383 haec
1787 1328 1885 1381 ba-

302 1428 499 1484 bentur
526 1447 542 1483 :
576 1427 872 1482 Pontianus
896 1426 1051 1480 annis
1084 1425 1331 1496 quinque,
1363 1421 1625 1477 mensibus
1655 1418 1880 1485 duobus,

304 1512 482 1574 diebus
507 1528 726 1590 septem.
774 1516 902 1572 Fuit
946 1516 1263 1586 temporibus
1300 1513 1593 1568 Alexandri
1625 1512 1659 1566 ὰ
1693 1527 1875 1565 consu-

303 1611 413 1666 latu
441 1611 754 1682 Pompeiani
777 1618 826 1664 et
854 1607 1175 1679 Peligniani.
1196 1606 1276 1660 Eo
1305 1616 1531 1676 tempore
1554 1602 1883 1674 Nepotianus

306 1697 425 1777 (leg.
456 1697 783 1775 Pontianus)
810 1711 859 1757 et
888 1700 1206 1773 Hippolytus
1232 1699 1501 1771 presbyter
1531 1695 1736 1753 exsules
1759 1703 1881 1749 sunt

305 1792 564 1868 deportati
598 1794 657 1850 in
698 1794 931 1850 insulam
974 1794 1211 1848 nocivam
1246 1790 1555 1847 Sardiniam
1601 1788 1789 1845 Severo
1833 1796 1884 1842 et

307 1889 657 1956 Quintiniano
687 1886 1010 1942 consulibus.
1048 1884 1116 1939 In
1146 1884 1332 1939 eadem
1373 1882 1552 1938 insula
1591 1882 1883 1936 discinctus

305 1992 376 2038 est
402 1999 452 2037 iv
483 1972 762 2037 Kalendas
806 1978 1071 2045 Octobris,
1103 1986 1151 2033 et
1187 1977 1302 2031 loco
1346 1974 1460 2047 ejus
1493 1958 1769 2030 ordinatus
1808 1982 1885 2027 est

306 2072 520 2132 Anteros
553 2092 608 2130 ιι
644 2073 917 2129 Kalendas
940 2071 1263 2138 Decembris,
1293 2068 1595 2126 consulibus
1627 2067 1753 2133 SS.,
1781 2068 1886 2123 hoc

307 2177 380 2224 est
406 2182 575 2238 supra
614 2165 858 2237 scriptis.

368 2303 420 2357 2.
448 2301 595 2368 Quid
627 2301 739 2356 illic
766 2298 1058 2354 discinctus
1081 2298 1185 2354 sibi
1209 2297 1357 2364 velit,
1400 2297 1504 2352 etsi
1533 2296 1674 2351 inter
1696 2295 1883 2351 erudi-

278 2399 387 2449 ~tos
435 2410 543 2450 non
596 2393 878 2456 convenit,
921 2392 1001 2446 illi
1049 2400 1232 2447 tamen
1280 2391 1386 2445 hoc
1425 2391 1593 2445 verbo
1632 2388 1883 2451 Pontiani

219 2541 231 2563 ,
309 2496 528 2543 mortem
571 2486 850 2542 enuntiari
895 2501 1003 2541 non
1049 2485 1318 2540 dubitant.
1354 2483 1423 2539 Et
1451 2498 1580 2538 vero
1606 2483 1652 2538 si
1685 2482 1885 2536 discin-

1987 1321 2184 1375 Roma.
2226 1310 2542 1383 Hieronymi
2586 1324 2650 1365 ea
2681 1309 2748 1363 de
2794 1323 2851 1361 re
2890 1306 3054 1360 verba
3102 1304 3336 1359 Ruﬁnus
3362 1301 3563 1356 Invect.

1986 1415 2080 1469 lib.
2118 1428 2155 1465 ιι
2205 1409 2286 1466 sic
2328 1403 2495 1459 refert
2526 1403 2543 1434 ί
2571 1417 2587 1455 :
2617 1398 2914 1455 Damnatur
2944 1416 2978 1452 a
3014 1398 3279 1452 Demetrio
3323 1396 3567 1466 episcopo

1986 1501 2366 1577 (Origenes)...
2408 1495 2476 1551 In
2521 1494 2918 1548 damnationem
2970 1490 3086 1561 ejus
3135 1489 3392 1544 consentit
3444 1488 3568 1541 urbs

1986 1598 2176 1653 Roma.
2209 1592 2339 1664 Ipsa
2366 1602 2550 1647 contra
2580 1590 2718 1643 hunc
2749 1588 2889 1658 cogit
2930 1592 3192 1649 senatum,
3224 1598 3325 1636 non
3354 1591 3571 1651 propter

1986 1690 2292 1758 dogmatum
2320 1685 2625 1748 novitatem,
2658 1696 2761 1735 non
2790 1685 3002 1748 prapter
3033 1672 3295 1737 haeresim,
3328 1680 3387 1724 ut
3426 1685 3566 1723 nunc

1985 1780 2236 1834 adversus
2272 1792 2388 1831 eum
2423 1773 2598 1829 rabidi
2638 1788 2792 1828 canes
2840 1770 3131 1834 simulant;
3166 1767 3257 1822 sed
3295 1766 3421 1838 quia
3452 1764 3569 1836 glo-

1987 1873 2124 1925 riam
2154 1868 2467 1939 eloquentite
2508 1866 2624 1936 ejus
2665 1873 2716 1918 et
2751 1862 2986 1917 scientia:
3013 1861 3150 1930 ferre
3175 1874 3278 1913 non
3302 1864 3567 1927 poterant.

1987 1959 2114 2015 Haec
2144 1973 2309 2029 porro
2335 1954 2554 2011 invidis:
2584 1953 2734 2009 labes
2762 1949 3158 2015 Alexandrino,
3182 1962 3290 2001 non
3325 1945 3572 2000 Romano

1986 2051 2217 2108 antistiti
2262 2050 2330 2105 ab
2371 2046 2701 2118 Hieronymo
2752 2043 3012 2098 inuritur.
3053 2039 3164 2096 Nec
3194 2038 3470 2094 immerito
3502 2036 3571 2092 ad

1986 2141 2295 2198 Romanum
2327 2139 2636 2209 pontitlcem
2678 2136 2909 2205 ejusque
2949 2134 3156 2188 clerum
3191 2130 3275 2185 vir
3306 2129 3574 2200 religione

1984 2244 2041 2292 et
2067 2234 2375 2290 eruditione
2404 2231 2588 2286 clarus
2618 2228 2669 2284 id
2694 2226 3105 2291 accommodat,
3133 2223 3281 2294 quod
3308 2220 3574 2292 Augusti—

1986 2341 2091 2381 nus
2117 2325 2139 2355 ’
2174 2323 2242 2379 de
2284 2322 2474 2386 altera,
2522 2318 2617 2375 sed
2667 2317 2835 2372 simili
2865 2328 3031 2371 causa
3076 2312 3257 2367 dixit:
3294 2307 3573 2365 Creditum

1985 2429 2064 2474 est
2110 2417 2304 2473 litteris
2344 2413 2595 2477 concilii;
2646 2426 2809 2481 neque
2840 2409 2979 2463 enim
3026 2405 3185 2459 aliter
3225 2402 3568 2473 oportebat...

1989 2508 2150 2567 Salva
2178 2508 2317 2563 enim
2348 2504 2667 2560 conscientia
2699 2501 2893 2555 litteris
2939 2498 3153 2552 concilii
3182 2494 3514 2549 crediderant
3552 2509 3570 2546 :

308 2596 414 2650 9e"
446 2579 500 2634 id
520 2588 619 2674 eest
647 2578 793 2649 apud
824 2577 1236 2674 grammatices!
1266 2575 1604 2674 “"0900?”
1629 2585 1675 2629 ⁸⁸
1706 2574 1886 2643 digni-
1914 2587 1961 2646 Β
1988 2618 2152 2674 neque
2178 2601 2319 2655 enim
2346 2598 2413 2651 ab
2447 2595 2746 2650 hominibus
2775 2593 2839 2646 de
2879 2591 3004 2645 aliis
3032 2587 3333 2642 hominibus
3361 2585 3568 2655 aliquid

308 2680 406 2725 tate
446 2672 699 2741 privare,
749 2685 859 2725 non
915 2670 1095 2739 inepte
1133 2669 1332 2724 dicitur
1377 2668 1667 2722 discinctus
1717 2680 1878 2736 papa,

304 2777 454 2832 quem
487 2777 645 2817 mors
673 2760 953 2831 pontiﬁcia
975 2759 1237 2829 dignitate
1268 2757 1519 2828 privavit.
1555 2755 1669 2811 Hoc
1696 2764 1879 2810 autem

305 2854 493 2921 posito,
546 2853 803 2923 sequitur
850 2858 911 2905 ut
955 2848 1258 2905 Pontianus
1299 2862 1446 2902 anno
1492 2847 1618 2913 250,
1651 2844 1782 2901 Julii
1809 2842 1883 2897 2‘2

306 2945 406 3008 die,
438 2944 574 3000 feria
617 2947 809 3015 quinta
846 2942 1170 3009 ordinatus,
1208 2956 1353 2995 anno
1377 2940 1503 3008 955,
1547 2936 1882 3009 Septembris

308 3035 370 3089 28
401 3036 486 3092 die
513 3052 629 3092 una
678 3051 804 3091 cum
845 3036 959 3089 vita
1006 3043 1317 3103 susceptam
1354 3030 1603 3086 amiserit
1641 3029 1881 3101 dignita-

308 3135 426 3183 tern.
453 3127 566 3184 Nec
602 3129 789 3184 obstat
815 3129 960 3199 quod
986 3142 1131 3183 anno
1162 3125 1268 3181 230
1293 3141 1402 3180 non
1426 3122 1792 3195 Pompeianus
1826 3129 1883 3177 et

308 3216 687 3291 Pelignianus,
719 3220 813 3276 sed
854 3218 1108 3289 Agricola
1141 3228 1196 3273 et
1225 3216 1600 3273 Clementinus
1628 3216 1887 3272 consula-

310 3319 415 3364 tum
449 3311 744 3382 gesserint.
783 3309 877 3365 Sic
923 3310 1069 3366 enim
1115 3310 1400 3374 hactenus,
1429 3308 1505 3362 uti
1543 3307 1657 3377 jam
1688 3308 1744 3361 in
1780 3305 1887 3362 Te-

309 3402 554 3473 lesphore
609 3403 932 3472 observavi,
981 3402 1317 3473 compositus
1368 3409 1454 3456 est
1506 3399 1885 3456 Buclierianus

308 3496 603 3569 catalogus,
655 3503 713 3552 et
762 3497 830 3553 ad
882 3497 1004 3567 ejus
1052 3495 1411 3552 imitationem
1457 3493 1661 3558 caeteri,
1702 3501 1764 3548 ut
1789 3491 1885 3563 qui

312 3586 452 3643 illum
485 3589 842 3659 conscripsit,
873 3588 1131 3645 consules
1153 3588 1354 3659 quibus
1380 3587 1613 3657 quisque
1639 3586 1885 3656 pontifex

312 3680 464 3736 vitam
498 3682 729 3749 ﬁnierit,
761 3682 931 3737 semel
970 3690 1189 3737 notasse
1225 3688 1535 3747 contentus,
1562 3680 1784 3735 eosdem
1828 3680 1884 3735 in

314 3786 686 3830 successorum
714 3774 876 3829 initio
903 3772 1242 3843 designando
1273 3779 1518 3842 repetere
1554 3771 1780 3827 caverit.
1808 3771 1887 3826 Ac

314 3864 428 3921 licet
456 3868 751 3938 plerosque
796 3866 989 3921 iisdem
1021 3862 1371 3931 consulibus,
1400 3865 1602 3942 quibus
1631 3864 1888 3919 decesso-

1983 2692 2289 2752 incredibile
2332 2689 2640 2751 dicebatur,
2696 2695 2789 2739 aut
2845 2683 2921 2738 eis
2979 2691 3165 2735 contra
3224 2677 3572 2749 Evangelium

1983 2788 2358 2844 credebatur...
2394 2782 2539 2835 Sane
2568 2776 2861 2863 qoncordia
2893 2772 3264 2827 Ecclesiarum
3308 2767 3569 2838 postulat,

1984 2875 2443 2952 quemadmodum
2468 2859 2764 2927 concilium
2791 2866 3092 2931 Nicaenum,
3114 2877 3238 2918 can.
3259 2860 3312 2927 5,
3338 2859 3574 2916 subinde

1985 2972 2188 3037 sanxit,
2217 2978 2279 3025 ut
2305 2984 2335 3023 a
2360 2965 2580 3038 proprio
2603 2964 2864 3033 episcopo
2885 2959 3009 3030 quis
3035 2954 3569 3016 excommunicatus,

1983 3066 2056 3122 ab
2093 3063 2216 3119 aliis
2243 3076 2351 3116 non
2396 3057 2718 3127 recipiatur,
2760 3054 2868 3108 nisi
2916 3051 3136 3107 aliunde
3166 3055 3443 3118 comperta
3474 3045 3615 3099 Ιιει--ν

1985 3157 2178 3213 beatur
2224 3153 2345 3223 ejus
2391 3147 2725 3212 innocentia,
2760 3143 2943 3215 quoad
2982 3142 3157 3212 ipsius
3184 3153 3351 3195 causa
3383 3135 3454 3191 de
3483 3135 3573 3189 in-

1984 3257 2139 3319 tegro
2174 3245 2426 3301 discussa
2454 3241 2789 3295 absolvatur.
2824 3234 2960 3289 llinc
2988 3244 3250 3303 praeterea
3276 3237 3573 3286 excusatur

1986 3337 2360 3394 Romanorum
2401 3348 2527 3389 cum
2582 3328 2858 3385 Demetrio
2898 3327 2952 3380 in
2980 3322 3233 3395 Origenis
3261 3319 3574 3376 damnatio-

1985 3446 2110 3486 nem
2135 3427 2450 3491 consensio,
2480 3424 2647 3495 quod,
2687 3430 2824 3477 teste
2856 3418 3053 3475 Ruﬁno
3086 3416 3242 3487 Apol.
3277 3417 3371 3485 pro
3392 3414 3570 3483 0rig.,

1987 3520 2217 3577 Romam
2245 3516 2411 3573 delati
2441 3514 2657 3570 fuerant
2688 3512 2813 3567 libri
2849 3509 3069 3581 Origcni
3109 3506 3401 3578 suppositi,
3434 3506 3572 3571 imo,

1987 3623 2048 3668 ut
2078 3610 2442 3680 Hieronymus
2483 3605 2641 3676 epist.
2670 3604 2740 3658 65
2773 3603 2841 3658 ad
2875 3600 3218 3666 Pammach.,
3255 3614 3307 3653 c.
3344 3597 3411 3666 5,
3445 3613 3575 3651 nar-

1988 3715 2092 3769 rat,
2120 3703 2341 3773 quidam
2391 3701 2564 3771 ipsius
2608 3683 2817 3767 proprii
2867 3709 2978 3749 non
3020 3692 3155 3748 satis
3202 3690 3481 3761 castigati,
3516 3689 3573 3743 in

1988 3797 2190 3868 quibus
2217 3793 2481 3850 nonnulla
2513 3801 2671 3847 erant
2692 3786 3162 3860 reprehendenda,
3195 3798 3427 3855 quaeque
3449 3781 3576 3837 Ori-

1989 3904 2202 3960 genem,
2233 3897 2292 3943 ut
2329 3887 2560 3957 ipsemet
2594 3891 2786 3954 postea
2823 3882 2877 3935 in
2912 3879 3141 3950 epistola
3167 3877 3236 3932 ad
3266 3875 3574 3931 Fabianum
3604 3928 3607 3931 .

314 3968 394 4049 res
421 3958 697 4025 obierunt,
728 3957 796 4012 iis
825 3957 1160 4012 successisse
1186 3963 1417 4022 constet,
1455 3956 1653 4009 horum
1702 3963 1882 4009 tamen
1912 3991 1954 4049 α
1993 3956 2176 4037 fassus
2200 3989 2306 4046 est,
2345 3956 2629 4047 geripsisse
2654 3973 2972 4044 pwlmebat.
2997 3971 3133 4027 cum
3172 3978 3355 4023 auum,
3384 3966 3574 4022 ὓδωρ,

315 4044 518 4106 initium
562 4066 678 4105 non
727 4050 798 4105 ab
839 4050 1064 4115 iisdem,
1095 4049 1190 4104 sed
1223 4063 1252 4101 a
1291 4048 1645 4119 sequentibus
1684 4062 1887 4103 consu-

315 4138 447 4197 libus
474 4142 808 4213 consignare
836 4143 1141 4197 consuevit.
1169 4140 1438 4196 Praedicta
1465 4148 1645 4194 autem
1675 4139 1887 4193 calculo

317 4245 490 4289 secum
542 4234 872 4290 conciliatur
926 4234 1233 4299 Eusebius,
1280 4233 1375 4303 qui
1435 4231 1764 4286 Pontianum
1827 4230 1884 4284 in

317 4325 562 4385 Chronico
602 4330 828 4401 quidem
877 4330 1030 4384 annis
1061 4330 1314 4400 quinque,
1344 4328 1398 4382 in
1444 4322 1690 4381 Historia
1730 4327 1885 4380 annis

317 4434 400 4472 sea:
439 4422 820 4493 episcopatum
868 4421 1112 4477 tenuisse
1165 4420 1377 4477 scribit.
1428 4418 1564 4474 Nam
1615 4427 1671 4473 et
1728 4418 1887 4473 annis

317 4511 545 4583 quinque
598 4513 883 4586 completis
907 4553 922 4577 ,
957 4522 1014 4570 et
1057 4529 1151 4569 sex
1199 4512 1544 4583 incompletis
1583 4510 1885 4567 Ecclesiam

317 4602 727 4662 administravit.
744 4605 804 4660 lu
824 4616 1145 4662 transcursu
1160 4605 1251 4660 hic
1275 4619 1474 4659 moneo
1488 4603 1541 4658 in
1570 4586 1888 4664 .Victoriano

320 4710 515 4754 canone
551 4699 694 4770 apud
742 4699 1074 4756 Bucherium
1099 4740 1114 4765 ,
1141 4714 1195 4770 p.
1228 4698 1329 4762 54,
1376 4697 1709 4767 Pompeiano
1757 4712 1887 4752 con-

321 4790 418 4844 suli
462 4808 571 4850 non
621 4791 1041 4864 Pelignianum,
1089 4794 1181 4848 sed
1228 4792 1565 4847 Felicianum
1623 4790 1886 4862 collegam

320 4882 549 4956 adjungi.
576 4884 780 4941 Verum
826 4886 930 4942 iste
966 4902 1142 4942 canon
1186 4903 1294 4943 non
1328 4886 1491 4941 modo
1518 4901 1584 4940 ex
1610 4884 1886 4940 Romano-

319 4986 433 5031 rum
463 4979 782 5046 pontiﬁcum
814 4979 1086 5051 catalogo,
1129 4979 1222 5035 sed
1267 4989 1322 5034 et
1355 4994 1422 5034 ex
1449 4979 1678 5048 antiquo
1713 4977 1886 5033 fasto-

320 5078 430 5124 rum
465 5073 838 5129 consularium
866 5071 1170 5144 fragmento
1201 5072 1345 5142 apud
1370 5072 1624 5128 eumdem
1673 5070 1889 5126 Buche—

320 5158 449 5216 rium
472 5179 597 5235 pag.
622 5164 731 5218 247
752 5175 834 5221 est
862 5164 1237 5235 corrigendus.
1586 5168 1591 5175 ’

355 5249 426 5306 De
456 5254 698 5328 Origenis
726 5258 1092 5323 damnatione,
1121 5269 1173 5312 et
1201 5257 1266 5312 de
1293 5256 1551 5311 Pontiani
1584 5255 1847 5327 epistolis;

387 5345 434 5399 l.
492 5347 790 5421 Postquam
837 5348 1124 5421 Origcnem
1184 5350 1492 5407 Demetrius
1540 5348 1882 5405 Alexandria:

480 5438 511 5453 σ

395 5502 582 5579 'Apud
609 5507 863 5578 Hieron.,
884 5524 1013 5567 nov.
1047 5510 1177 5569 edit.
1209 5508 1459 5581 tam",
1486 5525 1608 5583 pag.
1634 5508 1759 5567 4'50.

1988 4073 2078 4127 trii
2112 4086 2260 4126 mors
2288 4083 2432 4123 anno
2454 4067 2556 4121 251
2590 4066 2827 4126 labente,
2864 4061 2949 4115 vel
2992 4068 3055 4114 ut
3076 4059 3253 4115 serius
3283 4072 3428 4112 anno
3466 4057 3574 4112 9.52

1986 4162 2360 4233 consignetur,
2393 4159 2511 4214 base
2534 4155 2784 4227 Origenis
2816 4150 3099 4208 damnatio
3133 4148 3407 4205 Pontiano
3434 4164 3575 4219 pon-

1984 4242 2150 4320 tiﬁce,
2176 4261 2232 4310 et
2257 4252 2448 4323 primis
2479 4249 2698 4320 quidem
2738 4245 2885 4301 illius
2924 4244 3084 4300 annis
3106 4285 3122 4311 ,
3165 4241 3461 4312 contigisse
3486 4242 3573 4296 di-

1986 4343 2157 4398 cenda
2185 4349 2289 4396 est.
2317 4339 2431 4395 Hac
2458 4338 2527 4393 de
2557 4352 2619 4392 re
2650 4336 2952 4391 Pontianus
2986 4348 3096 4389 non
3123 4333 3298 4401 solus,
3324 4333 3419 4389 sed
3448 4349 3573 4388 cum

1988 4441 2219 4499 senatu,
2275 4432 2381 4487 hoc
2421 4438 2506 4485 est
2553 4445 2679 4485 cum
2720 4429 2889 4493 clero,
2936 4427 3334 4497 pronuntiavit.
3386 4425 3575 4497 Neque

1988 4527 2130 4582 male
2152 4533 2328 4581 costus
2362 4523 2453 4578 ille
2472 4522 2629 4590 cieri,
2653 4537 2817 4593 quem
2843 4520 3228 4591 presbyterium
3257 4535 3455 4575 vocare
3483 4537 3576 4574 ve-

1986 4624 2132 4672 teres
2160 4614 2366 4678 solent,
2404 4622 2618 4667 senatus
2647 4612 2716 4666 ab
2755 4609 3090 4681 Hieronymo
3128 4608 3434 4679 appellatus
3464 4617 3571 4662 est.

1986 4707 2182 4764 Latine
2224 4706 2426 4776 quippe
2482 4712 2697 4759 senatus
2754 4701 2958 4757 Graeca:
3008 4699 3131 4755 voci
3180 4697 3574 4771 πρεσϐυτέριον

1987 4808 2111 4869 apte
2142 4797 2456 4867 respondet.
2479 4794 2751 4850 Caeterum
2789 4801 2968 4850 coetus
3001 4793 3092 4847 ille
3127 4790 3508 4861 presbyterium
3539 4807 3573 4844 a

1987 4890 2224 4962 diguiori
2258 4897 2413 4960 parte
2452 4897 2821 4957 nuncupatur,
2852 4885 3106 4956 quamvis
3137 4883 3302 4937 etiam
3349 4880 3573 4950 presby-

1989 4983 2126 5039 teris
2167 4980 2460 5037 int'eriores
2505 4977 2694 5036 clerici
2733 4972 3036 5047 convenire
3070 4975 3125 5030 in
3177 4988 3303 5028 eum
3343 4985 3571 5027 consue-

1986 5075 2185 5131 verint.
2278 5138 2281 5141 _

2060 5167 2316 5224 Pontiani
2342 5168 2465 5223 duae
2489 5166 2719 5237 :exstant
2748 5165 2994 5236 epistolae
3030 5159 3240 5216 lsidoro
3271 5154 3571 5211 architecto

1991 5260 2353 5325 concinnatae,
2384 5259 2631 5328 adeoque
2678 5257 2736 5310 in
2782 5270 2971 5311 earum
3022 5251 3287 5315 classem,
3318 5260 3456 5318 quas
3479 5244 3572 5301 ille

1989 5352 2195 5422 pariter
2224 5350 2501 5420 conﬂavit,
2526 5346 2903 5405 amandandze.

1910 5509 1930 5539 ¹
1957 5506 2078 5566 Lib.
2110 5506 2347 5584 Dc_unit.
2379 5505 2550 5573 Eccl.,
2578 5520 2629 5561 c.
2653 5501 2747 5567 25,
2768 5516 2827 5556 n.
2855 5497 2941 5555 18.
