4074 6374
469 292 573 346 163

1607 296 1926 350 ΡΟΝἸΊᾹΝΙ
1966 296 2168 352 ῐ-ἈΡᾹΞ
2243 296 2623 353 EPISTOLXE.

3628 297 3730 351 Μῖνι

469 421 702 482 oportet,
732 429 896 482 quam
927 413 1108 470 dicere
1149 431 1269 483 quae
1308 431 1416 470 non
1465 425 1698 485 oportet.
1745 415 1810 469 Et
1845 415 1890 470 si
1920 416 2044 485 quis
2073 419 2118 474 Λ
2145 431 2236 484 per
2261 432 2523 468 sermones
2550 424 2666 468 tuos
2698 414 3070 469 adntirabitur.
3098 412 3393 469 Novissime
3415 423 3587 468 autem
3612 432 3732 484 per-

470 505 646 559 tidelis
669 515 773 570 est,
819 507 998 560 videat
1050 523 1117 561 ne
1162 509 1301 561 mala
1351 509 1624 578 loquatur,
1665 519 1758 562 aut
1787 509 2042 577 cuiquam

470 600 698 655 insidias
747 612 932 671 ponat.
974 602 1030 656 In
1078 605 1179 658 hoc
1227 617 1354 672 ergo
1402 601 1788 654 discernuntur
1819 601 1914 654 ﬁlii
1951 599 2045 655 Dei

467 701 522 743 et
547 690 638 744 ﬁlii
672 692 896 746 diaboli.
926 693 1043 746 Filii
1086 707 1320 760 namque
1355 691 1448 745 Dei
1482 706 1696 760 semper
1729 691 1968 763 cogitant
1993 701 2045 746 et

468 797 626 851 agere
656 786 994 838 contendunt
1039 801 1158 853 quze
1199 784 1291 837 Dei
1329 793 1478 848 sunt,
1523 793 1577 837 ct
1609 781 1806 838 fratres
1847 783 2046 837 indesi-

467 885 656 928 nenter
686 876 962 942 adjuvant,
991 885 1044 929 et
1074 876 1204 929 nulli
1246 891 1444 929 nocere
1467 877 1678 931 volunt.
1714 877 1832 929 Filii
1863 885 2041 931 autem

466 964 669 1018 diaboli
696 975 914 1020 econtra
961 967 1100 1019 mala
1141 976 1193 1020 et
1228 967 1419 1020 nociva
1455 983 1668 1037 semper
1696 968 2042 1033 meditantur,

464 1055 592 1122 quia
627 1071 788 1123 opera
829 1071 1016 1110 eorum
1055 1058 1196 1110 mala
1238 1066 1386 1112 sunt.
1436 1057 1514 1111 De
1559 1059 1760 1128 quibus
1806 1059 2046 1127 loquitur

463 1145 728 1202 Dominus
756 1166 850 1217 per
875 1150 1168 1204 Jeremiam
1199 1152 1542 1220 prephetam,
1581 1153 1800 1206 dicens:
1831 1152 2046 1223 Loquar

453 1237 666 1306 judicia
711 1257 821 1293 mea
848 1257 964 1293 cum
995 1243 1092 1304 eis,
1138 1259 1294 1310 super
1335 1245 1476 1295 omni
1518 1243 1725 1296 malitia
1769 1260 1946 1297 eorum
1980 1244 2044 1298 ”.

464 1328 750 1398 Propterea
797 1331 1005 1400 judicio
1049 1334 1360 1386 contendam
1408 1334 1581 1386 adhuc
1627 1335 1922 1397 vobiscum,
1969 1333 2044 1389 ait

467 1418 739 1484 Dominus,
771 1431 958 1474 etcum
985 1422 1115 1491 [iliis
1149 1423 1332 1476 vestris
1365 1423 1666 1492 disceptabo
1695 1425 1756 1476 ¹⁸.
1785 1423 1917 1477 Ecce
1953 1441 2044 1494 ego

464 1512 600 1582 ﬁngo
640 1523 823 1566 contra
865 1531 952 1568 vos
984 1515 1204 1580 malum,
1234 1527 1282 1570 et
1313 1519 1483 1587 cogito
1513 1529 1697 1571 contra
1725 1533 1810 1571 vos
1845 1519 2045 1588 cogita-

461 1605 654 1656 tionem
697 1605 762 1657 ”.
796 1603 944 1670 Haec,
993 1604 1212 1670 fratres,
1245 1607 1399 1662 valde
1433 1618 1561 1662 sunt
1602 1609 1860 1672 timenda,
1893 1619 1948 1664 et
1976 1609 2046 1664 ab

458 1696 717 1751 omnibus
756 1701 1027 1766 cavenda;
1068 1702 1328 1770 quoniam
1377 1716 1541 1770 super
1579 1715 1740 1770 quem
1777 1699 2043 1770 judicium

457 1787 555 1840 Dei
583 1789 862 1857 ceciderit,
913 1764 1022 1846 non
1076 1764 1222 1846 exiet
1264 1764 1610 1861 impun-itus;
1635 1791 1699 1844 Et
1729 1764 1850 1845 ideo
1878 1806 2046 1845 unus—
2080 1764 2119 1820 Β

458 1883 692 1950 quisque
710 1886 998 1952 prmvideal
1022 1903 1089 1940 ne
1105 1887 1211 1941 hoc
1227 1886 1566 1940 machinetur
1593 1893 1684 1939 aut
1713 1884 1913 1955 agatlin
1937 1884 2049 1938 fra-

460 1982 619 2041 trem,
645 1977 788 2043 quod
821 1978 933 2046 ipse
959 1979 1066 2046 pati
1095 1979 1352 2033 noluerit.
1384 1977 1449 2032 Et
1473 1993 1571 2032 nec
1599 1977 1651 2031 in
1683 1977 2047 2047 suspicionem

461 2067 643 2121 veniat
675 2069 839 2121 homo
863 2071 1056 2129 fidelis.
1093 2081 1151 2125 ut
1181 2073 1326 2126 dicat
1361 2079 1455 2125 aut
1497 2070 1661 2124 faciat
1696 2085 1757 2124 ea
1793 2085 1913 2138 quae
1938 2069 2047 2138 pati

458 2173 566 2212 non
595 2160 728 2214 vult.
763 2159 916 2216 Unde
956 2173 1262 2232 suspectos,
1303 2173 1397 2218 aut
1438 2164 1694 2217 inimicos
1725 2163 1786 2226 ³⁸,
1824 2170 1918 2215 aut
1968 2161 2049 2216 fa-

457 2249 561 2304 cile
590 2249 885 2320 litigantes,
916 2263 970 2306 ct
999 2269 1096 2309 eos
1129 2257 1223 2322 qui
1267 2271 1373 2308 non
1412 2265 1539 2308 sunt
1567 2253 1724 2306 bona:
1751 2267 2046 2307 conversa-

456 2340 641 2406 tionis,
688 2355 780 2397 aut
811 2359 1045 2413 quorum
1098 2346 1209 2400 vita
1238 2355 1321 2400 est
1359 2345 1708 2410 accusabilis,
1740 2354 1793 2398 et
1821 2344 1914 2414 qui
1960 2360 2048 2399 re-

454 2440 597 2486 ctam
629 2449 736 2491 non
777 2445 962 2492 tenent
1004 2445 1058 2491 et
1093 2440 1290 2492 docent
1332 2437 1514 2501 ﬁdem,
1549 2443 1898 2492 accusatores
1924 2451 2047 2490 esse

451 2536 507 2582 et
534 2538 723 2593 testes,
755 2538 809 2584 et
849 2540 1225 2586 antecessores
1265 2531 1439 2586 nostri
1485 2530 1781 2598 apostolica
1828 2529 2043 2596 repule-

451 2625 580 2671 runt
607 2619 950 2682 auctoritate,
982 2627 1039 2674 et
1064 2635 1162 2675 nos
1193 2621 1605 2684 submovemns,
1641 2627 1804 2686 atque
1845 2615 2044 2669 futuris

451 2711 786 2780 temporibus
831 2712 1198 2775 exclutlimus,
1257 2727 1323 2765 ne
1370 2712 1602 2766 libenter
1648 2710 1756 2764 labi
1809 2711 2040 2778 possint,

451 2817 591 2870 quos
623 2817 723 2858 nos
757 2814 938 2862 tenere
977 2810 1032 2860 et
1065 2803 1276 2858 salvare
1303 2803 1595 2856 debemus:
1645 2815 1712 2854 ne
1745 2799 1920 2870 (quod
1951 2799 2044 2853 ab-

453 2892 561 2963 sit)
623 2895 939 2962 prtetlictum
985 2893 1078 2948 Dei
1122 2893 1430 2963 judicium,
1480 2908 1590 2947 non
1638 2901 1848 2946 tantum
1881 2905 2045 2960 super

451 2998 716 3056 utrosque
738 2989 939 3053 veniat,
970 2989 1062 3043 sed
1087 2999 1141 3042 et
1171 3003 1275 3043 nos
1305 3000 1493 3043 eorum
1528 2987 1662 3040 vitio
1689 2986 1853 3056 (quod
1900 2985 2042 3040 Deus

453 3080 696 3147 avertat)
762 3094 1069 3149 pereamus.
1116 3079 1388 3148 Scriptum
1425 3088 1508 3132 est
1544 3079 1725 3133 enim:
1775 3077 2040 3130 Rectorem

452 3180 501 3224 te
533 3172 858 3240 posuerunt?
883 3187 1064 3225 curam
1091 3172 1306 3228 illorum
1331 3170 1481 3236 habe,
1515 3180 1570 3224 ut
1602 3170 1799 3224 testeris
1833 3180 2044 3238 propter

451 3261 598 3328 illos,
631 3272 680 3316 et
706 3273 1072 3317 ornamentum
1100 3265 1288 3334 gratia:
1327 3263 1554 3332 accipias
1587 3277 1854 3316 coronam.
1884 3269 1932 3313 et
1960 3261 2039 3313 di-

449 3352 751 3421 gnationem
820 3353 1156 3422 consequaris
1231 3352 1616 3422 corrogationis
1666 3351 1728 3403 ι’.
1805 3347 2040 3402 Verbum

448 3444 596 3497 enim
625 3459 858 3512 nequam
889 3444 1141 3499 immutat
1177 3459 1292 3507 cor,
1334 3460 1400 3499 ex
1438 3457 1548 3514 quo
1587 3451 1824 3512 quatuor
1862 3451 2041 3510 partes

448 3533 727 3597 oriuntur,
765 3534 969 3590 bonum
1019 3543 1074 3589 et
1120 3534 1347 3599 malum,
1386 3534 1494 3588 vita
1533 3541 1584 3588 et
1626 3547 1796 3596 mors,
1851 3539 1907 3584 et
1943 3530 2042 3584 do-

449 3623 708 3677 minatrix
751 3633 836 3679 est
888 3640 1075 3680 eorum
1139 3626 1359 3680 assidue
1412 3625 1615 3694 lingua.
1681 3624 1784 3678 Pro
1839 3623 2040 3678 talibus

447 3715 692 3785 praedicti
716 3715 922 3770 vitandi
955 3715 1248 3775 admodum
1285 3725 1431 3778 sunt,
1467 3726 1521 3771 et
1548 3717 1868 3786 priusquam
1902 3731 2041 3785 prte-

360 3824 362 3826 '
447 3807 608 3862 dieue
633 3807 958 3861 enucleatim
991 3809 1373 3864 examinentur
1401 3809 1713 3878 opiniones,
1755 3818 1810 3863 et
1841 3807 1910 3862 ab
1936 3808 2038 3863 illis

447 3898 612 3954 alieni
663 3899 1033 3968 inveniantur,
1072 3914 1192 3952 non.
1224 3908 1354 3954 sunt
1387 3900 1740 3970 suscipiendi,
1781 3901 2036 3970 quoniam

445 3990 769 4058 sacriﬁcium
815 3989 1052 4043 salutare
1097 3998 1195 4055 est,
1218 3990 1482 4044 attendere
1527 3992 1816 4054 mandatis,
1847 3998 1897 4043 et
1928 3990 2040 4042 dis-

445 4081 626 4135 cedere
661 4080 725 4134 ab
749 4082 891 4134 omni
917 4081 1219 4152 iniquitate.
1253 4081 1653 4149 Bencplacitum
1703 4090 1779 4134 est
1813 4080 2037 4135 Domino

446 4175 684 4229 recedere
712 4175 776 4227 ab
801 4175 1117 4245 iniquitate;
1152 4184 1202 4228 et
1237 4173 1502 4235 laudatio.
1537 4172 1771 4226 recedere
1801 4173 1864 4226 ab
1896 4172 2038 4242 inju-

446 4267 600 4320 stitia
617 4267 684 4320 ¹⁰.
715 4266 982 4332 Quoniam
1009 4269 1274 4336 scriptum
1310 4277 1394 4322 est
1434 4283 1446 4321 :
1478 4266 1651 4336 Dilige
1691 4268 1989 4335 proximum
2019 4307 2034 4330 ,

444 4371 494 4412 et
524 4359 830 4428 conjungere
862 4360 966 4428 ﬁde
991 4377 1109 4413 cum
1139 4361 1252 4415 illo.
1277 4360 1428 4426 Quod
1455 4361 1501 4414 si
1528 4359 1873 4412 denudareris
1915 4361 2034 4414 abs-

2147 517 2307 561 vertet
2349 524 2405 560 os
2452 524 2635 572 suum,
2669 518 2718 560 et
2762 509 2819 560 in
2854 510 3019 562 verbis
3058 507 3161 560 tuis
3204 508 3351 561 dabit
3394 508 3725 561 scandalum.

2151 596 2322 649 Multa
2357 597 2518 659 odivi,
2545 607 2594 650 et
2623 613 2723 649 non
2750 599 3013 667 comquavi
3034 598 3105 659 ei,
3133 608 3182 650 et
3215 597 3466 650 Dominus
3492 597 3631 650 odiet
3664 597 3732 650 il-

2147 689 2277 742 lum.
2309 687 2412 753 Qui
2441 690 2493 741 in
2525 689 2693 740 altum
2721 688 2950 757 lapidem
2980 689 3166 750 mittit,
3209 703 3367 756 super
3413 687 3527 756 ejus
3571 697 3729 753 caput

2147 781 2318 843 cadet,
2352 789 2400 832 et
2443 779 2602 849 plaga
2652 780 2837 834 dolosa
2871 780 3042 834 dolosi
3089 780 3288 832 dividet
3338 779 3574 834 vulnera.
3625 779 3730 844 Qui

2147 871 2281 939 fodit
2312 872 2533 940 foveam,
2570 872 2762 923 incidet
2788 872 2844 923 in
2873 870 3054 934 illam;
3083 881 3132 923 et
3166 871 3257 938 qui
3285 871 3471 924 statuit
3497 868 3728 936 lapidem

2145 965 2409 1032 proximo,
2451 964 2676 1032 offendet
2716 965 2770 1016 in
2810 979 2899 1027 eo;
2937 973 2984 1016 et
3013 965 3104 1032 qtti
3133 965 3379 1032 laqueum
3410 963 3507 1016 alii
3544 963 3728 1030 ponit,

2144 1056 2330 1122 peribit
2356 1057 2408 1108 in
2439 1057 2550 1110 illo.
2581 1055 2820 1109 Facienti
2845 1056 3218 1125 nequissimum
3244 1056 3546 1114 consilium,
3572 1069 3729 1122 super

2144 1151 2314 1218 ipsum
2355 1149 2688 1213 devolretur;
2740 1157 2788 1202 et
2828 1165 2929 1200 non
2984 1158 3255 1218 cognoscet
3305 1148 3442 1200 unde
3488 1149 3729 1200 adveniet

2146 1243 2247 1294 illi.
2293 1240 2482 1294 Illusio
2511 1254 2557 1295 et
2592 1242 2961 1310 improperium
2992 1239 3356 1307 superborum,
3399 1249 3450 1294 et
3493 1241 3726 1294 vindicta

2145 1335 2279 1386 sicut
2323 1335 2400 1386 leo
2429 1333 2776 1406 insidiabitur
2814 1331 2918 1384 illi.
2961 1330 3170 1400 Laqueo
3197 1331 3439 1400 peribunt
3469 1332 3559 1400 qui
3585 1330 3727 1384 oble-

2145 1436 2358 1480 ctantur
2391 1442 2515 1478 casu
2552 1425 2848 1493 iustorum;
2892 1423 3044 1476 dolor
3083 1434 3259 1477 autem
3292 1432 3558 1476 consumet
3602 1422 3725 1477 illos

2145 1529 2422 1589 antequam
2459 1519 2778 1570 moriantur.
2828 1514 2923 1570 Ira
2947 1525 2995 1569 et
3034 1515 3204 1584 furor,
3241 1525 3460 1582 utraque
3491 1529 3728 1568 exsecra-

2145 1609 2273 1663 bilia
2304 1618 2458 1673 sunt;
2502 1618 2552 1662 et
2589 1609 2669 1663 vir
2706 1617 2948 1678 peccator
2975 1607 3242 1660 continens
3277 1607 3378 1660 erit
3415 1605 3629 1658 illorum
3655 1605 3723 1659 ³¹.

2144 1703 2252 1768 Qui
2287 1702 2546 1756 vindicari
2577 1700 2709 1767 vult,
2759 1717 2792 1753 a
2828 1699 2937 1753 Deo
2965 1699 3188 1752 inveniet
3217 1698 3503 1750 vindictam
3536 1706 3586 1750 et
3616 1714 3729 1766 pec-

2152 1807 2273 1850 cata
2313 1795 2457 1848 illius
2500 1810 2710 1848 servans
2758 1791 3005 1846 servabit.
3055 1791 3306 1860 Relinque
3349 1791 3589 1858 proximo
3637 1801 3726 1844 tuo

2152 1891 2356 1943 nocenti
2389 1899 2456 1953 te,
2487 1898 2535 1943 et
2573 1897 2695 1942 tunc
2723 1886 3024 1957 deprecanti
3056 1884 3148 1938 tibi
3187 1895 3403 1954 peccata
3439 1883 3722 1938 solventur.

2153 1982 2326 2036 Homo
2363 1982 2562 2034 homini
2601 1990 2825 2034 reservat
2855 1980 3023 2042 iram,
3058 1987 3109 2032 et
3150 1995 3183 2031 a
3212 1977 3320 2031 Deo
3348 1978 3539 2047 quatrit
3565 1978 3730 2039 mede-

2150 2074 2302 2127 lam?
2332 2071 2397 2126 In
2423 2073 2682 2125 hominem
2719 2070 2945 2124 similem
2983 2070 3086 2122 sibi
3113 2084 3218 2121 non
3249 2067 3401 2121 habet
3429 2068 3728 2122 misericor-

2149 2165 2292 2217 diam
2316 2205 2331 2229 ,
2376 2163 2518 2218 etde
2557 2165 2784 2233 peccatis
2826 2163 2936 2215 suis
2985 2160 3295 2229 deprecatur
3343 2158 3676 2212 Altissimum
3704 2160 3730 2210 1'

2150 2254 2270 2325 Ipse
2295 2271 2412 2310 cum
2452 2271 2576 2309 caro
2609 2255 2712 2319 sit,
2750 2259 2973 2307 reservat
3009 2253 3143 2304 iram
3167 2289 3184 2317 ,
3216 2258 3266 2304 et
3300 2250 3726 2320 propitiationem

2145 2351 2275 2418 petit
2302 2366 2334 2402 a
2364 2348 2512 2402 Deo?
2536 2347 2666 2412 Quis
2692 2347 2860 2400 orabit
2883 2362 2978 2414 pro
3007 2345 3214 2399 delictis
3250 2343 3437 2398 illius?
3465 2341 3726 2401 Memento

2150 2441 2571 2504 novissimorum,
2604 2449 2650 2492 et
2684 2439 2859 2492 desine
2897 2437 3196 2500 inimicari;
3236 2433 3476 2490 tabitudo
3511 2436 3650 2488 enim
3673 2445 3724 2488 et

2149 2550 2286 2587 mors
2312 2533 2582 2585 imminent
2612 2530 2878 2584 mandatis
2907 2531 2974 2583 ".
3019 2527 3311 2582 Memorare
3342 2528 3579 2580 timorem
3606 2525 3724 2590 Dei,

2146 2639 2321 2680 etnon
2352 2625 2603 2679 irascaris
2625 2624 2885 2694 proximo.
2915 2621 3206 2677 Memorare
3241 2619 3538 2673 testamenti
3568 2619 3729 2671 Altis-

2146 2719 2300 2784 siuti,
2335 2727 2385 2771 et
2423 2715 2628 2785 despice
2668 2715 3022 2785 ignorantiam
3051 2711 3302 2781 proximi.
3346 2709 3564 2762 Abstine
3603 2716 3652 2761 te
3693 2725 3727 2760 α

2144 2808 2256 2874 lite,
2289 2817 2336 2861 et
2371 2808 2572 2860 minues
2599 2814 2836 2876 peccata.
2872 2805 3044 2866 llomo
3067 2805 3207 2858 enim
3232 2799 3518 2876 iracundus
3550 2799 3727 2856 incen-

2144 2900 2223 2952 dit
2251 2899 2414 2962 litem,
2439 2907 2489 2952 et
2514 2898 2594 2952 vir
2613 2908 2859 2967 peccator
2886 2895 3118 2950 turbabit
3147 2895 3368 2958 amicos,
3394 2904 3443 2948 et
3477 2893 3532 2946 in
3555 2894 3725 2946 medio

2143 3006 2325 3060 pacem
2372 2991 2677 3045 habentium
2718 2991 2963 3043 immittet
3011 2987 3370 3043 inimicitiam.
3427 2983 3726 3040 Secundum

2143 3083 2281 3137 enim
2323 3083 2467 3152 ligna
2496 3081 2674 3145 silvte,
2717 3083 2792 3134 sic
2835 3079 2972 3149 ignis
3003 3077 3331 3140 exardescet;
3361 3084 3410 3129 et
3443 3073 3726 3128 secundum

2147 3176 2388 3228 virtutem
2417 3174 2662 3236 hominis,
2699 3173 2776 3226 sic
2804 3169 3081 3224 iracundia
3118 3168 3264 3224 illius
3291 3169 3422 3233 erit;
3457 3178 3506 3222 et
3539 3183 3726 3226 secun-

2145 3265 2271 3317 dum
2293 3264 2643 3319 substantiam
2682 3278 2834 3314 suam
2867 3251 3124 3316 exaltabit
3167 3259 3304 3311 iram
3331 3272 3504 3312 suam.
3540 3255 3726 3311 Certa-

2144 3372 2260 3409 men
2287 3355 2593 3424 festinatum
2637 3353 2875 3406 incendet
2910 3352 3100 3422 ignem,
3147 3359 3196 3403 et
3243 3349 3308 3402 lis
3346 3349 3602 3418 festinam
3645 3350 3728 3418 ef-

2141 3448 2326 3517 fundet
2374 3447 2714 3517 sanguinem,
2745 3455 2793 3500 et
2822 3445 3007 3514 lingua
3053 3442 3342 3512 testiﬁcaris
3394 3443 3441 3474 "
3499 3443 3723 3496 adducet

2143 3549 2384 3593 mortem.
2427 3538 2485 3593 Si
2515 3537 2801 3607 suﬁlaveris
2845 3538 2900 3590 in
2937 3534 3252 3600 scintillam,
3290 3535 3442 3604 quasi
3469 3534 3606 3605 ignis
3636 3550 3724 3586 ar-

2143 3627 2314 3691 debit;
2360 3627 2411 3681 'et
2447 3630 2493 3680 si
2532 3627 2800 3695 exspueris
2837 3641 2994 3695 super
3032 3623 3204 3690 illam,
3240 3625 3644 3694 exstinguetur,
3673 3633 3724 3676 et

2143 3731 2364 3790 utraque
2397 3736 2461 3773 ea:
2501 3735 2588 3773 ore
2628 3717 3058 3788 proﬁciscuntur.
3108 3714 3338 3771 Susurro
3379 3725 3426 3768 et
3477 3714 3723 3784 bilinguis

2143 3813 2454 3868 maledictus
2483 3855 2497 3877 ,
2531 3810 2724 3864 multos
2767 3810 2906 3864 enim
2955 3807 3184 3862 turbavit
3228 3821 3409 3876 pacem
3457 3806 3718 3860 habentes.

2143 3905 2350 3975 Lingua
2376 3903 2530 3957 tertia
2567 3901 2758 3956 multos
2800 3899 3097 3965 commovit,
3144 3908 3192 3954 et
3231 3897 3478 3967 dispersit
3508 3897 3630 3956 illos
3659 3898 3722 3950 de

2139 4005 2286 4068 gente
2316 3997 2370 4051 in
2391 4005 2612 4066 gentem.
2653 3993 2900 4048 Civitates
2931 3992 3153 4046 divitum
3180 3990 3410 4043 munitas
3440 3987 3485 4020 "
3513 3987 3722 4040 destru-

2138 4092 2239 4154 xit,
2271 4098 2320 4144 et
2351 4089 2530 4142 domos
2570 4095 2873 4156 magnatum
2907 4083 3111 4152 effodit.
3160 4081 3388 4136 Virtutes
3410 4079 3718 4150 papulorum

2140 4182 2457 4248 concidit,et
2479 4191 2650 4251 gentes
2679 4179 2842 4248 fortes
2868 4174 3130 4230 dissolvit.
3175 4173 3386 4240 Lingua
3415 4172 3570 4226 tertia
3604 4185 3719 4228 mu-

2139 4274 2288 4326 lieres
2315 4273 2514 4325 viratas
2538 4271 2584 4301 ²⁵
2615 4269 2791 4339 ejecit,
2816 4278 2866 4322 et
2889 4267 3112 4336 privavit
3143 4264 3264 4318 illas
3293 4262 3556 4314 laboribus
3583 4260 3713 4318 suis.

2141 4359 2245 4424 Qui
2271 4359 2478 4427 respicit
2504 4357 2676 4418 illam,
2710 4372 2810 4412 non
2839 4355 3048 4408 habebit
3073 4353 3320 4422 requiem,
3346 4367 3436 4406 nec
3460 4349 3718 4404 habitabit

446 4465 608 4502 causa
665 4449 835 4512 illius,
887 4468 989 4504 non
1027 4453 1350 4521 persequeris
1383 4460 1499 4522 post
1525 4467 1663 4506 eum.
1713 4450 1862 4505 Sicut
1899 4454 2036 4506 enim
2071 4461 2112 4514 ο
2141 4467 2259 4504 cum
2302 4451 2477 4520 requie
2523 4450 2589 4503 ’⁸.
2637 4448 2868 4518 Flagelli
2899 4447 3055 4517 plaga
3095 4446 3311 4498 livorem
3354 4443 3517 4512 facit,
3559 4443 3718 4511 plaga

445 4539 598 4593 homo
626 4542 716 4610 qui
745 4541 913 4609 perdit
942 4544 1170 4594 amicum
1203 4560 1376 4609 suum,
1411 4545 1488 4596 sic
1521 4545 1607 4613 qui
1654 4545 1826 4613 perdit
1855 4545 2035 4597 amici-

446 4633 576 4687 tiam
602 4633 831 4700 proximi
855 4634 959 4686 sni.
993 4633 1061 4686 Et
1083 4635 1220 4687 sicut
1253 4637 1344 4705 qui
1369 4637 1587 4690 dimittit
1611 4653 1755 4694 avem
1781 4637 1844 4691 de
1872 4652 2032 4690 manu

443 4738 564 4784 sua,
599 4724 673 4776 sic
697 4724 788 4792 qui
810 4724 1140 4794 dereliquisti
1168 4729 1466 4795 proximum
1499 4738 1668 4793 tuum,
1707 4736 1754 4780 et
1782 4745 1883 4781 non
1914 4742 2030 4780 eum

443 4815 638 4884 capies.
687 4813 810 4868 Non
862 4815 1015 4868 illum
1069 4819 1342 4886 sequaris,
1389 4819 1635 4886 quoniam
1671 4817 1822 4888 longe
1863 4818 2027 4871 abest.

445 4902 650 4974 Effugit
680 4906 818 4958 enim
844 4907 998 4976 quasi
1029 4924 1217 4976 caprea
1252 4909 1316 4962 de
1356 4910 1560 4980 laqueo,
1599 4910 1726 4980 quia
1757 4911 2032 4963 vulnerata

437 5009 516 5054 est
556 5001 740 5054 anima
777 4995 912 5070 ejus.
951 5001 1102 5056 Ultra
1146 5020 1266 5058 eum
1308 5020 1408 5058 non
1438 5007 1631 5074 poteris
1664 5005 1945 5076 colligare,
1988 5013 2037 5059 et

441 5091 714 5145 maledicti
748 5102 827 5145 est
889 5093 1250 5149 concordatio.
1307 5094 1588 5150 Denudare
1647 5105 1822 5149 autem
1874 5096 2032 5148 amici

441 5185 693 5251 mysteria
719 5225 734 5250 ,
775 5185 1072 5254 desperatio
1127 5195 1206 5240 est
1252 5187 1445 5242 anima:
1483 5187 1734 5256 infelicis.
1784 5188 2030 5240 Annuens

441 5275 590 5328 Oculo
617 5275 846 5338 fabricat
886 5279 1091 5348 iniqua,
1119 5290 1168 5331 et
1204 5295 1354 5334 nemo
1384 5296 1502 5332 eum
1540 5278 1770 5345 abjiciet.
1805 5277 1873 5331 In
1898 5295 2023 5332 con-

440 5375 617 5432 spectu
643 5368 911 5422 oculorum
957 5379 1167 5423 tuorum
1204 5369 1534 5424 conculcabit
1560 5388 1616 5423 os
1657 5387 1832 5434 suum,
1861 5380 1912 5424 et
1940 5388 2028 5425 su-

513 5545 557 5576 ¹⁸
579 5544 779 5600 Jerem.
836 5549 1000 5611 ι,16.
1122 5551 1166 5582 ¹⁶
1189 5551 1387 5607 Jerem.
1429 5569 1504 5617 ιι,
1547 5553 1599 5607 9.

441 5613 735 5686 Suspectos
766 5625 948 5672 autem
987 5620 1122 5686 ini.;
1163 5633 1216 5676 et
1247 5622 1301 5686 2,

441 5686 487 5757 ξιξ
516 5684 684 5757 Eccli.
717 5703 884 5751 xxxv,
914 5689 968 5753 ‘2,
998 5690 1052 5744 5.
1109 5684 1171 5722 i“
1208 5684 1387 5748 Eccli:
1417 5684 1637 5757 xxvnﬂ
1651 5694 1799 5748 8-55.

437 5755 484 5791 "
509 5756 728 5812 habebit
761 5759 998 5814 amicum
1038 5761 1095 5815 in
1122 5777 1232 5832 quo
1273 5755 1596 5835 requiescat.
1671 5766 1713 5796 ’⁷
1743 5765 1816 5824 in.

1704 5554 1747 5584 ¹⁷
1774 5553 1976 5610 Jercm.
2031 5575 2184 5624 xvm,
2219 5561 2306 5617 11.

1353 5638 1408 5691 q.
1458 5623 1487 5674 7
1525 5642 1535 5677 :
1580 5621 1940 5688 Quzerendum
1967 5640 2079 5693 est;
2109 5621 2243 5685 ct'in
2275 5633 2476 5686 decret.
2538 5621 2689 5682 lvon:
2723 5628 2814 5680 lib.
2847 5644 2918 5681 IV.

1880 5697 1923 5728 ²²
1949 5698 2001 5756 in
2029 5703 2300 5759 mandatis
2331 5703 2469 5774 ejus.

2139 4552 2313 4596 autem
2351 4541 2548 4612 lingute
2591 4541 2906 4594 comminuet
2949 4555 3090 4592 ossa.
3136 4537 3294 4590 Multi
3331 4537 3630 4589 ceciderunt
3662 4535 3718 4587 in

2136 4649 2224 4687 ore
2253 4633 2452 4703 gladii;
2495 4633 2583 4687 sed
2612 4649 2713 4689 non
2752 4633 2848 4698 sic,
2885 4629 3142 4706 quomodo
3168 4629 3256 4699 qui
3289 4629 3598 4681 interierunt
3628 4642 3719 4694 per

2140 4726 2374 4795 linguam
2416 4741 2588 4779 suam.
2645 4724 2838 4778 Beatus
2875 4725 2963 4794 qui
3007 4731 3172 4776 tectus
3225 4730 3301 4774 est
3348 4737 3378 4773 a
3417 4719 3596 4789 lingua
3623 4735 3716 4775 ne-

2139 4835 2316 4888 quam,
2354 4819 2443 4888 qui
2469 4821 2524 4871 in
2561 4817 2894 4871 iracundiam
2931 4815 3076 4870 illius
3109 4832 3209 4872 non
3238 4813 3506 4877 transivit,
3545 4822 3593 4865 et
3628 4811 3716 4880 qui

2138 4929 2241 4966 non
2271 4913 2495 4965 attraxit
2518 4912 2706 4981 jugum
2745 4911 2880 4979 ejus,
2913 4921 2964 4964 et
2995 4909 3214 4963 vinculis
3257 4908 3370 4976 ejus
3405 4923 3507 4959 non
3542 4916 3617 4959 est
3658 4905 3720 4958 li-

2140 5014 2313 5074 gatus.
2351 5002 2549 5072 Jugum
2580 5004 2716 5057 enim
2747 5003 2894 5056 illius
2922 5002 3112 5071 jugum
3139 5000 3362 5068 ferreum
3393 5009 3489 5064 est,
3532 5007 3580 5051 et
3606 4999 3720 5052 vin-

2139 5095 2316 5148 culum
2345 5094 2490 5149 illius
2545 5095 2808 5150 vinculum
2844 5109 3036 5148 (ereum
3065 5102 3162 5147 est.
3195 5091 3340 5146 Mors
3371 5091 3540 5155 illius,
3579 5106 3717 5147 mors

2139 5186 2489 5256 nequissima;
2532 5193 2580 5239 et
2616 5185 2761 5238 utilis
2793 5184 2968 5253 potius
2994 5184 3229 5252 infernus
3254 5197 3412 5252 quam
3432 5179 3548 5233 illa.
3592 5178 3719 5231 Per-

2135 5279 2428 5332 severantia
2461 5279 2607 5332 illius
2656 5294 2757 5330 non
2801 5278 3142 5344 permanebit,
3184 5276 3272 5329 sed
3318 5274 3565 5327 obtinebit
3607 5271 3718 5329 vias

2133 5371 2482 5440 injustorum,
2515 5381 2564 5424 et
2598 5371 2644 5412 ’⁷
2673 5370 2892 5439 ﬂamma
2939 5384 3038 5420 sua
3078 5384 3182 5422 non
3217 5367 3480 5420 comburet
3513 5364 3713 5433 justas.

2413 5560 2452 5590 "'
2479 5559 2614 5613 Sixti
2645 5557 2886 5627 ejusdem
2916 5557 3180 5612 sent.108
3213 5567 3266 5610 et
3296 5555 3414 5609 169.
3451 5555 3518 5614 '5,
3554 5570 3609 5624 q.
3641 5553 3708 5607 ὅς

2413 5641 2476 5681 et.
2538 5629 2686 5681 lvon.
2723 5628 2814 5680 lib.
2847 5644 2918 5681 IV.
2999 5629 3040 5659 ¹⁹
3069 5628 3235 5681 Eccli.
3271 5642 3442 5681 xxx".
3489 5625 3537 5681 l.
3574 5628 3630 5681 ι’.
3655 5624 3708 5681 5.

3114 5642 3235 5682 ccn.
3271 5642 3442 5690 xxxii,
3489 5642 3537 5686 ι,
3574 5642 3630 5688 :,
3655 5642 3708 5683 ο,

2547 5701 2594 5732 ’³
2626 5698 2907 5758 festinans.
2985 5699 3031 5730 “
3056 5708 3319 5758 moratas.
3368 5696 3413 5727 ”
3446 5695 3713 5759 γρῆάὶωὸ
