4074 6402
496 272 594 327 181

1901 253 2163 346 amni
2196 289 2393 346 raras

3637 300 3744 357 1ῑὸ

501 461 3709 515 _________________________________

1579 624 2088 718 NOTITIA
2170 628 2640 724 ALTERA

1527 806 1609 869 (D.
1647 806 1910 870 Consum,
1933 808 2159 873 Epistolis:
2181 813 2318 863 Rom.
2344 820 2499 878 parit,
2524 815 2561 877 l,
2588 817 2727 881 “8.)

553 1031 808 1098 Anterus,
844 1033 920 1087 uti
961 1034 1074 1103 jam
1106 1049 1135 1087 e
1173 1032 1433 1102 catalogis
1479 1032 1816 1099 Fossatensi,
1851 1034 2063 1092 Bucbe-
2092 1044 2133 1098 Α
2162 1037 2304 1092 sicut
2334 1045 2389 1092 et
2432 1038 2626 1091 mortis
2660 1036 2851 1092 Anteri
2900 1038 3016 1094 dies
3052 1040 3418 1095 numerandos
3459 1057 3566 1096 non
3616 1054 3737 1099 esse

483 1126 637 1179 riano
670 1127 746 1195 (in
778 1143 887 1195 quo
915 1129 1140 1180 Anteros
1170 1127 1515 1197 appellatur),
1543 1137 1597 1181 et
1629 1128 1828 1196 reginae
1860 1127 2059 1184 Sueco-

481 1234 601 1271 rum
653 1219 986 1281 audivimus.
1018 1236 1072 1274 ιι
1104 1218 1379 1273 Kalendas
1428 1218 1751 1283 Decembris,
1776 1218 1965 1275 Severo
2013 1231 2063 1276 et

483 1310 831 1375 Quintiniano
866 1313 1166 1366 consulibus
1188 1354 1204 1376 ,
1247 1313 1352 1367 boc
1398 1318 1483 1366 est
1514 1327 1660 1366 anno
1687 1312 1821 1379 255,
1858 1315 2062 1368 mensis

478 1402 800 1457 Novembris
825 1404 887 1457 2|
924 1404 1033 1468 die,
1061 1405 1338 1479 ordinatus
1364 1412 1461 1465 est,
1489 1413 1651 1473 atque
1686 1414 1743 1458 ut
1774 1404 1826 1459 in
1868 1405 2060 1460 iisdem

479 1493 742 1562 catalogis
770 1494 984 1562 legitur,
1016 1510 1185 1547 mense
1214 1510 1317 1545 uno
1345 1509 1406 1546 ac
1435 1493 1615 1546 diebus
1645 1493 1818 1545 decem
1848 1493 1901 1546 in
1924 1509 2059 1562 pon-

479 1586 685 1640 tificatu
723 1586 952 1651 exactis,
997 1586 1213 1639 dormiit
1237 1601 1296 1639 ιιι
1328 1583 1511 1639 Nonas
1539 1582 1792 1638 Januarii
1821 1583 2058 1639 Maximo

479 1677 613 1748 (leg.
658 1676 988 1744 Maximino)
1028 1686 1079 1731 et
1122 1678 1377 1746 Africano
1428 1675 1766 1742 consulibus,
1821 1676 1925 1731 hoc
1975 1686 2058 1732 est

477 1783 622 1823 anno
648 1768 775 1834 256,
805 1768 1050 1823 Januarii
1085 1769 1243 1823 tertio
1277 1769 1385 1831 die,
1432 1783 1542 1837 quo
1590 1768 1753 1821 etiam
1790 1770 2056 1823 memoria

477 1859 629 1914 illius
686 1860 740 1913 in
794 1859 1197 1931 Martyrologiis
1246 1860 1524 1915 recolitur.
1583 1857 1653 1913 Ut
1707 1868 1888 1913 autem
1953 1858 2055 1913 iste

477 1953 642 2006 unius
689 1954 897 2015 mensis
946 1969 1010 2007 ac
1057 1954 1244 2008 decem
1293 1953 1542 2020 dierum,
1575 1953 1665 2022 qui
1710 1952 1913 2006 Antero
1947 1952 2049 2005 tri-

476 2044 740 2106 buuntur,
770 2045 1013 2100 calculus
1063 2046 1220 2115 plane
1248 2045 1498 2116 quadret,
1532 2061 1585 2099 ιι
1616 2043 1887 2097 Kalendas
1921 2042 2049 2095 Dec.

481 2148 585 2203 pro
632 2150 683 2187 χι
732 2132 1006 2189 Kalendas
1064 2135 1186 2189 Dec.
1236 2135 1543 2205 legendum,
1590 2144 1665 2205 et,
1697 2132 2056 2188 ordinationis

2170 1128 2550 1184 Tillemontius
2583 1129 2853 1184 observat.
2881 1129 2937 1184 ln
2960 1142 3174 1186 vetusto
3202 1131 3517 1187 Corbelensi
3551 1136 3737 1190 codice

2168 1221 2373 1275 mensis
2412 1236 2555 1274 unus
2589 1234 2652 1274 ac
2678 1220 2794 1274 dies
2824 1222 3074 1276 undecim
3122 1224 3324 1278 Antero
3364 1225 3733 1280 ascribuntur.

2165 1308 2432 1364 Eusebius
2471 1310 2689 1379 quidem
2737 1328 2903 1365 unum
2952 1314 3218 1367 duntaxat
3252 1331 3491 1371 mensem
3527 1332 3733 1370 memo-

2165 1415 2291 1457 rat:
2324 1402 2416 1456 sed
2452 1402 2586 1455 nihil
2636 1402 2759 1457 inde
2808 1403 3070 1459 adversus
3120 1405 3243 1458 illos
3286 1406 3401 1460 dies
3426 1407 3732 1461 conficitur.

2165 1491 2633 1559 Quemadmodum
2672 1494 2815 1548 enim
2847 1494 3140 1550 historicus
3170 1495 3258 1549 ille
3289 1496 3342 1550 in
3368 1498 3490 1553 aliis
3520 1499 3735 1568 pontill-

2170 1586 2325 1640 cibus
2375 1595 2505 1655 quot
2551 1586 2782 1655 quisque
2820 1602 2994 1642 annos
3043 1589 3397 1655 apostolicam
3435 1591 3616 1644 sedem
3648 1601 3732 1645 te-

2160 1678 2360 1745 nuerit,
2392 1695 2501 1732 non
2527 1678 2800 1748 adjunetis
2826 1680 3104 1734 mensibus
3129 1690 3222 1734 aut
3250 1682 3465 1748 diebus,
3494 1683 3734 1738 indicare

2161 1770 2297 1824 satis
2342 1770 2535 1835 habet,
2565 1769 2639 1823 ita
2688 1779 2741 1823 et
2777 1770 2863 1824 hic
2915 1754 3163 1825 ubi'dies
3201 1772 3440 1839 omittit,
3498 1774 3632 1828 niliil
3662 1776 3731 1830 ab

2160 1859 2265 1914 boc
2297 1874 2449 1915 more
2475 1873 2575 1913 suo
2603 1859 2838 1913 alienum
2869 1859 3018 1913 facit.

2227 1950 2416 2005 Anteri
2451 1949 2829 2005 circumfertur
2858 1953 3017 2007 unica
3042 1953 3290 2023 epistola,
3314 1968 3436 2024 quae
3459 1952 3729 2011 Isidorum

2156 2051 2443 2114 parentem
2475 2042 2684 2097 habuit.

1595 2443 1782 2558 AN
1797 2442 2135 2556 TERI
2223 2439 2626 2553 PAPfE

1753 2666 2347 2760 EPISTOLA
2415 2648 2495 2721 (⁸)

1312 2846 1388 2902 De
1428 2856 1718 2900 mutatione
1761 2846 2119 2913 episcoporum
2160 2833 2402 2909 [aedium
2451 2833 2885 2905 episcopalium].

514 2985 889 3051 ,Charissimis
922 2984 1183 3039 fratribus
1209 2999 1304 3055 per
1358 2982 1622 3039 Baeticam
1680 2991 1843 3051 atque
1873 2980 1889 3010 ¹
1944 2977 2051 3031 To-
2082 2980 2123 3034 B
2152 2973 2284 3031 dicit
2307 2987 2428 3028 esse
2461 2968 2757 3042 superflua,
2791 2985 2941 3040 spem
2966 2985 3073 3023 non
3098 2968 3305 3026 habens
3330 2968 3396 3025 de
3426 2968 3644 3039 futuris,
3673 2982 3724 3028 et

470 3081 703 3136 letanam
735 3077 1047 3148 provincias
1084 3075 1354 3145 episcOpis
1380 3073 1728 3140 conStitutis,
1784 3070 2039 3125 ANTEBUS

466 3171 756 3243 episcopus
793 3170 845 3223 in
885 3168 1115 3222 Domino
1155 3168 1408 3222 salutem.

539 3261 819 3331 Optarem,
857 3258 1052 3313 fratres
1088 3255 1434 3319 cliarissimi,
1471 3269 1683 3325 semper
1734 3249 2041 3306 dilectionis

466 3362 523 3410 et
554 3353 703 3422 pacis
733 3363 926 3406 vestrae
966 3348 1295 3404 sinceritatis
1338 3346 1536 3420 gaudia
1567 3345 1756 3401 audire
1781 3345 1825 3406 ⁸,
1869 3344 1941 3396 ita
1983 3349 2044 3396 ut

466 3445 710 3500 vicissim
760 3440 1195 3497 discurrentibus
1239 3439 1436 3494 litteris
1501 3436 1779 3506 sospitatis
1833 3433 2039 3487 indicia

464 3535 809 3605 iuvarentur,
845 3531 890 3585 si
921 3530 1132 3599 quietos
1162 3545 1263 3584 nos
1291 3530 1360 3583 ab
1387 3528 1699 3582 incursione
1720 3539 1813 3579 sna
1844 3537 2042 3576 vacare

467 3625 643 3681 hostis
676 3625 933 3692 antiquus
960 3622 1194 3677 sineret:
1225 3622 1317 3691 qui
1347 3622 1409 3676 ab
1437 3621 1590 3675 initio
1618 3626 1845 3673 mendax
1871 3617 1915 3681 ³,
1943 3615 2042 3670 ini-

466 3717 646 3771 micus
672 3706 1198 3777 veritatis,'aamulus
1231 3712 1488 3776 hominis,
1526 3726 1688 3780 quem
1734 3718 1794 3764 ut
1821 3708 2039 3775 decipe-

466 3813 570 3869 ret,
600 3818 660 3868 se
696 3812 822 3858 ante
849 3802 1078 3872 decepit,
1108 3801 1381 3872 pudicitia:
1407 3799 1773 3864 adversarius,
1803 3797 2036 3852 luxuriae

465 3898 758 3968 magister;
785 3893 1197 3949 crudelitatibus
1224 3893 1485 3962 pascitur,
1519 3891 1842 3955 abstinentia
1874 3889 2035 3961 puni—

463 3998 585 4055 tur;
614 3987 729 4043 odit
748 3985 979 4058 jejunia,
1006 3985 1273 4073 ministris
1299 3984 1414 4041 suis
1431 3985 1873 4055 prazdicantibus,
1901 3982 2033 4037 dum

536 4146 557 4178 ³
590 4161 697 4216 non
722 4144 936 4216 probat.
969 4143 1095 4216 Ant.
1119 4144 1260 4216 Aug.
1294 4145 1349 4200 in
1378 4160 1500 4216 cap.
1525 4143 1594 4199 62
1627 4144 1752 4199 coll.
1781 4143 2006 4199 Adriani
2034 4157 2209 4214 papae.

460 4232 557 4283 xv,
588 4215 677 4270 52.
726 4213 770 4248 7'
803 4215 942 4270 idem
971 4213 1219 4269 Siricius.

2140 3064 2388 3136 Apostoli
2416 3063 2688 3119 sententia
2716 3075 3093 3130 repercussus,
3119 3061 3387 3117 dicentis:
3419 3061 3710 3117 Manduce-

2140 3175 2255 3213 mus
2303 3165 2352 3210 et
2400 3154 2666 3217 bibamus,
2702 3169 2822 3206 cras
2865 3152 3006 3204 enim
3045 3152 3332 3205 moriemur
3370 3152 3414 3206 ⁵.
3449 3152 3495 3208 Ο
3529 3152 3719 3209 infelix

2143 3247 2394 3312 audacia,
2425 3260 2459 3299 o
2479 3245 2777 3313 desperatae
2806 3242 3003 3296 mentis
3027 3242 3247 3297 astutia!
3278 3242 3395 3312 lpse
3422 3244 3565 3298 enim
3593 3244 3721 3297 bor-

2144 3348 2290 3393 tatur
2321 3337 2470 3399 odia,
2513 3344 2566 3389 et
2596 3332 2749 3404 fugat
2777 3330 3154 3388 concordiam.
3196 3331 3263 3386 Et
3302 3333 3429 3403 quia
3464 3333 3622 3389 facile
3653 3335 3721 3388 ad

2143 3431 2463 3486 deteriorem
2503 3434 2712 3497 partem
2757 3439 2911 3479 mens
2958 3425 3197 3478 humana
3241 3427 3618 3482 transducitur
3655 3428 3719 3492 .',

2143 3523 2335 3578 volens
2355 3534 2531 3588 magis
2564 3534 2659 3588 per
2690 3518 2988 3588 spatiosam
3041 3517 3182 3571 viam
3219 3517 3520 3582 ambulare,
3551 3535 3717 3590 quam

2143 3623 2310 3669 arcta:
2342 3613 2445 3666 viae
2477 3611 2579 3666 iter
2611 3627 2734 3666 cum
2765 3608 2951 3663 labore
2987 3607 3240 3662 transire.
3265 3606 3382 3674 Qua
3410 3609 3476 3664 de
3499 3626 3576 3677 re,
3602 3609 3718 3665 fra-

2141 3716 2251 3764 tres
2281 3706 2643 3771 dilectissimi,
2676 3702 2963 3759 sectamini
2995 3701 3245 3767 meliora,
3297 3711 3351 3757 et
3390 3718 3602 3773 semper
3633 3720 3720 3758 re-

2138 3799 2370 3869 linquite
2400 3797 2688 3853 deteriora.
2725 3794 2873 3850 Bona
2899 3793 3042 3864 agite
3065 3834 3079 3860 ,
3112 3792 3255 3846 mala
3284 3793 3475 3860 vitate,
3513 3801 3572 3848 ut
3597 3810 3718 3850 vero

2139 3889 2392 3960 discipuli
2423 3887 2639 3942 Domini
2661 3901 2786 3942 esse
2816 3883 3190 3939 inveniamini.

2210 3982 2287 4038 De
2314 3981 2617 4036 mutatione
2663 3992 2794 4048 ergo
2823 3976 3200 4046 episcoporum
3238 3973 3336 4046 (5),
3367 3975 3547 4031 unde“
3585 3991 3717 4032 san-

3469 4137 3492 4169 ‘
3525 4137 3546 4192 ι
3573 4138 3704 4195 Cor.

2308 4143 2330 4174 ¹
2360 4139 2590 4196 Siricius
2613 4154 2700 4210 ep.
2728 4137 2785 4192 2.
2885 4137 2906 4169 ³
2935 4134 3093 4192 Joan.
3129 4152 3250 4203 viti,
3280 4135 3371 4191 Η.

465 4329 656 4384 Exstat
685 4329 848 4384 etiam
888 4330 1106 4399 elegans
1135 4329 1471 4399 epigramma
1501 4325 1734 4399 Ausonii
1755 4324 1835 4399 ad
1878 4333 2037 4380 nota-
2062 4328 2106 4388 ε
2141 4323 2310 4399 lectos
2343 4322 2601 4399 martyrio
2628 4323 2859 4378 allicitur
2890 4322 2978 4377 die
3002 4323 3038 4376 3
3063 4320 3331 4399 Januarii,
3364 4338 3513 4378 coss.
3542 4322 3717 4379 Maxi—

464 4401 608 4454 rium
644 4414 803 4453 suum
831 4396 1090 4455 velociter
1112 4396 1494 4469 excipientem,
1518 4397 1605 4451 his
1626 4396 1875 4451 versibus
1903 4410 2037 4451 con-

466 4479 676 4525 lentum
697 4487 712 4524 :

745 4600 919 4682 Quam
946 4600 1188 4682 prwpetis
1211 4601 1411 4654 dextrae
1439 4600 1564 4682 fuga

747 4672 827 4727 Tu
873 4688 952 4726 me
974 4671 1266 4741 loquentem
1288 4670 1578 4741 praevenis!

746 4742 899 4806 Quis.
926 4739 1121 4811 quwso,
1156 4742 1271 4811 quis
1300 4756 1379 4792 nte
1410 4739 1686 4807 prodidit?

743 4813 875 4877 Quis
905 4810 1009 4865 ista
1040 4812 1155 4881 jam
1188 4811 1322 4863 dixit
1354 4810 1470 4874 tibi,

465 4932 483 4979 ᾖ
742 4882 875 4946 Quae
913 4881 1208 4952 cogitabam
1238 4881 1408 4934 dicere
1428 4882 1454 4933 γ

745 4954 878 5017 Qua:
904 4953 1046 5020 furta
1080 4949 1233 5004 corde
1258 4952 1312 5004 in
1349 4951 1538 5004 intimo

744 5021 966 5076 Exercet
1011 5021 1118 5074 ales
1145 5021 1358 5073 dextera
1377 5023 1402 5075 7

744 5091 877 5156 Quis
906 5092 1032 5145 ordo
1060 5107 1233 5144 rerum
1261 5101 1368 5142 tam
1390 5105 1572 5157 navus,

757 5161 941 5217 Veniat
974 5162 1029 5214 in
1060 5178 1214 5213 aures
1242 5171 1297 5212 ut
1328 5170 1447 5213 luas

739 5232 896 5299 Quod
918 5231 1101 5301 lingua
1136 5231 1366 5283 nondum
1397 5227 1716 5283 absolverit?

461 5368 595 5437 Qua:
631 5368 795 5439 igitur
824 5369 957 5422 Acta
1002 5376 1328 5439 martyrum,
1369 5366 1525 5439 jussu
1569 5363 1888 5439 Clementis,
1931 5382 2029 5437 per

462 5435 707 5495 statarios
755 5438 985 5492 fideliter
1033 5435 1343 5506 conscripta
1392 5435 1639 5499 fuerant',
1686 5452 1746 5490 ea
1792 5435 2028 5495 Anteros

462 5509 703 5579 pontifex
730 5508 1014 5579 diligenter
1039 5507 1390 5576 conquisivit,
1420 5514 1570 5579 etne
1609 5506 1691 5579 vel
1718 5508 2024 5579 interirent,

461 5576 546 5632 vel
587 5580 655 5633 ab
683 5578 917 5631 ethnicis
953 5586 1454 5647 corrumperentur,
1487 5577 1541 5629 in
1565 5576 1794 5632 ecclesia
1828 5593 2024 5633 recon-

460 5649 618 5704 didit.
646 5648 1010 5715 Quamobrem
1035 5647 1102 5700 ad
1130 5645 1332 5701 Julium
1359 5647 1713 5717 Maximinum
1741 5648 2024 5717 imperato-

459 5733 599 5789 rem,
631 5718 722 5789 qui
759 5717 1135 5789 sacerdotibus
1167 5726 1451 5789 cruentum
1500 5716 1699 5789 bellum
1734 5716 2022 5784 indixerat,

460 5785 693 5857 delatus,
717 5803 813 5860 per
835 5786 1162 5843 Vitalianum
1189 5797 1283 5844 aut
1305 5785 1567 5845 Sabinum
1596 5786 1871 5843 Maximini
1895 5804 2028 5860 prie-

2140 4396 2292 4462 min‘o
2330 4401 2385 4446 et
2425 4391 2703 4455 Africano,
2745 4408 2982 4462 quorum
3023 4391 3342 4462 consulatus
3382 4408 3515 4462 cum
3565 4410 3713 4447 anno

2137 4452 2343 4518 Christi
2381 4462 2488 4516 238
2533 4471 2588 4516 et
2632 4452 2779 4516 anno
2824 4463 2859 4516 2
2914 4461 3134 4531 imperii
3175 4460 3457 4515 Maximini
3505 4465 3716 4518 coinci-

2138 4536 2235 4589 dil.
2277 4533 2403 4586 Ssv.
2438 4531 2555 4584 Bm.

2176 4536 2235 4587 il.
2277 4533 2403 4586 Ssv.
2438 4533 2555 4584 Bm.

2210 4602 2286 4671 (4)
2317 4601 2583 4670 Suspecta
2615 4601 2820 4669 pariter
2868 4599 3004 4655 viris
3049 4600 3224 4656 doctis
3278 4600 3361 4655 vel
3419 4615 3487 4659 ex
3546 4616 3709 4657 unius

2140 4670 2460 4739 Hieronymi
2474 4672 2805 4739 segmentis.

2215 4743 2292 4812 (ὁ)
2334 4739 2411 4794 De
2433 4742 2722 4794 mutatione
2757 4742 3140 4812 episcoporum.
3195 4739 3445 4795 Pontifex
3468 4741 3536 4794 de
3566 4740 3711 4794 sedi-

2134 4811 2240 4867 bus
2277 4811 2687 4880 ’episeOpalibus
2735 4811 3123 4866 transferendis
3176 4820 3229 4866 ct
3278 4813 3711 4880 transmutandis

2135 4883 2438 4943 consultus,
2474 4879 2575 4934 bac
2595 4883 2823 4949 epistola
2849 4881 3028 4944 docet,
3058 4893 3112 4934 et
3135 4882 3381 4949 exemplo
3403 4879 3712 4949 Petri‘apo-

2135 4953 2258 5006 stoli
2287 4952 2626 5020 aliorumque
2657 4951 2892 5019 plurium
2938 4951 3132 5020 probat
3178 4951 3586 5004 translationem
3623 4966 3709 5002 se-

2135 5023 2222 5076 dis
2254 5021 2576 5090 episcopalis
2617 5021 2819 5075 licitam
2867 5036 3010 5083 esse,
3060 5022 3106 5075 si
3135 5021 3365 5074 utilitate
3388 5030 3442 5073 et
3471 5020 3707 5090 neeeSsi-

2137 5100 2246 5146 tate
2274 5089 2499 5146 alterius
2523 5089 2778 5145 Ecclesia:
2806 5092 3053 5160 exigente
3085 5092 3177 5145 fiat
3211 5106 3333 5144 cum
3360 5089 3706 5160 superiorum

2131 5162 2514 5231 episcoporum
2549 5161 2861 5230 cognitione
2888 5159 2941 5215 et
2960 5176 3228 5214 consensu
3251 5178 3264 5226 ;
3291 5160 3336 5231 si
3376 5175 3501 5213 vero
3527 5159 3607 5211 vel
3638 5173 3705 5231 ex

2132 5228 2382 5298 avaritia,
2435 5232 2516 5284 vel
2545 5228 2841 5285 ambitione
2867 5240 2961 5284 aut
2990 5230 3435 5299 praesumptione,
3460 5298 3463 5299 ν
3496 5228 3704 5299 acisola

2130 5302 2352 5371 propria
2380 5303 2659 5355 voluntate
2687 5298 3191 5371 episcopussedein
3229 5308 3423 5365 mutet,
3453 5298 3705 5371 illicitum

2127 5369 2248 5438 est,
2279 5380 2334 5426 et
2368 5369 2841 5441 apostolica__lege,
2872 5384 2994 5439 quae
3024 5379 3204 5424 exstat
3242 5383 3439 5441 canon.
3468 5369 3705 5441 apostol.

2132 5442 2221 5506 M,
2258 5438 2623 5497 interdictum.
2657 5438 2810 5494 Unde
2839 5438 2963 5493 cum
3002 5454 3243 5507 tempore
3286 5438 3488 5492 Nicaeni
3522 5438 3707 5491 conci-

2130 5511 2187 5564 lii
2225 5527 2288 5567 ex
2320 5512 2694 5574 Antioclieiiis,
2728 5512 2818 5565 alii
2849 5508 3145 5563 Eusebium
3173 5509 3590 5569 Caesariensem,
3611 5507 3700 5558 alii

2130 5580 2480 5636 Eustachium
2514 5579 2839 5634 Bernensem
2890 5580 3185 5634 antistitem
3239 5594 3349 5632 non
3397 5577 3514 5631 sine
3546 5577 3706 5629 turba

2128 5654 2296 5706 totius
2328 5652 2510 5721 populi
2533 5659 2864 5719 expeterent,
2922 5658 3271 5721 sacrosancta
3302 5649 3545 5721 synodus
3571 5661 3667 5699 san
3690 5671 3705 5683 -

2127 5718 2368 5776 ctissime
2399 5718 2473 5787 id,
2503 5718 2646 5789 quod
2678 5721 2745 5773 ab
2773 5721 3038 5789 apostolis
3067 5719 3420 5774 constitutum
3444 5718 3554 5789 jam
3574 5725 3703 5769 ante

2127 5791 2325 5860 fuerat,
2378 5788 2740 5857 confirmavit,
2777 5788 2845 5847 ne
2882 5789 3145 5862 episc0pi,
3196 5788 3499 5860 presb‘iteri
3538 5793 3702 5855 atque
