4074 6390
360 329 466 385 169

1859 320 2228 380 ΕῐιιετυιΑῑ

3529 314 3630 366 170
3695 393 3706 405 .

356 459 504 503 Clam
524 448 706 504 sedem
742 450 1094 520 apostolicam
1141 447 1427 502 consulere
1456 447 1726 511 voluistis,
1753 446 1946 501 scitote
1977 451 2020 502 Α
2054 437 2490 508 Ιϐςὶε.Ῑιι(Ιὶεἱιιιιι,
2517 429 3060 485 etmiserirordiumct
3081 423 3639 494 [idchlwcoportuit

356 555 481 594 eam
513 555 788 597 communi
818 541 1049 596 utilitate
1071 549 1234 610 atque
1261 538 1582 594 necessitate
1612 537 1726 592 ﬁeri
1758 538 1941 598 licere,

357 634 458 688 sed
494 647 602 686 non
632 633 789 688 libitu
822 633 1148 703 cujusquam
1180 645 1276 686 aut
1305 631 1696 686 dominatione.
1723 629 1943 691 Petrus,

359 735 592 782 sanctus
616 727 876 796 magister
904 734 1091 780 noster
1115 734 1169 780 et
1193 725 1443 794 princeps
1466 723 1859 792 apostolorum,
1885 725 1950 774 de

359 815 655 870 Antiochia
686 814 938 868 utilitatis
968 797 1137 868 causa
1169 812 1465 867 translatus
1496 817 1579 863 est
1610 810 1859 868 Romam,
1895 817 1953 860 ut

361 908 568 963 ibidem
628 907 810 977 potius
865 908 1128 976 prolicere
1176 914 1382 974 posset.
1431 902 1700 957 Eusebius
1731 903 1749 932 '-’
1814 917 1950 970 quo-

361 1014 472 1069 que
504 999 582 1068 (6)
613 999 680 1052 de
722 998 962 1067 quadam
1004 1011 1170 1066 parva
1205 994 1423 1049 civitate
1449 1033 1462 1056 ,
1522 992 1820 1062 apostolica
1849 1007 1950 1044 au-

364 1090 642 1154 ctoritate,
667 1098 908 1144 mutatus
930 1097 1012 1143 est
1043 1088 1065 1118 ⁸
1097 1087 1502 1141 Alexandriam.
1555 1083 1816 1138 Similiter
1846 1082 1951 1137 Fe-

364 1178 488 1233 lix’
531 1179 598 1234 de
651 1179 894 1244 civitate,
949 1193 1056 1248 qua
1113 1177 1398 1231 ordinatus
1431 1183 1550 1230 erat
1580 1175 1844 1230 electione
1878 1174 1956 1228 ci-

364 1271 543 1336 vium,
593 1277 816 1340 propter
861 1269 1163 1323 doctrinam
1217 1277 1270 1321 et
1314 1268 1512 1321 bonam
1574 1265 1739 1319 vitam
1789 1279 1954 1335 quam

369 1361 634 1424 habebat,
668 1359 949 1413 communi
979 1359 1361 1428 episcoporum
1397 1366 1450 1411 et
1491 1356 1827 1425 reliquorum
1863 1369 1957 1409 sa—

367 1451 660 1504 cerdotum
711 1463 775 1503 ac
828 1447 1156 1518 populorum
1197 1446 1452 1511 consilio,
1517 1448 1818 1501 translatus
1872 1454 1960 1500 est

367 1539 672 1611 Ephesum.
695 1538 814 1593 Non
833 1541 977 1594 enim
1000 1539 1195 1594 transit
1214 1539 1280 1593 de
1305 1539 1524 1593 civitate
1545 1537 1610 1592 ad
1635 1537 1911 1594 civitatem
1939 1577 1955 1604 ,

367 1633 468 1701 qui
493 1647 600 1687 non
625 1645 727 1688 suo
755 1632 911 1688 libitu
943 1642 1037 1686 aut
1060 1631 1268 1687 ambitu
1295 1632 1399 1686 hoc
1415 1629 1563 1698 facit,
1595 1631 1690 1686 sed
1724 1631 1960 1687 utilitate

368 1725 610 1796 quadam
629 1734 724 1780 aut
743 1725 1070 1782 necessitate
1095 1723 1399 1790 aliorum“,
1421 1724 1637 1780 hortatu
1655 1731 1710 1779 et
1729 1725 1961 1779 consilio

2052 533 2246 601 facere,
2269 538 2315 580 et
2345 527 2442 581 illa
2467 541 2567 578 non
2595 521 3032 576 omittere.l)uccs
3058 519 3203 572 cirri.
3228 517 3523 571 cxcolantcs
3547 534 3641 570 cu-

2058 624 2232 685 licem,
2259 619 2514 673 ramelum
2539 629 2714 670 autem
2742 611 3259 686 glutienles”.Quod
3283 611 3408 665 licet
3441 624 3550 664 non
3577 609 3646 662 li-

2053 724 2137 768 cet
2158 715 2197 743 ”
2223 710 2468 780 ;ctquod
2500 725 2606 763 non
2628 707 2771 770 licet,
2794 705 2985 759 licet”.
3010 700 3480 768 Quemadmodum
3510 699 3642 755 Jan-

2055 822 2150 859 nes
2175 814 2229 858 et
2252 803 2527 856 Mambres
2546 799 2866 854 restiterunt
2886 796 3127 860 veritati,
3151 795 3231 847 sic
3257 793 3432 857 etilli,
3466 800 3648 848 mente

2054 896 2289 965 reprobi,
2305 902 2548 948 amantes
2571 891 2900 958 voluptatem
2922 888 3094 958 magis
3111 901 3272 956 quam
3296 883 3644 952 Deum,quod

2057 989 2178 1042 licet
2203 1030 2218 1052 ,
2249 987 2449 1041 docent
2479 1000 2588 1037 non
2618 983 2779 1036 licere
2799 1023 2814 1047 ,
2847 981 2898 1035 id
2947 990 3030 1035 est
3050 1021 3066 1046 ,
3098 981 3384 1048 episcopos
3413 977 3650 1047 migrare

2056 1083 2124 1136 de
2147 1080 2365 1134 civitate
2389 1076 2455 1132 ad
2480 1076 2780 1142 civitatem,
2807 1081 3106 1143 praelaxato
3136 1072 3332 1136 modo;
3363 1069 3510 1139 quod
3539 1084 3648 1122 non

2057 1173 2205 1239 licet,
2236 1173 2438 1226 docent
2459 1171 2645 1234 licere,
2678 1167 2730 1221 id
2752 1175 2855 1233 est,
2882 1163 3314 1220 misericordiam
3345 1177 3453 1216 non
3489 1176 3652 1231 agere

2057 1265 2208 1320 circa
2243 1264 2511 1334 patientes
2545 1259 2928 1315 necessitatem
2960 1298 2975 1321 ,
3021 1257 3126 1311 hoc
3153 1265 3266 1320 est,
3300 1255 3382 1309 eis
3410 1254 3504 1324 qui
3536 1253 3653 1324 epi-

2059 1371 2288 1427 scopum
2316 1354 2674 1419 non.habent,
2701 1363 2933 1408 etsacro
2964 1349 3259 1418 episcopali
3285 1348 3529 1418 indigent
3549 1347 3653 1399 mi-

2059 1447 2311 1512 nisterio,
2352 1446 2671 1516 episcopum
2705 1443 2773 1500 de
2796 1445 2904 1498 alia
2933 1442 3156 1496 civitate
3186 1455 3354 1494 causa
3402 1438 3654 1493 utilitatis

2060 1540 2148 1595 vel
2173 1537 2522 1594 necessitatis
2547 1536 2711 1591 tribui
2749 1553 2762 1590 :
2799 1545 2854 1590 et
2901 1532 3176 1605 episcopis
3217 1529 3652 1601 persecutionem

2062 1640 2159 1687 aut
2182 1630 2568 1686 necessitatem
2598 1628 2953 1700 patientibus,
2997 1626 3159 1680 aliam
3191 1623 3508 1679 cathedram
3536 1622 3655 1678 dari

2061 1729 2280 1794 negant.
2313 1720 2710 1776 (Iontradicunt
2735 1719 2898 1773 etiam
2930 1733 3100 1773 sacra:
3126 1716 3419 1786 Scriptum
3442 1716 3507 1783 “,
3536 1729 3656 1784 qua-

372 1819 650 1887 potiorum
683 1816 1030 1872 transfertur.
1062 1813 1176 1871 Nec
1211 1815 1542 1873 transfertur
1569 1816 1636 1872 de
1653 1817 1853 1872 minori
1875 1818 1958 1873 ci.
1992 1837 2034 1895 ῃ
2064 1825 2293 1874 testatur
2317 1814 2476 1868 malle
2493 1813 2658 1868 Deum
2685 1813 3099 1868 misericordiam
3121 1827 3280 1881 quam
3303 1809 3568 1880 judicium
3585 1809 3654 1861 ⁸⁸.

369 1911 543 1966 vitate
574 1910 641 1966 ad
671 1911 936 1981 majorem
965 1910 1060 1980 qui
1088 1909 1190 1964 hoc
1219 1924 1326 1963 non
1349 1909 1558 1963 ambitu
1589 1924 1689 1964 nec
1740 1909 1960 1980 propria

372 2005 656 2060 voluntate
685 2001 834 2070 facit,
865 2002 959 2058 sed
986 2014 1081 2056 aut
1107 2002 1160 2056 vi
1189 2017 1218 2055 a
1241 2003 1460 2072 prepria
1489 2001 1617 2056 sede
1639 2002 1964 2072 pulsus,aut

374 2095 707 2150 necessitate
733 2106 981 2160 coactus,
1007 2101 1102 2148 aut
1125 2093 1358 2147 utilitate
1383 2093 1485 2147 loci
1506 2103 1600 2147 aut
1622 2093 1826 2162 populi,
1854 2107 1963 2147 non

375 2188 636 2256 superbe,
694 2186 789 2241 sed
823 2201 948 2241 cum
1005 2185 1344 2250 humilitate,
1379 2185 1448 2238 ah
1499 2185 1624 2239 aliis
1670 2185 1965 2239 translatus

378 2289 436 2332 ct
465 2279 868 2334 inthronizatus
897 2286 1008 2343 est;
1042 2277 1170 2346 quia
1195 2276 1360 2330 homo
1383 2276 1529 2330 videt
1555 2277 1608 2330 iu
1643 2275 1800 2340 facie,
1827 2276 1968 2332 Deus

376 2380 564 2426 autem
594 2371 649 2425 in
682 2371 864 2425 corde.
901 2368 967 2424 Et
996 2369 1265 2426 Dominus
1297 2384 1394 2438 per
1421 2367 1748 2438 Prophetam
1782 2369 1964 2439 loqui-

380 2476 471 2518 tur
511 2463 739 2518 dicens:
795 2460 1053 2515 Dominus
1113 2465 1212 2514 scit
1273 2460 1626 2530 cogitationes
1674 2461 1965 2525 hominum,

378 2555 635 2623 quoniam
665 2569 813 2607 vana:
845 2562 967 2605 sunt
1007 2553 1070 2606 “.
1104 2548 1224 2604 Non
1259 2564 1389 2618 ergo
1418 2559 1589 2604 mutat
1627 2550 1808 2604 sedem
1831 2589 1844 2610 ,
1876 2551 1968 2619 qui

381 2659 494 2699 non
517 2654 697 2698 mutat
751 2653 1008 2699 mentem.
1041 2641 1153 2697 Nec
1196 2650 1370 2694 mutat
1396 2641 1694 2706 civitatem,
1724 2640 1816 2710 qui
1863 2656 1971 2694 non

381 2751 483 2790 sua
518 2744 736 2806 sponte,
763 2736 856 2791 sed
881 2735 1116 2792 consilio
1146 2741 1201 2788 et
1229 2732 1494 2787 electione
1522 2731 1755 2786 aliorum
1789 2740 1969 2787 muta-

382 2837 475 2881 tur
509 2828 573 2892 “.
618 2825 735 2881 Non
795 2842 926 2898 ergo
975 2829 1174 2897 migrat
1221 2824 1288 2881 de
1313 2825 1536 2881 civitate
1571 2823 1639 2879 ad
1672 2823 1969 2886 civitatem,

381 2919 481 2989 qui
520 2934 627 2974 non
653 2918 898 2973 avaritia:
944 2933 1132 2983 causa,
1165 2933 1266 2973 nec
1297 2926 1491 2989 sponte
1521 2915 1746 2970 dimittit
1776 2930 1970 2981 suam;

382 3013 483 3067 sed
530 3012 745 3081 (utjam
794 3011 999 3066 dictum
1043 3013 1148 3080 est)
1177 3019 1272 3064 aut
1306 3011 1498 3081 pulsus
1531 3026 1562 3064 a
1585 3010 1714 3065 sede
1753 3024 1852 3064 sua
1882 3015 1978 3063 aut

387 3105 718 3161 necessitate
763 3111 1020 3167 coactus,
1053 3113 1147 3157 aut
1178 3103 1444 3158 electione
1493 3113 1547 3158 et
1599 3101 1978 3157 exhortatione

2123 1906 2299 1974 (Quas,
2331 1923 2548 1978 precor,
2584 1907 2760 1978 major
2792 1907 3052 1972 charitas,
3081 1915 3178 1959 aut
3210 1903 3358 1973 quod
3381 1901 3658 1957 efficacius

2066 2001 2287 2071 pietatis
2339 2001 2706 2071 patrocinium
2746 2007 2926 2070 potest
2977 2014 3005 2052 a
3039 2012 3321 2069 quoquam
3357 1997 3522 2050 alicui
3555 1995 3660 2048 im-

2068 2093 2250 2162 pendi,
2292 2109 2458 2163 quam
2511 2093 2558 2146 si
2591 2092 2918 2163 ignorantiae
2967 2091 3224 2147 tenebras
3277 2102 3332 2145 et
3374 2090 3660 2160 imperitia:

2069 2184 2354 2254 caliginem
2387 2185 2456 2237 ab
2486 2201 2552 2239 eo
2581 2184 2828 2254 repellat,
2878 2199 2944 2238 ac
2972 2183 3193 2237 demum
3236 2197 3376 2237 verte
3405 2183 3528 2235 fidei
3558 2183 3660 2234 ilo-

2071 2278 2262 2332 ctrinae
2293 2277 2515 2348 pabulo,
2565 2293 2672 2331 non
2718 2280 2784 2331 ad
2816 2286 3112 2346 quzestum,
3168 2290 3275 2328 non
3308 2274 3374 2330 ad
3408 2273 3661 2328 ambitio-

2071 2386 2217 2435 nem,
2260 2370 2355 2426 sed
2391 2371 2456 2424 ad
2486 2369 2855 2424 eruditionem
2885 2377 2942 2422 et
2967 2368 3382 2423 aedificationem
3414 2366 3661 2422 reficiat?

2073 2461 2359 2532 Tanquam
2391 2463 2537 2514 cnim
2571 2461 2763 2515 mutilo
2796 2461 2854 2514 fit
2892 2475 3112 2522 manus,
3158 2459 3351 2512 claudo
3381 2473 3494 2526 pes,
3538 2474 3662 2511 ocu-

2075 2554 2158 2608 lus
2186 2570 2325 2608 careo
2357 2555 2424 2619 ²¹,
2483 2555 2576 2623 qui
2627 2553 2947 2622 ignorantiae
2987 2552 3224 2607 tenebris
3263 2551 3544 2614 obvoluto,
3575 2566 3663 2603 sa-

2075 2645 2290 2714 pientiae
2325 2655 2379 2699 et
2409 2645 2652 2700 scicntia:
2686 2643 3003 2698 thesaurum
3032 2651 3261 2704 reserat,
3290 2649 3346 2696 et
3369 2641 3662 2695 candorem

2078 2736 2215 2790 lucis
2242 2736 2471 2805 viasque
2506 2734 2722 2789 Domini
2751 2735 3061 2806 henigniter
3089 2733 3267 2803 aperit
3293 2734 3386 2803 ²².)

2151 2825 2409 2898 Utrisque
2455 2841 2660 2892 autem,
2704 2828 2758 2882 id
2819 2837 2902 2884 est
2928 2839 2980 2882 et
3017 2827 3217 2881 famem
3251 2827 3400 2881 verbi
3450 2825 3542 2880 Dei
3571 2841 3666 2894 pa-

2078 2920 2364 2985 tientibus,
2411 2930 2465 2976 et
2514 2921 2787 2991 episcopis
2833 2921 3254 2982 necessitatem,
3309 2919 3532 2989 quando
3583 2922 3666 2972 iu-

2081 3012 2462 3067 thronizautur
2500 3024 2719 3083 propter
2761 3028 3110 3068 communem
3141 3013 3431 3067 utilitatem
3461 3011 3516 3066 in
3542 3012 3666 3066 aliis

2080 3104 2415 3169 civitatibus,
2439 3124 2543 3160 non
2574 3108 2784 3162 modica
2813 3108 3102 3162 exhibetur
3130 3106 3527 3161 misericordia.
3556 3104 3665 3159 Ne-
3755 3147 3758 3152 .

385 3195 738 3250 sacerdotum
774 3203 830 3250 et
854 3194 1202 3265 pepulorum,
1257 3195 1554 3249 translatus
1609 3201 1694 3248 est
1733 3193 1799 3247 ad
1852 3192 1980 3246 alte-
2006 3198 2053 3259 ο
2084 3208 2276 3268 gantes
2293 3211 2472 3255 autem
2503 3201 2637 3265 haec,
2658 3201 2783 3256 licet
2808 3203 3029 3270 speciem
3048 3201 3276 3255 [iubeant
3302 3203 3538 3271 pietatis,
3561 3204 3666 3255 vir-

389 3304 510 3342 um
543 3288 845 3343 civitatem.
879 3286 1014 3341 Nam
1045 3287 1188 3342 sicut
1217 3286 1456 3357 episcopi
1491 3287 1693 3341 habent
1735 3293 1978 3355 potesta-

385 3392 501 3438 tem
548 3381 806 3436 ordinare
840 3380 1166 3451 regulariter
1217 3379 1502 3448 episcopos
1531 3389 1584 3433 ct
1614 3378 1854 3448 reliquos
1893 3393 1986 3433 sa-

390 3474 648 3529 cerdotes
675 3472 740 3538 ¹³,
787 3475 868 3527 sic
915 3472 1132 3541 quoties
1165 3472 1372 3526 utilitas
1402 3480 1496 3525 aut
1530 3474 1832 3526 necessitas
1854 3485 1982 3525 coe—

389 3565 534 3636 gerit
561 3565 624 3628 ιδ,
658 3563 978 3634 supradicto
1012 3564 1177 3617 modo
1205 3574 1260 3618 et
1287 3573 1499 3618 mutare
1528 3574 1581 3618 et
1614 3562 1984 3617 inthrouizare

391 3665 720 3728 potestatem
788 3656 1010 3710 habent.
1056 3655 1183 3712 Haec
1227 3667 1287 3711 ut
1326 3655 1593 3726 petiistis,
1658 3655 1782 3710 licet
1831 3655 1982 3710 vobis

390 3746 723 3816 incognita"
751 3761 860 3800 non
891 3746 1020 3809 sint,
1061 3747 1289 3800 tenenda
1315 3745 1662 3807 mandamus,
1711 3760 1779 3798 ne
1823 3746 1980 3815 igno—

392 3840 576 3893 rantia
601 3838 968 3908 quorumdam
993 3878 1008 3905 ,
1040 3837 1265 3892 meliora
1296 3848 1349 3892 et
1391 3838 1608 3892 utiliora
1644 3839 1902 3901 vitentur,
1929 3846 1984 3891 et

391 3932 678 3987 inutiliora
713 3938 1026 3994 sumantur,
1060 3929 1203 3984 sicut
1253 3931 1306 3983 in
1355 3939 1547 3985 sancto
1573 3928 1772 3998 legitur
1800 3926 1976 3981 Evan-

391 4025 538 4094 gelio
571 4043 584 4078 :
616 4021 704 4079 Vas
733 4021 899 4087 vobis,
921 4021 1228 4092 Iiypocritw,
1252 4023 1376 4092 quia
1399 4023 1668 4074 decimatis
1695 4021 1977 4087 manilium,

390 4129 445 4169 et
462 4115 785 4180 anethum,et
801 4114 1146 4178 cuminum,e(
1170 4113 1456 4183 reliquistis
1472 4127 1587 4181 qua:
1597 4113 1840 4182 gratiora
1859 4122 1981 4165 sunt

471 4213 493 4242 ⁵
527 4210 577 4263 7.
607 4227 662 4280 q.
688 4209 748 4264 1:
783 4208 1108 4263 Mutationes
1140 4209 1540 4280 episcoporum.
1569 4210 1634 4262 Et
1675 4209 1728 4261 in
1772 4209 1920 4266 decr.
1970 4209 2116 4266 lvon.
2154 4214 2248 4266 lib.
2288 4226 2368 4268 ιιι.

393 4277 639 4336 ἱὶεόειιιῘ
695 4281 738 4312 ⁸³
776 4280 1006 4350 apostol.
1045 4277 1179 4332 can.
1203 4279 1288 4350 14.
1330 4277 1408 4350 ’3‘
1433 4277 1635 4350 Psalm.
1663 4294 1852 4343 xcxm,
1883 4282 1959 4333 ll.

393 4347 827 4453 episcoporumf
923 4350 966 4381 ³⁵
990 4349 1332 4418 exposcerit;
1373 4348 1442 4401 ita
1475 4357 1527 4401 et
1558 4347 1692 4400 Luc.

401 4424 419 4454 ι
484 4421 766 4454 Ρηιιιιιιίηο
797 4421 850 4454 in
890 4420 1016 4454 Annl
1067 4435 1166 4454 nu-n
1194 4418 1525 4454 Qunnnnnlin
1550 4434 1684 4454 unum

484 4418 768 4476 Enuodius
797 4421 850 4474 in
883 4420 1040 4488 Apol.
1067 4435 1166 4488 pro
1194 4418 1525 4489 Symmacho
1550 4434 1708 4487 papa.

396 4492 596 4546 eodem
645 4508 750 4547 ms.
785 4493 985 4545 desunt
1023 4489 1382 4560 quaransulis
1409 4489 1616 4560 clausa.

395 4563 526 4617 loco
571 4577 736 4632 supra
778 4564 964 4616 citato.

1771 4351 1812 4380 ¹³
1844 4353 2060 4418 ignota,
2101 4353 2171 4408 ita
2198 4351 2267 4406 in
2298 4353 2432 4407 Luc.

1817 4421 1858 4450 “’
1886 4421 2024 4475 Osce
2078 4439 2156 4486 vn,
2199 4427 2251 4475 ti.

1695 4490 1740 4521 ³³
1780 4489 1820 4543 ll
1853 4489 1990 4544 Tun.
2026 4508 2106 4557 ιιι,
2143 4495 2196 4547 5.

1068 4560 1115 4592 ¹⁴⁶
1157 4558 1208 4614 7.
1238 4576 1292 4629 q.
1326 4560 1347 4612 1
1390 4579 1402 4614 :
1433 4558 1759 4616 Mutationes
1791 4561 2197 4631 episcoporum.

2089 3296 2251 3342 tutem
2285 3299 2456 3344 tamen
2504 3291 2618 3360 ejus
2669 3291 2929 3362 abnegant
2961 3293 3029 3348 ³³.
3084 3291 3219 3346 Nam
3251 3294 3303 3346 in
3331 3293 3422 3347 tali
3451 3295 3668 3364 negotio

2089 3380 2401 3450 prosapiam
2433 3381 2478 3413 “
2507 3396 2614 3436 non
2639 3397 2877 3452 agnosco
2902 3385 2983 3450 ²⁵;
3016 3383 3061 3439 si
3083 3384 3210 3453 quis
3235 3392 3416 3440 tamen
3441 3387 3667 3455 sapiam

2090 3469 2249 3531 tium,
2279 3485 2418 3540 quos
2448 3471 2833 3540 insipientibus
2864 3474 3206 3542 tempestatis
3243 3473 3407 3543 hujus
3429 3476 3669 3545 proceila

2092 3561 2214 3617 aliis
2245 3562 2476 3617 sociavit
2509 3563 2850 3626 auctoribus,
2901 3563 3205 3620 facinorum
3253 3565 3669 3635 participatione

2092 3654 2420 3720 maculatur,
2472 3657 2730 3725 Splendor
2771 3657 3054 3725 sapientis,
3097 3658 3200 3712 etsi
3226 3659 3668 3713 communionem

2090 3747 2382 3802 criminum
2413 3748 2667 3815 incurrit,
2707 3753 2882 3806 nescit
2911 3761 3091 3806 tamen
3119 3752 3312 3806 ducem
3346 3767 3403 3806 se
3429 3755 3672 3821 praeiere

2091 3839 2465 3907 peccantibus.
2524 3841 2642 3894 Alia
2670 3857 2890 3911 quoque
2915 3851 3000 3897 est
3022 3857 3188 3897 causa
3218 3843 3466 3898 utilitatis
3495 3855 3544 3898 et
3579 3863 3670 3896 nc-

2087 3931 2380 3995 cessitatis,
2407 3933 2581 3988 etalia
2606 3934 2846 3988 avaritiae
2869 3943 2923 3988 et
2954 3935 3671 4004 praesumptionis,autpro-

2090 4023 2222 4093 prim
2251 4025 2564 4079 voluntatis.
2602 4026 2860 4080 Avaritia:
2889 4044 3108 4097 quoque
3141 4043 3307 4082 causa
3325 4029 3391 4092 ",
3424 4028 3506 4081 vel
3534 4044 3672 4097 pra:-

2090 4118 2441 4188 sumptionis,
2491 4126 2586 4171 aut
2631 4119 2864 4188 propria:
2895 4118 3212 4184 voluntatis,
3255 4133 3363 4172 non
3397 4128 3525 4173 sunt
3553 4121 3671 4188 epi-

2445 4216 2467 4283 τ
2498 4214 2716 4283 ignotus
2749 4213 2882 4266 viris
2926 4212 3122 4283 doctis.
3198 4212 3220 4244 ⁸
3248 4213 3325 4283 in.
3349 4214 3422 4283 η’
3457 4212 3671 4283 ignotus

2079 4284 2120 4314 ¹²
2154 4283 2334 4352 κρίσει
2360 4281 2564 4336 πολλῶν
2599 4283 2930 4337 ἐπισκόπων.
3011 4282 3055 4314 ¹³
3089 4281 3139 4336 7.
3163 4282 3306 4352 q.1:
3345 4281 3673 4340 Muta'tiones

2101 4353 2171 4408 ita
2215 4355 2267 4406 in
2298 4353 2432 4407 Luc.
2512 4353 2555 4384 ¹⁶
2584 4351 2776 4406 Matth.
2807 4369 2944 4408 xxn.
2968 4353 3060 4408 ‘25.
3083 4353 3174 4407 9.4.
3251 4355 3295 4387 ³⁷
3332 4352 3375 4408 Il
3400 4353 3543 4408 Tim.
3585 4371 3666 4408 ιιι.

2384 4370 2432 4407 c.
2512 4370 2555 4384 ιν
2584 4370 2776 4406 mauu.
2807 4370 2944 4417 χχιι,
2968 4370 3060 4419 as,
3083 4370 3174 4407 ιιι.
3252 4370 3290 4387 ι’
3332 4370 3373 4408 ιι
3401 4370 3543 4408 11m.
3585 4371 3666 4409 ιιι.

2381 4423 2427 4454 ⁹⁰
2453 4422 2809 4478 sacrificium.
2911 4426 2953 4454 ²¹
2996 4423 3120 4477 Job.
3152 4440 3305 4489 xxnx,
3339 4424 3425 4478 15.
3531 4427 3575 4456 "
3616 4427 3668 4478 in

2294 4493 2340 4525 ³⁸
2378 4494 2651 4562 propriam
2685 4493 3014 4564 prosapiam.
3120 4495 3165 4526 "
3208 4495 3348 4549 idem
3389 4493 3671 4552 EIIDOdiUS

399 4680 626 4750 diaconi
674 4680 741 4735 de
776 4677 1007 4750 ecclesia
1061 4678 1114 4732 in
1150 4693 1258 4750 qua
1285 4677 1521 4732 ordinati
1549 4687 1702 4750 sunt,
1726 4679 1785 4750 in
1820 4679 1980 4732 aliam
2020 4687 2060 4740 ι)
2089 4678 2434 4736 Sardicensis
2462 4679 2838 4745 decreverunt,
2868 4691 2927 4734 ut
2957 4681 3092 4736 tales
3119 4681 3395 4750 deinceps,
3425 4696 3533 4736 non
3560 4691 3674 4735 tan-

398 4749 828 4810 transferantur,
867 4748 975 4802 nisi
1016 4749 1316 4804 necessitas
1364 4750 1444 4801 vel
1475 4749 1698 4803 evidens
1725 4748 1984 4804 Ecclesia:

396 4823 614 4877 utilitas
684 4819 816 4888 illud
863 4818 1124 4888 requirat.
1180 4817 1315 4873 Nam
1344 4828 1405 4872 ut
1431 4818 1593 4872 alicui
1625 4819 1740 4872 sedi
1773 4820 1841 4874 ab
1871 4820 1984 4873 hzes

400 4893 590 4946 reticis
618 4883 1002 4962 pessfuudatae,
1036 4889 1284 4962 insignis
1313 4889 1512 4958 aliquis
1543 4889 1770 4962 alterius
1794 4889 1981 4944 Eccle-

398 4963 499 5018 sia:
529 4958 1197 5032 episcopusiprrzeficiatur,
1237 4960 1288 5012 id
1324 4976 1430 5014 non
1466 4959 1633 5032 inon
1659 4975 1768 5032 non
1793 4968 1982 5032 sancta

397 5027 648 5103 synodus
673 5027 970 5103 prohibuit,
991 5029 1083 5103 sed
1110 5046 1139 5082 c
1163 5037 1351 5103 contra
1377 5029 1556 5103 potius
1577 5027 1636 5103 id
1670 5027 1976 5103 faciendum

397 5098 529 5158 esse
552 5098 806 5170 EXClliplO
832 5100 1070 5170 edocuit,
1123 5115 1247 5153 cum
1292 5098 1528 5154 Eusebio
1572 5098 1977 5170 Nicomediensi

397 5181 460 5227 et
487 5169 803 5242 Theognide
836 5169 1067 5242 Nicaeuo
1094 5171 1364 5242 episcOpis
1396 5169 1617 5242 Aria‘nis
1666 5169 1980 5242 insigniori-

399 5243 510 5298 bus
543 5239 826 5311 depositis,
877 5242 932 5294 in
978 5239 1158 5311 sedem
1209 5239 1451 5311 ipsorum
1486 5239 1715 5311 aliarum
1769 5240 1978 5311 sedium

399 5309 680 5367 antistites
708 5312 1059 5366 suffecerunt.
1113 5309 1176 5364 Et
1205 5311 1331 5379 quia
1359 5309 1579 5364 Eusebii
1604 5309 1982 5364 Nicomedien-

399 5385 485 5440 sis
537 5383 776 5436 hominis
816 5380 1042 5450 inquieti
1089 5389 1138 5434 et
1181 5381 1454 5436 ambitiosi
1505 5380 1618 5449 (qui
1667 5388 1789 5450 post
1843 5379 1982 5434 duas

398 5453 564 5509 sedes
591 5460 828 5506 mutatas
856 5451 1388 5521 Constantinopolim
1417 5450 1788 5521 se_traﬁnsferri
1819 5464 1979 5521 cura-7

399 5523 502 5592 vit)
539 5523 810 5592 exemplo,
859 5520 1172 5592 frequenter
1223 5519 1294 5573 ab
1319 5519 1538 5592 Arianis
1571 5520 1756 5592 fiebat,
1801 5527 1862 5592 ut
1886 5519 1980 5590 qui

401 5589 662 5646 humanae
683 5589 871 5662 gloriae
895 5589 1119 5662 libidine
1140 5591 1388 5662 incitati,
1421 5589 1740 5662 muneribus
1772 5590 1840 5644 ad
1865 5605 1984 5662 tua:

395 5665 552 5734 jores
593 5659 1028 5734 sed—esprorehi
1084 5661 1414 5724 laborarent,
1468 5659 1537 5713 iis
1574 5660 1845 5734 episcopis
1886 5659 1982 5730 qui

402 5731 712 5801 majoribus
741 5731 1055 5786 civitatibus
1097 5741 1385 5801 praeerant,
1431 5733 1710 5801 negotium
1755 5732 1985 5801 facesse-

403 5800 557 5870 rent;
622 5803 746 5859 ideo
766 5801 956 5856 Patres
1000 5800 1334 5856 sacrosancti
1386 5800 1710 5856 meumenici
1763 5800 1982 5854 concilii

731 5921 1009 5981 Pnaoa.
1054 5920 1171 5980 Gn.
1197 5990 1208 5998 l
1234 5921 1317 5984 Χ,

2090 4750 2401 4821 ιιιιιιίὶιιιειι
2450 4751 2736 4821 cpisc0pos
2783 4767 2890 4805 non
2937 4762 3398 4815 numerarentur,
3463 4753 3555 4807 sed
3605 4754 3673 4807 ab

2087 4820 2239 4875 omni
2267 4820 2499 4890 penitus
2522 4822 2731 4876 ordinis
2757 4822 3116 4877 ecclesiastici
3148 4823 3316 4891 gradu
3350 4821 3566 4890 dejecti,
3597 4824 3674 4876 in-

2091 4899 2171 4945 ter
2214 4891 2383 4962 laicos
2428 4901 2927 4962 commorarentur,
2978 4891 3090 4946 imo
3139 4907 3208 4946 ne
3261 4892 3397 4962 laica
3443 4892 3671 4962 quidem

2089 4961 2476 5016 communione
2498 4962 2553 5015 in
2580 4961 2685 5015 fine
2713 4964 2836 5017 vita:
2876 4963 3302 5031 impartirentur.
3334 4961 3511 5014 Barou
3537 4977 3667 5016 ann.

2090 5031 2297 5086 Christi
2323 5031 2452 5094 524,
2490 5047 2642 5086 num.
2678 5033 2817 5100 155;
2854 5047 2997 5086 anno
3019 5032 3144 5098 325,
3174 5048 3328 5087 num.
3357 5031 3495 5098 153;
3541 5032 3668 5088 item

2088 5116 2234 5155 anno
2263 5101 2388 5168 ΞΗ,
2423 5117 2576 5157 num.
2607 5101 2697 5156 46.
2725 5101 2851 5157 Ssv.
2882 5101 2998 5156 Bm.

2159 5170 2236 5244 (6)
2268 5170 2536 5244 Eusebius
2575 5189 2798 5244 quoque.
2853 5172 2952 5244 Hic
2983 5179 3068 5244 est
3095 5171 3221 5244 _ill_e_
3247 5169 3515 5225 Eusebius
3541 5172 3669 5227 Ale-

2091 5240 2390 5313 xandrinus
2414 5240 2725 5312 episcopus,
2773 5243 2866 5313 qui
2914 5241 3132 5311 scripsit
3159 5240 3227 5294 18
3257 5255 3540 5313 sermones
3571 5259 3672 5296 nu-

2090 5327 2185 5381 per
2210 5311 2264 5364 in
2295 5311 2672 5382 vetustissimo
2701 5311 2840 5368 libro
2871 5313 3212 5382 bibliotheca;
3251 5311 3463 5382 Cryptaa
3493 5311 3669 5367 ferra—

2092 5393 2178 5447 tae,
2201 5390 2262 5435 ut
2287 5390 2516 5438 testatur
2543 5381 2848 5437 Turrianus
2873 5397 2992 5452 cap.
3024 5381 3113 5448 12,
3139 5381 3366 5452 libroin,
3399 5392 3670 5450 .nveutos,

2090 5452 2146 5506 in
2169 5466 2404 5523 quorum
2444 5468 2555 5507 uno
2595 5467 2768 5523 quem
2801 5453 2867 5506 de
2899 5451 3236 5523 Ascensione
3283 5451 3500 5506 Domini
3536 5454 3673 5509 scri-

2089 5521 2218 5592 psit,
2250 5537 2384 5577 usus
2409 5531 2492 5577 est
2520 5521 2689 5577 verbo
2722 5521 3024 5586 Homousii,
3073 5524 3215 5590 quod
3245 5533 3469 5578 sanctus
3500 5523 3672 5576 Atha-

2090 5591 2366 5662 nasiusiu
2399 5594 2557 5662 epist.
2587 5594 2652 5646 ad
2691 5591 2976 5662 Africanos
3027 5592 3103 5646 ait
3133 5609 3238 5647 non
3273 5595 3441 5647 fuisse
3473 5593 3526 5646 in
3543 5606 3672 5662 syn-

2089 5664 2197 5717 odo
2265 5661 2482 5717 Nicania
2517 5663 2821 5727 inventum,
2876 5661 2971 5716 scd
3014 5665 3167 5731 prius
3208 5662 3378 5718 fuisse
3407 5663 3570 5731 etiam
3601 5662 3671 5712 ab

2090 5733 2362 5802 episcopis
2411 5731 2758 5787 Alexandria:
2807 5730 3152 5802 usurpatum,
3207 5734 3273 5786 ad
3323 5730 3668 5802 asserendam

2091 5797 2296 5858 contra'
2316 5803 2600 5858 haereticos
2632 5797 3256 5857 consubstantialitatem
3294 5802 3415 5856 Filii
3450 5797 3565 5854 Dei.

3321 5919 3360 5979 6
