4034 6376
409 262 502 315 i'ii

1793 264 2050 320 ANTERI
2094 265 2294 321 ΡΛΡᾸΞ

3570 270 3675 327 172

400 383 551 450 scopi
578 362 822 436 m‘utandi
855 381 923 436 de
953 382 1171 436 civitate
1202 382 1268 437 ad
1302 384 1600 445 cititatem,
1653 385 1747 439 sed
1774 385 1976 440 utilita-
2004 393 2049 448 Α
2079 397 2160 440 tus
2194 387 2237 417 ⁸³
2276 396 2353 441 est
2416 387 2469 440 in
2498 388 2716 440 naribus
2760 388 2978 451 nostris,
3030 397 3079 442 et
3123 405 3293 443 sermo
3332 388 3567 444 scintilla
3601 391 3674 445 ad

401 477 471 528 tis
516 484 570 529 et
602 475 962 531 necessitatis.
1023 474 1180 541 Quod
1230 491 1390 529 nemo
1438 486 1615 545 negat,
1664 476 1770 531 nisi
1817 477 1871 531 hi
1910 477 1978 533 de

396 567 602 635 quibus
628 566 834 621 dictum
863 575 947 620 est
978 584 990 620 :
1030 565 1355 619 Erraverunt
1390 566 1442 618 in
1470 565 1742 631 ebrietate,
1781 568 1978 621 nescie—

398 668 524 711 runt
568 658 845 721 videntem,
894 659 1268 727 ignoraverunt
1321 657 1588 725 judicium
1616 658 1681 711 ’⁷.
1736 657 1872 712 Nam
1928 660 1976 713 si

397 754 711 807 enarranda
738 767 964 822 cogerer
996 752 1204 821 aperire
1232 761 1509 806 transacta
1535 753 1600 815 ³³,
1634 754 1976 808 ostenderem

395 844 554 899 vobis
582 845 791 898 nullum
828 844 1047 897 evenire
1074 843 1327 897 solatium
1357 844 1425 898 de
1458 845 1867 912 comparatione
1893 843 1975 898 fa—

396 946 631 991 ctorum.
662 936 926 990 Cancrum
952 944 1107 998 state,
1129 935 1461 998 charissimi,
1492 953 1648 1003 super
1676 938 1810 999 vias,
1832 939 1976 1005 aspi-

394 1029 585 1081 cientes
614 1037 660 1080 et
689 1029 1069 1098 interrogantes
1088 1027 1151 1082 de
1179 1030 1379 1082 semitis
1411 1029 1623 1102 Qomini
1644 1030 1873 1099 antiquis
1904 1032 1971 1094 ”,

391 1129 440 1173 et
477 1120 639 1175 videte
668 1137 785 1190 qua:
829 1129 906 1174 est
954 1122 1039 1174 via
1074 1119 1210 1174 bona
1247 1129 1297 1175 et
1328 1130 1491 1185 recta,
1533 1130 1582 1174 et
1614 1122 1885 1176 ambulate
1916 1123 1973 1176 in

389 1229 472 1276 ea,
504 1221 555 1265 et
582 1213 853 1265 invenietis
883 1212 1113 1281 requiem
1156 1212 1437 1266 animabus
1474 1213 1659 1267 vestris
1692 1214 1758 1266 '°.
1822 1212 1886 1267 Et
1912 1222 1973 1268 ut

384 1301 544 1370 juxta
569 1300 863 1372 Sapientiae
895 1317 1081 1356 vocem
1109 1302 1360 1356 dicamus
1391 1319 1404 1357 :
1441 1302 1658 1373 Ditigite
1672 1303 1969 1371 justitiam,

385 1396 477 1465 qiti
494 1395 753 1465 judicatis
785 1404 1004 1449 terram.
1053 1393 1252 1449 Sentite
1285 1394 1349 1449 de
1378 1394 1602 1449 Domino
1634 1396 1689 1449 in
1717 1394 1969 1463 bonitate,

384 1498 435 1540 et
467 1489 524 1540 in
554 1487 897 1555 simplicitate
926 1486 1101 1540 cordis
1139 1488 1357 1557 qua'rite
1387 1486 1539 1539 illum
1558 1504 1579 1547 ,-
1610 1487 1861 1557 quoniam
1890 1488 1972 1540 in-

385 1581 590 1635 venitur
627 1579 692 1632 ab
724 1579 805 1632 his
834 1580 923 1649 qui
953 1596 1056 1633 non
1094 1588 1294 1632 tentant
1327 1578 1518 1642 illum;
1551 1591 1764 1648 apparet
1793 1590 1969 1632 autem

380 1674 454 1726 eis
484 1673 573 1742 qui
607 1670 763 1739 fidem
788 1670 975 1724 habent
1022 1671 1078 1723 in
1117 1670 1293 1724 illum.
1354 1669 1622 1725 Perversce
1655 1672 1793 1725 enim
1825 1674 1968 1743 cogi-

2083 477 2508 530 commovendum
2532 493 2622 529 cor
2653 487 2925 542 nostrum;
2955 494 3058 548 qua
3083 480 3366 545 exstincta,
3409 481 3542 533 cinis
3568 482 3670 534 erit

2082 585 2269 637 corpus
2299 578 2562 632 nostrum,
2596 579 2645 622 et
2666 570 2887 638 spiritus
2913 569 3229 637 e/fundetur.
3258 581 3513 642 tanquam
3535 573 3672 626 mol-

2080 659 2148 713 lis
2183 676 2296 712 aer.
2355 656 2423 711 Et
2463 658 2711 711 transibit
2738 660 2842 711 vita
2875 670 3057 712 nostra
3090 670 3342 730 tanquam
3391 662 3667 733 vestigium

2080 751 2256 814 nubis,
2300 760 2349 803 et
2385 751 2523 804 sicut
2570 750 2758 803 nebula
2790 750 3126 816 dissolvetur,
3156 770 3275 824 qua:
3312 754 3497 824 fugata
3523 764 3602 810 est
3633 774 3671 811 α

2079 843 2247 897 radiis
2277 844 2426 904 solis,
2474 852 2523 896 et
2554 860 2587 895 a
2615 843 2791 898 calore
2824 844 2972 897 illius
3010 856 3321 915 aggravata.
3380 846 3449 899 Et
3477 865 3665 901 nomen

2078 944 2321 987 nostrum
2374 934 2687 987 oblivionem
2737 935 2956 1003 accipiet
3010 949 3101 1002 per
3145 946 3367 1006 tempus,
3419 948 3468 991 et
3514 956 3663 993 nemo

2077 1026 2386 1080 memoriam
2414 1025 2620 1079 habebit
2659 1042 2870 1094 operum
2913 1035 3232 1080 nostrorum.
3278 1028 3489 1085 Umbra:
3520 1032 3661 1084 enim

2078 1120 2341 1173 transitus
2379 1128 2454 1173 est
2488 1128 2687 1186 tempus
2733 1127 2992 1185 nostrum,
3038 1129 3087 1173 et
3117 1136 3219 1173 non
3241 1131 3316 1174 est
3348 1122 3571 1175 reversio
3601 1122 3662 1189 fi-

2076 1213 2157 1267 nis
2183 1212 2376 1276 nostri,
2419 1212 2669 1281 quoniam
2714 1211 3027 1282 consignata
3053 1222 3152 1273 est,
3179 1222 3227 1264 et
3258 1229 3408 1267 nemo
3436 1224 3658 1267 reverte-

2078 1314 2164 1357 tur
2195 1303 2261 1358 “.
2312 1302 2602 1373 Propterea
2659 1303 2953 1372 unicuique
2998 1305 3401 1373 praesidentium
3439 1314 3544 1371 est,
3599 1317 3658 1359 ut

2076 1411 2426 1466 summopere
2469 1411 2528 1450 se
2573 1395 2864 1461 custodiat,
2912 1405 2966 1450 et
3013 1396 3218 1450 utiliter
3256 1413 3313 1450 se
3341 1400 3654 1466 przevideat,

2075 1496 2135 1541 ut
2164 1503 2287 1543 cum
2319 1487 2436 1542 dies
2464 1497 2709 1542 extrema
2747 1487 2979 1556 ﬁnisque
3029 1489 3152 1542 vitae
3193 1490 3493 1554 advenerit,
3543 1509 3653 1546 non

2076 1588 2321 1635 transeat
2345 1579 2411 1634 ad
2439 1589 2753 1650 perpetuam
2794 1590 3047 1641 mortem.
3087 1584 3178 1635 sed
3209 1584 3274 1636 ad
3305 1583 3470 1637 vitam
3497 1593 3656 1639 aeter-

2076 1690 2224 1728 nam.
2252 1671 2420 1729 Facta
2451 1675 2596 1728 enim
2630 1674 2971 1729 subditorum
2999 1676 3314 1745 judirantur
3342 1694 3369 1729 a
3396 1680 3557 1734 nobis
3581 1680 3652 1746 ³³,

382 1764 610 1818 tationes
663 1772 909 1831 separant
946 1779 977 1814 a
1015 1761 1141 1825 Deo,
1192 1761 1415 1830 probata
1438 1772 1613 1817 autem
1650 1764 1816 1818 virtus
1847 1781 1965 1818 cor-
1992 1753 2037 1827 Β
2070 1774 2257 1820 nostra
2306 1780 2436 1819 vero
2475 1764 2690 1834 judicat
2734 1764 2897 1820 Deus.
2955 1765 3029 1819 Ex
3065 1768 3260 1821 merito
3310 1784 3440 1824 vero
3476 1770 3654 1841 plebis

379 1857 507 1925 ripit
533 1855 861 1925 insipientes.
893 1854 1158 1919 Quoniam
1186 1858 1241 1909 in
1266 1854 1578 1909 nmlevolam
1602 1856 1835 1909 animam
1859 1873 1964 1910 non

378 1950 620 2004 introibit
671 1949 957 2016 sapientia,
1007 1964 1098 2000 nec
1131 1946 1388 2000 habitabit
1417 1948 1468 2000 in
1504 1963 1722 2014 corpore
1750 1947 1962 2002 subdito

376 2041 628 2111 peccatis.
689 2038 922 2109 Spiritus
972 2039 1111 2092 enim
1153 2048 1369 2091 sanctus
1417 2038 1714 2107 disciplina:
1751 2039 1962 2109 effugiet

378 2136 585 2203 fictum,
633 2142 683 2186 et
713 2132 915 2200 auferet
948 2148 1002 2184 se
1029 2148 1060 2184 a
1086 2129 1498 2201 cogitationibus
1547 2147 1666 2200 qua:
1702 2142 1824 2185 sunt
1849 2134 1961 2186 sine

378 2227 671 2287 intellectu,
722 2233 771 2279 et
812 2224 1132 2293 corripietur
1176 2240 1210 2275 a
1237 2224 1623 2290 superveniente
1657 2223 1956 2293 iniquitate.

378 2319 645 2388 Benignus
682 2328 758 2371 est
789 2316 926 2369 enim
956 2316 1178 2384 spiritus
1206 2315 1502 2383 sapientiw,
1559 2324 1607 2367 et
1632 2331 1736 2367 non
1767 2315 1959 2368 libera-

373 2410 449 2463 bit
481 2409 823 2463 maledictum
849 2408 891 2438 ³¹
926 2425 956 2461 a
983 2407 1140 2461 labiis
1187 2408 1329 2471 suis;
1374 2409 1624 2476 quoniam
1676 2425 1857 2462 renum
1884 2409 1955 2463 il-

373 2502 477 2555 lius
521 2502 670 2554 testis
719 2509 795 2555 est
840 2499 1002 2566 Deus,
1050 2508 1097 2553 et
1122 2500 1299 2553 cordis
1326 2498 1438 2568 ejus
1478 2510 1744 2554 scrutator
1764 2511 1841 2555 est
1872 2519 1957 2557 ve-

372 2609 487 2656 rus,
520 2601 569 2646 et
600 2591 795 2662 lingua:
826 2592 973 2647 illius
1004 2593 1239 2645 auditor.
1273 2590 1547 2656 Quoniam
1579 2592 1812 2662 Spiritus
1846 2594 1954 2648 Do-

369 2684 498 2737 mini
523 2683 736 2752 replevit
786 2682 962 2737 orbom
994 2694 1280 2746 terrarum,
1326 2694 1375 2737 et
1407 2685 1523 2743 hac.
1558 2684 1696 2753 quod
1720 2684 1955 2737 continet

368 2775 569 2839 omnia,
624 2774 903 2828 scientiam
933 2774 1085 2827 habet
1116 2774 1277 2829 vocis.
1336 2773 1560 2843 Propter
1587 2775 1703 2840 hoc,
1747 2776 1837 2844 qui
1869 2777 1951 2829 lo-

367 2864 550 2932 quitur
578 2864 781 2933 iniqua,
835 2879 937 2915 non
963 2874 1127 2931 potest
1155 2863 1343 2929 latere,
1384 2881 1478 2918 nec
1508 2865 1773 2934 prwteriet
1798 2865 1949 2919 illum

365 2955 655 3024 corripiens
690 2954 978 3023 judicium.
1044 2953 1109 3008 ln
1158 2955 1565 3025 cogitationibus
1613 2957 1753 3009 enim
1800 2958 1951 3025 impii

302 3104 311 3113 α
364 3047 712 3118 interrogatio
740 3048 864 3103 erit.
916 3045 1230 3102 Sermonum
1259 3061 1435 3101 autem
1471 3049 1617 3103 illius
1643 3050 1847 3102 auditio
1881 3049 1949 3102 ad

362 3140 652 3193 Dominum
690 3140 876 3204 veniet,
917 3150 967 3193 et
1000 3138 1068 3193 ad
1093 3142 1475 3209 correptionem
1501 3140 1847 3209 iniquitatum
1876 3141 1948 3194 il-

361 3230 499 3295 laus;
554 3232 809 3301 quoniam
839 3232 987 3285 auris
1020 3233 1119 3285 zeli
1164 3231 1314 3285 audit
1357 3232 1557 3295 omnia,
1608 3244 1657 3287 et
1687 3233 1948 3289 tumultus

362 3324 844 3377 murmurationum
862 3340 964 3377 non
986 3322 1348 3377 abscondetur.
1364 3322 1637 3378 Custodite
1664 3341 1787 3394 ergo
1810 3340 1896 3378 vos
1913 3341 1947 3378 a

361 3422 804 3478 murmuratione,
855 3430 972 3483 quae
1017 3413 1149 3466 nihil
1179 3414 1426 3482 prodest;
1475 3424 1525 3467 et
1554 3430 1584 3466 a
1620 3414 1946 3471 detractione

354 3506 558 3575 parcite
588 3506 816 3576 linguai;
865 3507 1114 3577 quoniam
1158 3522 1328 3559 sermo
1358 3487 1609 3561 obscurus
1640 3508 1702 3560 in.
1720 3524 1942 3562 vacuum

342 3614 464 3651 non
493 3597 609 3652 ibit.
669 3598 740 3652 0s
770 3598 907 3667 quod
940 3599 1209 3661 mentitur,
1238 3599 1430 3651 occidit
1463 3600 1718 3653 animam.
1782 3597 1941 3654 Noli-

359 3701 404 3743 tc
436 3689 607 3743 zelare
640 3700 859 3743 mortem
888 3690 942 3743 in
965 3707 1140 3744 errore
1166 3693 1286 3745 vita:
1317 3700 1518 3756 vestrw,
1566 3708 1726 3761 neque
1755 3693 1939 3763 acqui-

358 3783 492 3837 ratis
541 3783 887 3852 perditionem
929 3782 985 3835 in
1028 3781 1270 3852 operibus
1319 3799 1569 3836 manuum
1602 3796 1931 3848 vestrarum;

352 3875 606 3943 quoniam
644 3873 782 3929 Deus
812 3887 1033 3928 mortem
1058 3891 1161 3928 non
1189 3873 1333 3943 fecit,
1383 3891 1473 3927 nec
1496 3874 1712 3928 lartatur
1736 3876 1791 3929 in
1816 3892 1935 3945 per-

2068 1873 2461 1927 nonnunquam
2488 1857 2726 1927 episcopi
2753 1859 3201 1928 depravantur".
3227 1870 3498 1927 quatenus
3524 1878 3653 1933 pro-

2066 1949 2260 2005 clivius
2287 1949 2487 2003 cadant
2511 1949 2603 2019 qui
2632 1961 2958 2019 sequuntur.
3001 1951 3194 2020 Capite
3236 1952 3645 2022 languescente,

2064 2052 2258 2096 cat-tera
2309 2041 2555 2109 corporis
2618 2043 2865 2097 membra
2925 2043 3266 2100 inliciuntur.
3340 2045 3648 2101 Deteriores

2064 2143 2212 2199 sunt,
2261 2134 2353 2204 qui
2401 2136 2567 2189 vitam
2620 2149 2913 2205 moresque
2957 2135 3227 2190 bonorum
3264 2126 3644 2208 corrumpunt,

2064 2226 2149 2280 his
2193 2226 2287 2295 qui
2342 2226 2681 2282 substantias
2733 2228 2961 2281 aliorum
3009 2229 3318 2298 praediaque
3358 2230 3642 2301 diripiunt.

2060 2314 2261 2369 Caveat
2298 2316 2675 2385 unusqniSque
2711 2332 2778 2370 ne
2809 2327 2902 2371 aut
2932 2318 3196 2391 linguam,
3227 2327 3322 2373 aut
3349 2336 3511 2376 aures
3539 2321 3639 2374 lia-

2063 2404 2188 2459 bcat
2234 2405 2541 2473 prurientes
2568 2405 2634 2470 ³⁷,
2678 2406 2731 2460 id
2771 2415 2854 2461 cst
2902 2422 2971 2461 ne
3014 2419 3107 2462 aut
3145 2408 3260 2477 ipse
3288 2408 3410 2462 aliis
3457 2409 3642 2464 dctra-

2061 2496 2173 2560 hat,
2226 2505 2321 2550 aut
2365 2496 2504 2551 alios
2545 2497 2731 2552 audiat
2759 2498 3129 2554 detrahentes.
3182 2498 3401 2564 Sedens,
3436 2502 3637 2570 inquit,

2057 2587 2306 2643 adversus
2358 2587 2579 2657 fratrem
2613 2597 2759 2641 tuum
2803 2590 3134 2659 loquebaris,
3183 2592 3537 2660 detrahendo,
3586 2602 3637 2647 et

2055 2681 2303 2734 adversus
2353 2682 2527 2751 [ilium
2572 2683 2761 2735 matris
2816 2692 2920 2738 tuae
2956 2683 3184 2751 ponebas
3222 2686 3536 2740 scandalum
3566 2687 3633 2750 ³⁸,

2052 2780 2158 2827 etc.
2205 2770 2440 2828 Parcant
2468 2773 2666 2843 singuli
2700 2774 3023 2829 detractioni
3049 2776 3267 2843 linguae,
3293 2778 3632 2833 custodiant-

2053 2879 2162 2934 que
2190 2880 2475 2921 sermones
2514 2879 2680 2931 suos;
2719 2875 2774 2919 et
2803 2866 2999 2932 sciant,
3034 2866 3159 2935 quia
3188 2877 3383 2923 cuncta
3411 2883 3538 2937 quas
3563 2867 3633 2923 de

2052 2958 2176 3014 aliis
2205 2958 2525 3029 loquuntur,
2556 2974 2655 3013 sua
2686 2958 2959 3013 sententia
2982 2958 3393 3028 judicabuntur.
3455 2958 3631 3015 Nemo

1977 3090 2018 3143 Ο
2055 3048 2227 3103 invito
2270 3047 2508 3103 auditori
2558 3049 2789 3104 libenter
2821 3048 3010 3103 refert.
3069 3048 3240 3105 Oliicii
3284 3050 3627 3121 singulorum

2052 3141 2146 3205 sit,
2180 3140 2544 3205 dilectissimi,
2602 3156 2710 3195 non
2737 3141 2914 3196 solum
2950 3142 3141 3196 oculos
3171 3151 3354 3197 castos
3384 3158 3625 3205 servare.
3681 3149 3691 3156 '

2050 3232 2146 3288 sed
2171 3240 2227 3288 et
2253 3234 2518 3303 linguam.
2561 3231 2671 3289 Nec
2702 3233 2833 3302 quid
2869 3232 2923 3287 in
2955 3233 3280 3302 cujusquam
3307 3234 3472 3289 domo
3497 3249 3628 3305 aga—

2050 3336 2162 3392 tur,
2212 3326 2316 3381 alia
2345 3328 2544 3382 domus
2569 3342 2664 3396 per
2695 3341 2794 3381 vos
2822 3341 3063 3395 unquam
3091 3327 3322 3381 noverit.
3378 3325 3626 3382 Habeant

2046 3431 2241 3471 omnes
2289 3415 2696 3485 simplicitatem
2727 3413 2996 3468 columbae
3022 3414 3087 3479 ”,
3125 3428 3194 3469 ne
3222 3413 3477 3484 cuiquam
3504 3429 3625 3468 ma-

2044 3508 2336 3562 cbiuentur
2362 3505 2520 3561 dolos
2553 3522 2569 3574 ;
2594 3514 2648 3560 et
2676 3506 2943 3575 serpentis
2971 3507 3252 3569 astutiam,
3288 3522 3356 3561 ne
3385 3506 3620 3560 aliorum

2043 3598 2462 3668 supplantentur
2511 3597 2746 3653 insidiis.
2799 3595 2913 3650 Non
2960 3608 3043 3652 est
3094 3597 3418 3652 humilitatis
3463 3614 3617 3663 meae,

2042 3706 2218 3760 neque
2267 3705 2561 3755 mensuras,
2603 3690 2854 3759 judicare
2901 3691 2966 3743 de
3002 3690 3234 3752 caneris,
3277 3698 3333 3745 et
3359 3690 3427 3746 de
3455 3691 3619 3743 mini-

2038 3783 2169 3838 stris
2192 3781 2557 3837 Ecclesiarum
2589 3781 2871 3837 sinistrum
2902 3780 3180 3850 quidpiam
3207 3779 3408 3835 dicere.
3439 3780 3615 3844 Absit,

2039 3884 2097 3928 ut
2123 3875 2421 3943 quidquam
2468 3873 2753 3929 sinistrum
2802 3872 2868 3928 dc
2894 3873 2979 3928 his
3010 3872 3207 3941 loquar
3245 3871 3315 3938 δ’,
3359 3873 3453 3942 qui
3479 3887 3613 3943 apo-

347 3966 554 4019 ditione
584 3967 837 4020 vivorum.
895 3963 1104 4020 Creavit
1133 3966 1292 4031 enim,
1323 3976 1379 4018 ut
1410 3975 1601 4031 essent,
1653 3968 1853 4032 omina,
1882 3977 1932 4021 et
2035 3967 2232 4022 stolico
2254 3967 2445 4036 gradui
2469 3967 2841 4032 succedentes,
2869 3965 3070 4021 Christi
3100 3981 3300 4035 corpus
3332 3981 3490 4021 sacro
3519 3980 3616 4020 ore

350 4056 617 4113 sanabiles
663 4073 775 4111 esse
823 4056 986 4111 voluit
1017 4060 1256 4111 nationes
1287 4058 1431 4111 orbis
1458 4068 1742 4114 terrarum.
1806 4058 1931 4112 Non
2033 4057 2351 4124 coniiciunt,
2400 4073 2496 4128 per
2532 4074 2671 4128 quos
2717 4074 2818 4113 nos
2863 4057 3026 4111 etiam
3059 4055 3356 4113 Christiani
3388 4073 3601 4120 sumus,

348 4161 426 4205 est
460 4152 517 4205 in
547 4150 657 4205 illis
686 4151 1125 4205 medicamentum
1155 4151 1480 4215 exterminii,
1517 4166 1607 4202 nec
1638 4150 1929 4219 inferorum
2031 4149 2124 4218 qui
2173 4149 2353 4203 claves
2402 4149 2551 4219 regni
2594 4148 2859 4204 cmlorum
2906 4149 3192 4208 habentes,
3229 4157 3355 4203 ante
3404 4142 3596 4216 jiulicii

348 4263 563 4318 regnum
594 4247 649 4298 in
677 4256 818 4299 terra
865 4246 1168 4300 viventium.
1226 4244 1452 4297 Iustitia
1496 4254 1745 4313 perpetua
1772 4258 1848 4298 est
1875 4254 1927 4298 et
2029 4241 2171 4294 diem
2193 4240 2462 4309 judicent.
2520 4238 2703 4295 Veteri
2728 4239 2949 4309 quidem
2977 4240 3095 4310 lege
3127 4241 3358 4295 habetur
3386 4240 3452 4305 “,
3485 4240 3609 4309 qui-

346 4338 699 4401 immortalis;
745 4338 1016 4406 injustitia
1065 4347 1241 4390 autem
1285 4336 1470 4391 mortis
1513 4345 1590 4389 est
1618 4338 1918 4408 acquisitio.
2027 4348 2243 4402 cunque
2272 4332 2647 4388 sacerdotibus
2692 4346 2804 4385 non
2832 4332 3278 4401 obtemperasset,
3330 4339 3425 4384 aut
3453 4339 3606 4385 extra

343 4433 505 4502 [mpii
541 4440 714 4485 autem
762 4432 1002 4484 manibus
1038 4442 1086 4484 et
1123 4431 1289 4485 verbis
1328 4433 1685 4509 accersierant
1731 4431 1920 4497 illam;
1953 4434 1998 4494 D
2029 4437 2206 4481 castra
2262 4427 2475 4497 positus
2545 4423 2887 4494 lapidabatur
2942 4440 2973 4478 a
3023 4424 3241 4495 populo,
3293 4435 3391 4479 aut
3425 4426 3607 4496 gladio

339 4532 389 4575 et
420 4522 742 4575 aestimantes
771 4536 886 4573 eam
916 4521 1142 4573 amicam
1201 4521 1557 4589 defluxerunt,
1591 4534 1639 4576 et
1674 4525 1918 4592 sponsio-
2028 4520 2240 4574 cervice
2322 4519 2605 4588 subjecta,
2653 4524 3022 4586 contemptum
3069 4517 3322 4586 expiabat
3384 4534 3601 4573 cruore.

338 4631 430 4668 nes
458 4623 741 4682 posuerunt
785 4612 853 4666 ad
884 4612 1071 4674 illam;
1099 4613 1351 4683 quoniam
1392 4624 1557 4668 morte
1588 4615 1735 4685 digni
1770 4627 1914 4681 sum,
2022 4610 2183 4664 Nunc
2238 4625 2366 4664 vero
2429 4607 2748 4663 inobediens
2799 4607 3069 4677 spirituali
3132 4608 3605 4665 animadversione

338 4707 428 4775 qui
461 4716 582 4759 sunt
610 4721 675 4759 ea:
702 4716 853 4775 parte
877 4705 1024 4758 illius
1063 4705 1128 4758 ".
1194 4703 1451 4759 Dixerunt
1476 4707 1635 4771 enim,
1692 4708 1833 4773 apud
1861 4725 1916 4763 se
2026 4712 2331 4769 truncatur,
2379 4711 2434 4756 et
2483 4700 2690 4770 ejectus
2741 4700 2810 4754 ab
2837 4697 3108 4764 Ecclesia,
3157 4700 3348 4753 rabido
3397 4700 3601 4756 dieme-

337 4796 627 4865 cogitantes
683 4812 785 4849 non
823 4806 996 4848 recte:
1024 4793 1288 4866 Exiguum
1330 4807 1428 4860 est,
1476 4810 1523 4851 et
1574 4816 1693 4852 cum
1730 4799 1911 4860 ta'dio,
2023 4810 2154 4848 num
2220 4809 2315 4847 ore
2367 4791 2696 4860 discerpitur
2750 4793 2818 4845 ⁸².
2891 4788 3116 4858 Oportet
3169 4791 3314 4844 enim
3384 4801 3442 4844 ut
3500 4792 3599 4862 qui

338 4899 540 4956 tempus
587 4887 707 4941 vita:
751 4896 966 4951 nostris,
1014 4896 1063 4940 et
1099 4903 1201 4940 non
1245 4897 1321 4942 est
1364 4888 1695 4959 refrigerium
1726 4892 1779 4941 in
1811 4890 1913 4957 fine
2027 4886 2192 4939 Deum
2243 4882 2880 4951 ltwreditate‘possident
2928 4880 3010 4947 ι’,
3064 4883 3272 4950 absque
3327 4883 3436 4937 ullo
3494 4883 3598 4937 imo

335 4980 584 5045 hominis,
632 4988 682 5033 et
709 4995 815 5034 non
832 4989 914 5033 est
941 4980 1031 5050 qui
1076 4981 1287 5048 agnitus
1318 4983 1387 5034 sit
1416 4997 1647 5035 reversus
1678 4980 1742 5033 ab
1774 4980 1911 5047 infe-
2020 4966 2543 5045 pedimentossae'culi
2576 4972 2686 5026 Deo
2714 4972 2975 5035 serviant,
3024 4981 3082 5024 ut
3110 4972 3290 5026 dicere
3331 4973 3546 5041 possint
3577 4994 3593 5029 :

334 5073 429 5128 ris.
484 5071 751 5138 Quoniam
791 5087 857 5125 ea:
887 5072 1050 5125 nihilo
1067 5074 1183 5125 nati
1217 5089 1422 5134 sumus,
1463 5082 1514 5126 et
1542 5082 1656 5141 post
1680 5072 1776 5125 hoc
1806 5072 1913 5124 eri-
2022 5066 2275 5141 Dominus
2302 5081 2425 5135 pars
2455 5063 2782 5119 luereditatis
2808 5078 2934 5117 mea:
2966 5063 3033 5115 “.
3083 5063 3128 5117 0
3165 5080 3323 5133 quam
3350 5063 3514 5119 bonus
3543 5079 3594 5119 et

333 5181 448 5219 mus
474 5174 724 5235 tanquam
762 5179 867 5217 non
894 5163 1171 5232 fuerimus.
1230 5161 1492 5229 Quoniam
1532 5163 1708 5231 fumus
1748 5162 1910 5231 affla-
2015 5162 2190 5215 suavis
2217 5172 2292 5215 est
2318 5158 2551 5229 Spiritus
2587 5167 2729 5223 tuus,
2765 5156 3003 5222 Domine,
3035 5157 3088 5209 in
3121 5154 3439 5211 omnibus"!
3461 5156 3594 5213 Par-

330 5377 335 5383 ’
399 5393 444 5427 ⁴⁴¹
471 5393 573 5448 lsa.
604 5409 798 5457 xxvm,
832 5391 888 5445 Ἰ.
945 5392 989 5425 ⁸⁸
1030 5392 1167 5447 idem
1216 5391 1497 5446 Ennodius
1541 5405 1669 5445 mox
1702 5390 1955 5451 laudatus

2060 5390 2097 5421 ¹⁹
2141 5385 2647 5459 synodicajiartini
2830 5384 2873 5416 '°
2914 5382 3024 5439 Jer.
3067 5400 3143 5459 vt,
3183 5385 3279 5459 _i(_i._
3346 5385 3388 5417 "
3430 5385 3592 5439 male-

326 5466 532 5520 dicum.
628 5465 671 5494 ³³
714 5454 842 5531 Sap.
878 5479 914 5516 l.
1000 5462 1043 5493 "
1083 5481 1149 5518 ac
1189 5462 1370 5516 ﬂatus.
1485 5460 1530 5493 "‘
1572 5461 1701 5529 Sep.
1750 5462 1817 5531 ιιι,
1858 5460 1959 5531 1-5)

2060 5460 2098 5490 ¹⁶
2133 5454 2186 5514 9ῖ
2233 5474 2286 5527 q.
2317 5458 2367 5511 5.
2415 5454 2989 5531 Ιῖεέειθμδιξιξᾶίιο-[ψη.
3096 5454 3305 5531 “__|sid.
3339 5471 3422 5517 Ill,
3444 5467 3584 5531 sent.

328 5534 433 5597 58,
463 5533 552 5587 ω.
659 5532 703 5563 ³⁷
749 5524 816 5603 ἓξ
863 5531 1009 5586 liter.
1043 5549 1127 5603 rp.
1188 5533 1229 5603 2
1257 5533 1323 5586 ad
1382 5524 1763 5603 Nepotianiuu.
1789 5524 1812 5531 ”
1860 5530 2147 5603 ³⁸ῨηΡεθΙιη.
2204 5524 2361 5603 sm,
2423 5525 2641 5603 ‘20.__”_
2672 5526 2810 5577 idem
2838 5524 2989 5603 liicr1
3014 5541 3098 5603 ep.
3136 5525 3493 5603 15,1umrp.
3531 5525 3583 5587 4,

328 5595 538 5659 necnon
568 5618 584 5657 ι
643 5605 709 5656 ad
774 5595 1143 5673 Heliodorum.
1187 5600 1339 5657 Unde
1368 5595 1614 5673 arguitur
1646 5600 2366 5673 Mercatoris,ntangonimu.
2394 5595 2825 5673 putidissimam.
2945 5597 2990 5625 “’
3036 5597 3117 5673 i_|_.
3144 5614 3211 5673 _q.
3234 5596 3304 5673 _5.
3338 5596 3495 5673 Absit
3529 5604 3586 5673 ut

326 5676 648 5743 quidquam.
745 5676 788 5703 “
825 5672 1039 5726 Denter.
1084 5689 1215 5726 xvu.
1381 5664 1739 5730 “"llactcnus
1780 5671 1923 5726 llicr.
1971 5664 2173 5725 Amore
2216 5664 2409 5722 multis
2447 5668 2602 5720 annis
2630 5666 2914 5735 posterior.
3057 5667 3103 5697 ”
3142 5664 3266 5719 ISid.
3316 5681 3351 5719 Il
3388 5666 3489 5720 ΟΠ.
3531 5667 3582 5719 1-

326 5742 556 5811 ίῖΡδειι.
594 5758 683 5810 xv,
884 5742 930 5774 ⁸³
971 5743 1099 5813 Sap.
1139 5744 1287 5809 “1,1
