4034 6382
342 305 466 361 175

1790 306 2174 363 EPISTOLAZ.

3517 313 3618 365 17-1»

345 442 434 479 ms
479 435 661 481 autem
702 429 984 493 omnibus,
1037 429 1295 500 quoniam
1350 439 1440 484 tua
1495 436 1640 493 sunt,
1690 428 1935 493 Domine,
1967 432 2014 489 Α
2044 428 2197 497 quasi
2230 426 2553 496 insipientes,
2608 428 2697 481 sed
2730 437 2787 480 ut
2813 428 3102 497 sapientes;
3150 427 3456 483 redimcn'es
3486 442 3617 484 tem-

346 522 447 587 qul
472 520 685 575 animas
717 536 889 577 amas.
948 521 1176 593 Ideoque
1202 524 1318 587 hos,
1354 523 1443 592 qui
1473 531 1716 576 exerrant
1769 523 1935 592 parti-

347 611 474 677 bus,
527 614 787 683 corripis;
804 614 897 683 ,de
927 615 1114 685 quibus
1156 625 1392 685 peccant,
1448 614 1697 668 admones
1724 624 1771 667 et
1798 612 1932 666 allo-

345 705 556 776 quer-is,
597 713 658 758 ut
684 706 874 760 relicta
904 706 1140 771 malitia,
1194 706 1412 760 credant
1436 708 1491 759 in
1529 714 1596 771 te,
1624 703 1844 758 Domine
1864 706 1932 758 ⁸⁸.

351 792 437 847 Tu
467 803 664 860 autem,
718 794 863 849 Deus
907 806 1104 862 noster,
1153 797 1329 850 suavis
1351 804 1403 849 et
1430 812 1578 851 verus
1602 811 1675 859 es,
1707 796 1932 865 patiens,

343 895 402 939 et
427 886 481 938 in
512 886 883 939 misericordia
918 886 1199 956 disponens
1225 889 1422 940 omnia.
1480 885 1709 941 Etenim.
1740 888 1787 939 si
1819 902 1935 954 pec—

345 978 665 1042 caverimus,
714 977 793 1029 tui
820 994 1023 1041 sumus,
1059 979 1279 1031 scientes
1306 977 1719 1047 magnitudinem
1765 985 1929 1028 tuam.

348 1068 423 1121 Et
452 1070 500 1121 si
522 1085 624 1122 non
649 1069 1062 1138 peccaverimus,’
1105 1070 1301 1123 scimus
1327 1070 1574 1139 quoniam
1605 1068 1744 1136 apud
1774 1081 1821 1122 te
1846 1083 1936 1122 su—

348 1179 469 1216 mus
493 1163 784 1231 computati
812 1161 877 1214 ‘7.
906 1160 1139 1231 Spiritus
1165 1163 1461 1215 timentium
1495 1161 1775 1216 Dominum
1792 1176 1937 1231 qua:-

347 1265 500 1308 retur
520 1254 585 1308 ab
608 1272 689 1319 eo,
708 1264 757 1308 et
782 1257 833 1308 in
865 1265 1098 1324 respectu
1122 1254 1268 1308 illius
1301 1253 1670 1308 benedicentur
1693 1252 1759 1307 ⁸⁸.
1791 1251 1936 1318 Qua-

345 1359 586 1416 propter,
642 1347 836 1415 fratres
871 1346 1196 1410 charissimi,
1245 1346 1414 1400 omnis
1464 1361 1634 1398 sermo
1672 1344 1844 1398 malus
1872 1360 1939 1398 ea:

346 1455 442 1492 ore
471 1448 640 1492 vestro
661 1454 763 1491 non
789 1438 1075 1508 procedat;
1096 1437 1187 1491 sed
1211 1438 1257 1491 si
1281 1437 1400 1507 quis
1423 1436 1587 1491 bonus
1611 1444 1689 1490 est
1718 1435 1787 1488 ad
1808 1435 1937 1489 azdio

347 1530 657 1599 ﬁcationem
705 1529 1139 1599 opportunitatis,
1189 1539 1247 1582 ut
1279 1530 1366 1584 det
1396 1529 1628 1599 gratiam
1671 1528 1938 1582 audienti-

347 1620 471 1687 bus,
523 1629 573 1673 et
609 1618 773 1672 nolite
802 1620 1118 1673 contristare
1146 1617 1407 1688 Spiritum
1445 1628 1687 1673 sanctum
1715 1617 1832 1679 Dei,
1879 1618 1935 1672 in

344 1729 457 1782 quo
496 1713 696 1782 signati
717 1714 841 1766 estis
865 1713 920 1765 in
938 1712 1076 1766 diem
1106 1712 1501 1782 redemptionis.
1555 1710 1737 1767 Omnis
1779 1728 1932 1765 ama-

348 1808 555 1870 ritudo,
586 1814 635 1858 et
658 1806 762 1869 ira,
788 1815 836 1858 et
864 1805 1182 1874 indignatio,
1206 1812 1257 1857 et
1278 1803 1500 1870 clamor,
1534 1811 1581 1856 et
1609 1802 1934 1873 blasphemia

350 1895 577 1951 tollatur
602 1911 636 1948 a
667 1892 810 1947 vobis
844 1910 963 1947 cum
1014 1894 1156 1947 omni
1183 1892 1390 1946 malitia
1416 1892 1482 1947 θ’.
1533 1891 1718 1946 Estole
1757 1903 1934 1946 autem

346 1988 575 2042 invicem
604 1985 834 2053 benigni,
865 1984 1251 2052 misericordes,
1277 1983 1532 2039 donantes
1550 1985 1788 2052 invicem,
1820 1986 1936 2040 sic-

347 2088 409 2133 ut
460 2088 513 2134 et
556 2078 697 2133 Deus
742 2080 801 2133 in
845 2077 1056 2133 Christo
1101 2077 1316 2133 donavit
1358 2077 1522 2133 vobis.
1568 2076 1752 2132 Estote
1814 2094 1936 2148 ergo

349 2169 649 2222 imitatores
680 2167 803 2234 Dei,
831 2168 969 2221 sicut
995 2167 1096 2237 ﬁlii
1124 2168 1456 2232 charissimi;
1502 2176 1552 2222 et
1584 2168 1852 2224 ambulate
1880 2169 1934 2222 in

348 2261 656 2325 dilectione,
703 2261 840 2315 sicut
884 2270 935 2315 et
961 2252 1208 2316 Christus
1239 2260 1429 2315 dilexit
1452 2277 1567 2326 nos,
1606 2270 1657 2315 et
1711 2260 1936 2315 tradidit

348 2353 688 2421 semetipsum
718 2367 815 2421 pro
856 2351 1001 2405 nobis
1033 2351 1354 2405 oblationem
1383 2360 1433 2405 et
1472 2350 1703 2406 hostiam
1744 2351 1853 2406 Deo
1882 2352 1938 2406 in

349 2442 569 2495 odorem
608 2443 913 2497 suavitatis.
967 2440 1279 2497 Fornicatio
1312 2452 1490 2497 autem
1529 2453 1579 2497 et
1622 2444 1791 2497 omnis
1831 2443 1936 2498 im-

348 2534 623 2588 munditia
651 2543 749 2588 aut
775 2534 1003 2589 avaritia
1031 2551 1136 2588 non
1159 2536 1459 2590 nominetur
1494 2537 1549 2589 in
1587 2535 1752 2601 vobis,
1802 2536 1937 2590 sicut

346 2636 398 2681 et
425 2627 573 2681 decet
608 2637 852 2694 sanctos,
907 2637 1001 2681 aut
1045 2629 1342 2697 turpitudo,
1389 2637 1482 2682 aut
1525 2628 1935 2699 stultiloquium,

347 2727 446 2773 aut
473 2718 803 2782 scurrilitas,
849 2735 967 2789 qua:
1007 2721 1075 2771 ad
1103 2734 1213 2772 rem
1244 2735 1347 2773 non
1383 2720 1665 2787 pertinent,
1710 2720 1799 2773 sed
1824 2735 1938 2771 ma-

344 2812 429 2880 gis
458 2812 760 2880 gratiarum
810 2811 972 2865 actio.
1020 2807 1139 2863 Hoc
1165 2810 1304 2863 enim
1351 2810 1556 2874 scitote,
1591 2810 1936 2882 intelligentes

344 2902 493 2973 quod
534 2903 705 2956 omnis
750 2902 1067 2971 fornicator,
1107 2910 1201 2956 aut
1226 2902 1551 2969 immundus,
1596 2911 1689 2957 aut
1720 2919 1932 2969 avarus,

344 2996 492 3068 quod
530 3006 613 3051 est
649 2997 917 3051 idolorum
954 2998 1198 3057 servitus,
1241 3012 1344 3050 non
1389 2996 1540 3051 habet
1570 2997 1937 3052 hereditatem

2034 535 2155 588 pus,
2191 519 2440 589 quoniam
2483 520 2593 572 dies
2632 519 2762 572 mali
2789 530 2933 573 sunt.
2981 517 3269 588 Propterea
3299 521 3462 574 nolite
3500 523 3619 592 ﬁeri

2034 608 2413 677 imprudentes,
2465 609 2556 660 sed
2593 607 2942 679 intelligentes
2987 625 3103 679 qua:
3129 611 3199 664 sit
3233 611 3474 665 voluntas
3501 612 3634 667 Dei.‘

2036 696 2108 751 Et
2140 698 2304 752 nolite
2336 698 2591 753 inebriari
2623 700 2760 765 vino,
2796 701 2849 754 in
2876 717 2976 770 quo
3002 711 3077 755 est
3109 700 3325 756 luxuria
3353 720 3368 764 ;
3398 702 3488 757 sed
3512 703 3618 756 im-

2035 788 2290 856 pleamini
2339 788 2545 859 Spiritu
2588 801 2788 855 sancto,
2842 790 3109 861 loquentes
3156 792 3534 863 nobismetipsis
3561 795 3617 848 in

2036 881 2283 950 psalmis,
2312 881 2520 950 hymnis
2551 891 2600 936 et
2641 882 2865 936 canticis
2896 882 3287 951 spiritualibus,
3344 893 3617 939 cantantes

2036 984 2085 1028 et
2132 972 2414 1044 psallentes
2463 975 2521 1026 in
2565 973 2812 1027 cordibus
2854 974 3041 1028 vestris
3082 973 3345 1043 Domino,
3414 977 3617 1047 gratias

2036 1076 2245 1133 aqentes
2275 1082 2476 1136 semper
2500 1081 2595 1135 pro
2623 1064 2861 1120 omnibus
2886 1068 2943 1120 in
2966 1067 3174 1121 nomine
3206 1067 3422 1123 Domini
3445 1072 3617 1123 nostri

2033 1158 2164 1213 Iesu
2195 1157 2396 1214 Christi
2431 1157 2540 1211 Deo
2563 1170 2610 1212 et
2648 1156 2825 1225 Patri,
2858 1157 3078 1228 subjecti
3100 1159 3316 1214 invicem
3346 1161 3398 1214 in
3432 1160 3619 1215 timore

2038 1250 2238 1307 Christi
2268 1251 2335 1307 ⁵⁸.
2395 1248 2544 1305 State
2577 1252 2778 1321 itaque,
2829 1251 3046 1321 fratres,
3094 1261 3144 1307 et
3172 1261 3338 1307 tenete
3365 1253 3617 1308 traditio-

2037 1359 2126 1398 nes
2171 1342 2544 1414 apostolorum
2591 1353 2645 1397 et
2689 1343 3004 1412 apostolica:
3053 1344 3221 1410 sedis,
3268 1356 3326 1399 ut
3357 1345 3615 1400 Dominus

2037 1445 2215 1490 noster
2252 1433 2410 1488 Jesus
2465 1432 2733 1500 Christus,
2780 1442 2831 1487 et
2874 1434 3039 1489 Pater
3065 1446 3264 1502 noster,
3308 1439 3400 1508 qui
3429 1438 3617 1491 dilexit

2037 1543 2153 1593 nos,
2178 1537 2228 1581 et
2249 1527 2391 1582 dedit
2420 1525 2834 1581 consolationem
2868 1537 3141 1596 azternam,
3173 1539 3221 1583 et
3256 1546 3399 1598 spem
3427 1529 3616 1584 bonum

2036 1621 2091 1673 in
2124 1619 2320 1690 gratia,
2372 1618 2676 1673 exhortetur
2720 1618 2883 1673 corda
2924 1628 3117 1686 vestra,
3165 1629 3215 1675 et
3261 1622 3531 1692 conﬁrmet
3562 1623 3617 1676 in

2038 1712 2182 1765 omni
2207 1728 2360 1781 opere
2399 1720 2448 1765 et
2494 1711 2548 1765 in
2573 1727 2807 1766 sermone
2833 1710 2964 1766 bono
2998 1713 3065 1767 ⁵¹.
3124 1711 3203 1766 De
3241 1722 3448 1780 cretero,
3503 1715 3618 1783 fra-

1960 1769 2007 1831 B
2038 1811 2162 1865 tres,
2199 1810 2344 1856 orate
2366 1818 2460 1871 pro
2488 1801 2662 1868 nobis,
2694 1810 2753 1855 ut
2783 1818 2952 1856 sermo
2985 1801 3197 1856 Domini
3221 1811 3400 1856 currat
3431 1812 3479 1857 et
3507 1803 3618 1857 cla-

2037 1895 2293 1963 riﬁcetur,
2335 1894 2470 1948 sicut
2505 1901 2556 1946 et
2582 1894 2724 1963 apud
2761 1910 2873 1955 vos.
2910 1902 2961 1947 et
2998 1902 3058 1946 ut
3103 1892 3386 1948 liberemur
3414 1895 3484 1949 ab
3511 1896 3616 1949 im—

2035 1988 2274 2058 pprtunis
2304 1994 2353 2040 et
2379 1986 2536 2040 malis
2583 1986 2924 2050 hominibus;
2973 2003 3077 2040 non
3116 1989 3256 2040 enim
3281 1988 3513 2042 omnium
3539 1995 3617 2042 est

2036 2080 2190 2150 ﬁdes.
2244 2078 2449 2134 Fidelis
2499 2087 2675 2132 autent
2720 2078 2858 2133 Deus
2884 2088 2982 2143 est,
3030 2081 3120 2150 qui
3143 2079 3475 2148 confirmabit
3504 2097 3614 2144 vos,

2036 2183 2084 2227 et
2103 2173 2361 2227 custodiet
2390 2188 2423 2225 a
2450 2170 2591 2225 malo
2612 2172 2679 2224 ⁸³.
2708 2170 3101 2241 Quapropter"
3128 2173 3304 2242 ponite
3320 2173 3618 2228 indesinen-

2040 2276 2118 2320 ter
2155 2267 2317 2319 corda
2364 2274 2537 2319 vestra
2578 2266 2632 2318 in
2669 2265 2864 2318 virtute
2907 2263 3024 2331 Dei,
3066 2273 3115 2318 et
3160 2265 3392 2321 resistite
3414 2282 3617 2335 semper

2038 2356 2211 2421 malis,
2271 2366 2321 2411 et
2368 2366 2612 2411 enarrate
2648 2355 2779 2421 hac,
2807 2354 2952 2421 iuxta
2997 2370 3184 2411 vocem
3225 2355 3526 2427 Prophetse,
3561 2359 3617 2411 in

2035 2450 2305 2519 progenies
2331 2448 2551 2512 alteras,
2571 2447 2823 2518 quoniam
2845 2447 2929 2503 hic
2945 2455 3021 2501 est
3040 2446 3179 2500 Deus
3197 2445 3337 2501 Deus
3359 2457 3536 2501 noster
3560 2449 3619 2502 in

2038 2545 2313 2601 wternum,
2357 2546 2406 2590 et
2448 2538 2558 2595 ipse
2598 2544 2738 2607 reget
2777 2552 2871 2590 nos
2893 2536 2949 2590 in
2976 2535 3173 2590 saecula
3193 2535 3260 2590 ⁸⁵.
3311 2534 3465 2590 Unde
3492 2551 3611 2599 vos,

2038 2629 2132 2700 qui
2182 2629 2235 2683 in
2282 2628 2501 2699 specula
2545 2644 2575 2683 a
2618 2626 2854 2682 Domino
2879 2628 3012 2684 estis
3036 2627 3337 2695 constituti,
3376 2628 3614 2697 compri-

2038 2738 2188 2778 mere
2213 2731 2266 2777 et
2300 2722 2561 2793 repellere
2588 2736 2684 2779 eos
2714 2736 3061 2792 summopere
3101 2719 3335 2787 debetis,
3382 2721 3477 2791 qui
3506 2718 3615 2775 fra-

2038 2814 2213 2870 tribus
2264 2814 2492 2870 insidias
2534 2822 2861 2885 prmparant,
2916 2810 3015 2868 aut'
3033 2813 3088 2868 in
3116 2827 3211 2867 eos
3235 2812 3534 2868 seditiones
3561 2821 3619 2867 et

2037 2904 2295 2962 scandala
2319 2906 2579 2961 excitant.
2635 2904 2817 2962 Facile
2855 2914 2937 2961 est
2962 2904 3107 2960 enim
3142 2902 3420 2960 hominem
3446 2903 3612 2958 verbo

2037 2997 2226 3055 fallere
2250 2999 2296 3032 ⁸⁸
2317 3041 2332 3067 ,
2386 2999 2481 3055 sed
2528 3015 2636 3054 non
2680 2998 2993 3055 Dominum.
3044 2996 3169 3053 Ideo
3195 2997 3296 3053 hos
3324 2996 3614 3066 reprehen-

346 3090 406 3142 in
442 3105 604 3161 regno
634 3089 837 3144 Christi
875 3098 924 3143 et
956 3088 1074 3143 Dei.
1129 3087 1302 3142 Nemo
1327 3104 1415 3144 vos
1442 3089 1659 3143 seducat
1689 3089 1934 3144 inanibus
1962 3109 2004 3168 α
2037 3093 2185 3159 dere,
2218 3102 2270 3148 et
2296 3094 2365 3148 ab
2393 3092 2482 3149 bis
2500 3106 2601 3147 vos
2625 3099 2868 3146 avertere
2890 3097 3123 3161 oportet,
3184 3097 3475 3160 quatenus,
3511 3104 3610 3143 ex-

346 3181 541 3236 verbis.
594 3180 819 3251 Propter
853 3180 960 3235 [nec
981 3181 1122 3234 enim
1158 3181 1295 3234 venit
1334 3180 1419 3234 ira
1441 3179 1539 3235 Dei
1571 3183 1628 3236 in
1653 3181 1796 3252 ﬁlios
1825 3182 1935 3252 dif-

343 3275 609 3344 ﬁdentiae.
663 3273 846 3328 Nolite
874 3290 996 3344 ergo
1038 3275 1166 3343 effici
1190 3274 1475 3344 participes
1496 3290 1696 3329 eorum.
1749 3274 1933 3329 Eratis

343 3367 490 3421 enim
536 3365 826 3436 aliquando
866 3365 1110 3428 tenebris,
1159 3382 1298 3420 nunc
1328 3377 1505 3421 autem
1551 3367 1644 3420 tua:
1667 3368 1720 3420 in
1744 3366 1933 3421 Domi-

343 3472 439 3510 no.
518 3453 589 3510 Ut
629 3456 731 3525 ﬁlii
800 3455 934 3510 lucis
993 3442 1260 3511 ambulate
1318 3457 1546 3527 (fructus
1603 3457 1741 3512 enim
1797 3450 1969 3513 lucis-

344 3557 425 3602 est
455 3548 513 3601 in
545 3544 968 3613 omnibonitate,
999 3555 1049 3600 et
1075 3545 1315 3617 justitia,
1338 3554 1389 3600 et
1412 3546 1672 3619 veritate),
1703 3548 1933 3617 proban-

347 3650 426 3693 tes
468 3637 598 3708 quid
627 3638 695 3691 sit
726 3636 1108 3707 beneplacitum
1146 3636 1276 3692 Deo.
1329 3636 1399 3691 Et
1437 3637 1598 3693 nolite
1636 3639 1931 3693 communi-

344 3748 472 3784 care
500 3729 740 3798 operibus
785 3729 1130 3799 infructuosis
1174 3731 1525 3799 tenebrarum,
1558 3733 1726 3802 magis
1752 3740 1931 3786 autem

345 3821 673 3891 redarguite.
721 3818 853 3885 Quae
877 3821 1016 3874 enim
1038 3821 1095 3874 in
1125 3821 1329 3875 occulto
1372 3822 1509 3891 ﬁunt
1540 3823 1604 3877 ab
1640 3823 1790 3893 ipsis,
1818 3833 1933 3878 tur-

344 3928 412 3982 pe
433 3921 512 3967 est
535 3922 585 3966 et
614 3913 809 3967 dicere.
862 3911 1057 3968 Omnia
1081 3923 1257 3968 autem
1288 3930 1407 3986 qua
1443 3924 1761 3987 arguuntur,
1789 3933 1824 3971 a
1848 3916 1932 3970 lu-

345 4007 492 4059 mine
521 4004 954 4074 manifestantur.
994 4004 1160 4061 Omne
1187 4007 1328 4061 enim
1356 4009 1493 4079 quod
1531 4009 1929 4079 manifestatur,

345 4097 527 4152 lumen
565 4108 665 4155 est.
715 4096 944 4166 Propter
974 4102 1112 4169 quod
1155 4098 1335 4153 dicit:
1370 4098 1537 4170 Surge
1581 4100 1671 4171 qui
1709 4101 1930 4168 dormis,

344 4200 396 4245 et
421 4206 647 4261 exsurge
684 4207 716 4245 a
741 4191 988 4259 mortuis,
1031 4200 1082 4245 et
1108 4191 1437 4245 illuminabit
1466 4202 1515 4246 te
1536 4191 1798 4248 Christus.
1841 4193 1935 4247 Vi-

342 4286 467 4341 dete
497 4288 699 4357 itaque,
751 4285 967 4355 fratres,
1010 4285 1271 4356 quomodo
1317 4295 1469 4340 caute
1501 4286 1797 4352 ambuletis,
1831 4304 1934 4342 non
1986 4358 1990 4363 '

412 4499 473 4539 ια’
492 4495 629 4573 Sap.
649 4505 818 4570 ιιιμξ..
844 4503 911 4575 νιτγ
947 4505 1077 4575 Sap.
1103 4521 1197 4575 xv,
1230 4504 1286 4575 μ
1308 4502 1361 4557 2.

342 4575 546 4631 Thess.
582 4589 644 4636 lt,
668 4578 752 4637 14.
787 4574 982 4638 15,16.

1458 4502 1504 4535 ⁸⁸
1540 4502 1704 4558 Eccli.
1759 4517 1936 4573 xxxiv,

2034 4502 2077 4556 ι.
2145 4496 2725 4573 "glsphgs.ny_,2_9-st.
2833 4496 2878 4527 ιο
2919 4496 3116 4573 Ephesi.
3151 4496 3423 4573 v,__‘l;‘2_l..

1096 4576 1140 4607 ³⁸
1179 4560 1223 4627 ll
1246 4560 1436 4628 Thess.
1475 4588 1557 4640 ιιι,
1585 4573 1702 4641 1,2.
1721 4574 1774 4628 5.
1851 4572 1899 4605 ⁵⁸
1934 4560 1936 4563 ’

2037 4560 2298 4641 ιιεῑυέρρ.
2327 4570 2381 4624 9.
2456 4560 2507 4601 ’ί
2544 4567 2689 4641 Psal.
2725 4560 3130 4641 x1._\_vn_,_ﬂ_,__15.
3204 4562 3252 4594 ⁸⁸
3287 4560 3425 4641 Sixti
3457 4567 3601 4641 _s_en_t.

341 4646 471 4702 176.
535 4645 583 4677 ⁸⁸
622 4644 813 4714 Steph.
855 4643 1108 4705 Dorensls
1149 4645 1203 4699 in
1251 4645 1432 4698 libello
1454 4637 1634 4714 oblato
1665 4660 1756 4699 an.
1788 4637 2421 4714 649,Ainisynod.'l{_om.
2453 4654 2610 4714 cons:
2638 4637 2696 4691 2.

370 4716 539 4789 (ἶνες.
574 4730 661 4786 ep.
690 4712 782 4779 59,
812 4714 906 4770 lib.
939 4730 1013 4769 Ix.
1091 4716 1137 4748 ⁶⁹
1176 4715 1411 4771 servitis.
1487 4714 1532 4746 “
1567 4712 1731 4784 Greg.
1763 4728 1849 4783 ep.
1882 4712 2085 4774 50,!ib.
2116 4728 2189 4768 IV.

2041 3184 2235 3240 stincta
2276 3182 2521 3238 funditus
2550 3181 2861 3251 huiusmodi
2905 3180 3135 3252 caligine
3164 3181 3232 3246 ",
3285 3178 3501 3235 Lucifer
3531 3179 3611 3233 eis

2039 3274 2405 3344 resplendeat,
2449 3282 2503 3328 et
2554 3273 2739 3329 laetitia
2781 3273 2989 3329 oriatur
3029 3274 3081 3327 in
3110 3272 3364 3329 cordibus
3394 3286 3609 3327 eorum.

2039 3364 2367 3434 Conﬁdimus
2395 3373 2569 3420 autem
2599 3366 2664 3420 de
2690 3366 2850 3431 vobis,
2883 3365 3100 3430 fratres,
3132 3366 3188 3419 in
3215 3364 3463 3431 Domino,
3482 3381 3611 3436 quo-

2038 3458 2184 3512 niam
2212 3473 2330 3528 qua:
2349 3457 2713 3533 praecepimus,
2731 3466 2780 3511 et
2803 3456 3003 3526 facitis,
3030 3465 3079 3510 et
3098 3457 3307 3525 facietis
3327 3456 3394 3510 "’.
3428 3454 3612 3523 Quan-

2037 3557 2094 3604 to
2125 3549 2270 3603 enim
2304 3547 2564 3604 beneﬁcia
2585 3557 2765 3604 vestra
2791 3549 2873 3604 his
2903 3547 3137 3618 amplius
3168 3547 3456 3607 exhibetis.
3487 3556 3610 3602 tan-

2037 3645 2094 3693 to
2120 3637 2380 3707 majorem
2433 3637 2860 3693 vicissitudinem
2907 3637 2978 3692 ab
3016 3637 3371 3708 omnipotenti
3396 3635 3506 3692 Deo
3538 3637 3608 3703 ⁸⁸,

2036 3728 2127 3784 cui
2163 3728 2407 3785 serviunt
2435 3730 2479 3762 ”
2501 3770 2517 3797 ,
2547 3729 2893 3799 exspectatis.
2943 3728 3298 3799 Omnipotens
3342 3727 3486 3784 Deus
3509 3744 3608 3784 sua

2034 3838 2134 3879 vos
2183 3822 2521 3893 protectione
2572 3823 2844 3879 custodiat
2867 3823 2934 3889 θ’,
2987 3822 3361 3893 honoremque
3392 3828 3445 3876 et
3467 3836 3606 3891 prse-

2035 3920 2254 3983 ceptum
2306 3926 2526 3967 servare
2577 3911 2869 3974 concedat,
2914 3918 2968 3965 et
2987 3908 3157 3979 gloria
3185 3908 3469 3977 honorque
3495 3904 3607 3960 Deo

2033 4003 2185 4059 Patri
2213 4003 2598 4073 omnipotenti,
2616 4002 2844 4073 ejusque
2866 4001 3146 4070 unigenito
3171 3997 3310 4053 Filio
3336 3994 3606 4051 Salvatori

2037 4106 2247 4159 nostro,
2301 4110 2427 4150 cum
2480 4092 2686 4164 Spiritu
2738 4099 2928 4148 sancto
2960 4090 3031 4145 sit
3068 4091 3122 4144 in
3150 4087 3346 4144 saecula
3374 4086 3606 4142 saeculo-

2034 4191 2198 4244 rum.‘
2227 4188 2423 4243 Amen.
2476 4184 2610 4241 Data
2648 4183 2692 4216 “
2741 4199 2819 4238 xu
2877 4181 2996 4236 Kal.
3045 4178 3246 4250 Aprilis
3276 4177 3607 4232 Maximiano

2034 4287 2090 4336 et
2119 4278 2382 4335 Africano
2413 4278 2545 4333 viris
2573 4273 2896 4331 clarissimis
2926 4270 3266 4329 consulibus.

2833 4496 2878 4527 '°
2919 4493 3116 4563 Ephes.
3151 4489 3422 4563 val-21.;
3477 4490 3520 4522 ⁵¹
3560 4487 3606 4543 ll

2780 4636 2824 4668 ⁸⁷
2866 4626 2911 4689 ll
2978 4626 3174 4691 Thess.
3208 4648 3290 4694 ιιι,
3322 4630 3376 4684 4.
3455 4630 3499 4662 ⁵⁸
3536 4626 3605 4687 Β.

2268 4711 2312 4744 ⁸⁸
2351 4726 2420 4766 ex
2451 4726 2555 4766 ms.
2582 4706 2818 4765 Justelli.
