4034 6376
501 420 602 476 I79

1768 417 1830 492 ε.
1867 415 2211 473 FABIANUS
2250 414 2446 469 pars.

3639 405 3744 460 180

495 535 574 591 De
610 522 848 607 epistolis
891 547 942 593 ct
984 539 1449 595 constitutionibus
1490 538 1559 592 ad
1592 534 1896 593 Fabianum
1939 537 2068 591 atti-
2096 544 2141 599 Α
2171 551 2314 601 rum,
2346 535 2399 588 in
2446 533 2644 604 quibus
2687 529 2963 584 Fabianus
3008 536 3064 584 et
3106 535 3311 597 septem
3357 524 3744 585 subdiacouos.

1150 612 1412 664 nentibus.

565 722 619 778 l.
649 720 932 794 Origenes,
980 722 1217 779 Eusebio
1257 732 1397 779 teste
1423 724 1466 790 ’,
1498 723 1566 778 ad
1598 721 1901 778 Fabianum
1931 737 2067 792 apo-

491 812 780 882 logeticam
821 815 1040 885 scripsit
1079 815 1407 884 epistolam,
1446 830 1555 884 qua
1593 830 1652 869 se
1698 812 2067 869 orthodoxam

492 905 725 974 probare
749 906 1041 961 nitebatur.
1070 904 1219 961 lianc
1244 916 1443 962 notans
1472 904 1836 976 Hieronymus
1858 906 1913 960 ἐ
1945 903 2068 974 Ipse

495 994 765 1065 Origenes,
795 994 993 1065 inquit,
1021 997 1077 1049 in
1115 996 1337 1067 epistola
1367 1013 1525 1066 quam
1552 996 1737 1049 scribit
1761 996 1830 1049 ad
1865 994 2067 1049 Fabia-

491 1104 617 1141 num
642 1085 894 1143 Romante
918 1087 1063 1165 urbis
1085 1090 1403 1158 episcopum,
1429 1089 1789 1158 penitentiam
1813 1089 1945 1159 agit,
1970 1103 2066 1142 cur

491 1177 623 1231 talia
666 1178 761 1249 (ob
805 1194 928 1249 qua:
968 1180 1023 1233 in
1077 1179 1197 1249 ejus
1248 1179 1661 1235 damnationem
1722 1177 1898 1235 Roma
1957 1179 2065 1235 sub

487 1268 755 1329 Pontiano
789 1270 1167 1342 consenserat)
1207 1272 1503 1341 scripserit,
1538 1280 1589 1325 et
1633 1287 1822 1325 causas
1855 1271 2064 1325 temeri-

490 1359 616 1413 tatis
644 1360 701 1412 in
726 1360 1064 1414 Ambrosium
1094 1362 1274 1431 refert,
1306 1362 1445 1431 quod
1478 1370 1676 1416 secreto
1711 1362 1853 1416 edita
1881 1363 1935 1415 in
1965 1377 2064 1431 pu-

487 1449 681 1504 blicum
704 1451 1008 1520 protulerit.

556 1541 610 1597 2.
642 1544 951 1615 Cyprianus
978 1544 1141 1615 epist.
1170 1545 1240 1601 55
1267 1546 1337 1601 ad
1372 1545 1688 1601 Cornelium
1728 1544 1911 1611 docet,
1942 1543 2062 1600 Pri-

487 1643 671 1690 vatum
698 1636 1147 1699 Lambesitanum
1180 1638 1497 1708 episcopum
1542 1637 1597 1692 in
1629 1638 1746 1708 ipsa
1779 1636 2060 1692 Lambesi-

487 1737 613 1784 tana
637 1730 873 1795 colonia,
902 1730 974 1785 ob
1006 1732 1177 1786 multa
1208 1740 1262 1786 et
1298 1730 1482 1802 gravia
1513 1730 1731 1795 delicta,
1760 1730 2060 1798 nonaginta

484 1821 866 1890 episcoporqu
916 1823 1184 1878 sententia
1232 1822 1577 1886 damnatum,
1604 1820 1834 1874 Fabiani
1861 1829 1912 1874 et
1949 1819 2058 1874 Do-

2168 628 2260 696 qui
2289 626 2512 681 totidem
2544 623 2775 678 notariis
2803 623 2869 676 ad
2899 619 3295 676 conscribenda
3325 628 3627 688 martyrum
3652 632 3738 686 ge-

2167 728 2250 774 sta
2283 716 2650 782 imminerent,
2685 713 3040 770 constituisse
3086 710 3316 780 legitur,
3368 723 3546 779 neque
3577 709 3739 763 etiam

2162 824 2266 881 par
2291 808 2508 864 videtur
2534 801 2890 864 additamenti
2937 805 3101 875 hujus
3127 802 3447 859 auctoritas.
3471 800 3739 855 Praeterea

2164 917 2230 958 ex
2259 915 2347 969 eo,
2370 901 2517 972 quod
2544 898 2862 971 Gregorius,
2887 898 2956 954 ab
2981 897 3210 968 Eulogio
3234 893 3607 950 Alexandrino
3635 892 3742 961 epi-

2165 1007 2333 1061 scopo
2357 999 2578 1062 rogatus
2605 999 2666 1046 ut
2684 1006 2808 1062 quae
2829 988 3101 1045 Eusebius
3121 986 3417 1057 collegerat
3438 993 3735 1054 martyrum

2164 1092 2312 1153 gesta
2354 1084 2421 1140 ad
2465 1097 2525 1138 se
2567 1083 2981 1147 transmitteret,
3016 1081 3110 1135 lib.
3144 1094 3266 1143 vm,
3307 1077 3466 1146 epist.
3509 1076 3613 1138 29,
3647 1090 3736 1127 re-

2162 1174 2394 1244 spondet
2423 1192 2437 1227 :
2468 1172 2639 1229 Nulla
2670 1175 2724 1229 in
2751 1174 2961 1228 archiva
2973 1172 3130 1242 hujus
3158 1181 3355 1226 nostra:
3381 1169 3630 1224 Ecclesia:
3659 1165 3738 1221 vel

2162 1268 2218 1321 in
2242 1266 2498 1322 Romana:
2519 1267 2666 1320 urbis
2692 1266 3016 1321 bibliothecis
3040 1281 3151 1320 esse
3175 1265 3413 1336 cognovi,
3440 1264 3543 1317 nisi
3563 1278 3738 1333 pauca

2161 1358 2405 1429 quaedam
2437 1360 2496 1414 in
2538 1360 2697 1429 unius
2731 1359 2928 1415 codicis
2964 1357 3227 1413 uolumine
3262 1357 3516 1421 collecta;
3540 1356 3607 1411 de
3638 1370 3737 1411 ve-

2159 1450 2320 1506 ritate
2348 1459 2647 1522 gestorum,
2676 1467 2798 1522 quae
2845 1460 2905 1505 ut
2942 1448 3131 1505 Romae
3158 1450 3466 1519 conscripta
3505 1449 3739 1502 circum-

2159 1539 2434 1609 feruntur,
2471 1543 2722 1598 nonnulli
2756 1543 3027 1598 dubitant.
3060 1540 3248 1597 Verbis
3269 1548 3449 1596 tamen
3485 1538 3730 1610 Gregorii

2158 1635 2405 1704 pressius
2452 1634 2815 1690 insistendum
2858 1649 2967 1689 non
3003 1642 3107 1688 est.
3144 1632 3222 1689 Eo
3260 1633 3405 1687 enim
3454 1631 3732 1700 antiquior

2158 1733 2214 1779 et
2250 1740 2436 1780 rerum
2476 1725 2864 1780 historicarum
2907 1726 3138 1797 peritior
3165 1724 3415 1779 Gelasius
3439 1725 3598 1792 epist.
3637 1723 3727 1785 '55,

2160 1830 2214 1869 n.
2254 1814 2309 1879 6,
2333 1816 2579 1885 agnoscit
2605 1831 2671 1871 ac
2698 1816 2892 1885 recipit
2919 1825 3062 1886 gesta
3084 1823 3385 1868 sanctorum
3409 1823 3727 1881 martyrum,

484 1914 597 1967 nati
637 1914 831 1969 litteris
873 1914 1198 1969 seuerissime
1244 1922 1484 1966 notatum
1535 1911 1720 1980 fuisse.
1775 1909 1931 1976 Quod
1979 1909 2056 1963 ita
2088 1906 2130 1967 Β
2157 1906 2249 1976 qui
2280 1906 2665 1976 multiplicibus
2699 1918 3081 1963 tormentorum
3112 1907 3434 1959 cruciatibus
3478 1917 3527 1959 et
3558 1907 3727 1958 mira-

485 2002 718 2073 iutelligi
768 2011 982 2072 potest,
1021 2012 1081 2056 ut
1114 2001 1393 2056 Fabianus
1439 1999 1805 2054 Lambesitani
1838 1998 2055 2054 concilii

482 2093 679 2148 litteris
729 2102 844 2148 tum
894 2094 961 2149 de
1006 2094 1204 2148 Privati
1235 2093 1448 2148 delictis
1492 2100 1548 2146 et
1587 2091 1800 2155 bmresi,
1836 2099 1950 2145 tum
1987 2090 2057 2144 de

482 2186 751 2241 sententia
799 2187 853 2240 in
900 2201 1025 2240 eum
1068 2185 1178 2240 lata
1209 2186 1408 2240 certior
1438 2183 1635 2251 lactus,
1675 2182 1741 2238 ad
1774 2182 2052 2237 Privatum

483 2278 663 2345 ipsum
718 2278 1018 2347 scripserit,
1055 2293 1290 2347 eumque
1323 2277 1668 2333 severissime
1695 2277 2050 2344 corripuerit;

480 2369 583 2434 vd,
610 2369 755 2439 quod
793 2369 1131 2439 probabilius
1154 2370 1390 2435 videtur,
1423 2369 1488 2424 ad
1530 2371 1797 2441 synodum
1831 2386 1954 2441 quae
1984 2370 2051 2425 ad

478 2473 539 2514 se
585 2460 878 2530 scripserat
925 2461 1270 2525 rescribens,
1313 2461 1691 2532 gravissimam
1730 2462 1859 2516 huic
1883 2462 2053 2517 Incre-

479 2554 586 2608 tico
638 2563 824 2608 notam
869 2552 1150 2609 inusserit.
1196 2551 1382 2623 Neque
1415 2562 1595 2608 tamen
1642 2554 1854 2623 quievit
1887 2554 2052 2609 versi-

476 2643 631 2713 pellis
677 2644 843 2698 homo
872 2663 886 2711 ;
920 2645 1014 2700 sed
1065 2654 1189 2715 post
1232 2643 1481 2711 Fabiani,
1518 2653 1580 2699 ut
1612 2645 1865 2716 colligere
1897 2657 1982 2700 est
2004 2646 2047 2713 δ,

478 2743 732 2802 mortem,
761 2752 857 2806 spe
891 2737 1146 2791 inductus
1174 2736 1479 2807 decipiendi
1523 2737 1655 2792 cleri
1689 2738 1832 2808 ejus,
1859 2753 2049 2808 quem-

477 2825 601 2880 dam
629 2842 660 2880 e
702 2827 957 2896 nequitia:
999 2843 1113 2883 suae
1155 2829 1383 2883 cohorte
1431 2829 1775 2884 vexillarium
1816 2828 2045 2885 Romam

478 2918 648 2984 misit,
677 2919 768 2987 qui
796 2918 939 2987 furto
972 2929 1021 2972 et
1061 2919 1426 2988 fraudulenter
1455 2921 1661 2975 litteras
1691 2922 1838 2991 pacis
1862 2922 2048 2977 elicere

477 3021 705 3063 curaret.
762 3007 934 3063 Simul
983 3018 1037 3063 et
1084 3010 1389 3081 Cyprianus
1423 3011 1598 3066 eidem
1639 3012 1786 3067 clero
1824 3027 2045 3081 cavens,

2157 1996 2352 2050 bilibus
2398 1998 2787 2067 confessionum
2853 1997 3130 2065 triumphis
3181 1996 3470 2051 irradiant.
3524 1993 3725 2048 Verum

2155 2090 2249 2144 ubi
2297 2090 2445 2145 addit
2494 2090 2635 2145 idem
2681 2106 2819 2161 papa
2869 2108 2883 2144 :
2931 2089 3059 2143 Ideo
3108 2089 3393 2143 secundum
3450 2087 3726 2157 antiquam

2154 2180 2581 2234 consuetudinem
2610 2179 2874 2250 singulari
2906 2179 3115 2233 cautela
3159 2178 3215 2232 in
3256 2186 3445 2243 sancta
3484 2176 3726 2231 Romana

2154 2272 2397 2328 Ecclesia
2438 2289 2540 2327 non
2585 2272 2854 2344 leguntur,
2886 2276 3011 2345 quia
3057 2284 3107 2327 et
3157 2288 3334 2326 eorum
3369 2273 3457 2341 qui
3491 2271 3727 2323 conscri-

2150 2380 2298 2434 psere
2337 2366 2550 2419 nomina
2594 2365 2803 2435 penitus
2853 2365 3184 2435 ignorantur,
3232 2363 3475 2433 praedicti
3506 2362 3725 2417 addita-

2150 2459 2320 2512 menti
2354 2458 2516 2513 tidem
2554 2460 2784 2513 multum
2820 2458 3111 2512 imminuit.
3142 2455 3286 2510 Nihil
3316 2457 3515 2526 quippe
3537 2456 3604 2509 ad
3630 2471 3726 2525 ge-

2150 2559 2361 2605 storum
2392 2550 2608 2604 illorum
2632 2549 2918 2603 αὐθεντίαν
2943 2548 3183 2605 defuisse
3205 2549 3498 2613 videretur,
3531 2549 3576 2603 si
3612 2541 3725 2602 R04

2148 2642 2298 2697 mani
2323 2643 2598 2713 pontiﬁcis
2620 2643 2941 2698 auctoritate
2962 2658 2992 2697 a
3019 2651 3224 2712 septem
3250 2641 3499 2705 notariis,
3521 2640 3724 2710 quibus

2149 2735 2425 2806 praapositi
2473 2736 2707 2792 fuissent
2744 2736 2967 2790 totidem
3011 2735 3329 2789 subdiaconi
3355 2776 3370 2799 ,
3409 2734 3721 2801 conscripta

2146 2836 2351 2882 essent.
2391 2826 2462 2881 Ut
2503 2836 2563 2882 ut
2608 2836 2727 2894 est,
2779 2826 3049 2882 Eusebius
3090 2827 3184 2881 lib.
3224 2843 3275 2881 vt
3321 2825 3495 2890 Hist.,
3530 2842 3578 2880 c.
3624 2825 3718 2889 45,

2147 2916 2310 2973 ﬁdem
2361 2916 2513 2985 facit,
2564 2918 2668 2974 sub
2720 2918 2945 2973 Fabiani
2994 2933 3313 2974 successore
3358 2917 3611 2972 Cornelio
3661 2917 3717 2970 in

2145 3008 2395 3065 Romana
2432 3010 2672 3066 Ecclesia
2704 3019 2909 3079 septem
2942 3010 3206 3065 diaconos
3230 3010 3564 3079 totidemque
3595 3008 3721 3064 sub-

478 3117 583 3155 rem
623 3100 908 3154 sollicitam
953 3101 1054 3171 ipsi
1094 3102 1399 3167 nuntiavit,
1453 3094 1558 3158 hac
1604 3112 1688 3160 est
1722 3107 1809 3158 vel
1838 3105 1906 3160 de
1935 3121 2045 3176 qua
2138 3102 2409 3157 diaconos
2439 3103 2714 3176 exstitisse
2745 3121 2758 3156 :
2790 3118 2854 3157 ac
2889 3103 3170 3172 probabile
3208 3112 3290 3157 est
3320 3102 3620 3156 Fabianum
3650 3116 3720 3157 eo

477 3189 742 3247 sollicitus
794 3198 913 3245 erat
966 3191 1145 3247 clerus
1195 3190 1499 3255 Romanus,
1545 3192 1629 3248 vel
1678 3193 1882 3264 potius,
1923 3212 2043 3251 mea

473 3282 694 3347 quidem
730 3283 1018 3349 sententia,
1050 3284 1118 3338 de
1164 3299 1275 3354 qua
1322 3283 1591 3340 sollicitus
1628 3294 1748 3340 erat
1790 3286 1906 3357 ipse
1937 3287 2044 3360 Cy-

474 3373 719 3442 prianus,
752 3390 820 3428 ne
850 3374 1100 3429 videlicet
1127 3372 1381 3430 Privatus
1422 3374 1686 3432 Romanis
1721 3378 2042 3448 imponeret.

474 3461 675 3519 Verum
722 3465 1139 3535 vigilantissimo
1187 3465 1335 3520 clero
1381 3467 1662 3537 imponere
1710 3484 1818 3523 non
1876 3470 2045 3525 valuit

473 3551 708 3605 emissus
740 3567 770 3605 a
809 3551 1029 3606 Privato
1074 3552 1312 3622 perﬁdia:
1354 3569 1584 3612 consors
1627 3557 1876 3613 callidus.
1904 3557 2042 3614 Nam

471 3650 526 3697 et
571 3652 860 3713 antequam
910 3643 1165 3715 Cypriani
1205 3645 1259 3699 in
1308 3645 1507 3702 Urbem
1557 3648 1747 3704 littera:
1796 3652 2043 3720 permni-

471 3740 615 3797 rent,
644 3750 734 3787 nec
760 3734 877 3804 quis
915 3745 1047 3788 esset
1090 3734 1270 3802 latuit,
1307 3754 1396 3792 nec
1439 3738 1645 3794 litteras
1673 3757 1805 3811 quas
1840 3742 2041 3797 uolebat

468 3827 687 3894 accepit.

537 3921 590 3975 5.
626 3920 801 3977 Verba
846 3924 948 3979 ista
996 3924 1320 3982 Bucheriani
1351 3928 1597 3999 Catalogi
1638 3928 1704 3984 de
1738 3927 1979 3984 Fabiano
2021 3948 2035 3982 :

468 4011 572 4067 Hic
621 4017 855 4085 regiones
898 4018 1080 4072 diuisit
1124 4020 1454 4079 diaconibus.
1492 4030 1539 4075 et
1578 4021 1774 4075 multas
1806 4021 2037 4090 fabricas

462 4121 555 4174 per
580 4109 873 4162 cremeteria
922 4110 1040 4178 ﬁeri
1075 4110 1261 4180 jussit,
1311 4110 1365 4165 in
1414 4110 1731 4167 Fossatensi
1773 4123 1829 4167 et
1867 4113 2037 4167 altero

462 4197 664 4267 reginae
704 4198 1005 4255 Succorum
1037 4203 1120 4257 sic
1147 4203 1467 4271 interpolata
1507 4204 1737 4274 legimus
1773 4220 1787 4257 :
1828 4203 1930 4258 Hic
1955 4220 2037 4258 re-

462 4288 637 4357 giones
668 4289 849 4345 diuisit
872 4292 1201 4359 diaconibus,
1229 4302 1279 4347 et
1312 4294 1435 4363 fecit
1464 4304 1657 4363 septem
1692 4293 1856 4365 (apud
1893 4294 2030 4350 Boil.

460 4378 576 4447 seu)
606 4378 976 4445 subdiaconos,
1000 4384 1090 4453 qui
1110 4392 1305 4452 septem
1337 4386 1560 4437 notariis
1590 4386 1944 4452 imminerent,
1976 4396 2032 4440 ut

461 4479 612 4542 gesta
637 4482 931 4543 martyrum
960 4476 1187 4543 fideliter
1211 4476 1547 4546 colligerent;
1576 4493 1639 4533 ac
1663 4479 1854 4535 deinde
1879 4479 2035 4535 omit-

462 4562 616 4626 titur,
644 4570 694 4618 et
723 4564 918 4617 multas
965 4565 1197 4635 fabricas
1231 4584 1324 4637 per
1366 4571 1661 4624 cmucteria
1696 4571 1811 4639 ﬁeri
1838 4571 2029 4640 jussit.
2065 4595 2108 4650 ο

461 4650 701 4724 Tempus
752 4655 937 4725 pacis,
985 4672 1094 4727 qua
1142 4656 1387 4714 Ecclesia
1433 4659 1683 4732 Philippo
1733 4662 2033 4731 imperante

460 4746 766 4813 fruebatur,
797 4747 978 4803 locum
1011 4748 1251 4806 Fabiano
1275 4752 1444 4819 dedit,
1495 4761 1555 4807 ut
1592 4754 1646 4807 in
1678 4755 2028 4819 cmmeteriis,

460 4838 513 4893 in
553 4839 755 4909 quibus
794 4852 1097 4897 conventus
1130 4844 1405 4902 celebrare
1442 4860 1507 4901 ac
1539 4860 1695 4900 sacra
1738 4844 1917 4901 facere
1945 4863 2035 4902 so-

458 4931 643 4986 lebant
682 4931 890 4999 ﬁdeles,
926 4932 1161 4989 fabricas
1196 4937 1314 4991 ﬁeri
1355 4937 1438 4991 vel
1479 4937 1665 5008 augeri
1692 4937 2031 5008 praeciperet.

458 5022 602 5080 Idem
634 5041 854 5096 quoque
900 5037 1131 5096 tempus,
1174 5038 1233 5083 ut
1276 5030 1565 5099 quemdam
1597 5031 1845 5100 regenda:
1869 5031 2033 5089 Urbis

456 5118 886 5199 commodiorem
947 5120 1195 5176 ordinem
1264 5121 1607 5188 institueret,
1656 5122 1706 5176 ei
1763 5122 2028 5192 permisit.

456 5210 723 5277 Quocirca
761 5230 888 5270 cum
921 5212 1246 5269 Buclieriani
1284 5214 1515 5285 catalogi
1551 5214 1605 5268 in
1644 5213 1862 5268 Liberio
1886 5214 2032 5269 desi-

456 5304 637 5360 neutis
669 5307 991 5376 antiquitas,
1020 5316 1134 5362 tum
1176 5308 1293 5376 ipsa
1325 5306 1582 5376 temporis
1621 5306 1760 5359 ratio
1792 5305 1845 5359 id
1872 5306 2031 5361 nobis

456 5395 617 5451 facile
642 5399 991 5466 persuadent,
1019 5400 1164 5469 quod
1189 5400 1243 5455 in
1266 5415 1332 5455 eo
1357 5400 1604 5469 catalogo
1627 5400 1694 5453 de
1719 5398 2031 5469 regionibus

456 5490 796 5561 singulorum
837 5491 1195 5548 diaconorum
1229 5508 1376 5548 cura:
1402 5491 1713 5547 commissis
1741 5506 1806 5546 ac
1845 5491 2031 5546 multis

454 5580 677 5638 fabricis
711 5581 935 5638 Fabiani
958 5585 1117 5655 jussu
1148 5585 1478 5640 constructis
1506 5583 1782 5638 scribitur.

525 5677 578 5732 4.
608 5677 712 5732 Sed
744 5678 870 5749 quia
900 5693 1000 5749 par
1031 5694 1138 5733 non
1178 5686 1261 5732 est
1298 5676 1596 5745 antiquitas
1642 5690 1831 5729 eorum
1861 5674 2029 5730 libro-

529 5874 550 5906 ²
583 5873 782 5930 Euseb.
836 5873 929 5931 lib.
963 5891 1035 5938 vt,
1092 5888 1137 5928 c.
1193 5874 1281 5927 26.
1408 5873 1594 5929 ’llier.
1646 5874 1807 5936 epist.
1848 5873 1915 5928 65
1964 5873 2027 5927 ad

2147 3189 2267 3259 ipso
2298 3200 2560 3262 tempore,
2597 3207 2706 3262 quo
2737 3192 2968 3263 singulis
2995 3194 3239 3247 diaconis
3281 3193 3452 3247 oﬁicia
3487 3194 3718 3263 partitus

2144 3288 2249 3346 est,
2287 3295 2385 3336 sua
2427 3281 2594 3335 etiam
2638 3281 3010 3347 subdiaconis,
3042 3283 3247 3351 quaevis
3288 3282 3378 3335 illa
3410 3282 3539 3348 sint,
3578 3281 3721 3336 assi-

2145 3388 2357 3443 gnasse.
2392 3371 2547 3429 Tunc
2569 3389 2700 3429 vero
2733 3372 2908 3427 Roma
2941 3373 2995 3427 in
3025 3374 3436 3444 qualuordecim
3465 3374 3718 3443 regiones

2143 3466 2522 3539 dividebatur;
2558 3482 2625 3521 ex
2647 3482 2758 3536 quo
2783 3467 3053 3536 sequitur,
3100 3476 3160 3521 ut
3199 3467 3431 3538 singulis
3472 3466 3719 3525 diaconis

2142 3559 2264 3613 duas
2291 3559 2564 3613 attributa:
2599 3557 2838 3623 fuerint,
2867 3575 2978 3628 quo
3008 3558 3225 3615 facilius
3259 3574 3522 3629 pauperes
3549 3574 3718 3629 quos-

2142 3666 2250 3722 que
2276 3650 2618 3722 dignoscere,
2651 3651 2840 3720 eisque
2867 3651 3159 3705 subvenire
3186 3660 3428 3720 possent.

2212 3740 2290 3795 De
2320 3742 2446 3794 aliis
2474 3741 2716 3809 epistolis
2748 3757 2810 3794 ac
2841 3742 3063 3795 decretis
3093 3740 3336 3796 Fabiano
3371 3744 3639 3812 ascriptis.

2211 3833 2265 3887 l.
2292 3831 2532 3888 Isidorus
2561 3831 2833 3889 Mercator
2871 3834 3046 3889 tribus
3080 3834 3326 3903 epistolis
3361 3834 3585 3889 Fabiani
3617 3852 3715 3890 no.

2140 3925 2289 3979 mine
2315 3926 2585 3991 conﬁctis,
2617 3926 2854 3996 ideoque
2878 3927 3043 3980 alium
3068 3926 3121 3980 in
3153 3936 3358 3981 tomum
3383 3928 3712 3998 rejiciendis,

2141 4018 2515 4073 collectionem
2557 4035 2712 4074 suam
2738 4019 2909 4073 auxit.
2949 4017 3028 4072 Ex
3066 4034 3173 4073 una
3214 4019 3427 4074 illarum
3458 4036 3523 4075 ea
3558 4020 3714 4075 ﬂuxit

2140 4110 2346 4179 Opinio,
2382 4126 2490 4180 qua
2518 4109 2813 4176 Fabianus,
2841 4120 2898 4165 ut
2925 4110 3167 4165 chrisma
3206 4126 3300 4181 per
3334 4112 3578 4182 singulos
3616 4128 3715 4166 an-

2139 4217 2262 4271 nos,
2290 4212 2471 4260 vetere
2500 4204 2753 4269 incenso,
2781 4203 2836 4258 in
2863 4204 3035 4260 (Stena
3069 4202 3286 4259 Domini
3327 4204 3710 4269 conﬁceretur,

2138 4295 2492 4351 constituisse
2522 4295 2783 4350 creditur.
2809 4293 3077 4360 Quocirca
3101 4295 3201 4349 levi
3230 4310 3361 4349 sane
3383 4311 3446 4349 ac
3471 4296 3710 4350 sublesta

2138 4385 2464 4441 auctoritate
2508 4386 2699 4440 nititur
2736 4385 3053 4455 hujusmodi
3103 4385 3307 4454 opinio.
3338 4385 3488 4439 illam
3529 4398 3708 4440 autem

2138 4478 2475 4548 expendendi
2521 4479 2696 4548 aptior
2734 4478 2952 4533 dabitur
2987 4478 3225 4542 occasio,
3261 4477 3350 4532 ubi
3382 4494 3481 4540 ea,
3518 4479 3573 4532 in
3602 4494 3712 4547 qua

2138 4567 2284 4625 istud
2309 4570 2505 4623 asserit
2530 4568 2790 4636 Isidorus,
2817 4569 3044 4638 epistola
3076 4570 3284 4623 edetur.

2207 4657 2262 4711 2.
2298 4656 2563 4732 Praeterea
2596 4659 2772 4713 eidem
2813 4674 2965 4730 papae
2992 4660 3046 4713 in
3077 4660 3409 4715 editionibus
3441 4659 3713 4715 Concilio-

2137 4763 2260 4803 rum
2294 4749 2481 4805 decem
2523 4751 2895 4807 attribuuntur
2933 4753 3148 4808 decreta
3178 4768 3209 4808 c
3252 4752 3513 4807 Gratiano
3542 4761 3596 4806 et
3633 4752 3714 4807 al-

2138 4849 2255 4897 tera
2304 4842 2685 4910 compilatione
2733 4845 2979 4911 collecta,
3014 4845 3109 4900 sed
3152 4861 3329 4914 neque
3378 4844 3570 4913 majori
3606 4843 3714 4898 ﬁde

2138 4930 2323 4999 digna.
2360 4929 2426 4984 Et
2454 4932 2646 4986 horum
2691 4933 2914 5003 quidem
2963 4935 3197 5003 primum
3239 4936 3318 4988 sic
3345 4935 3660 4989 enuntiatur
3691 4951 3705 4987 :

2138 5021 2199 5078 Si
2231 5024 2346 5093 quis
2383 5026 2726 5079 contristatus
2768 5027 2994 5080 noluerit
3028 5028 3359 5081 reconciliari
3389 5028 3547 5096 fratri
3591 5046 3711 5096 suo,

2136 5117 2499 5185 satisfaciente
2541 5135 2599 5172 eo
2635 5121 2724 5189 qui
2770 5122 3131 5183 contristarit,
3172 5122 3441 5174 acerrimis
3483 5137 3716 5175 macere-

2138 5214 2223 5259 tur
2284 5208 2512 5275 inertiis,
2558 5213 2847 5279 usquedum
2893 5212 3131 5280 gratanti
3172 5213 3349 5264 animo
3384 5212 3713 5279 satisfactio-

2135 5315 2252 5351 nem
2287 5299 2521 5368 recipiat.
2549 5298 2733 5369 Neque
2767 5301 2818 5354 id
2850 5318 2877 5354 a
2913 5301 3176 5356 Gratiano
3208 5311 3417 5356 tantum
3452 5302 3580 5357 dist.
3618 5304 3709 5370 90,

2135 5406 2184 5446 c.
2222 5389 2308 5453 l0,
2342 5392 2432 5445 scd
2467 5401 2519 5445 et
2551 5392 2619 5446 ab
2647 5390 2808 5446 lvonc
2842 5409 2955 5462 pur.
2991 5393 3073 5457 13,
3109 5409 3157 5446 c.
3189 5394 3277 5460 60,
3311 5404 3364 5448 ct
3394 5394 3713 5449 Bnrcbardo

2135 5482 2210 5536 lib
2255 5500 2308 5545 χ,
2334 5499 2383 5538 c.
2412 5484 2502 5549 59,
2535 5485 2723 5538 eodem
2758 5487 2975 5539 nomine
3004 5486 3275 5540 laudatur.
3302 5485 3499 5540 Verum
3527 5488 3711 5552 priora

2134 5577 2254 5645 ejus
2285 5578 2729 5646 verbaexpressa
2755 5589 2879 5631 sunt
2904 5593 2969 5630 ex
3000 5576 3184 5632 Basilii
3218 5578 3441 5648 Regula,
3474 5579 3527 5631 in
3552 5579 3711 5647 cujus

2134 5672 2308 5737 capite
2346 5668 2409 5721 Ἠ
2445 5670 2545 5723 ista
2578 5684 2643 5722 ex
2679 5668 3119 5738 interpretatione
3152 5670 3332 5724 Ruﬁni
3361 5671 3712 5739 praemittitur

2140 5872 2452 5927 Patumacli.
2482 5885 2534 5927 et
2555 5872 2783 5939 0ccan.,
2810 5891 2857 5928 c.
2887 5873 2937 5927 «ι.
3049 5875 3071 5905 ⁸
3096 5872 3257 5941 Cypr.
3287 5873 3337 5926 in
3368 5872 3470 5926 line
3502 5888 3586 5942 cp.
3615 5871 3704 5925 ω.
