4034 6372
384 423 479 480 181

1845 427 2148 483 NOTITIA.

3538 415 3637 469 {82

381 544 652 615 quaestio:
689 545 833 609 Quid
862 546 910 600 si
956 547 1323 616 satisfaciente
1366 564 1426 601 ea
1472 549 1561 615 qui
1605 550 1960 613 contristabit,
1994 558 2037 612 Α
2141 547 2194 600 5.
2239 544 2534 600 Gratianus
2577 557 2740 606 xxxv,
2791 548 2984 610 quaest.
3027 539 3063 592 2
3094 547 3147 592 et
3184 538 3251 603 ὅ,
3288 551 3333 591 c.
3372 536 3444 599 '5,
3486 543 3545 588 ut
3572 550 3637 589 ex

381 638 612 691 noluerit
642 636 977 691 reconciliari
1008 639 1054 690 is
1096 639 1185 707 qui
1221 639 1566 693 cantristatus
1607 640 1725 695 est?
1746 637 1824 693 Ex
1860 642 1962 695 alia

379 736 565 782 autem
600 726 832 798 Regula,
860 730 944 782 vel
971 729 1038 783 ad
1071 729 1429 786 imitationem
1464 729 1683 801 Regula:
1708 732 1960 802 alicujus,

380 817 721 874 architectus
761 819 965 873 decreti
1017 818 1182 890 hujus
1228 822 1522 890 proposita:
1558 822 1848 891 quaestioni
1877 838 1964 878 re-

376 909 734 975 sponsionem
770 910 837 963 de
870 925 971 965 suo
1011 911 1263 980 subjecit.
1300 911 1358 966 ln
1405 912 1684 967 Pachomii
1737 912 1960 983 Regula,

377 1014 510 1068 cap.
536 999 628 1063 18,
655 1000 923 1069 legimus:
959 1002 1021 1055 Si
1065 1003 1182 1072 quis
1235 1005 1522 1057 iracundus
1566 1006 1645 1058 vel
1686 1006 1960 1061 tristitiam

374 1090 460 1144 vel
493 1090 752 1143 invidiam
779 1099 913 1145 tenet
941 1101 1124 1145 contra
1148 1094 1448 1161 proximum
1472 1110 1647 1161 suum,
1674 1103 1729 1147 ut
1759 1104 1959 1163 tempus

375 1183 647 1247 tenuerit,
683 1185 760 1237 ita
808 1185 910 1237 erit
951 1186 1256 1254 paenitentia
1282 1186 1428 1255 ejus,
1473 1186 1529 1239 in
1556 1202 1688 1256 pane
1717 1196 1768 1241 et
1796 1204 1956 1257 aqua.

372 1272 482 1329 Cui
513 1274 730 1346 Regultz
757 1278 917 1333 aliine
941 1287 1025 1334 est
1067 1279 1368 1345 decretum,
1411 1282 1558 1350 quod
1593 1281 1684 1337 lvo
1718 1298 1837 1352 par.
1870 1284 1956 1347 15,

373 1380 434 1427 c.
472 1365 562 1432 16,
613 1384 828 1423 rursum
880 1370 1028 1424 velut
1061 1386 1128 1425 ex
1163 1370 1405 1426 Fabiano
1439 1381 1629 1428 nostro
1673 1374 1806 1429 citat
1846 1392 1859 1430 :
1897 1373 1958 1430 Si

370 1457 500 1525 quis
550 1474 654 1511 non
686 1459 795 1513 uult
825 1462 1162 1515 reconciliari
1188 1463 1347 1531 fratri
1392 1480 1489 1517 sua
1536 1480 1688 1534 quem
1714 1466 1836 1519 odia
1864 1466 1960 1519 ha-

370 1547 484 1614 bet,
519 1550 706 1602 tandiu
736 1552 789 1605 in
813 1568 948 1620 pane
974 1561 1026 1606 et
1051 1569 1189 1623 aqua
1220 1554 1502 1621 paeniteat,
1530 1557 1820 1626 usquedum
1876 1574 1959 1610 re-

368 1639 698 1693 concilietur
723 1642 794 1696 ei.

448 1731 502 1785 5.
549 1734 816 1797 Alterum,
849 1735 1148 1790 secundum
1175 1735 1497 1793 Gratianum
1531 1754 1608 1803 γι,
1640 1749 1833 1809 quaest.
1866 1741 1954 1807 11,

365 1837 423 1877 c.
447 1823 537 1890 18,
554 1833 608 1879 et
635 1825 851 1879 lvonem
883 1826 1174 1895 par.l2,c.
1202 1828 1292 1894 65,
1325 1829 1379 1884 in
1416 1830 1560 1885 hunc
1576 1832 1799 1887 modum
1827 1848 1956 1902 pro-

2065 638 2305 693 Fabiano
2333 636 2592 692 exscribit
2635 635 2766 688 illud
2798 652 2810 687 :
2842 633 2918 686 De
2946 633 3271 703 propinquis,
3302 631 3393 700 qui
3428 627 3496 680 ad
3529 627 3640 695 alii-

2065 725 2286 784 nitatem
2306 743 2398 797 per
2422 730 2592 783 virum
2613 736 2661 781 et
2688 742 2901 780 uxorem
2932 728 3162 791 veniunt,
3195 726 3447 790 defuncta
3475 737 3638 776 uxore

2064 820 2140 874 vel
2183 821 2328 884 viro,
2380 819 2435 872 in
2491 819 2677 888 quinta
2728 812 3078 887 generatione
3108 817 3533 886 canjungantur;
3581 812 3637 865 in

2062 922 2273 982 quarta,
2305 913 2351 965 si
2381 910 2577 965 inventi
2623 911 2840 979 fuerint,
2877 925 2983 963 nan
3008 920 3337 978 separentur.
3369 905 3435 960 In
3477 906 3636 958 tertia

2063 1013 2236 1057 tamen
2262 1004 2655 1073 propinquitate
2691 1020 2793 1057 non
2832 1002 2952 1057 licet
2982 1016 3202 1055 uxorem
3239 997 3461 1053 alterius
3491 995 3639 1053 acci-z

2060 1110 2182 1164 pere
2228 1103 2343 1163 post
2388 1093 2589 1148 abitura
2634 1095 2768 1163 ejus.
2799 1093 3104 1164 Equaliter
3156 1092 3235 1146 vir
3278 1089 3634 1159 caujungatur

2060 1186 2115 1239 in
2160 1185 2496 1238 matrimonia
2539 1186 2614 1239 eis
2650 1201 2767 1255 quae
2805 1185 2907 1239 sibi
2953 1183 3353 1253 consanguinea:
3401 1191 3547 1247 sunt,
3576 1185 3631 1233 at

2060 1274 2242 1327 uxoris
2271 1290 2383 1329 suae
2411 1276 2814 1345 consanguineis
2844 1284 2960 1345 past
3005 1284 3225 1327 mortem
3270 1289 3383 1327 sua:
3423 1271 3629 1343 uxoris.

2064 1365 2259 1421 Verum
2292 1366 2573 1423 novissimi
2607 1365 2855 1423 Gratiani
2887 1367 3122 1424 editores
3152 1383 3182 1421 e
3209 1364 3479 1420 Theodori
3512 1363 3633 1418 Pa:-

2057 1459 2324 1513 nitentiali
2367 1470 2685 1529 excerptum
2740 1460 2960 1516 docent.
3022 1460 3160 1515 Illud
3215 1458 3396 1525 reipsa
3447 1459 3503 1512 in
3565 1472 3628 1511 ea

2059 1550 2446 1606 Paenitentialis
2482 1550 2750 1606 Theodori
2781 1560 2953 1622 parte,
2991 1566 3154 1621 quam
3182 1549 3497 1605 Goislianus
3533 1563 3629 1603 co-

2055 1642 2154 1696 dex
2179 1657 2209 1696 a
2253 1641 2354 1695 700
2385 1644 2543 1697 annis
2577 1652 2833 1698 exaratus
2867 1652 3138 1706 asscrvat,
3174 1644 3475 1711 reperimus
3524 1640 3629 1694 sub

2058 1734 2216 1789 titulo
2242 1733 2318 1787 De
2348 1735 2724 1805 quaestionibus
2751 1735 3132 1804 canjugiorum.
3162 1730 3347 1801 Neque
3363 1746 3490 1786 vero
3523 1731 3625 1787 sibi

2057 1832 2272 1878 constat
2294 1823 2608 1892 Gratianus,
2640 1825 2840 1894 quippe
2867 1825 2959 1893 qui
2996 1823 3194 1877 ibid.c.
3231 1822 3327 1887 15,
3368 1836 3473 1876 una
3500 1836 3625 1876 cum

364 1912 588 1968 fertur:
610 1914 920 1987 Quicunque
954 1919 1124 1973 sciens
1161 1936 1216 1974 se
1246 1920 1555 1990 pejeraverit
1594 1924 1946 1995 quadraginta

2055 1913 2217 1970 lvone
2248 1931 2367 1984 par.
2401 1916 2456 1982 9,
2492 1931 2611 1985 cap.
2654 1916 2757 1979 45,
2785 1925 2838 1969 et
2873 1914 3187 1970 Burchardo
3228 1914 3322 1969 lib.
3351 1929 3422 1967 vn
3443 1955 3459 1980 ,
3489 1928 3540 1967 c.
3573 1912 3626 1978 7,

361 2006 486 2059 dies
501 2006 556 2059 in
573 2024 707 2074 pane
718 2017 767 2062 et
785 2019 998 2080 aqua,et
1010 2022 1206 2081 septem
1224 2024 1488 2084 sequentes
1509 2031 1672 2071 annos
1681 2019 1953 2083 paeniteat;

358 2110 417 2153 et
452 2116 723 2170 nunquam
753 2103 825 2155 sit
849 2105 958 2157 sine
984 2106 1314 2173 paenitentia,
1344 2118 1392 2160 et
1427 2123 1695 2178 nunquam
1718 2110 1776 2164 in
1807 2111 1955 2164 testi-

362 2192 613 2245 monium
657 2194 986 2263 recipiatur;
1044 2199 1460 2252 communionem
1512 2210 1687 2255 tamen
1735 2204 1952 2273 posthac

358 2274 616 2353 recipiat.
649 2284 752 2340 Cui
796 2302 904 2341 non
948 2288 1198 2344 absimile
1228 2298 1311 2346 est
1346 2291 1500 2355 illud,
1544 2294 1690 2366 quod
1739 2294 1944 2351 Gratia-

358 2392 480 2431 nus
513 2392 651 2443 xxn,
684 2389 877 2448 quaest.
910 2380 966 2445 5,
995 2395 1043 2435 c.
1075 2381 1130 2444 4,
1166 2380 1407 2448 Gelasio,
1441 2383 1532 2439 lvo
1568 2393 1750 2442 autem
1779 2403 1831 2456 p.
1859 2388 1957 2450 12,

360 2483 419 2522 c.
456 2468 547 2534 66,
580 2477 639 2522 ut
680 2478 737 2524 ct
780 2469 1093 2536 Anselmus,
1129 2470 1462 2544 Polycarpus
1511 2489 1575 2530 ac
1603 2473 1950 2532 Burchardus

362 2558 589 2632 Pelagio
621 2561 929 2617 attribuunt
959 2582 973 2618 :
1006 2563 1066 2619 Si
1103 2566 1221 2635 quis
1252 2582 1307 2620 se
1333 2567 1703 2636 perjuraverit,
1735 2578 1783 2621 et
1814 2569 1949 2623 alios

363 2653 537 2706 sciens
556 2653 612 2707 in
635 2655 928 2724 perjurium
952 2656 1188 2723 duxerit,
1231 2658 1585 2728 quadraginta
1608 2661 1719 2714 dies
1746 2662 1950 2730 inpune

362 2755 413 2799 et
429 2756 644 2814 aqua,et
657 2757 851 2809 septem
873 2759 1138 2817 sequentes
1154 2764 1320 2802 annos
1342 2749 1662 2817 pwniteat,et
1682 2769 1949 2821 nunquam

361 2837 437 2890 sit
466 2838 584 2891 sine
595 2839 922 2906 paenitentia.
949 2839 1015 2894 Et
1042 2839 1141 2893 alii
1156 2839 1203 2893 si
1228 2842 1427 2894 conscii
1446 2842 1679 2911 fuerunt,
1705 2845 1950 2897 similiter

358 2929 676 2998 paniteant.
704 2930 877 2985 Porro
905 2933 1019 2987 haec
1065 2933 1175 2987 duo
1203 2934 1421 2989 decreta
1469 2948 1534 2987 ex
1567 2934 1775 2988 eodem'
1802 2933 1950 3009 fatue

359 3020 537 3075 ﬂuere
580 3036 691 3075 non
724 3022 873 3092 levis
922 3025 1163 3094 suspicio
1195 3033 1300 3082 est.
1335 3023 1506 3091 Quem
1559 3038 1689 3080 vero
1740 3023 1946 3095 fontem

2056 2015 2386 2076 postremam
2415 2008 2615 2063 decreti
2652 2007 2815 2076 hujus
2857 2015 3061 2077 partem
3095 2005 3240 2061 Julio
3274 2021 3424 2075 papa:
3455 2006 3627 2061 ascri-

2056 2098 2152 2153 bit.
2188 2098 2263 2154 De
2298 2099 2401 2153 hac
2428 2108 2610 2153 autem
2638 2098 3110 2153 matrimoniorum
3136 2099 3277 2153 circa
3305 2097 3492 2152 attines
3511 2097 3628 2167 lege

2054 2207 2183 2245 ann.
2227 2189 2388 2255 1216,
2437 2190 2491 2244 in
2524 2189 2755 2245 concilio
2798 2189 3037 2260 generali
3070 2187 3447 2254 Lateranensi,
3479 2188 3627 2258 quod

2055 2282 2265 2338 Decret.
2296 2282 2539 2353 Gregorii
2570 2280 2660 2347 ιιι,
2690 2282 2784 2336 lib.
2813 2298 2885 2345 tv,
2929 2282 3010 2336 tit.
3048 2282 3113 2336 14
3134 2322 3148 2349 ,
3182 2297 3230 2336 c.
3267 2280 3334 2346 8,
3371 2282 3626 2348 refertur,

2052 2376 2368 2445 derogatum
2400 2374 2520 2430 fuit.

2123 2467 2177 2521 6.
2206 2467 2481 2535 Superiori
2507 2467 2727 2521 decreto
2748 2464 3044 2520 Gratianus
3066 2465 3287 2534 subjicit
3309 2464 3451 2519 istud
3481 2465 3627 2519 velut

2054 2559 2118 2614 ad
2156 2558 2408 2613 eumdem
2454 2557 2754 2629 Fabianum
2795 2558 3071 2627 pertinens
3105 2573 3119 2610 :
3149 2556 3255 2622 Qui
3276 2558 3625 2627 propinquam

2052 2651 2326 2720 sanguinis
2369 2666 2586 2705 uxorem
2627 2649 2823 2703 ducunt
2850 2659 2899 2702 et
2927 2659 3266 2718 separantur,
3302 2665 3404 2702 non
3449 2646 3625 2703 licebit

2049 2743 2145 2809 eis,
2173 2743 2409 2813 quandiu
2444 2744 2650 2815 utrique
2674 2744 2869 2809 vivunt,
2897 2740 3035 2793 alias
3065 2757 3252 2795 uxores
3282 2741 3383 2796 sibi
3410 2743 3463 2795 in
3495 2757 3623 2795 cano

2040 2835 2197 2905 jugia
2251 2838 2498 2902 sociare,
2560 2836 2665 2889 nisi
2722 2835 3025 2905 ignorantia
3086 2845 3418 2888 excusentur.
3468 2832 3624 2888 Unde

2049 2928 2319 2997 conjicere
2358 2927 2515 2994 licet,
2545 2942 2610 2983 ex
2657 2942 2724 2981 eo
2772 2928 2892 2996 ipso
2925 2927 3084 2991 libro,
3117 2942 3179 2981 ex
3208 2941 3317 2995 quo
3350 2926 3620 2994 superius,

2049 3023 2381 3092 exscriptum
2417 3021 2609 3083 fuisse.
2648 3021 2895 3091 adeoque
2924 3018 3213 3075 Theodoro
3241 3016 3623 3073 (ﬁnituariensi

360 3110 521 3165 illum
552 3112 858 3181 opinemur,
898 3116 1000 3171 nisi
1027 3116 1298 3171 Theodori
1324 3117 1734 3171 Cantuariensis
1764 3115 1956 3170 Pteni-.
2048 3127 2169 3167 esse
2201 3112 2618 3167 restituendum.

361 3203 605 3303 tentiale,
633 3220 699 3259 ex
727 3222 838 3275 quo
868 3217 921 3260 et
955 3209 1094 3277 apud
1120 3208 1493 3264 Burchardum
1520 3209 1613 3263 lib.
1643 3224 1743 3275 ιιι,
1778 3224 1828 3265 c.
1856 3210 1943 3275 11,
1975 3244 2018 3303 C

357 3304 417 3349 et
439 3296 587 3364 apud
610 3298 834 3352 lvonem
858 3299 1025 3367 p.12,
1050 3318 1100 3355 e.
1119 3299 1209 3364 68,
1246 3300 1297 3354 id
1321 3302 1600 3371 conceptis
1614 3302 1796 3357 verbis
1824 3303 1928 3357 lau-

353 3386 551 3440 datum
568 3386 837 3457 legimus:
866 3387 926 3443 Si
954 3390 1072 3459 quis
1097 3391 1399 3459 suspicatur
1413 3391 1551 3461 quod
1568 3391 1637 3444 ad
1650 3392 1943 3461 perjurium

354 3476 618 3544 ducatur,
632 3488 681 3530 et
710 3486 887 3533 tamen
913 3495 978 3535 ex
1002 3496 1255 3534 consensu
1265 3480 1810 3551 julat,quadraginta
1831 3482 1943 3536 dies

353 3568 638 3636 pteniteat,
672 3579 722 3623 et
749 3586 1018 3641 nunquam
1047 3572 1118 3626 sit
1144 3572 1257 3625 sine
1284 3573 1431 3641 gravi
1458 3574 1804 3643 panitentia?
1829 3575 1946 3630 [mo

355 3669 416 3713 et
464 3660 542 3722 id,
573 3662 720 3730 quod
751 3678 918 3731 supra
964 3662 1190 3717 Fabiani
1243 3667 1465 3720 nomine
1514 3663 1766 3730 refertur,
1799 3666 1940 3735 apud

355 3750 701 3823 Reginonem
727 3755 822 3809 lib.
852 3770 915 3819 ιι,
968 3771 1020 3810 c.
1067 3756 1208 3822 324,
1245 3767 1304 3812 ut
1347 3772 1413 3812 ex
1469 3757 1857 3826 Paenitentiali,
1889 3769 1943 3816 et

351 3844 506 3914 apud
536 3843 656 3900 Jac.
690 3846 925 3902 Petitum
952 3857 1086 3904 tam.
1116 3848 1158 3917 l,
1188 3866 1314 3922 pag.
1354 3850 1444 3918 72,
1484 3858 1545 3905 ιιι
1574 3867 1641 3906 ex
1681 3850 1941 3906 Theodori

355 3936 730 3992 Paenitentiali
778 3939 862 3993 sic
905 3939 1250 3995 decurtatum
1311 3941 1513 4014 legitur
1563 3958 1576 3994 :
1632 3941 1941 4013 Quicunque

350 4032 531 4086 sciens
571 4033 944 4101 perjuraverit,
974 4044 1169 4102 septem
1215 4051 1380 4089 annos
1411 4036 1681 4106 paeniteat,
1713 4045 1762 4089 et
1789 4046 1938 4106 past-

349 4121 459 4176 hac
510 4124 931 4176 communionem
975 4124 1227 4194 accipiat.
1276 4122 1341 4178 Ei
1386 4133 1566 4179 autem
1621 4126 1802 4195 parti,
1830 4141 1938 4196 qua

348 4214 615 4284 periurus
641 4232 926 4286 nunquam
957 4217 1010 4271 in
1038 4216 1410 4272 testimonium
1432 4217 1779 4287 recipiendus
1800 4234 1938 4288 prae-

345 4308 595 4375 cipitur,
650 4308 1006 4363 consentiunt
1063 4307 1467 4380 Matisconense
1518 4324 1534 4361 ι
1598 4309 1934 4374 concilium,

346 4416 480 4455 can.
522 4400 610 4467 17,
646 4409 704 4456 et
749 4401 1050 4471 capitulare
1101 4400 1283 4456 Caroli
1319 4400 1497 4471 Magni
1544 4416 1664 4470 cap.
1697 4401 1766 4456 '59
1794 4404 1935 4471 apud

346 4491 543 4545 Baluz.
573 4508 698 4563 pag.
728 4492 855 4558 518,
883 4509 993 4563 quo
1015 4501 1240 4548 cavetur
1265 4514 1278 4548 :
1315 4492 1419 4557 Qui
1449 4492 1608 4547 semel
1633 4492 1935 4563 perjurutus

2122 3204 2171 3257 7.
2208 3204 2502 3259 Gratianus
2550 3220 2712 3270 xxxv,
2754 3214 2951 3274 quaest.
2985 3203 3040 3268 6,
3069 3219 3116 3257 c.
3159 3203 3225 3268 l;
3269 3201 3357 3255 lvo
3395 3215 3510 3270 par.
3563 3200 3618 3262 9.

2048 3311 2099 3352 c.
2133 3295 2224 3358 57,
2264 3304 2319 3350 et
2346 3295 2694 3350 Burcbardus
2738 3295 2834 3350 lib.
2875 3311 2982 3360 vn,
3011 3310 3060 3349 c.
3092 3293 3185 3357 21,
3217 3301 3276 3346 ut
3298 3306 3364 3345 ex
3392 3288 3621 3345 Fabiani

2047 3385 2295 3451 decretis,
2327 3403 2459 3455 cap..
2488 3389 2541 3452 8,
2589 3387 2638 3440 id
2674 3385 2959 3456 proferunt
2997 3403 3011 3438 :
3058 3383 3488 3453 Cansanguineos
3523 3395 3619 3434 ea:-

2047 3487 2349 3532 tranearum
2402 3478 2580 3543 nullus
2629 3488 2859 3542 accuset,
2904 3476 2980 3530 vel
3022 3475 3533 3547 consanguinitatem
3564 3473 3621 3526 in

2044 3570 2243 3642 synodo
2289 3580 2580 3639 computet,
2635 3571 2724 3624 sed
2775 3571 3053 3640 propinqui
3088 3570 3156 3622 ad
3203 3583 3429 3639 quorum
3475 3566 3620 3620 nati-

2046 3664 2177 3717 tiam
2216 3664 2462 3734 pertinet,
2497 3664 2550 3715 id
2579 3673 2655 3716 est
2684 3671 2836 3730 pater
2862 3674 2911 3716 ct
2950 3671 3138 3726 mater,
3175 3674 3327 3713 sarar
3353 3666 3403 3711 et
3431 3657 3618 3726 frater,

2043 3765 2286 3823 patruus,
2318 3754 2632 3820 avunculus,
2669 3755 3180 3820 amita,matertcra,
3213 3763 3263 3805 et
3286 3765 3468 3807 eorum
3495 3765 3620 3819 pra-

2043 3849 2261 3903 creatia.
2296 3847 2356 3902 Si
2407 3855 2585 3901 autem
2623 3847 2895 3917 progenies
2940 3855 3051 3900 tota
3076 3844 3344 3913 defecerit,
3380 3840 3444 3895 ab
3477 3842 3628 3895 anti-

2042 3941 2314 4012 quioribus
2348 3948 2397 3994 et
2442 3940 2819 4005 veraciaribus,
2860 3939 3049 4010 quibus
3092 3942 3276 3991 eadem
3310 3936 3618 4006 propinqui-

2044 4044 2126 4088 tas
2155 4045 2281 4088 nata
2309 4044 2409 4101 est,
2454 4036 2723 4106 episcopus
2759 4033 3010 4087 canonice
3041 4030 3343 4099 perquirat;
3374 4037 3424 4082 et
3457 4027 3506 4080 si
3534 4028 3617 4079 in-

2041 4136 2195 4181 venta
2245 4110 2407 4197 fuerit
2454 4127 2856 4198 propinquitas,
2896 4133 3222 4192 separentur.
3273 4120 3428 4187 Quod
3482 4119 3625 4177 satis.

2042 4217 2367 4274 inconcinne
2395 4233 2715 4288 expressum
2760 4229 2881 4269 esse
2929 4215 3098 4283 liquet
3138 4213 3206 4267 ad
3255 4209 3613 4265 imitationem

2041 4308 2177 4380 legis
2214 4309 2271 4375 2,
2317 4309 2398 4362 tit.
2441 4309 2492 4374 7,
2537 4309 2627 4361 lib.
2678 4323 2730 4361 ιιι
2763 4307 2897 4360 Cod.
2925 4303 3027 4358 Th.
3073 4319 3137 4358 ex
3170 4300 3616 4372 interpretatione

2038 4398 2297 4462 Anniani,
2335 4397 2425 4453 ubi
2454 4409 2677 4454 cavetur
2711 4413 2724 4449 :
2765 4397 2831 4450 In
2860 4395 3120 4450 adulterio
3149 4404 3452 4448 extraneum
3493 4408 3614 4445 mu—

2039 4490 2220 4544 lierem
2259 4489 2455 4544 nullus
2491 4499 2746 4554 accuset,
2794 4489 2884 4544 sed
2940 4488 3220 4559 propinqui
3272 4487 3341 4540 ad
3393 4501 3631 4556 quarum.

346 4584 539 4653 fuerit,
570 4600 663 4636 nec
687 4585 834 4637 testis
861 4585 933 4638 sit
958 4594 1073 4655 post
1095 4584 1226 4639 haec.
1264 4582 1400 4640 Vide
1432 4593 1485 4638 et
1511 4584 1788 4654 vulgatum
1830 4583 1940 4639 Rac
1970 4588 2011 4642 D
2042 4590 2220 4636 notam
2258 4584 2516 4653 pertinet,
2547 4582 2643 4636 hoc
2675 4592 2751 4635 est
2789 4583 2956 4651 frater
2984 4597 3287 4652 germanus,
3321 4580 3488 4649 frater
3518 4594 3615 4648 pa-

347 4676 481 4732 bani
518 4675 691 4730 Mauri
725 4677 927 4732 librum
959 4693 1020 4732 ιιι
1048 4677 1125 4732 De
1151 4677 1516 4747 ptenitentium
1550 4679 1936 4749 satisfactione,

343 4783 401 4822 c.
439 4765 532 4830 59,
569 4776 626 4820 et
654 4765 937 4838 Halitgarii
970 4768 1168 4823 librum
1200 4785 1274 4837 IV,
1302 4785 1353 4824 c.
1382 4768 1473 4825 28.

422 4859 479 4912 4.
514 4856 652 4913 Illud
683 4878 697 4914 :
734 4857 919 4930 Neque
947 4861 1181 4931 furiosus
1230 4878 1392 4932 neque
1415 4861 1621 4932 furiosa
1661 4865 1939 4919 matrima-

342 4954 501 5005 nium
546 4955 854 5008 contrahere
879 4970 1097 5024 possunt
1123 4971 1144 5020 ;
1187 4955 1277 5008 sed
1309 4955 1356 5008 si
1398 4964 1730 5009 contractum
1753 4956 1935 5025 fuerit,

341 5061 457 5100 non
499 5056 835 5115 separentur,
869 5047 1015 5116 quod
1062 5045 1358 5102 Gratianus
1408 5063 1597 5112 xxx",
1641 5055 1834 5118 quaest.
1870 5047 1932 5111 7,

338 5150 400 5193 θ.
435 5134 541 5202 26;
570 5145 625 5191 et
668 5135 755 5190 ιν(-
795 5152 916 5206 par.
947 5135 1002 5203 8,
1041 5152 1092 5191 c.
1131 5136 1230 5192 168
1251 5177 1269 5204 ,
1303 5146 1362 5192 ιιι
1395 5136 1622 5193 Fabiani
1654 5140 1931 5194 decretura

342 5226 596 5286 laudant.
633 5242 665 5281 a
697 5226 975 5299 Reginone
1022 5227 1116 5282 lib.
1155 5243 1217 5293 ιι,
1249 5245 1298 5284 c.
1330 5229 1454 5296 129,
1486 5230 1688 5286 rectius
1733 5231 1935 5286 citatur

343 5327 411 5372 ut
463 5334 531 5373 ex
579 5317 689 5389 lege
745 5319 1011 5374 Romana.
1061 5319 1158 5376 Est
1183 5320 1342 5384 ,enim
1389 5318 1516 5375 Julii
1553 5319 1706 5376 Pauli
1741 5321 1835 5377 lib.
1872 5340 1934 5389 ιι,

343 5412 436 5466 tit.
470 5410 559 5474 19,
592 5412 859 5467 sententia
896 5412 1188 5482 postremis
1215 5413 1397 5469 verbis
1432 5414 1677 5469 mutatis.
1710 5413 1817 5470 Pro
1845 5415 1933 5472 his

338 5496 553 5569 quippe
599 5496 805 5554 Paulus
836 5500 993 5567 dixit,
1027 5501 1117 5555 sed
1157 5510 1489 5556 contractum
1531 5504 1931 5557 matrimonium

341 5589 532 5659 furare
557 5589 932 5662 (postmodum
975 5592 1287 5663 accedente)
1334 5610 1440 5647 non
1492 5593 1731 5659 tollitur;
1782 5596 1927 5666 quod

342 5680 535 5733 minus
585 5680 927 5751 ambiguum.
963 5678 1095 5736 Vide
1146 5681 1351 5753 Digest.
1402 5683 1499 5738 lib.
1547 5700 1715 5751 mn,
1756 5686 1840 5740 tit.
1869 5685 1924 5749 2,

339 5770 455 5843 leg.
487 5772 572 5838 10,
597 5783 655 5829 ct
686 5770 902 5828 lvonem
928 5789 1048 5845 par.
1079 5775 1168 5844 15,
1191 5790 1241 5833 c.
1276 5775 1347 5833 87
1369 5784 1425 5833 et
1455 5776 1546 5844 88,
1574 5791 1784 5833 necnon
1818 5777 1926 5835 ite-

342 5862 601 5933 ginouem
635 5864 732 5920 lib.
768 5879 830 5931 ιι,
865 5865 1069 5925 c.1150.-

2043 4674 2248 4742 truelis,
2280 4685 2502 4744 patruus
2533 4685 2581 4729 et
2614 4675 2978 4729 consobrinus.

2111 4766 2165 4821 8.
2199 4765 2355 4833 Quod
2404 4764 2697 4821 Gralianus
2749 4767 2816 4822 de
2867 4780 3142 4828 consecr.,
3167 4765 3297 4818 dist.
3331 4763 3386 4827 2,
3422 4777 3471 4817 c.
3503 4760 3610 4827 16;

2039 4856 2130 4911 lvo
2162 4873 2278 4926 par.
2309 4857 2365 4925 2,
2396 4873 2446 4912 c.
2480 4857 2573 4921 27,
2607 4873 2672 4912 ac
2701 4857 3050 4912 Burcbardus
3081 4857 3174 4910 lib.
3206 4872 3257 4920 ν,
3293 4870 3343 4908 c.
3373 4852 3476 4917 17,
3509 4850 3614 4905 Fa-

2038 4949 2184 5003 biani
2233 4949 2455 5003 nomine
2491 4949 2566 5003 ita
2614 4949 2889 5003 eﬂ‘erunt:
2935 4946 3003 5000 Ut
3045 4947 3092 5001 si
3130 4963 3233 4999 non
3266 4941 3610 5014 frequentius,

2036 5038 2115 5092 vel
2170 5049 2248 5093 ter
2283 5038 2410 5093 laici
2460 5040 2693 5093 homines
2751 5040 3133 5093 communicent
3193 5039 3248 5090 in
3297 5051 3468 5100 anno,
3507 5035 3610 5088 nisi

2036 5132 2173 5201 forte
2226 5132 2344 5202 quis
2395 5131 2688 5201 majoribus
2717 5131 3039 5201 ﬁeriminihus
3075 5129 3416 5199 impediatur,
3445 5125 3502 5180 id
3531 5134 3612 5181 est

2035 5225 2091 5277 in
2115 5221 2329 5277 Pascha
2355 5232 2405 5276 et
2440 5223 2747 5277 Pentecoste
2789 5234 2836 5277 et
2878 5221 3071 5276 Natali
3108 5220 3323 5274 Domini
3354 5232 3372 5271 :
3410 5217 3517 5272 hoc
3541 5232 3610 5274 et:

2035 5328 2243 5369 canone
2282 5314 2352 5368 50
2386 5315 2603 5369 concilii
2638 5312 2977 5368 Turonensis
3005 5328 3099 5377 ιιι,
3154 5326 3295 5364 anno
3340 5308 3442 5366 818
3466 5310 3609 5365 cele-

2033 5405 2196 5470 brati,
2222 5406 2290 5460 ad
2315 5406 2476 5460 verba
2521 5405 2575 5459 id
2620 5404 3084 5472 est,..exscriptum
3127 5400 3247 5456 fuit.
3284 5399 3417 5455 Illud
3443 5416 3611 5471 porro

2032 5500 2485 5565 additamentum,
2518 5500 2575 5553 id
2610 5507 2688 5553 est
2721 5499 2776 5551 in
2816 5496 3044 5559 Pascha,
3085 5493 3389 5549 Pentecoste
3413 5503 3463 5548 et
3492 5492 3611 5546 Nu-

2032 5591 2132 5646 tali
2156 5591 2395 5663 Domini,
2426 5607 2746 5661 expressum
2781 5599 2868 5645 est
2895 5590 2963 5644 ad
3002 5589 3363 5643 imitationem
3388 5585 3606 5641 concilii

2030 5685 2380 5754 Agathensis,
2404 5701 2526 5738 can.
2566 5684 2654 5749 l8,
2682 5683 2777 5737 ubi
2801 5683 3059 5737 statuitur
3085 5698 3098 5734 :
3136 5680 3433 5737 Saeculares
3463 5691 3605 5740 vero,

2030 5779 2120 5847 qui
2164 5779 2217 5831 in
2259 5776 2451 5830 Natali
2503 5776 2751 5843 Domini,
2808 5776 3018 5829 Pascha
3060 5784 3111 5828 et
3158 5774 3464 5827 Pentecoste
3501 5780 3607 5817 nan

2028 5870 2560 5938 conmunicaverunt,
2578 5868 2840 5926 Catholici
2870 5885 2971 5922 non
2994 5869 3294 5923 credantur.
3328 5863 3602 5928 [ntegrum
