4034 6368
340 429 443 487 185

1778 411 2162 470 ΕΡῙΞΤΟΕΕ.

3499 393 3600 449 186

339 545 720 603 ordinavimus
739 547 782 608 ³,
811 543 906 614 qui
936 550 1144 612 septem
1174 540 1408 596 notariis
1453 539 1826 603 imminerent,
1861 547 1915 591 et
1943 536 1989 595 Α
2016 532 2107 602 qui
2142 530 2253 586 vult
2295 543 2471 583 omnes
2509 525 2744 580 homines
2777 519 2946 576 salvos
2972 514 3091 586 ﬁeri
3117 520 3167 568 et
3197 512 3455 567 neminem
3510 523 3603 576 pe-

338 649 490 707 gcsta
542 646 846 708 martyrum
897 633 1169 690 veraciter
1215 632 1271 686 in
1318 631 1528 700 integro
1581 629 1915 700 colligerent,

339 731 614 799 nobisque
644 707 902 786 rimanda
953 722 1392 779 manifestat-ent.
1425 720 1580 788 Quod
1611 707 1775 775 etiam
1821 733 1919 774 vos

337 837 534 876 omnes
562 835 724 890 agere
751 832 1062 875 monemus.
1095 830 1163 869 ne
1209 813 1265 868 in
1309 822 1591 884 posterum
1642 812 1825 881 aliqua
1853 826 1920 865 ex

339 913 428 967 bis
475 910 747 966 dubitatio
804 909 916 973 ﬁat,
973 907 1314 979 quaestioque
1364 905 1607 969 oriatur;
1659 901 1918 971 quoniam

338 1005 524 1058 omnia
550 1020 668 1073 qua:
693 1004 896 1068 scripta
921 1011 1065 1064 sunt,
1090 1001 1158 1053 ad
1186 1007 1422 1052 nostram
1458 995 1758 1049 doctrinam
1783 995 1908 1047 scri-

337 1109 434 1166 pta
489 1095 669 1150 sum".
701 1093 768 1148 Et
814 1110 936 1163 quae
986 1093 1191 1148 nostris
1258 1089 1596 1158 temporibus
1653 1087 1920 1141 veraciter

338 1189 689 1252 scribuntur,
741 1186 809 1240 ad
866 1171 1180 1240 futurorum
1229 1182 1536 1238 doctrinam
1590 1180 1918 1250 diriguntur.

337 1279 411 1333 Et
438 1280 560 1334 ideo
604 1277 943 1332 lidelissimis
972 1277 1089 1332 haec
1112 1276 1328 1346 negotia
1357 1273 1627 1330 committi
1663 1271 1919 1341 praecipi-

337 1390 494 1435 mus,
533 1387 601 1426 ne
641 1371 823 1440 aliqua
869 1369 922 1424 in
977 1369 1058 1423 eis
1109 1369 1294 1423 illusio
1342 1365 1675 1428 inveniatur,
1707 1379 1776 1418 ex
1809 1378 1918 1431 qua

335 1464 602 1518 fidelibus
648 1461 993 1524 scandalum,
1031 1461 1176 1530 quod
1209 1459 1388 1522 absit,
1427 1457 1658 1511 oriatur.
1687 1453 1846 1510 Unde
1871 1463 1925 1509 et
1973 1513 1986 1533 ι

1980 1529 1986 1554 ⁵
2024 1547 2248 1620 praemia
2277 1541 2613 1615 percipiatis.
2658 1537 2746 1605 Hi,
2775 1544 2830 1590 et
2871 1547 3066 1588 omnes
3108 1529 3203 1598 qui
3247 1533 3454 1582 rectam
3495 1536 3604 1575 non

337 1555 668 1608 cbaritatcm
694 1561 929 1606 vestram
958 1561 1180 1621 paterna
1214 1549 1502 1605 dulcedine
1520 1549 1758 1618 petimus
1790 1547 1833 1612 ⁸,
1865 1555 1926 1600 ιιι

336 1645 402 1698 in
438 1644 661 1698 cunctis
708 1643 962 1697 aﬂ‘ectum
1000 1649 1195 1696 vestrae
1228 1641 1510 1695 charitatis
1537 1648 1724 1695 sancta
1759 1637 1924 1692 modo

335 1736 590 1792 Ecclesia
616 1734 878 1798 inveniat,
913 1742 966 1788 et
993 1732 1198 1790 favoris
1225 1733 1390 1786 vestri
1421 1732 1648 1798 solatiis,
1672 1745 1923 1801 quocun-

335 1842 454 1896 que
485 1840 710 1880 necesse
736 1823 928 1888 fuerit,
956 1825 1218 1894 patiatur.
1254 1823 1324 1878 Et
1351 1824 1493 1879 sicut
1517 1823 1735 1878 bonitas
1756 1821 1924 1876 studii

333 1917 517 1972 \cstri
549 1919 617 1972 de
646 1932 706 1972 se
742 1917 898 1971 nobis
937 1917 1316 1971 certitudinem
1367 1915 1588 1985 praebet,
1614 1923 1669 1968 ut
1693 1915 1748 1969 in
1778 1913 1929 1967 nullo

338 2009 598 2064 dilIidere
659 2008 958 2064 debeamus
997 2009 1065 2064 de
1090 2023 1175 2072 ea,
1207 2009 1299 2063 sed
1333 2007 1529 2078 magis,
1563 2016 1621 2061 ut
1669 2005 1929 2075 sapienti-

339 2103 453 2155 lius
489 2101 614 2156 ﬁliis
654 2100 914 2156 Ecclesiae
960 2110 1183 2164 nostrae,
1237 2100 1356 2154 haec
1409 2099 1742 2154 ﬁducialiter
1781 2112 1932 2153 com-

338 2192 709 2258 mendemus;
747 2193 820 2246 ita
869 2191 1192 2261 postpositis
1229 2189 1656 2260 opportunitatis
1685 2189 1932 2244 occasio-

337 2284 536 2348 nibus,
572 2290 754 2336 vestra
797 2281 1036 2336 ellicacia
1061 2281 1347 2336 elaborare
1395 2279 1614 2334 enixius
1641 2279 1822 2344 debet,
1853 2287 1934 2332 at-

339 2390 458 2444 que
519 2373 696 2428 modis
735 2373 939 2440 quibus
978 2372 1237 2441 possibile
1286 2371 1450 2426 fuerit
1469 2374 1509 2437 ⁸,
1546 2371 1696 2426 omni
1752 2370 1934 2424 studio

341 2469 572 2536 abigere
621 2466 1048 2522 contumelias".
1087 2464 1386 2520 Hortamur
1417 2465 1584 2520 etiam
1631 2479 1751 2526 vos,
1776 2463 1934 2533 juxta

340 2561 559 2615 dictum
589 2559 858 2628 Apostoli,
897 2557 1112 2612 stabiles
1143 2574 1255 2612 esse
1303 2567 1354 2612 et
1409 2556 1725 2622 immobiles,
1761 2555 1934 2609 abun-

340 2652 537 2703 dantes
562 2651 620 2702 in
649 2665 801 2718 opere
833 2648 1048 2702 Domini
1078 2665 1300 2717 semper,
1331 2649 1552 2702 scientes
1607 2648 1746 2718 quod
1783 2647 1937 2700 labor

341 2752 524 2796 uester
554 2758 658 2795 non
689 2751 766 2796 est
799 2741 973 2794 inanis
1002 2742 1059 2794 in
1091 2740 1318 2794 Domino
1335 2740 1377 2795 ⁸.
1408 2739 1474 2794 Ει
1502 2739 1629 2794 alibi
1661 2757 1674 2793 :
1707 2736 1936 2807 Vigilate

339 2844 395 2886 et
431 2843 605 2894 orate,
637 2842 687 2886 et
714 2841 853 2886 state
883 2833 937 2886 in
967 2831 1090 2901 ﬁde.
1133 2829 1372 2884 Viriliter
1415 2830 1577 2900 agite,
1624 2837 1675 2882 et
1721 2829 1936 2896 confor-

342 2925 566 2979 tamini.
598 2923 792 2980 Omnia
829 2937 1000 2979 vestra
1029 2925 1083 2978 in
1116 2923 1375 2978 cliaritate
1396 2923 1587 2991 ﬁant”.
1631 2921 1858 2991 Insuper
1881 2928 1934 2976 et

341 3017 486 3072 illud
518 3032 616 3071 vos
659 3017 801 3072 scire
829 3017 1204 3071 desideramus
1231 3014 1366 3086 (i7),
1400 3014 1526 3083 quia
1559 3016 1761 3068 nostris
1793 3011 1932 3066 tem-

340 3095 581 3180 poribus
609 3108 651 3140 ¹⁰
688 3106 1143 3177 ριτερθῶθιιιὶὺιιε
1173 3106 1392 3175 quidem
1424 3105 1626 3160 nostris
1655 3092 1959 3174 peccatis,‘

2025 599 2128 678 rire
2158 624 2294 689 “‘“,
2359 635 2460 677 sua
2518 615 2724 687 ingenti
2777 605 3176 680 omnipotentia
3206 602 3406 658 reverti
3436 599 3603 656 faciat

2021 713 2188 769 corda
2238 724 2430 766 eorum
2469 707 2537 764 ad
2567 718 2759 762 sanam
2810 700 3120 756 doctrinam
3179 703 3234 748 et
3273 690 3601 747 catholicam

2021 806 2268 868 ﬁdem“,
2318 810 2588 873 quatenus
2647 796 2965 865 resipiscam
3009 808 3040 844 a
3079 786 3280 842 diaboli
3316 783 3515 855 laqueis
3534 781 3603 849 ",

2022 899 2225 968 quibus
2263 871 2411 966 capti
2445 899 2721 955 tenentur,
2751 899 2805 944 et
2844 891 3206 956 aggregentur
3239 878 3367 934 ﬁliis
3408 871 3602 930 matris

2024 989 2301 1044 Ecclesiae.
2345 982 2782 1040 Beminiscentes
2831 991 3055 1048 quoque
3105 971 3339 1027 fratrum
3390 974 3604 1024 vestro-

2023 1099 2169 1149 rum,
2201 1077 2540 1136 miseremini
2593 1076 2834 1138 illorum,
2890 1070 3093 1139 quibus
3147 1063 3374 1135 potestis
3438 1059 3602 1116 bonis

2025 1173 2222 1231 Studiis
2248 1171 2468 1233 vestris,
2494 1183 2562 1223 ne
2622 1165 2941 1236 perdantur,
2979 1159 3071 1214 sed
3137 1165 3196 1210 ut
3247 1152 3504 1223 precibus
3549 1157 3608 1205 et

2024 1269 2147 1324 aliis
2193 1264 2456 1321 bonitatis
2488 1269 2686 1316 vestrae
2726 1256 2924 1313 studiis
2971 1251 3205 1307 Domino
3231 1249 3272 1279 ιδ
3300 1247 3602 1301 salventur.

2023 1362 2102 1417 Ita
2148 1376 2277 1430 ergo
2328 1360 2383 1412 in
2433 1356 2520 1410 bis
2562 1354 2726 1424 agite,
2757 1358 2818 1405 ut
2846 1346 3165 1403 obedientes
3205 1341 3300 1396 ﬁlii
3327 1346 3382 1393 et
3420 1337 3605 1391 ﬁdeles

2025 1429 2231 1511 sanctae
2278 1452 2374 1506 Dei
2422 1448 2682 1504 Ecclesia:
2737 1440 3064 1514 appareatis,
3130 1447 3184 1490 et
3226 1442 3285 1488 ut
3335 1429 3607 1486 mercedis

2027 1611 2226 1692 docent
2265 1611 2598 1694 doctrinam,
2643 1628 2729 1682 vel
2787 1633 2996 1680 rectam
3055 1634 3165 1674 non
3191 1621 3378 1671 tenent
3420 1611 3606 1674 ﬁdem,

2027 1736 2374 1783 accusatores
2439 1722 2715 1778 neminem
2757 1725 2905 1772 recte
2955 1709 3294 1768 credentium
3349 1719 3610 1760 accusare

2030 1827 2281 1889 possunt,
2319 1816 2447 1886 quia
2473 1812 2699 1869 infamia
2729 1816 2856 1867 sunt
2892 1805 3088 1865 notati,
3115 1811 3171 1857 et
3200 1816 3230 1854 a
3255 1799 3378 1854 sinu
3407 1803 3611 1852 sanctae

2031 1913 2220 1967 matris
2264 1907 2544 1973 Ecclesiae,
2603 1901 2909 1974 apostolico
2968 1909 3255 1958 mucrone,
3309 1904 3486 1960 usque
3540 1887 3611 1943 ad

2031 2012 2234 2056 rectam
2277 1995 2750 2053 conversationem
2789 2000 2843 2047 et
2871 1987 3241 2044 reversionem
3286 1997 3482 2037 eorum
3510 1981 3612 2036 ab-

2033 2091 2214 2148 scissi.
2248 2090 2404 2146 Unde
2432 2087 2731 2158 apostolica
2759 2081 3105 2144 auctoritate,
3167 2093 3294 2132 cum
3353 2073 3613 2130 omnibus

2033 2185 2278 2256 ejusdem
2322 2181 2637 2254 apostolicae
2661 2188 2826 2248 atque
2853 2171 3184 2232 universalis
3202 2170 3460 2227 Ecclesia:
3487 2167 3614 2222 ﬁliis

2035 2286 2336 2334 statuentes
2362 2274 2664 2337 sancimus,
2690 2279 2752 2326 ut
2774 2285 2966 2325 omnes
2992 2270 3087 2338 qui
3123 2269 3178 2338 in
3211 2265 3483 2322 catholica
3507 2262 3615 2326 ﬁde

2036 2370 2277 2441 suspecti
2306 2376 2438 2424 sunt
2469 2367 2525 2420 in
2568 2363 2926 2420 accusatione
2955 2374 3102 2416 recte
3135 2359 3473 2415 credentium
3503 2369 3612 2408 non

2036 2460 2437 2531 suscipiantur;
2483 2457 2610 2526 quia
2655 2452 3001 2523 suspiciones
3051 2465 3266 2519 semper
3293 2455 3424 2503 sunt
3457 2457 3612 2498 amo-

2037 2553 2289 2609 vendat“.
2304 2550 2499 2606 Merito
2515 2562 2644 2618 ergo
2657 2561 2851 2602 eorum
2873 2544 3165 2613 reprobatu
3177 2559 3200 2596 r
3224 2537 3504 2596 accusatio
3519 2535 3615 2604 qui

2039 2648 2094 2701 in
2144 2653 2295 2700 recta
2343 2641 2449 2697 ﬁde
2493 2639 2732 2708 suspecti
2773 2635 2984 2693 sunt”.
3020 2633 3131 2690 Nec
3162 2632 3242 2687 eis
3270 2630 3496 2684 omnino
3530 2642 3617 2683 est

2035 2736 2393 2802 credendum,
2423 2733 2520 2804 qui
2550 2729 2837 2786 Trinitatis
2862 2728 3023 2783 ﬁdem
3051 2727 3327 2797 ignorant.
3350 2721 3617 2777 Similiter

2037 2828 2456 2896 omnes",quos
2474 2808 3034 2879 sanctorum‘Patrum
3078 2824 3282 2871 statuta
3326 2823 3437 2868 tam
3478 2828 3619 2883 pra:—

2039 2924 2216 2980 teritis
2232 2935 2397 2992 quam
2416 2917 2614 2974 futuris
2631 2913 2970 2985 temporibus
2989 2909 3472 2974 anathematizant,
3489 2906 3620 2962 sub-

2037 3013 2475 3071 movemus-etab
2500 3009 2647 3065 omni
2665 3006 3012 3062 accusatione
3028 3001 3270 3057 ﬁdelium
3293 3000 3616 3064 alienamus.

2038 3105 2267 3162 Discreti
2283 3119 2412 3174 ergo
2425 3116 2640 3171 semper
2655 3097 2854 3154 debent
2867 3111 2988 3152 esse
3005 3093 3190 3148 ﬁdeles
3203 3093 3271 3146 ab
3288 3089 3618 3155 inﬁdelibus,

345 3201 620 3256 8"3d0ﬂle
648 3200 875 3268 ωιιίίιυο
915 3199 1090 3262 Ιιῡειυν
1131 3197 1226 3268 qui
1273 3213 1488 3266 semper
1526 3205 1585 3248 ut
1618 3195 1698 3248 leo
1724 3196 1931 3265 rugiens
1960 3221 2003 3276 ρ
2038 3209 2092 3254 et
2106 3197 2238 3269 justi
2256 3195 2583 3266 abinjustis;
2604 3190 2862 3262 quoniam
2881 3188 3124 3242 inﬁdeles
3139 3195 3191 3240 et
3208 3183 3480 3248 malevoli,
3503 3195 3618 3236 mo-
3699 3215 3702 3219 -

348 3292 545 3344 circuit
566 3293 632 3353 “,
667 3307 910 3361 quaerens
959 3305 1112 3360 quem
1150 3288 1376 3352 devoret,
1410 3287 1724 3357 supervenit
1750 3285 1930 3341 Nova-

348 3395 442 3437 tus
466 3396 535 3437 ex
558 3381 766 3448 Africa,
790 3392 842 3436 et
872 3382 1144 3454 separavit
1168 3381 1235 3434 de
1258 3379 1497 3434 Ecclesia
1518 3380 1803 3433 Christi‘“
1824 3377 1935 3433 No-

347 3475 637 3530 vatianum
691 3484 744 3529 et
774 3475 1045 3542 quosdam
1079 3471 1216 3527 alios
1248 3471 1452 3527 tlhristi
1482 3469 1850 3532 coufessores,
1880 3480 1936 3524 et

349 3567 627 3623 convertit
661 3566 715 3620 in
763 3580 984 3635 pravam
1016 3564 1346 3618 doctrinam.
1381 3563 1426 3615 A
1453 3563 1654 3633 quibus
1681 3576 1797 3623 vos.
1823 3559 1936 3615 fra-

346 3673 487 3728 tres,
525 3660 776 3726 avertite,
827 3668 881 3714 et
915 3666 1104 3712 cavete
1147 3657 1216 3710 ab
1254 3655 1513 3711 omnibus
1567 3655 1660 3724 qui
1708 3654 1934 3708 alteram

346 3753 516 3808 ﬁdem
545 3761 596 3807 et
633 3752 940 3807 doctrinam
971 3758 1176 3815 tenent,
1203 3764 1370 3818 quam
1415 3747 1649 3818 apostoli
1702 3755 1757 3801 et
1810 3761 1936 3801 suc-

343 3861 602 3902 cessores
651 3858 845 3898 eorum
900 3849 1196 3910 tenuerunt
1223 3850 1277 3894 et
1311 3839 1638 3902 docuerunt,
1668 3854 1756 3902 ne,
1791 3839 1936 3907 quod

352 3939 521 4005 absit,
553 3946 678 4007 post
719 3952 845 3991 eum
901 3937 1185 4000 abeuntes,
1216 3933 1270 3988 in
1305 3933 1562 4003 laqueum
1595 3931 1812 3986 Satana:
1845 3947 1938 3986 ca-

357 4031 526 4097 datis,
560 4039 615 4085 et
670 4028 1025 4098 compedibus
1068 4029 1189 4097 ejus
1243 4025 1622 4081 detineamini.
1657 4024 1748 4056 “"
1781 4021 1938 4080 Unde

349 4119 719 4178 fraternitatis
747 4127 946 4174 vestra:
967 4119 1294 4174 charitatem
1326 4116 1538 4171 intimis
1571 4116 1936 4170 obsecramus

350 4213 712 4286 precibus,ut
738 4221 944 4268 nostra:
973 4209 1261 4282 parvitatis
1290 4209 1347 4264 in
1377 4208 1578 4264 vestris
1607 4207 1783 4262 sacris
1812 4222 1940 4262 ora-

348 4305 596 4362 tionibus
640 4319 916 4360 memores
965 4318 1089 4358 esse
1146 4300 1472 4371 dignemini,
1507 4309 1731 4355 orantes
1759 4315 1824 4354 ac
1845 4299 1938 4354 de-

348 4397 643 4469 precantes
677 4396 968 4452 Dominum
997 4393 1143 4461 cceli,
1173 4401 1232 4447 ut
1265 4401 1375 4447 tam
1412 4408 1515 4447 nos
1543 4391 1708 4461 quam
1743 4401 1938 4447 sancta

348 4501 530 4547 mater
581 4490 827 4546 Ecclesia
883 4489 1090 4545 Christi
1144 4487 1386 4558 pretioso
1415 4485 1683 4554 sanguine
1715 4487 1938 4541 redem-

2041 3293 2127 3349 dis
2163 3291 2366 3361 quibus
2398 3294 2648 3359 possunt,
2681 3298 2896 3353 semper
2925 3281 3188 3335 infestant
3211 3277 3400 3332 ﬁdeles
3417 3285 3472 3330 et
3501 3291 3624 3344 per-

2035 3387 2163 3441 dere
2181 3385 2449 3448 nituntur;
2468 3390 2522 3435 et
2545 3380 2668 3434 ideo
2686 3392 2792 3431 non
2817 3384 2944 3431 sunt
2974 3370 3428 3444 suscipiendi,sed
3444 3368 3624 3439 repel-

2037 3477 2261 3540 lendi,et
2286 3473 2474 3544 procul
2495 3468 2811 3540 abjiciendi,
2838 3482 2907 3521 ne
2930 3466 3157 3536 perdere
3175 3463 3360 3519 ﬁdeles
3372 3469 3468 3515 aut
3485 3458 3625 3513 infa-

2039 3583 2190 3622 mare
2217 3564 2826 3636 possint.Quapropter,
2850 3556 3185 3622 charissimi,
3213 3561 3402 3609 cavete
3429 3551 3621 3606 talium

2039 3660 2333 3724 foveam,in
2347 3672 2513 3724 quam
2534 3655 2736 3710 multos
2752 3651 3021 3708 cecidisse
3037 3643 3624 3720 cognovimus.Cavete

2041 3752 2438 3822 taliumjacula
2470 3750 2535 3814 ³⁸,
2577 3758 2632 3804 et
2677 3745 2891 3818 antiqui
2925 3745 3101 3799 hostis
3128 3749 3490 3806 tentamenta,
3529 3752 3624 3806 per

2041 3863 2164 3917 quae
2209 3846 2376 3900 etiam
2405 3843 2660 3913 proprios
2691 3837 3032 3910 propinquos
3072 3849 3256 3890 coram
3293 3832 3452 3887 nobis
3497 3829 3624 3882 vul-

2041 3943 2264 3990 neratos
2318 3933 2515 3988 cadere
2568 3930 2830 3985 vidimus.
2898 3925 3174 3980 Attendite
3238 3923 3464 3992 laqueos
3491 3919 3628 3973 insi-

2039 4027 2332 4088 diantium,
2375 4023 2577 4093 quibus
2626 4029 2788 4074 notos
2835 4025 2889 4073 et
2920 4014 3320 4072 commilitones
3371 4018 3627 4079 strangu-

2041 4116 2158 4172 lare
2205 4115 2405 4171 solent.
2438 4110 2618 4166 Nolite
2655 4108 2790 4163 tales
2831 4105 3010 4176 sequi,
3058 4104 3155 4160 sed
3211 4100 3404 4172 procul
3447 4099 3630 4168 repel--

2042 4209 2135 4264 lite
2163 4222 2278 4262 eos.
2332 4204 2538 4271 Estote,
2568 4203 2726 4272 juxta
2777 4196 3040 4253 Veritatis
3078 4209 3293 4258 vocem,
3342 4189 3626 4262 prudentes

2041 4312 2098 4354 ut
2124 4307 2422 4368 serpentes,
2449 4305 2498 4350 et
2529 4292 2796 4364 simplices
2837 4300 2897 4345 ut
2930 4286 3191 4343 columbas.
3210 4287 3275 4340 ¹⁹.
3310 4282 3532 4347 Videte,
3559 4297 3630 4336 ne

2043 4393 2097 4446 in
2129 4406 2364 4447 vacuum
2397 4401 2619 4459 quoque
2639 4385 2898 4450 curratis,
2924 4391 3020 4437 aut
3044 4381 3325 4444 laborctis,
3343 4375 3438 4433 sed
3461 4376 3630 4430 alter-

2047 4492 2298 4537 utrorum
2352 4479 2473 4534 fulti
2525 4478 2783 4548 precibus
2815 4485 2870 4532 et
2897 4472 3262 4535 orationibus,
3293 4470 3627 4524 voluntatem

349 4593 469 4655 pta,
501 4601 532 4636 a
565 4583 777 4652 laqueis
801 4581 1052 4635 venantis
1078 4578 1316 4644 Satanze,
1353 4585 1408 4632 et
1429 4577 1498 4630 ab
1529 4577 1858 4646 importunis
1885 4585 1940 4631 et
1971 4559 2017 4616 ί)
2046 4572 2138 4628 Dei
2171 4570 2352 4626 facere
2398 4568 2733 4634 contendite,
2761 4576 2816 4622 et
2862 4582 2892 4622 a
2939 4563 3285 4626 memoratis,
3320 4562 3367 4616 si
3397 4559 3630 4614 incorri-

349 4677 516 4732 malis
562 4675 878 4730 hominibus
913 4673 1200 4735 liberetur,
1228 4680 1282 4725 et
1330 4685 1512 4725 sermo
1543 4668 1637 4723 Dei
1669 4680 1858 4724 currat
1887 4677 1940 4724 et

350 4768 710 4832 clariﬁcetur,
737 4776 790 4821 et
835 4781 1002 4834 prava
1036 4779 1229 4817 eorum
1281 4771 1338 4818 et
1393 4763 1640 4815 omnium
1684 4777 1940 4832 perversa

351 4860 674 4913 docentium
712 4863 935 4913 corruat
964 4854 1215 4910 doctrina
1257 4860 1422 4922 atque
1463 4853 1697 4906 deﬁciat.
1746 4852 1941 4907 Preca-

349 4967 481 5004 mur
507 4950 695 5013 etiam,
733 4957 795 5002 ut
837 4945 1053 5016 pietatis
1094 4953 1290 4998 vestrae
1338 4941 1598 5011 precibus
1643 4942 1940 5011 impetrare

349 5042 644 5108 studeatis,
676 5049 736 5094 ut
762 5039 904 5093 Deus
933 5047 982 5091 et
1017 5037 1274 5089 Dominus
1300 5033 1644 5088 nusterJesus
1670 5033 1935 5102 Christus,

433 5187 456 5218 ³
490 5183 629 5238 Vide
662 5179 1034 5237 Pontilicalem
1068 5176 1268 5233 librum
1303 5177 1355 5230 in
1389 5174 1652 5230 Clemente
1678 5185 1733 5230 ct
1761 5177 1978 5234 Antero.

1875 5249 1934 5302 ει

1788 5320 1852 5350 ιισ
1887 5318 1934 5371 ιι

2036 5265 2112 5304 or.
2151 5265 2240 5309 xv,
2276 5247 2365 5301 58.
2447 5248 2468 5278 ν
2499 5247 2514 5297 Ι
2561 5247 2689 5298 (lor.
2735 5259 2845 5305 xw,
2884 5247 2971 5306 15,
3004 5247 3100 5302 te;
3135 5247 3325 5290 mattb.
3360 5249 3506 5297 xxva,
3543 5247 3632 5286 4|.

2058 5320 2163 5374 sub
2226 5317 2482 5372 Cornelio
2540 5315 2772 5381 contigit
2821 5309 3079 5381 defuncto
3125 5307 3241 5381 jam
3277 5304 3552 5381 ΔΙτ-ίιῐδὶιιιιο,
3581 5314 3639 5381 ut

1141 5249 1160 5280 τ
1184 5263 1344 5314 agere
1382 5249 1744 5302 contendatis.

350 5257 521 5326 Creg.
550 5270 638 5326 ep.
664 5253 755 5326 95,
807 5251 900 5304 lib.
930 5265 1075 5326 vn.“
1141 5251 1160 5280 ⁷
1184 5264 1240 5326 aa

1209 5319 1250 5349 ιι
1290 5319 1306 5370 ι
1340 5317 1486 5372 Petr.
1522 5334 1574 5382 ν,
1614 5318 1664 5369 8.

353 5332 398 5360 ¹⁰
430 5319 598 5395 Εἴθε.
627 5325 724 5395 ιιι).
767 5338 865 5395 xu,
893 5335 978 5388 ep.
1009 5319 1098 5395 52.

348 5388 609 5470 pluribus
658 5391 1176 5470 Baroniusnadan.
1208 5389 1351 5470 25%.
1372 5406 1428 5442 ιι.

358 5457 405 5500 ⁵³
431 5466 476 5520 ΙΙ
505 5464 652 5519 Petr.
683 5480 768 5518 ιιι.
869 5461 912 5492 ³³
936 5459 979 5513 ll
1009 5459 1148 5513 Tim.
1182 5475 1242 5524 ιι,
1283 5459 1374 5512 26.
1472 5457 1516 5489 ‘5
1541 5457 1788 5513 omnino.

394 5537 581 5593 tendi:
606 5535 682 5589 ita
707 5535 760 5586 in
785 5531 922 5586 Luc.
1002 5530 1046 5562 ¹⁶
1075 5530 1301 5583 Adrian.
1336 5529 1459 5583 coll.
1489 5545 1537 5583 c.
1571 5529 1624 5581 4.
1703 5530 1742 5559 ’⁷

397 5625 463 5664 us
515 5608 692 5660 modis
714 5602 1059 5672 interpolata.
1140 5602 1182 5632 ¹⁹
1205 5599 1396 5655 Matth.
1430 5615 1482 5662 x,
1514 5599 1580 5652 16
1607 5616 1620 5663 ;
1651 5597 1879 5654 ΡΙιίΙ.ἰι.

430 5720 547 5793 (I7)
587 5719 816 5793 Insuper
857 5727 908 5772 et
949 5717 1085 5770 illud
1107 5733 1203 5793 eos
1246 5724 1378 5772 scire
1408 5717 1782 5793 desideramus.
1819 5715 1946 5793 llaec

357 5787 569 5862 integra
599 5808 645 5861 pi
665 5787 855 5846 rioilus
885 5789 1201 5862 surreptitia
1245 5798 1351 5854 est,
1392 5797 1445 5840 et
1472 5787 1539 5862 ab
1565 5787 1752 5862 aliquo
1770 5788 1941 5862 sciolo

359 5855 733 5933 Superi-addita,
763 5855 1214 5933 qui_exist_iinavit
1241 5873 1448 5933 eaquze
1484 5860 1536 5910 in
1567 5857 1684 5910 Vita
1715 5855 1938 5911 Fabiani

358 5928 447 5988 (ιε’
491 5931 700 5986 Novato
746 5928 798 5985 et
839 5928 1136 5985 Novatiano
1191 5930 1544 5984 scribuntur.
1603 5929 1941 5991 temporibus

1622 5389 1709 5458 ¹¹έ⁹
1744 5389 1800 5442 S.
1838 5388 2102 5444 Bonifacii
2127 5390 2194 5443 A.
2229 5387 2373 5458 Mog.
2407 5403 2494 5455 ep.
2526 5386 2580 5447 6,
2613 5379 2777 5452 quam
2809 5379 3054 5435 consule.

1903 5460 1947 5490 ¹⁵
1979 5459 2230 5529 suspecti
2281 5446 2473 5512 omnes
2519 5446 2736 5521 semper
2781 5460 2908 5529 sunt
2928 5447 3236 5529 "amovendi
3262 5456 3318 5502 et
3345 5460 3455 5529 non
3493 5446 3636 5529 rcci-

1783 5546 1838 5599 q.
1869 5529 1902 5584 4
1942 5548 1956 5583 :
1985 5525 2195 5584 Om'ues
2232 5545 2380 5599 quos,
2409 5534 2746 5599 sanctorum.

1987 5600 2081 5653 ²⁰Ι
2122 5603 2248 5654 Cor.
2282 5615 2334 5663 v,
2363 5598 2449 5651 ll.

2045 4665 2240 4736 gibiles
2267 4663 2645 4734 apparuerint,
2677 4677 2775 4716 vos
2819 4662 2874 4716 in
2920 4658 3180 4715 omnibus
3224 4665 3497 4725 separate.
3545 4651 3632 4707 Si-

2045 4763 2250 4817 militer
2301 4760 2371 4815 ab
2423 4759 2682 4814 omnibus
2724 4772 2865 4828 quos
2907 4754 3203 4825 Apostolus
3237 4757 3632 4806 commemorat

2056 4855 2244 4909 dicens
2273 4869 2284 4906 :
2319 4850 2454 4906 Cum
2481 4852 2556 4905 eis
2602 4867 2694 4904 nec
2723 4847 2897 4903 cibum
2938 4862 3140 4900 sumere
3166 4843 3241 4909 ²⁰;
3277 4841 3405 4910 quia
3429 4850 3481 4894 et
3511 4839 3588 4892 illi
3615 4879 3630 4904 ,

2061 4944 2206 4999 sicut
2231 4952 2284 4996 et
2307 4943 2418 5008 isti,
2468 4951 2597 4996 sunt
2631 4938 2921 5009 repellendi
2945 4939 2987 4968 ἰ
3008 4977 3023 5001 ,
3055 4943 3108 4990 et
3136 4943 3260 4988 ante
3299 4930 3633 4987 satisfactio-

2051 5053 2176 5092 nem
2206 5033 2462 5090 Ecclesia:
2513 5050 2622 5088 non
2661 5042 2792 5088 sunt
2830 5027 3199 5098 suscipiendi;
3233 5024 3492 5094 quoniam
3533 5020 3633 5086 illi,

2090 5179 2111 5210 ⁸
2144 5176 2302 5231 Rom.
2333 5192 2420 5242 xv,
2456 5175 2511 5228 4.
2612 5175 2632 5206 ⁸
2670 5172 2727 5227 S.
2762 5165 3282 5242 Greg.Lepj.‘fll_,_lib1
3319 5179 3416 5216 vu.

2447 5248 2468 5278 ν
2499 5244 2514 5297 Ι
2561 5245 2689 5298 Cor.
2735 5259 2845 5305 xw,
2873 5231 3100 5306 13,-”;
3135 5235 3327 5306 Matth.
3360 5249 3506 5306 xm,
3543 5233 3632 5286 41,

3135 5378 3244 5408 ““‘
3276 5374 3458 5430 ΙΤιιιι.
3486 5389 3545 5436 ιι,
3580 5373 3634 5426 At.

2847 5521 2890 5551 ¹³
2927 5518 2984 5574 S.
3017 5517 3196 5571 Bomf.
3229 5533 3315 5586 ep.
3349 5517 3433 5578 19,
3464 5513 3634 5582 pluri-

2543 5596 2586 5625 ’ί
2616 5595 2668 5646 6.
2717 5607 2772 5660 q.
2817 5590 2842 5643 l
2882 5608 2895 5643 :
2926 5594 3128 5644 Omnes
3159 5589 3234 5641 illi
3280 5594 3407 5641 sunt
3437 5587 3525 5638 ab.

2051 5716 2276 5770 Fabiani
2302 5714 2588 5775 accidisse,
2641 5710 2870 5777 ideoque
2912 5708 2964 5760 in
3001 5708 3142 5762 hanc
3177 5705 3462 5777 epistolam
3499 5697 3639 5752 infe-

2048 5790 2215 5868 renda
2244 5803 2382 5839 esse.
2438 5781 2564 5836 Vide
2591 5797 2711 5851 quae
2744 5775 2982 5833 diximus
3006 5779 3191 5844 verbo,
3210 5775 3219 5776 ί
3240 5775 3446 5828 Divinis
3493 5781 3635 5837 pra-

2048 5863 2226 5927 ceptis.
3301 5863 3308 5872 '
3650 5865 3653 5867 ·
