4034 6414
434 432 536 488 187

1771 427 1830 481 S.
1848 466 1853 473 ι
1870 423 2145 480 FABIANI
2184 424 2382 480 ΡΑΡιΕ

3601 410 3694 463 188

433 566 560 606 cum
612 551 816 620 quibus
867 550 1049 605 cibum
1107 560 1326 603 sumere
1377 561 1487 600 non
1529 545 1677 611 licet,
1727 546 2014 602 manifeste
2041 555 2090 609 Α
2116 544 2463 612 perverteris;
2502 550 2547 598 :t
2592 559 2712 596 cum
2757 542 2923 595 electo
2979 541 3177 596 electus
3199 540 3332 603 eris,
3357 546 3407 593 et
3436 553 3553 591 cum
3583 538 3694 590 viro

433 651 697 712 apparent
732 641 1057 711 sequestrati
1085 656 1259 711 usque
1292 639 1359 694 ad
1387 638 1825 694 satisfactionem
1858 654 1890 693 a
1923 655 2013 693 re-

433 734 600 802 liquis
632 733 975 788 t'ratribus".
1003 731 1370 798 Quamobrem
1403 746 1510 785 non
1541 730 1743 785 debent
1771 745 1870 785 nec
1890 745 2020 799 pos-

436 822 642 876 suntin
677 823 1080 877 accusationem
1125 821 1362 876 tidelium
1418 819 1664 890 suscipi,
1701 819 1795 874 sed
1852 820 2016 873 etiam

436 913 506 965 ab
534 928 722 967 eorum
771 914 1081 983 consortio,
1116 929 1292 982 usque
1323 912 1389 966 ad
1416 912 1529 981 jam
1556 910 1759 965 dictam
1800 909 2019 965 satisfa-

437 1002 674 1056 ctionem
702 1001 911 1070 repelli,
940 1016 1008 1054 ne
1033 1001 1240 1055 similes
1260 1000 1340 1054 eis
1367 999 1688 1062 clliciantur,
1715 1006 1810 1050 aut
1830 1010 2016 1050 eorum

435 1091 987 1145 excommunicationi
1014 1090 1339 1158 subiaceant
1361 1107 1375 1154 ;
1396 1090 1658 1157 quoniam
1683 1087 1764 1143 sic
1783 1084 2019 1157 apostoli

438 1191 749 1235 statuerunt
773 1181 818 1213 ”
849 1182 1094 1236 dicentes
1124 1199 1138 1234 :
1180 1181 1317 1235 Cum
1368 1179 1861 1235 excommunicatis
1908 1192 2020 1232 non

435 1284 519 1325 est
564 1271 1158 1327 communicandum“.
1192 1271 1322 1325 Etsi
1353 1272 1480 1340 quis
1521 1285 1646 1325 cum
1691 1284 2015 1324 excommu-

436 1366 657 1428 nicatis,
691 1364 988 1418 avertendo
1024 1363 1515 1433 regulas,scienter
1532 1362 1728 1429 psallat
1757 1361 1811 1415 in
1830 1363 2017 1426 domo,

435 1472 530 1515 aut
588 1460 752 1515 simul
798 1459 1011 1514 locutus
1039 1459 1200 1513 fuerit
1232 1468 1326 1513 aut
1358 1458 1635 1521 oraverit,
1662 1455 1751 1510 ille
1776 1468 2022 1521 commu-

437 1556 603 1608 nione
630 1554 877 1623 privetur
903 1555 972 1606 ”.
1011 1551 1171 1607 Tales
1204 1567 1336 1623 ergo
1374 1552 1426 1605 in
1480 1552 1736 1607 omnibus
1766 1560 1892 1605 sunt
1925 1553 2031 1605 ca-'

433 1644 615 1708 Vendi,
653 1653 707 1699 et
753 1659 863 1699 non
896 1643 1253 1712 suscipiendi,
1289 1645 1419 1713 quia
1473 1645 1628 1713 juxta
1661 1642 2017 1712 Apostolum,

433 1754 539 1791 non
580 1738 751 1792 solum
791 1740 882 1809 qui
925 1738 1135 1808 faciunt
1166 1741 1517 1801 damnantur,
1564 1736 1652 1791 sed
1679 1746 1728 1790 et
1767 1737 1857 1805 qui
1898 1751 2022 1789 con-

435 1831 669 1883 sentiunt
705 1830 1023 1900 facientibus
1054 1831 1121 1884 ¹⁶.
1152 1828 1309 1884 Unde
1345 1840 1398 1883 et
1424 1830 1617 1883 beatus
1644 1828 2015 1897 apostolorum

2118 637 2391 690 innocente
2411 635 2659 688 innocens
2689 634 2795 687 eris
2820 634 2885 687 ³³.
2913 631 2980 687 Et
3003 631 3297 703 Apostolus
3327 629 3503 700 inquit
3524 646 3541 686 :
3565 628 3695 683 Per-

2117 733 2324 786 vertunt
2381 729 2541 785 bonos
2578 745 2750 783 mores
2795 727 3061 798 colloquia
3103 725 3249 780 mala
3279 725 3345 777 ³⁸.
3379 723 3605 788 Idcirco,
3637 732 3695 778 ut

2114 822 2227 894 jam
2264 824 2603 893 praelibatum
2643 831 2746 885 est,
2786 822 2915 875 mali
2945 827 3082 876 sunt
3112 833 3329 888 semper
3355 815 3605 882 cavendi,
3643 825 3697 871 cl

2119 916 2281 970 bonis
2309 926 2475 986 atque
2519 915 2799 971 benevolis
2836 924 2921 969 est
2976 913 3353 969 inhaerendum
3378 912 3424 944 ³⁸
3454 919 3514 966 ιιι
3548 912 3690 980 peri-

2114 1007 2303 1062 culum
2350 1006 2607 1073 desidia,
2640 1015 2908 1076 quantum
2966 1019 3286 1074 possumus,
3334 1003 3693 1058 declinemus.

2120 1095 2188 1150 Et
2242 1110 2313 1151 ne
2356 1096 2531 1166 pestis
2579 1096 2695 1151 haec
2740 1095 2903 1149 latius
2953 1094 3260 1164 divulgetur
3295 1092 3375 1159 ³⁸,
3409 1093 3699 1148 severitate

2119 1205 2229 1259 qua
2268 1204 2585 1259 possumus,
2612 1188 3005 1244 abscindamus
3024 1173 3055 1253 ;’
3070 1188 3333 1256 quoniam
3375 1202 3483 1241 non
3524 1195 3693 1241 teme-

2121 1281 2256 1336 ritas
2287 1280 2584 1336 intervenit
2613 1277 3077 1350 praesumptionis,
3112 1278 3206 1333 ubi
3236 1289 3322 1334 est
3342 1278 3387 1310 ³⁷
3414 1277 3698 1349 diligentia

2122 1372 2359 1441 pietatis.
2388 1372 2525 1443 Agat
2560 1387 2776 1440 semper
2796 1370 2843 1403 ³⁸
2868 1370 3252 1440 unusquisque
3275 1380 3518 1424 vestrum
3539 1411 3554 1435 ,
3595 1374 3699 1425 hac

2123 1462 2515 1518 informatione
2554 1463 2856 1532 apostolica
2884 1462 3056 1517 fultus
3079 1462 3235 1531 juxta
3266 1463 3410 1517 vires
3435 1477 3599 1529 suas,
3644 1471 3701 1518 et

2122 1556 2365 1611 fraterna
2393 1555 2688 1610 dilectione
2707 1596 2723 1621 ,
2765 1564 2822 1610 et
2840 1564 3028 1611 sancta
3065 1553 3347 1625 religione,
3370 1570 3549 1610 mores
3574 1570 3700 1625 pro-

2124 1649 2272 1718 prios
2295 1663 2644 1711 conservare,
2692 1656 2748 1702 et
2782 1648 2835 1701 in
2875 1662 3171 1703 commune
3197 1647 3518 1701 alterutrum
3546 1646 3701 1717 adju-

2122 1754 2273 1802 vare,
2304 1749 2359 1794 et
2386 1739 2439 1792 in
2462 1739 2731 1794 charitate
2759 1754 3103 1809 permanere,
3130 1749 3185 1793 et
3212 1738 3265 1793 in
3299 1738 3392 1793 Dei
3426 1739 3703 1794 voluntate

2125 1830 2494 1887 indesinenter
2547 1832 2767 1886 studeat
2821 1832 3108 1897 inhaerere,
3133 1841 3194 1885 ut
3225 1830 3390 1886 simul
3416 1832 3701 1887 laudantes

437 1923 708 1991 princeps,
744 1919 958 1989 Petrus,
1017 1922 1072 1977 in
1129 1922 1473 1976 ordinatione
1528 1920 1822 1975 Clementis
1880 1920 2013 1974 allo-
2055 1907 2095 1962 Β
2127 1922 2447 1990 Dominum,
2503 1922 2806 1978 indefessas
2837 1938 3054 1992 semper
3091 1923 3167 1977 illi
3207 1924 3409 1993 gratias
3451 1938 3700 1993 agamus.

440 2028 618 2080 quens
660 2013 947 2081 populum,
992 2013 1132 2068 inter
1183 2021 1379 2069 caetera
1413 2014 1491 2067 ait
1510 2014 1555 2045 ³⁷
1593 2031 1606 2067 :
1651 2011 1708 2066 Si
1766 2012 2021 2067 inimicus

434 2113 517 2156 est
571 2103 672 2158 iste
720 2102 975 2160 Clemens
1017 2104 1180 2160 alicui
1242 2120 1341 2176 pro
1396 2106 1608 2160 actibus
1638 2105 1754 2160 suis
1774 2104 1823 2136 ’⁸
1863 2143 1879 2169 ,
1921 2119 2021 2157 vos

439 2195 608 2248 nolite
642 2206 961 2266 exspectare
987 2238 1003 2263 ,
1036 2206 1099 2251 ut
1138 2198 1255 2267 ipse
1300 2198 1456 2254 vobis
1510 2199 1691 2253 dicat:
1724 2198 1864 2251 Cum
1923 2197 2018 2251 illo

436 2285 603 2340 nolite
635 2289 798 2342 amici
835 2305 986 2355 esse;
1017 2290 1110 2344 sed
1136 2288 1432 2358 prudenter
1457 2290 1753 2345 observare
1778 2288 2017 2356 debetis,

431 2388 486 2431 et
513 2378 776 2431 voluntati
798 2379 920 2447 ejus
939 2381 1147 2450 absque
1168 2381 1601 2435 commonitione
1618 2381 2015 2445 obsecundare,

431 2477 487 2523 et
515 2477 762 2524 avertere
789 2486 884 2525 vos
911 2472 1088 2538 abeo,
1124 2472 1213 2527 cui
1240 2472 1417 2542 ipsum
1449 2472 1665 2528 sentitis
1703 2473 2017 2539 adversum,

432 2557 528 2613 sed
584 2575 686 2614 nec
741 2561 894 2631 loqui
944 2563 1053 2628 his,
1100 2565 1304 2633 quibus
1340 2565 1458 2634 ipse
1489 2578 1600 2618 non
1632 2564 1898 2634 loquitur,
1958 2572 2020 2618 ut

431 2652 811 2723 unusquisque
836 2656 931 2724 qui
976 2656 1031 2710 in
1087 2657 1247 2726 culpa
1280 2666 1385 2720 est,
1418 2656 1550 2711 dum
1584 2656 1738 2728 cupit
1771 2657 2018 2713 omnium

429 2751 672 2800 vestrum
708 2747 983 2802 amicitias
1034 2747 1199 2815 ferre,
1226 2750 1447 2805 festinet
1479 2750 1645 2806 citius
1670 2748 2019 2806 reconciliari

430 2835 480 2887 ei
510 2835 606 2905 qui
637 2837 895 2893 omnibus
923 2850 1137 2908 praeest,
1176 2850 1366 2911 ut'per
1396 2841 1498 2897 hoc
1548 2846 1737 2898 redeat
1769 2843 1838 2897 ad
1874 2841 2021 2897 salu-

431 2935 563 2989 tem,
611 2942 736 2981 cum
770 2929 997 2985 obedire
1038 2934 1266 3002 coeperit
1291 2936 1518 2990 monitis
1556 2936 1923 3006 praesidentis.
1959 2933 2017 2990 Si

432 3033 564 3072 vero
592 3020 718 3087 quis
749 3020 965 3075 amicus
981 3038 1089 3077 non
1107 3033 1212 3091 est,
1249 3035 1303 3081 et
1341 3027 1557 3082 locutus
1586 3027 1754 3082 fuerit
1782 3028 1870 3083 bis
1893 3027 2018 3098 qui-

433 3109 537 3163 bus
561 3110 676 3179 ipse
709 3127 816 3166 non
868 3113 1135 3183 loquitur,
1166 3132 1309 3172 unus
1348 3126 1434 3172 est
1458 3127 1513 3173 et
1540 3118 1656 3187 ipse
1685 3133 1752 3173 ex
1785 3117 1893 3174 illis
1922 3120 2017 3189 qui

432 3201 798 3256 exterminare
831 3201 923 3255 Dei
959 3201 1260 3258 Ecclesiam
1290 3206 1474 3260 volunt
1506 3223 1520 3259 :
1551 3214 1607 3259 et
1635 3220 1761 3260 cum
1786 3220 2017 3275 corpore

432 3292 716 3347 vobiscum
746 3310 866 3349 esse
896 3295 1168 3362 videatur,
1204 3306 1384 3352 mente
1400 3309 1457 3351 et
1482 3297 1669 3352 animo
1698 3306 1889 3351 contra
1919 3311 2019 3351 vos
2048 3288 2090 3309 "

432 3394 532 3439 est.
570 3384 636 3438 Et
672 3396 755 3441 est
783 3386 956 3441 multo
984 3389 1212 3455 nequior
1263 3387 1438 3442 hostis
1489 3388 1576 3442 hic
1601 3402 1769 3457 quam
1807 3387 1886 3441 illi
1919 3384 2015 3457 qui

433 3475 569 3531 foris
596 3486 745 3540 sunt,
793 3487 846 3532 et
871 3478 1153 3532 evidenter
1186 3479 1393 3532 inimici
1428 3488 1577 3533 sunt.
1616 3476 1715 3532 Hic
1745 3477 1892 3532 enim
1921 3492 2018 3547 per

434 3565 801 3620 amicitiarum
851 3568 1113 3636 speciem,
1142 3585 1265 3638 quae
1307 3578 1436 3623 sunt
1487 3569 1732 3633 inimica,
1764 3570 1904 3639 gerit
1964 3578 2019 3622 ct

433 3653 738 3709 Ecclesium
770 3656 1037 3728 dispergit
1065 3673 1131 3712 ac
1160 3667 1357 3713 vastat.
1393 3658 1648 3728 Ideoque,
1674 3658 2011 3726 charissimi,

437 3749 523 3803 bis
570 3750 887 3820 apostolicis
917 3751 1187 3807 institutis
1208 3768 1307 3807 vos
1339 3764 1622 3807 monentes
1649 3751 1979 3807 instruimus
1999 3791 2013 3816 ,

435 3847 495 3894 ut
545 3840 737 3896 effecta
766 3843 809 3874 ⁸³
869 3843 1072 3897 certior
1126 3844 1366 3898 charitas
1432 3855 1651 3911 vestra,
1727 3844 2017 3900 sollicitius

433 3934 691 4004 deinceps
743 3950 906 4006 agere
961 3935 1178 3991 studeat
1214 3944 1266 3990 et
1300 3936 1537 3998 cautius,
1577 3950 1645 3990 ne
1686 3935 1931 4005 perversi
1964 3943 2017 3989 et

432 4027 676 4082 inlideles
716 4028 989 4096 homines,
1019 4029 1247 4085 laedendi
1283 4030 1467 4085 fideles
1492 4039 1546 4084 et
1570 4029 1868 4085 benevolos
1905 4029 2010 4083 lia-

431 4122 596 4177 beant
643 4122 952 4178 facultatcm
989 4143 1000 4178 :
1037 4126 1289 4195 quoniam
1315 4140 1433 4194 spes
1462 4123 1654 4177 talium
1696 4130 1759 4181 et,
1777 4121 2016 4173 omnium

430 4212 734 4281 impiorum,
778 4222 1028 4285 tanquam
1050 4216 1245 4286 lanugo
1268 4224 1367 4281 est,
1399 4231 1522 4285 qua:
1545 4230 1578 4266 a
1610 4220 1759 4267 vento
1784 4210 2014 4278 tollitur,

431 4313 479 4357 et
505 4316 759 4375 tanquam
790 4323 979 4375 spuma
1034 4309 1273 4378 gracilis,
1301 4324 1421 4378 qua:
1467 4324 1500 4360 a
1531 4303 1767 4375 procella
1809 4303 2019 4374 disper-

433 4399 598 4467 gitur,
649 4410 697 4453 et
742 4410 992 4469 tanquam
1023 4402 1199 4469 fumus
1228 4442 1241 4464 ,
1269 4402 1360 4471 qui
1387 4418 1419 4453 ιι
1450 4410 1600 4453 uento
1627 4400 1857 4468 diffusus
1902 4407 2013 4461 est,

429 4503 480 4546 et
510 4502 761 4562 tanquam
798 4494 1055 4546 memoria
1093 4494 1315 4562 Immitis
1357 4496 1516 4545 unius
1551 4491 1657 4544 diei
1702 4501 2019 4561 pra’tereun-

2124 2014 2309 2071 Valete
2350 2015 2404 2070 in
2427 2015 2692 2077 Domino,
2719 2015 3032 2070 charissimi
3052 2054 3067 2079 ,
3096 2025 3152 2069 et
3181 2014 3461 2085 praedicta,
3497 2022 3559 2069 ut
3587 2029 3703 2068 me-

2123 2109 2233 2163 lius
2270 2108 2520 2178 potestis,
2558 2106 2792 2161 Domino
2815 2122 2973 2178 opem
3009 2108 3236 2175 ferente,
3264 2108 3562 2180 adimplere
3585 2116 3705 2164 stu-

2120 2200 2260 2255 dete.
2292 2198 2421 2255 Data
2457 2199 2717 2257 Kalendis
2775 2200 2927 2267 Julii,
2967 2201 3264 2257 Maximino
3283 2204 3326 2236 ”
3366 2212 3420 2258 et
3446 2202 3706 2259 Africano

2131 2293 2264 2349 viris
2285 2293 2611 2350 clarissimis
2646 2293 2970 2349 consulibus
2995 2293 3066 2346 ⁸ο.

2614 2471 2952 2527 EPISTULA
3001 2471 3041 2526 ιι
3069 2472 3206 2544 (l8).

2416 2601 2483 2637 AD
2514 2599 2685 2639 OINES
2719 2599 3057 2639 OBIENTALES
3090 2599 3393 2641 EPISCOPOS.

2122 2726 2187 2775 Ut
2212 2726 2419 2776 chrisma
2456 2728 2586 2775 omni
2614 2739 2742 2775 anno
2778 2731 3052 2774 renovetur
3077 2724 3415 2773 consecrando
3460 2728 3515 2771 et
3553 2730 3707 2772 vetus

2180 2791 2229 2836 in
2254 2791 2481 2838 ccclesiis
2508 2794 2716 2850 ponatur
2743 2787 3031 2844 cremando;
3079 2787 3140 2834 de
3177 2783 3493 2850 accixsatione
3539 2798 3701 2833 sacer-

2180 2850 2369 2907 dotum,
2392 2859 2447 2899 et
2469 2848 2523 2899 ut
2544 2863 2666 2899 oves
2687 2858 2936 2911 pastorem
2957 2862 3120 2909 suum,
3143 2850 3239 2897 nisi
3259 2851 3308 2896 in
3321 2848 3416 2896 tide
3428 2850 3694 2904 erraverit,

2188 2914 2563 2974 reprehendere
2588 2926 2686 2960 non
2710 2912 2939 2961 audeant.

2120 3014 2159 3070 Ι.
2202 3013 2269 3069 Ut
2316 3031 2410 3084 per
2455 3031 2625 3069 annos
2665 3015 2904 3086 singulos
2949 3030 3137 3069 novum
3181 3014 3415 3067 chrisma
3451 3014 3707 3083 conﬁcia-

2266 3098 2373 3150 tur,
2400 3096 2450 3139 et
2487 3096 2629 3140 vetus
2664 3086 3004 3140 incendatur.

2123 3176 2188 3233 ll.
2230 3177 2303 3299 Dle
2338 3178 2593 3299 episczpis
2646 3195 2752 3233 non
2788 3178 3105 3232 accusandis
3139 3194 3201 3230 ac
3241 3176 3709 3231 obtrectationibus

2287 3264 2478 3299 aceran
2523 3266 2589 3299 ιδ.

2287 3264 2589 3301 ασεναηαιδ.

2196 3381 2462 3438 FABIANUS
2486 3383 2781 3453 episcopus
2804 3382 2957 3438 urbis
2988 3382 3195 3447 Roma,
3230 3384 3490 3439 omnibus
3513 3383 3710 3438 Oricu-

2124 3476 2327 3544 talihus
2374 3476 2652 3546 episcopis
2711 3484 2766 3529 et
2812 3476 3028 3530 cunctis
3072 3473 3361 3540 ﬁdelibus,
3394 3474 3449 3528 in
3478 3473 3712 3531 Domi..o

2123 3568 2379 3623 salutem.

2195 3659 2381 3732 Exigit
2423 3658 2648 3714 dilectio
2680 3666 2859 3714 vestra
2890 3658 3038 3713 sedis
3069 3657 3389 3727 apostolica:
3422 3660 3670 3713 consulta
3691 3702 3706 3724 ,

2123 3769 2247 3823 quae
2271 3752 2428 3807 vobis
2458 3752 2734 3821 denegare
2787 3767 2899 3806 non
2946 3765 3243 3820 possumus
3288 3766 3390 3806 nec
3420 3752 3704 3807 debemus.

2124 3844 2240 3900 lloc
2271 3854 2454 3899 autem
2485 3854 2537 3900 et
2574 3845 3008 3914 praedecessores
3038 3852 3260 3900 nostros
3289 3844 3586 3899 multarum
3622 3860 3709 3897 re-

2124 3939 2348 4009 gionum
2383 3938 2656 4008 episcopis
2706 3939 2890 4008 egisse
2917 3938 3120 4008 liquet;
3162 3945 3217 3992 et
3247 3952 3368 4003 nos,
3405 3937 3501 4007 qui
3529 3939 3583 3991 in
3617 3952 3711 3990 ea-

2102 4032 2247 4087 'dem
2279 4031 2428 4098 sede,
2464 4030 3000 4102 Dominolargiente,
3030 4030 3280 4086 collocati
3298 4046 3523 4093 sumus,
3549 4044 3712 4099 agere

2124 4125 2325 4180 debere
2396 4123 2640 4178 fraterna
2687 4124 2929 4178 charitas
2981 4131 3037 4178 et
3098 4122 3419 4178 obedientiae
3465 4123 3708 4178 debitum

2124 4215 2423 4286 compellit.
2447 4214 2593 4269 Cura
2638 4226 2723 4271 est
2772 4230 2910 4284 ergo
2942 4224 3139 4271 vestrae
3167 4213 3522 4269 sollicitudini
3554 4213 3709 4268 adhi-

2126 4309 2326 4376 benda,
2364 4319 2423 4364 ut
2453 4323 2539 4375 ea,
2569 4324 2692 4379 quae
2723 4316 2850 4363 sunt
2880 4309 2950 4362 ab
2981 4308 3246 4378 apostolis
3263 4320 3565 4377 eorumque
3592 4322 3709 4362 stu-

2124 4402 2441 4457 cessoribus
2486 4402 2776 4466 ordinata,
2814 4411 2870 4454 ct
2924 4400 3225 4470 instigante
3261 4398 3453 4454 sancto
3500 4399 3707 4469 Spiritu

2125 4495 2374 4549 instituta
2397 4493 2465 4571 ιζ,
2494 4509 2595 4548 nec
2618 4493 2990 4549 dissimulatio
3015 4493 3287 4563 negligere
3311 4533 3326 4558 ,
3376 4506 3475 4547 nec
3524 4491 3709 4559 aliqua

433 4585 503 4638 tis
520 4584 587 4637 ³⁵.
621 4583 1003 4654 Summopere,
1039 4584 1385 4650 charissimi,
1417 4585 1553 4639 tales
1594 4582 1821 4639 cavendi
1849 4590 2011 4646 sunt,
2046 4619 2091 4673 Β
2123 4585 2478 4656 praesumptio
2509 4586 2689 4639 valeat
2713 4584 3055 4655 perturbare.
3095 4582 3201 4639 Sed
3240 4584 3386 4640 sicut
3409 4583 3535 4649 hoc,
3559 4584 3709 4654 quod

432 4692 487 4737 et
518 4683 797 4738 avertendi
833 4692 997 4753 atque
1027 4682 1332 4752 rejiciendi,
1367 4682 1414 4737 si
1448 4692 1709 4738 nocentes
1739 4696 2012 4752 apparueo

434 4775 580 4842 rint;
606 4775 736 4846 quia
779 4791 889 4829 non
923 4776 1103 4829 solum
1133 4775 1518 4830 ecclesiastica:
1540 4816 1557 4841 ,
1589 4775 1685 4830 sed
1715 4774 1877 4829 etiam
1912 4788 2015 4828 saa-

433 4869 542 4923 culi
575 4870 719 4937 leges
741 4884 799 4923 se
828 4869 870 4900 ³¹
900 4877 1161 4923 nocentes
1201 4884 1309 4921 non
1342 4868 1673 4936 suscipiunt,
1697 4866 1792 4922 sed
1828 4865 2008 4934 repel-

432 4965 572 5016 lunt.
599 4958 755 5015 Unde
787 4959 1053 5029 scriptum
1087 4969 1170 5015 est
1205 4978 1217 5013 :
1257 4959 1328 5015 Os
1361 4961 1643 5029 impiorum
1668 4959 1882 5013 devorat
1915 4956 2019 5009 ini-

431 5058 692 5125 quitatem
722 5054 788 5106 δ’.
831 5051 898 5106 Et
930 5051 1194 5106 Dominus
1235 5068 1331 5122 per
1372 5051 1702 5122 Pi-Ophetam
1734 5050 2013 5119 loquitur,

430 5149 655 5205 dicens:
686 5147 822 5203 Cum
866 5155 1050 5200 sancto
1096 5156 1312 5200 sanctus
1359 5146 1484 5210 eris,
1528 5156 1579 5199 et
1622 5161 1742 5198 cum
1776 5159 2017 5214 perverso

499 5271 544 5340 ξ’
576 5267 875 5340 Fidelilins.
951 5265 997 5298 ²³
1029 5266 1196 5340 11τιι.
1228 5264 1489 5340 3__:_Sicu_t_
1527 5262 1763 5340 apostoli
1805 5267 2134 5340 statuerunt.
2198 5262 2277 5340 n‘f
2318 5262 2578 5340 catuli.”
2644 5262 2690 5340 ξε
2730 5268 2852 5340 can.
2892 5262 3172 5340 11⁸⁸3ροεᾶ
3201 5262 3289 5340 inti

1881 5332 1926 5364 ⁸⁸
1955 5330 2112 5398 epist.
2149 5345 2163 5381 ι
2196 5324 2457 5380 Clementi
2495 5325 2694 5398 tributa
2716 5316 3073 5398 ev__versi0iie
3111 5316 3500 5398 [inlini-Patr:
3555 5328 3593 5372 t.
3657 5316 3697 5368 Ι.

2110 5400 2154 5429 ³⁸
2183 5398 2345 5451 Prov.
2376 5410 2490 5455 XIX,
2518 5395 2610 5448 28.

1719 5473 1761 5503 ³⁷
1800 5465 1938 5526 idem
1978 5486 2063 5526 en.
2095 5468 2148 5523 2.
2226 5469 2271 5500 ³⁸
2300 5466 2358 5520 S.
2392 5465 2570 5518 Bonii'.

1274 5548 1319 5579 ⁸³
1353 5549 1419 5600 de
1450 5536 1699 5601 consecr.
1737 5540 1865 5597 dist.
1902 5542 1935 5595 5
1967 5559 1979 5594 :
2014 5536 2236 5594 Litteris
2285 5536 2501 5591 vestris.

993 5339 1036 5368 ’⁷
1083 5339 1212 5391 dist.
1254 5337 1317 5389 65
1374 5353 1388 5389 :
1438 5335 1492 5388 Si
1526 5334 1802 5387 inimicus.

991 5408 1034 5439 ³⁰
1062 5408 1191 5478 Sap.
1217 5422 1270 5471 ν,
1309 5407 1399 5459 15.’
1475 5405 1518 5437 ³⁸
1543 5404 1884 5478 ιιιίθδικρελιι
1911 5417 2014 5455 ms.

430 5340 476 5373 "‘
511 5338 665 5391 Rom.
692 5355 729 5399 I,
766 5338 851 5390 '52.

430 5409 473 5442 ’⁵³
509 5409 569 5463 S.
601 5407 708 5460 Leo
740 5424 824 5476 ep.
857 5409 912 5463 ‘2.

432 5479 525 5535 ΓΞ.
602 5478 645 5509 ³⁵
680 5479 736 5531 S.
776 5474 903 5532 ‘Leo
939 5496 1025 5547 ep.
1055 5480 1109 5533 4.
1138 5474 1152 5478 ’
1185 5478 1231 5508 ³⁸
1277 5478 1418 5531 idem
1466 5491 1551 5545 ep.
1585 5474 1640 5527 2.

432 5549 595 5616 Ureg.
625 5550 784 5617 epist.
820 5549 941 5614 117,
973 5551 1065 5603 lib.
1101 5565 1197 5602 vn.

504 5645 1069 5715 (l8)rApocrypham_
1136 5643 1417 5697 nonnullis
1498 5637 1668 5715 vizlcri
1736 5644 2006 5715 testantur

433 5719 475 5773 Β
510 5709 781 5786 11.,Ῥ(ιςῖς.
812 5709 1013 5784 aliique
1041 5713 1334 5775 Catholici,
1369 5721 1422 5766 et
1446 5714 1612 5786 multa
1646 5709 1898 5780 probant.
1982 5775 2015 5786 ﬂ

504 5788 618 5856 (l9)
654 5781 988 5856 ,Episcopos.
1031 5785 1311 5856 Iudicatur
1350 5784 1635 5856 materiam
1690 5781 2019 5834 sacramenti

432 5876 461 5913 c
486 5854 867 5912 vnfirmationis
906 5870 1028 5910 esse
1061 5854 1333 5918 chrisma,
1371 5854 1514 5920 quod
1552 5858 1635 5903 est
1680 5856 2017 5917 unguentum

432 5948 497 5982 ex
533 5929 654 5984 oleo
678 5937 734 5985 et
768 5926 1015 5982 balsamo
1051 5924 1296 5991 mistum,
1343 5935 1394 5976 ct
1434 5922 1501 5976 ab
1540 5921 1797 5990 episcopo
1828 5932 2019 5972 conse-

2119 4677 2349 4732 rationis
2408 4677 2658 4747 exigebat
2704 4676 2945 4740 utilitas,
3000 4677 3244 4746 oportuit
3302 4675 3571 4743 diilinire;
3635 4675 3708 4729 ita

2132 4771 2277 4842 quod
2307 4768 2595 4824 difliuitum
2627 4781 2731 4836 est,
2775 4784 2882 4824 non
2905 4768 3065 4824 debet
3092 4766 3301 4823 violari.

2874 4926 2918 4979 l.

2191 5042 2409 5097 Litteris
2441 5046 2637 5097 vestris
2668 5057 2794 5097 vero
2830 5042 2970 5096 inter
3001 5049 3197 5102 caetera
3228 5041 3495 5097 insertum
3540 5042 3695 5095 inve-

2124 5138 2305 5191 nimus
2338 5136 2401 5201 “,
2434 5135 2700 5205 quosdam
2734 5135 2977 5205 regionis
3011 5143 3207 5189 vestr-ae
3257 5134 3549 5203 episcopos
3588 5130 3705 5201 (l9)

2230 5256 2277 5287 ”‘
2318 5271 2440 5309 can.
2469 5253 2554 5306 11.
2646 5253 2690 5284 ’⁵
2730 5268 2852 5305 can.
2892 5251 2950 5303 11
2988 5259 3162 5318 apost.
3201 5250 3395 5317 interp.
3426 5246 3703 5318 Dionysio.

3313 5390 3359 5421 ³⁸
3400 5388 3573 5443 lCor.
3614 5404 3701 5449 xv,

3562 5458 3604 5489 ι·
3643 5458 3698 5511 s.

2714 5393 2757 5423 ³³
2791 5393 2930 5445 Psal.
2967 5406 3095 5457 xvu,
3126 5391 3217 5444 ‘26.

2662 5464 2705 5495 ³⁹
2758 5461 3014 5515 Maximo.
3116 5460 3161 5491 ⁸ο
3216 5477 3306 5515 an.
3338 5459 3464 5513 236.

2125 5641 2358 5688 oratum.
2392 5629 2468 5683 Ex
2500 5644 2567 5683 eo
2599 5627 2744 5682 enim
2773 5625 2915 5695 quod
2948 5624 3170 5690 scribit,
3214 5623 3494 5695 Christum
3535 5622 3701 5695 ritum

2126 5702 2450 5758 conficiendi
2485 5700 2762 5769 apostolos
2789 5692 3043 5750 docuisse
3062 5693 3561 5769 ,Uutiquealiquaui
3587 5692 3684 5769 for-

2128 5788 2270 5827 mam
2303 5763 2652 5825 benedicendi
2677 5776 2730 5820 et
2753 5767 3108 5820 consecrandi
3138 5763 3451 5829 tradidisse,
3472 5763 3697 5817 dubium

2128 5858 2234 5897 non
2281 5849 2385 5895 est.
2437 5839 2589 5894 Unde
2640 5847 3003 5907 praeterquam
3049 5837 3193 5905 quod
3240 5834 3571 5907 sanctissimi
3601 5831 3701 5907 Pa-

2130 5924 2259 5979 tres,
2285 5911 2552 5974 Clemens,
2592 5903 2916 5973 Dionysius,
2948 5903 3208 5974 Irenteus,
3246 5903 3499 5959 Urbanus
3527 5903 3702 5964 ponti-
