4034 6388
352 433 458 490 189

1788 429 2172 488 EPISTOLIE.

3519 418 3614 471 I93

350 569 383 605 a
424 559 604 607 vestro
641 560 940 622 nostroque
968 552 1162 608 ordine
1210 550 1522 622 discrepare
1545 591 1563 618 ,
1605 560 1660 607 et
1691 566 1801 607 non
1832 567 1928 622 per
1956 556 2000 610 Α
2027 549 2356 620 sumptionis
2403 547 2710 614 delabitur;
2759 554 2814 601 et
2863 545 3176 600 nullatenus
3226 543 3435 600 eruitur
3459 584 3475 609 ,
3508 543 3612 598 nisi

356 640 607 711 singulos
639 655 815 697 annos
853 641 906 695 in
939 640 1107 697 Cmna
1140 639 1359 695 Domini
1382 640 1620 696 chrisma
1641 641 1928 707 coniicere,

350 731 450 785 sed
477 730 617 785 duos
646 740 742 785 aut
773 740 882 786 tres
914 746 1093 787 annos
1121 729 1520 786 confectionem
1571 732 1747 787 sancti
1779 731 1930 787 chri-

351 822 547 878 smatis
569 824 739 879 semel
767 833 940 879 actam
975 839 1321 880 conservare.
1351 822 1547 878 Dicunt
1591 824 1762 889 enim,
1792 832 1850 877 ut
1877 824 1930 877 in

351 918 681 972 memoratis
720 916 969 987 apicibus
1000 916 1339 986 reperimus,
1376 933 1477 972 nec
1502 917 1809 972 balsamum
1840 932 1934 986 per

351 1009 605 1079 singulos
651 1024 826 1064 annos
851 1024 1009 1078 posse
1045 1008 1296 1078 reperiri,
1324 1024 1426 1062 nec
1447 1023 1672 1063 necesse
1700 1007 1816 1062 fore
1839 1023 1936 1076 per

349 1100 602 1169 singulos
663 1115 836 1155 annos
883 1100 1124 1154 chrisma
1165 1102 1471 1164 coniicere,
1513 1100 1608 1154 sed
1664 1100 1794 1155 dum
1826 1114 1932 1153 una

350 1190 632 1245 confectio
680 1190 994 1245 chrismatis
1023 1190 1302 1256 abundat,
1347 1191 1509 1245 aliam
1546 1191 1666 1245 ﬁeri
1713 1205 1935 1245 necesse

351 1301 470 1340 non
494 1285 718 1341 habere.
752 1284 952 1341 Errant
984 1286 1131 1341 enim
1160 1287 1255 1355 qui
1301 1286 1430 1340 talia
1471 1284 1934 1355 excogitantw“,

348 1386 408 1433 et
439 1389 623 1434 mente
649 1390 853 1433 vesana
878 1379 1062 1449 potius
1096 1394 1259 1449 quam
1310 1387 1453 1433 recta
1477 1378 1796 1443 sentientes,
1821 1379 1937 1435 haec

349 1468 569 1523 dicunt.
602 1467 659 1522 ln
694 1469 784 1523 illa
818 1469 963 1525 enim
1003 1470 1091 1524 die
1143 1468 1409 1524 Dominus
1435 1468 1547 1539 (‘20)
1577 1467 1756 1532 Jesus,
1788 1478 1937 1539 post-

347 1575 522 1628 quam
556 1560 798 1614 ccenavit
846 1576 974 1615 cum
1023 1561 1307 1630 discipulis
1336 1559 1473 1626 suis,
1498 1569 1553 1615 et
1585 1560 1718 1615 lavit
1743 1575 1933 1615 eorum

347 1651 543 1721 pedes,
570 1653 712 1708 sicut
739 1668 770 1708 a
796 1654 1002 1709 sanctis
1026 1654 1288 1723 apostolis
1307 1653 1739 1723 praedecessores
1758 1654 1934 1708 nostri

346 1751 705 1810 acceperunt,
730 1742 998 1811 nobisque
1024 1742 1383 1812 reliquerunt,
1408 1741 1647 1797 chrisma
1668 1743 1937 1798 coniicere

344 1832 559 1888 docuit.
584 1832 704 1902 ipsa
743 1834 888 1888 enim
940 1834 1139 1889 lavatio
1176 1835 1399 1904 pedum,
1460 1844 1710 1891 nostrum
1761 1835 1935 1903 signi-

351 1919 489 1975 ﬁcat
516 1920 872 1991 baptismum,
903 1924 1123 1993 quando
1144 1924 1317 1979 sancti
1344 1924 1655 1982 chrismatis
1681 1925 1936 1979 unctione

344 2010 636 2079 perﬁcitur
703 2020 867 2082 atque
930 2013 1304 2071 conﬁrmatur.
1362 2013 1499 2069 Nam
1582 2016 1725 2070 sicut
1763 2015 1934 2085 ipsius

346 2102 459 2155 diei
493 2104 816 2159 solemnitas
853 2120 950 2174 per
990 2105 1234 2175 singulos
1268 2121 1444 2160 annos
1475 2114 1561 2162 est
1585 2106 1932 2170 celebranda,

344 2194 425 2247 ita
452 2193 629 2263 ipsius
674 2198 848 2250 sancti
881 2197 1194 2253 chrismatis
1244 2198 1516 2255 confectio
1552 2216 1648 2271 per
1689 2202 1934 2272 singulos

346 2302 527 2342 annos
558 2298 644 2341 est
679 2290 887 2359 agenda
910 2329 926 2354 ,
959 2298 1012 2344 et
1044 2289 1110 2343 de
1140 2305 1284 2344 anno
1330 2290 1384 2344 in
1413 2307 1617 2346 annum
1659 2306 1933 2346 renovan-

346 2380 444 2443 da,
468 2386 525 2432 et
546 2377 798 2433 ﬁdelibus
821 2378 1087 2433 tradenda
1113 2397 1127 2446 ;
1149 2380 1276 2450 quia
1300 2396 1501 2436 novum
1527 2392 1931 2438 sacramentum

342 2478 434 2525 est
480 2484 578 2540 per
619 2470 865 2540 singulos
900 2485 1078 2525 annos
1102 2479 1155 2525 et
1176 2471 1291 2540 jam
1342 2473 1489 2528 dicto
1536 2474 1625 2530 die
1665 2474 1932 2527 innovan-

342 2559 504 2622 dum,
541 2567 596 2613 et
627 2569 780 2614 vetus
814 2559 868 2612 i'n
898 2560 1105 2615 sanctis
1133 2561 1384 2617 ecclesiis
1413 2565 1788 2619 cremandum.
1823 2564 1929 2619 Ista

345 2666 378 2704 a
416 2650 626 2705 sanctis
657 2651 920 2719 apostolis
945 2661 997 2705 et
1038 2655 1450 2710 successoribus
1497 2672 1688 2710 eorum
1713 2657 1929 2727 accepi-

344 2757 510 2806 mus,
549 2741 814 2811 vobisque
869 2744 1101 2798 tenenda
1152 2746 1498 2801 mandamus.
1561 2747 1685 2803 “ch
1739 2757 1924 2803 saneta

345 2831 597 2888 Remana
636 2832 900 2897 Ecclesia,
933 2843 987 2890 et
1014 2836 1353 2892 Antiochena
1378 2853 1409 2892 a
1436 2848 1678 2908 tempore
1711 2849 1929 2910 aposte-

342 2923 524 2975 lorum
554 2924 820 2990 custodit;
854 2925 969 2980 haec
995 2924 1502 3000 Hierosolymorum
1535 2938 1586 2984 et
1617 2929 1925 3000 Ephesino-

344 3027 472 3065 rum
527 3021 695 3067 tenet.
741 3014 800 3068 In
851 3016 1051 3084 quibus
1094 3017 1325 3087 apostoli
1384 3018 1770 3088 praesidentes,
1812 3021 1928 3078 haec

344 3104 680 3170 docuerunt,
737 3114 793 3160 et
836 3116 993 3161 vetus
1044 3107 1281 3163 chrisma
1312 3108 1552 3175 incendi,
1582 3119 1635 3164 et
1668 3125 1778 3165 non
1805 3127 1925 3166 am-

344 3196 494 3266 plius
548 3211 713 3265 quam
780 3213 890 3251 uno
951 3215 1096 3253 anno
1153 3200 1267 3268 uti,
1317 3202 1710 3270 permiserunt,
1764 3213 1995 3290 atquec

341 3288 606 3359 deinceps
639 3304 783 3343 novo
812 3287 943 3353 frui,
977 3298 1032 3343 et
1058 3305 1167 3344 non
1208 3290 1416 3357 veteri,
1445 3291 1701 3361 iubentes
1725 3293 1927 3348 docue-

342 3388 499 3434 runt.
533 3376 590 3432 Si
624 3379 751 3449 quis
795 3394 929 3449 ergo
976 3379 1063 3435 his
1093 3379 1678 3447 obviare.tentaverit,
1711 3396 1926 3437 omnem

343 3471 458 3526 sibi
505 3486 602 3539 per
629 3486 728 3525 vos
753 3469 818 3536 “,
844 3478 900 3525 et
927 3486 1021 3539 per
1046 3486 1241 3526 omnes
1275 3480 1422 3526 recte
1459 3473 1827 3544 intelligentes
1860 3473 1928 3540 ‘5,

339 3563 695 3632 indulgentiae
727 3562 933 3616 aditum
968 3563 1596 3633 intelligatobseratum;
1629 3566 1758 3636 quia
1804 3582 1930 3636 pra-

342 3656 702 3711 vissimarum
729 3655 995 3709 mentium
1020 3669 1276 3723 perversa
1303 3655 1721 3723 doctrina,dum
1745 3657 1927 3712 indul-

338 3748 564 3819 gentius
622 3747 796 3803 [renis
838 3747 1010 3802 utitur
1035 3746 1102 3809 ⁸⁷.
1138 3747 1193 3802 in
1250 3749 1754 3818 praevaricationem
1789 3764 1927 3819 prte-

415 3904 540 3937 ‘M‘
586 3903 664 3956 De
719 3920 990 3972 consecr.,
1032 3906 1158 3961 dist.
1231 3908 1265 3962 5
1319 3925 1332 3961 :
1386 3905 1605 3962 Litteris
1636 3908 1855 3965 vesuis.

340 3976 411 4029 ad
444 3973 620 4029 Milev.
650 3974 753 4045 PP.
846 3975 888 4007 ⁸⁸
919 3976 1046 4030 σευι.
1080 3979 1145 4031 ad
1179 3976 1361 4032 Gallos
1400 3993 1520 4045 cap.
1564 3977 1650 4030 12.

340 4047 519 4109 ribus,
558 4062 674 4113 cap.
712 4044 763 4097 7.
869 4047 914 4078 "
946 4046 1002 4099 S.
1036 4045 1178 4101 llier.
1208 4064 1291 4115 cp.
1318 4047 1407 4101 85.

1970 3908 2017 3942 ’⁸⁸
2050 3924 2170 3962 nos.

1726 3978 1772 4012 ‘9
1802 3980 1942 4033 idem
1970 3994 2056 4049 ep.
2092 3978 2147 4039 2.
2181 3993 2299 4046 cap.
2334 3978 2384 4031 1.

1483 4047 1528 4078 ⁵³
1561 4048 1720 4101 Siric.
1750 4064 1875 4102 mox
1909 4050 2003 4103 cit.

2032 639 2379 710 prudentium
2414 637 2811 692 suStentatione
2851 644 2906 691 et
2951 633 3290 689 correctione
3332 631 3611 686 liberetur.

2033 730 2129 786 Illa
2160 739 2366 796 autem,
2413 745 2537 799 qua:
2594 728 2741 783 circa
2791 726 2974 782 divina
3025 724 3282 796 mysteria
3316 732 3371 777 et
3414 737 3542 791 erga
3569 720 3615 754 ⁸⁸

2033 822 2406 891 baptizandos,
2466 820 2522 874 in
2568 820 2827 874 universo
2883 817 3090 872 mundo
3128 826 3314 870 sancta
3374 813 3614 869 Ecclesia

2033 914 2384 972 uniformiter
2418 913 2550 983 agit,
2581 927 2689 967 non
2715 911 2894 965 otioso
2930 907 3348 976 contemplanda
3376 914 3503 960 sunt
3530 905 3616 958 in-

2033 1006 2204 1072 tuitu,
2258 1019 2326 1058 ne
2373 1004 2553 1058 locum
2596 1002 2951 1072 supervacuis
3001 998 3399 1053 intentionibus
3430 1006 3483 1051 et
3517 1012 3614 1051 su—

2034 1095 2452 1168 perstitionibus
2492 1093 2780 1149 faciamus.
2816 1092 3156 1172 Rudcsoergo
3183 1092 3419 1145 ﬁdelium
3458 1104 3615 1144 mens

2033 1197 2116 1242 tes
2145 1188 2211 1241 ad
2245 1185 2372 1240 talia
2428 1200 2537 1238 non
2588 1184 2852 1239 debemus
2895 1173 3176 1247 inducere,
3231 1181 3359 1251 quia
3384 1178 3613 1234 docendi

2035 1280 2216 1352 potius
2267 1286 2416 1343 sunt,
2465 1291 2628 1347 quam
2673 1274 2933 1330 illudendi
2961 1273 3027 1326 "9.
3070 1273 3150 1326 Ad
3186 1282 3432 1327 nostram
3466 1271 3611 1324 cnim

2036 1373 2278 1428 laetitiam
2308 1368 2591 1425 benefacta
2630 1367 2981 1438 perveniunt,
3011 1374 3065 1419 et
3099 1363 3351 1419 mteroris
3409 1362 3616 1417 aculeis

2037 1478 2159 1528 nos,
2194 1476 2316 1531 quae
2340 1458 2543 1513 fuerint
2560 1456 2700 1510 male
2722 1453 2885 1520 facta,
2912 1459 3162 1523 pungunt
3184 1451 3253 1503 ⁵ο.
3289 1448 3388 1503 llic
3416 1447 3461 1479 ἰ
3483 1462 3615 1501 vero

2036 1554 2178 1609 inter
2197 1566 2394 1607 manus
2417 1550 2689 1603 latronum
2716 1554 2771 1601 et
2792 1545 2984 1600 dentes
3008 1545 3259 1614 luporum
3291 1541 3612 1605 furentium,

2049 1655 2328 1714 utcunque
2384 1656 2699 1704 versamur,
2749 1647 2803 1693 et
2849 1645 3201 1692 contumaces
3243 1642 3370 1689 sunt
3414 1630 3617 1687 subditi

2037 1744 2201 1808 atque
2234 1747 2385 1788 oves.
2422 1730 2556 1785 Nam
2607 1731 2810 1785 latratu
2857 1743 3057 1783 canum
3091 1728 3159 1790 δ’,
3183 1725 3486 1793 baculoque
3517 1737 3617 1792 pa-

2039 1825 2243 1890 storis,
2282 1825 2537 1894 luporum
2574 1822 2758 1876 rabies
2792 1817 3115 1874 deterrenda
3138 1826 3240 1872 est.
3268 1816 3315 1851 ⁸³
3350 1815 3441 1869 llla
3484 1828 3616 1868 vero

1969 1893 2010 1950 θ
2038 1933 2163 1988 quae
2195 1893 2454 1970 fomentis
2483 1929 2589 1968 non
2619 1921 2884 1968 sanantur
2910 1910 3158 1972 vulnera,
3191 1907 3335 1961 ferro
3365 1902 3613 1959 abscindi

2036 2021 2259 2061 necesse
2289 2012 2392 2059 est.
2419 2002 2529 2058 Nec
2555 2002 2716 2058 silere
2738 2001 2785 2045 ‘l
2809 2014 3125 2071 possumus,
3159 2005 3218 2050 ut
3260 2012 3384 2051 cum
3424 1995 3513 2049 hic
3547 1994 3616 2047 ab

2034 2098 2236 2155 illicitis
2261 2109 2585 2152 revocemus
2609 2094 2844 2162 aliquos,
2870 2090 3031 2146 cilicii
3057 2089 3227 2144 nostri
3252 2101 3615 2157 provocamur

2036 2192 2319 2258 instinctu,
2366 2190 2421 2244 in
2454 2188 2691 2259 speculis
2729 2201 2759 2240 a
2800 2184 3032 2240 Domino
3058 2182 3359 2245 constituti,
3389 2190 3446 2235 ut
3480 2180 3615 2251 rigi-

2034 2283 2218 2338 lantite
2259 2290 2461 2336 nostrae
2506 2278 2841 2348 diligentiam
2898 2274 3351 2345 comprobantes,
3398 2280 3453 2326 et
3495 2288 3616 2341 quae

2032 2374 2328 2430 coercenda
2349 2379 2477 2426 sunt
2494 2383 2800 2424 resecemus
2816 2366 2884 2433 ⁵⁵,
2903 2375 3090 2437 etquae
3114 2365 3453 2419 observanda
3477 2375 3610 2420 sunt

2032 2480 2356 2522 censeamus
2389 2464 2455 2517 ⁵⁸.

2787 2549 2852 2605 ll.

2100 2648 2403 2705 Consulere
2456 2648 2620 2702 etiam
2671 2659 2794 2711 nos,
2851 2651 2910 2697 ut
2966 2642 3021 2694 in
3081 2639 3356 2710 praedictis
3414 2638 3613 2695 litteris

2028 2738 2228 2794 vestris
2276 2737 2609 2795 invenimus.
2657 2748 2822 2802 super
2858 2731 3216 2785 accusatione
3265 2730 3611 2784 sacerdotum

2027 2830 2313 2892 voluistis,
2375 2843 2496 2899 quae
2555 2826 2752 2897 oppido
2799 2823 2942 2895 apud
2999 2838 3133 2888 vos,
3203 2830 3261 2874 ut
3307 2821 3360 2874 in
3407 2821 3612 2875 eisdem

2028 2923 2275 2992 apicibus
2319 2920 2648 2990 reperimus,
2701 2916 3015 2972 crebrescit.
3054 2913 3416 2984 Signiﬁcastis
3460 2913 3613 2968 insu-

2026 3030 2123 3085 per
2147 3015 2216 3078 ⁵⁷,
2268 3014 2558 3083 plerosque
2604 3010 2916 3074 attendere,
2951 3007 3151 3062 multos
3179 3007 3232 3060 in
3270 3005 3405 3076 ipsis
3437 3006 3613 3060 hono-

2028 3107 2180 3161 ribus
2206 3104 2592 3161 ecclesiasticis
2618 3118 2728 3157 non
2760 3109 3123 3171 congruenter
3178 3099 3367 3153 vivere
3393 3113 3612 3153 sermo-

2028 3197 2195 3251 nibus
2248 3206 2301 3251 et
2338 3194 2722 3253 -.sacramentis
2751 3193 2797 3225 ⁵⁸
2844 3207 2968 3262 quae
2993 3207 3089 3262 per
3115 3206 3212 3245 eos
3259 3191 3477 3261 p0pulis
3509 3190 3613 3244 mi-

2029 3287 2356 3342 nistrantur.
2385 3284 2429 3340 Ο
2451 3285 2685 3339 tniseros
2717 3283 2987 3347 homines,
3018 3280 3113 3350 qui
3158 3281 3258 3335 hos
3307 3281 3570 3334 intuendo
3593 3323 3608 3346 ,

2028 3379 2307 3435 Christum
2357 3377 2798 3431 obliviscuntur:
2834 3374 2929 3444 qui
2986 3383 3039 3426 et
3090 3373 3262 3426 multo
3299 3380 3423 3427 ante
3468 3388 3610 3442 prae-

2028 3470 2188 3537 dixit,
2225 3481 2285 3524 ut
2319 3468 2424 3539 legi
2480 3467 2570 3522 Dei
2616 3468 2797 3538 potius
2832 3468 3261 3535 obtemperctur,
3291 3480 3453 3535 quam
3486 3463 3611 3518 imi-

2031 3562 2179 3618 landi
2211 3561 2498 3615 videantur
2523 3560 2622 3624 illi,
2654 3560 2748 3628 qui
2775 3575 2836 3613 ea
2865 3573 2987 3628 qua:
3008 3557 3217 3623 dicunt,
3237 3572 3344 3610 non
3366 3555 3607 3621 faciunt;

2029 3666 2081 3711 et
2107 3654 2421 3708 traditorem
2463 3667 2622 3707 suum
2656 3652 2892 3705 tolerans
2916 3690 2931 3716 ,
2957 3665 3129 3720 usque
3162 3650 3215 3702 in
3247 3650 3406 3703 linem
3437 3649 3602 3703 etiam
3662 3673 3670 3677 ·

2030 3747 2098 3801 ad
2130 3746 2613 3817 evangelizandum
2645 3760 2770 3800 cum
2800 3743 3013 3798 caneris
3038 3740 3357 3798 misit.Nam
3376 3742 3609 3811 apostoli

2306 3906 2351 3938 ⁴⁶
2391 3907 2620 3961 Siricius
2647 3922 2733 3975 cp.
2796 3922 2835 3969 ι,
2870 3920 2921 3960 c.
2962 3905 3012 3958 7.
3110 3904 3158 3936 ⁸⁷
3199 3902 3382 3958 limae.
3424 3919 3505 3971 ep.
3536 3903 3608 3958 25

2459 3979 2504 4009 ⁸ο
2534 3986 2924 4046 compungunt.
3004 3976 3043 4006 δ’
3078 3976 3134 4027 S.
3166 3978 3301 4046 Aug.
3327 3980 3391 4027 de
3424 3981 3607 4041 pasto-

2079 4049 2127 4080 "
2162 4043 2294 4103 Cael.
2345 4064 2430 4117 ep.
2462 4047 2518 4110 2,
2542 4063 2590 4100 c.
2622 4043 2676 4099 1ξ
2742 4046 2795 4117 f"
2829 4061 3128 4101 servemus.
3205 4043 3250 4074 ⁵⁸
3281 4045 3603 4098 sentiamus.

336 4114 386 4148 ³⁷
429 4115 481 4169 1.
514 4132 568 4185 q.
612 4119 630 4168 1
660 4132 675 4169 :
703 4114 1063 4185 Signiﬁcastis
1091 4114 1329 4187 insuper.
1406 4117 1452 4148 ⁸³
1481 4116 1540 4171 S.
1562 4117 1791 4187 August.
1817 4120 1911 4173 lib.
1930 4135 1961 4173 ι.
1988 4119 2160 4185 hom.,
2198 4119 2348 4173 hom.
2378 4114 2521 4184 'ult.,
2545 4131 2667 4185 cap.
2704 4116 2793 4170 15.

339 4277 430 4333 fex
462 4278 694 4343 epistola
733 4292 854 4340 sua,
893 4241 999 4333 et.c.
1031 4316 1046 4341 ,
1084 4279 1185 4332 hoc
1212 4277 1338 4332 alibi
1371 4287 1620 4334 sanctum
1647 4280 1885 4346 chrisma
1911 4321 1926 4346 ,

334 4347 469 4420 alibi
510 4355 846 4420 unguentum
876 4348 1281 4420 sanctiﬁcatum
1323 4349 1642 4416 nominent,
1680 4345 1931 4406 conciliis
1963 4362 2010 4420 ι)

332 4415 656 4473 Florentino
678 4426 731 4471 et
758 4415 1076 4487 Tridentin
1107 4433 1251 4472 nunc
1286 4427 1471 4487 aperte
1493 4420 1772 4474 deiinitum
1808 4429 1917 4485 est,

330 4487 487 4558 quod
522 4489 790 4541 universae
817 4485 1091 4551 Ecclesiae,
1113 4504 1187 4558 ex
1225 4485 1565 4543 institutione
1595 4488 1821 4555 Christi,
1852 4492 1921 4545 ab

331 4556 615 4628 apostolis
650 4557 910 4612 traditum
937 4566 1074 4628 erat.
1112 4556 1389 4620 Bellarm.,
1427 4559 1629 4628 Suarez
1655 4599 1670 4625 ,
1704 4561 1916 4617 Valent.

331 4627 403 4682 de
435 4643 673 4682 sacram.
721 4630 970 4680 coniirm.
1009 4627 1161 4698 Hanc
1188 4629 1474 4698 epistolam
1508 4627 1837 4686 Possevinns
1863 4632 1918 4685 in

331 4707 615 4766 Apparatu
638 4714 813 4758 sacro,
834 4698 1007 4768 verbo
1035 4696 1328 4762 Fabianus,
1360 4714 1391 4753 a
1430 4700 1757 4768 quibusdam
1776 4741 1790 4765 ,
1822 4717 1920 4755 ne-

330 4769 454 4822 Scio
502 4768 724 4837 quibus,
760 4767 1318 4838 velutuapocrypham
1368 4769 1518 4837 rejici
1565 4772 1779 4825 asserit.
1813 4771 1916 4837 Qui
1955 4809 1964 4820 .

327 4836 805 4893 conﬁrmationem
844 4853 874 4891 a
910 4836 1207 4907 Melchiade
1242 4836 1542 4893 institutam
1588 4855 1709 4895 esse
1740 4836 1913 4907 aiunt,

324 4923 395 4961 ex
444 4908 549 4962 bac
596 4916 654 4979 et
691 4907 1043 4979 praecedentis
1090 4906 1297 4963 Urbani
1330 4911 1560 4979 epistola
1605 4911 1739 4965 satis
1766 4906 1917 4966 refu-

328 4987 544 5031 tantur.
589 4975 717 5031 Ssv’.
762 4975 880 5030 BIN.

405 5047 520 5118 (ΞΟ)
559 5046 625 5100 1η
660 5046 757 5100 illa
788 5048 873 5118 die
904 5046 1183 5102 Dominus.
1221 5046 1291 5103 Ut
1319 5049 1556 5103 chrisma
1589 5049 1914 5105 conﬁciatur

319 5127 383 5175 et
416 5115 789 5172 consecretur
828 5115 961 5172 feria
996 5119 1186 5188 quinta
1235 5120 1287 5172 in
1316 5119 1485 5174 Coena
1513 5119 1814 5183 Dominica,
1844 5122 1914 5174 ab

321 5189 597 5258 apostolis
624 5188 936 5241 institutum
971 5204 1093 5242 esse
1118 5190 1213 5255 ait,
1241 5188 1565 5259 ideoqueal)
1589 5205 1649 5243 ea
1676 5205 1911 5259 consuc-

324 5257 522 5318 tndine
553 5272 900 5328 nequaquam
928 5260 1287 5313 recedendum
1317 5257 1439 5313 esse
1460 5257 1723 5313 decernit.
1756 5258 1911 5315 llnnc

320 5330 494 5383 ritum
542 5331 732 5382 eodem
788 5339 1030 5396 tempore
1078 5330 1426 5383 observatum
1475 5328 1644 5382 fuisse
1706 5330 1911 5385 indicat

316 5399 660 5470 Cyprianus,
688 5398 769 5470 vel
801 5398 1053 5467 quisquis
1081 5407 1272 5453 auctor
1299 5407 1383 5470 est
1409 5399 1528 5470 ejus
1550 5399 1702 5470 libri,
1740 5417 1904 5454 set-in.

309 5467 577 5524 de'unci.
607 5469 864 5539 clirism.,
891 5470 975 5539 his
1004 5470 1184 5523 verbis
1212 5487 1226 5524 :
1252 5469 1424 5522 Hodie
1440 5467 1507 5521 in
1539 5467 1778 5522 Ecclesia
1806 5471 1910 5539 (lo-

314 5540 512 5609 quitur
536 5540 602 5593 de
625 5539 713 5593 die
738 5537 922 5592 Cinnae
950 5537 1189 5607 Domini)
1223 5539 1291 5591 ad
1321 5539 1574 5608 populum
1607 5537 1910 5608 acquisitio-v

314 5610 404 5663 nis
449 5609 919 5677 sanctiﬁcandum,
972 5614 1026 5662 in
1078 5610 1487 5679 participatione
1536 5610 1812 5677 dignitatis
1857 5620 1907 5663 et

315 5680 551 5733 nominis
590 5694 800 5731 sacrum
844 5679 1075 5732 chrisma
1103 5680 1398 5748 conﬁcitur,
1445 5681 1501 5732 in
1542 5695 1644 5747 quo
1688 5680 1904 5733 mistum

315 5751 434 5804 oleo
472 5750 791 5814 balsamum,
842 5751 999 5818 regiae
1039 5749 1386 5803 sacerdotalis
1434 5749 1619 5818 gloriae
1658 5751 1905 5818 exprimit

312 5823 599 5881 unitatem,
623 5817 1190 5890 quibusdignitatibas
1215 5817 1515 5890 initiandis,
1547 5817 1903 5890 divinilusesl

316 5893 499 5945 unctio
523 5891 793 5945 instituta.
814 5888 1013 5945 Eadem
1047 5888 1389 5946 consuetudo
1423 5889 1693 5957 colligitur
1720 5906 1783 5945 ex
1810 5888 1904 5945 lsi-

2037 4283 2194 4349 doro,
2226 4281 2459 4336 Alcuino
2482 4321 2498 4344 ,
2530 4280 2769 4347 Ruperto
2789 4286 2843 4349 et
2864 4276 2986 4331 aliis
3023 4275 3263 4349 antiquis
3295 4274 3604 4349 divinorum

2037 4345 2337 4407 ciliciorum
2374 4345 2753 4419 scriptoribus.
2794 4346 2944 4402 Unde
2979 4349 3032 4401 in
3058 4346 3289 4400 concilio
3321 4345 3602 4419 Meldensi,

2035 4439 2085 4478 c.
2114 4421 2203 4485 46,
2231 4416 2845 4490 εχρι-εεεθ’ρι’ςῐξεὶρὶιψ·,
2874 4426 2930 4469 ut
2952 4433 3097 4490 nemo
3119 4433 3329 4490 sacrum
3351 4416 3601 4490 chrisma,

2022 4493 2127 4547 nisi
2176 4495 2232 4545 in
2278 4487 2480 4562 quinta
2508 4490 2640 4558 feria
2672 4487 2899 4562 majoris
2943 4487 3304 4562 hebdomadis,
3351 4487 3605 4562 con/icere

2021 4557 2329 4631 praesumat.
2372 4558 2439 4612 Et
2469 4557 2610 4631 hanc
2636 4559 2706 4631 ob
2728 4572 2948 4631 causam
2979 4559 3032 4631 in
3068 4573 3184 4624 cap.
3221 4557 3506 4631 Quoniam,
3538 4558 3605 4610 de

2021 4627 2472 4691 sent.excomm.,
2494 4630 2547 4682 in
2573 4629 2625 4692 6,
2650 4630 2872 4694 dicitur,
2892 4629 3131 4682 chrisma
3161 4642 3282 4680 esse
3313 4627 3606 4680 conﬁcien-

2020 4705 2151 4757 dum
2193 4702 2362 4756 indie
2394 4701 2573 4761 Coena:
2610 4699 2846 4764 Domini,
2888 4699 3099 4751 etiamsi
3138 4706 3279 4749 terra
3318 4697 3602 4750 interdicta

2018 4773 2267 4827 exsistat.
2315 4771 2513 4823 Errant
2544 4770 2709 4839 igitur
2746 4769 2838 4839 qui
2877 4777 3070 4836 putant
3106 4765 3276 4820 fuisse
3308 4766 3604 4839 aliquando

2021 4844 2280 4898 usitatum
2305 4842 2358 4895 in
2380 4836 2644 4901 Ecclesia,
2676 4848 2736 4893 ut
2766 4836 3008 4907 quolibet
3040 4839 3167 4890 anni
3193 4846 3432 4907 tempore
3459 4836 3603 4888 chri-

2017 4928 2136 4967 sma
2181 4912 2559 4967 cooﬁceretur.
2597 4909 2752 4975 Quod
2792 4906 2991 4963 dicitur
3021 4923 3139 4975 cap.
3182 4906 3337 4961 Omni
3373 4916 3601 4975 tempore

2017 4984 2085 5037 de
2128 4997 2403 5048 consecr.,
2439 4982 2566 5035 dist.
2598 4974 2651 5044 4,
2691 4980 2816 5033 item
2861 4996 3015 5033 conc.
3053 4974 3227 5030 'l‘olet.
3273 4991 3310 5038 ι,
3340 4991 3460 5048 cap.
3500 4974 3593 5038 ‘20,

2015 5053 2181 5107 licere
2227 5046 2481 5122 episcopo
2528 5052 2677 5104 omni
2727 5058 2967 5122 tempore
3014 5048 3279 5122 chrisma
3310 5046 3597 5109 coniicere,

2016 5115 2426 5192 intelligendum
2450 5128 2543 5192 est
2569 5136 2676 5192 non
2703 5115 3023 5192 simpliciter
3039 5118 3105 5169 de
3133 5115 3282 5169 omni
3315 5123 3555 5192 tempore
3579 5131 3594 5192 ξ

2015 5196 2109 5248 sed
2143 5183 2581 5262 accommodate,
2618 5191 2685 5262 de
2732 5183 2883 5244 omni
2913 5200 3151 5262 tempore
3182 5184 3423 5262 annuali,
3449 5183 3597 5262 quod

2013 5268 2078 5316 ad
2110 5263 2505 5318 conﬁciendum
2540 5252 2778 5332 elirisma
2813 5252 3187 5332 praescriptum
3220 5265 3324 5308 est.
3348 5252 3598 5332 _Acce_dit

2012 5335 2156 5402 quod
2195 5333 2426 5388 concilia
2481 5347 2587 5383 non
2647 5324 2885 5402 aliquam
2936 5324 3213 5402 temporis,
3264 5324 3361 5402 sed
3410 5324 3595 5402 potius

2012 5394 2145 5458 certi
2178 5403 2413 5456 ministri
2438 5394 2942 5455 determinationem
2974 5394 3242 5465 praeﬁnire
3263 5395 3546 5449 intendant
3575 5433 3592 5456 ,

2011 5474 2164 5538 quasi
2182 5473 2425 5528 dicerent
2447 5489 2460 5525 :
2484 5469 2598 5524 Soli
2622 5469 2898 5537 episcopo,
2927 5482 3033 5519 non
3048 5537 3051 5538 ν
3066 5467 3400 5538 presbytero,
3420 5465 3595 5538 liceat

2011 5534 2163 5597 omni
2198 5553 2439 5611 tempore
2460 5534 2723 5611 consueto
2755 5534 2971 5592 sacrum
3008 5534 3247 5611 chrisma
3299 5534 3589 5611 coniicere.

2010 5612 2143 5666 Nam
2191 5605 2481 5667 concilium
2528 5610 2694 5663 tolet.
2737 5622 2996 5676 expresse
3034 5606 3267 5659 intendit
3301 5605 3592 5676 prohibere

2016 5685 2248 5738 abusum
2278 5680 2639 5751 quorumdam
2664 5674 3249 5751 prcsliyteroruljf.qui
3287 5674 3586 5729 confictio-

2014 5768 2138 5808 nem
2170 5744 2484 5808 chrismatis
2523 5748 2626 5818 sibi
2659 5744 3016 5818 usurpabant.
3062 5744 3190 5800 Vtile
3218 5744 3422 5799 Suarez
3452 5753 3559 5796 l0lll

2012 5822 2105 5891 111,
2135 5824 2276 5893 disp.
2305 5820 2392 5886 58,
2423 5827 2555 5874 sect.
2598 5817 2620 5870 1
2797 5817 2807 5818 ί
2974 5834 2977 5839 ’
