4034 6398
436 391 536 450 191

1764 386 1823 443 S.
1865 386 2140 442 FABIANI
2177 383 2382 441 ΡΔΡΕ

3602 370 3705 426 199

439 509 602 563 talem
621 507 1076 566 consuetudinem
1098 523 1208 564 non
1234 507 1565 576 habuerunt,
1590 523 1691 563 nec
1714 507 2022 564 habendam
2056 516 2098 573 Α
2131 523 2229 579 pos
2280 506 2528 563 locorum
2567 501 2932 576 singulorum,
2963 500 3211 557 omnium
3238 497 3333 571 qui
3372 494 3477 553 sub
3508 508 3707 550 eorum~

436 599 781 666 docuerunt;
828 599 1084 655 similiter
1133 608 1188 655 et
1232 614 1584 656 successores
1612 613 2026 670 eorum,quan-

437 706 608 759 quam
657 691 832 747 multa
866 691 935 747 de
985 691 1218 758 talibus,
1272 691 1634 762 praevidentes
1669 688 1878 762 Spiritu
1928 690 2025 746 Dei

443 782 652 847 futura,
700 792 1028 839 statuerunt.
1068 782 1266 851 Porro,
1325 790 1386 839 ut
1439 782 1621 854 legitis
1677 783 1732 839 in
1795 783 2026 840 Actibus

441 875 843 947 apostolorum,
873 886 987 931 erat
1015 892 1074 931 eo
1092 886 1321 945 tempore
1350 876 1491 930 inter
1524 875 1709 946 ﬁdeles
1746 892 1838 930 cor
1861 892 2025 930 unum

438 977 493 1023 et
539 968 721 1023 anima
766 984 913 1035 una,
955 984 1116 1038 neque
1143 967 1340 1039 aliquis
1389 982 1573 1022 eorum
1617 966 1821 1038 aliquid
1870 984 2026 1022 suum

441 1062 716 1132 proprium
735 1060 966 1128 dicebat,
989 1061 1080 1114 sed
1103 1069 1255 1115 erant
1281 1060 1393 1115 illis
1432 1060 1613 1114 omnia
1634 1060 1938 1114 communia
1954 1060 2020 1112 ³⁹.

440 1149 600 1205 Nulla
632 1149 780 1205 enim
814 1151 957 1206 inter
976 1160 1071 1206 ens
1094 1151 1399 1218 accusatio,
1428 1150 1534 1205 nisi
1560 1149 1850 1207 familiaris
1873 1159 1991 1207 erat
2008 1191 2021 1213 ,

445 1257 546 1296 nec
572 1257 813 1312 unquam
850 1242 992 1296 inter
1022 1242 1327 1298 imitatores
1347 1257 1538 1298 eorum
1570 1252 1666 1297 aut
1695 1242 1881 1297 fideles
1908 1242 2024 1296 ﬁeri

440 1331 623 1400 debet,
656 1332 870 1388 dicente
916 1331 1153 1389 Domino
1182 1352 1195 1388 :
1228 1332 1382 1399 Quod
1419 1334 1513 1388 tibi
1541 1350 1644 1388 non
1667 1335 1743 1387 vis
1767 1335 1915 1404 ﬁeri,
1941 1334 2026 1388 al-

442 1424 543 1477 teri
573 1440 677 1479 non
698 1425 871 1496 facias
898 1425 964 1479 ⁶⁰.
994 1424 1052 1481 ΕΙ
1086 1426 1228 1482 idem
1264 1444 1278 1481 :
1319 1425 1522 1498 Diliges
1545 1428 1849 1497 proximum
1874 1438 2024 1482 tuum

439 1519 579 1572 sicut
622 1520 847 1589 teipsum
874 1519 914 1551 θ’
946 1534 962 1585 ;
1008 1527 1065 1574 et
1111 1537 1126 1574 :
1162 1518 1389 1575 Dilectio
1413 1520 1649 1589 proximi
1691 1520 1891 1574 malum
1921 1538 2024 1575 non

441 1626 692 1683 operatur
718 1615 783 1669 ⁸³.
823 1613 931 1686 lpsi
972 1630 1106 1687 ergo
1138 1615 1373 1687 apostoli
1430 1623 1486 1670 et
1541 1630 1892 1672 successores
1931 1632 2026 1672 θος

443 1723 566 1762 rum
613 1707 746 1763 olim
804 1717 1151 1775 statuerunt,
1205 1722 1301 1764 eos
1347 1707 1417 1762 ad
1452 1709 1862 1764 accusationem
1915 1725 2024 1765 non

443 1795 645 1865 recipi,
670 1796 763 1867 qui
806 1806 935 1852 sunt
978 1797 1217 1868 suspecti
1238 1797 1308 1863 ⁸³,
1348 1797 1433 1852 vel
1478 1797 1574 1868 qui
1616 1798 1755 1866 heri,
1791 1810 1888 1854 aut
1924 1815 2028 1854 nu-

2125 601 2331 671 degunt
2359 597 2408 633 "
2437 596 2836 663 moderamine,
2860 610 3056 652 curam
3087 593 3292 650 habere
3314 589 3623 655 sollicitam,
3651 597 3707 641 et

2123 706 2325 748 causas
2367 689 2739 760 utilitatesque
2776 704 2971 745 eorum
3010 701 3136 743 cum
3175 684 3271 742 Dei
3298 684 3493 740 timore
3520 681 3709 752 dispo-

2126 805 2277 846 nere.
2304 786 2473 844 Valde
2500 802 2632 859 ergo
2656 786 2906 858 iniquum
2929 793 3035 851 est,
3060 791 3122 839 ut
3143 782 3237 838 alii
3261 779 3510 853 quilibet,
3543 777 3708 834 omis-

2126 881 2203 938 sis
2230 879 2368 948 suis,
2402 896 2463 937 se
2496 880 2716 936 illorum
2745 878 2931 935 causis
2960 875 3321 932 admisceant.
3359 871 3467 928 Sed
3499 869 3580 925 illi
3617 882 3708 925 eo-

2126 990 2248 1030 rum
2277 973 2445 1030 vitatn
2476 980 2532 1029 et
2554 971 2822 1043 judicium
2861 965 3191 1039 competenti
3224 962 3574 1037 regularique
3605 960 3705 1017 de-

2124 1065 2289 1121 beant
2320 1065 2696 1122 moderamine
2737 1064 3053 1133 disponere,
3092 1059 3191 1132 qui
3230 1073 3329 1114 eos
3359 1058 3412 1111 in
3447 1054 3707 1112 sacerdo-

2126 1158 2262 1213 tium
2284 1157 2563 1222 ordinant,
2599 1165 2653 1212 et
2678 1170 2710 1210 a
2731 1154 2933 1226 quibus
2959 1151 3077 1223 jam
3109 1147 3346 1204 ordinati
3368 1155 3526 1212 sunt;
3565 1158 3707 1215 quo-

2126 1250 2296 1315 niam,
2351 1257 2413 1304 ut
2461 1248 2547 1305 lex
2596 1247 2862 1319 loquitur,
2914 1242 3227 1299 maledictus
3271 1240 3442 1294 omnis
3491 1245 3569 1292 est
3617 1237 3709 1306 qui

2127 1342 2379 1412 transfert
2417 1341 2666 1394 terminos
2701 1338 2932 1410 proximi
2977 1336 3083 1391 sui.
3122 1334 3191 1389 Et
3228 1324 3365 1386 dixit
3408 1330 3578 1385 omnis
3614 1345 3710 1398 po-

2125 1433 2279 1502 pulus
2314 1448 2333 1487 :
2374 1431 2540 1487 Amen
2561 1430 2629 1486 ⁷⁸.
2667 1431 2812 1485 Deus
2833 1445 2984 1499 ergo,
3016 1426 3216 1481 fratres
3244 1426 3313 1492 ",
3342 1423 3409 1478 ad
3442 1422 3548 1477 hoc
3574 1436 3710 1491 prae-

2126 1523 2403 1579 ordinavit
2433 1537 2552 1587 vos,
2583 1532 2637 1577 et
2658 1537 2851 1577 omnes
2882 1520 2974 1590 qui
3000 1532 3217 1574 summo
3245 1511 3554 1571 sacerdotio
3587 1510 3708 1565 fun-

2127 1625 2352 1688 guntur,
2386 1624 2446 1671 ut
2473 1615 2772 1685 injustitias
2802 1613 3148 1676 rcntoveatis,
3176 1620 3229 1665 et
3253 1604 3710 1681 prtesumptiones

2127 1708 2497 1774 abseiudatis,
2543 1716 2599 1761 et
2636 1706 2691 1761 in
2727 1704 3036 1761 sacerdotio
3079 1699 3451 1757 laborantibus
3483 1709 3711 1753 succur-

2130 1804 2285 1867 ratis,
2333 1812 2388 1857 et
2418 1803 2464 1834 ¹¹⁶
2496 1799 2808 1872 opprobriis
2856 1807 2913 1854 et
2961 1796 3368 1854 calamitatibus
3407 1806 3598 1848 eorum
3629 1789 3713 1844 lo—

439 1887 763 1943 diustertius
790 1929 806 1955 ,
871 1888 955 1943 vel
1017 1889 1223 1944 dudum
1302 1887 1525 1945 fuerunt
1586 1890 1830 1958 inimici,
1887 1906 2029 1962 quo-
2057 1887 2100 1942 Β
2130 1907 2255 1946 cum
2274 1905 2385 1946 non
2415 1890 2737 1963 praebeatis;
2765 1888 2860 1944 sed
2886 1887 2961 1953 ei,
2982 1886 3079 1957 qui
3100 1885 3431 1942 calumniam
3449 1891 3500 1938 et
3519 1894 3710 1951 oppro-

447 1978 595 2032 niam
656 1979 894 2049 suspecti
947 1979 1076 2034 facti
1130 1990 1279 2046 sunt,
1337 1988 1393 2035 et
1449 1981 1543 2052 qui
1592 1996 1705 2037 non
1758 1994 1887 2038 sunt
1930 1983 2027 2039 bo-

445 2085 533 2124 uae
581 2071 1104 2140 conversationis“,
1137 2074 1221 2128 vel
1247 2089 1483 2144 quorum
1513 2074 1624 2130 vita
1646 2085 1730 2131 cst
1752 2078 2030 2132 accusabi-

444 2163 536 2229 lis,
566 2171 660 2217 aut
692 2161 844 2218 dubii
876 2164 932 2218 in
952 2172 1097 2220 recta
1115 2164 1240 2221 lide.
1261 2164 1524 2223 Similiter
1543 2182 1780 2238 quorum
1805 2169 1939 2225 fides
1957 2170 2027 2238 “,

442 2256 555 2309 vita
593 2263 647 2309 et
685 2254 911 2311 libertas
951 2256 1226 2322 nescitur,
1278 2256 1367 2312 vel
1400 2258 1492 2328 qui
1526 2256 1767 2314 infamiae
1798 2260 2029 2316 maculis

442 2354 574 2402 sunt
621 2346 852 2414 aspersi,
898 2355 994 2401 aut
1046 2347 1347 2404 sceleribus
1373 2348 1565 2404 irretiti
1591 2350 1657 2404 “.
1688 2348 1877 2421 Neque
1907 2367 2028 2417 eos,

442 2440 756 2494 sacerdotes
791 2438 991 2493 debere
1034 2438 1119 2493 vel
1162 2454 1325 2509 posse
1359 2450 1454 2495 aut
1483 2441 1715 2498 clericos
1743 2458 2028 2511 accusare,

442 2530 534 2601 qui
574 2531 677 2586 rite
718 2531 1031 2587 sacerdotes
1061 2529 1179 2585 fieri
1212 2547 1324 2587 non
1359 2542 1615 2602 possunt,
1654 2550 1757 2591 nec
1788 2536 1875 2591 sui
1901 2545 2034 2592 sunt

440 2624 686 2691 ordinis;
725 2623 989 2695 quoniam
1026 2625 1170 2680 sicut
1207 2627 1525 2685 sacerdotes
1567 2627 1654 2684 vel
1687 2628 1885 2701 reliqui
1920 2629 2032 2686 cle-

441 2717 540 2772 rici
584 2732 615 2771 a
664 2716 1012 2772 saecularium
1056 2716 1325 2773 laicorum
1375 2718 1748 2777 excluduntur
1798 2736 2031 2779 accusa-

442 2809 594 2865 tione
617 2848 633 2875 ,
671 2808 747 2864 ita
787 2809 865 2864 illi
908 2809 978 2865 ab
1007 2809 1237 2865 istorum
1279 2820 1412 2866 sunt
1445 2812 1769 2869 excludendi
1805 2822 1862 2869 et
1884 2814 2020 2871 alie-

441 2901 610 2957 nandi
654 2901 1062 2959 criminatione.
1098 2902 1166 2957 Et
1218 2904 1364 2960 sicut
1413 2903 1504 2959 isti
1546 2904 1618 2961 ab
1666 2904 1777 2962 illis
1817 2906 1863 2938 "’
1892 2946 1908 2972 ,
1954 2906 2031 2962 ita

440 3004 496 3049 et
528 2993 605 3048 illi
638 2993 708 3048 ab
741 2992 863 3050 istis
896 3009 1006 3049 non
1040 2995 1411 3066 recipiantur;
1463 2996 1724 3066 quoniam
1757 2996 1903 3053 sicut
1925 2996 2035 3052 Do-

443 3085 578 3139 mini
613 3086 959 3140 sacerdotum
1000 3093 1284 3157 segregata
1334 3087 1494 3142 debet
1530 3101 1654 3141 esse
1692 3087 2035 3143 conversatio

440 3177 514 3233 ab
536 3193 728 3234 eorum
771 3178 1214 3245 conversatione,
1258 3177 1335 3233 ita
1374 3186 1428 3233 et
1457 3178 1718 3248 litigatio;
1756 3181 1885 3251 quia
1916 3197 2031 3236 ser-

2130 1983 2310 2040 brium
2336 1984 2574 2054 patitur,
2607 1980 2938 2052 adjutorium
2970 1978 3194 2045 feratis,
3246 1976 3396 2030 illum
3434 1989 3585 2039 vero,
3614 1971 3708 2042 qui

2130 2077 2459 2133 calumniam
2509 2074 2596 2129 vel
2642 2072 3001 2144 opprobrium
3036 2070 3201 2135 facit,
3247 2067 3604 2132 abscindatis,
3658 2072 3715 2119 et

2132 2169 2367 2225 Domino
2417 2170 2470 2222 in
2512 2166 2630 2224 suis
2657 2164 3037 2221 sacerdotibus
3074 2177 3233 2233 opem
3263 2160 3475 2216 feratis.
3519 2158 3714 2214 Sacer—

2131 2262 2288 2316 dotes
2321 2273 2543 2330 quoque
2570 2256 2839 2312 Dominus
2861 2256 2965 2311 sibi
2992 2254 3174 2325 elegit,
3220 2260 3282 2308 ut
3305 2249 3614 2307 sacriﬁcent
3637 2247 3713 2314 ei,

2132 2364 2186 2409 ct
2214 2352 2446 2408 offerant
2471 2350 2777 2406 oblationes
2814 2348 3067 2404 Domino.
3107 2346 3325 2402 Levitas
3363 2357 3585 2415 quoque
3610 2341 3716 2397 sub

2131 2447 2215 2501 eis
2245 2460 2367 2500 esse
2388 2443 2555 2514 jussit
2585 2442 2639 2497 in
2669 2441 2993 2497 ministeriis
3022 2455 3235 2496 eorum.
3273 2435 3427 2492 Unde
3464 2435 3534 2491 ad
3560 2433 3714 2506 Moy-

2134 2554 2231 2593 sen
2291 2537 2558 2607 loquitur,
2611 2536 2842 2591 dicens:
2882 2534 3133 2602 Princeps
3191 2541 3366 2585 autem
3415 2528 3715 2598 principum

2134 2630 2440 2685 Leritarum
2473 2627 2720 2692 Eleazar,
2765 2626 2909 2697 ﬁlius
2938 2627 3116 2680 Aaron
3147 2623 3437 2678 sacerdotis
3462 2663 3479 2687 ,
3500 2621 3598 2675 erit
3623 2636 3717 2674 su-

2134 2740 2225 2793 per
2254 2722 2585 2777 excubitores
2623 2719 2859 2774 ecclesiae
2898 2716 3195 2772 sanctuarii
3233 2717 3299 2769 ".
3348 2713 3424 2769 De
3451 2713 3536 2769 bis
3564 2713 3712 2769 enim

2138 2815 2352 2869 locutus
2385 2822 2475 2868 cst
2510 2808 2776 2866 Dominus
2798 2809 2866 2865 ad
2904 2808 3145 2880 Moysem
3182 2827 3194 2862 :
3223 2806 3368 2861 Tolle
3388 2804 3716 2875 Levites-pro

2135 2905 2501 2977 primogenitis
2547 2903 2781 2974 ﬁliorum
2826 2902 3021 2967 Israel,
3070 2911 3119 2956 et
3173 2916 3363 2970 pecora
3413 2898 3714 2954 Levitarttm

2137 3016 2233 3071 pro
2265 2998 2538 3071 pecoribus
2571 3014 2752 3053 eorum
2773 3039 2789 3061 ,
2812 3007 3068 3068 eruntque
3093 2995 3287 3049 Levitw
3312 2996 3434 3048 mei.
3472 2992 3580 3065 Ego
3604 2992 3716 3047 Do-

2138 3097 2313 3152 minus
2329 3096 2395 3145 ⁷⁸.
2419 3093 2475 3149 Si
2492 3093 2709 3150 Levitas
2727 3108 2859 3148 suos
2882 3107 3005 3147 esse
3023 3090 3288 3145 Dominus
3307 3108 3325 3141 ι
3339 3088 3495 3154 oluit,
3509 3094 3721 3158 quanto

2141 3188 2318 3261 magis
2370 3187 2686 3244 sacerdotes
2729 3185 2833 3239 sibi
2865 3183 3097 3239 ascivit?
3136 3181 3211 3237 De
3257 3182 3459 3252 quibus
3499 3182 3576 3235 ait
3608 3198 3623 3234 :
3655 3178 3715 3234 Si

439 3287 563 3325 "‘m
608 3269 707 3324 δεῖ
753 3287 857 3325 ηοη
902 3278 1103 3339 οΡοηει
1134 3269 1352 3341 milia“
1376 3269 1442 3326 ’⁸ο
1481 3268 1666 3337 T3163.
1718 3270 2034 3329 ChaTiSSimi
2066 3270 2107 3328 C
2140 3282 2258 3353 quis
2281 3292 2615 3335 externorum
2654 3279 2951 3342 accesserit,
2986 3276 3240 3330 morietur
3262 3276 3328 3328 ”.
3362 3273 3558 3328 Omnia
3587 3288 3720 3327 vero

442 3364 657 3429 fratres,
691 3363 1098 3429 accusationes,
1145 3372 1202 3417 et
1231 3361 1466 3432 injustas
1493 3371 1590 3418 aut
1613 3364 1838 3421 nocivas
1863 3380 2035 3421 temu—

440 3456 698 3520 lationes,
750 3471 850 3525 pro
900 3456 1111 3511 viribus
1143 3454 1429 3524 prohibete
1450 3495 1466 3521 ,
1517 3457 1649 3527 quia
1682 3462 1963 3513 contentio
1986 3459 2031 3492 ⁸⁸

440 3563 793 3619 summopere
824 3557 910 3605 est
955 3547 1200 3603 vitanda.
1250 3545 1454 3618 Septies
1487 3549 1627 3603 enim
1671 3550 1823 3604 cadet
1847 3550 2032 3621 justus

440 3641 498 3693 in
525 3640 647 3709 die,
673 3649 725 3695 et
758 3650 1014 3711 resurget,
1045 3639 1208 3713 :impii
1237 3648 1415 3694 autem
1448 3650 1692 3697 corruent
1721 3641 1776 3696 in
1808 3643 2030 3698 malum.

441 3730 576 3784 Cum
602 3731 848 3786 ceciderit
883 3731 1130 3786 inimicus
1157 3740 1304 3796 tuus,
1342 3731 1420 3787 ait
1466 3730 1755 3800 Salomon,
1802 3750 1866 3789 ne
1900 3751 2033 3805 gau-

441 3829 592 3893 deas,
635 3832 687 3879 et
737 3825 793 3879 in
842 3827 1001 3881 ruina
1045 3826 1159 3897 ejus
1200 3842 1305 3880 non
1350 3825 1578 3881 exsultet
1615 3842 1708 3881 cor
1741 3836 1940 3893 tuum;
1969 3843 2032 3882 ne

442 3918 583 3988 forte
606 3919 780 3975 videat
807 3916 1088 3986 Dominus,
1130 3926 1180 3974 et
1218 3917 1502 3988 displiceat
1534 3918 1603 3986 ei,
1645 3929 1695 3974 et
1725 3920 1939 3990 auferat
1965 3920 2030 3973 ab

439 4028 499 4064 eo
534 4012 671 4066 iram
718 4028 893 4068 suam.
954 4009 1075 4065 Non
1133 4012 1420 4066 contendas
1469 4028 1586 4066 cum
1630 4013 1898 4083 pessimis,
1939 4028 2031 4066 nec

439 4102 703 4158 trmuleris
746 4104 960 4174 impios,
1010 4104 1265 4174 quoniam
1322 4120 1428 4159 non
1473 4103 1666 4158 habent
1724 4104 2032 4174 futurorum

438 4210 582 4264 spem
623 4194 775 4261 mali,
816 4204 866 4248 et
914 4195 1134 4248 lucerna
1180 4195 1466 4264 impiorum
1499 4197 1883 4266 exstinguetur.
1916 4193 2031 4249 Nec

437 4286 705 4343 temuleris
748 4288 887 4341 viros
932 4289 1125 4355 malos,
1167 4305 1260 4343 nec
1306 4288 1573 4344 desideres
1625 4305 1736 4344 esse
1767 4305 1887 4344 cum
1927 4290 2027 4355 eis,

438 4378 565 4449 quia
604 4380 847 4447 rapinam
883 4379 1172 4434 meditatur
1209 4396 1354 4434 mens
1378 4396 1581 4450 eorum,
1618 4391 1669 4436 et
1698 4382 1916 4453 fraudes
1945 4383 2032 4437 la-

440 4470 532 4524 bia
588 4486 774 4524 eorum
828 4473 1116 4541 loquuntur
1147 4473 1214 4526 "°.
1263 4472 1389 4529 llaec
1425 4483 1635 4544 cavete,
1690 4475 2026 4532 charissimi.

441 4560 570 4617 Haec
609 4562 972 4629 meditamini,
1005 4573 1059 4619 et
1088 4564 1353 4619 fratribus
1387 4566 1441 4620 in
1478 4567 1739 4622 omnibus
1770 4568 2029 4622 solatium

2142 3388 2266 3444 quae
2312 3371 2524 3427 Domini
2552 3380 2702 3437 sunt,
2731 3378 2890 3425 caute
2916 3368 3200 3424 tractanda
3228 3376 3377 3433 sunt,
3407 3376 3463 3422 et
3492 3379 3604 3420 non
3636 3365 3717 3418 le-

2141 3466 2282 3521 viter
2312 3462 2733 3536 prtecipitanda;
2763 3464 3024 3533 quoniam
3054 3470 3109 3517 et
3149 3462 3289 3516 inter
3323 3459 3574 3515 homines
3616 3473 3718 3529 pro

2144 3556 2396 3612 fidelibus
2422 3555 2716 3617 habentur,
2755 3552 2849 3622 qui
2882 3550 3233 3606 dominorum
3263 3564 3491 3606 suorum
3521 3563 3720 3604 causas

2141 3651 2282 3707 bene
2310 3647 2649 3712 custodiunt,
2693 3654 2750 3701 et
2782 3644 3010 3699 fideliter
3038 3653 3294 3709 tractant,
3319 3654 3483 3712 atque
3511 3655 3716 3712 praece-

2140 3758 2233 3813 pta
2266 3741 2616 3797 dominorum
2668 3753 2894 3794 suorum
2943 3739 3085 3796 bene
3116 3736 3451 3802 custodiunt,
3494 3742 3550 3789 et
3605 3746 3718 3787 non

2141 3830 2634 3901 transgrediuntur.
2663 3825 2769 3880 Pro
2795 3825 3107 3883 infidelibus
3134 3842 3263 3881 vero
3292 3831 3614 3895 reputantur
3638 3820 3718 3885 bi,

2139 3922 2233 3995 qui
2282 3922 2634 3977 dominorum
2676 3936 2903 3977 suorum
2952 3934 3149 3975 causas
3205 3919 3425 3972 incaute
3453 3924 3508 3971 et
3538 3913 3718 3984 negli-

2139 4026 2328 4088 genter
2371 4024 2644 4082 tractant,
2677 4024 2733 4071 et
2773 4022 3043 4085 praecepta
3071 4025 3266 4067 eorum
3307 4001 3635 4078 despiciunt,
3663 4015 3721 4061 et

2138 4123 2270 4174 non,
2307 4117 2367 4163 ut
2394 4107 2613 4173 debent,
2652 4106 2992 4162 custodiunt.
3023 4102 3149 4159 Ideo
3182 4102 3297 4158 haec
3327 4098 3719 4172 praemisimus,

2140 4208 2202 4254 ut
2224 4208 2593 4271 cognoscatur
2613 4198 2682 4253 ab
2709 4180 3049 4268 hisf‘quibus
3074 4193 3415 4264 incognitum
3439 4200 3545 4256 est,
3569 4190 3718 4261 quod

2122 4300 2196 4347 et
2238 4290 2551 4348 sacerdotes
2572 4304 2733 4367 .quos
2760 4289 2863 4345 sibi
2901 4286 3167 4341 Dominus
3190 4283 3260 4340 de
3291 4284 3549 4339 omnibus
3574 4283 3719 4338 asci-

2138 4388 2236 4453 vit,
2267 4392 2322 4440 et
2356 4400 2488 4441 suos
2523 4399 2646 4440 esse
2674 4383 2869 4442 voluit.
2904 4395 3014 4436 non
3049 4389 3177 4434 sunt
3202 4376 3392 4433 leviter
3425 4376 3717 4437 tractandi,

2138 4493 2243 4534 nec
2268 4477 2569 4541 lacerandi,
2605 4490 2708 4531 nec
2727 4482 2933 4530 temere
2957 4470 3251 4528 accusandi
3299 4476 3394 4524 aut
3420 4466 3718 4533 reprehen-

2138 4571 2323 4635 dendi,
2375 4571 2478 4624 nisi
2520 4586 2550 4624 a
2590 4567 2873 4640 magistris
2900 4566 3038 4629 suis,
3083 4562 3345 4635 quoniam
3370 4575 3558 4616 eorum
3589 4573 3723 4613 cau-

438 4661 695 4725 pratstate
731 4671 745 4709 :
784 4654 914 4724 quia
960 4655 1016 4708 in
1059 4655 1155 4708 hoc
1188 4667 1496 4726 cognoscent
1532 4672 1709 4712 omnes
1738 4698 1753 4725 ,
1810 4666 1869 4712 ut
1912 4658 2028 4729 ipsa
2061 4635 2107 4691 ι)
2137 4679 2227 4720 sas
2263 4662 2369 4718 sibi
2414 4661 2681 4717 Dominus
2725 4672 3010 4714 reservare
3036 4655 3244 4718 voluit,
3297 4660 3354 4709 et
3381 4667 3484 4709 suo
3510 4650 3721 4721 judicio

439 4761 537 4815 per
575 4762 635 4801 se
674 4744 885 4802 Veritas
918 4749 1023 4813 ait,
1061 4749 1313 4819 quoniam
1354 4751 1455 4803 mei
1497 4751 1625 4805 estis
1657 4751 1932 4820 discipuli,
1981 4753 2028 4807 si

438 4839 772 4894 dilectionem
815 4838 1106 4895 habueritis
1147 4840 1216 4894 ad
1248 4841 1470 4895 invicem
1492 4843 1559 4895 τί.
1590 4841 1648 4896 Si
1679 4842 1823 4896 e..itn
1860 4843 1912 4897 in
1939 4857 2019 4897 re-

437 4930 544 4985 bus
573 4931 621 4963 "
664 4931 1023 4987 saecularibus
1055 4948 1215 4986 suum
1251 4932 1518 5003 cujusque
1549 4933 1642 5003 jus
1693 4946 1748 4989 et
1776 4934 2029 5005 prOprius

437 5024 572 5079 ordo
600 5024 905 5081 servandus
938 5033 1053 5091 est,
1095 5033 1303 5095 quanto
1340 5026 1515 5097 magis
1546 5027 1600 5081 in
1634 5026 2028 5084 ecclesiasticis

435 5117 888 5188 dispositionibus
923 5118 1073 5172 nulla
1120 5117 1283 5173 debet
1314 5118 1499 5174 induci
1545 5118 1838 5175 confusio?
1869 5119 2024 5187 Quod

435 5208 537 5264 ista
569 5210 956 5267 observatione
997 5210 1401 5281 observabitur,
1457 5214 1503 5270 si
1556 5214 1691 5269 nihil
1744 5216 2021 5284 potestati,

436 5303 531 5358 sed
567 5310 739 5359 totum
777 5303 1023 5376 aequitati
1073 5302 1351 5360 tribuitur.
1397 5302 1553 5361 Unde
1576 5316 1792 5362 constat
1812 5308 2047 5378 episco-‘

512 5439 555 5512 ξ*
597 5441 717 5497 Act.
746 5459 820 5510 1v,
851 5443 941 5498 '52.
1018 5443 1063 5476 ‘°
1103 5441 1298 5499 Matth.
1343 5459 1439 5509 vtt,
1476 5446 1578 5512 12;
1627 5445 1740 5502 Luc
1768 5465 1839 5502 vt.

2139 4752 2428 4808 vindicari.
2478 4750 2615 4805 Nam
2645 4750 2701 4804 in
2736 4748 2825 4804 his
2848 4757 2902 4802 et
2928 4749 2981 4801 in
3014 4745 3137 4799 aliis
3166 4744 3451 4813 praeceptis
3481 4739 3719 4803 Domini,

2134 4854 2192 4899 et
2232 4843 2419 4899 fideles
2448 4850 2857 4913 cognoscuntur
2880 4879 2896 4905 ,
2934 4847 2990 4892 et
3042 4835 3289 4890 inﬁdeles
3333 4832 3717 4903 reprobantur.

2139 4937 2429 4993 'l‘oleraudi
2478 4937 2624 4991 enim
2658 4933 2714 4989 lii
2759 4941 2888 4988 sunt
2930 4929 3118 5002 potius
3171 4944 3201 4983 a
3249 4928 3519 4993 fidelibus,
3554 4940 3720 4995 quam
3794 4968 3811 4985 ,

2133 5029 2546 5101 exprobrandi,
2582 5026 2748 5082 veluti
2772 5024 2928 5095 palea
2960 5037 3084 5079 cum
3116 5020 3336 5087 tritico,
3365 5035 3542 5089 usque
3569 5018 3616 5049 ⁸⁸
3652 5018 3721 5070 ad

2140 5126 2391 5183 ultimum
2420 5121 2810 5184 ventilahrum,
2846 5121 2988 5174 sicut
3014 5117 3193 5188 pisces
3223 5114 3348 5169 mali
3381 5127 3507 5169 cum
3540 5109 3716 5173 bouis,

2136 5233 2310 5289 usque
2346 5218 2412 5271 ad
2444 5214 2877 5288 segregationem
2900 5254 2915 5280 ,
2951 5226 3073 5282 quae
3103 5209 3283 5264 futura
3319 5216 3403 5263 est
3430 5207 3484 5260 in
3514 5204 3717 5265 littore,

2133 5312 2238 5367 hoc
2278 5319 2384 5375 est,
2440 5308 2495 5362 in
2543 5310 2649 5363 fine
2695 5306 2902 5362 saeculi.
2947 5303 3267 5358 Nullatenus
3298 5314 3430 5370 ergo
3464 5303 3646 5368 potest
3671 5293 3717 5328 “

1937 5447 1979 5478 θ’
2004 5446 2141 5501 Toh.
2175 5462 2248 5509 tv,
2308 5443 2394 5511 16;
2433 5443 2621 5500 Matth.
2650 5460 2787 5509 xw,
2818 5443 2908 5509 59;
2947 5441 3113 5496 Marc.
3145 5457 3244 5506 xu,
3267 5440 3357 5505 ὄις
3388 5436 3521 5511 Luc.
3545 5433 3717 5511 μετ.

435 5511 482 5544 ⁸¹
507 5509 681 5586 Boni.
717 5508 841 5586 xui,
864 5515 951 5586 f0.
1029 5514 1074 5546 ⁸³
1095 5513 1287 5586 Anthr.
1314 5530 1401 5586 ep.
1427 5508 1515 5570 64.
1566 5508 1639 5549 ὐι
1665 5521 1889 5573 Adrian.
1914 5519 2028 5571 coll

2133 5518 2160 5570 ἱ,
2236 5508 2284 5550 ⁷⁸⁸
2317 5508 2451 5585 5.’(ι.
2487 5517 2559 5570 5:
2596 5508 3335 5586 SuspeClosfauteminimic.
3416 5508 3718 5586 “_A_d|‘iall-

433 5582 562 5635 Coll.
605 5584 695 5637 l9.

807 5583 938 5657 "’2.
974 5601 1033 5657 q.
1050 5656 1063 5657 γ
1082 5583 1128 5657 ,7
1150 5604 1177 5657 :_
1190 5583 1360 5657 Sicut
1392 5587 1725 5644 sacerdotes.

434 5649 478 5681 '"
503 5650 664 5707 Joan.
698 5668 818 5717 xm,
860 5654 950 5709 '55.

1046 5656 1094 5687 ⁷⁸
1120 5653 1204 5729 _S.
1259 5654 1419 5729 Greg.
1440 5672 1531 5729 ep.
1563 5658 1679 5728 [121
1710 5658 1806 5714 lib.
1837 5674 1934 5729 vn.

433 5879 485 5918 υ.
519 5861 607 5918 5f.

1803 5588 1850 5619 ⁸⁸
1903 5587 1947 5641 ll
2013 5586 2264 5649 Tint._‘tt.
2342 5584 2652 5642 "’Adrian.
2710 5584 2835 5639 coll.
2888 5584 2941 5639 5.

2047 5658 2095 5689 ⁷³
2124 5660 2271 5714 Idem
2299 5673 2384 5728 ep.
2427 5656 2496 5711 66
2525 5656 2771 5728 ejusdem
2816 5654 2961 5728 libri.

434 5720 482 5752 ⁷⁸
593 5723 714 5806 q._l
745 5723 935 5806 :nDeuAs
961 5739 1091 5806 ergo
1112 5724 1331 5806 fratres.
1370 5720 1453 5761 ’⁷⁸
1477 5720 1830 5806 :l’roclus_ep.
1864 5727 1932 5806 ad
1955 5726 2285 5806 Domnimtm
2306 5720 2435 5806 A'nt.
2510 5720 2740 5806 'fNum.
2770 5723 2972 5806 "1,32.

436 5805 453 5844 I
609 5789 628 5793 “
665 5792 714 5825 ⁸ο
769 5789 829 5845 S.
883 5789 1116 5867 Augu‘st.
1149 5810 1203 5850 tv
1232 5796 1447 5856 advers.
1470 5798 1684 5864 Cresc.,
1707 5789 1801 5861 26',
1825 5799 1967 5855 etde
1994 5815 2023 5852 u

2139 5809 2225 5855 ate
2254 5798 2605 5871 ρωιιίιοιιιίειι,
2638 5813 2758 5868 cap.
2814 5789 2900 5852 l2.

3037 5584 3082 5614 ⁷⁰
3113 5582 3275 5636 Prov.
3304 5578 3535 5643 sxw,”
3564 5592 3714 5697 seqq.

3064 5652 3111 5684 ἠ
3138 5652 3355 5697 nouiter-
3407 5664 3578 5697 xxv".
3630 5649 3652 5697 1
3702 5684 3714 5697 .

3064 5652 3111 5684 ⁷⁵
3136 5652 3355 5709 Deuter.
3407 5664 3578 5711 χιιι-ιι,
3608 5649 3716 5707 ,17.

3077 5722 3124 5755 ⁷⁸
3151 5720 3399 5777 lbisz‘i.
3476 5719 3521 5751 ⁷⁸
3549 5717 3715 5772 Num.

3006 5794 3047 5826 ⁸¹
3082 5792 3270 5848 Const.
3306 5791 3374 5846 \l.
3404 5792 3528 5849 coll.
3584 5786 3715 5843 Adr.
