4034 6376
295 355 380 409 193
1708 342 2086 398 EPISTOLJ‘Z.

3425 348 3523 402 191

290 465 626 527 condemnari.
657 465 902 520 humano
939 463 1212 531 examine,
1247 479 1408 534 quem
1439 463 1581 518 Deus
1620 479 1719 517 suo
1745 465 1836 533 ju-
1865 483 1910 537 Α
1941 462 2188 517 carnales
2216 462 2524 532 spirituales
2550 462 2824 520 infestent.
2853 462 3084 528 Idcirco,
3116 472 3173 519 ut
3199 461 3519 539 praedictum

287 561 410 615 dicio
449 557 769 620 reservavit,
814 548 875 610 ut
901 553 1244 624 propositum
1282 553 1409 619 Dei,
1447 571 1556 623 quo
1597 555 1835 608 decrevit

289 652 474 706 salvare
503 647 648 718 quod
680 647 942 718 perierat,
984 646 1080 700 fiat
1104 646 1402 700 immobile.
1436 645 1502 700 Et
1532 646 1674 713 ideo,
1705 648 1834 716 quia

285 743 506 796 voluntas
535 740 656 810 ejus
703 756 810 795 non
857 740 1198 803 immutatur,
1239 739 1420 794 nullus
1448 747 1740 808 praesumat
1772 756 1834 792 ca

285 847 389 903 qua:
452 828 551 884 sibi
620 843 730 884 non
802 837 930 884 sunt
1003 844 1284 885 concessa.
1356 826 1511 882 Unde
1571 835 1653 881 est
1704 826 1834 880 illud

283 909 409 994 quod
442 921 732 992 Apostolus
777 920 1018 990 loquitur
1053 920 1240 975 dicens
1279 939 1291 973 :
1333 918 1460 972 Jam
1499 918 1707 989 quidem
1730 935 1836 971 om-

283 1017 388 1069 nino
417 1014 659 1068 delictum
687 1021 788 1080 est,
832 1013 959 1084 quia
984 1011 1199 1082 judicia
1245 1012 1446 1065 habetis
1477 1011 1762 1065 vobiscum.
1789 1012 1834 1042 ⁸³

283 1110 437 1172 Quare
461 1123 564 1161 non
611 1107 780 1177 magis
807 1105 1139 1176 iniquitatem
1167 1105 1461 1176 patimini?
1513 1106 1688 1170 Quare
1733 1122 1836 1158 non

279 1201 434 1270 potius
461 1199 792 1266 fraudamini
814 1198 901 1252 3’?
933 1198 1013 1253 Ad
1035 1198 1168 1253 illud
1203 1199 1454 1254 redeatur
1476 1198 1621 1267 quod
1646 1195 1835 1250 Domi-

280 1309 369 1347 uus
389 1293 459 1346 ait
495 1310 508 1346 :
539 1289 600 1346 Si
626 1292 744 1362 quis
783 1289 1004 1346 uoluerit
1031 1291 1264 1344 tunicam
1295 1299 1441 1343 tuam
1476 1289 1678 1354 tollere,
1707 1299 1755 1344 et
1781 1292 1834 1343 in

278 1385 455 1452 iudicio
485 1393 656 1437 tecum
691 1383 1032 1447 contendere,
1074 1383 1282 1436 dimitte
1323 1381 1371 1435 ei
1421 1391 1469 1436 et
1498 1380 1724 1452 pallium
1766 1381 1831 1435 ⁸⁸.

279 1478 334 1533 Ει
358 1478 457 1534 alio
483 1478 605 1532 loco
637 1496 650 1532 :
683 1476 790 1542 Qui
819 1478 993 1547 aufert
1023 1493 1141 1548 qua:
1167 1485 1260 1530 tua
1283 1483 1426 1541 sunt,
1453 1491 1514 1530 ne
1540 1483 1742 1545 repetas
1766 1475 1833 1528 ⁸⁵.

279 1567 401 1624 Sunt
431 1578 614 1625 autem
647 1569 894 1640 quaedam
921 1611 937 1638 ,
1001 1585 1125 1641 qua:
1167 1569 1444 1624 levissima
1492 1575 1834 1639 putarentur,

276 1663 368 1718 nisi
412 1661 465 1716 in
524 1661 830 1732 Scripturis
870 1661 1375 1717 demonstrarentur
1424 1660 1682 1730 Opinione
1710 1675 1835 1730 gra-

275 1756 429 1810 viora.
481 1753 621 1822 Quis
673 1769 920 1825 unquam
952 1754 1223 1810 dicentem
1265 1751 1420 1808 fratri
1463 1768 1565 1809 suo
1597 1771 1612 1808 :
1642 1751 1834 1818 Fatue,

276 1865 408 1902 reum
439 1849 702 1922 gehennae
729 1857 966 1918 putaret,
993 1846 1100 1902 nisi
1125 1844 1478 1916 ipsa'Veritas
1501 1845 1570 1878 ⁸⁵”
1595 1845 1839 1902 diceret?
1872 1835 1912 1888 Β

274 1941 339 1995 Illi
368 1956 488 1996 vero
544 1940 592 1971 ⁸⁸
613 1940 708 2012 qui
758 1940 849 1994 illa
903 1947 1126 2009 peccata
1154 1946 1498 2009 perpetrant,
1533 1938 1601 1994 de
1639 1937 1841 2009 quibus

270 2036 549 2106 Apostolus
581 2035 708 2092 ait:
753 2033 1022 2100 Quoniam
1068 2033 1158 2104 qui
1205 2032 1337 2086 talia
1387 2041 1569 2101 agunt,
1625 2045 1842 2100 regnum

271 2124 357 2180 Dei
378 2142 476 2181 non
519 2134 902 2197 consequentur
923 2125 972 2156 ⁸⁷
991 2167 1005 2192 ,
1048 2124 1205 2180 valde
1233 2123 1458 2178 cavendi
1489 2130 1651 2190 sunt,
1691 2128 1744 2177 et
1773 2121 1841 2175 ad

268 2220 712 2281 emendationem,
743 2217 787 2274 si
813 2215 1114 2272 voluntarie
1131 2215 1421 2281 noluerint,
1447 2213 1837 2284 compellendi;

270 2313 380 2380 quia
403 2310 645 2366 infamia:
677 2310 909 2365 maculis
931 2317 1060 2364 sunt
1087 2308 1318 2378 aspersi,
1349 2318 1401 2362 et
1431 2308 1484 2361 in
1517 2307 1838 2362 barathrum

272 2403 602 2468 delabuntur,
640 2402 746 2457 nisi
770 2403 847 2457 cis
876 2399 1204 2457 sacerdotali
1242 2400 1568 2454 auctoritate
1598 2398 1834 2454 subven-

272 2504 371 2548 tum
426 2494 616 2551 fuerit.
664 2492 928 2549 Similiter
973 2501 1028 2548 et
1061 2492 1140 2547 illi
1190 2491 1258 2548 de
1305 2493 1506 2563 quibus
1553 2491 1671 2562 ipse
1711 2491 1831 2546 ait:

271 2583 388 2639 Cum
431 2586 804 2656 hujuscemodi
841 2585 1138 2640 hominibus
1183 2600 1276 2638 nec
1319 2583 1494 2637 cibum
1533 2599 1736 2637 sumere
1759 2582 1837 2647 ⁸⁸;

268 2676 351 2744 qui
371 2677 595 2732 infamia
623 2686 752 2733 sunt
779 2677 951 2732 notati
977 2686 1271 2747 antequam
1298 2675 1623 2732 sacerdotali
1646 2683 1837 2729 aucto-

270 2769 411 2824 ritate
434 2779 736 2836 sancntur,
777 2780 831 2827 et
870 2770 924 2826 in
948 2770 1160 2842 gremio
1191 2777 1394 2826 sanctae
1425 2769 1617 2824 matris
1651 2767 1838 2823 Eccle-

269 2862 854 2938 sifeie‘dintcgrentur;
889 2867 1018 2938 quia
1050 2866 1314 2936 quiextra
1341 2879 1442 2919 nos
1475 2871 1623 2930 sunt,
1649 2861 1837 2916 nobis-

239 2977 375 3015 cum
417 2961 834 3018 communicare
892 2976 1001 3014 non
1058 2966 1308 3029 possunt.
1360 2953 1710 3010 Manifestum
1758 2962 1840 3008 est

268 3055 420 3121 enim,
450 3056 603 3125 quod
635 3054 690 3108 hi
730 3061 884 3109 extra
918 3068 1020 3108 nos
1057 3059 1219 3118 sunt,
1268 3058 1322 3106 et
1355 3065 1386 3105 a
1426 3048 1584 3104 nobis
1616 3047 1838 3104 discreti

265 3163 376 3205 esse
395 3149 622 3214 debent,
671 3163 797 3202 cum
829 3148 1029 3217 quibus
1059 3163 1159 3202 nos
1191 3160 1293 3201 nec
1311 3145 1494 3209 edere,
1530 3157 1632 3199 nec
1654 3142 1835 3196 cibum

266 3255 467 3298 sumere
499 3243 653 3297 licet.
697 3239 962 3294 Similiter
987 3248 1042 3295 et
1075 3253 1268 3293 omnes
1296 3251 1566 3307 personae,
1607 3233 1840 3304 quibus-

266 3332 384 3390 libet
426 3334 868 3406 turpitudinibus
895 3348 960 3387 ac
992 3329 1422 3388 scurrilitatibus
1442 3327 1722 3398 subjectae,
1756 3328 1841 3382 in-

267 3425 425 3484 fames
454 3439 592 3484 sunt
623 3426 863 3492 effectae;
896 3433 952 3480 et
994 3439 1187 3479 omnes
1213 3423 1280 3490 ⁸⁸,
1319 3421 1413 3493 qui
1446 3421 1709 3476 adversus
1744 3434 1843 3488 pa—

266 3530 365 3577 tres
384 3529 678 3577 armantur
698 3561 714 3587 ,
747 3518 982 3573 infames
1015 3517 1346 3572 efﬁciuntur.
1389 3516 1618 3570 Arenam
1647 3529 1764 3566 veru
1793 3521 1842 3566 et

266 3613 416 3668 salem
442 3623 492 3668 et
516 3629 759 3667 massam
803 3611 932 3680 ferri
966 3609 1181 3680 facilius
1208 3617 1283 3662 est
1312 3618 1547 3678 portare,
1576 3620 1735 3678 quam
1753 3606 1846 3657 ho-

269 3705 445 3759 minem
468 3705 858 3775 imprudentem
881 3712 928 3757 et
961 3703 1169 3772 fatuum
1189 3709 1345 3770 atque
1373 3699 1595 3769 impium
1615 3698 1681 3750 9°.
1703 3696 1847 3762 Quo-

269 3800 400 3852 niam
437 3800 529 3870 qui
563 3800 869 3852 minoratur
910 3795 1099 3858 corde,
1141 3794 1340 3863 cogitat
1399 3791 1619 3856 inania;
1665 3797 1713 3844 et
1768 3789 1848 3843 vir

269 3889 562 3960 imprudens
603 3899 652 3944 et
683 3904 888 3953 errans,
922 3887 1120 3956 cogitat
1164 3883 1330 3939 stulta
1363 3884 1429 3936 9'.
1465 3881 1666 3936 Multos
1709 3881 1846 3935 enim

270 3983 627 4052 supplantavit
661 3980 892 4050 suspicio
921 3979 1159 4042 illorum,
1194 3985 1243 4031 et
1273 3977 1330 4029 in
1367 3976 1595 4030 vanitate
1620 3973 1847 4028 detinuit

267 4089 435 4127 sensus
452 4073 696 4127 illorum.
713 4070 819 4124 Cor
838 4070 1032 4123 durum
1057 4067 1196 4121 male
1220 4066 1428 4121 habebit
1453 4068 1508 4121 in
1529 4067 1847 4130 novissimo;

265 4174 308 4217 ct
334 4165 422 4234 qui
448 4174 601 4218 amat
631 4163 960 4233 periculum,
1007 4163 1063 4214 in
1108 4162 1220 4230 ipso
1262 4161 1472 4230 peribit.
1521 4160 1626 4215 Cor
1673 4161 1850 4230 ingre-

264 4257 402 4310 diens
430 4256 569 4312 duas
602 4257 736 4321 vias,
770 4270 872 4308 non
899 4253 1106 4308 habebit
1135 4252 1387 4320 requiem,
1424 4265 1471 4306 et
1493 4253 1644 4322 pravi
1672 4251 1847 4305 cordis

265 4349 314 4401 in
339 4349 384 4382 ⁹²
409 4350 520 4403 illis
547 4348 1031 4403 scandalizabitur.
1065 4345 1171 4401 Cor
1199 4361 1424 4416 nequam
1458 4345 1769 4415 gravabitur
1791 4346 1844 4398 in

265 4441 531 4497 doloribus
553 4485 569 4508 ,
602 4450 652 4495 et
680 4451 925 4510 peccator
955 4440 1171 4509 adjiciet
1199 4439 1270 4493 ad
1292 4439 1616 4507 peccandum
1642 4437 1710 4491 ”.
1741 4435 1847 4491 Ta-

1938 563 2042 621 est,
2073 564 2400 619 statuerunt,
2449 572 2514 611 ne
2545 566 2958 624 accusarentur,
3009 565 3105 612 aut
3144 558 3190 612 si
3223 557 3380 613 aliter
3409 557 3524 612 fieri

1940 662 2049 701 non
2081 647 2277 717 possit,
2311 648 2642 716 perditiicilis
2676 665 2866 704 eorum
2893 648 3045 704 fieret
3075 650 3390 717 accusatio,
3415 657 3469 705 et
3495 665 3524 704 a

1939 739 2162 809 quibus,
2218 747 2278 793 ut
2315 754 2479 808 supra
2531 739 2738 794 dictum
2769 749 2882 807 est,
2931 756 3041 795 non
3077 751 3525 811 praesumeretur,

1941 844 2114 900 neque
2146 845 2176 884 a
2220 831 2455 901 propriis
2481 831 2703 886 sedibus
2735 842 2829 887 aut
2852 830 3113 889 Ecclesiis
3147 833 3393 904 episcopi
3423 833 3527 904 eji-

1940 930 2194 976 cerentur
2221 923 2288 976 ’⁸.
2340 922 2497 989 Quod
2546 923 2590 978 si
2631 925 2906 994 quomodo
2930 935 3327 995 praesumptum
3360 924 3528 980 fuerit

1939 1027 2234 1085 antequam
2267 1023 2321 1069 et
2351 1014 2606 1085 proprius
2632 1015 2786 1072 locus
2807 1058 2822 1083 ,
2859 1026 2914 1072 et
2947 1028 3048 1072 sua
3077 1017 3258 1072 omnia
3288 1017 3370 1073 eis
3392 1017 3526 1089 legi-

1941 1107 2044 1162 bus
2068 1107 2114 1139 "
2153 1106 2690 1177 redintegrarentur,
2723 1108 3033 1163 nullatenus
3063 1123 3094 1163 a
3131 1123 3408 1179 quoquam
3437 1124 3530 1164 ac-

1942 1207 2271 1254 cusarentur
2313 1207 2408 1253 aut
2439 1199 2900 1266 criminarentur,
2933 1209 2986 1254 et
3013 1200 3117 1254 nisi
3145 1208 3339 1270 sponte
3358 1200 3532 1270 elege-

1941 1291 2086 1354 rint,
2118 1291 2374 1360 cuiquam
2405 1305 2505 1360 pro
2537 1290 2733 1346 talibus
2759 1307 2867 1345 non
2889 1292 2934 1323 ⁸⁷
2974 1292 3402 1362 responderent;
3431 1291 3527 1346 sed

1941 1391 2256 1454 postquam,
2276 1385 2654 1454 utpraefixum
2683 1393 2786 1451 est,
2818 1383 3057 1440 restituti
3090 1383 3316 1452 fuerint,
3341 1392 3397 1440 et
3424 1399 3525 1440 sua

1938 1477 2121 1533 omnia
2149 1476 2228 1533 eis
2257 1477 2469 1549 legibus
2501 1477 2888 1548 redintegrata,
2918 1477 3197 1549 dispositis
3230 1478 3529 1534 ordinatis-

1944 1587 2052 1638 que
2081 1571 2218 1637 suis,
2269 1587 2532 1643 magnum
2591 1573 2855 1643 spatium,
2899 1572 3170 1628 tractandi
3215 1586 3402 1638 causa,
3446 1573 3531 1626 eis

1942 1666 2372 1732 concederetur;
2412 1673 2467 1720 et
2501 1673 2716 1735 postea,
2748 1665 2793 1722 si
2821 1681 3046 1723 necesse
3079 1664 3265 1732 fuerit,
3311 1664 3532 1736 regula-

1944 1758 2077 1813 riter
2121 1755 2324 1824 vocati,
2356 1756 2609 1812 venirent
2634 1758 2700 1813 ad
2733 1773 2995 1826 causam;
3045 1766 3100 1815 et
3139 1757 3184 1814 si
3210 1756 3421 1829 justum
3449 1755 3529 1810 vi.

1945 1866 2068 1906 sum
2098 1848 2298 1916 fuerit,
2345 1850 2728 1906 accusantium
2759 1849 3228 1920 propositionibus
3257 1855 3532 1906 sustenta-

1946 1945 2095 1998 tione
2141 1942 2374 1999 fratrum
2411 1942 2820 2014 responderent.
2872 1940 3031 1998 Nulla
3078 1942 3225 1999 enim
3267 1941 3534 2013 permittit

1945 2037 2088 2091 ratio
2121 2036 2189 2105 ’°,
2228 2036 2359 2091 dum
2395 2035 2461 2090 ad
2503 2044 2720 2106 tempus
2753 2051 2943 2091 eorum
2978 2036 3120 2091 bona
3162 2035 3246 2090 vel
3273 2033 3534 2090 Ecclesia:

1944 2140 2108 2199 atque
2153 2143 2245 2185 res
2279 2129 2346 2183 ab
2377 2129 2590 2184 aemulis
2619 2136 2716 2183 aut
2751 2143 2783 2182 a
2819 2127 3242 2199 quibuscunque
3272 2126 3524 2182 delinen-

1943 2230 2052 2286 tur,
2108 2228 2168 2276 ut
2201 2220 2407 2290 aliquid
2459 2220 2569 2275 illis
2624 2218 2787 2289 objici
2816 2220 3031 2275 debeat.
3080 2217 3191 2275 Nec
3239 2220 3534 2290 quisquam

1947 2323 2123 2382 Potest
2152 2315 2233 2369 eis
2259 2329 2482 2385 quoquo
2511 2315 2674 2368 modo
2701 2312 2972 2383 quidlibet
3002 2312 3277 2382 majorum
3306 2311 3390 2366 vel
3425 2312 3530 2366 mi-
3584 2342 3588 2349 ι

1946 2422 2147 2460 norum
2180 2406 2416 2477 obiicere
2439 2447 2454 2474 ,
2489 2407 2621 2461 dum
2649 2405 2923 2470 ecclesiis,
2949 2404 3138 2469 rebus,
3176 2413 3272 2458 aut
3293 2412 3534 2474 potesta-

1946 2497 2090 2553 tibus
2118 2507 2306 2554 carent
2337 2499 2471 2554 suis.
2504 2497 2769 2553 Similiter
2800 2505 3068 2553 statutum
3100 2505 3188 2555 est
3212 2499 3272 2567 ,⁸³
3294 2537 3309 2563 ,
3348 2507 3402 2553 et
3433 2514 3537 2552 nos

1942 2590 2133 2645 eadem
2192 2598 2395 2644 statuta
2425 2589 2732 2656 firmantes,
2775 2589 3091 2657 statuimus,
3147 2597 3206 2643 ut
3248 2589 3294 2645 si
3338 2588 3535 2659 aliquis

1943 2681 2273 2737 clericorum
2325 2683 2442 2738 suis
2494 2681 2769 2752 episcopis
2820 2678 3056 2736 infestus
3103 2693 3199 2736 aut
3247 2680 3537 2736 insidiator

1942 2771 2130 2837 fuerit,
2177 2788 2383 2842 eosque
2423 2772 2706 2828 criminari
2747 2773 3002 2840 voluerit,
3050 2781 3146 2828 aut
3180 2773 3539 2844 ;conspirator

1942 2864 2126 2932 fuerit,
2164 2878 2220 2921 ut
2259 2881 2388 2920 mox
2419 2875 2547 2920 ante
2585 2864 3266 2934 examinatum-judicium
3305 2865 3534 2921 submo-

1943 2970 2031 3015 tus
2078 2976 2107 3014 a
2139 2959 2308 3023 clero,
2341 2959 2509 3014 curiae
2542 2960 2557 2992 ¹
2608 2957 2878 3026 tradatur,
2910 2958 3001 3013 cui
3033 2957 3394 3026 diebus,vitre
3427 2973 3540 3013 suae

1945 3051 2238 3117 deserviat,
2267 3060 2338 3122 .et
2375 3049 2598 3106 infamis
2632 3050 2842 3120 absque
2885 3049 2992 3104 ulla
3037 3050 3404 3105 restitutionis
3432 3066 3527 3120 spe

1946 3151 2286 3214 permaneat.
2346 3141 2460 3198 Nec
2496 3143 2642 3198 ullus
2677 3157 2918 3213 unquam
2957 3151 3274 3212 praesumat,
3319 3157 3541 3197 accusa-

1947 3245 2100 3290 sator
2143 3234 2308 3289 simul
2349 3250 2471 3290 esse
2515 3242 2571 3288 et
2612 3233 2782 3297 iudex
2829 3234 2914 3289 vel
2945 3232 3136 3289 testis:
3169 3233 3433 3303 quoniam
3483 3235 3538 3288 in

1946 3328 2096 3381 omni
2127 3327 2336 3398 judicio
2370 3336 2608 3398 quatuor
2630 3341 2897 3397 personas
2927 3341 3152 3382 necesse
3200 3335 3284 3380 est
3326 3339 3543 3396 semper

1946 3421 2159 3487 adesse,
2217 3419 2270 3475 id
2303 3429 2407 3484 est,
2433 3418 2651 3490 judices
2693 3419 2917 3486 electos,
2956 3425 3011 3473 et
3059 3425 3431 3482 accusatores,
3477 3433 3540 3472 ac

1946 3516 2288 3583 defensores,
2319 3525 2482 3587 atque
2533 3523 2718 3570 testes.
2751 3511 3016 3568 Similiter
3045 3522 3373 3580 statuentes,
3408 3528 3542 3582 apo-

1948 3612 2140 3667 stolica
2196 3611 2521 3666 auctoritate
2567 3607 2864 3678 iubemus,
2921 3622 2990 3662 ne
3043 3619 3320 3677 pastorem
3379 3621 3538 3662 suum

1949 3722 2100 3772 oves,
2131 3721 2254 3774 quae
2281 3703 2332 3758 ei
2371 3701 2683 3758 commissa:
2708 3699 2924 3756 fuerant
2946 3701 2989 3764 ²,
3025 3699 3128 3754 nisi
3171 3699 3224 3754 in
3256 3698 3360 3754 fide
3389 3715 3542 3754 erra-

1951 3796 2114 3862 verit,
2145 3794 2546 3865 reprehendere
2596 3790 2797 3848 audeat
2831 3814 2842 3846 z
2883 3789 3013 3860 quia
3042 3790 3186 3844 facta
3216 3792 3510 3860 praeposito
3531 3819 3543 3832 -

1950 3905 2096 3954 rum,
2131 3888 2244 3943 oris
2284 3885 2466 3958 gladio
2499 3885 2519 3916 ³
2550 3882 2796 3938 ferienda
2830 3899 2940 3936 non
2973 3891 3121 3943 sunt,
3155 3897 3334 3950 neque
3365 3891 3542 3950 potest

1949 3997 2074 4037 esse
2101 3979 2408 4050 discipulus
2443 3993 2609 4049 super
2644 3976 3009 4047 magistrum,
3043 3977 3256 4030 dicente
3291 3973 3541 4030 Veritatis

1949 4089 2084 4129 voce
2117 4091 2131 4127 :
2170 4071 2294 4125 Non
2317 4080 2396 4125 est
2429 4068 2724 4140 discipulus
2754 4084 2910 4137 super
2940 4068 3276 4137 magistrum,
3321 4083 3412 4120 nec
3432 4083 3543 4120 ser-

1954 4182 2046 4220 vus
2077 4181 2235 4234 super
2286 4162 2558 4218 dominum
2586 4177 2741 4215 suum
2772 4159 2813 4214 ‘.
2865 4158 3093 4214 0dibilis
3141 4171 3319 4212 autem
3360 4175 3542 4213 coram

1953 4257 2062 4309 Deo
2102 4263 2149 4310 et
2179 4252 2478 4307 hominibus
2503 4261 2579 4306 est
2609 4250 2854 4321 superbia
2873 4291 2888 4315 ,
2917 4258 2967 4303 et
2993 4248 3339 4304 exsecrabilis
3367 4251 3540 4304 omnis

1952 4348 2232 4418 iniquitas.
2294 4343 2540 4399 Perdidit
2572 4343 2712 4397 Deus
2741 4344 3051 4396 memoriam
3080 4340 3457 4412 superborum,
3491 4353 3540 4396 et

1953 4441 2170 4510 reliquit
2199 4439 2506 4493 memoriam
2530 4437 2814 4491 humilium
2843 4451 3022 4490 sensu.
3055 4433 3244 4491 Semen
3268 4434 3542 4490 hominum

266 4535 328 4589 lia
355 4537 668 4608 cogitantes
701 4533 878 4588 sancti
909 4533 1167 4604 apostoli,
1211 4543 1518 4600 eorumque
1561 4544 1846 4585 successo-
1880 4540 1921 4595 D
1952 4531 2318 4596 honorabitur,
2367 4531 2463 4584 hoc
2508 4529 2648 4600 quod
2698 4530 2846 4583 timet
2894 4528 3084 4583 Deum.
3136 4527 3325 4584 Semen
3366 4537 3543 4582 autem

268 4643 347 4684 res
381 4630 452 4695 ",
481 4627 698 4698 Spiritu
722 4623 819 4679 Dei
843 4625 1031 4694 repleti
1063 4623 1239 4677 malos
1267 4621 1518 4676 homines
1541 4618 1846 4690 praeviden-

265 4728 360 4784 tes,
389 4727 444 4774 et
475 4718 759 4789 simplices
787 4717 1222 4779 considerantes,
1246 4712 1539 4780 difﬁcilem,
1579 4720 1675 4767 aut
1706 4728 1847 4766 nun-

265 4827 424 4880 quam
455 4811 754 4867 voluerunt
779 4823 903 4866 esse
935 4807 1342 4862 accusationem
1375 4803 1745 4869 sacerdotum,
1776 4818 1845 4858 ne

264 4919 292 4957 a
320 4905 480 4960 malis
511 4903 826 4976 potuissent
867 4900 1037 4956 everti
1080 4908 1176 4955 aut
1218 4897 1531 4955 submoveri
1577 4916 1591 4951 :
1631 4897 1760 4967 quia
1795 4895 1842 4950 si

205 4993 211 5001 ’
266 4993 364 5052 hoc
434 4995 603 5052 facile
665 4991 1054 5048 concederetur
1117 4989 1476 5046 saecularibus
1561 4996 1616 5042 et
1682 4987 1842 5041 malis

265 5088 602 5154 hominibus,
656 5095 755 5141 aut
792 5085 997 5149 nullus,
1038 5090 1133 5137 aut
1179 5081 1268 5137 vix
1304 5080 1563 5152 perpauci
1594 5093 1844 5133 remane-

264 5190 409 5249 rent;
465 5180 733 5251 quoniam
779 5191 996 5246 semper
1026 5174 1164 5240 fuit,
1192 5183 1243 5229 et
1274 5185 1377 5239 est,
1409 5181 1482 5239 et,
1511 5171 1658 5241 quod
1691 5171 1847 5240 pejus

262 5283 361 5340 est,
420 5273 596 5328 nimis
637 5272 804 5343 viget,
840 5279 901 5324 ut
941 5269 1069 5323 mali
1106 5268 1280 5323 bonos
1329 5273 1750 5336 persequantur,
1796 5273 1852 5318 et

326 5409 373 5444 ⁸³
403 5408 465 5466 S.
491 5405 982 5480 AugustLEnchir.
1022 5419 1072 5480 ei
1108 5403 1254 5480 _7_8_et
1274 5403 1361 5459 '79.
1402 5473 1416 5480 _
1436 5400 1483 5434 ⁸⁸
1516 5399 1795 5480 Legi-.31,
1819 5401 1870 5454 7.

837 5477 954 5548 qui.
1028 5476 1072 5508 ⁸⁷
1102 5475 1280 5530 Galat.
1302 5491 1360 5548 _v,
1389 5473 1497 5548 4.__
1520 5470 1566 5548 ἓ
1618 5469 1665 5548 I__
1691 5471 1905 5548 Comi,
1946 5473 2030 5525 ll.

266 5551 306 5628 ξ
333 5535 519 5628 Sec“:
545 5549 764 5628 xvt,2'5.
842 5535 1262 5628 ".pravqptncor
1300 5535 1387 5628 in_._
1453 5541 1499 5573 ⁸³
1523 5541 1696 5628 Εἶροιίἐ
1719 5557 1802 5628 tu,
1825 5535 1897 5595 26⁷
1925 5557 2072 5628 seqq.
2151 5540 2384 5628 “iidem
2404 5540 2546 5592 infra
2577 5539 2627 5628 ilq
2667 5539 2856 5628 thier.“
2885 5535 3078 5628 Steph:

265 5480 308 5510 "
357 5481 412 5534 6.
473 5495 534 5550 q.
577 5477 613 5533 Ξ
643 5497 656 5533 :
686 5477 788 5550 rllli

1951 4624 2048 4678 hoc
2087 4621 2520 4689 exhonorabitur,
2558 4624 2696 4693 quod
2741 4622 2979 4692 praeterit
3018 4621 3278 4674 mandata
3303 4619 3540 4674 Domini.

1952 4716 2020 4773 In
2037 4717 2209 4772 medio
2236 4716 2490 4786 fratrum,
2519 4709 2690 4769 rector
2717 4714 2936 4768 illorum
2956 4714 3012 4766 in
3034 4712 3262 4777 honore;
3293 4713 3449 4782 etqui
3475 4712 3544 4764 ti—

1947 4818 2088 4863 ment
2117 4807 2439 4870 Dominum‘,
2483 4815 2636 4860 erunt
2674 4807 2729 4859 in
2754 4805 2921 4859 oculis
2949 4806 3087 4875 ejus.
3157 4803 3291 4869 Fili,
3335 4804 3411 4858 ait
3443 4801 3542 4857 Sa-

1954 4902 2162 4966 lomon,
2214 4899 2272 4952 in
2309 4898 2712 4952 mansuetudine
2747 4914 2894 4951 serva
2927 4899 3162 4950 animam
3197 4907 3365 4960 tuam,
3394 4902 3454 4949 et
3472 4896 3543 4947 da

1950 4991 2034 5045 illi
2075 4991 2346 5056 honorem,
2376 4992 2462 5046 cui
2490 4992 2659 5044 honor
2684 4992 2929 5059 competit
2949 4991 2992 5044 ⁸.
3033 4987 3356 5057 Priusquam
3383 4986 3543 5039 inter-

1953 5099 2124 5154 reges,
2155 5099 2219 5136 ne
2243 5083 2496 5152 vituperes
2519 5098 2832 5153 quemquam
2849 5090 2934 5146 ;et
2967 5095 3087 5134 cum
3116 5077 3540 5145 interrogaueris,

1955 5176 2160 5245 corripe
2174 5173 2343 5242 juste.
2381 5172 2704 5244 Priusquam
2739 5174 2954 5233 audias,
2999 5186 3062 5225 ne
3086 5165 3402 5237 respondeas
3434 5183 3543 5221 ver-

1958 5266 2115 5329 bum;
2169 5273 2218 5319 et
2264 5266 2322 5318 in
2376 5263 2548 5318 medio
2603 5265 2872 5318 seniorum
2932 5277 2994 5315 ne
3043 5259 3270 5328 adjicias
3326 5257 3473 5328 loqui
3499 5258 3541 5310 ‘.

1944 5404 1994 5441 υ
2015 5399 2201 5454 Matth.
2236 5415 2292 5464 v,
2321 5397 2412 5452 40.
2466 5398 2514 5430 ⁸⁵
2549 5397 2679 5452 Luc.
2746 5412 2819 5460 vr,
2867 5394 2953 5449 '50.
3030 5395 3109 5426 w‘
3142 5391 3333 5447 Matth.
3365 5407 3419 5457 ν,
3448 5391 3540 5464 22.

2108 5470 2152 5501 ⁸9
2183 5462 2408 5525 Proclus
2430 5470 2495 5522 ad
2525 5467 2875 5520 Dontninum.
2977 5465 3022 5496 ⁹⁰
3043 5464 3210 5520 Eccli.
3248 5478 3399 5529 xm,
3454 5462 3542 5516 18.

2151 5540 2360 5589 ”ldem
2404 5540 2546 5589 infra
2577 5539 2627 5589 in
2667 5539 2813 5589 decr.
2887 5535 3078 5589 SleDlt.
3183 5536 3227 5574 ⁸⁵
3266 5535 3318 5589 5.
3352 5548 3408 5589 α.
3460 5534 3484 5585 1
3526 5545 3542 5582 :

3305 5545 3542 5602 ,φιτ

268 5619 522 5691 Episcopi
569 5622 610 5675 si
643 5604 691 5674 ἐι
713 5604 981 5742 propri-is.
1058 5616 1104 5648 “
1135 5616 1305 5670 Cone.
1345 5614 1506 5668 Rom.
1544 5627 1572 5662 ν
1604 5612 1707 5666 sub
1746 5604 2095 5682 Symmacho.
2171 5611 2215 5644 ⁸⁷
2258 5610 2482 5662 Adrian.
2521 5609 2646 5664 coll.
2680 5608 2734 5661 5.
2812 5607 2856 5638 ⁸³⁸
2883 5607 2940 5660 5.
2973 5608 3076 5676 (ι.1
3112 5627 3125 5662 :
3159 5604 3412 5674 Episcopi
3437 5604 3480 5656 si
3512 5616 3544 5654 a

269 5693 530 5757 propriis.
606 5689 652 5721 ”
679 5690 701 5743 1
751 5729 764 5742 .
791 5705 843 5757 q.
883 5688 907 5740 1
937 5705 951 5741 :
981 5685 1307 5750 Statuimus,
1332 5695 1402 5757 ⁸ιιι
1432 5684 1477 5736 si
1510 5681 2012 5757 quisclericorutn.
2088 5683 2102 5712 ί
2137 5681 2455 5757 Quriahlncc
2477 5679 2632 5757 valde
2676 5686 2934 5757 suspecta
2985 5685 3070 5757 est
3097 5678 3254 5757 fuit.
3305 5676 3538 5757 August:

269 5689 530 5761 propriis.
606 5689 652 5761 ξ’
679 5690 701 5761 l_

270 5763 322 5841 i_n
370 5757 503 5830 cap.
568 5759 828 5841 διεξίεῳιέ
1077 5757 1446 5841 ίϐρὶιολξιυρ

257 5828 399 5899 ,ιδυα
446 5825 533 5899 'u,
582 5830 666 5884 to.
743 5826 955 5884 ’Eccli.
990 5843 1044 5895 ι,
1077 5827 1130 5895 7,
1162 5827 1255 5894 25,
1284 5825 1376 5890 at,
1417 5826 1505 5877 δι.

830 5681 846 5741 ξ
883 5688 907 5740 1
937 5705 951 5741 :
981 5685 1307 5750 Statuimus,
1345 5695 1402 5736 ut
1432 5684 1477 5736 si
1510 5681 1637 5750 quis
1659 5681 2006 5736 clericorum.

1077 5759 1095 5788 ³
1123 5745 1304 5810 (ἷοηοξ
1331 5753 1490 5806 Ilum.
1526 5745 1555 5805 ἰν
1578 5755 1700 5804 sub.
1739 5750 1842 5822 Syn

1077 5827 1130 5878 7.
1162 5827 1255 5878 2'5.
1284 5825 1376 5878 24.
1417 5826 1505 5877 5t.
1583 5824 1603 5855 ⁶
1640 5822 1809 5878 Eccli.

1946 5753 2089 5875 λιξὴέ
2167 5749 2188 5781 ³
2215 5750 2272 5804 S.
2292 5749 2451 5818 Greg.
2474 5747 2619 5802 Past.
2645 5763 2696 5816 p.
2730 5745 2794 5812 ll,
2814 5765 2862 5802 ς.

1794 5861 1809 5880 ι
1848 5861 1923 5889 ιιι,
1967 5861 2010 5885 1,
2052 5861 2104 5875 ν-

2088 5683 2102 5712 ¹
2137 5681 2302 5735 Curia
2341 5681 2455 5733 lucc
2478 5679 2632 5732 valde
2676 5686 2934 5744 suspecta
2985 5685 3070 5731 est
3127 5678 3254 5729 Ant.
3305 5676 3538 5744 August.

3044 5754 3063 5777 ⁸
3093 5746 3283 5801 Matth.
3336 5759 3365 5794 x
3385 5740 3413 5807 ,’
3433 5740 3540 5807 2d;
