4034 6384
334 312 443 367 197

1778 312 2159 369 EPISTOLIE.

3515 324 3617 377 198

329 429 614 487 iracundia
651 431 821 491 dixit,
850 431 1053 488 iterare
1091 442 1187 490 aut
1228 432 1466 488 scribere
1504 434 1760 499 noluerit,
1811 450 1919 489 non
1952 449 1994 505 Α
2026 452 2229 505 iniqua,
2262 444 2314 490 et
2351 452 2503 491 nemo
2537 453 2637 491 non
2671 437 2907 507 objiciet.
2937 437 3000 493 In
3039 450 3313 508 conspectu
3339 442 3617 495 oculorum

326 533 384 576 ut
412 539 543 579 reus
572 524 821 579 criminis
855 534 1124 580 teneatur.
1164 526 1356 582 Omnis
1390 541 1521 595 ergo
1541 568 1556 593 ,
1584 527 1679 598 qui
1712 528 1917 582 crimen

326 616 525 683 objicit
568 616 637 681 ³⁷,
683 617 891 671 scribat
933 633 994 673 se
1038 619 1415 687 probaturum.
1456 618 1662 675 Revera
1706 635 1921 690 semper

322 708 398 763 ibi
433 725 605 763 causa
627 719 841 779 agatur,
879 710 969 764 ubi
992 711 1200 766 crimen
1233 711 1557 767 admittitur.
1592 710 1659 766 Et
1685 712 1777 782 qui
1811 728 1916 767 non

322 802 642 870 probaverit
701 802 848 872 quod
905 802 1136 873 objecit,
1191 818 1408 873 prunam
1457 819 1622 876 quam
1672 804 1919 860 intulerit

322 898 445 964 ipse
470 895 731 964 patiatur.

392 1067 691 1124 V.Placuit
718 1071 906 1137 etiam,
927 1071 1050 1128 utsi
1081 1074 1370 1143 episcopus
1403 1081 1697 1129 accusatus
1731 1074 1916 1145 appel-

317 1161 520 1215 laverit
541 1161 609 1217 ad
631 1165 987 1233 apostolicam
1007 1168 1189 1221 sedem
1206 1168 1272 1232 ³⁸,
1302 1167 1352 1222 id
1384 1168 1732 1223 statuendum
1766 1170 1914 1238 quod

313 1255 570 1323 ejusdem
613 1256 757 1311 sedis
794 1257 1037 1327 pontifex
1074 1260 1371 1314 censuerit.
1410 1258 1536 1315 Hac
1571 1266 1753 1315 tamen
1795 1277 1916 1316 om-

311 1348 457 1401 nino
484 1349 538 1402 in
565 1350 912 1405 sacerdotum
937 1367 1103 1407 causa
1136 1352 1308 1406 forma
1334 1361 1599 1416 servetur,
1624 1369 1692 1408 ne
1722 1368 1915 1423 quem-

310 1456 490 1508 quam
530 1442 795 1497 sententia
816 1482 832 1508 ,
869 1458 977 1499 non
1012 1458 1043 1499 a
1075 1461 1174 1500 suo
1202 1445 1389 1514 judice
1423 1447 1566 1502 dicta
1589 1487 1604 1511 ,
1639 1448 1913 1502 constrin-

312 1534 509 1602 gat”.
543 1533 846 1591 Occurrere
894 1554 1115 1607 quoque
1158 1539 1391 1608 quisque
1442 1539 1680 1594 fidelium
1736 1541 1910 1596 ruinis

309 1627 487 1680 debet
528 1642 921 1697 oppressorum
961 1640 1013 1684 et
1057 1630 1382 1686 miserorum
1422 1632 1669 1688 subsidio
1700 1633 1768 1699 ³³,
1799 1650 1910 1702 quo

311 1718 578 1782 valeant,
611 1735 676 1775 ex
721 1721 1052 1776 revelatione
1095 1724 1286 1779 alienae
1317 1723 1604 1790 vindicta,
1636 1741 1668 1780 a
1714 1742 1773 1782 se
1813 1726 1906 1782 Dei

312 1824 607 1866 removere
659 1812 955 1868 vindictam
1001 1815 1066 1871 ³³.
1114 1815 1273 1871 Libat
1313 1818 1460 1871 enim
1506 1817 1738 1872 Domino
1782 1833 1909 1888 pro-
1940 1794 1982 1848 Β

310 1916 503 1971 spera,
532 1903 622 1971 qui
651 1903 720 1957 ab
748 1904 963 1960 alilictis
994 1907 1142 1977 pellit
1177 1907 1425 1963 adversa.
1458 1907 1614 1964 Unde
1644 1911 1906 1980 scriptum

310 2000 406 2047 est
432 2010 448 2046 :
486 1992 682 2048 Frater
710 1995 933 2064 fratrem
971 1998 1230 2068 adjuvcns
1263 2000 1594 2056 exaltabitur
1626 2002 1691 2056 ³³.
1720 2002 1909 2058 Eccle-

311 2087 401 2141 sia
428 2087 576 2142 enim
605 2087 697 2143 Dei
727 2089 847 2145 sine
872 2093 1087 2148 macula
1114 2103 1165 2148 et
1200 2109 1334 2167 ruga
1364 2096 1523 2151 debet
1555 2098 1792 2153 existere
1812 2140 1825 2164 ,
1856 2106 1910 2154 et

310 2177 444 2232 ideo
475 2194 583 2232 non
620 2191 833 2250 oportet
863 2197 983 2236 eam
1024 2198 1053 2237 a
1087 2184 1417 2254 quibusdam
1466 2188 1777 2243 conculcari
1815 2198 1910 2244 aut

313 2267 612 2334 maculari,
641 2270 771 2338 quia
798 2270 1062 2341 scriptum
1091 2282 1211 2328 est:
1251 2272 1367 2327 Una
1398 2285 1475 2329 est
1498 2276 1741 2330 columba
1769 2295 1905 2347 mea,

310 2360 556 2428 perfecta
597 2377 712 2414 mea
742 2361 809 2416 ⁸³.
841 2361 982 2418 lline
1015 2365 1211 2419 iterum
1254 2364 1515 2433 Dominus
1558 2369 1623 2423 ad
1668 2368 1905 2442 Moysem
1941 2379 1951 2392 '

311 2450 399 2504 ait
435 2468 450 2505 :
487 2449 585 2504 Est
616 2453 763 2506 locus
797 2469 952 2523 penes
989 2471 1100 2523 me,
1130 2465 1180 2510 et
1215 2457 1384 2512 stabis
1412 2475 1568 2528 super
1601 2470 1802 2529 petram
1837 2461 1904 2518 ".

307 2544 455 2611 Quis
487 2555 575 2602 est
616 2549 771 2604 locus
798 2548 864 2614 ³⁵,
892 2550 985 2619 qui
1019 2566 1125 2606 non
1153 2551 1233 2607 sit
1264 2551 1510 2622 Domini,
1541 2556 1672 2611 dum
1710 2567 1907 2614 cuncta

309 2640 373 2692 in
419 2640 572 2710 ipso,
621 2656 720 2710 per
760 2658 922 2713 quem
971 2655 1152 2699 creata
1185 2658 1349 2711 sunt,
1387 2648 1780 2704 continentur?
1814 2649 1910 2705 Est

317 2734 698 2817 tamendocus
723 2737 870 2805 apud
902 2734 1097 2801 Deum,
1134 2737 1384 2794 videlicet
1415 2749 1618 2795 sancta:
1651 2739 1909 2798 Ecclesia

315 2824 527 2886 unitas,
557 2825 611 2879 in
635 2841 741 2896 qua
775 2841 938 2897 supra
969 2836 1174 2897 petram
1212 2837 1405 2893 statur,
1438 2831 1567 2885 dum
1604 2831 1907 2889 confessio-

314 2914 405 2970 nis
443 2917 699 2973 soliditas
762 2918 1041 2974 humiliter
1073 2928 1304 2976 tenetur.
1336 2919 1442 2985 Te,
1479 2921 1668 2988 frater,
1707 2935 1757 2980 et
1796 2941 1910 2981 om-

315 3023 418 3063 nes
453 3007 657 3065 fratres
685 3019 905 3066 nostros
947 3010 1246 3067 Ecclesiam
1277 3012 1481 3069 Christi
1521 3015 1788 3088 sanguine
1820 3032 1906 3073 re~

312 3100 595 3171 demptam
638 3111 922 3170 regentes,
956 3119 1282 3172 monemus,
1324 3114 1385 3159 ut
1427 3119 1620 3162 omnes
1658 3123 1688 3162 a
1724 3108 1908 3178 prteci-
1931 3142 1974 3201 ο

314 3195 472 3264 pilio,
519 3195 574 3248 in
616 3211 728 3266 quo
774 3195 971 3252 fratres
1010 3207 1065 3254 et
1107 3197 1325 3253 Domini
1371 3201 1680 3269 pastoribus
1723 3202 1906 3258 detra-

313 3287 501 3341 hendo
555 3298 610 3343 et
659 3291 1059 3360 persequendo,
1103 3292 1284 3347 verbis
1331 3301 1388 3348 et
1429 3292 1590 3350 factis
1626 3296 1902 3366 labuntur,

312 3378 527 3449 laqueis
554 3381 758 3449 quibus
793 3382 1040 3450 potestis,
1070 3382 1372 3451 retentetis,
1394 3394 1448 3441 et
1477 3386 1704 3443 lacerari
1737 3404 1832 3445 eos
1860 3389 1905 3422 ³³

312 3471 366 3524 in
399 3473 566 3526 hamo
584 3473 629 3506 ³⁷
652 3472 748 3527 ira:
780 3487 890 3528 non
925 3475 1282 3544 permittatis,
1312 3478 1440 3547 quia
1477 3481 1741 3550 scriptum
1769 3490 1855 3538 est
1886 3500 1901 3540 :

314 3561 414 3618 Ira
434 3564 577 3619 enim
608 3566 710 3618 viri
743 3565 1018 3634 justitiam
1054 3566 1151 3621 Dei
1188 3584 1289 3621 non
1317 3550 1567 3638 operatur
1593 3572 1656 3626 ³³.
1689 3573 1832 3629 Hinc
1858 3575 1903 3609 ³³

310 3668 537 3708 rursum
561 3654 796 3709 dicitur:
823 3651 903 3709 Sit
932 3654 1100 3709 omnis
1119 3654 1270 3709 homo
1293 3656 1440 3710 velox
1472 3658 1541 3711 ad
1560 3658 1900 3727 audiendum,

313 3744 504 3799 tardus
545 3754 721 3799 autem
758 3750 828 3798 ad
865 3745 1202 3816 loquendum,
1266 3756 1317 3801 et
1365 3749 1550 3803 tardus
1609 3751 1679 3803 ad
1738 3751 1897 3804 iram.

314 3834 440 3891 Haec
484 3846 668 3890 autem
718 3853 847 3903 vos,
882 3836 990 3892 Deo
1028 3847 1286 3904 auctore,
1316 3841 1501 3895 omnia
1542 3855 1760 3897 servare
1794 3857 1901 3897 non

310 3929 535 4000 ambigo
555 3970 571 3997 ,
602 3930 696 3984 sed
726 3929 1017 3984 occasione
1061 3931 1453 3988 admonitionis
1486 3942 1674 3987 exorta
1695 3976 1709 4000 ,
1736 3933 1902 3989 .bonis

306 4023 511 4073 vestris
537 4020 826 4075 desideriis
859 4030 913 4075 et
950 4021 1208 4091 operibus
1244 4038 1331 4077 nte
1361 4020 1560 4077 furtive
1589 4024 1863 4094 subiungo
1883 4063 1898 4088 ,

307 4120 367 4165 ut
397 4111 546 4180 quod
584 4127 693 4165 non
732 4111 998 4166 admoniti
1029 4110 1209 4166 facitis
1231 4150 1247 4177 ,
1281 4112 1503 4182 quando
1541 4113 1695 4168 vobis
1736 4113 1898 4167 etiam

306 4203 618 4257 admonens
651 4202 908 4266 additur,
945 4203 1059 4272 jam
1099 4219 1206 4258 non
1249 4203 1352 4259 soli
1383 4203 1616 4259 faciatis.
1649 4202 1899 4274 Quapro-

304 4304 464 4363 pter,
496 4293 694 4348 fratres
716 4337 730 4357 ,
765 4304 976 4364 oportet
1000 4310 1099 4350 vos
1126 4303 1180 4349 et
1220 4310 1412 4350 omnes
1456 4296 1642 4350 ﬁdeles
1678 4296 1899 4366 diligere

304 4385 571 4450 invicem,
598 4393 652 4439 et
681 4400 789 4438 non
816 4385 1102 4439 detrahere
1125 4392 1220 4439 aut
1246 4400 1507 4440 accusare
1537 4385 1857 4439 alterutrum
1880 4402 1895 4452 ;

2024 538 2235 581 tuorum
2285 529 2616 582 conculcabit
2670 529 2714 563 ³³
2749 547 2805 583 os
2832 530 2990 585 suum
3013 573 3027 597 ,
3068 541 3117 584 et
3166 547 3325 601 super
3352 548 3616 586 sermones

2023 630 2138 674 tuos
2181 622 2539 675 admirabitur
2576 638 2597 678 :
2661 622 2961 679 Novissime
3012 634 3189 678 autem
3248 636 3501 694 pervertet
3557 639 3618 685 os

2019 729 2173 767 suum
2202 756 2217 777 ,
2244 724 2291 767 et
2327 714 2381 768 in
2412 714 2581 769 verbis
2604 717 2709 770 tuis
2746 715 2893 771 dabit
2941 718 3275 773 scandalum.
3310 718 3489 774 Multa
3517 737 3616 774 au-

2019 805 2128 857 diri
2160 804 2225 869 ³³,
2254 815 2302 858 et
2332 821 2437 858 non
2471 805 2740 877 cothnavi
2775 807 2858 871 ei,
2888 815 2938 860 et
2982 807 3238 861 Dominus
3271 811 3410 864 odiet
3438 810 3614 865 illum.

2021 894 2127 960 Qui
2152 897 2201 948 in
2233 895 2402 948 altum
2429 897 2594 950 mittit
2621 897 2853 965 lapidem
2875 935 2890 960 ,
2920 914 3076 966 super
3100 908 3255 968 caput
3282 900 3395 968 ejus
3418 902 3568 953 cadet
3596 923 3613 967 ,-

2017 997 2065 1040 et
2095 987 2254 1057 plaga
2283 986 2502 1055 dolosa,
2526 988 2697 1041 dolosi
2726 989 2920 1041 dividet
2950 989 3186 1042 vulnera.
3225 990 3328 1055 Qui
3355 991 3491 1058 fodit
3521 989 3607 1060 fo-

2017 1094 2163 1132 veam
2186 1119 2200 1143 ,
2228 1079 2429 1131 incidet
2479 1078 2534 1131 in
2568 1078 2715 1131 illaut
2740 1094 2759 1142 ;
2782 1089 2830 1131 et
2863 1082 2952 1149 qui
2982 1082 3173 1132 statuit
3208 1080 3439 1148 lapidem
3483 1098 3608 1149 pro-

2015 1173 2182 1238 mimo,
2218 1170 2442 1240 offendet
2467 1172 2521 1223 in
2551 1187 2654 1235 eo;
2685 1181 2734 1224 et
2764 1172 2855 1241 qui
2886 1171 3130 1241 laqueum
3159 1171 3255 1223 alii
3289 1174 3461 1239 ponit,
3493 1190 3613 1241 per-

2015 1263 2114 1315 ibit
2158 1263 2212 1316 in
2248 1261 2363 1316 illo.
2416 1261 2662 1315 Facienti
2697 1261 2976 1315 consilium
3010 1264 3418 1331 ncquissimum,
3455 1280 3610 1332 super

2014 1356 2185 1422 ipsum
2214 1354 2545 1418 devolvetur;
2579 1363 2628 1409 et
2660 1369 2762 1407 non
2793 1363 3036 1424 agnoscet
3065 1354 3201 1406 unde
3236 1354 3474 1408 adveniet
3502 1355 3606 1411 illi.

2015 1443 2208 1498 lllusio
2238 1454 2291 1497 et
2311 1444 2688 1512 improperium
2719 1441 3083 1511 superborum,
3111 1454 3157 1495 et
3188 1443 3442 1507 vindicta,
3470 1445 3608 1498 sicut

2012 1537 2091 1591 leo
2120 1537 2468 1591 insidiabitur
2490 1535 2619 1589 illis.
2656 1534 2867 1605 Laqueo
2904 1535 3181 1605 peribant,
3217 1538 3307 1605 qui
3342 1536 3609 1590 oblectan-

2014 1636 2101 1681 tur
2129 1645 2255 1683 casu
2278 1626 2590 1697 justorum;
2622 1627 2776 1681 dolor
2799 1635 2973 1680 autem
3005 1637 3273 1681 consumet
3303 1629 3426 1684 illos
3453 1641 3606 1683 ante-

2010 1737 2169 1791 quam
2219 1721 2539 1773 moriantur.
2589 1717 2685 1772 Ira
2712 1730 2757 1773 et
2808 1720 2978 1788 furor,
3021 1730 3242 1788 utraque
3260 1722 3605 1776 exsecrabilia

2011 1823 2130 1867 sunt
2154 1828 2172 1876 ;
2200 1824 2247 1868 et
2286 1813 2366 1866 vir
2381 1824 2644 1882 peccator,
2671 1815 2941 1868 continens
2969 1817 3067 1869 erit
3090 1818 3304 1870 illorum
3331 1816 3464 1870 “4".
3500 1817 3611 1882 Qui

2010 1902 2270 1957 vindicari
2306 1902 2452 1967 vult,
2490 1920 2521 1955 a
2553 1902 2663 1956 Deo
2700 1904 2921 1957 inveniet
2954 1905 3277 1969 vindictam;
3304 1916 3352 1960 et
3391 1920 3605 1975 peccata

2011 1999 2157 2051 illius
2184 2014 2420 2060 servans,
2453 1999 2703 2053 servabit.
2728 1998 2978 2069 Relinque
3009 2001 3250 2068 proximo
3281 2010 3368 2053 tuo
3396 2004 3600 2055 nocenti

2012 2098 2094 2155 te,
2127 2100 2175 2142 et
2220 2100 2341 2142 tunc
2387 2090 2688 2159 deprecanti
2730 2090 2826 2142 tibi
2856 2101 3068 2159 peccata
3097 2092 3378 2147 solventur.
3431 2093 3601 2146 ΙΙοηιο

2009 2180 2206 2233 homini
2236 2189 2461 2233 reservat
2492 2180 2649 2243 iram,
2680 2191 2727 2234 et
2775 2198 2808 2234 a
2844 2181 2953 2234 Deo
2975 2183 3163 2251 quaerit
3202 2184 3454 2237 medelam
3480 2187 3504 2241 .7
3534 2184 3601 2238 In

2008 2269 2265 2323 hominem
2310 2270 2412 2323 sibi
2451 2269 2681 2323 similent
2725 2286 2826 2322 non
2864 2271 3017 2323 habet
3054 2273 3475 2327 misericordiam
3503 2316 3519 2339 ,
3549 2286 3601 2329 et

2008 2360 2071 2413 de
2091 2361 2319 2429 peccatis
2341 2361 2451 2413 suis
2479 2361 2793 2429 deprecatur
2840 2362 3174 2415 Altissimum
3197 2365 3222 2417 .’
3254 2363 3377 2434 Ipse
3410 2406 3425 2432 ,
3472 2367 3598 2420 dum

2007 2469 2132 2506 caro
2154 2453 2255 2516 sit,
2284 2461 2511 2506 reservat
2543 2468 2680 2504 iram
2713 2461 2764 2505 et
2794 2454 3224 2521 propitiationem
3246 2458 3426 2525 petita
3454 2456 3602 2512 Deo?

2010 2544 2143 2611 Quis
2163 2546 2402 2598 exorabit
2431 2559 2525 2613 pro
2550 2544 2756 2597 delictis
2782 2544 2932 2597 illius
2951 2545 2978 2598 ?
3003 2544 3267 2599 Memento
3287 2550 3599 2602 novissimo-

2008 2652 2124 2689 rum
2147 2674 2164 2702 ,
2211 2643 2261 2687 et
2294 2634 2472 2687 desine
2506 2634 2795 2688 inimicari.
2848 2632 3114 2689 Tabitudo
3149 2638 3326 2702 enim,
3366 2651 3413 2690 et
3457 2655 3598 2692 mors

2007 2728 2281 2782 imminent
2310 2728 2366 2781 in
2396 2727 2665 2781 mandatis
2692 2726 2827 2796 ejus.
2868 2726 3162 2782 Memorare
3190 2729 3431 2782 timorem
3467 2730 3596 2796 Dei,

2006 2830 2055 2873 et
2088 2835 2190 2872 non
2234 2819 2490 2873 irascaris
2527 2821 2789 2887 proximo.
2830 2818 3124 2874 Memorare
3170 2830 3468 2877 testamenti
3502 2823 3599 2876 Αι.

2008 2914 2236 2981 tissimi,
2265 2923 2315 2968 et
2356 2912 2562 2982 despice
2595 2912 2955 2982 ignorantiam
2999 2914 3251 2981 proximi.
3299 2914 3519 2966 Abstine
3550 2925 3598 2967 te

2007 3024 2040 3062 a
2072 3007 2186 3071 lite,
2216 3015 2266 3062 et
2299 3007 2500 3061 minu‘es
2526 3015 2760 3074 peccata.
2814 3003 2988 3058 Homo
3017 3005 3157 3058 enim
3197 3006 3478 3060 :racundus
3510 3008 3595 3060 in-

2008 3100 2182 3155 cendit
2217 3098 2399 3166 litem,
2424 3107 2474 3152 et
2513 3098 2593 3152 vir
2634 3106 2880 3167 peccator
2913 3096 3148 3150 turbabit
3192 3098 3389 3152 amicos
3409 3138 3424 3160 ,
3455 3108 3504 3152 et
3539 3101 3595 3152 in

2011 3188 2183 3242 medio
2220 3203 2402 3257 pacem
2445 3186 2748 3240 habentium
2793 3186 3041 3240 immittet
3086 3186 3444 3241 inimicitiam.
3498 3187 3594 3243 Se-

2009 3282 2238 3337 cundum
2287 3280 2426 3335 enim
2459 3280 2606 3350 ligna
2650 3279 2831 3346 silvae,
2872 3279 2951 3332 sic
2986 3278 3121 3348 ignis
3157 3281 3500 3346 exardescet;
3542 3291 3594 3335 ct

2005 3373 2291 3429 secundum
2313 3373 2559 3426 virtutem
2588 3371 2815 3424 hominis
2837 3412 2850 3436 ,
2888 3371 3168 3427 iracundia
3196 3374 3342 3428 illius
3377 3375 3477 3427 erit
3496 3414 3510 3439 ,
3542 3384 3592 3427 et

2006 3466 2294 3521 secundum
2331 3464 2687 3520 substantiam
2733 3481 2888 3519 suam
2933 3467 3190 3522 exaltabit
3235 3469 3370 3521 iram
3414 3484 3590 3524 suam.

2007 3558 2283 3616 Certamen
2314 3558 2624 3627 festinatum
2653 3558 2891 3610 iacendet
2925 3558 3127 3627 ignem,
3164 3567 3214 3611 et
3237 3558 3302 3610 lis
3333 3558 3591 3626 festinans

2003 3651 2233 3721 effundet
2276 3650 2624 3720 sanguinem,
2673 3659 2721 3703 et
2782 3648 2965 3720 lingua
3024 3650 3315 3716 testiﬁcans
3368 3650 3591 3703 adducet

2004 3751 2249 3795 mortem.
2278 3737 2338 3794 Si
2360 3739 2648 3809 sufflaveris
2677 3739 2731 3792 in
2765 3739 3073 3805 scintillam,
3098 3742 3251 3811 quasi
3278 3742 3414 3812 ignis
3435 3757 3591 3796 eatur-

2003 3831 2182 3897 debit;
2224 3841 2273 3887 et
2309 3833 2357 3888 si
2392 3833 2661 3901 exspueris
2709 3848 2865 3902 super
2893 3832 3073 3895 illam,
3118 3835 3500 3904 exstinguetur,
3539 3843 3589 3887 et

2002 3930 2224 3992 utraque
2257 3937 2323 3976 etc
2355 3938 2442 3976 ore
2484 3921 2918 3991 proﬁciscuntur.
2955 3920 3187 3976 Susurro
3214 3933 3263 3976 et
3303 3922 3588 3993 bilinguis,

2004 4012 2316 4066 maledictus
2339 4028 2357 4078 ;
2405 4012 2602 4068 multos
2643 4012 2782 4066 enim
2819 4011 3051 4065 turbavit
3090 4029 3268 4079 pacem
3318 4012 3586 4067 habentes.

2002 4104 2211 4176 Lingua
2243 4105 2400 4158 tertia
2437 4103 2629 4157 multos
2661 4104 2973 4168 commovit,
3001 4113 3049 4157 et
3089 4104 3335 4173 dispersit
3371 4104 3492 4158 illas
3523 4105 3587 4158 de

2000 4205 2149 4266 gente
2201 4195 2257 4247 in
2307 4204 2529 4264 gentem.
2585 4192 2836 4248 Civitates
2897 4200 3136 4245 muratos
3209 4193 3431 4247 divitum
3494 4195 3587 4248 dc-

2005 4286 2230 4349 strnxit,
2266 4297 2313 4339 et
2353 4286 2537 4340 domos
2572 4296 2942 4355 magnatorum
2978 4284 3183 4354 effodit.
3224 4284 3453 4341 Virtutes
3490 4305 3587 4357 po-

1999 4375 2243 4445 pulorum
2276 4376 2537 4439 concidit,
2574 4384 2624 4429 et
2650 4385 2827 4446 gentes
2865 4375 3029 4445 fortes
3074 4376 3336 4434 dissolvit.
3375 4376 3583 4449 Lingua

302 4476 577 4544 εει-ξριυω
606 4485 691 4531 εει
712 4476 857 4530 enim
885 4492 899 4528 ε
932 4476 1106 4547 Dilige
1132 4477 1455 4544 proximum,
1503 4487 1551 4530 ει
1586 4476 1897 4546 conjungere
1929 4484 1972 4540 ι)
2002 4467 2157 4520 tertia
2189 4466 2430 4521 mulieres
2460 4467 2661 4520 viratas
2684 4465 2834 4534 ejecit
2854 4508 2869 4533 ,
2897 4476 2944 4519 et
2980 4467 3203 4536 privavit
3235 4466 3357 4521 illas
3382 4467 3581 4523 labori-

300 4570 411 4637 fide
447 4568 496 4600 “
527 4584 646 4621 cum
674 4568 790 4622 illo.
814 4567 969 4634 Quod
1000 4571 1044 4622 si
1073 4568 1418 4623 denudaveris
1443 4568 1697 4622 absconsa
1727 4567 1894 4634 illius,

302 4676 409 4713 non
435 4660 761 4729 persequeris
789 4668 904 4729 post
930 4675 1069 4713 eum.
1105 4658 1257 4713 Sicut
1287 4660 1425 4712 enim
1448 4659 1581 4713 hono
1605 4660 1696 4729 qui
1723 4659 1895 4729 perdit

302 4753 545 4806 amicum
572 4768 749 4816 suum,
773 4753 849 4806 sic
869 4753 960 4823 qui
985 4753 1158 4821 perdit
1187 4752 1484 4807 amicitiam
1512 4753 1742 4822 proximi
1764 4754 1849 4807 sui
1875 4766 1893 4806 :

301 4857 353 4897 et
390 4844 532 4896 sicut
561 4844 653 4913 qui
685 4842 909 4896 dimittit
945 4858 1088 4897 avem
1123 4844 1187 4896 de
1219 4859 1381 4896 manu
1417 4860 1549 4908 sua,
1577 4844 1654 4898 sic
1682 4845 1773 4914 qui
1802 4844 1894 4897 de-

302 4937 574 5006 reliquisti
613 4937 914 5006 proximum
945 4944 1126 5002 tuum,
1158 4945 1208 4991 et
1248 4952 1350 4989 non
1385 4952 1503 4990 eum
1538 4936 1733 5005 capies.
1769 4932 1895 4988 Non

298 5026 461 5079 illum
494 5025 734 5095 sequaris
772 5025 1025 5095 quoniam
1078 5025 1229 5095 longe
1276 5025 1443 5080 abest.
1500 5023 1700 5094 Effugit
1754 5025 1893 5077 enim

294 5116 458 5184 quasi
481 5133 672 5185 caprea
695 5116 758 5171 de
782 5117 967 5187 laqueo
985 5158 999 5183 ,
1034 5116 1281 5187 quatiam
1307 5115 1578 5169 vulnerata
1606 5123 1683 5169 est
1711 5114 1891 5168 anima

293 5207 438 5278 ejus.
483 5204 641 5261 Ultra
679 5223 795 5260 eum
820 5224 923 5261 non
958 5207 1155 5277 poteris
1195 5205 1482 5276 colligare,
1521 5213 1571 5258 et
1614 5203 1891 5258 maledicti

291 5308 376 5354 est
410 5299 771 5353 concordatio.
810 5298 1086 5353 Denutlare
1109 5308 1284 5351 autem
1305 5298 1465 5351 amici
1487 5296 1737 5366 mysteria
1759 5337 1774 5358 ,
1798 5295 1889 5348 de—

290 5390 533 5455 speratio
559 5401 633 5444 est
666 5389 862 5461 anima:
889 5388 1137 5458 infelicis.
1183 5390 1432 5442 Annaeus
1468 5386 1622 5441 oculo
1656 5385 1885 5456 fabricat

366 5528 410 5559 ⁸⁷
454 5526 652 5579 identc
721 5524 809 5585 48,
859 5540 925 5580 ex
972 5525 1170 5579 Aniani
1231 5526 1459 5594 interpr.
1491 5521 1545 5576 in
1575 5531 1752 5594 const.
1782 5520 1870 5583 il,
1901 5519 2146 5594 ejusdem
2196 5516 2357 5594 tituli,

652 5596 696 5627 ³³
749 5594 1120 5650 Cod.Theod.
1173 5595 1267 5649 lib.
1328 5592 1400 5659 tv,
1458 5595 1542 5647 tit.
1580 5592 1665 5655 16,
1716 5592 1977 5653 const.2,
2102 5592 2149 5620 "
2211 5592 2495 5663 consiliua
2541 5592 2583 5614 "
2628 5602 2689 5639 co

675 5666 719 5696 ³³
748 5663 905 5721 Cant.
940 5682 1014 5729 vt,
1041 5665 1096 5720 8.
1171 5665 1217 5696 ³³
1257 5662 1428 5718 Exed.
1469 5679 1662 5729 XXXIII,
1691 5661 1782 5715 21.
1862 5661 1905 5691 ³³
1947 5661 2006 5714 S.
2041 5658 2202 5729 Greg.
2231 5673 2318 5727 cp.
2347 5656 2415 5729 Egi
2462 5654 2583 5729 libri
2616 5670 2689 5729 vn

290 5599 396 5653 lib.
459 5612 530 5648 Iv.

292 5683 456 5731 xvm,
483 5666 569 5720 l9.

292 5739 342 5770 ³⁸
371 5736 562 5791 Jacob.
602 5752 640 5797 ι,
670 5735 761 5789 20.

290 5824 446 5864 sun
468 5849 484 5876 ,
520 5806 687 5861 18-35

675 5666 719 5696 ³³
748 5663 905 5721 Cant.
940 5682 1014 5730 vt,
1041 5665 1096 5720 8.
1171 5665 1217 5696 ³⁵
1257 5662 1428 5718 Exed.
1469 5679 1662 5729 xxxnn,
1691 5661 1782 5715 2L

842 5735 887 5768 ³³
927 5735 1086 5806 Greg.
1119 5750 1205 5805 cp.
1238 5734 1339 5789 {28
1384 5734 1478 5788 lib.
1511 5749 1608 5787 vn.

1701 5731 1746 5761 ’⁵⁸
1785 5733 2055 5801 coniunge
2082 5731 2260 5785 fidem.

2000 4557 2096 4612 bus
2135 4558 2268 4614 suis.
2315 4558 2421 4623 Qui
2455 4558 2667 4627 respicit
2708 4556 2895 4623 illam,
2938 4574 3041 4623 non
3080 4558 3289 4613 habebit
3314 4562 3578 4631 requiem,

1999 4666 2090 4705 nec
2110 4648 2317 4705 habebit
2347 4651 2575 4704 amicum
2606 4651 2662 4704 in
2690 4668 2794 4723 quo
2825 4652 3135 4722 requiescat.
3159 4650 3393 4723 Flagelli
3421 4654 3578 4725 plaga

1997 4742 2210 4797 livorem
2249 4742 2421 4812 facit:
2446 4741 2605 4813 plaga
2643 4753 2819 4797 autem
2851 4744 3049 4813 lingua:
3082 4746 3400 4800 comminuet
3437 4763 3576 4801 ossa.

1997 4833 2158 4889 Multi
2181 4834 2479 4888 ceciderunt
2514 4835 2569 4889 in
2591 4850 2679 4889 ore
2701 4834 2888 4906 gladii,
2921 4836 3011 4891 sed
3041 4853 3143 4891 non
3197 4838 3275 4890 sic
3318 4841 3576 4908 quomodo

1993 4926 2084 4995 qui
2107 4925 2416 4979 interierunt
2436 4941 2527 4995 per
2552 4925 2791 4997 linguam
2822 4942 2995 4980 suam.
3022 4925 3253 4995 Beatus,
3292 4929 3383 4997 qui
3410 4937 3574 4980 tectus

1993 5029 2072 5074 est
2103 5037 2135 5074 a
2170 5020 2354 5091 lingua
2399 5037 2659 5091 nequam,
2692 5022 2784 5091 qui
2822 5023 2875 5075 in
2918 5022 3252 5075 iracundiam
3289 5022 3433 5075 illius
3473 5039 3574 5075 non

1997 5110 2239 5165 transivit
2259 5151 2275 5178 ,
2308 5119 2358 5166 et
2384 5111 2476 5180 qui
2500 5127 2603 5165 non
2627 5113 2854 5165 attraxit
2885 5111 3070 5182 jugum
3099 5111 3245 5180 ejus,
3275 5121 3322 5165 et
3351 5111 3577 5163 vinculis

1993 5200 2106 5269 ejus
2137 5216 2240 5253 non
2269 5209 2347 5253 est
2385 5201 2602 5270 ligatus.
2632 5198 2831 5270 Jugum
2871 5201 3012 5253 enim
3036 5199 3183 5253 illius
3203 5236 3219 5263 ,
3249 5199 3440 5268 jugum
3466 5199 3577 5268 fer-

1994 5308 2141 5346 reum
2174 5301 2253 5346 est
2285 5309 2303 5347 :
2343 5299 2392 5346 et
2420 5290 2683 5345 vinculum
2720 5290 2898 5359 illius,
2938 5291 3201 5344 vinculum
3240 5305 3433 5343 cereum
3472 5300 3568 5344 est.

1994 5383 2141 5439 Mors
2172 5383 2507 5449 illius,mors
2538 5382 2898 5453 nequissima;
2925 5391 2973 5434 et
3011 5380 3158 5433 utilis
3195 5379 3370 5448 potius
3399 5380 3571 5451 infer-

2465 5515 2511 5547 ³⁸
2547 5514 2683 5569 Adr.
2707 5515 2831 5569 coll.
2864 5530 2915 5580 c,
2944 5513 3032 5567 2i.
3063 5514 3122 5566 In
3153 5513 3356 5568 decret.
3387 5513 3563 5575 lvon..

2541 5585 2583 5614 "
2628 5601 2783 5639 conc.
2809 5586 2927 5637 Tol.
2965 5599 3078 5643 vnt,
3109 5599 3159 5637 c.
3192 5583 3246 5639 2.
3334 5585 3377 5617 ³³
3402 5584 3567 5638 Prov.

2802 5654 2847 5685 ³³
2881 5653 2986 5708 labi
3018 5669 3133 5706 eos.

2900 5725 2943 5756 “
2983 5723 3152 5778 odivi.

2102 5589 2149 5620 ³ο
2211 5586 2464 5643 consilio.
2541 5586 2583 5614 "
2628 5601 2783 5639 conc.
2809 5586 2927 5637 Tol.
2965 5599 3078 5643 vnt,
3109 5599 3159 5637 c.
3192 5586 3246 5639 2.
3334 5586 3377 5617 ³³
3402 5586 3442 5637 Ρ

2102 5675 2202 5706 ma-
2231 5673 2318 5706 en.
2347 5656 2415 5706 54
2462 5654 2583 5706 libri
2616 5670 2710 5706 vn.
2802 5654 2847 5685 ³³
2881 5653 2986 5706 labi
3018 5669 3133 5706 eos.
3262 5654 3306 5684 ³⁷
3346 5653 3400 5706 In
3434 5654 3446 5706 i

3370 5671 3400 5706 η
3434 5669 3564 5706 ιηιο.

2362 5726 2406 5755 ⁸³
2447 5724 2811 5779 condulcabit.
2900 5725 2943 5756 “
2983 5723 3152 5778 odivi.
3244 5723 3362 5755 ⁸³·ἰδ
3398 5723 3560 5777 Eccli.
