4034 6374
425 310 527 366 199

1573 301 1629 356 S.
1675 299 1952 356 FABIANI
1995 301 2206 356 PAPrE
2238 299 2558 357 DECRETA

3595 299 3701 352 200

424 448 544 497 nus,
575 446 732 500 quam
765 427 882 482 illa.
921 427 1324 482 Perseverantia
1357 426 1504 480 illius
1535 441 1633 478 non
1665 425 2014 495 permanebit,
2048 435 2092 488 Α
2119 433 2169 478 et
2208 433 2520 494 potestates,
2569 422 2818 477 adversus
2862 421 3044 475 mundi
3089 430 3308 475 rectores
3369 422 3702 474 tenebrarum

425 521 513 575 sed
544 519 793 574 obtinebit
828 521 939 573 vias
983 505 1325 587 injustorum.
1378 515 1443 570 In
1491 516 1712 584 ﬂamma
1760 532 1858 568 sua
1904 531 2007 568 non

427 613 692 666 comburet
732 612 930 681 justos.
971 610 1073 675 Qui
1114 609 1485 678 derelinquunt
1529 608 1848 674 Dominum,
1874 606 2010 661 inci-

427 705 549 759 dent
579 705 632 757 in
657 703 806 756 illam
831 719 849 766 ;
873 712 921 756 et
944 701 1244 755 exardescet
1269 701 1322 754 in
1348 699 1479 765 illis,
1510 708 1559 753 et
1589 716 1692 752 non
1718 700 2012 768 exstingue-

433 806 520 870 tur
541 811 560 860 ;
583 804 632 848 et
663 796 975 848 immittetur
1001 794 1054 845 in
1081 793 1202 845 illos
1237 793 1393 863 quasi
1419 792 1520 855 lea,
1553 800 1602 846 et
1633 792 1789 861 quasi
1811 790 2010 860 pardus

432 888 588 944 lazdet
616 886 758 940 illos.
794 885 915 954 Sepi
943 900 1096 938 aures
1129 894 1250 938 tuas
1269 884 1433 946 spinis
1452 923 1467 947 ,
1490 893 1538 936 et
1571 884 1678 937 noli
1703 883 1889 936 audire
1910 883 2013 936 lin-

431 999 589 1053 guam
619 995 877 1050 nequam,
900 987 947 1031 et
984 978 1065 1029 ori
1099 987 1188 1031 tuo
1220 977 1385 1046 facito
1417 977 1587 1041 ostia,
1610 986 1658 1029 et
1692 991 1835 1029 seras
1866 975 2016 1028 auri-

435 1071 529 1126 bus
573 1073 696 1124 tuis.
732 1071 935 1122 Aurum
970 1079 1118 1122 tuum
1149 1075 1198 1120 et
1238 1075 1514 1135 argentum
1545 1074 1693 1116 tuum
1727 1064 1900 1131 conﬂa
1924 1102 1940 1128 ,
1967 1070 2017 1115 et

434 1165 600 1219 verbis
626 1165 730 1216 tuis
760 1163 921 1231 facito
959 1171 1238 1224 stateram,
1279 1169 1328 1213 et
1372 1159 1547 1227 frenos
1586 1157 1666 1209 ori
1695 1167 1785 1209 tuo
1825 1164 2015 1208 rectos.

435 1258 505 1312 Et
533 1257 766 1321 attende,
790 1272 852 1308 ne
876 1255 1011 1323 forte
1042 1252 1242 1306 labaris
1265 1252 1316 1304 in
1350 1249 1532 1320 lingua
1559 1258 1671 1312 tua,
1695 1257 1745 1300 et
1773 1246 1938 1300 cadas
1961 1245 2017 1297 in

437 1362 713 1422 conspectu
744 1349 1082 1402 inimicorum
1119 1345 1489 1400 insidiantium
1528 1343 1653 1406 tibi,
1676 1350 1724 1395 et
1762 1341 1832 1394 sit
1865 1355 2020 1393 casus

438 1457 559 1500 tuus
597 1443 915 1499 insanabilis
946 1444 1004 1496 in
1036 1451 1254 1495 mortem
1283 1439 1350 1490 ”.
1385 1436 1493 1492 Ista
1534 1442 1763 1491 caveant
1792 1447 2019 1495 omnes,

435 1551 482 1593 et
522 1538 792 1592 cohibeant
831 1536 1071 1606 linguam
1098 1549 1250 1587 suam
1285 1548 1317 1585 a
1358 1529 1533 1594 malo,
1565 1538 1615 1583 et
1659 1526 1804 1582 labia
1843 1539 2024 1580 eorum

435 1648 501 1686 ne
541 1629 826 1700 loquantur
857 1626 1038 1680 dolum
1062 1625 1126 1680 “.
1160 1623 1232 1678 De
1263 1631 1452 1677 cwtero
1475 1661 1490 1686 ,
1516 1617 1828 1675 charissimi
1851 1656 1866 1682 ,
1895 1632 2023 1670 con-

440 1720 718 1791 fortamini
753 1719 807 1773 in
832 1717 1077 1784 Domino,
1107 1725 1155 1769 et
1189 1716 1243 1768 in
1279 1713 1512 1784 potentia
1539 1711 1752 1766 virtutis
1775 1709 1908 1778 ejus.
1938 1705 2025 1764 In-

2111 515 2332 579 harum,
2385 524 2570 568 contra
2628 512 2936 582 spiritualia
2990 514 3230 582 nequitia:
3284 511 3338 564 in
3383 508 3696 563 celestibus.

2112 605 2398 676 Propterea
2442 607 2663 675 accipite
2694 616 3030 659 armaturam
3071 605 3201 668 Dei,
3234 612 3290 656 ut
3324 601 3543 671 possitis
3578 600 3706 652 resi-

2113 707 2247 752 stere
2281 699 2335 752 in
2363 698 2446 751 die
2481 698 2625 750 malo
2646 737 2661 760 ,
2686 705 2736 750 et
2765 697 2819 750 in
2851 696 3092 750 omnibus
3117 695 3333 764 perfecti
3356 702 3517 747 stare.
3551 689 3702 744 State

2112 807 2232 861 ergo
2253 789 2509 843 succincti
2529 788 2734 842 lumbos
2765 797 2963 842 vestros
2985 787 3040 840 in
3061 787 3313 851 veritate,
3345 792 3394 836 et
3417 782 3589 836 induti
3617 781 3698 833 lo-

2115 885 2284 936 ricam
2323 883 2588 953 justitiae,
2636 892 2687 936 et
2738 880 2960 934 calceati
3010 879 3164 949 pedes
3206 878 3261 930 in
3312 875 3702 946 praeparatione

2121 974 2397 1046 Evangelii
2425 975 2595 1044 pacis,
2616 975 2674 1027 in
2694 973 2939 1027 omnibus
2967 981 3229 1025 sumentes
3255 979 3460 1022 scutum
3481 968 3603 1036 [idei
3639 967 3696 1018 in

2116 1085 2216 1138 quo
2241 1067 2454 1138 possitis
2485 1066 2664 1120 omnia
2692 1065 2798 1120 tela
2831 1064 3135 1135 nequissimi
3162 1064 3313 1133 ignea
3349 1062 3698 1130 exstinguere.

2121 1159 2189 1213 Et
2213 1159 2417 1230 galeam
2440 1158 2632 1213 salutis
2653 1158 2930 1224 assumite,
2957 1166 3007 1211 et
3031 1155 3269 1228 gladium
3293 1155 3540 1223 spiritus,
3563 1151 3702 1222 quod

2119 1263 2196 1307 est
2221 1251 2430 1306 verbum
2458 1251 2556 1307 Dei
2579 1252 2648 1308 ".
2681 1250 2828 1316 Haec,
2856 1250 3046 1316 frater,
3079 1264 3202 1320 quae
3234 1248 3329 1302 tibi
3358 1246 3702 1316 scripsimus,

2121 1346 2445 1417 generaliter
2482 1345 2742 1402 omnibus
2768 1353 2896 1400 nota
2935 1344 3050 1400 fieri
3072 1343 3356 1408 volumus,
3381 1349 3440 1395 ut
3469 1355 3590 1409 quae
3618 1353 3705 1392 ce-

2124 1449 2272 1494 teros
2322 1445 2571 1509 tangunt,
2631 1436 2888 1493 omnibus
2953 1444 3080 1492 nota
3134 1435 3286 1489 flant.
3345 1431 3708 1502 Omnipotens

2123 1527 2269 1584 Deus
2297 1535 2350 1584 te
2369 1570 2384 1596 ,
2418 1526 2697 1604 fraternet
2725 1526 2966 1597 reliquos
2994 1524 3192 1580 fratres
3222 1534 3442 1579 nostros
3461 1563 3476 1588 ,
3503 1521 3707 1588 ubique

2126 1621 2524 1686 consistentes,
2563 1631 2809 1692 protegat
2851 1633 3024 1691 usque
3059 1617 3115 1673 in
3166 1617 3330 1672 linem
3357 1615 3424 1680 ⁵⁸,
3450 1613 3544 1685 qui
3567 1628 3707 1666 cun-

2129 1719 2278 1770 ctum
2303 1713 2566 1768 mundum
2589 1712 2844 1783 dignatus
2861 1720 2946 1766 est
2966 1710 3256 1772 redimere,
3275 1704 3436 1761 Jesus
3455 1705 3709 1760 Christus

439 1815 588 1868 daite
612 1828 721 1878 vos,
753 1821 1085 1864 armaturam
1121 1807 1212 1860 Dei
1234 1847 1248 1871 ,
1275 1815 1332 1859 ut
1355 1804 1568 1874 possitis
1599 1813 1744 1856 stare
1773 1803 2024 1855 adversus
2058 1787 2101 1842 Β
2130 1804 2396 1860 Dominus
2447 1814 2656 1870 noster,
2713 1802 2808 1873 qui
2831 1860 2843 1868 μ
2867 1810 2952 1856 εει
3006 1799 3325 1856 benedictus
3373 1797 3427 1850 in
3484 1794 3704 1850 saecula.

442 1906 668 1960 insidias
706 1905 949 1964 diaboli;
977 1902 1225 1972 quoniam
1265 1915 1366 1952 non
1410 1905 1487 1952 est
1531 1897 1679 1950 nobis
1720 1893 2026 1948 colluctatio

445 2001 692 2054 adversus
717 2014 927 2052 carnem
951 2006 998 2050 et
1021 1996 1349 2065 sanguinem,
1375 1993 1462 2047 sed
1487 1993 1734 2046 adversus
1765 1990 2024 2059 principes

549 2135 597 2166 "
651 2131 817 2185 Eccli.
850 2147 1051 2191 xxvm,
1096 2129 1247 2184 1-50.
1354 2129 1398 2159 ⁸⁸
1441 2125 1584 2181 Psal.
1623 2142 1821 2186 χχχιιι,
1855 2129 1940 2177 Η.

453 2204 496 2236 ⁸⁸
522 2209 780 2258 mendosa
811 2201 1110 2256 adnotatio.

2038 2125 2080 2154 "
2125 2122 2322 2195 Ephes.
2373 2139 2462 2181 vt.
2493 2122 2679 2177 IO-l7.

2122 1895 2319 1951 Amen.
2372 1895 2502 1949 Data
2558 1893 3060 1962 decimoseptimo
3119 1888 3346 1944 Kalend.
3409 1883 3705 1940 Novembr.

2122 1987 2382 2044 Africano
2409 1997 2464 2043 et
2492 1986 2655 2042 Decio
2678 1987 2723 2017 “’
2756 1986 2890 2040 viris
2919 1981 3241 2039 clarissimis
3270 1977 3614 2036 consulibus.

2786 2121 2831 2153 ⁵³
2866 2119 2925 2175 S.
2960 2119 3123 2190 Greg.
3173 2133 3296 2188 ep.,
3335 2115 3425 2175 54.
3477 2113 3573 2167 lib.
3610 2127 3707 2163 vn.

461 2337 3662 2376 Μ.-

769 2509 1034 2568 Decreta
1066 2507 1125 2566 S.
1167 2500 1427 2564 Fabiani
1474 2517 1549 2560 ex
1605 2500 1876 2561 Decreto
1905 2493 2194 2557 Gratiani
2221 2493 2589 2570 desumpta,
2635 2506 2753 2552 nec
2793 2486 3121 2567 prioribus
3154 2486 3418 2547 inserta.

355 2816 367 2830 ·
452 2797 494 2852 1.
523 2793 721 2850 Inediis
748 2801 1039 2847 macerctur
1058 2792 1327 2844 acerrimis
1356 2793 1445 2859 qui
1483 2791 1642 2859 fratri
1668 2807 1762 2844 suo
1789 2793 2015 2846 reconci-

1025 2861 1150 2914 liari
1178 2879 1280 2914 non
1304 2865 1434 2914 vult.

458 2976 632 3046 (Dist.
663 2973 752 3040 90,
779 2972 838 3028 Si
865 2973 980 3044 quis
1002 2975 1344 3027 contristatus
1367 2991 1385 3038 ;
1410 2973 1572 3028 Basil.
1594 2975 1645 3026 in
1666 2971 1816 3042 Reg.,
1842 2988 1890 3027 c.
1917 2972 2024 3041 74.)

532 3065 591 3121 Si
641 3065 764 3136 quis
790 3066 1147 3119 contristatus
1193 3064 1431 3117 noluerit
1485 3063 1828 3117 reconciliari
1874 3060 2027 3116 fratri

2133 2801 2246 2844 suae
2310 2777 2778 2851 consanguineis,
2844 2783 2970 2846 post
3034 2781 3265 2827 mortem
3331 2785 3445 2825 sua:
3495 2770 3706 2824 uxoris.

2382 2896 2464 2951 Ad
2492 2894 2706 2948 titulum
2737 2890 3040 2944 immediate
3068 2886 3458 2956 prwscriptum.

2277 2988 2527 3061 (Eodem
2581 3002 2727 3056 cap.,
2781 3000 2848 3038 ex
2900 2981 3090 3036 eodem
3148 2977 3569 3047 Ptenitentiali.)

2207 3081 2309 3148 Qui
2364 3080 2726 3150 prepinquan:
2775 3075 3059 3143 sanguinis
3124 3087 3350 3125 uxorem
3402 3069 3610 3124 ducunt
3659 3075 3716 3120 et

457 3174 579 3226 suo,
631 3157 1000 3213 satisfaciente
1043 3172 1109 3211 eo
1163 3156 1257 3226 qui
1315 3155 1691 3222 contristavit,
1746 3153 2025 3210 acerrimis

2133 3181 2477 3242 separantur,
2502 3185 2607 3223 non
2639 3167 2824 3221 licebit
2853 3166 2956 3229 eis,
2987 3165 3228 3234 quandiu
3255 3162 3469 3232 utrique
3502 3161 3713 3224 vivunt,

457 3250 1001 3313 macereturinetliis,
1022 3265 1196 3318 usque
1233 3247 1362 3302 dum
1386 3246 1622 3316 gratanti
1655 3245 1839 3300 animo
1871 3245 2031 3301 satis—

456 3343 749 3400 factionem
791 3343 1038 3412 recipiat.

511 3459 581 3514 ΙΙ.
623 3458 854 3529 Infamia
877 3459 1093 3527 efﬁcitur
1116 3457 1205 3526 qui
1227 3456 1395 3510 sciens
1424 3455 1658 3525 pejerare
1681 3457 1976 3511 artesumit.

461 3568 549 3640 (6,
587 3586 643 3639 q.
677 3571 727 3634 1,
761 3566 1067 3638 Quicunque
1112 3568 1315 3640 sciens;
1341 3565 1550 3638 chino
1597 3582 1664 3621 ex
1708 3567 1806 3621 lib.
1846 3567 2030 3621 Pumi-

1112 3637 1379 3706 tentiali.)

530 3730 857 3799 Quicunque
913 3728 1090 3784 sciens
1144 3743 1202 3784 se
1263 3729 1619 3798 pejeraverit,
1673 3727 2032 3798 quadraginta

459 3823 576 3876 dies
606 3823 656 3875 in
682 3837 822 3891 pane
851 3829 903 3873 et
937 3835 1077 3889 aqua
1100 3857 1115 3882 ,
1167 3828 1220 3872 et
1261 3826 1468 3887 septem
1521 3828 1810 3887 sequentes
1858 3834 2034 3872 annos

460 3915 753 3984 pmnitcat;
786 3921 840 3966 et
870 3927 1150 3980 nunquam
1177 3911 1249 3965 sit
1278 3911 1396 3963 sine
1423 3909 1774 3979 paenitentia;
1812 3917 1864 3963 et
1894 3926 2034 3962 ttttlt-

461 4021 624 4076 quam
672 4005 726 4058 in
781 4003 1155 4058 testimonium
1217 4003 1545 4072 recipiatur;
1591 4001 2032 4056 communionem

464 4109 642 4154 tamen
677 4105 799 4168 post
825 4097 930 4150 hoc
959 4094 1224 4165 percipiat

463 4211 546 4265 III.
576 4211 835 4265 Furiosus
859 4220 907 4264 et
933 4208 1137 4281 furiosa
1187 4208 1584 4262 matrimonium
1609 4209 1911 4262 contrahere
1935 4223 2033 4259 non

1124 4288 1364 4351 possunt.

463 4392 595 4462 (32,-
613 4408 668 4462 q.
706 4391 762 4458 7,
794 4388 974 4462 Neque
1010 4391 1262 4462 furiosus.
1298 4390 1363 4444 Et
1398 4393 1450 4444 in
1486 4390 1686 4462 Derret.
1716 4390 1824 4446 Ivo.
1847 4389 2030 4446 Iib.vt.

811 4461 981 4514 Ali'ett
1014 4461 1218 4530 liegino
1254 4479 1321 4515 ex
1351 4463 1465 4531 lege
1495 4461 1684 4530 Rulli.)

533 4548 720 4619 Neque
783 4549 1064 4616 furiosus,
1123 4567 1299 4620 neque
1364 4551 1572 4605 furiosa
1622 4552 2033 4606 matrimonium

465 4641 786 4694 contrahere
818 4650 1066 4710 posmnt.
1095 4639 1198 4695 Sed
1241 4641 1286 4695 si
1331 4652 1667 4696 contractum
1710 4642 1892 4709 fuerit,
1927 4658 2033 4696 non

465 4741 783 4800 separentur

467 4844 554 4899 IV.
590 4845 775 4925 Afﬁnes
814 4846 867 4898 in
908 4857 1093 4925 quinta
1137 4849 1470 4925 generatione
1513 4850 1754 4919 copulari
1787 4859 2034 4920 possunt,

553 4927 600 4968 et
627 4918 679 4968 in
712 4925 925 4985 quarta,
951 4917 996 4969 si
1014 4918 1210 4984 fuerint
1240 4919 1453 4986 inventi,
1476 4917 1584 4974 non
1611 4917 1942 4991 separentur.

465 5024 583 5093 (55,
625 5041 680 5094 q.
707 5024 742 5078 2
771 5036 824 5080 et
852 5026 906 5091 5,
953 5025 1024 5080 De
1061 5030 1388 5100 prouinquis.
1418 5031 1514 5088 Est
1556 5049 1621 5088 ex
1669 5033 2036 5089 Pmnitentiali

1076 5099 1370 5155 Theodori.
1392 5103 1410 5172 )

534 5212 606 5268 De
637 5215 982 5285 propinquis,
1008 5215 1102 5285 qui
1147 5215 1212 5270 ad
1268 5216 1586 5272 allinitazem
1635 5233 1729 5286 per
1781 5219 1954 5271 virum
1987 5228 2039 5273 et

463 5321 689 5360 uxorem
724 5308 970 5371 veniunt,
995 5307 1252 5362 defuncta
1282 5325 1455 5364 uxore
1479 5310 1562 5363 vel
1588 5309 1724 5374 viro,
1762 5311 1814 5364 in
1849 5313 2036 5380 quinta

463 5399 813 5468 generatione
861 5401 1305 5472 conjungantur;
1348 5403 1402 5456 in
1451 5411 1677 5472 quarta,
1732 5403 1778 5460 si
1832 5405 2036 5460 inventi

467 5487 693 5553 fuerint,
746 5505 855 5544 non
901 5485 1246 5561 separentur.
1301 5494 1356 5548 In
1387 5499 1545 5550 tertia
1598 5505 1776 5552 tamen
1817 5501 2039 5570 propin-

464 5579 670 5649 quitate
723 5595 833 5634 non
892 5581 1018 5637 licet
1068 5599 1292 5639 uxorem
1353 5587 1577 5644 alterius
1618 5589 1865 5660 accipere
1919 5601 2040 5662 post

463 5671 674 5726 obitum
712 5672 852 5741 ejus.
891 5672 1198 5742 Equaliter
1231 5676 1314 5730 vir
1345 5677 1712 5750 coniungatur
1757 5683 1808 5736 in
1851 5684 2042 5737 matri-

465 5764 650 5820 monio
677 5766 791 5833 eis,
827 5782 947 5838 qua:
987 5769 1089 5824 sibi
1126 5773 1544 5841 consanguineae
1583 5780 1733 5840 sunt,
1765 5783 1819 5831 et
1848 5777 2039 5832 uxoris

2133 3263 2269 3315 alias
2307 3273 2508 3313 uxores
2555 3256 2659 3311 sibi
2704 3255 2760 3309 in
2809 3254 3071 3326 coniugio
3103 3253 3349 3316 sociare,
3401 3252 3508 3306 nisi
3561 3252 3715 3322 igno-

2135 3351 2310 3406 rantia
2341 3357 2698 3405 excusentur.

2136 3461 2199 3516 γ.
2241 3462 2634 3532 Consanguinei
2673 3471 2917 3523 tantum,
2954 3459 3053 3522 vel,
3103 3460 3148 3512 si
3187 3461 3456 3532 progenies
3505 3461 3710 3528 deiecit,

2204 3534 2412 3602 antiqui
2439 3531 2488 3587 et
2518 3548 2744 3595 veraces,
2776 3532 3221 3600 propinquitatem
3255 3531 3307 3582 in
3347 3532 3545 3598 synodo
3571 3546 3715 3582 com-

2203 3614 2404 3673 patent.

2137 3697 2248 3764 ('55,
2272 3714 2326 3768 q.
2353 3696 2406 3762 6,
2439 3693 3288 3833 Consangui'neosrqftranqorum.
3319 3692 3383 3747 Et
3419 3692 3471 3746 in
3504 3692 3715 3747 Decret.

2750 3780 2835 3818 vo.
2885 3781 2897 3818 ι
2944 3804 2956 3815 .
2984 3779 3084 3817 vn.

2750 3780 2835 3818 νο.
2864 3779 2956 3818 Ill).
2984 3779 3084 3817 VII.

2205 3856 2658 3927 Consanguincos
2707 3869 3096 3910 extraneorum
3134 3855 3318 3909 nullus
3362 3863 3604 3919 accuset,
3633 3855 3718 3909 vel

2136 3951 2672 4019 consanguinitatem
2707 3949 2760 4002 in
2793 3947 3005 4017 synodo
3040 3954 3340 4015 computet,
3372 3946 3464 4000 sed
3496 3946 3718 4015 propiu-

2136 4042 2252 4111 qui,
2285 4042 2351 4094 ad
2382 4055 2619 4110 quorum
2665 4039 2914 4093 notitiam
2947 4038 3202 4107 pertinet,
3236 4037 3287 4090 id
3318 4045 3422 4102 est,
3468 4047 3621 4106 pater
3665 4045 3720 4090 et

2138 4143 2332 4195 mater,
2361 4145 2521 4186 soror
2564 4140 2619 4184 et
2655 4129 2842 4194 frater,
2876 4139 3128 4199 patruus,
3162 4130 3491 4194 avunculus,
3525 4129 3714 4192 amita,

2138 4232 2449 4283 matertera,
2479 4232 2533 4276 et
2561 4237 2751 4276 eorum
2782 4221 3108 4290 procreatio.
3137 4220 3194 4274 Si
3222 4231 3401 4275 autem
3429 4223 3718 4290 progenies

2138 4321 2253 4368 tota
2287 4313 2580 4376 defecerit,
2625 4315 2695 4367 ab
2749 4313 3159 4383 antiquioribus
3233 4322 3287 4367 et
3345 4313 3718 4367 veracioribus

2137 4406 2340 4474 quibus
2360 4404 2547 4458 eadem
2580 4405 2962 4474 propinquitas
2993 4414 3120 4459 nota
3148 4413 3251 4471 est,
3287 4405 3579 4473 episcopus
3623 4422 3721 4458 ca-

2070 4506 2112 4560 D
2143 4499 2335 4552 nOnice
2362 4499 2639 4567 perquirat
2664 4513 2677 4546 :
2703 4509 2757 4552 ct
2789 4499 2834 4552 si
2868 4499 3082 4552 inventa
3117 4499 3279 4553 fuerit
3310 4499 3715 4568 propinquitas,

2145 4603 2272 4657 sepa
2283 4598 2489 4642 rentur.

2231 4699 2317 4757 VI.
2364 4701 2463 4754 Ter
2491 4702 2545 4754 in
2569 4719 2706 4755 anno
2735 4703 2954 4773 quisque
2981 4704 3221 4772 ﬁdelium
3253 4704 3624 4757 communicet.

2141 4793 2250 4863 (De
2284 4810 2514 4848 consecr.
2565 4794 2695 4849 dist.
2728 4795 2965 4919 Quirini
3006 4813 3154 4935 )non.
3202 4795 3268 4851 Et
3306 4798 3360 4851 in
3401 4796 3558 4851 Decr.
3605 4795 3715 4853 Ivo.

2844 4884 2853 4918 I
2877 4885 2914 4921 ).
2947 4883 2984 4920 Ι.

2844 4883 2914 4921 ΙΙ).
2947 4883 2984 4920 Ι.

2213 4955 2330 5012 Etsi
2382 4971 2491 5012 non
2543 4956 2922 5028 frequentius,
2971 4960 3162 5014 saltem
3210 4959 3265 5014 in
3316 4975 3462 5014 anno
3490 4968 3572 5014 ter
3595 4960 3716 5015 laici

2141 5048 2392 5104 homines
2428 5050 2857 5117 communicent,
2913 5051 3016 5105 nisi
3076 5049 3218 5105 forte
3247 5053 3374 5122 quis
3418 5053 3720 5122 majoribus

2139 5138 2473 5208 quibuslibet
2545 5141 2872 5196 criminibus
2961 5141 3336 5210 impediatur,
3391 5143 3444 5196 in
3505 5142 3718 5200 Pascha

2146 5232 2418 5298 videlicet,
2435 5244 2492 5296 et
2511 5231 2853 5298 Pentecoste,
2883 5241 2937 5287 ct
2960 5230 3136 5286 Natali
3163 5232 3398 5288 Domini.

2262 5342 2373 5400 VII.
2411 5345 2549 5400 Ante
2579 5362 2746 5399 annos
2779 5343 2850 5399 '50
2878 5344 3148 5415 presbyter
3171 5363 3272 5400 non
3297 5348 3592 5402 ordinetur.

2143 5431 2313 5502 (Dist.
2349 5433 2436 5501 78,
2469 5434 2691 5506 Siquis,
2722 5435 2821 5500 ’ὀος
2854 5446 2906 5490 et
2933 5437 2986 5490 in
3030 5436 3183 5492 Decr.
3227 5440 3342 5492 lvo.
3385 5439 3478 5493 lib.
3514 5455 3609 5506 tn;
3653 5455 3718 5493 cx

2510 5505 2744 5560 Martino
2776 5505 3028 5574 Bracar.,
3061 5523 3182 5577 Cap.
3207 5508 3336 5578 ΞΟ.)

2214 5595 2270 5650 Si
2315 5597 2460 5668 'quis
2531 5597 2755 5668 triginta
2812 5600 2989 5655 aetatis
3065 5615 3180 5656 sua:
3243 5616 3353 5655 non
3415 5601 3723 5672 impleverit

2142 5704 2337 5754 annos,
2391 5689 2541 5745 nullo
2592 5691 2756 5746 modo
2807 5692 3092 5764 presbyter
3138 5693 3449 5758 ordinetur,
3506 5695 3720 5750 etiamsi

2143 5779 2300 5834 valde
2357 5781 2426 5836 sit
2461 5781 2690 5853 dignus;
2745 5783 2874 5854 quia
2913 5792 2968 5839 et
3019 5784 3134 5854 ipse
3184 5783 3452 5840 Dominus
3498 5785 3722 5857 triginta
