4034 6386
256 377 355 433 201

825 380 883 435 S.
926 378 1345 435 ALEXANDER
1386 375 1749 433 lllEROSOL.
1792 375 2008 431 EPISC.
2052 373 2138 429 ΕΤ
2178 350 2497 430 MARTYR.
2524 404 2589 413 ——
2629 369 2933 426 NOTITIA.

3416 370 3521 424 202

254 509 535 549 annorum
592 495 897 563 baptizatus
940 509 1051 566 est,
1095 509 1148 554 et
1184 505 1263 555 sic
1303 498 1466 569 saepit
1496 499 1706 553 docere.
1760 494 1876 550 Non
1937 505 2149 565 oportet
2193 509 2354 565 ergo,
2403 495 2496 562 qui
2541 491 2876 547 ordinandus
2921 500 3023 554 est,
3064 504 3235 561 usque
3272 487 3337 542 ad
3380 489 3524 543 lianc

252 599 471 645 etatem
494 589 794 659 legitimam
829 593 1161 647 consecrari.

285 847 601 929 Ejusdem
635 849 891 911 decreta
928 865 1002 908 ex
1042 848 1270 909 Codice
1299 850 1710 908 Decretorum
1744 844 2066 986 sexdecim
2096 840 2435 910 librorum,
2479 835 2650 899 libro‘
2674 835 2925 915 quinto,
2964 836 3166 916 capite
3206 839 3483 918 septimo

1747 941 1781 985 e
1841 938 2037 985 nono.

1747 938 1809 985 Θῐ
1841 938 2037 985 nono.

290 1050 332 1105 l.
370 1047 440 1104 Ut
467 1048 669 1103 oblatio
692 1047 880 1104 altaris
903 1046 1127 1117 singulis
1153 1046 1333 1099 diebus
1358 1044 1650 1097 Dominicis
1682 1044 1798 1112 fiat.
1865 1046 1913 1104 Α
2005 1036 2074 1093 Ut
2122 993 2390 1107 presbyOter
2430 1035 2743 1117 illitteratus
2793 1038 3012 1117 missam
3054 1037 3316 1093 celebrare
3359 1056 3465 1094 non

327 1163 724 1230 Decernimus,
771 1169 834 1216 ut
888 1161 945 1216 in
995 1160 1250 1216 omnibus
1297 1158 1597 1215 Dominicis
1644 1157 1839 1213 diebus

247 1257 453 1314 altaris
503 1255 707 1311 oblatio
771 1253 842 1309 ab
896 1253 1152 1309 omnibus
1204 1252 1338 1306 viris
1404 1260 1458 1305 et
1520 1248 1839 1304 mulieribus

246 1349 375 1413 ﬁat,
394 1361 505 1403 tam
530 1347 686 1417 panis
715 1361 881 1416 quam
915 1345 1049 1412 vini,
1078 1354 1134 1399 ut
1174 1360 1270 1414 per
1305 1345 1405 1399 has
1437 1341 1839 1397 immolationes

245 1454 286 1494 α
309 1447 663 1510 peccatorum
697 1452 921 1493 suorum
953 1436 1195 1492 fascibus
1232 1435 1557 1491 liberentur.

2624 1105 2841 1159 audeat.

2016 1197 2358 1255 Sacrificium
2389 1211 2498 1252 non
2525 1204 2609 1251 est
2640 1196 3017 1266 accipiendum
3042 1198 3110 1254 de
3140 1214 3303 1254 manu
3335 1215 3520 1256 sacer-

1945 1292 2108 1360 dotis,
2147 1291 2242 1362 qui
2276 1289 2555 1345 orationes
2584 1288 2669 1342 vel
2696 1288 2939 1345 actiones
2969 1299 3024 1345 et
3054 1291 3294 1361 reliquas
3329 1291 3522 1346 obser-

1945 1384 2197 1439 vationes
2236 1383 2292 1436 in
2353 1380 2521 1435 missa
2577 1379 2879 1435 secundum
2927 1381 3090 1436 ritum
3139 1381 3364 1452 implere
3408 1395 3523 1437 non

1948 1484 2149 1547 potest.

250 1590 3496 1644 ψ

1560 1773 1639 1814 AN
1651 1772 1731 1814 ΝΟ
1774 1770 2004 1813 υοΜιΝι
2050 1770 2208 1813 CCLI.

1081 1914 1252 2090 S.
1382 1882 2707 2084 ALEXANDEB

455 2183 1718 2278 HIEROSOLYMITANUS
1791 2181 2451 2274 EPISCOPIUS
2525 2185 2676 2272 ET
2751 2183 3285 2273 MARTYll.

1546 2473 1832 2586 NOT
1866 2473 2163 2586 lTlA

1090 2693 1381 2757 (GALLAND.,
1411 2694 1642 2744 Veterum
1668 2694 1874 2742 Patrum
1910 2690 2160 2753 Bibliotlt.,
2190 2693 2251 2752 ll,
2283 2693 2504 2753 Proleg.,
2528 2707 2586 2754 p.
2621 2694 2793 2753 xxvu.)

246 2944 289 2999 l.
333 2944 639 3018 Alexander
668 2945 897 3018 primum
934 2945 989 2997 in
1033 2942 1370 3013 Cappadocia
1418 2946 1715 3017 episcopus,
1750 2964 2036 3018 quamnam
2059 2947 2354 3003 Ecclesium
2398 2950 2610 2998 rexerit.
2652 2946 2735 2997 Ad
2762 2947 2938 2997 sedem
2980 2944 3517 3015 Hierosolymitanam

321 3015 620 3069 translatus
650 3015 925 3068 divinitus.

242 3080 318 3138 ll.
360 3084 488 3137 Post
524 3086 772 3138 iteratam

809 3084 935 3155 ﬁdei
967 3084 1348 3155 confessionem
1377 3084 1657 3150 illustrem,
1686 3089 1764 3141 vir
1795 3088 1983 3141 decora
2010 3096 2272 3141 senectute
2305 3086 2617 3154 conspicuus
2649 3087 2701 3137 in
2739 3100 2997 3137 carcerem
3041 3094 3245 3155 martyr
3277 3086 3521 3139 occubuit

320 3172 464 3209 anno
499 3154 711 3224 Domini
738 3154 845 3209 252
868 3171 986 3207 cum
1020 3153 1314 3208 Ecclesium
1345 3154 1887 3224 Hierosolymitanum
1911 3159 2334 3211 administrasset
2358 3153 2513 3209 annis
2541 3156 2751 3208 circiter
2775 3155 2864 3207 40.

248 3223 343 3279 Ill.
394 3224 461 3278 In
493 3223 646 3278 lilia
696 3224 822 3277 urbe
867 3224 1249 3295 bibliothecam
1278 3225 1532 3295 insignem
1573 3223 1827 3281 instruxit
1870 3227 2189 3282 Alexander.
2242 3225 2427 3280 Varias
2451 3241 2670 3295 artaque
2696 3225 2911 3293 scripsit
2931 3224 3218 3293 epistolas:
3260 3226 3338 3295 ad
3366 3225 3520 3276 Ami-

320 3297 524 3357 ttoitas,
559 3295 630 3348 ad
672 3294 1073 3359 Amice/tenses,
1103 3294 1172 3347 ad
1215 3293 1514 3366 Origenem,
1540 3306 1589 3349 et
1625 3313 1722 3365 pro
1753 3297 1977 3367 Origene
2009 3306 2195 3351 contra
2228 3293 2576 3349 Demetrium.
2620 3293 2826 3348 Harum
2872 3295 3170 3365 fragmenta
3200 3309 3264 3349 ex
3293 3293 3519 3348 Eusebio

317 3368 653 3434 deprompta.

314 3483 692 3538 Alexandrum
757 3481 910 3551 prius
969 3481 1024 3534 in
1102 3480 1449 3551 Cappadocia
1514 3482 1831 3553 episcopum
1871 3489 1910 3542 Β
1942 3483 2215 3553 insignem
2256 3480 2587 3536 Christiana:
2632 3480 2753 3534 ﬁdei
2797 3479 3200 3535 confessionem
3245 3481 3312 3535 ad
3355 3497 3522 3550 supr;

242 3574 422 3630 fuisse
464 3572 777 3628 ordinatum
828 3572 1018 3626 scribit
1067 3569 1339 3627 Eusebius
1380 3572 1458 3643 (l)
1507 3573 1602 3642 qui
1649 3580 1828 3627 tamen

242 3668 403 3722 urbis
454 3668 511 3719 in
564 3679 675 3735 qua
728 3662 820 3717 ille
879 3664 1083 3719 sederit
1125 3678 1324 3718 nomen
1383 3665 1592 3720 reticet.
1648 3662 1832 3734 Neque

244 3759 409 3812 aliter
439 3755 810 3826 Hieronymus
840 3754 941 3825 (‘2).
992 3753 1266 3809 Flaviadis
1296 3754 1620 3825 episcopum
1662 3753 1832 3810 fuisse

242 3849 625 3903 Akxandrum
670 3855 922 3904 statuunt
949 3844 1205 3902 Valesius
1235 3857 1288 3902 et
1322 3844 1704 3902 Tillemontius
1729 3847 1829 3918 (5),

244 3956 311 3995 ex
358 3939 487 4010 jure
528 3938 1010 3995 Graeco-Romano
1041 3937 1156 4011 (4):
1217 3938 1378 4009 cujus
1424 3948 1608 3996 tamen
1650 3947 1833 3995 textus

242 4032 413 4087 verba
441 4033 518 4085 ita
550 4040 806 4101 corrupta
836 4030 1174 4086 existimavit
1206 4028 1600 4101 Wesselingius
1623 4030 1726 4101 (5),
1772 4041 1834 4086 ut

240 4124 350 4195 ipsi
379 4123 769 4194 ambigendum
800 4136 910 4177 non
943 4122 1214 4188 videatur,
1250 4122 1382 4191 quin
1431 4122 1535 4176 hac
1578 4121 1633 4175 in
1679 4131 1833 4190 parte

240 4231 356 4271 non
407 4216 480 4270 sit
508 4223 814 4284 peccatum.
848 4212 1139 4283 Utcunque
1175 4212 1279 4279 sit,
1317 4230 1336 4263 ‹
1370 4211 1630 4267 Antonini
1664 4210 1833 4267 Cara—

240 4308 402 4363 callze
442 4321 593 4361 anno
625 4304 682 4373 2,
715 4304 919 4359 Christi
960 4304 1125 4366 215,)
1173 4311 1234 4356 ut
1270 4302 1435 4357 habet
1466 4301 1735 4357 Eusebius
1775 4303 1829 4356 in

241 4398 515 4457 Chronico
547 4398 652 4471 (6),
696 4416 714 4449 ι
738 4397 1049 4453 Alexander
1090 4394 1400 4451 tricesimus
1432 4394 1661 4465 quintus
1703 4392 1831 4448 Hie-

241 4492 657 4563 rosolymorum
699 4489 991 4559 episcopus
1034 4487 1325 4542 ordinatur
1382 4487 1561 4541 adhuc
1619 4486 1833 4540 vivente

243 4582 531 4647 Narcisso,
566 4591 622 4637 et
653 4596 780 4637 cum
809 4595 876 4636 eo
906 4579 1110 4650 pariter
1134 4578 1435 4634 Ecclesiam
1470 4576 1661 4650 regit.»
1691 4575 1828 4630 Rem

243 4677 428 4735 fusius
480 4676 613 4731 alibi
653 4684 877 4731 enarrat
909 4675 1050 4729 idem
1100 4675 1390 4743 episcopus
1450 4672 1827 4731 Caesariensis.

248 4770 534 4834 «interea,
564 4768 742 4839 inquit
776 4766 890 4838 (7),
935 4782 1062 4822 cum
1096 4764 1334 4822 Severus
1366 4766 1556 4822 decem
1600 4775 1656 4821 et
1702 4776 1829 4820 octo

242 4863 408 4917 annis
451 4860 745 4930 imperium
785 4858 1078 4924 tenuisset,
1129 4856 1445 4912 Antoninus
1482 4854 1828 4926 (Caracalla)

242 4954 394 5009 ﬁlius
442 4952 631 5022 (ejus)
685 4951 741 5005 in
790 4950 911 5020 ejus
943 4949 1125 5004 locum
1180 4947 1467 5003 successit.
1517 4945 1636 5013 Qua
1685 4953 1826 5001 tem-

240 5055 458 5117 pestate
483 5043 814 5110 Alexander,
844 5056 990 5097 unus
1027 5056 1097 5096 ex
1122 5055 1314 5094 eorum
1357 5052 1590 5093 numero
1630 5037 1724 5108 qui
1768 5038 1824 5091 in

240 5136 633 5206 persecutione
676 5132 914 5206 (Severi)
960 5130 1174 5187 fortiter
1213 5137 1579 5195 certaverant,
1632 5138 1687 5184 et
1731 5129 1825 5198 qui

240 5240 365 5298 post
420 5229 659 5296 gloriosa
706 5226 1072 5282 confessionis
1116 5224 1414 5281 certamina
1456 5223 1642 5277 divina
1682 5221 1821 5277 Pro—

239 5320 487 5376 videntia
542 5318 762 5375 fuerant
811 5319 1106 5383 reservati,
1152 5332 1314 5387 quem
1358 5331 1461 5372 nos
1505 5314 1824 5386 Hierosoly—

239 5428 464 5468 morum
502 5414 820 5483 episcopum
865 5410 1036 5469 fuisse
1067 5409 1230 5483 paulo
1255 5418 1379 5464 ante
1411 5408 1719 5474 retulimus,
1754 5407 1825 5461 ob

311 5581 395 5653 (ᾖ)
437 5576 668 5653 Euseb.,
709 5570 1126 5653 libuerat-11m.
1155 5586 1232 5635 vt,
1257 5566 1467 5653 eam,“

316 5638 389 5705 ἐ’
438 5638 691 5730 Ηξθῐοηζ,
718 5642 797 5699 De
826 5644 924 5699 vir.
946 5642 1147 5697 illustr.
1179 5657 1300 5710 cap.
1326 5638 1444 5725 ’62.”

308 5654 396 5791 is;
438 5717 683 5791 '_l‘ill_em._,
715 5713 877 5770 Hem.
905 5723 1039 5791 tom:
1062 5710 1151 5777 lll,
1182 5708 1466 5791 pagznﬂo.

309 5727 393 5791 (5)
438 5727 682 5779 'l‘iuem.,
715 5727 877 5770 atem.
905 5727 1037 5769 tom.
1064 5727 1151 5777 tu,
1182 5727 1306 5835 pag.
1338 5727 1466 5764 uo.

430 5779 1369 5922 $iob2gil.lliﬁ?§.ca%5..
1392 5848 1481 5916 1'5,
1522 5860 1681 5920 pagg.
1713 5844 1814 5903 106

335 5846 395 5934 ὅ)
437 5858 702 5922 Wessel.,
746 5846 1022 5909 Probabil.
1050 5846 1191 5918 ἰὡς
1223 5864 1348 5920 cap.
1392 5848 1481 5916 1'5,
1522 5860 1681 5920 pagg.
1713 5846 1816 5903 106

446 5956 725 6017 ΡΑτιιοι..
758 5952 876 6014 Gn.
912 5952 996 6012 Χ.

1940 3574 2145 3629 dictum
2195 3573 2574 3643 episcopatum
2622 3582 2909 3643 promotus
2951 3580 3070 3639 est,
3127 3572 3384 3630 Narcisso
3426 3574 3522 3643 qui

1938 3668 2091 3734 prius
2126 3668 2199 3723 ibi
2241 3666 2418 3722 fuerat
2465 3667 2779 3737 episcopus,
2828 3666 3008 3721 adhuc
3043 3667 3364 3735 superstite.
3396 3686 3416 3717 ι
3456 3666 3523 3721 Et

1939 3760 2102 3827 paulo
2136 3767 2261 3828 post
2294 3757 2370 3830 (8)
2410 3777 2424 3812 :
2474 3778 2492 3809 ι
2526 3758 2728 3813 Verum
2781 3773 2907 3813 cum
2948 3766 3171 3827 propter
3220 3752 3519 3813 ’extremam

1936 3863 2268 3909 senectutem
2327 3852 2695 3908 ministerium
2755 3865 2917 3905 suum
2967 3851 3121 3906 obire
3157 3849 3520 3920 (Narcissus)

1937 3946 2172 4016 amplius
2227 3960 2337 3999 non
2388 3952 2608 4013 posset,
2658 3958 2822 4012 supra
2882 3942 3088 3997 dictum
3147 3941 3520 3997 Alexandrum

1947 4038 2171 4093 alterius
2205 4035 2465 4091 Ecclesiae
2485 4034 2803 4105 episcopum
2828 4033 3014 4088 divina
3049 4033 3383 4102 dispensatio
3424 4047 3521 4102 per

1938 4129 2324 4185 revelationem
2365 4126 2660 4197 quamdam
2705 4140 2828 4195 qua:
2860 4124 2939 4177 illi
2986 4124 3042 4178 in
3086 4124 3297 4178 somnis
3346 4138 3518 4193 appa-

1936 4229 2144 4282 ruerat,
2181 4218 2248 4274 ad
2270 4216 2706 4288 participandum
2744 4230 2871 4270 cum
2910 4213 3170 4269 Narcisso
3218 4215 3519 4270 sacerdotis

1937 4309 2173 4365 ofﬁcium
2195 4308 2463 4365 evocavit.
2480 4306 2595 4361 Hac
2616 4306 2783 4377 igitur
2804 4305 3015 4361 visione
3036 4314 3297 4375 tanquam
3329 4305 3519 4361 divino

1935 4401 2251 4457 admonitus
2290 4400 2516 4456 oraculo
2544 4396 2869 4463 Alexander,
2897 4412 3020 4452 cum
3054 4412 3123 4452 ex
3166 4396 3515 4466 Cappadocia

1935 4492 1991 4546 in
2021 4507 2130 4562 qua
2155 4492 2395 4561 primum
2436 4489 2730 4560 episcopus
2762 4486 2940 4542 fuerat
2963 4488 3250 4542 ordinatus
3270 4527 3285 4551 ,
3320 4484 3515 4542 Hiero-

1933 4585 2143 4656 solyma
2176 4581 2458 4653 profectus
2495 4581 2711 4649 fuisset,
2747 4590 2861 4636 tum
2886 4581 3101 4647 orandi,
3135 4581 3517 4637 tumlocorum

1933 4676 2285 4732 visendorum
2327 4674 2538 4744 gratia,
2588 4672 2788 4728 fratres
2818 4672 2966 4729 illius
2999 4672 3265 4728 Ecclesia:
3314 4672 3514 4729 huma-

1934 4767 2162 4822 nissime
2188 4781 2312 4821 eum
2338 4764 2691 4835 excipientes,
2709 4764 2907 4820 reverti
2926 4764 3169 4834 posthaec
3194 4764 3249 4819 in
3279 4764 3514 4833 patriam

1939 4875 2049 4915 non
2083 4859 2352 4924 siverunt,
2378 4876 2397 4909 ι
2430 4866 2536 4913 etc.

2007 4952 2074 5006 ll.
2115 4949 2404 5005 Nonnullis
2432 4947 2652 5004 demum
2700 4947 3001 5018 interjectis
3041 4947 3157 5001 haec
3184 4945 3367 5002 subdit
3397 4948 3509 5018 (9):

1941 5064 1960 5096 ι
1989 5044 2045 5098 ln
2085 5043 2374 5099 Palaestina
2413 5053 2596 5097 autem
2644 5040 2953 5095 Alexander
3005 5037 3510 5109 Hierosolymorum

1933 5137 2244 5207 episcopus,
2290 5150 2486 5191 rursus
2546 5134 2773 5204 propter
2813 5131 3092 5187 Christum
3146 5131 3213 5186 ad
3257 5129 3511 5200 praesidis

1931 5227 2173 5283 tribunal
2199 5226 2489 5295 adductus,
2515 5242 2641 5283 cum
2663 5241 2732 5280 ex
2762 5223 3001 5280 secunda
3023 5224 3125 5278 hac
3158 5221 3511 5279 confessione

1929 5321 2065 5390 (sub
2091 5318 2329 5386 Decio),
2369 5333 2626 5390 magnam
2656 5316 2883 5389 gloriam
2914 5314 3211 5381 retulisset,
3243 5312 3512 5370 Caesareas

1928 5413 1984 5467 in
2039 5425 2313 5467 carcerem
2367 5411 2650 5481 conjectus
2698 5416 2783 5464 est
2815 5426 2828 5460 :
2868 5407 2951 5460 vir
2989 5406 3190 5461 decora
3228 5412 3512 5462 senectute

1929 5581 2081 5699 saw).
2118 5632 2343 5699 Euseb.,
2372 5630 2568 5687 Chron.
2593 5626 2661 5685 ad
2689 5646 2816 5685 ann.
2841 5645 3184 5685 uuccxxvm.

2112 5704 2213 5776 l_d.,
2248 5702 2549 5776 Hist._eccl.
2575 5703 2667 5776 Iib_.
2694 5717 2771 5776 vi,
2803 5716 2924 5770 cap.
2957 5699 3009 5755 8.

2017 5710 2071 5776 7)
2113 5710 2213 5771 ld.,
2248 5710 2396 5757 Hist.
2420 5710 2549 5784 eccl.
2575 5710 2667 5755 lib.
2698 5717 2771 5781 \ll,
2803 5716 2924 5770 cap.
2957 5710 3009 5755 δ.

1994 5710 2073 5917 ζ8ζ
2112 5770 2337 5854 Euseb.,
2368 5771 2515 5827 Hist.
2541 5770 2669 5870 egcl.
2694 5770 2789 5826 lib.
2815 5785 2893 5839 vr,
2926 5786 3047 5842 cap.
3074 5770 3161 5825 il.

2017 5844 2051 5899 9
2111 5842 2215 5913 ld.,
2246 5844 2379 5917 Ibid.
2408 5858 2528 5914 cap.
2569 5842 2659 5897 09.

2018 5778 2073 5915 8)
2112 5778 2337 5854 Euseb.,
2368 5778 2515 5827 Hist.
2541 5778 2659 5826 eccl.

2017 5844 2051 5899 9
2111 5842 2215 5913 ld.,
2246 5844 2379 5927 Ibid.
2408 5858 2528 5914 cap.
2569 5842 2659 5897 59.

2446 5946 2453 5955 ’
3139 5935 3185 5999 7
