4034 6384
476 323 584 376 205

1239 321 1296 374 S.
1338 319 1733 374 ALEXANDRI
1777 319 2138 374 lllEROSOI..
2183 318 2395 374 EPISC.
2441 318 2527 374 ET
2567 317 2924 373 MARTYRIS

3622 317 3695 370 21)
3707 318 3730 371 ί

477 459 534 496 et
584 441 890 495 veneranda
949 442 1145 496 canitie
1190 443 1542 512 conspicuus.
1595 441 1698 508 Qui
1751 459 1874 496 cum
1932 454 2054 512 post
2085 456 2130 509 Α
2161 442 2350 506 stolas,
2397 443 2490 512 qui
2521 457 2584 497 ea
2622 449 2941 512 tempestate
2978 439 3174 496 litteris
3210 439 3536 494 excellentes
3573 435 3736 492 liore-

479 532 800 602 praeclaratn
854 542 1016 602 atque
1061 532 1324 588 illustrem
1383 533 1710 590 Christianae
1758 535 1880 589 fidei
1920 549 2054 589 con-

479 623 774 680 fessionem
809 627 861 704 in
918 624 1208 694 praesidiali
1253 625 1460 694 judicio
1502 627 1704 680 editam
1739 628 1952 682 tandem
2003 629 2058 683 in

477 719 726 774 custodia
777 719 1018 773 animam
1075 719 1418 783 exhalasset,
1466 717 1790 775 Mazabanes
1841 721 1894 774 in
1939 720 2060 790 ejus

477 809 658 864 locum
685 810 972 878 episcopus
997 808 1502 881 Hierosolymorum
1534 812 1880 867 renuntiatus
1905 822 2008 867 est.
2033 831 2052 864 ι

478 899 752 957 Hactenus
781 901 1072 956 Eusebius.
1128 901 1202 958 De
1249 904 1515 974 martyrio
1547 903 1719 972 ipsius
1767 902 2059 960 Alexandri

479 995 668 1049 eadem
731 993 898 1049 refert
944 993 1240 1066 Dionysius
1287 995 1693 1051 Alexandrinus
1727 977 1808 1050 ad
1854 997 2032 1052 Corne

477 1087 612 1142 lium
652 1088 869 1157 papam
925 1088 1213 1144 scribens:
1269 1107 1288 1140 ι
1328 1087 1523 1156 Quod,
1571 1089 1748 1159 inquit
1793 1088 1942 1160 (l0),
1991 1089 2057 1143 ad

477 1176 850 1231 Alexandrum
902 1185 1143 1246 spectat,
1201 1178 1248 1232 is
1319 1179 1374 1232 in
1435 1194 1712 1234 carcerem
1776 1180 2058 1250 coniectus

473 1267 635 1322 beato
688 1268 836 1322 exitu
895 1266 1192 1325 defunctus
1247 1277 1364 1335 est,
1413 1288 1431 1321 ι
1497 1269 1768 1340 μακάριος
1814 1270 2054 1324 ἀνεπαύ-

473 1375 640 1425 σατο;
683 1359 796 1414 sive
831 1369 890 1414 ut
939 1358 1304 1433 Hieronymus
1345 1361 1480 1430 (11),
1527 1381 1547 1414 ι
1592 1363 1857 1434 martyrio
1899 1377 2058 1418 coro-

474 1459 656 1503 natur.
686 1469 704 1502 ι
742 1448 988 1505 Pretiosa
1020 1451 1141 1522 ejus
1187 1468 1335 1507 mors
1374 1453 1730 1523 consignatur
1762 1468 1909 1509 anno
1954 1452 2058 1508 Do-

475 1542 608 1596 mini
638 1542 746 1597 252
779 1543 833 1596 in
882 1542 1142 1598 Chronico
1177 1542 1486 1600 Eusebiano
1526 1545 1677 1615 (12):
1719 1554 1780 1600 ut
1828 1547 2056 1615 proinde

475 1631 1031 1704 Ilierosolynitanam
1091 1633 1395 1690 Ecclesiam
1441 1636 1840 1692 administrarit
1893 1637 2053 1692 annis

471 1726 690 1781 circiter
718 1726 807 1780 40.

544 1817 631 1871 lll.
665 1817 871 1872 Pietate
903 1834 966 1872 ac
995 1818 1244 1874 doctrina
1283 1829 1548 1889 praestans
1575 1821 1878 1874 Alexander
1911 1820 2051 1874 inter

480 1920 674 1966 caetera
700 1911 1004 1966 clarissima
1031 1922 1380 1966 monumenta
1410 1912 1644 1967 nobilem
1669 1912 2049 1968 bibliothecam

473 2003 530 2057 in
574 2001 716 2058 Ailia
765 2005 918 2067 urbe,
960 2017 1123 2073 quam
1157 2006 1406 2075 regebat,
1439 2003 1744 2067 exstruxit,
1800 2005 1853 2057 in
1885 2017 2048 2073 quam

474 2095 774 2164 praesertim
813 2095 1088 2166 congessit
1127 2095 1369 2149 virorum
1406 2095 1903 2150 ecclesiasticarum
1930 2095 2049 2165 epi-

2163 535 2294 592 bant
2323 554 2336 590 :
2375 550 2498 604 quae
2524 533 2745 605 quidem
2768 533 3100 589 bibliotheca
3133 531 3452 588 Diocletiani
3481 531 3736 586 incendio

2161 625 2305 681 haud
2330 624 2696 697 conflagrasse
2754 627 3122 695 comperitur,
3171 633 3232 678 ut
3276 623 3509 679 advertit
3559 622 3734 678 Baro-

2160 717 2452 789 nius(l3):
2481 731 2608 772 nam
2641 725 2873 772 testatur
2894 715 3165 772 Eusebius
3187 715 3301 788 (M)
3331 715 3399 770 ad
3429 730 3528 772 sua
3557 729 3734 786 usque

2160 821 2406 882 tempora
2455 811 2722 882 integram
2775 811 2954 866 adhuc
2998 810 3360 882 perdurasse.
3410 819 3575 880 atque
3608 807 3734 865 inde

2162 901 2496 956 uberrimam
2546 900 2830 956 materiam
2882 901 2949 956 ad
2999 916 3154 955 suam
3211 898 3504 955 Historiam
3554 899 3731 954 eccle-

2158 993 2440 1051 siasticam
2489 995 2880 1050 contexendam
2921 1009 2979 1051 se
3014 994 3300 1064 collegisse
3350 1002 3505 1064 grato
3545 993 3732 1048 animo

2159 1086 2461 1158 profitetur.

2242 1178 2426 1249 Neque
2477 1193 2607 1234 vero
2640 1179 2756 1234 suis
2801 1177 2963 1233 etiam
3009 1178 3228 1248 scriptis
3261 1177 3559 1233 Eeclesiam
3607 1175 3732 1231 illu-

2155 1279 2333 1327 strare
2388 1271 2595 1326 destitit
2632 1271 2955 1324 Alexander.
3003 1270 3226 1340 Aliquot
3273 1269 3419 1326 enim
3467 1268 3729 1339 epistolas

2157 1361 2378 1432 scripsit
2403 1362 2470 1416 ad
2505 1361 2834 1424 Antinoitas,
2867 1377 2930 1416 ex
2959 1377 3189 1430 quarum
3219 1377 3326 1414 una
3361 1359 3727 1431 fragmentum

2155 1458 2391 1512 reeitant
2448 1455 2718 1511 Eusebius
2771 1454 2881 1526 (l5)
2943 1466 3106 1525 atque
3174 1452 3537 1525 Hieronymus
3589 1451 3723 1523 (16).

2159 1567 2179 1601 ι
2209 1548 2439 1618 Scripsit
2470 1557 2524 1602 et
2552 1547 2714 1602 aliam
2744 1549 2810 1602 ad
2837 1548 3238 1603 Antiochenses
3266 1561 3364 1616 per
3386 1545 3726 1603 Clementem

2152 1637 2532 1708 presbyterum
2555 1636 2919 1701 Alexandriae,
2957 1657 2976 1689 ι
3007 1637 3136 1691 dum
3170 1637 3388 1690 vinctus
3417 1635 3470 1689 in
3506 1650 3729 1690 carcere

2149 1727 2486 1783 detineretur
2515 1747 2528 1782 :
2581 1747 2597 1780 I
2631 1743 2865 1782 necnon
2901 1727 2971 1783 ad
3006 1726 3291 1799 Origenem
3316 1769 3330 1790 ,
3376 1736 3428 1781 et
3462 1742 3559 1796 pro
3604 1727 3728 1782 Ori-

2156 1834 2292 1888 gene
2330 1831 2520 1874 contra
2563 1817 2932 1885 Demetrium;
2971 1841 2990 1871 ι
3037 1821 3199 1873 verba
3250 1828 3379 1874 sunt
3411 1817 3727 1890 Hieronymi

2157 1911 2195 1965 ι.
2228 1927 2278 1967 c.
2312 1909 2516 1966 Harum
2558 1911 2913 1982 epistularum
2949 1910 3276 1982 fragmenta,
3319 1919 3480 1981 prout
3511 1917 3730 1965 exstant

2158 2003 2299 2073 apud
2327 2002 2620 2059 Eusebium
2652 2003 2789 2070 (l7),
2816 2019 2942 2058 cum
2977 2004 3124 2059 notis
3148 2003 3217 2059 cl.
3245 2000 3446 2058 Valesii
3479 2017 3582 2057 suo
3604 2001 3728 2057 loco

2159 2095 2214 2148 in
2250 2095 2487 2150 medium
2513 2095 2864 2150 adduximus.

1446 2447 1589 2558 S.
1665 2447 2768 2561 ALEXANDBI

870 2661 1150 2722 Primum
1180 2660 1649 2741 Cappadocum,
1683 2659 1921 2723 deinde
1954 2658 2523 2739 Hierosolymitani
2561 2661 2849 2737 e;)iSCOpi
2875 2670 2936 2723 et
2969 2664 3289 2743 martyris,

1269 2839 1988 2930 FRAGMENTA
2061 2785 2950 2956 EPI'STOLARUM.

1006 3224 1008 3226 ν
1073 3153 1317 3224 Epistola
1353 3154 1420 3206 ad
1454 3153 1847 3206 Antiochenses.
1883 3152 2038 3222 Apud
2065 3150 2353 3205 Eusebium
2388 3149 2531 3204 Hist.
2561 3151 2686 3204 sccl.
2713 3150 2805 3204 lib.
2836 3166 2912 3218 vr,
2943 3169 3058 3219 cap.
3094 3153 3177 3206 11.

539 3275 863 3352 Alexander,
913 3289 1106 3329 servus
1156 3273 1249 3327 Dei
1281 3283 1336 3328 et
1385 3274 1599 3329 vinetus
1642 3271 1772 3329 Jesu
1821 3271 2046 3340 Christi,
2083 3280 2123 3336 Β

468 3369 797 3424 beatissimm
839 3365 1292 3421 Antiochensium
1320 3366 1579 3421 Ecclesiae
1607 3367 1662 3420 in
1690 3365 1923 3421 Domino
1955 3381 2046 3420 sa-

468 3465 658 3516 lutem.
687 3460 948 3531 Expedita
975 3460 1108 3515 mihi
1139 3476 1204 3514 ac
1247 3459 1384 3514 levia
1430 3459 1646 3515 vincula
1696 3459 1840 3516 Deus
1868 3459 2046 3516 eﬂecit

469 3553 734 3608 custodia
778 3566 913 3606 mea:
950 3559 1212 3621 tempore,
1243 3561 1532 3621 postquam
1563 3553 1824 3622 comperi,
1854 3551 2042 3608 Ascle-

470 3645 685 3716 piadem
724 3644 903 3699 virum
942 3642 1067 3699 fidei
1105 3643 1302 3698 merito
1337 3643 1573 3699 maxime
1607 3644 1886 3710 idoneum,
1918 3658 2047 3698 san-

469 3737 730 3793 ctissimae
758 3735 1019 3792 Ecclesia:
1054 3745 1251 3791 vestrae
1271 3737 1647 3806 episcopatum
1692 3735 1877 3791 divina
1915 3749 2045 3805 pro-

467 3831 710 3886 videntia
744 3830 1077 3901 suscepisse.
1107 3829 1280 3885 Porro
1305 3830 1404 3885 has
1434 3830 1667 3896 litteras,
1693 3828 1901 3884 domini
1932 3827 2043 3883 fra-

469 3934 602 3985 tres,
634 3937 728 3990 per
772 3921 990 3976 beatum
1026 3919 1402 3990 presbyterum
1448 3919 1780 3974 Clementem
1829 3918 1897 3974 ad
1941 3934 2040 3975 vos

467 4015 614 4081 misi,
646 4015 828 4069 virum
872 4015 1070 4068 virtute
1102 4013 1386 4083 prmditum
1415 4022 1472 4067 et
1508 4012 1793 4082 probatum
1831 4029 1843 4064 :
1874 4025 2039 4080 quem

464 4118 564 4157 vos
595 4111 649 4156 et
680 4102 855 4156 nostis
877 4101 1014 4170 jam,
1042 4110 1097 4156 et
1124 4101 1359 4171 amplius
1388 4101 1750 4172 cognoscetis.
1785 4098 1886 4166 Qui
1916 4099 2040 4170 qui-

465 4195 587 4250 dem
633 4193 727 4249 Dei
779 4202 914 4250 nutu
957 4209 1023 4248 ae
1063 4193 1428 4262 providentia,
1458 4193 1587 4247 dum
1628 4193 1719 4246 hic
1747 4191 1892 4261 apud
1936 4205 2039 4246 nos

467 4300 706 4354 praesens
752 4293 918 4348 esset,
951 4283 1250 4340 Ecclesiam
1279 4282 1486 4339 Christi
1527 4293 1582 4338 et
1611 4283 1958 4339 confirmavit
1977 4291 2039 4338 et

469 4390 799 4448 magnopere
826 4378 997 4430 auxit.

542 4531 918 4658 (“)26Dionys.
941 4533 1115 4598 Δία..
1135 4532 1275 4603 apud
1297 4530 1496 4587 Euseb.
1521 4531 1664 4586 Hist.
1681 4532 1811 4588 eccl.
1833 4531 1930 4590 lib.
1961 4545 2036 4594 vr,

542 4620 589 4658 ι).
693 4644 706 4658 .

469 4618 589 4658 (‘30.
617 4618 706 4658 415.

603 4620 940 4740 1")0llieron"
963 4672 1036 4743 De
1060 4673 1158 4727 vir.
1190 4671 1413 4736 illium,
1445 4687 1566 4740 cap.
1594 4671 1683 4726 62.

566 4743 654 4813 12)
694 4743 920 4808 Euseb.,
948 4742 1145 4797 Chron.
1179 4745 1244 4796 ad
1279 4758 1406 4813 ann.
1445 4757 1752 4799 luscum.

570 4811 653 4880 15)
693 4813 917 4878 Baron.,
950 4815 1016 4867 ad
1045 4830 1172 4867 ann.
1203 4813 1330 4871 953.
1366 4811 1394 4882 §
1423 4813 1546 4867 1‘25.

540 4885 652 4954 (14)
691 4884 917 4950 Euseb.,
954 4883 1099 4938 Hist.
1128 4883 1255 4937 θεοί.
1294 4881 1388 4938 lib.
1421 4899 1497 4948 vt,
1525 4896 1642 4952 cap.
1668 4881 1758 4936 20.

539 4955 656 5026 (15)
696 4956 774 5026 id.
809 4955 965 5019 ibid.,
995 4970 1115 5024 cap.
1153 4953 1268 5012 11..

536 5024 652 5153 (16)
693 5024 937 5090 Hieron.,
965 5026 1085 5106 l.‘c.

567 5095 654 5153 17)
695 5096 918 5153 Euseb.,
950 5095 1085 5148 Hist.

567 5093 654 5166 17)
695 5096 918 5160 Euseb.,
950 5095 1091 5148 Hist.
1118 5093 1366 5166 eccl._lib.
1399 5108 1673 5166 vt,hcapp_.
1703 5093 1788 5166 li,
1812 5093 1913 5166 11,
1947 5093 2035 5149 19.

542 5162 655 5236 (18)
678 5166 906 5232 Δοῦλος
927 5167 1144 5235 Κυρίου
1159 5164 1300 5236 (sic).
1324 5164 1588 5236 lnicodice
1623 5162 1784 5236 Mem,
1812 5162 1949 5236 Maz.
1987 5174 2042 5217 et

471 5235 608 5290 Fuit.
636 5233 954 5306 inscriptio
1005 5233 1176 5305 hujus
1209 5235 1451 5306 epistola
1482 5235 1639 5306 aliter
1685 5233 1899 5306 legitur,
1939 5235 2040 5306 hoc

469 5308 632 5378 modo
682 5325 696 5378 ς
751 5303 1097 5378 Ἀλέξανδροξ
1141 5309 1170 5359 ὁ
1224 5303 1407 5378 δοῦλος
1451 5305 1546 5378 καὶ.
1586 5303 1806 5375 δέσμιος
1854 5303 2038 5378 ’Ἰησοῦ

468 5376 708 5449 Χριστοῦ
728 5395 741 5408 ·
773 5373 977 5449 quibus
1005 5373 1496 5449 consentit_Rulitti
1532 5373 1924 5449 ipterpretatio.

543 5447 654 5518 (19)
684 5441 843 5501 Καίὰ
873 5447 980 5502 τὸν
1005 5446 1213 5518 καιρὸν
1231 5445 1342 5514 τῆς
1366 5441 1622 5518 εἱρκτῆς.
1660 5441 1812 5498 Hanc
1835 5445 2038 5518 episto-

471 5515 578 5573 lam
607 5515 826 5586 scripsit
847 5518 1148 5572 Alexander
1171 5515 1410 5571 fervente
1431 5515 1612 5586 adhuc
1637 5515 2033 5586 persecutione,

469 5605 595 5644 cum
626 5582 771 5643 esset
801 5588 857 5642 in
878 5589 1129 5653 vinculis,
1163 5588 1392 5642 necdum
1422 5587 1488 5640 ad
1515 5585 1889 5654 episcOpatum
1914 5582 2038 5637 Hie-

468 5659 872 5729 rosolymorum
925 5659 1153 5721 ascitus,
1204 5666 1282 5729 ut,
1317 5673 1383 5711 ex
1430 5655 1518 5729 his
1557 5654 1737 5729 verbis
1791 5663 2033 5729 apparet.

468 5725 736 5795 Hine'est,
763 5730 907 5797 quod
955 5730 1008 5782 in
1040 5728 1397 5797 inscriptione
1436 5725 1680 5797 epistolae
1709 5725 1944 5797 appellat
1979 5740 2037 5797 se

467 5803 696 5855 vinctum
725 5794 873 5854 'Jesu
915 5799 1134 5855 Christi.
1183 5794 1264 5852 Ex
1312 5809 1423 5868 quo
1466 5794 1773 5860 conﬁcitur,
1809 5795 1948 5850 male
1981 5795 2038 5848 in

2236 3271 2601 3344 ’Δλέξανδρος,
2615 3269 2800 3334 δοῦλος
2833 3271 2946 3342 (18)
2980 3274 3074 3326 καὶ
3108 3273 3328 3344 δέσμιος
3383 3273 3558 3345 Ἰησοῦ
3589 3276 3728 3348 Χρι-

2149 3359 2297 3426 στοῦ,
2319 3364 2386 3434 τῇ
2411 3361 2656 3432 μακαρίᾳ
2672 3362 2984 3432 Ἀντιοχέων
2999 3362 3292 3435 Ἐκκλησία
3317 3366 3375 3418 ὲν
3400 3367 3588 3439 Κυρίῳ
3610 3367 3724 3437 χαί·

2148 3472 2283 3528 ρειν.
2327 3454 2572 3525 Ἐλαφρά
2621 3471 2711 3525 μοι
2764 3453 2860 3508 καὶ
2909 3453 3087 3523 κοῦφα
3130 3457 3198 3511 τὰ
3230 3457 3406 3528 δεσμὰ
3451 3461 3481 3512 ὁ
3526 3460 3726 3530 Κύριος

2146 3547 2368 3628 ἐποίησε
2400 3545 2544 3600 κατὰ
2566 3546 2655 3600 τὸν
2683 3545 2870 3618 καιρὸν
2891 3545 2995 3616 τῆς
3020 3548 3242 3619 εἱρκτῆς
3278 3549 3414 3620 (19),
3441 3550 3724 3624 πυθομένη.

2146 3628 2244 3711 τῆς
2277 3639 2440 3708 ἁγίας
2473 3637 2627 3708 ὑμῶν
2657 3637 2764 3691 τῶν
2779 3638 3094 3708 Ἀντιοχέων
3111 3638 3438 3710 Ἑκκλησίας
3461 3641 3602 3695 κατὰ
3627 3654 3724 3713 τη.

2148 3730 2301 3786 θείαν
2359 3730 2614 3803 πρόνοιαν
2689 3730 3086 3801 ’Δσκληπιάδην
3144 3731 3234 3784 τὸν
3294 3733 3724 3803 ἐπιτηδειότατοι

2149 3825 2270 3876 κατ’
2307 3821 2465 3888 ἀξίαν
2510 3820 2608 3892 τὴν
2641 3820 2823 3875 πίστιν
2856 3821 2956 3891 τῆς
2997 3823 3301 3894 ἐπισκοπῆς
3333 3825 3444 3896 (ἓο)
3479 3825 3728 3895 ἐγκεχει-

2150 3913 2616 3986 ρισμένον.Ταῦτα
2636 3914 2694 3968 δὲ
2719 3915 2867 3985 ὑμῖν,
2887 3913 3066 3986 κύριοί
3089 3931 3192 3985 μου
3211 3915 3450 3984 ἀδελφοὶ,
3465 3916 3533 3969 τὰ
3553 3917 3724 3989 γράμ-

2147 4024 2295 4078 ματα
2319 4005 2612 4059 ἀπέστειλα
2632 4005 2719 4060 διὰ
2739 4005 3052 4077 Κλήμεντος
3073 4005 3167 4060 τοῦ
3193 4007 3464 4077 μακαρίου
3489 4008 3727 4080 πρεσϐυ-

2143 4099 2300 4169 τέρου
2318 4099 2430 4171 (21)
2453 4139 2469 4165 ,
2501 4097 2693 4178 ἀνδρὸς
2714 4098 2971 4170 ἐναρέτου
3003 4097 3097 4156 καὶ
3121 4097 3343 4168 δοκίμου
3363 4113 3376 4128 ·
3406 4097 3464 4150 ὃν
3496 4097 3608 4151 ίστε
3632 4099 3726 4153 καὶ

2143 4193 2302 4262 ὑμεῖς
2334 4191 2428 4246 καὶ
2461 4188 2829 4260 δπιγνώσεσθε
2848 4207 2862 4221 υ
2901 4189 2961 4254 ὃς
2993 4189 3086 4244 καὶ
3134 4189 3320 4243 ἐνθάδε
3365 4190 3554 4262 παρὼν
3586 4191 3728 4246 κατὰ

2141 4284 2242 4356 τὴν
2285 4277 2541 4355 πρόνοιαν
2572 4282 2666 4336 καὶ
2701 4281 3004 4351 ἐπισκοπὴν
3035 4280 3128 4334 τοῦ
3171 4282 3461 4345 Δεσπότου,
3488 4283 3721 4354 ἀπεστή-

2147 4373 2260 4446 ριξὲ
2293 4390 2352 4426 τε
2377 4372 2474 4428 καὶ
2495 4371 2700 4444 ηὔξησε
2729 4370 2828 4442 τὴν
2856 4367 2952 4424 τοῦ
2993 4371 3198 4442 Κυρίου
3237 4369 3581 4442 Ἐκκλησίαν.

2144 4529 2406 4584 Chronico
2431 4527 2648 4583 Eusebii
2685 4524 3021 4596 Asclepiadis
3053 4525 3456 4596 ordinationem
3481 4524 3721 4581 conferri

2147 4601 2202 4653 in
2232 4614 2436 4652 annum
2470 4597 2708 4667 primum
2741 4593 2998 4667 Antonini
3029 4594 3342 4667 Caracalla‘.
3374 4593 3507 4649 Nam
3536 4596 3725 4650 Ascle-

2144 4670 2321 4738 piadis
2363 4666 2636 4722 ordinatio
2662 4666 2898 4738 contigit
2931 4666 3133 4738 eodem
3164 4675 3426 4738 tempore,
3456 4681 3565 4738 quo
3591 4666 3724 4721 Ale-

2147 4734 2352 4792 xander
2379 4739 2449 4792 ob
2473 4735 2768 4792 Christiani
2796 4734 3035 4791 nominis
3071 4734 3484 4791 confessionem
3509 4737 3563 4790 in
3597 4752 3722 4790 ear-

2144 4825 2322 4863 cerem
2362 4808 2640 4876 conjectus
2675 4817 2780 4860 est.
2811 4805 2864 4858 Id
2895 4815 3076 4861 autem
3119 4806 3386 4876 accidisse
3414 4806 3720 4875 principatu

2147 4876 2334 4932 Severi
2363 4875 2477 4946 ipse
2509 4876 2776 4931 Eusebius
2809 4885 3038 4929 testatur
3065 4876 3118 4928 in
3139 4875 3426 4946 Chronico.

2212 4949 2338 5019 (20)_
2350 4943 2493 5019 Κατ’
2516 4947 2696 5011 ἀξίαν
2717 4946 2834 5019 τὴν
2861 4943 3199 5019 πζᾳτινᾲτῆς
3226 4943 3720 5019 ῥπισκοπῇςηιὶθ-

2141 5015 2284 5074 etius
2307 5015 2678 5088 Nicephorus,
2711 5018 2831 5088 κατ’
2862 5015 3017 5088 ἀξίαν
3041 5015 3138 5088 τῆς
3175 5015 3558 5088 πίστειικρίτὴν
3594 5017 3719 5088 ἐπι-

2143 5089 2349 5160 σκοπὴν
2397 5085 2890 5211 ὲῇκεχεᾶοισμένον.
2936 5085 3090 5152 Quod
3145 5085 3260 5140 sive
3307 5101 3372 5140 ex
3411 5085 3571 5150 libro,
3604 5087 3722 5140 sive

2143 5176 2209 5211 ex
2238 5159 2551 5211 coniectura
2632 5158 2918 5211 icenhorus
2945 5156 3194 5211 ediderit.
3227 5157 3451 5210 omnino
3481 5156 3715 5211 probum

2141 5156 2560 5284 exdconjectura
2580 5156 2918 5228 Nicephorus
2945 5156 3194 5220 ediderit,
3227 5157 3451 5210 omnino
3481 5156 3715 5225 probum

2144 5247 2194 5284 vr
2236 5239 2376 5284 etur.

2144 5231 2376 5285 videtur.

2214 5301 2325 5370 (21)
2352 5299 2454 5354 Διά
2479 5298 2825 5368 Κλήμεντος
2846 5296 2953 5350 τοῦ
2971 5297 3267 5370 μακαρίου
3282 5294 3714 5370 Δ.ιτ,ιοεςρ’6υτέρου.

2144 5366 2231 5426 De
2265 5366 2543 5424 Clemente
2594 5366 2960 5435 Alexandrino
3010 5368 3097 5419 hic
3146 5367 3293 5435 loqui
3345 5366 3716 5420 Alexandrum

2145 5443 2353 5511 putavit
2404 5438 2766 5510 Hieronymus
2815 5434 3426 5511 in-_Cata_logo.’Certe_
3461 5435 3717 5491 Clemens

2142 5505 2548 5564 Alexandrinus
2575 5505 2865 5578 usquead
2885 5505 3069 5561 Severi
3100 5519 3343 5576 tempora
3376 5506 3542 5558 vitam
3587 5520 3719 5578 pro-

2143 5581 2318 5646 duxit,
2345 5590 2400 5636 et
2443 5581 2496 5633 in
2533 5579 2618 5658 his
2661 5574 2976 5658 regionibus
3008 5574 3389 5658 peregrinatus
3413 5584 3516 5658 est,
3550 5574 3610 5629 ut
3635 5575 3720 5658 ip:

2145 5642 2314 5706 semet
2341 5659 2569 5706 testatur
2603 5650 2657 5702 in
2697 5642 2790 5702 li'b.
2821 5663 2841 5700 ι
2869 5642 3177 5703 Stromatei.
3211 5644 3314 5700 Sed
3341 5653 3396 5699 et
3419 5642 3716 5700 Alexandri

2196 5808 2222 5844 ε
2272 5804 2626 5845 ecclesiastica
2682 5804 2888 5855 regula,
2921 5804 3018 5843 seu
3072 5804 3334 5842 διανεί-δας
3379 5804 3618 5845 δυαωοε.
