4034 6382
333 319 446 374 ‘205
1449 330 1942 390 EPISTOLARUM
1984 335 2440 394 FRAGMENTA.

1955 459 2019 513 11.

1475 545 1556 598 Ea:
1587 550 1812 616 epistola
1839 567 1905 603 aa
1941 551 2268 607 Antinoitas.
2299 553 2526 609 Ibidem.

425 633 756 698 Ἀσπάζεται
804 634 950 705 ὑμᾶς
996 636 1304 708 Νάρκισσος
1350 639 1378 688 ὁ
1406 640 1511 709 πρὸ
1541 642 1674 711 ἐμοῦ
1722 644 1882 697 διέπω

1989 694 1995 707 ,
2099 648 2312 703 Salutat
2346 664 2442 704 vos
2472 647 2786 716 Narcissus,
2834 652 2927 721 qui
2960 663 3086 708 ante
3126 669 3212 708 me
3241 650 3604 726 episcopalem

331 727 432 779 τὸν
460 728 624 780 τόπον
652 727 754 796 τῆς
797 728 1105 797 ἐπισκοπῆς
1135 726 1228 780 τὸν
1260 729 1466 794 ἐνθάδε,
1505 734 1598 786 καὶ
1646 733 1740 787 νῦν
1799 753 1882 788 om

2034 738 2199 808 hujus
2234 739 2491 795 Ecclesiae
2543 743 2728 797 sedem
2783 744 2994 806 tenuit,
3041 754 3093 799 et
3138 746 3232 816 qui
3281 761 3427 801 nunc
3471 749 3606 802 mihi

333 817 849 889 egataidpavdc'pm
885 819 972 873 διὰ
995 818 1103 872 τῶν
1131 819 1308 889 εὐχῶν
1329 822 1462 892 (22),
1495 826 1688 879 ἑκατὸν
1727 828 1882 881 δεκαὲ

2032 831 2360 899 conjunctus
2405 843 2490 888 est
2535 834 2588 886 in
2624 836 2985 902 orationibus,
3019 852 3195 893 annos
3222 847 3383 894 natus
3415 841 3607 896 sexde-

335 913 437 981 ἐτη
483 910 717 982 ἠνυκὼς,
751 911 1084 985 παρακαλῶν
1118 913 1264 983 ὑμᾶς
1307 917 1510 986 ὁμοίως
1549 919 1671 988 ἐμοὶ
1724 923 1882 992 φρονὶ

2029 923 2136 974 cim
2165 939 2329 992 supra
2359 934 2600 988 centum,
2634 925 2992 997 hortaturque
3012 942 3113 983 vos
3142 944 3355 985 mecum
3382 941 3442 986 ut
3463 932 3605 986 idem

335 1022 432 1058 σαι
467 1005 605 1076 (23).

2031 1029 2224 1068 omnes
2253 1015 2525 1070 sentiatis.

1990 1127 2080 1182 Ill.

1369 1223 1451 1278 Ea:
1482 1224 1705 1291 epistola
1731 1227 1798 1277 ad
1831 1225 2128 1296 Origenem.
2168 1227 2336 1289 Ibid.,
2370 1245 2486 1297 cap.
2523 1229 2608 1282 H.

399 1314 574 1367 Τοῦτο
607 1314 713 1385 γὰρ
746 1317 840 1368 καὶ
873 1315 1083 1388 Θέλημα
1103 1318 1259 1384 θεοῦ,
1291 1320 1364 1383 ὡς
1381 1315 1548 1385 οἶδας,
1578 1319 1822 1388 γέγονεν,
1857 1339 1882 1373 κ

417 1406 468 1458 λ.
505 1405 637 1458 (24).

2096 1321 2220 1378 Haec
2249 1323 2393 1377 enim
2429 1323 2521 1378 Dei
2556 1326 2810 1382 voluntas
2840 1327 2963 1393 fuit,
2995 1339 3051 1384 nt
3080 1332 3245 1396 nosti,
3274 1304 3381 1386 etc.

324 1421 380 1460 τ.
417 1406 468 1460 λ.
505 1406 637 1478 (at).

3506 348 3612 403 206

1953 1506 2041 1558 IV.

937 1591 1018 1645 Ex
1043 1594 1266 1661 epistola
1291 1595 1361 1647 ad
1394 1594 1719 1649 Demetrium
1749 1599 2049 1667 episcopum
2081 1599 2520 1654 Alexandrinum.
2554 1599 2719 1663 Ibid.,
2757 1619 2874 1671 cap.
2916 1603 3002 1657 l9.

394 1705 713 1778 Προσέθηκε
751 1707 807 1760 δὲ
839 1709 949 1779 (25)
983 1713 1094 1774 τοῖς
1140 1711 1484 1783 γράμμασιν,
1519 1715 1601 1768 ὃτι
1641 1716 1798 1770 τοῦτο
1827 1718 1882 1770 οὐ

2095 1718 2250 1785 Quod
2302 1735 2433 1773 vero
2485 1721 2537 1774 in
2583 1720 2778 1776 litteris
2833 1724 2939 1776 tuis
2990 1723 3257 1792 adjecisti,
3312 1741 3593 1796 nunquam

316 1796 514 1850 δέποτε
559 1799 825 1871 ἠκούσθη,
853 1801 972 1855 οὐδὲ
1020 1801 1117 1855 νῦν
1162 1804 1474 1876 γεγένηται,
1509 1808 1592 1871 τὸ,
1631 1809 1882 1879 παρόντω

2025 1819 2184 1865 antea
2207 1811 2387 1866 visum
2426 1827 2526 1866 nec
2576 1812 2756 1868 adhuc
2789 1813 2992 1869 factum
3030 1815 3223 1883 fuisse,
3256 1823 3315 1870 ut
3356 1833 3595 1888 praesen-

317 1891 643 1944 ἐπισκόπων
669 1891 892 1956 λαῖκοὺς
929 1895 1171 1964 ὁμιλεῖν·
1204 1897 1304 1950 οὐκ
1329 1894 1424 1950 οἷδ’
1447 1899 1597 1962 ὅπως
1628 1901 1740 1967 (26)
1776 1918 1882 1972 προ

2016 1903 2162 1958 tibus
2205 1903 2476 1973 episcopis
2526 1904 2650 1959 laici
2698 1907 3189 1973 concionarentur;
3220 1908 3273 1962 in
3307 1923 3376 1964 eo
3408 1911 3596 1965 nescio

319 1981 508 2050 φανῶς
538 1984 638 2036 οὐκ
670 1983 847 2054 ἀληθῆ
880 1983 1071 2053 λέγων.
1110 1987 1281 2040 Ὅπου
1321 1989 1450 2058 γοῦν
1484 1992 1828 2063 εὑρίσκονται
1859 2010 1882 2045 ο

2015 1995 2292 2063 quomodo
2317 2010 2348 2048 a
2376 1995 2604 2050 veritate
2639 1995 2958 2066 longissime
2985 1997 3272 2054 aberrasti.
3303 1997 3442 2054 Nam
3487 2001 3594 2056 sic-

316 2076 617 2146 ἐπιτήδειοι
644 2077 777 2147 πρὸς
804 2076 1113 2144 τὸ¹ὼφελεῖν
1137 2080 1266 2142 τοὺς
1294 2079 1585 2150 ἀδέλφοὺς,
1619 2084 1712 2136 καὶ
1739 2100 1882 2155 παρα

2017 2083 2106 2138 ubi
2141 2087 2486 2155 reperiuntur
2514 2085 2606 2156 qui
2641 2084 2904 2142 fratribus
2937 2087 3197 2156 prodesse
3234 2091 3466 2158 possint,
3495 2105 3592 2147 eos

314 2165 611 2219 καλοῦνται
640 2165 719 2237 τῷ
743 2166 858 2238 λαῷ
898 2167 1270 2240 προσομιλεῖν.
1308 2171 1410 2224 ὑπὸ
1439 2171 1546 2224 τῶν
1574 2173 1743 2240 ἁγίων
1790 2176 1882 2226 ὲπι

2012 2177 2186 2230 sancti
2227 2177 2469 2246 episcopi
2520 2176 2663 2231 ultro
2711 2177 3094 2242 adhortantur,
3132 2187 3190 2233 ut
3233 2179 3298 2236 ad
3327 2181 3591 2251 populum

314 2257 542 2310 σκόπων
561 2275 572 2286 ·
600 2257 790 2330 ὥσπερ
817 2261 873 2312 ὲν
913 2263 1210 2333 Λαράνδοις
1240 2261 1471 2326 Εὖελπις
1515 2263 1617 2316 ὑπὸ
1648 2263 1862 2328 Νέωνος

2009 2270 2304 2324 conciones
2356 2270 2610 2323 habeant.
2650 2267 2741 2325 Sic
2789 2269 3006 2340 Evelpis
3055 2270 3320 2327 Larandis
3367 2285 3591 2345 rogatus

311 2351 414 2403 καὶ
459 2351 517 2404 ὲν
556 2351 760 2422 Ἰκονίῳ
798 2353 1058 2418 Παυλῖνος
1088 2355 1194 2409 ὑπὸ
1225 2356 1467 2409 Κέλσουο
1507 2358 1601 2409 καὶ
1635 2357 1692 2409 ἐν
1730 2357 1882 2411 Συνά·

2007 2370 2090 2417 est
2120 2378 2150 2416 a
2198 2361 2416 2427 Neone;
2449 2361 2711 2417 Paulinus
2759 2362 2930 2418 lconii
2970 2380 3000 2418 a
3029 2363 3226 2430 Celso;
3264 2363 3591 2424 Theodorus

308 2440 425 2504 δοις
451 2442 561 2514 (27)
579 2443 854 2516 Θεόδωρος
882 2446 986 2498 ὑπὸ
1014 2445 1282 2512 Ἀττικοῦ,
1317 2447 1424 2500 τῶν
1449 2450 1735 2521 μακαρίων
1755 2450 1882 2504 ἀδελ

2004 2453 2149 2522 apud
2189 2451 2446 2524 Synnada
2475 2455 2544 2509 ab
2572 2455 2772 2520 Attico,
2801 2453 3065 2510 fratribus
3095 2457 3302 2512 nostris
3335 2457 3577 2513 beatissi-

314 2534 453 2601 φῶν.
489 2536 649 2599 Εἰκὸς
675 2537 734 2588 δὲ
771 2538 865 2590 καὶ
901 2540 959 2591 ὲν
994 2538 1175 2603 ἄλλοις
1216 2539 1405 2604 τόποις
1442 2539 1602 2594 τοῦτο
1632 2543 1880 2610 γίνεσθαι

2004 2547 2132 2599 mis.
2183 2544 2345 2615 quue
2390 2546 2554 2600 etiam
2590 2547 2718 2600 alibi
2753 2547 2868 2602 ﬁeri
2901 2548 3159 2603 credibile
3195 2559 3299 2615 est,
3332 2551 3588 2620 quamvis

313 2629 465 2697 ἡμᾶς
493 2627 549 2680 δὲ
591 2629 666 2699 μὴ
696 2630 916 2685 εἰδέναι.

2004 2651 2103 2690 nos
2144 2638 2485 2708 ignoremus.

310 2822 508 2876 scribit
539 2821 820 2900 Eusebius
852 2821 1010 2900 Hist_._
1037 2822 1294 2900 eccl.__lib.
1328 2837 1405 2887 vt,
1449 2839 1569 2900 gap.
1620 2824 1704 2878 i3.
1727 2822 1897 2878 Paulo
1932 2834 1974 2889 Β
2002 2828 2133 2882 dum
2184 2837 2268 2900 est
2305 2829 2528 2900 igitur};
2578 2829 2643 2900 σὴ
2695 2828 2942 2896 inda-13;,
2974 2830 3234 2882 sanctitas
3286 2838 3398 2885 tua.
3449 2829 3584 2896 Qua:

305 2903 438 3016 post
485 2894 658 2946 nostri
701 2894 917 2972 codices
963 2891 1127 2953 Mam.
1159 2892 1295 2945 Med.
1348 2903 1402 2948 et
1439 2891 1586 2975 επις.
1625 2905 1890 2976 scriptum

350 2964 532 3016 abent.
561 2962 660 3016 τὴν
684 2978 780 3014 του
805 2962 1007 3016 Κυρίου
1037 2962 1381 3016 Ἐκκλησίαν.
1409 2973 1551 3016 sicut
1575 2965 1702 3016 lem
1727 2976 1889 3016 etiam

305 2960 532 3026 habent,
561 2962 660 3030 τὴν
684 2960 780 3014 τοῦ
805 2962 1007 3034 Κυρίου
1037 2962 1381 3034 Ἐκκλησίαν,
1409 2965 1551 3019 sicut
1575 2965 1702 3034 legit
1727 2960 1889 3020 etiam

305 3030 696 3086 Hieronvmus.

361 3048 696 3086 ICTODVIDUS.

381 3049 1070 3227 fggiyggxiﬁemib‘perdc
1093 3119 1195 3171 μοι
1223 3100 1322 3157 διὰ
1366 3103 1483 3156 τῶν
1509 3102 1724 3174 εὐχῶν.
1759 3103 1889 3161 Pes-

381 3189 451 3227 ne
517 3187 622 3227 unc
647 3173 826 3227 locum
861 3183 1139 3227 verterunt
1167 3171 1399 3227 Rulinus
1420 3181 1474 3227 et
1497 3174 1886 3227 Christoohor-

305 3171 451 3230 sime
478 3171 622 3244 bu_nc
647 3173 826 3227 locum
861 3171 1139 3244 verterunt
1167 3171 1399 3227 Rulinus
1420 3181 1474 3228 et
1497 3171 1886 3244 Christophor-

304 3260 502 3299 sonus.
537 3241 702 3298 Recte
733 3252 914 3297 autem
951 3242 1337 3313 Hieronymus,
1368 3245 1492 3299 licet
1527 3253 1635 3298 non
1665 3241 1734 3298 ad
1771 3262 1887 3298 ver-

302 3315 460 3376 bum,
491 3314 872 3381 interpretatur
905 3313 1007 3367 hoc
1035 3312 1195 3367 modo
1228 3333 1241 3367 :
1276 3312 1491 3367 Salutat
1531 3330 1619 3369 vos
1663 3313 1888 3368 Narcis-

300 3401 419 3444 sus,
462 3385 552 3453 qui
591 3398 713 3438 ante
744 3401 824 3436 me
863 3384 948 3437 hic
993 3384 1160 3436 tenuit
1203 3385 1790 3454 episcopalemrliocum,
1837 3397 1886 3439 et

300 3471 444 3508 nunc
493 3471 694 3508 mecum
727 3454 1338 3525 eumdeng_orationibus
1382 3453 1537 3525 regit.
1573 3453 1686 3509 Hoc
1735 3457 1884 3510 enim

301 3526 413 3580 sibi
448 3525 564 3579 vult
592 3525 916 3588 Alexander,
947 3522 1260 3578 Narcissum
1295 3526 1349 3579 in
1383 3522 1724 3580 orationibus
1753 3527 1888 3580 dun-

305 3605 482 3660 taxat,
510 3611 615 3648 non
647 3596 700 3648 in
732 3596 943 3664 reliquo
977 3594 1270 3664 episcopali
1301 3597 1686 3664 munere,sibi
1715 3597 1879 3650 colle-

304 3681 432 3736 gam
493 3665 684 3720 fuisse.
731 3663 1023 3736 Quocirca:
1050 3664 1202 3736 addit
1253 3666 1506 3719 eumdem
1562 3663 1882 3736 Narcissum

304 3751 488 3790 annos
519 3745 736 3790 centum
773 3751 858 3806 ac,
880 3735 1153 3789 sexdecim
1187 3743 1374 3788 natum
1402 3750 1544 3791 esse.
1570 3735 1645 3789 Ex
1683 3737 1884 3806 quibus

301 3815 572 3877 apparet,
619 3805 996 3877 Alexandrum
1040 3821 1148 3877 non
1183 3813 1310 3877 tam
1361 3806 1666 3877 atljutorem
1702 3805 1881 3877 quam

302 3873 625 3946 episcopum
655 3876 708 3929 in
741 3875 919 3946 locum
953 3873 1216 3940 Narcissi,
1248 3873 1441 3946 utpote
1455 3877 1569 3945 jam
1599 3873 1880 3946 decrepiti,

301 3945 510 4000 factum
551 3945 755 4010 fuisse;
785 3945 1097 4000 Narcissum
1126 3959 1256 4017 vero
1288 3945 1494 4000 nudum
1539 3961 1737 4002 nomen
1764 3945 1883 4017 epi-

301 4017 454 4086 scopi
488 4025 652 4086 atque
679 4017 942 4071 honorem
973 4015 1282 4070 retinuisse.
1800 4015 1818 4017 “

302 4155 350 4157 _,
374 4085 492 4157 (25)
533 4085 768 4157 ’Ψοίως
798 4087 934 4157 ἐμοί
971 4082 1290 4157 φρονῆσαι.
1334 4083 1391 4138 1η
1418 4085 1608 4157 codice
1636 4085 1776 4141 Med.
1817 4104 1879 4142 ac.

300 4155 443 4228 Μαι.
473 4155 526 4211 et
554 4155 692 4213 Fuk.
712 4169 774 4228 _et
798 4155 940 4228 apud
976 4155 1340 4228 Nicephorum
1370 4156 1651 4228 scribitur,
1681 4159 1880 4228 ὁμοίως

298 4227 428 4298 ἐμοὶ
467 4223 860 4298 ὁμοφρονῆσαί,
893 4223 1322 4298 rectius’procul
1350 4225 1537 4298 dubio,
1571 4235 1632 4298 ut
1673 4223 1737 4282 ei
1765 4226 1881 4282 Ru-

298 4295 400 4352 ti'ni
429 4308 483 4352 et
504 4295 827 4367 ’lliei'onyr‘ni
853 4295 1298 4367 interpretat_ione
1330 4295 1698 4367 convincitur.

372 4367 486 4438 (24)
520 4367 698 4422 Τοῦτο
719 4354 858 4438 ﬁt),
895 4384 949 4421 κο
982 4354 1032 4420 λέ.
1068 4365 1123 4438 λ;
1150 4363 1552 4438 Fragmentum
1570 4366 1714 4421 istud
1752 4365 1877 4438 Ori-

300 4433 544 4510 genianis
574 4433 1065 4510 integuil'nnperus
1089 4433 1436 4510 Origeniscl.
1469 4436 1648 4490 editor
1668 4446 1811 4510 tom.
1832 4437 1872 4501 Ι,

541 4538 616 4549 -—
657 4502 1006 4578 (Patroloin'ae
1035 4502 1236 4562 nostra:
1265 4511 1302 4556 ι.
1333 4502 1427 4573 XI,
1455 4521 1617 4577 quem
1646 4508 1870 4564 videsis.

386 4595 460 4633 l'l'.

511 4721 517 4722 ί
539 4646 889 4722 Προσέθηκεξ
915 4645 1027 4722 δέ.
1064 4718 1076 4722 _
1093 4647 1487 4718 Alloquebatur
1535 4646 1872 4722 pemetrium

296 4718 357 4776 in
383 4717 560 4776 tertia
588 4717 847 4791 persona,
877 4718 1043 4789 idque
1063 4717 1289 4776 honoris
1308 4735 1496 4776 causa.
1530 4717 1875 4775 Subaudien-

2003 2913 2164 2971 voces
2195 2899 2314 2971 sine
2349 2899 2525 2971 dubio
2559 2899 2975 2971 praecesserant,
3019 2912 3076 2952 ut
3117 2908 3394 2954 constaret
3426 2917 3583 2971 aper-

2004 2968 2133 3032 tius,
2167 2969 2212 3023 si
2242 2977 2413 3023 totam
2443 2968 2730 3038 epistolam
2760 2969 3107 3024 haberemus.

2070 3079 2182 3152 (26)
2226 3084 2348 3138 Οὐκ
2375 3078 2483 3137 οἷδ’
2515 3082 2694 3149 ὅπως.
2734 3079 2861 3152 Ηεεο
2886 3082 3114 3151 epistola
3143 3083 3210 3137 ad
3245 3081 3580 3152 Demetrium

1997 3151 2197 3221 scripta
2221 3162 2307 3208 est
2332 3154 2402 3208 ab
2426 3155 2737 3208 Alexandro
2763 3151 3265 3223 Hierosolymorum
3291 3151 3578 3222 episcopo,

1991 3226 2110 3277 viro
2139 3223 2502 3292 disertissimo
2529 3242 2542 3277 :
2571 3224 2713 3278 unde
2746 3223 3010 3292 singulari
3045 3239 3274 3278 numero
3308 3224 3575 3292 loquitur,

1990 3294 2090 3346 οὐκ
2133 3290 2273 3358 οἶδα,
2301 3295 2553 3364 quamvis
2603 3309 2711 3347 non
2742 3290 2972 3364 tantum
3005 3308 3127 3356 suo,
3162 3295 3254 3347 sed
3303 3301 3358 3348 et
3384 3290 3582 3349 Ἐδίδα-

1992 3366 2186 3419 riensis
2220 3363 2462 3434 episcopi
2491 3364 2712 3418 nomine
2739 3363 2951 3417 litteras
2985 3365 3211 3417 scribat.

2061 3454 2173 3525 (27)
2211 3457 2321 3525 i’Er
2369 3453 2678 3520 Συνάδοις.
2730 3452 3224 3525 δετίὺεῌηᾶυηινεει
3267 3454 3574 3525 ξυννάδοις.

1985 3522 2146 3579 Certe
2203 3524 2432 3579 Ruﬁnus
2485 3526 2648 3580 vertit
2695 3525 2836 3594 apud
2896 3522 3230 3594 Synnadam.
3292 3523 3434 3580 Urbs
3492 3540 3578 3580 est

1987 3595 2238 3666 Phrygia:
2273 3596 2579 3659 notissima,
2611 3597 2692 3650 sic
2725 3593 2870 3666 dicta
2903 3593 3487 3666 ὰπδ-τοῦρμΣυνναίειν,
3523 3597 3575 3649 id

1987 3678 2069 3720 est
2104 3663 2409 3729 fwmxe‘t'v,
2439 3681 2505 3719 eo
2546 3666 2691 3735 quod
2716 3665 2873 3735 multi
2897 3680 2962 3719 ex
2993 3663 3316 3735 Macedonia
3342 3667 3472 3722 illuc
3502 3668 3574 3720 ad

1987 3736 2333 3790 incolendum
2366 3733 2749 3791 conﬂuxerint.
2783 3733 2938 3789 Unde
2963 3735 3146 3802 primo
3176 3734 3398 3803 quidem
3428 3738 3572 3791 dicta

1984 3815 2070 3860 est
2098 3807 2349 3865 Συνναία,
2376 3816 2566 3875 postea
2595 3821 2722 3860 vero
2753 3814 3013 3875 corrupto
3036 3805 3302 3860 vocabulo
3333 3806 3572 3860 Σύνναδα

1985 3892 2013 3930 a
2043 3877 2291 3931 ﬁnitimis
2314 3888 2508 3930 vocata
2532 3885 2638 3930 est.
2669 3875 2982 3946 Stephanus
3005 3875 3058 3927 in
3088 3875 3182 3946 lib.
3209 3875 3286 3929 De
3311 3877 3528 3929 urbibus
3554 3895 3568 3931 :

1983 3947 2057 4000 Τὸ
2090 3947 2188 4019 μὲν
2215 3948 2430 4018 πρῶτον
2454 3947 2657 4001 Συναία
2681 3945 2884 4016 (scribe
2911 3945 3161 4015 Συνναία)
3316 3946 3417 4016 τῆς
3446 3963 3574 4019 συντ

1982 4016 2206 4098 nam;
2257 4016 2352 4070 καὶ
2432 4019 2794 4087 συνοικήσεως
2845 4016 3350 4097 προσαγορευθῆναι
3375 4035 3387 4044 ·
3427 4016 3569 4102 μετὰ

1983 4087 2051 4168 δὲ.
2094 4105 2266 4168 ταυτα
2303 4086 2794 4168 ιπαρεφθαρμένως
2849 4086 2952 4138 ὑπὸ
3006 4101 3114 4168 των
3149 4083 3569 4168 ῃτξλησεοχωρων

1983 4158 2222 4212 Σύνναδα
2266 4153 2553 4229 κληθῆναί.
2577 4153 2681 4229 -Ὲκ
2727 4158 2814 4229 his
2860 4163 3103 4229 apparet,
3149 4153 3407 4229 Σύνναδα
3440 4153 3569 4210 cum

1981 4229 2195 4296 duplice
2227 4246 2256 4281 ν
2293 4225 2459 4284 scribi
2505 4227 2722 4298 debere.
2769 4225 2928 4291 Quod
2971 4226 3194 4298 quidem
3237 4225 3570 4298 conti_rmant

1980 4293 2144 4352 etiam
2178 4301 2386 4352 nummi
2410 4307 2639 4351 veteres.
2674 4295 2864 4351 Exstat
2889 4299 3030 4364 apud
3061 4293 3327 4349 Joannem
3355 4293 3566 4349 Ti‘isla-

1981 4383 2110 4421 num
2136 4384 2395 4423 nummus
2417 4366 2712 4420 Caracalla:
2735 4381 2859 4419 cum
2885 4365 2989 4436 hac
3011 4365 3566 4436 inscriptione,CYN-

1980 4438 2275 4502 ΝΑΔΕΩΝ,
2311 4437 2622 4500 ΔΩΡΙΕΩΝ,
2650 4436 2879 4489 ωΝΩΝ.
2925 4434 3320 4505 Quaequidem
3368 4437 3565 4491 inscri-

1981 4510 2095 4577 ptio
2120 4509 2298 4572 docet,
2331 4506 2717 4578 Synnadenses
2743 4505 2912 4562 fuisse
2937 4505 3233 4578 Qorionas,
3258 4507 3311 4561 id
3334 4518 3429 4578 est
3457 4505 3564 4562 Do-

1985 4575 2215 4655 rienses,
2270 4575 2495 4633 lonibus
2557 4579 2872 4655 permistos.
2935 4575 3102 4630 Erant
3152 4578 3310 4655 enim
3354 4577 3564 4655 origine

1982 4646 2328 4772 siacedones,
2358 4663 2422 4703 ac
2453 4648 2681 4718 proinde
2709 4647 3043 4712 Dorienses;
3077 4646 3266 4702 veruin
3298 4647 3352 4701 in
3382 4646 3564 4702 medio

2011 4734 2151 4772 orna:
2177 4727 2288 4772 siti.

2011 4721 2151 4774 onia:
2177 4721 2288 4774 siti.
