4034 6450
356 5576 381 5637 μ

370 516 429 554 Ξ
540 515 1377 555 W‘
1369 513 1461 546 Ι-ηι
1468 484 3309 546 Μ---11-ρρω-Μ.-
2241 530 2276 535 __.
2296 528 2388 535 ____
2406 527 2455 533 ._..
2489 526 2500 531 _
2868 520 2921 525 Μ,
2996 518 3004 523 ,
3029 516 3063 522 _.
3084 516 3093 521 -
3122 515 3160 521 .-
3198 512 3281 519 _.._
3302 481 3423 516 -.ψη
3378 478 3604 514 ,._.'_,.___-=

436 548 450 552 -
480 550 483 551 ν
2552 523 2747 531 ﬂ____
2788 524 2809 525 κ
2834 522 2859 525 -

1526 682 1694 725 ANNO
1744 678 1974 721 DOMINI
2043 674 2476 720 οεωι-οςωιι.

833 866 1805 1053 SANCTUS
1919 847 3163 1037 ANATOLIUS

1431 1173 2540 1299 ALEXANDBINUS

917 1425 1711 1522 LAODICENSIS
1782 1422 1906 1510 IN
1987 1418 2342 1508 SYRIA
2420 1410 3110 1506 EPISCOPUS.

1690 1790 2346 1924 NOTITIA

1026 2038 1031 2045 ‘
1093 2040 1390 2096 (GALLAND.,
1416 2030 1712 2085 Bibliotheca
1735 2038 1943 2083 veterum
1962 2033 2170 2081 Patrum
2219 2028 2304 2085 lll,
2332 2026 2552 2086 Proleg.,
2580 2037 2625 2085 p.
2653 2022 2858 2085 xxxiii.)

380 2350 420 2404 1.
465 2346 768 2411 Anatolius,
796 2349 954 2403 domo
988 2349 1405 2414 Alexandrinus,
1437 2364 1539 2417 quo
1569 2358 1798 2416 tempore
1825 2345 2031 2415 ﬂoruit.
2066 2342 2310 2417 Quantus
2338 2347 2437 2400 vir.
2478 2347 2635 2403 Omni
2663 2348 3005 2401 scientiarum
3037 2361 3219 2417 genere
3253 2358 3513 2400 exemtus.
3552 2346 3657 2401 Pa-

453 2421 561 2473 tria
591 2418 800 2484 relicta,
831 2421 889 2473 in
924 2418 1139 2490 Syriam
1169 2419 1357 2489 pergil.
1389 2414 1744 2490 Consecratur
1771 2414 2251 2490 episcopusaAnno
2282 2416 2389 2490 270
2421 2417 2671 2473 Ecclesia:
2691 2418 3001 2472 Laodiceae:
3031 2414 3270 2490 regenda:
3302 2419 3614 2490 prie/icitur.

380 2490 445 2544 11.
487 2490 740 2561 Externis
773 2485 1046 2561 sacrisque
1066 2485 1281 2561 litteris
1307 2491 1363 2542 in
1386 2489 1576 2558 primis
1607 2485 1862 2551 imbutus,
1884 2486 2119 2539 illustria
2146 2485 2407 2541 doctrinas
2437 2505 2550 2544 siue
2572 2500 2912 2543 monumenta
2949 2485 3184 2558 reliquit.
3213 2485 3522 2543 Celebratur
3547 2505 3659 2555 pra:

452 2560 658 2631 cwteris
696 2562 811 2631 ejus
837 2559 1028 2616 Canuti
1063 2559 1366 2616 Paschalis.

380 2630 466 2685 111.
510 2626 751 2686 Canonis
786 2632 1102 2686 Anatoliani
1130 2631 1351 2697 antiqua
1385 2631 1573 2684 versio.
1610 2626 1744 2697 Ejus
1782 2626 2311 2697 auelorﬁinquiritnr.
2344 2626 2535 2697 Ruﬁno
2560 2631 2841 2683 asseritur.
2876 2628 3015 2683 Ilinr
3045 2628 3281 2697 ejusdem
3307 2628 3548 2682 Canonis
3576 2644 3661 2682 oe-

452 2704 584 2755 ritas
613 2702 984 2770 conﬁrmatur.
1032 2700 1215 2755 Versio
1246 2696 1535 2769 lluﬁniana
1561 2696 1769 2768 integra
1792 2698 1876 2751 hic
1901 2696 2196 2761 exhibetur,
2225 2696 2433 2753 Gracia
2453 2701 2769 2755 Eusebianis
2806 2702 3043 2756 intextis.
3069 2696 3309 2752 Additus
3340 2710 3661 2753 commenta-

428 2773 564 2841 _rius
598 2772 899 2827 doctissimi
928 2772 1141 2842 Ai'gidii
1170 2771 1443 2825 Bucherii.

453 2891 496 2947 l.
532 2889 715 2945 Probo
760 2900 816 2946 et
858 2891 1002 2946 Caro
1047 2891 1468 2963 imperantibus,
1516 2899 1654 2945 teste
1705 2888 1967 2959 llierony-
2000 2893 2044 2948 A
2075 2887 2261 2945 habita
2293 2901 2379 2946 est
2412 2893 2683 2962 posterior
2715 2893 2958 2965 synodus
3006 2891 3365 2946 Antiochena.
3398 2888 3653 2957 Quandiu

382 3002 476 3041 mo
506 2986 603 3058 (1),
625 2985 809 3040 ﬂoruit
832 2984 1144 3053 Anatolius,
1175 2985 1341 3041 domo
1375 2986 1800 3047 Alexandrinus,
1831 2983 1971 3037 Lao-

383 3078 615 3135 diccnus
640 3079 932 3149 episcopus
962 3094 979 3133 :
1013 3078 1174 3148 cujus
1213 3077 1447 3134 eximias
1468 3078 1656 3131 laudes
1684 3074 1970 3145 persequi-

386 3181 474 3227 tur
499 3172 584 3228 his
612 3172 793 3227 verbis
824 3169 1094 3227 Eusebius
1118 3170 1196 3243 (2)
1222 3189 1237 3226 :
1265 3188 1285 3222 ‹
1314 3169 1416 3226 Hic
1438 3179 1554 3226 tum
1580 3170 1632 3223 in
1658 3168 1973 3224 liberalibus

382 3265 688 3335 disciplinis
718 3275 834 3319 tum
880 3265 934 3319 in
976 3263 1325 3335 philosophia
1358 3264 1659 3334 principem
1704 3265 1843 3317 inter
1876 3262 1976 3316 do-

383 3357 662 3412 ctissimos
695 3357 870 3411 nostri
908 3356 1172 3426 temporis
1206 3356 1354 3409 viros
1378 3357 1559 3410 locum
1588 3355 1707 3409 sine
1748 3362 1974 3409 contro-

383 3449 565 3504 versia
599 3448 794 3510 tenuit,
824 3447 893 3501 τὰ
914 3447 1105 3519 πρῶτα
1126 3445 1233 3499 τῶν
1262 3447 1497 3518 μάλιστα
1517 3446 1638 3501 καθ’
1664 3447 1809 3517 ἡμᾶς
1830 3445 1975 3499 δοκι-

389 3542 652 3615 μωτάτων
684 3540 1146 3610 ἀπενηνεγμένος.
1182 3559 1201 3592 ι
1225 3538 1344 3605 Qua
1367 3541 1432 3593 de
1455 3555 1621 3593 causa
1650 3539 1719 3593 ab
1744 3539 1978 3592 Alexan-

387 3636 563 3691 drinis
595 3634 715 3689 suis
747 3641 974 3703 rogatus
1004 3641 1108 3698 est,
1132 3641 1193 3686 ut
1218 3632 1578 3687 Aristotelicas
1612 3630 1980 3687 successionis

388 3728 634 3783 scholam
668 3726 777 3780 illic
808 3725 1134 3789 institueret,
1183 3724 1360 3780 instar
1402 3723 1767 3779 successionis
1801 3720 1980 3775 Plato-

387 3823 546 3884 nicae,
584 3819 744 3889 cujus
774 3817 1125 3873 celeberrima
1166 3816 1354 3872 schola
1396 3816 1722 3886 jampridem
1753 3815 1981 3869 Athenis

388 3912 570 3968 fuerat
596 3910 914 3965 constituta.
932 3908 1189 3965 Plurimae
1209 3923 1429 3979 quoque
1459 3924 1546 3964 res
1562 3908 1631 3962 ab
1646 3923 1711 3961 eo
1727 3907 1983 3976 praeclare

392 4014 556 4074 gestae
591 4001 909 4057 referuntur
936 4020 948 4055 :
974 4002 1111 4056 adeo
1139 4000 1355 4071 “apud
1384 4013 1578 4055 omnes
1608 4014 1861 4069 magnam
1896 3999 1981 4052 sui

391 4098 631 4154 nominis
663 4096 887 4162 famam,
928 4107 1093 4169 atque
1125 4099 1268 4152 inter
1312 4096 1548 4153 civitatis
1576 4110 1689 4149 suae
1721 4111 1981 4164 proceres

393 4176 722 4261 praecipuam
751 4190 974 4245 honoris
997 4191 1417 4261 praeregativam
1444 4187 1690 4243 omnium
1711 4202 1982 4241 consensu

393 4283 557 4338 fuerit
582 4283 832 4352 adeptus.

468 4375 676 4429 Relicta
710 4374 908 4429 deinde
936 4371 1290 4436 Alexandria,
1315 4380 1439 4443 post
1488 4371 1723 4428 solutam
1762 4371 1981 4427 Bruchii

395 4469 762 4530 obsidionem,
811 4467 865 4520 in
903 4466 1119 4537 Syriam
1154 4466 1411 4535 migravit
1440 4483 1455 4519 :
1490 4467 1580 4519 ubi
1614 4463 1981 4527 Theotecnus,

397 4561 578 4629 inquit
621 4557 764 4613 idem
800 4556 1069 4613 Eusebius
1100 4557 1203 4627 (3),
1236 4556 1503 4612 Caesarem
1536 4555 1837 4611 Palaestinae
1871 4558 1983 4626 epi-

397 4668 599 4724 scopus
644 4651 856 4722 primus
905 4650 985 4704 illi
1036 4664 1236 4704 manus
1270 4649 1549 4719 imposuit,
1585 4664 1822 4719 eumque
1866 4651 1984 4718 epi-

398 4761 625 4815 scopum
665 4743 958 4809 ordinavit,
1005 4756 1382 4798 successorem
1433 4740 1692 4797 Ecclesia:
1735 4757 1850 4797 sum
1893 4741 1989 4795 de-

399 4835 909 4908 spondens.Verum
945 4834 1291 4889 Antiochiam
1330 4845 1589 4890 evocatus
1618 4834 1684 4889 ad
1718 4834 1989 4905 synodum

401 4928 553 4982 Pauli
586 4927 931 4983 Samosateni
969 4940 1137 4980 causa
1169 4933 1439 4989 coactam,
1472 4925 1601 4979 dum
1653 4940 1750 4994 per
1797 4924 1986 4978 urbem

404 5022 726 5075 Laodiceam
756 5020 862 5074 iter
894 5018 1122 5080 laceret,
1155 5033 1185 5071 a
1220 5016 1480 5071 fratribus
1519 5016 1807 5081 illiusloci,
1838 5031 1989 5068 mor-

407 5127 500 5169 tuo
527 5125 657 5169 tunc
689 5112 948 5177 Eusebio,
968 5111 1224 5164 detentus
1254 5119 1379 5163 cst:
1409 5114 1604 5174 bonus,
1641 5107 1788 5175 quod
1816 5106 1989 5169 aiunt,

407 5209 533 5262 boui
564 5208 663 5260 viri
690 5218 1010 5261 successor:
1034 5201 1275 5271 διάδοχος
1307 5198 1532 5269 ἀγαθὸς,
1559 5194 1991 5267 φασὶν,ἀγαθοῦ,

406 5296 749 5350 καθίσταται.
789 5293 1116 5363 Supremum
1149 5302 1332 5346 autem
1365 5291 1511 5346 diem
1548 5289 1685 5345 obiit
1725 5287 1993 5342 Eusebius

406 5394 527 5459 ejus
549 5394 801 5444 decessor
822 5402 967 5442 anno
991 5385 1118 5450 270,
1150 5400 1259 5454 quo
1286 5384 1549 5438 adversus
1573 5379 1991 5435 Samosatenum

480 5549 559 5630 )
601 5544 848 5630 ἔξωρα,
878 5544 957 5630 Pe
983 5544 1114 5630 uiris
1140 5541 1424 5630 illustria
1450 5539 1539 5630 l5.

483 5606 560 5688 (2)
601 5606 845 5688 Euseb,
870 5614 1013 5669 llist.
1053 5615 1191 5681 eccl.
1215 5614 1306 5669 lib.
1338 5627 1435 5680 vn,
1463 5626 1513 5665 c.
1546 5606 1638 5664 '52.

483 5686 560 5759 (3)
604 5688 679 5742 Id.
707 5686 831 5740 ibid.

486 5758 561 5831 (ω
600 5758 677 5814 td.
720 5759 853 5811 ibid.

2078 2997 2212 3037 vero
2240 2985 2443 3040 sederit
2474 2986 2527 3039 in
2560 2988 2817 3041 cathedra
2844 2985 3166 3041 Laodicensi
3193 2983 3661 3049 Anatolius,baud

2081 3075 2273 3145 liquet.

2151 3169 2214 3224 ll.
2256 3169 2371 3226 Non
2397 3172 2690 3227 admodum
2714 3174 2916 3228 multos
2935 3176 3311 3244 composuisse
3334 3177 3504 3231 libros
3521 3176 3668 3229 Ala-

2083 3265 2275 3320 tolium
2309 3266 2573 3322 discimus
2603 3282 2667 3320 ex
2698 3268 2958 3337 episcopo
2986 3265 3395 3340 Caesariensi“)
3423 3287 3436 3322 :
3462 3268 3537 3321 Οὐ
3566 3268 3667 3338 μὲν

2084 3355 2423 3428 ἐσπουδάσθη
2483 3356 2705 3411 πλεῖστα
2756 3356 2831 3428 τῷ
2876 3357 3164 3428 Ἀνατολίῳ
3212 3358 3664 3430 συγγράμματαῑ

2084 3450 2179 3519 qui
2212 3460 2414 3514 tamen,
2450 3462 2741 3521 postquam
2770 3450 2892 3520 ejus
2923 3450 3161 3505 Canones
3188 3449 3463 3519 paschales
3493 3460 3547 3504 et
3575 3451 3669 3503 de-

2086 3559 2202 3598 cem
2254 3544 2423 3597 libros
2472 3542 2877 3597 Institutionum
2914 3544 3369 3597 aritlimctirarum
3399 3557 3672 3595 memora—

2087 3639 2185 3702 vit,
2221 3638 2388 3690 multa
2419 3652 2639 3706 quoque
2694 3637 2797 3691 alia
2850 3651 2963 3690 sua:
3007 3635 3061 3688 in
3098 3636 3273 3689 sacris
3324 3634 3518 3689 litteris
3546 3634 3671 3687 «lili-

2088 3730 2283 3798 gentia:
2314 3738 2475 3799 atque
2504 3729 2766 3785 doctrina:
2801 3734 3151 3781 monumenta
3180 3727 3358 3795 ipsum
3389 3726 3547 3781 nobis
3583 3741 3670 3778 re-

2089 3819 2317 3888 liquisse
2363 3820 2527 3873 tradit
2564 3839 2577 3874 :
2608 3818 2703 3871 καὶ
2753 3816 3143 3871 καταλέλοιπεν
3188 3818 3217 3869 ὁ
3261 3816 3488 3877 αὐτὸς...
3537 3814 3672 3869 ἄλλα

2087 3912 2355 3983 δείγματα
2386 3913 2488 3984 τῆς
2521 3913 2648 3983 περὶ
2674 3912 2740 3965 τὰ
2774 3911 2893 3965 θεῖα
2921 3910 3118 3981 σχολῆς
3153 3927 3211 3963 τε
3256 3909 3420 3962 αὑτοῦ
3452 3910 3544 3963 καὶ
3576 3926 3674 3961 πο-

2091 4004 2396 4076 λυπειρίας.

2162 4095 2227 4151 Et
2272 4104 2489 4151 exstant
2532 4096 2751 4165 quidem
2795 4093 3065 4163 hodieque
3098 4095 3240 4148 inter
3280 4092 3673 4163 θεολογούμενα

2091 4188 2189 4260 τῆς
2219 4188 2587 4261 ἀριθμητικῆς
2611 4187 2797 4243 Graece
2822 4186 2966 4240 edita
2984 4184 3209 4240 Parisiis
3237 4186 3395 4252 1545,
3424 4188 3673 4255 quaedam

2089 4295 2342 4351 excerpta
2376 4297 2443 4335 ex
2479 4282 2632 4336 libris
2657 4280 2898 4334 Anatolii
2927 4279 3332 4332 lnstitutionum
3372 4278 3675 4333 arithmeti-

2090 4389 2295 4438 carum,
2330 4383 2390 4427 ut
2420 4372 2630 4427 monuit
2652 4370 2903 4426 Valesius
2930 4371 2997 4425 ad
3032 4369 3362 4433 Eusebium;
3388 4385 3562 4438 eaque
3586 4384 3674 4423 re-

2091 4474 2279 4518 censet
2312 4463 2595 4517 Fabricius
2627 4465 2726 4534 (5),
2757 4463 2852 4532 qui
2880 4473 2936 4517 et
2962 4463 3222 4516 nonnulla
3265 4462 3331 4515 ἐκ
3370 4461 3477 4515 τῶν
3523 4462 3676 4514 Ἀνα-

2092 4556 2268 4609 τολίου
2311 4556 2561 4625 διάφορα,
2591 4571 2655 4609 ex
2692 4555 3039 4611 Peiresciano
3062 4555 3248 4609 codice
3290 4554 3358 4607 ab
3396 4553 3677 4609 Holstenio

2092 4651 2382 4719 descripta,
2400 4648 2585 4705 Grzeco
2607 4648 2866 4720 vulgavit.

2168 4743 2398 4813 Scripsit
2428 4752 2691 4811 praeterea
2721 4741 3030 4805 Anatolius,
3065 4752 3123 4796 ut
3163 4740 3329 4795 modo
3372 4744 3674 4805 innuimus,

2095 4837 2351 4890 volumen
2375 4836 2447 4889 De
2464 4836 2710 4904 poscitote
2728 4852 2746 4899 ,'
2768 4852 2831 4890 ex
2851 4850 2982 4905 quo,
3003 4836 3179 4905 inquit
3195 4832 3557 4905 Hieronymus
3575 4835 3677 4904 (6),

2095 4926 2208 4996 ejus
2239 4927 2437 4997 ingenii
2465 4927 2883 4997 magnitudinem
2912 4927 3205 4993 intelligere
3221 4923 3680 4993 possumus.Pra&-

2097 5019 2307 5072 clarum
2360 5018 2587 5087 hujusce
2632 5019 2814 5087 operis
2853 5016 3215 5089 fragmentum
3251 5018 3411 5073 nobis
3440 5015 3680 5071 servavit

2099 5112 2369 5168 Eusebius
2401 5113 2513 5183 (7);
2549 5114 2643 5184 qui
2667 5124 2721 5169 et
2741 5115 2856 5186 ipse
2880 5114 2935 5168 in
2959 5128 3025 5168 eo
3045 5115 3287 5168 auctoris
3312 5114 3679 5182 eloquentiam

2100 5203 2265 5257 simul
2296 5212 2353 5257 et
2386 5205 2741 5274 multiplicem
2770 5205 2889 5274 ejus
2915 5204 3303 5270 eruditionem,
3340 5203 3476 5274 ὁμοῦ
3508 5203 3570 5257 τό
3620 5220 3681 5255 τε

2098 5293 2281 5362 λόγιον
2314 5293 2409 5348 καὶ
2444 5294 2774 5366 πολυμαθὲς,
2809 5295 3133 5350 admiratur.

2171 5384 2258 5441 111.
2301 5385 2591 5456 Antiquam
2616 5389 2921 5442 versionem
2943 5386 3188 5441 Latinam
3209 5387 3439 5443 Cononis
3457 5389 3683 5457 pascim-

2178 5541 2256 5609 (5)
2296 5538 2536 5602 Fabric.,
2572 5539 2713 5592 Bibl.
2746 5537 2840 5595 Gr.
2877 5547 3009 5595 tom.
3051 5538 3116 5603 ll,
3147 5553 3200 5607 p.
3229 5536 3360 5591 ΞΠ.

2173 5613 2251 5681 (6)
2292 5610 2539 5675 Hier-011.,
2569 5612 2604 5664 I.
2637 5626 2682 5663 c.

2177 5685 2252 5755 (7)
2294 5682 2516 5749 Euseb,
2554 5682 2587 5733 l.
2625 5696 2672 5733 c.
