4034 6368
294 394 402 449 209

1099 403 1155 457 S.
1201 402 1526 461 ANATOL"
1567 396 2039 466 ALEXANDRINI
2078 408 2309 467 CANON
2345 410 2745 472 PA'SCIIALIS.

3453 420 3563 476 ‘llo

292 520 363 572 lis
394 522 705 577 Anatoiiani
733 523 943 592 primus
974 525 1139 582 edidit
1169 544 1231 581 ae
1259 528 1581 596 doctissimo
1601 546 1879 585 commen-
1913 541 1955 595 Α
1985 535 2089 587 rito
2121 538 2458 607 arguendum
2489 540 2757 606 videatur,
2790 541 2998 612 reliqua
3031 544 3233 613 pariter
3275 559 3395 613 quae
3426 559 3566 613 prte-

295 606 440 661 tario
474 608 770 664 illustravit
801 614 869 666 ad
909 614 1113 668 calcem
1154 614 1374 672 Victorii
1412 619 1693 689 Aquitani,
1723 620 1877 693 Egi-

289 695 421 751 dius
456 695 759 755 Bucberius
789 700 888 773 (8).
932 701 1126 758 Ruﬁno
1155 707 1358 774 passim
1409 709 1672 764 tribuitur
1732 711 1876 767 illius

286 786 533 844 Canonis
551 791 751 854 versio,
779 791 1096 850 Eusebianae
1115 797 1236 865 ejus
1255 798 1497 854 historiae
1520 800 1752 857 fortasse
1780 804 1877 857 ad-

281 876 587 949 jungenda,
618 891 679 936 ut
706 885 930 952 conjicit
976 887 1047 942 cl.
1088 887 1446 945 Fontaninius
1480 891 1577 963 (9).
1612 891 1875 949 Norimus

284 968 464 1031 enim,
494 967 755 1025 Ruﬁnum
788 972 1010 1029 Eusebii
1050 976 1409 1035 Caesariensis
1443 981 1736 1037 Historiam
1773 984 1876 1039 La-

286 1063 407 1115 tine
435 1061 657 1131 quidem
692 1064 946 1131 vertisse,
977 1070 1071 1123 sed
1099 1071 1263 1124 etiam
1309 1071 1686 1142 interpolasse.
1719 1074 1875 1141 Quod

282 1152 342 1205 in
380 1153 575 1222 primis
603 1155 787 1211 videre
820 1166 907 1212 est
941 1158 993 1213 in
1025 1160 1090 1214 iis
1121 1174 1244 1230 quae
1275 1163 1468 1218 litteris
1511 1166 1732 1220 tradidit
1762 1166 1874 1236 (l0)

279 1242 355 1295 de
393 1253 585 1297 sancto
613 1242 880 1315 Gregorio
908 1246 1317 1319 Thaumaturgo
1349 1270 1364 1305 :
1390 1253 1480 1306 ubi
1513 1265 1709 1323 praeter
1736 1272 1874 1310 non-

282 1333 441 1389 nulla
471 1335 729 1403 praeclara
761 1336 883 1406 ejus
917 1351 1066 1408 gesta
1090 1357 1120 1392 a
1150 1340 1414 1411 Gregorio
1447 1342 1692 1415 Nysseno
1717 1362 1876 1401 enar-

279 1433 432 1489 rata,
459 1428 726 1482 celebrem
762 1440 1019 1499 praaterea
1065 1432 1236 1502 ipsius
1286 1432 1440 1489 Fidei
1489 1440 1875 1506 expositionem

278 1517 545 1573 intexuit.
571 1518 752 1574 Alium
787 1537 1007 1591 quoque
1038 1524 1216 1579 locum
1250 1528 1634 1597 interpolatum
1656 1532 1877 1588 adducit

274 1606 530 1664 Jacobus
557 1607 812 1666 Usserius
852 1612 986 1681 (ll),
1024 1624 1083 1667 ut
1109 1614 1359 1671 laudatus
1393 1616 1754 1679 Fontaninins
1781 1622 1876 1675 ad-

279 1699 472 1751 vzxrtit.
509 1698 645 1753 Cum
693 1702 877 1772 itaque
908 1702 1139 1761 Cononis
1170 1707 1481 1763 Anatoliani
1530 1711 1750 1782 longum
1781 1728 1875 1767 ex-

280 1797 537 1857 crrptum
587 1791 642 1844 in
691 1807 791 1846 sua
830 1791 1073 1854 Historia
1101 1798 1378 1854 retulisset
1412 1799 1700 1868 Eusebius,
1737 1802 1876 1857 inte—

1987 631 2187 684 cedunt
2218 641 2271 686 et
2300 647 2421 701 quae
2449 633 2880 703 subsequuntur,
2913 636 2980 690 ab
3006 636 3197 692 eadem
3231 637 3412 692 [inlini
3450 652 3567 692 ma-

1985 734 2056 774 nu
2090 735 2120 773 e
2146 719 2335 775 Graeco
2371 721 2422 776 in
2454 721 2707 777 Latinum
2738 722 2915 781 fuisse
2941 729 3225 783 translata.
3256 726 3412 795 Quod
3449 730 3567 797 qni-

1983 811 2103 864 drm
2157 812 2345 865 mirari
2397 815 2561 876 subit,
2612 814 3249 885 Bucherium,Caveum,
3296 819 3562 874 Fontani-

1988 903 2135 955 nimn
2168 903 2219 956 in
2252 903 2464 973 primis,
2485 906 2732 976 aliusque
2758 908 2905 965 viros
2933 911 3180 966 eruditos
3210 913 3561 982 praeteriisse.

2056 1035 2232 1106 Atque
2258 1037 2384 1092 hinc
2417 1038 2582 1094 etiam
2611 1041 2742 1096 illud
2769 1044 3123 1098 emolumenti
3152 1046 3382 1112 accedit,
3417 1047 3563 1115 quod

1983 1144 2047 1182 ex
2090 1128 2394 1184 Ensebiano
2443 1142 2701 1202 excerpto
2756 1132 3060 1191 Ruﬁnianae
3106 1136 3374 1191 versionis
3409 1153 3562 1193 eom—

1983 1221 2241 1289 prohetnr
2273 1220 2555 1292 integritas
2586 1242 2600 1278 :
2631 1238 2685 1278 et
2716 1242 2780 1280 ex
2821 1242 2883 1281 ea
2920 1243 3133 1282 rursum
3161 1228 3390 1283 Canonis
3418 1231 3565 1283 Ana-

1985 1311 2173 1366 toliani
2224 1313 2481 1368 αὑθεντία
2532 1316 2923 1385 conﬁrmetur;
2972 1334 3136 1390 quam
3188 1331 3366 1375 tamen
3416 1320 3563 1373 nulla

1984 1406 2232 1460 codicum
2271 1422 2402 1462 mss.
2431 1410 2775 1477 auctoritate,
2806 1413 2970 1467 nullis
3019 1421 3263 1467 veterum
3314 1414 3563 1469 testimo-

1985 1498 2089 1551 niis
2120 1498 2389 1563 adductis,
2424 1501 2681 1573 nullaque
2710 1504 2921 1558 ratione
2970 1504 3201 1569 reddita,
3228 1505 3359 1575 quin
3392 1514 3447 1559 et
3475 1505 3563 1558 in-

1983 1589 2095 1642 vito
2132 1577 2368 1643 Eusebio
2393 1599 2556 1660 atque
2585 1592 2865 1647 obnitente
2892 1592 3108 1660 Ruﬁno,
3140 1594 3354 1648 elevare
3393 1607 3563 1647 ausus
3642 1598 3650 1605 '

1982 1688 2060 1731 est
2091 1676 2377 1747 aninius.
2412 1677 2481 1735 Ut
2503 1681 2633 1737 illud
2666 1684 2753 1737 hic
2775 1684 3112 1749 omittamus,
3147 1685 3397 1739 eumdem
3423 1684 3566 1737 Ana-

1986 1769 2098 1821 tolii
2135 1768 2401 1824 Cononem
2446 1772 2651 1841 passim
2685 1773 2895 1827 laudari
2944 1789 2973 1828 a
3022 1772 3163 1835 Beda
3194 1772 3264 1828 iis
3310 1773 3362 1827 in
3402 1772 3560 1837 locis,

280 1895 446 1949 grum
495 1880 625 1937 illud
673 1881 870 1940 Latine
913 1887 1208 1943 reddiderit
1261 1889 1512 1948 Rufinus.
1541 1859 1726 1965 Neque
1774 1910 1877 1951 nos
1909 1906 1949 1959 [ι
1981 1876 2104 1929 qum
2140 1859 2369 1917 inferius
2401 1878 2431 1917 a
2462 1862 2731 1919 Bueherio
2755 1865 2989 1919 “mima
3020 1865 3206 1921 videas
3233 1865 3367 1936 “3"

279 1971 508 2027 demum
542 1975 643 2030 hac
672 1977 741 2031 de
765 1994 824 2033 re
852 1979 1102 2037 dubitare
1131 1983 1320 2037 sinunt
1350 1988 1594 2051 omnino,
1627 2005 1748 2059 qnze
1776 1991 1873 2044 ha-

278 2063 377 2117 bet
429 2063 572 2120 idem
624 2066 856 2126 Rulinus
886 2072 939 2125 in
970 2087 1067 2127 sua
1116 2073 1437 2131 Euschiame
1474 2077 1725 2135 Historia:
1757 2099 1876 2137 ver-

278 2155 675 2226 sione(l‘2),ad
698 2161 938 2218 Anatolii
973 2164 1239 2221 Cononem
1273 2171 1620 2238 pertinentia.
1647 2172 1701 2228 Si
1725 2176 1873 2231 enim

277 2262 344 2297 ca
377 2246 738 2307 conferantur
762 2269 888 2309 cum
918 2256 984 2312 iis
1013 2273 1134 2327 qua:
1164 2260 1309 2328 apud
1340 2272 1576 2318 veterem
1609 2267 1878 2337 interpre-

279 2343 392 2388 tem
432 2335 839 2397 Bucherianum
872 2342 1061 2399 Graeco
1107 2350 1275 2402 textui
1312 2355 1660 2422 rcspomlcnt,
1690 2335 1874 2413 omnia

278 2429 444 2495 plane
476 2427 771 2488 Ruﬁniana
804 2451 927 2492 esse
966 2438 1319 2511 perhibentur
1354 2462 1366 2496 :
1399 2453 1457 2500 ut
1494 2447 1719 2515 proinde
1751 2465 1865 2505 nte-

294 2617 3170 2674 “MM

2056 1994 2212 2050 llnnc
2252 1997 2437 2067 itaque
2464 2001 2637 2055 sancti
2664 1999 2842 2056 Patris
2871 2003 3044 2056 nostri
3071 2002 3365 2072 genuinum
3394 2001 3561 2057 letum

1982 2088 2304 2144 exhibemus
2331 2105 2395 2144 ex
2427 2102 2681 2147 accurata
2711 2094 2871 2149 unica
2897 2094 3151 2150 Bucherii
3180 2094 3436 2155 editione,
3467 2093 3564 2147 atl—

1978 2178 2139 2247 jectis
2164 2178 2368 2235 Graecis
2397 2180 2719 2239 Eusebianis
2748 2200 2871 2239 cum
2894 2184 3085 2240 Latina
3120 2185 3565 2256 interpretatione

1984 2271 2240 2340 notisque
2294 2270 2515 2328 Valesii.
2561 2273 2640 2329 Ad
2698 2276 2813 2331 haec
2865 2278 3074 2333 accedit
3122 2271 3579 2334 Commentarios

1985 2360 2232 2429 ejusdem
2262 2361 2535 2431 Bucherii,
2567 2382 2678 2436 quo
2708 2367 2893 2422 Canun
2920 2370 3280 2425 Anatolianus
3327 2372 3566 2426 maxime

1989 2451 2313 2509 illustratur.

826 2803 954 2929 S.
1093 2806 1852 2940 ANATOLII
1951 2819 3047 2953 ALEXANDRINI

1272 3066 1758 3184 CANON
1837 3078 2617 3197 PASCHALIS
2712 3080 2715 3083 ’

353 3282 405 3343 Ε
443 3284 639 3346 veteri
695 3302 812 3346 ms.
853 3302 1130 3362 primum
1185 3305 1248 3350 tn
1309 3288 1515 3353 lucem
1563 3294 1779 3433 l(iditlus
1820 3296 2121 3437 etsbrein
2186 3306 2645 3367 commentario
2705 3308 3065 3375 illustratus
3110 3312 3185 3374 ah
3232 3313 3485 3393 fligidio

1612 3390 1877 3436 ueterno
1953 3395 2051 3437 ου.
2127 3396 2268 3437 esu.

1612 3390 1772 3435 00110
1782 3391 1877 3436 l‘lO
1910 3390 2051 3437 500.
2090 3390 2241 3440 JUSU
2256 3424 2268 3438 .

276 3678 413 3771 Cale).
447 3675 488 3771 1:.
525 3677 732 3771 JDirerst
759 3697 1085 3771 arcanorum
1121 3687 1331 3771 circuli.
1367 3688 1643 3771 Hippolyti
1677 3694 1874 3771 cyclus.
1907 3704 1948 3759 c
1985 3711 2182 3751 norum
2228 3696 2493 3754 circulum
2530 3709 2929 3769 computantes,
2974 3718 3252 3771 nunquam
3279 3704 3344 3758 ad
3377 3721 3561 3760 veram

352 3747 620 3872 Sarioldus
671 3766 870 3805 Lxxxtv
932 3771 1215 3812 annorum.
1277 3747 1874 3834 Locus-Origcnisﬂde

406 3831 648 3872 ascrate.

406 3831 648 3876 aseltate.

355 3954 431 4011 De
464 3955 678 4011 ratione
712 3957 1078 4017 ordinationis
1110 3971 1417 4034 temporum
1440 3981 1506 4022 ac
1535 3968 1873 4026 vicissitudi-

280 4064 416 4103 num
465 4049 659 4105 mundi
710 4051 934 4115 dicturi,
1002 4053 1350 4111 diversorum
1401 4061 1871 4129 computariorum

279 4140 419 4195 scita
449 4152 737 4210 ponemus.
771 4141 875 4208 Qui
917 4143 1063 4199 luna:
1095 4148 1480 4203 tantummodo
1513 4165 1678 4205 cursu
1723 4165 1874 4206 eom-

284 4240 501 4300 putato,
535 4232 674 4287 solis
704 4242 994 4288 ascensum
1018 4236 1455 4309 descensumque
1481 4239 1872 4311 relinquentes,

285 4322 539 4379 diversos
566 4323 804 4379 circulos
842 4325 1058 4396 sibique
1098 4328 1439 4397 contrarios,
1487 4344 1544 4386 et
1578 4331 1631 4385 in
1663 4334 1874 4388 calculo

286 4432 433 4471 verte
490 4416 923 4485 computationis
976 4420 1586 4491 nunquam-inventos,
1643 4426 1873 4495 adjectis

282 4510 617 4580 quibusdam
673 4511 1107 4580 problematibus
1139 4552 1157 4579 ,
1228 4523 1689 4585 construxerunt,
1746 4534 1875 4574 cum

282 4610 499 4656 certum
530 4600 623 4669 sit,
643 4602 1069 4673 computationis
1093 4603 1383 4671 rationem,
1413 4607 1622 4679 absque
1648 4609 1733 4665 his
1755 4626 1874 4664 am-

284 4696 466 4751 bobus
494 4696 659 4751 simul
691 4695 1175 4761 concurrentibus,
1219 4712 1330 4753 non
1352 4713 1476 4755 esse
1512 4702 1870 4769 probandam.

279 4786 421 4842 Nam
452 4797 509 4842 et
540 4788 594 4841 in
620 4787 903 4843 veteribus
935 4789 1364 4857 exemplaribus,
1416 4791 1469 4845 id
1513 4802 1597 4846 est
1631 4790 1873 4850 Hebraeis

275 4888 332 4934 et
356 4878 568 4934 Graecis
594 4880 1004 4947 voluminibus,
1043 4892 1151 4935 non
1196 4890 1407 4937 tantum
1440 4883 1584 4939 luna:
1623 4901 1871 4951 cursum,

280 4972 377 5028 sed
407 4976 576 5028 etiam
616 4971 754 5029 solis
785 4988 895 5028 non
930 4973 1106 5028 solum
1144 4989 1387 5045 gressus,
1435 4977 1529 5031 sed
1568 4986 1623 5031 et
1656 4978 1872 5049 singula

286 5080 356 5121 ac
398 5064 771 5120 minutissima
820 5065 1081 5118 horarum
1156 5079 1429 5122 momenta
1454 5109 1470 5132 ,
1525 5084 1648 5138 quae
1686 5070 1739 5123 in
1771 5085 1873 5129 suo

287 5170 572 5229 tempore,
608 5174 734 5214 cum
763 5158 903 5213 ratio
935 5158 1271 5230 poposcerit,
1307 5157 1650 5228 proferemus
1670 5203 1686 5227 ,
1717 5162 1871 5217 inve-

282 5256 470 5308 nimus
501 5262 840 5321 computata.
899 5249 945 5304 E
978 5250 1180 5322 quibus
1221 5248 1541 5323 Hippolytus
1570 5268 1656 5307 xv:
1695 5269 1871 5308 anno-

282 5359 408 5397 rum
456 5343 728 5399 circulum
789 5343 1118 5412 quibusdam
1172 5344 1372 5413 ignotis
1425 5345 1569 5400 luna:
1617 5347 1871 5403 cursibus

281 5433 618 5504 composuit.
655 5434 760 5488 Alii
795 5448 934 5500 xxv,
966 5434 1058 5490 alii
1094 5450 1223 5501 xxx,
1265 5436 1513 5491 nonnulli
1542 5453 1742 5521 Lxxxtv
1769 5454 1870 5492 an-

350 5606 431 5721 (Si
472 5651 732 5721 Bucher.,
762 5651 834 5704 De
855 5652 1027 5704 doctr.
1060 5664 1242 5720 temp.,
1275 5669 1328 5721 p.
1352 5653 1614 5709 459-449.

350 5720 733 5811 (9‘).“Fontan”
764 5722 904 5777 Hist.
934 5723 1099 5777 litter.
1136 5720 1314 5792 Aquil.
1349 5722 1442 5777 lib.
1471 5741 1521 5788 v,
1554 5742 1604 5778 c.
1640 5725 1726 5793 l5,
1763 5724 1790 5797 §
1822 5727 1866 5795 l,

274 5794 720 5935 1’.ιιυῐὶηη
760 5863 901 5918 (list.
932 5866 1055 5920 ccci.
1098 5862 1295 5918 Euseb.
1339 5863 1430 5917 lib.
1466 5880 1560 5931 vn,
1593 5881 1642 5920 c.
1668 5866 1757 5921 25.

1978 3785 2205 3842 Pascha:
2245 3790 2601 3860 computandi
2646 3790 2917 3846 rationem
2954 3803 3335 3861 pervenerunt.
3366 3793 3564 3850 Verum

1979 3878 2221 3950 majores
2244 3881 2438 3946 nostri,
2479 3880 2831 3938 Hebraeorum
2865 3892 2918 3938 et
2947 3881 3263 3940 Grmcorum
3296 3885 3563 3943 librorum

1978 3970 2293 4040 peritissimi
2316 3971 2631 4045 (lsidorum,
2651 3982 2707 4029 et
2732 3974 3143 4046 Hieronymum,
3159 3975 3561 4032 etClementem

1977 4064 2147 4135 dico),
2184 4065 2311 4122 licet
2337 4065 2626 4122 dissimilia
2653 4066 2926 4122 mensium
2963 4068 3231 4137 principia
3258 4078 3358 4138 pr‘o
3382 4069 3563 4124 diver-

1978 4158 2140 4214 sitate
2170 4159 2368 4229 linguae
2387 4160 2694 4225 senserint;
2721 4169 2898 4215 tamen
2927 4161 2995 4217 ad
3020 4177 3181 4217 unam
3207 4161 3564 4233 eamdemque

1979 4248 2204 4307 Pascha:
2233 4251 2600 4308 certissimam
2636 4254 2935 4320 rationem,
2974 4255 3063 4309 die
3087 4263 3142 4310 et
3174 4255 3390 4310 luna-et
3425 4264 3563 4311 tem-
3602 4282 3634 4322 ρ

1980 4358 2115 4413 pore
2156 4344 2644 4411 convenientibus,
2676 4361 2893 4401 summa
2926 4348 3281 4404 veneratione
3320 4347 3565 4402 Domini-

1980 4451 2057 4492 (περ
2116 4437 2555 4503 resurrectionis,
2616 4450 3033 4495 consenserunt.
3077 4439 3182 4497 Sed
3219 4451 3274 4496 et
3303 4441 3563 4512 Origenes

1980 4530 2227 4583 omnium
2262 4528 2669 4585 eruditissimus
2690 4570 2704 4595 ,
2739 4541 2792 4584 et
2823 4530 3017 4605 calculi
3053 4532 3413 4603 componendi
3440 4547 3565 4602 per-

1979 4621 2393 4692 spicaeissimus
2423 4623 2647 4693 (quippe
2673 4625 2767 4694 qui
2794 4633 2849 4679 et
2874 4624 3176 4696 χαλκευτής
3194 4624 3463 4695 vocatus),
3498 4625 3563 4679 Ii-

1979 4714 2182 4770 bellum
2234 4715 2312 4770 De
2361 4715 2572 4770 Pascha
2620 4715 3051 4771 luculentissime
3087 4715 3274 4771 edidit.
3338 4714 3399 4769 ln
3450 4731 3563 4785 quo

1979 4807 2315 4862 annuntians
2337 4809 2405 4864 de
2438 4809 2529 4864 die
2557 4807 2799 4873 Paschte,
2827 4823 2935 4861 non
2960 4807 3137 4862 solum
3170 4808 3308 4863 lunae
3338 4814 3560 4863 cursum

1977 4907 2032 4953 et
2068 4899 2385 4970 aequinoctii
2430 4902 2720 4956 transitum
2763 4900 3108 4959 intuendum.
3173 4900 3268 4955 sed
3325 4906 3381 4954 et
3429 4899 3561 4954 solis

1981 5000 2384 5058 transcensum,
2434 4995 2683 5051 omnium
2728 5001 3077 5053 tenebrarum
3126 5007 3296 5051 tetras
3336 4992 3563 5048 insidias

1982 5094 2037 5139 et
2067 5084 2395 5141 oli‘endicula
2435 5087 2759 5156 adferentis,
2802 5097 2859 5144 et
2894 5089 3034 5144 lueis
3067 5088 3357 5142 adventum
3391 5100 3455 5139 ac
3479 5093 3562 5139 to-

1983 5177 2091 5233 tius
2121 5178 2307 5233 mundi
2343 5178 2740 5236 elementorum
2777 5182 3035 5237 virtutem
3062 5189 3117 5235 et
3141 5176 3560 5248 insp‘irationem

1982 5268 2280 5335 alierentis,
2327 5286 2451 5327 esse
2481 5271 2812 5326 servandum
2835 5314 2852 5338 ,
2885 5272 2959 5326 ita
2993 5272 3122 5326 dicit
3160 5289 3177 5326 :
3224 5269 3291 5323 In
3322 5268 3443 5333 die,
3478 5269 3562 5322 in-

1980 5362 2119 5431 quit,
2174 5360 2398 5418 Pasclttz
2437 5379 2540 5417 non
2577 5364 2696 5417 dico
2726 5362 3109 5417 observandum
3138 5371 3196 5415 ut
3237 5361 3349 5416 die:
3379 5361 3562 5415 Denti-

1981 5457 2101 5510 nica
2118 5457 2439 5521 inveniatur,
2469 5467 2518 5512 et
2557 5456 2698 5511 (ante
2728 5473 2801 5510 vn
2834 5455 2947 5526 (l4)
2974 5454 3085 5509 dies
3118 5456 3448 5522 transeundi,
3472 5453 3562 5508 sed

2050 5654 2165 5723 (ll)
2207 5653 2415 5718 Usser.,
2454 5650 2607 5723 Synt.
2634 5653 2696 5705 de
2723 5651 2874 5706 LXX
2904 5651 3130 5721 Interp.,
3158 5668 3207 5708 c.
3248 5669 3300 5718 v,
3330 5667 3382 5721 μ.
3412 5651 3497 5707 50.

2050 5654 2132 5723 (ll
2207 5654 2415 5718 Usser.,
2454 5654 2607 5723 Synt.
2634 5654 2696 5705 de
2723 5654 2874 5706 LXX
2904 5654 3130 5721 Interp.,
3158 5668 3207 5708 c.
3248 5669 3300 5718 v,
3330 5667 3382 5721 μ.
3412 5654 3441 5706 5

2049 5654 2165 5797 Ηῖζ
2201 5726 2591 5797 ltutin.,_liist.
2626 5726 2750 5797 earl.
2782 5724 2979 5779 Euseb.
3017 5725 3108 5778 lib.
3142 5740 3236 5785 vn,
3269 5740 3319 5779 c.
3350 5723 3441 5776 '28.

2050 5794 2157 5864 (15)
2201 5794 2319 5849 Viti.
2353 5795 2477 5848 inl'r.
2515 5796 2618 5849 col.
2654 5796 2779 5849 "ﬁl.

2047 5866 2159 5934 (is)
2193 5864 2355 5919 Lunae
2385 5880 2477 5919 vn.
2513 5865 2673 5922 Forte
2705 5866 2845 5921 lunw
2877 5876 2986 5920 xlv.
3037 5863 3272 5919 Bttcuen.
