4034 6384
449 396 548 450 211

1601 395 1660 448 S.
1698 397 1736 446 Α
1749 392 2026 446 NATOLII
2071 391 2542 447 ALEXANDRINI

3609 393 3716 448 213

450 530 509 572 ut
537 519 619 573 sol
651 517 962 585 divisionem
991 516 1143 569 illam
1170 556 1184 576 ,
1222 516 1354 570 lucis
1379 515 1578 569 scilicet
1605 525 1652 567 et
1685 514 2036 580 tenebrarum,
2074 522 2110 572 Α
2141 514 2466 568 credendum
2491 520 2656 577 esset,
2684 512 2788 585 nisi
2812 512 3106 580 iactantiae,
3129 522 3203 578 et,
3226 523 3285 568 ut
3308 513 3489 570 verius
3512 514 3716 578 dicam,

451 608 507 660 in
552 605 772 661 exordio
821 606 1038 668 mundi,
1073 605 1286 657 Domini
1327 606 1716 674 dispensatione
1763 604 2037 673 aequaliter

450 699 839 768 compositam,
892 697 1268 762 transcendat;
1331 707 1381 750 et
1428 700 1493 752 ab
1533 714 1641 752 una
1689 699 1744 750 in
1796 700 1954 760 duas,
1996 715 2029 748 a

450 789 660 842 duabus
702 789 758 842 in
799 797 926 853 tres,
966 804 1000 840 a
1035 787 1205 840 tribus
1241 789 1297 840 in
1321 798 1588 858 quatuor,
1621 804 1654 840 a
1697 797 1928 857 quatuor
1976 787 2032 840 in

453 882 706 951 quinque,
740 896 773 931 a
792 879 1019 947 quinque
1047 879 1104 931 in
1130 895 1222 932 sea:
1246 879 1427 944 haras,
1449 879 1564 932 luce
1589 879 1646 932 in
1658 879 1787 933 solis
1816 895 2037 932 ascensu

451 981 734 1035 crescente,
763 969 986 1024 tenebrae
1033 970 1361 1024 decrescant.
1403 988 1434 1024 a
1471 972 1658 1041 (15)...
1709 980 1759 1024 et
1805 971 2040 1025 vicesimi

450 1064 658 1118 numeri
705 1061 1003 1132 adjectlone
1045 1062 1338 1132 completa,
1386 1079 1464 1116 xu
1504 1073 1681 1132 partes
1725 1064 1781 1116 in
1820 1079 1925 1116 uno
1960 1078 2038 1115 eo-

449 1158 668 1226 demque
696 1155 783 1209 die
804 1154 1171 1224 suppleantur.
1209 1152 1314 1209 Sed
1345 1163 1399 1208 et
1416 1169 1538 1224 ego,
1569 1154 1614 1207 si
1640 1152 1847 1223 aliquid
1881 1141 2036 1208 stilli-l

448 1247 576 1302 cidii
614 1290 629 1312 ,
686 1257 814 1318 post
858 1248 1227 1319 quorumdam
1287 1247 1644 1302 exuberantia
1708 1245 2034 1314 eloquentia:

449 1342 798 1412 scientiaque
826 1340 1053 1396 ﬂumina
1075 1384 1090 1408 ,
1127 1351 1428 1396 tentassem
1459 1339 1693 1401 inferre;
1724 1339 1854 1408 quid
1885 1337 2031 1392 aliud

2143 603 2429 658 dementia:
2455 603 2525 656 ab
2571 581 2828 656 omnibus
2850 617 2974 658 esse
3004 601 3412 669 aseribendum,
3459 604 3564 658 nisi
3614 619 3719 659 nos

2144 695 2420 766 paulisper
2452 695 2764 748 orationum
2808 703 3026 748 tuarum
3054 695 3415 764 pollicitarum
3451 696 3721 750 animaret

2145 785 2451 839 auxilium?
2495 785 2624 855 quia
2659 784 2935 840 credimus
2968 787 3201 840 orationi
3241 801 3305 840 ac
3334 787 3456 841 (idei
3493 796 3601 841 tute
3638 787 3724 840 ni-

2147 879 2221 932 hil
2240 893 2362 933 esse
2395 877 2752 947 impossibile.
2793 876 2911 943 Qua
2941 877 3267 932 conﬁdentia
3298 878 3563 938 roborati,
3593 893 3722 948 pro-

2146 969 2532 1026 fundissimam
2563 968 2977 1024 obscurissimae
3001 969 3426 1040 computationis
3445 978 3500 1022 et
3521 968 3723 1037 impro-

2143 1062 2322 1116 visum
2357 1061 2603 1132 pelagus,
2637 1061 3095 1130 consurgentibus
3123 1061 3366 1130 undique
3402 1059 3719 1130 quaestioni-

2144 1157 2245 1209 bus
2279 1169 2343 1208 ac
2364 1153 2793 1223 problematibus
2817 1153 3325 1221 intumescentibus,
3347 1152 3722 1224 ingrediemur

2111 1299 2122 1310 ,
2139 1245 2463 1300 verecundia
2496 1254 2834 1314 contempta.

1598 1451 1662 1512 h.
1708 1458 1780 1512 De
1804 1455 2072 1510 novilunio
2105 1450 2262 1518 primi
2291 1449 2506 1501 mensis.

517 1549 618 1607 Est
639 1566 775 1623 ergo
812 1567 870 1606 ιη
906 1568 1086 1622 primo
1133 1566 1279 1606 anno
1325 1551 1544 1605 initium
1593 1549 1756 1619 primi
1790 1548 2024 1612 mensis,

447 1645 595 1714 quod
613 1653 698 1700 est
722 1660 814 1698 xix
832 1659 1101 1700 annorum
1118 1644 1310 1699 circuli
1330 1643 1657 1713 principium
1677 1661 1692 1708 ;
1724 1641 2026 1697 secundum

2206 1541 2359 1610 Ἔχει
2387 1540 2567 1592 τοίνυν
2599 1538 2711 1607 (17)
2743 1540 2801 1592 ὲν
2827 1537 2906 1608 τῷ
2936 1537 3135 1610 πρώτῳ
3162 1538 3269 1592 ἔτει
3291 1538 3389 1611 τὴν
3420 1540 3717 1611 νουμηνίαν

2131 1632 2227 1686 τοῦ
2252 1631 2469 1704 πρώτου
2505 1632 2694 1702 μηνὸς,
2726 1631 2850 1702 ἥτις
2885 1631 3104 1701 ἁπάσης
3130 1632 3275 1684 ἐστὶν
3309 1633 3452 1704 ἀρχὴ
3504 1634 3603 1704 τῆς
3633 1637 3716 1687 ὲν-

449 1712 738 1804 :Egyptios
798 1733 1022 1802 quidem
1076 1733 1282 1788 mensis
1327 1712 1670 1786 Pbamcnoth
1727 1746 1853 1785 χχιι
1903 1730 2026 1794 die;

2138 1722 2704 1793 νεακαιδεκαετηρίδος
2729 1740 2742 1751 ·
2783 1725 2850 1794 τῇ
2888 1724 3007 1777 κατ’
3045 1722 3372 1791 Αἰγυπτίους
3399 1725 3494 1795 μὲν
3538 1726 3718 1795 Φαμε-

445 1825 601 1896 juxta
641 1822 968 1879 Macedones
999 1838 1127 1880 vero
1170 1809 1350 1894 Dysiri
1389 1823 1594 1878 mensis
1635 1838 1751 1876 xm
1789 1821 1908 1886 die;
1943 1837 2028 1876 se—

449 1915 689 1971 cundum
721 1914 1003 1971 Romanos
1033 1931 1159 1971 veno
1201 1915 1379 1970 Martii
1409 1915 1612 1970 mensis
1647 1931 1782 1968 xxtu
1807 1954 1823 1979 ,
1866 1914 1920 1969 id
1945 1924 2030 1969 est

448 2023 541 2061 VIII
578 2005 854 2062 Kalendas
896 2006 1011 2077 (16)
1053 2007 1278 2077 Aprilis.
1325 2008 1384 2062 ln
1429 2022 1535 2077 qua
1569 2006 1658 2062 die
1687 2021 1798 2060 non
1850 2006 2025 2062 solum

450 2099 729 2153 invenitur
756 2098 840 2154 sol
865 2100 1252 2154 conscendisse
1284 2099 1517 2168 primam
1544 2109 1756 2169 partem
1781 2139 1796 2163 ,
1829 2113 2022 2152 verum

447 2191 614 2245 etiam
638 2190 903 2260 quadram
945 2189 1129 2245 lunam
1167 2190 1296 2262 (lege
1337 2198 1592 2261 quartam
1625 2190 1794 2261 diem)
1815 2190 1929 2261 jam
1966 2191 2021 2244 in

448 2296 516 2336 ea
550 2281 637 2336 die
676 2282 911 2348 habere,
955 2282 1008 2336 id
1042 2295 1126 2338 est
1194 2283 1250 2336 in
1278 2283 1457 2352 prima
1485 2298 1549 2338 ex
1586 2283 1874 2338 duodecim
1906 2299 2023 2352 par-

448 2373 616 2427 tibus.
648 2369 772 2426 Htec
799 2380 979 2426 autem
1015 2372 1279 2442 particula
1311 2374 1485 2442 prima
1507 2387 1571 2427 ex
1599 2389 1672 2426 xu
1702 2373 1921 2427 vernale
1939 2383 2024 2428 est

445 2464 868 2533 aequinoctium;
901 2473 954 2518 et
996 2464 1113 2533 ipsa
1141 2473 1225 2519 est
1253 2465 1472 2518 initium
1506 2465 1801 2530 mensium,
1836 2474 1891 2520 et
1932 2479 2025 2519 ca-

445 2565 543 2626 put
574 2555 785 2623 circuli,
816 2564 871 2610 et
902 2555 1176 2611 absolutio
1214 2571 1411 2610 cursus
1437 2557 1738 2621 stellarum,
1767 2571 1889 2626 qua:
1912 2556 2026 2625 pla-

445 2657 606 2714 netaz,
644 2648 698 2703 id
733 2657 818 2703 est
840 2661 1009 2718 vagae,
1042 2647 1325 2710 dicuntur.
1351 2662 1416 2701 ac
1451 2646 1577 2702 ﬁnis
1613 2662 1690 2701 xu
1725 2647 2022 2716 particulae,

445 2752 500 2795 et
542 2741 711 2796 totius
744 2740 936 2795 circuli
979 2740 1268 2794 terminus.
1316 2739 1383 2793 Et
1430 2739 1554 2794 ideo
1593 2741 1867 2803 dicimus,
1918 2753 2026 2792 non

447 2849 640 2902 parum
671 2833 990 2903 delinquere
1027 2849 1158 2896 eos,
1205 2833 1298 2902 qui
1343 2842 1470 2886 ante
1506 2831 1610 2886 hoc
1653 2830 1871 2886 initium
1900 2831 2027 2884 novi

447 2924 575 2978 anni
611 2923 821 2978 Pascha
865 2933 1056 2994 putant
1096 2940 1217 2978 esse
1257 2923 1668 2978 celebrandum.

2132 1815 2241 1868 νὼθ
2277 1815 2387 1886 (18)
2417 1814 2554 1887 ἕκτῃ
2587 1816 2680 1868 καὶ
2709 1815 2906 1879 εἰκάδι,
2955 1814 3096 1869 κατὰ
3146 1815 3202 1868 δὲ
3233 1816 3359 1880 τοὺς
3391 1815 3720 1871 Μακεδόνων

2109 1929 2118 1937 ·
2135 1905 2334 1976 μῆνας,
2363 1904 2604 1976 Δύστρου
2636 1903 2867 1976 δευτέρᾳ
2896 1907 2990 1958 καὶ
3021 1905 3215 1958 εἰκάδι·
3246 1905 3322 1969 ὡς
3347 1906 3392 1958 δ’
3422 1905 3490 1960 ἂν
3511 1906 3720 1961 εἴποιεν

2143 1998 2426 2067 Ῥωμαῖοι,
2448 1996 2554 2068 πρὸ
2579 1996 2775 2050 ἕνδεκα
2795 1996 3086 2050 Καλανδῶν
3115 1997 3422 2068 Ἀπριλίων.
3459 1999 3721 2071 Εὑρισκε-

2129 2104 2219 2142 ται
2245 2087 2302 2141 δὲ
2329 2091 2358 2140 ό
2384 2087 2534 2158 ἥλιος
2555 2089 2613 2141 έν
2667 2091 2733 2160 τῇ
2767 2089 3104 2160 προκειμένῃ
3146 2090 3406 2161 Φαμενὼο
3438 2091 3570 2163 ἕκτῃ
3620 2089 3721 2147 καὶ

2132 2179 2308 2233 εἰκάδι
2341 2180 2403 2231 οὐ
2440 2179 2601 2250 μόνον
2634 2179 2831 2242 ἐπιϐὰς
2863 2181 2958 2232 τοῦ
2994 2179 3212 2250 πρώτου
3261 2183 3568 2251 τμήματος,
3601 2181 3719 2234 ἀλλ’

2129 2269 2227 2340 ἤδη
2265 2269 2358 2322 καὶ
2379 2270 2644 2341 τετάρτην
2697 2269 2909 2340 ἡμέραν
2964 2271 3022 2322 ἐν
3049 2269 3196 2340 αὐτῷ
3239 2270 3718 2342 διαπορευόμενος.

2130 2361 2300 2414 Τοῦτο
2328 2360 2384 2412 δὲ
2414 2361 2475 2412 τὸ
2496 2361 2710 2431 τμῆμα,
2741 2361 2959 2431 πρῶτον
2979 2361 3450 2433 δωδεκατημόριον
3478 2363 3572 2415 κει)⁵
3601 2364 3718 2432 ἰση-

2134 2454 2371 2524 μερινὸν,
2393 2454 2486 2506 καὶ
2516 2452 2700 2523 μηνῶν
2727 2453 2922 2524 ἀρχὴν,
2965 2455 3057 2506 καὶ
3102 2453 3342 2524 κεφαλὴν
3374 2454 3467 2506 τοῦ
3491 2452 3714 2518 κύκλου,

2131 2545 2226 2598 καὶ
2252 2545 2443 2613 ἄφεσιν
2475 2544 2584 2614 (19)
2610 2543 2704 2596 τοῦ
2727 2545 2836 2597 τῶν
2859 2544 3141 2616 πλανητῶν
3165 2545 3362 2617 δρόμου
3385 2545 3568 2599 καλεῖν
3594 2545 3719 2599 εἰώ-

2132 2633 2258 2689 θασι
2281 2653 2294 2666 ·
2328 2637 2390 2688 τὸ
2419 2634 2476 2689 δὲ
2509 2635 2614 2707 πρὸ
2641 2634 2853 2701 τούτου,
2891 2635 3074 2706 μηνῶν
3119 2635 3344 2706 ἔσχατον
3376 2637 3471 2690 καὶ
3523 2637 3720 2707 τμῆμα

2133 2724 2433 2778 δωδέκατον
2462 2726 2556 2778 καὶ
2581 2725 2888 2779 τελευταῖον
2915 2725 3406 2798 δωδεκατημόριον,
3450 2728 3541 2780 καὶ
3565 2727 3718 2790 τέλος

2136 2816 2236 2886 τῆς
2269 2816 2378 2870 τῶν
2407 2817 2697 2888 πλανητῶν
2728 2817 2999 2890 περιόδου.
3031 2819 3121 2870 Διὸ
3163 2820 3259 2872 καὶ
3295 2819 3420 2882 τοὺς
3459 2819 3517 2870 ὲν
3567 2816 3719 2888 αὐτῷ

2133 2907 2446 2979 τιθεμένους
2477 2909 2570 2962 τὸν
2594 2909 2810 2981 πρῶτον
2841 2910 3009 2980 μῆνα,
3043 2910 3135 2962 καὶ
3188 2909 3285 2980 τὴν
3324 2925 3717 2980 τεσσαρεσκαι-

2133 2995 2365 3066 δεκάτην
2420 2995 2518 3049 τοῦ
2558 2997 2751 3068 Πάσχα
2797 3000 2918 3051 κατ’
2943 2999 3114 3070 αὐτὴν
3159 2998 3531 3069 λαμϐάνοντας
3583 3000 3718 3072 (20),

2136 3087 2198 3140 οὐ
2230 3087 2439 3158 μικρῶς
2467 3088 2573 3142 οὐδ’
2603 3089 2678 3155 ὡς
2706 3089 2896 3160 ἔτυχεν
2916 3091 3252 3161 ἁμαρτάνειν
3275 3093 3473 3162 φαμέν.

1563 3181 1648 3237 l'll.
1694 3183 2044 3252 Antiquorum
2075 3181 2387 3238 Iudaeorum
2417 3185 2618 3253 opinio.

519 3278 624 3332 Sed
650 3295 748 3333 rrec
777 3294 807 3333 a
838 3279 996 3335 nobis
1027 3281 1219 3350 primis
1243 3280 1527 3336 exordium
1543 3279 1837 3334 sumithtrc
1859 3278 1998 3333 ratio
2024 3296 2037 3333 :
2069 3286 2112 3344 C

447 3371 695 3440 antiquis
714 3369 920 3426 Judaais
938 3370 1110 3426 fuisse
1131 3371 1486 3440 comprobata
1503 3382 1836 3425 monstratur
1846 3382 1900 3424 et
1912 3383 2036 3424 ante

461 3461 759 3516 adventum
797 3461 1003 3518 Christi
1034 3463 1342 3516 observata.
1395 3460 1546 3515 Sicut
1577 3462 1854 3516 evidenter
1877 3461 2037 3515 docet

2220 3279 2377 3333 Ἐστι
2403 3280 2450 3334 δ’
2475 3282 2572 3352 οὐχ
2603 3280 2870 3352 ἡμέτερος
2893 3276 3046 3346 οὗτος
3071 3283 3101 3333 ό
3120 3280 3277 3349 λόγος
3298 3298 3312 3312 ο
3368 3278 3638 3344 Ἰουδαίοις
3659 3280 3721 3334 δὲ

2142 3371 2473 3440 ἐγινώσκετο
2503 3375 2615 3438 τοῖς
2643 3374 2810 3427 πάλαι
2838 3375 2932 3427 καὶ
2961 3375 3068 3445 πρὸ
3090 3371 3324 3443 Χριστοῦ
3349 3390 3363 3404 ο
3394 3373 3723 3442 ἐφυλάττετο

2141 3481 2199 3516 τε
2229 3465 2364 3537 πρὸς
2394 3465 2574 3520 αὐτῶν
2605 3466 2716 3537 (21)
2752 3466 3006 3538 μάλιστα.
3033 3466 3239 3520 Μαθεῖν
3265 3465 3310 3518 δ’
3340 3465 3484 3518 ἐστιν
3523 3465 3587 3518 ὲκ
3610 3464 3724 3519 τῶν

1648 3604 1728 3662 Η.
1785 3603 2009 3664 Valesii
2037 3605 2503 3682 interpretatio.

519 3694 586 3751 ll.
642 3693 823 3753 Habes
853 3700 1017 3777 igitur
1050 3702 1104 3755 in
1136 3703 1488 3777 p_rimo_anno
1515 3703 1856 3777 novilunium
1903 3703 2065 3777 primi
2097 3707 2348 3771 mensis,
2385 3708 2532 3776 quod
2577 3717 2741 3777 caput
2771 3718 2853 3762 est
2899 3708 3068 3762 totius
3111 3706 3307 3777 circuli
3340 3705 3716 3760 novemdecim

448 3782 720 3849 annorum
752 3786 766 3823 :
798 3771 1098 3849 secundum
1126 3771 1660 3849 Asgyptiosquidem
1687 3773 1772 3826 die
1794 3773 2053 3849 vicesima
2083 3785 2241 3849 sexta
2272 3771 2476 3832 mensis
2518 3771 2860 3849 Phamcnoth
2885 3795 2899 3843 ;
2927 3848 2932 3849 γ
2945 3779 3100 3846 juxta
3127 3775 3452 3849 Macedones
3475 3790 3606 3849 vero
3630 3778 3720 3849 die

447 3842 712 3914 vicesimo
749 3842 990 3914 secundo
1019 3842 1555 3914 mensis’Dystri,‘ut
1581 3852 1775 3908 autem.
1795 3842 2030 3897 Romani
2069 3848 2352 3910 dicerent,
2400 3857 2528 3903 ante
2560 3850 2703 3904 diem
2741 3842 3098 3902 undecimum
3142 3845 3512 3900 Kalendarum
3548 3845 3717 3914 Apri-

447 3907 603 3961 lium.
656 3907 827 3965 Porro
865 3911 922 3964 in
953 3911 1264 3982 supradicta
1299 3907 1388 3987 die
1432 3912 1689 3968 vicesima
1734 3907 1889 3987 sexta
1925 3917 2129 3971 mensis
2171 3907 2510 3972 Pham'enoth
2534 3959 2550 3984 ,
2591 3920 2674 3973 sol
2709 3917 2980 3987 reperitur
3025 3932 3134 3971 non
3168 3917 3329 3970 modo
3361 3907 3721 3984 primurn'iu-

445 3993 670 4058 gressus
691 3991 1032 4058 segmentum
1053 4023 1069 4044 ,
1096 3999 1285 4037 verum
1319 3985 1484 4058 etiam
1515 3992 1772 4058 quartum
1803 3986 1854 4038 in
1885 4001 1950 4038 ea
1997 3987 2138 4039 dictu
2177 4003 2527 4056 percurrens.
2582 3989 2737 4043 Hanc
2772 3985 2987 4056 partem
3031 3989 3267 4056 primum
3325 3987 3712 4040 dodecatemo-

446 4050 698 4125 rium,‘et
725 4050 1116 4125 aequinoctium
1139 4071 1154 4118 ;
1181 4062 1236 4108 et
1274 4050 1550 4109 mensium
1595 4055 1834 4116 initium.
1869 4065 1924 4109 et
1953 4066 2118 4124 caput
2147 4050 2375 4122 circuli,
2425 4069 2479 4114 et
2512 4075 2764 4114 carceres
2778 4050 2993 4112 'cursus
3023 4050 3367 4125 planetarum
3406 4071 3602 4108 vocare
3628 4071 3721 4108 so-

445 4117 580 4198 lent.
613 4118 748 4186 Quae
780 4117 911 4198 vero
938 4122 1080 4178 hanc
1113 4117 1320 4198 partem
1345 4126 1894 4198 proximeanteeedit
1915 4167 1932 4192 ,
1973 4117 2097 4180 ﬁnis
2129 4117 2432 4193 mensium,
2463 4139 2517 4183 et
2549 4137 2893 4198 segmentum
2929 4117 3339 4198 duodecimum,
3376 4135 3431 4180 et
3466 4127 3719 4178 ultimum

457 4189 960 4245 dodecatemorium
993 4232 1008 4257 ,
1055 4189 1411 4266 etitermin'us
1441 4195 1705 4250 circuitus
1741 4189 2080 4265 planetarum
2128 4208 2372 4253 vocatur.
2421 4189 2819 4265 Quamobrem,
2864 4197 2957 4266 qui
3015 4197 3248 4266 primum
3285 4211 3528 4250 mensem
3566 4198 3618 4253 in
3653 4210 3722 4250 ea

456 4267 726 4328 statuunt,
749 4269 804 4316 et
827 4270 1080 4331 quartam
1109 4263 1378 4320 decimam
1410 4265 1683 4335 paschalis
1710 4263 1833 4321 festi
1871 4282 1939 4322 ex
1968 4283 2034 4322 ea
2061 4268 2357 4334 deducunt,
2386 4263 2482 4324 eos
2517 4284 2626 4323 non
2662 4263 3216 4322 medioci-iter'errare
3244 4267 3598 4320 allii-mantus.

529 4352 621 4407 Ill.
656 4355 977 4434 Atquehazc
1001 4359 1396 4434 Opinio__non_a
1424 4353 1584 4416 nobis
1617 4362 1853 4434 primum
1887 4365 2197 4434 excogitata
2237 4373 2354 4431 est;
2380 4364 2477 4434 sed
2513 4380 2542 4417 a
2573 4361 2767 4434 priscis
2808 4359 3012 4434 Iudaeis
3035 4359 3216 4434 etiam?
3238 4372 3365 4434 ante,
3388 4358 3590 4434 Chri~ti
3621 4356 3719 4413 ad-

449 4437 671 4478 ventum
703 4429 953 4503 coguita,
990 4439 1046 4482 et
1086 4431 1155 4503 ab
1184 4431 1251 4503 iis
1277 4432 1564 4502 diligenter
1588 4429 1879 4488 observata
1918 4429 2051 4488 est:
2066 4432 2233 4503 quue
2262 4429 2636 4496 ex'Pbiloni—s,
2679 4430 2902 4499 Josepbi
2933 4446 2997 4485 ac
3035 4430 3221 4503 Μαεωὶ
3261 4431 3438 4503 verbis
3465 4430 3588 4503 licet
3618 4443 3688 4482 co

450 4509 736 4562 guoscere.
769 4499 960 4567 Neque
985 4513 1050 4553 ex
1087 4499 1173 4554 bis
1215 4499 1501 4566 duntaxat,
1545 4518 1733 4558 verum
1773 4505 1938 4560 etiam
1965 4520 2032 4560 ex
2065 4499 2188 4560 aliis
2226 4504 2632 4574 antiquioribus
2667 4519 2681 4556 :
2711 4503 2926 4557 duobus
2954 4502 3162 4556 scilicet
3188 4500 3569 4572 Agathobulis,
3609 4515 3684 4569 qu

518 4703 633 4775 (15)
667 4704 706 4755 Α
749 4743 762 4757 .
805 4743 874 4787 ..ἱ
911 4743 922 4754 .
966 4705 1024 4757 1η
1052 4721 1151 4757 ms.
1182 4714 1302 4758 erat
1329 4722 1472 4758 accc.
1507 4704 1701 4763 Nescio
1733 4723 1801 4762 an
1836 4709 1928 4771 sit,
1969 4724 2032 4761 ac
2064 4711 2110 4766 D
2138 4707 2613 4787 gendumestfﬁ,
2643 4716 2704 4760 ut
2739 4705 3025 4787 sequentia
3051 4705 3447 4787 demonstrant.
3479 4705 3721 4764 Bucues.

447 4792 526 4830 cc.
555 4774 634 4847 an
670 4791 733 4847 ρο
761 4791 808 4826 c.
839 4775 1102 4847 Bucusu._
1196 4844 1203 4847 Δ
1327 4844 1341 4847 _

2144 4774 2163 4778 ⁷
2211 4778 2324 4846 (19)
2351 4779 2461 4831 Kal
2487 4774 2710 4847 assem
2738 4774 2846 4831 τοῦ
2875 4774 3120 4844 δρόμου.
3173 4775 3325 4830 Hanc
3358 4792 3563 4847 vocem
3613 4796 3726 4835 non

521 4845 634 4916 (16)
667 4842 734 4916 Id
760 4854 838 4899 est
870 4861 968 4898 vm
993 4843 1289 4916 Kalendas.
1325 4844 1401 4899 Ita
1425 4861 1680 4915 expresse
1705 4863 1809 4903 ms.
1839 4848 2033 4910 codex,
2142 4842 2891 4916 intellexerunt'interpretes.
2911 4842 3142 4914 "Aeaci;
3184 4846 3400 4914 proprie
3431 4857 3513 4899 est
3541 4858 3726 4903 trans-

447 4915 574 4972 licet
595 4915 954 4988 conformiter
971 4917 1038 4970 ad
1065 4915 1434 4984 praecedentes
1453 4933 1712 4984 numeros
1743 4917 2033 4988 legendum

445 4995 594 5069 esset
621 5001 699 5110 x’t.
755 4983 932 5040 Credo
983 4983 1108 5042 esse
1146 5001 1337 5040 verum
1387 4983 1597 5057 antiqui
1642 4983 1826 5043 textus
1868 4989 2036 5045 vesti-

446 5072 613 5110 unum.
672 5072 727 5110 ο.

484 5072 613 5112 Illm.
651 5072 727 5111 ID.

446 5074 830 5198 ωιὲῗὶέ)¹ξέχει
859 5125 1091 5198 τοίνυν.
1139 5123 1239 5181 Hic
1271 5127 1552 5184 subaudiri
1601 5128 1807 5196 aliquid
1859 5126 2036 5180 mani-

447 5195 648 5253 festum
698 5195 804 5251 est.
847 5195 1386 5268 ChristOphorsonus
1425 5199 1644 5268 quidem
1700 5195 1911 5268 festum
1941 5211 2037 5264 pa-

447 5268 633 5339 schale
677 5267 962 5339 subaudiri
994 5267 1361 5339 existimavit;
1401 5267 1550 5339 quod
1595 5278 1680 5323 est
1716 5267 2037 5339 absurdum.

445 5335 635 5407 Neque
680 5337 826 5393 enim
870 5336 1080 5392 Pascha
1115 5337 1308 5392 incidit
1358 5335 1433 5392 in'
1471 5339 1815 5394 novilunium
1878 5337 2038 5404 primi

448 5408 677 5463 mensis.
709 5407 822 5476 Ego
847 5423 976 5462 vero
1009 5408 1264 5464 existimo
1305 5409 1656 5465 scribendum
1706 5422 1829 5477 esse
1858 5407 2035 5477 ἐχειςτ

447 5478 532 5532 τοι
567 5485 714 5532 certe
745 5477 835 5548 ἔχε
865 5479 919 5531 in
967 5478 1313 5547 imperativo.
1367 5478 1565 5534 Vaces.
1592 5507 1664 5548 τ-
1688 5476 1894 5548 Graeca
1928 5477 2042 5548 hinc

446 5546 1233 5604 Anatoliana'iservavit’nobis
1265 5549 1538 5604 Eusebius
1582 5547 1728 5602 Hist.
1782 5546 1909 5600 eccl.
1943 5547 2038 5602 lib.

448 5632 548 5679 vn.
580 5633 700 5687 cap.
735 5605 824 5672 δῖ.
859 5616 930 5670 Ea
961 5618 1386 5674 sistimus-inter
1420 5628 1656 5673 veterem
1690 5618 2040 5686 interpretem

449 5687 876 5747 Bucherianum,
913 5698 969 5743 et
1008 5692 1373 5743 recentiorem
1411 5688 1716 5741 Valesium.

523 5758 636 5827 (18)
677 5757 754 5827 Τῇ
789 5761 915 5812 κατ’
946 5760 1315 5827 Αἰγυπτίους
1335 5757 1453 5826 μὲν
1483 5755 1785 5826 φαμενώθ.
1825 5755 1880 5808 In
1917 5758 2035 5811 cod.

451 5826 622 5895 Meda
653 5826 787 5885 Fuk.
838 5841 887 5886 et
917 5826 1118 5884 Mazar.
1155 5829 1352 5899 legitur
1381 5830 1498 5898 τήν.
1538 5827 1644 5883 Sed
1693 5829 1916 5882 omnino
1965 5829 2040 5883 le-

2141 4933 2281 4971 enna
2311 4959 2324 4983 ,
2353 4933 2420 4972 ex
2449 4934 2556 4987 qua
2594 4920 2917 4987 emittuntur
2949 4917 3249 4987 quadriga),
3291 4925 3347 4969 ut
3371 4926 3537 4987 recte
3567 4929 3725 4974 nota-

2145 4989 2223 5041 vit
2250 4985 2490 5058 Scaliger
2513 4989 2564 5041 in
2599 4989 2740 5044 notis
2773 4988 2838 5041 ad
2867 4985 3146 5058 Manilium
3173 5002 3293 5058 pag.
3324 4986 3446 5040 126.
3480 4985 3724 5044 Primum

2141 5058 2304 5128 igitur
2336 5056 2831 5114 dodecatemorium
2870 5056 3160 5128 vocabatur
3188 5056 3410 5124 ἄφεσις,
3459 5059 3603 5125 quod
3655 5061 3728 5115 ab

2147 5125 2239 5182 illo
2276 5137 2533 5198 tanquam
2563 5145 2593 5183 a
2623 5128 2940 5184 carceribus
2968 5125 3232 5198 inciperet
3253 5140 3449 5198 cursus
3476 5128 3726 5198 planeta-

2146 5215 2295 5269 ιἰιιη.Δ
2324 5195 2549 5268 "Alpem;
2569 5215 2699 5269 ergo
2719 5201 2858 5253 idem
2886 5210 2967 5269 est
2993 5197 3140 5265 quod
3164 5196 3455 5269 dcasquia.
3491 5195 3688 5253 νΑιεε.

2215 5267 2328 5340 (εο)
2359 5265 2496 5323 κατ’
2530 5265 2724 5336 accipe
2743 5265 3182 5340 λαμϐάνοντας,
3205 5265 3454 5340 Omnino
3469 5269 3727 5340 scriben-

2143 5337 2273 5393 dum
2311 5337 2407 5394 est
2454 5343 2576 5394 κατ’
2631 5340 2784 5406 αὑτό,
2822 5337 2880 5392 ut
2927 5337 3038 5406 jam
3096 5338 3304 5406 pridem
3359 5338 3722 5404 conieceram.

2143 5413 2319 5466 Atque
2352 5411 2422 5466 ita
2455 5411 2762 5465 emendavit
2798 5406 3123 5462 Pelaviusin
3156 5407 3727 5463 animadversionibus

2145 5481 2210 5533 ad
2232 5477 2780 5548 Epiphanium,pag.
2816 5477 2943 5541 190,
2978 5477 3068 5548 ubi
3107 5477 3250 5530 hunc
3275 5477 3511 5531 Anatolii
3544 5477 3726 5533 locum

2877 5563 2946 5600 uo
2997 5547 3161 5617 etiam
3201 5548 3523 5617 exponendo
3568 5564 3728 5617 egre-

2148 5549 2435 5619 diligenter
2473 5551 2717 5618 exponit.
2747 5549 2802 5604 In

2885 5617 3062 5686 gidius
3085 5613 3403 5686 Buchr-rius.
3433 5615 3508 5670 lo.

2149 5620 2289 5687 giam
2325 5636 2543 5688 operam
2582 5620 2792 5688 navavit

2220 5688 2331 5759 (21)
2362 5685 2520 5757 Πρὸς
2549 5687 2766 5742 αὐτῶν.
2803 5685 3057 5756 Legeram
3085 5687 3260 5759 πρός..
3284 5685 3437 5759 Nunc
3490 5702 3617 5759 vero
3670 5687 3726 5759 in

2147 5744 2472 5828 quibu'sda'm
2497 5744 2726 5813 schedis
2775 5744 2990 5812 vidctur
3018 5744 3301 5828 esseadd
3339 5797 3390 5809 ..
3432 5797 3444 5811 .
3476 5794 3488 5808 .
3541 5755 3618 5812 lla
3669 5756 3723 5811 in

2146 5825 2470 5884 emendaud.
2505 5829 2570 5882 ad
2607 5829 2807 5884 calcem
2840 5829 2970 5884 edit.
2995 5825 3252 5882 Cantabr;
