4034 6432
442 337 547 392 215

1570 340 1625 393 S.
1668 338 1991 394 ANATOLII
2030 340 2493 397 ALEXANDRINI

3587 350 3688 404 216

444 455 901 513 monstrationum
964 459 1175 529 copiam
1242 460 1455 531 exigere
1520 461 2006 529 praetermittimus,

2114 462 2364 527 τοιαύτας
2411 461 2516 517 τῶν
2558 464 2887 531 ἀποδείξεων
2934 463 3065 529 ὕλας
3120 464 3369 520 ἁπαιτῶν
3427 466 3573 536 (25),
3617 461 3688 521 ὧν

443 551 645 620 quibus
672 553 912 608 velamen
945 552 1196 610 Mosaicae
1224 555 1354 624 legis
1385 555 1622 608 ablatum
1656 563 1739 609 est
1769 573 1781 608 :
1813 562 1867 608 et
1894 554 2019 625 qui-
2071 586 2075 591 ~

444 642 549 697 bus
580 644 815 699 revelata
857 645 971 715 jam
1034 646 1171 700 facie
1223 645 1523 709 Christum,
1572 646 1888 716 Christique
1920 648 2017 700 do-

443 735 677 790 ctrinam
704 742 756 790 et
791 738 1102 806 passionem
1134 746 1391 806 tanquam
1418 738 1470 791 in
1506 740 1727 807 speculo
1759 739 2014 807 deinceps

445 825 642 881 intueri
675 826 818 882 licet.
852 828 1120 882 Caeterum
1179 827 1414 897 primum
1452 845 1693 884 mensem
1725 828 1866 899 apud
1903 827 2009 883 lle-

444 917 624 975 brazos
655 920 800 975 circa
830 922 1215 991 aequinoctium
1267 922 1505 992 incipere
1558 923 1842 978 manifeste
1888 937 2015 977 con-

444 1012 699 1075 vincitur,
733 1015 816 1069 vel
846 1030 911 1070 ex
970 1016 1037 1071 iis
1066 1019 1354 1087 praeceptis
1384 1032 1506 1087 quae
1542 1017 1593 1071 in
1656 1017 1794 1071 libro
1826 1014 2013 1070 Enoeh

444 1101 714 1171 leguntur.

442 1310 529 1368 Vl.
571 1308 783 1366 Pascha
831 1330 937 1369 non
972 1314 1077 1368 nisi
1123 1325 1241 1383 post
1289 1323 1611 1367 transactum
1642 1312 2016 1382 wquinoctium

1004 1384 1393 1440 celebrandum.

512 1491 577 1544 Et
627 1492 747 1546 ideo
812 1492 866 1547 in
922 1493 1026 1549 hac
1096 1494 1517 1550 concordatione
1581 1494 1714 1549 solis
1771 1504 1825 1549 et
1874 1493 2017 1549 luna!

438 1580 649 1638 Pascha
677 1598 786 1638 non
811 1595 896 1640 est
930 1584 1352 1652 immolandum,
1389 1585 1519 1656 quia
1544 1585 1787 1656 quandiu
1821 1585 1874 1638 in
1911 1585 2013 1638 hoc

438 1690 602 1730 cursu
660 1675 1162 1746 deprehenduntur,
1216 1678 1566 1732 tenebrarum
1630 1685 1873 1747 potestas
1901 1691 2009 1731 non

435 1775 522 1820 est
556 1766 729 1833 victa;
773 1778 827 1821 et
873 1769 1115 1838 quandiu
1148 1769 1433 1837 aequalitas
1460 1769 1601 1823 inter
1621 1769 1795 1823 lucem
1828 1776 1883 1823 et
1919 1777 2003 1823 te-

437 1861 639 1917 nebras
663 1861 942 1931 perdurat,
970 1876 1072 1917 nec
1106 1877 1136 1915 a
1184 1862 1305 1916 luce
1329 1860 1618 1925 diminuta,
1660 1858 1867 1915 Pascha
1901 1875 2009 1913 non

436 1966 561 2007 esse
622 1951 1019 2008 immolandum
1059 1954 1386 2009 ostenditur.
1450 1952 1658 2008 Idcirco
1705 1967 1838 2023 ergo
1887 1961 2014 2023 post

437 2045 827 2115 aequinoctium
894 2045 1101 2101 Pascha
1162 2046 1433 2101 immolari
1495 2045 1828 2115 praecipitur,
1882 2044 2010 2114 quia

438 2150 528 2189 xlv
559 2136 689 2191 luna
714 2146 839 2191 ante
867 2138 1279 2206 :equinoctium,
1318 2146 1373 2192 et
1401 2138 1455 2191 in
1488 2136 1817 2207 aequinoctio
1844 2145 2011 2191 totam

441 2238 655 2282 noctem
693 2243 800 2283 nou
849 2230 1055 2299 implet.
1108 2229 1241 2283 Post
1288 2230 1675 2299 aequinoctium
1716 2243 1848 2284 vero
1882 2229 2013 2287 luna

438 2332 531 2371 xiv
562 2333 668 2372 una
696 2319 783 2373 die
812 2319 1042 2388 adjecta,
1076 2320 1224 2389 quod
1259 2329 1342 2375 est
1370 2318 1681 2389 aequinoctii
1706 2331 2012 2391 transgres-

438 2423 557 2473 sus,
594 2409 721 2464 licet
768 2410 835 2463 ad
885 2424 1074 2465 verum
1107 2409 1312 2473 lumen,
1347 2410 1398 2464 id
1461 2418 1545 2466 est
1592 2418 1771 2465 ortum
1806 2410 1937 2465 solis
1958 2419 2013 2465 et

436 2500 545 2554 diei
596 2500 920 2571 principium
954 2515 1062 2555 non
1092 2501 1454 2570 pertenderit;
1480 2512 1662 2557 tamen
1694 2512 1818 2571 post
1844 2518 1903 2557 se
1926 2510 2011 2558 te-

438 2592 640 2648 nebras
691 2608 798 2647 non
847 2593 1205 2663 derelinquet.
1271 2591 1395 2652 Ideo
1453 2608 1585 2656 ergo
1637 2604 1843 2664 septem
1895 2593 2012 2649 dies

435 2699 751 2755 azymorum
788 2684 854 2738 ad
897 2685 1287 2740 immolandum
1340 2684 1550 2741 Pascha
1608 2684 1784 2757 Moysi
1833 2701 1862 2740 a
1913 2684 2014 2741 Do-

435 2775 586 2828 mino
615 2774 874 2829 custodiri
901 2774 1185 2845 jubentur,
1234 2782 1295 2829 ut
1328 2775 1381 2828 in
1419 2775 1554 2845 ipsis
1581 2776 1728 2830 nulla
1760 2774 2008 2830 tenebra—

436 2882 558 2920 rum
593 2875 831 2935 petestas
862 2866 1038 2920 lucem
1063 2866 1378 2936 supergredi
1423 2866 1748 2920 inveniatur.
1792 2864 1860 2919 Et
1888 2867 2013 2920 licet

2033 1240 2100 1252 ..-

2128 554 2454 629 περιῄρηται
2504 556 2600 626 μὲν
2658 556 2717 610 τὸ
2761 556 2854 609 ἐπὶ
2906 556 2999 610 τοῦ
3061 557 3339 622 Μωῦσέως
3397 558 3545 629 νόμῳ
3591 561 3691 612 κά-

2124 647 2333 718 λυμμα·
2385 648 2893 720 ἀνακεκαλυμμένῳ
2938 649 2995 703 δὲ
3053 648 3131 721 τῷ
3179 650 3453 722 προσώπῳ
3511 650 3691 706 λοιπὸν

2124 738 2221 810 ἤδη
2278 739 2512 812 Χριστὸν
2560 741 2653 792 καὶ
2698 740 2766 794 τὰ
2820 739 3055 812 Χριστοῦ
3109 741 3196 795 ἀεὶ
3241 742 3691 816 κατοπτρίζεσθαι

2124 826 2421 900 μαθήματά
2460 846 2518 882 τε
2571 829 2666 883 καὶ
2716 828 3044 902 παθήματα.
3101 830 3208 884 Τοῦ
3252 831 3309 885 δὲ
3342 832 3433 885 τὸν
3480 832 3691 905 πρῶτον

2121 921 2249 989 παρ’
2316 919 2586 991 Ἑϐραίοις
2645 921 2789 992 μῆνα
2848 920 2978 993 περὶ
3034 922 3324 993 ἰσημερίαν
3382 919 3542 990 εἶναι,
3581 942 3690 978 πα-

2124 1012 2422 1079 ραστατικὰ
2490 1012 2584 1064 καὶ
2661 1011 2730 1065 τὰ
2801 1014 2858 1066 ὲν
2928 1012 3005 1083 τῷ
3084 1012 3254 1084 Ἑνὼχ
3328 1014 3439 1085 (26)
3514 1016 3688 1086 μαθή-

2124 1120 2287 1172 ματα.

2123 1315 2176 1359 et
2207 1320 2311 1356 non
2346 1312 2429 1358 est
2470 1302 2899 1357 communicatio
2944 1303 3052 1357 luci
3096 1320 3224 1358 cum
3253 1304 3510 1360 tenebris.
3550 1304 3611 1359 Et
3642 1306 3689 1362 si

2123 1397 2179 1449 in
2223 1396 2382 1451 tertia
2436 1396 2619 1465 vigilia
2678 1395 2804 1449 luna
2833 1396 3125 1459 scanderit,
3179 1412 3285 1453 non
3332 1410 3415 1453 est
3462 1398 3689 1454 dubium

2122 1489 2305 1542 lunam
2342 1503 2455 1541 xxu
2486 1488 2569 1544 vel
2623 1503 2758 1541 xxm
2807 1488 2990 1541 lunam
3041 1498 3310 1555 exortam,
3363 1491 3417 1544 in
3452 1506 3558 1560 qua
3594 1507 3690 1547 ve-

2120 1594 2242 1633 rum
2280 1576 2487 1634 Pascha
2523 1594 2631 1633 non
2664 1587 2749 1632 est
2779 1579 3037 1648 possibile
3086 1580 3380 1635 immolari.
3407 1579 3542 1636 Nam
3588 1583 3684 1653 qui

2118 1671 2221 1726 hac
2253 1680 2412 1725 aetate
2462 1671 2607 1726 luna:
2658 1670 2867 1726 Pascha
2899 1670 3169 1725 deﬁniunt
3200 1687 3361 1741 posse
3402 1674 3688 1757 celebrari,

2114 1777 2223 1817 non
2253 1763 2430 1818 solum
2458 1763 2587 1818 illud
2609 1764 2933 1819 auctoritate
2967 1763 3508 1835 divinaLScriptura!
3539 1766 3682 1821 afﬁr—

2113 1868 2263 1908 mare
2296 1868 2403 1908 nou
2438 1862 2690 1923 possunt,
2727 1855 2822 1911 sed
2854 1863 2909 1908 et
2941 1855 3212 1924 sacrilegii
3242 1865 3295 1910 et
3318 1857 3678 1912 contumaciae

2115 1947 2320 2003 crimen
2344 1985 2360 2009 ,
2394 1954 2449 2001 et
2480 1947 2786 2001 animarum
2833 1946 3134 2016 periculum
3176 1946 3500 2020 incurrunt;
3556 1948 3687 2005 dum

2115 2038 2388 2094 afﬁrmant
2440 2055 2620 2093 veram
2658 2040 2831 2094 lucem
2868 2055 3029 2109 posse
3090 2040 3363 2095 immolari
3411 2057 3536 2096 cum
3584 2043 3691 2097 ali-

2113 2144 2222 2198 qua
2254 2127 2626 2183 dominatione
2682 2128 3052 2195 tenebrarum,
3109 2146 3231 2200 quae
3278 2132 3536 2188 omnibus
3584 2134 3687 2189 do-

2117 2220 2378 2275 minetur.

2117 2334 2252 2390 VIII.
2295 2333 2494 2390 Contra
2525 2334 3017 2409 quosdamGallire
3044 2340 3406 2407 compatistas,
3439 2340 3529 2409 qui
3562 2340 3689 2393 luna

2293 2422 2387 2460 χχι
2414 2416 2463 2460 et
2496 2420 2608 2459 xxtt
2639 2404 2848 2460 Pascha
2876 2404 3169 2477 legitimum
3198 2404 3526 2464 sanciebaht.

2187 2497 2352 2568 Igitur
2387 2513 2494 2552 non
2520 2506 2605 2553 est
2637 2496 2765 2553 huic
2814 2498 3103 2553 assertioni
3148 2500 3509 2564 contrarium,
3544 2500 3690 2554 sicut

2115 2591 2337 2661 quidam
2370 2590 2558 2646 Galliae
2590 2589 2763 2659 partis
2818 2590 3145 2659 computarii
3200 2589 3501 2657 afﬁrmant,
3551 2592 3687 2646 illud

2116 2683 2261 2753 quod
2294 2684 2347 2736 in
2383 2680 2569 2737 Exodo
2596 2681 2827 2749 legitur:
2867 2679 3054 2734 Primo
3080 2698 3271 2747 mense,
3309 2698 3397 2735 xiv
3426 2682 3512 2735 die
3543 2699 3689 2736 men-

2113 2772 2186 2824 sis
2215 2772 2372 2841 primi
2401 2772 2470 2825 ad
2522 2787 2789 2841 vesperum
2845 2772 3123 2825 comedetis
3158 2789 3365 2842 azyma,
3423 2790 3582 2843 usque
3616 2774 3685 2825 ad

2115 2864 2415 2918 vicesimum
2466 2864 2693 2932 primum
2743 2864 2883 2917 diem
2925 2867 3114 2919 mensis
3159 2867 3226 2918 ad
3256 2882 3542 2935 vesperum.
3589 2864 3686 2919 Se-

435 2966 673 3026 quatuor
699 2959 937 3013 noctium
965 2959 1178 3014 initium
1220 2960 1580 3023 tenebrescat,
1630 2961 1679 3014 id
1713 2970 1796 3015 est
1824 2976 1931 3013 xvu
1954 2971 2007 3014 et
2033 2968 2075 3024 ο
2106 2963 2243 3024 ptem
2292 2954 2475 3008 diebus
2526 2954 2838 3023 fermentum
2861 2972 2962 3010 non
3012 2957 3304 3011 invenietur
3334 2959 3388 3011 in
3438 2959 3684 3013 domibus

437 3067 571 3105 xviii
601 3060 657 3105 et
686 3067 798 3117 χιχ,
847 3062 901 3108 et
927 3069 1018 3115 xx,
1067 3065 1248 3109 tamen
1283 3054 1542 3123 vigesima
1574 3055 1699 3109 luna
1755 3056 2004 3109 tenebras

435 3143 656 3198 extendi
683 3158 859 3214 usque
907 3145 974 3200 ad
1010 3145 1185 3201 noctis
1220 3146 1459 3199 medium
1498 3154 1624 3200 ante
1669 3157 1859 3201 exorta
1895 3160 2002 3199 non

436 3236 711 3303 permittit.

436 3346 548 3403 VII.
604 3347 813 3403 Pascha
867 3350 1306 3474 immolarirluna
1363 3365 1473 3404 xxu
1517 3366 1617 3403 non
1664 3350 1771 3404 vult
1804 3351 2005 3404 Anato-

1164 3437 1266 3474 ius.

1164 3437 1266 3474 ius.

504 3509 672 3566 Nobis
724 3520 929 3576 autem,
978 3512 1179 3581 quibus
1241 3512 1576 3580 impossibile
1636 3522 1719 3572 est
1775 3522 1833 3566 ut
1891 3513 2003 3567 haec

435 3603 619 3658 omnia
645 3618 755 3658 uno
782 3604 1086 3673 eodemque
1121 3612 1362 3671 tempore
1384 3613 1507 3673 apte
1549 3604 1787 3666 veniant,
1840 3605 1893 3658 id
1923 3613 2006 3657 est

438 3695 568 3746 luna
593 3707 681 3745 xiv
712 3700 767 3746 et
803 3691 919 3747 dies
959 3690 1265 3755 Dominica,
1315 3691 1645 3761 aequinoctio
1689 3700 2001 3758 transacto;

435 3793 490 3840 et
521 3798 664 3854 quos
715 3783 1014 3839 necessitas
1066 3783 1361 3837 Dontinica:
1407 3782 1825 3837 resurrectionis
1870 3796 2002 3835 con—

437 3872 674 3946 stringit,
710 3882 773 3928 ut
820 3876 876 3929 in
918 3875 1006 3929 die
1048 3872 1330 3928 Dominica
1378 3873 1585 3928 Pascha
1625 3872 2003 3931 immolemus;

436 3968 758 4023 conceditur
785 3976 844 4021 ut
874 3981 1047 4034 usque
1098 3965 1163 4017 ad
1196 3964 1510 4019 vicesimam
1570 3962 1755 4017 lunam
1805 3962 2004 4032 princi-

438 4059 592 4129 pium
622 4067 825 4114 nostrar.
860 4057 1222 4113 solemnitatis
1271 4055 1647 4110 extendamus.
1673 4052 1812 4120 Quia
1857 4054 2003 4107 vice-

437 4152 575 4207 sima
624 4153 750 4207 luna
773 4153 901 4209 licet
929 4160 1092 4208 totam
1126 4160 1342 4206 noctem
1389 4165 1497 4204 non
1545 4150 1787 4219 impleat,
1824 4159 2002 4203 tamen

436 4245 489 4298 in
524 4244 761 4298 secunda
812 4243 993 4314 vigilia
1042 4253 1229 4297 exorta
1277 4240 1541 4309 majorem
1594 4240 1769 4293 noctis
1795 4247 2002 4308 partem

2112 3045 2295 3099 vestris
2323 3045 2363 3097 ¹.
2398 3042 2549 3098 Unde
2579 3044 2847 3099 aﬂirinant
2872 3044 3080 3100 Pascha
3108 3047 3161 3100 in
3208 3047 3467 3103 vicesima
3506 3048 3680 3116 prima

2113 3137 2239 3191 lnna
2270 3151 2430 3206 posse
2487 3136 2795 3200 immolari;
2853 3137 3238 3207 intelligentes,
3273 3140 3419 3208 quod
3472 3141 3517 3194 si
3554 3141 3680 3194 luna

2113 3243 2229 3282 xxu
2259 3228 2467 3295 adjecta
2498 3226 2683 3291 fuerit,
2707 3245 2801 3282 vm
2828 3229 2947 3285 dies
2966 3246 3282 3301 azymorum
3312 3232 3683 3289 inveniantur.

2112 3320 2270 3387 Quod
2320 3323 2374 3374 in
2430 3319 2608 3375 Veteri
2674 3323 2893 3392 quidem
2941 3321 3292 3379 Testamento
3350 3342 3457 3380 non
3506 3336 3687 3396 potest

2114 3412 2465 3481 probabiliter
2495 3414 2748 3475 inveniri,
2795 3413 3025 3469 Domino
3076 3429 3170 3484 per
3204 3414 3443 3486 Moysem
3491 3419 3680 3485 ρι’ωοί-

2113 3505 2344 3571 piente:
2408 3500 2615 3571 Septem
2671 3503 2853 3557 diebus
2916 3506 3192 3558 comedetis
3250 3522 3438 3575 azyma
3486 3509 3526 3559 ⁸.
3567 3506 3683 3562 Nisi

2114 3595 2254 3650 forte
2285 3597 2353 3650 ab
2398 3597 2478 3652 eis
2530 3597 2774 3652 decimus
2801 3612 3028 3668 quartus
3053 3600 3170 3654 dies
3207 3600 3260 3654 in
3320 3602 3526 3671 azymis
3556 3620 3682 3658 cum

2115 3686 2336 3742 Pasclue
2389 3688 2761 3744 immolatione
2833 3706 2937 3743 non
2995 3704 3422 3759 annumeretur;
3491 3705 3682 3749 contra

2113 3779 2386 3851 Evangelii
2415 3781 2642 3846 dictum,
2674 3781 2940 3837 dicentis:
2985 3782 3165 3836 Prima
3196 3795 3373 3839 autem
3426 3787 3511 3840 die
3562 3804 3686 3857 σιν·

2114 3888 2317 3925 morum
2357 3870 2684 3928 accesserunt
2738 3874 2989 3941 discipuli
3021 3876 3090 3927 ad
3120 3874 3301 3930 Iesum
3328 3877 3368 3931 '.
3409 3877 3550 3944 Quin
3591 3880 3688 3933 du-

2113 3963 2261 4017 bium
2312 3978 2419 4017 non
2452 3975 2554 4031 est,
2584 3966 2715 4030 quin
2743 3980 2831 4019 xiv
2879 3965 2997 4021 dies
3054 3968 3144 4030 sit,
3194 3968 3246 4021 in
3285 3985 3394 4038 quo
3435 3970 3687 4039 discipuli

2115 4056 2403 4112 Dominum
2433 4058 2910 4129 interrogaverunt
2948 4060 3249 4114 secundum
3306 4076 3513 4116 morem
3540 4063 3685 4115 anti-

2112 4151 2296 4218 quitus
2355 4150 2458 4205 sibi
2509 4150 2866 4206 constitutum
2921 4170 2934 4203 :
3012 4148 3111 4203 Ubi
3164 4153 3238 4205 vis
3294 4169 3537 4222 paremus
3581 4154 3677 4207 tibi

2113 4242 2376 4296 comedere
2406 4241 2657 4298 Pascha?
2688 4241 2792 4297 Sed
2822 4241 2941 4296 ideo
2978 4243 3119 4297 hanc
3151 4243 3511 4313 adjectionem
3547 4243 3682 4299 allir-

435 4334 728 4390 illuminat.
761 4332 923 4389 Certe
985 4334 1030 4388 si
1067 4350 1242 4404 usque
1296 4334 1360 4387 ad
1411 4333 1643 4388 duarum
1697 4332 2002 4402 vigiliarum
2038 4327 2083 4384 D
2113 4344 2283 4398 mant,
2310 4334 2402 4403 qui
2429 4334 2481 4387 in
2508 4335 2611 4389 hoc
2630 4349 2817 4389 errore
2848 4334 3211 4403 decipiuntur,
3243 4336 3370 4405 quia
3405 4337 3679 4400 nesciunt,

436 4424 751 4489 terminum,
794 4424 940 4494 quod
990 4436 1075 4478 est
1123 4424 1297 4479 noctis
1341 4423 1602 4487 medium,
1654 4432 1808 4478 ortus
1860 4425 2003 4481 lunae

435 4515 764 4578 tardaverit,
819 4530 928 4569 non
976 4513 1067 4568 lux
1101 4514 1371 4574 tenebras.
1414 4514 1506 4569 sed
1553 4514 1789 4569 tenebras
1822 4515 1998 4571 lucem

436 4614 715 4673 superant.
747 4604 905 4671 Quod
929 4616 1135 4660 certum
1166 4613 1248 4660 cst
1279 4604 1332 4658 in
1360 4603 1568 4659 Pascha
1599 4620 1705 4658 non
1728 4621 1851 4661 esse
1875 4621 2001 4676 pos—

437 4696 616 4761 sibile,
647 4704 708 4750 ut
736 4695 918 4766 aliqua
947 4711 1074 4765 pars
1106 4695 1451 4750 tenebrarum
1485 4696 1594 4749 luci
1647 4697 1997 4752 dominetur:

437 4786 567 4857 quia
592 4787 908 4843 solemnitas
946 4785 1244 4841 Dominicae
1292 4784 1710 4841 resurrectionis
1736 4786 1830 4841 lux
1873 4799 1996 4853 est;

509 4949 726 5007 lExod.
770 4966 868 5016 xu,
929 4949 1015 5015 18,
1074 4948 1157 5003 I9.
1236 4948 1256 4978 ³
1287 4946 1419 5002 Ibid.
1476 4948 1579 5016 I5;
1616 4944 1785 5005 Levit.
1825 4965 1981 5015 xxttt,
2023 4952 2076 5005 6.

509 5143 622 5215 (25)
674 5143 866 5209 ’Ὕλας
923 5144 1022 5197 ἀπ’
1055 5142 1270 5215 αὐτῶν.
1328 5142 1507 5199 Nostri
1552 5145 1795 5215 quinque
1851 5142 2003 5215 codi-

437 5231 529 5271 ces
586 5213 697 5269 uno
744 5229 1016 5269 consensu
1088 5214 1351 5283 scriptum
1405 5213 1607 5269 habent
1661 5213 1793 5276 ὕλας
1838 5213 2005 5266 ἁπαι-

372 5344 375 5347 ,
437 5286 580 5340 τῶνο
618 5284 726 5355 sed,
762 5283 817 5337 in
871 5285 1057 5339 codice
1108 5282 1276 5355 Regio
1324 5285 1511 5340 eadem
1569 5300 1734 5355 manu
1776 5283 2005 5355 adnota-

437 5365 548 5417 tur,
601 5353 950 5409 scribendum
1001 5369 1124 5410 esse
1166 5351 1260 5408 ἄπ’
1291 5355 1491 5408 αὐτῶν.
1556 5352 1713 5409 Certe
1767 5354 1862 5406 ἀπ’
1909 5351 2006 5404 αὑ-

438 5424 546 5479 τῶν
577 5424 871 5494 legendum
910 5439 1050 5488 esse,
1103 5440 1171 5479 ex
1204 5426 1556 5494 sequentibus
1594 5432 1835 5492 apparet.
1888 5419 2001 5476 Nisi

439 5496 584 5549 enim
610 5494 684 5565 ita
711 5493 928 5563 legeris,
961 5510 1071 5565 quo
1124 5495 1343 5565 referes
1384 5510 1447 5550 ea
1470 5537 1501 5565 ,_
1537 5510 1659 5563 qua:
1698 5501 2003 5565 sequuntur

441 5565 627 5646 verba,
648 5556 724 5618 ὧν
757 5556 1105 5648 περιῄρτίταε,
1135 5565 1280 5621 etc.?
1311 5564 1417 5621 Sed
1447 5556 1593 5648 nitu-0
1642 5578 1702 5648 re
1745 5556 2002 5648 attentius

439 5635 774 5699 examinata,
833 5633 1179 5692 scribendum
1230 5650 1425 5690 censeo
1476 5633 1606 5697 ὔλας
1633 5633 1911 5686 ἁπαιτῶνο
1960 5633 2003 5699 ᾦ

442 5704 788 5777 περιῄρηται.
813 5714 917 5761 etc.
951 5706 1113 5763 ldnue
1142 5715 1196 5762 et
1221 5721 1437 5771 sensus,
1463 5713 1517 5761 et
1545 5711 1837 5774 syntaxeos
1866 5702 2004 5757 ratio

440 5774 697 5844 postulat.
740 5774 936 5833 VALES.

2111 4443 2207 4481 xm
2241 4436 2296 4481 et
2346 4442 2457 4492 xw,
2493 4442 2580 4479 xrv
2611 4435 2666 4480 et
2712 4442 2801 4491 xv,
2832 4443 2898 4481 xv
2951 4436 3005 4481 et
3033 4443 3143 4493 xvr,
3179 4443 3266 4481 xvt
3317 4437 3371 4481 et
3402 4442 3532 4491 xvn,
3570 4445 3679 4481 xvtt

2107 4529 2161 4574 et
2195 4534 2326 4572 xvm
2350 4557 2363 4580 ,
2414 4534 2548 4572 xvut
2591 4527 2646 4573 et
2696 4534 2807 4581 XIX,
2838 4533 2930 4572 xrx
2956 4528 3011 4572 et
3035 4535 3124 4581 xx,
3153 4535 3221 4572 xx
3248 4529 3302 4572 et
3351 4534 3465 4583 xxi,
3497 4520 3679 4573 lunam

2110 4610 2491 4679 probatissime
2542 4611 2595 4664 in
2629 4625 2740 4665 uno
2782 4610 2871 4665 die
2906 4610 3157 4666 inveniri.
3219 4609 3408 4667 Omnis
3446 4628 3682 4682 namque

2107 4700 2223 4753 dies
2246 4698 2300 4751 in
2330 4697 2474 4751 luna:
2496 4699 2920 4768 computatione,
2952 4714 3058 4753 non
3088 4700 3275 4756 eodem
3311 4717 3539 4756 numero
3569 4719 3680 4772 quo

2107 4804 2266 4843 mane
2293 4788 2558 4856 initiatur,
2583 4791 2649 4843 ad
2682 4805 2964 4860 vesperum
3004 4791 3191 4851 linitur
3223 4811 3236 4845 :
3267 4793 3397 4863 quia
3421 4794 3536 4849 dies
3558 4810 3680 4865 quae

2156 4952 2176 4985 ³
2211 4952 2402 5009 Matth.
2432 4970 2580 5018 xxvi,
2611 4955 2704 5020 l7;
2735 4953 2902 5010 Marc.
2927 4971 3037 5022 xiv,
3067 4956 3173 5024 li;
3211 4956 3346 5012 Luc.
3384 4971 3520 5021 χιιι,
3550 4957 3598 5009 7.

2203 5144 2296 5218 ac)
2360 5148 2456 5218 Ἑν
2489 5146 2568 5214 τῷ
2601 5146 2797 5218 Ἑνώχ.
2835 5145 2994 5203 Liber
3024 5146 3208 5202 Enocb
3258 5149 3454 5204 citetur
3480 5165 3509 5204 a
3540 5148 3676 5205 Juda

2110 5215 2165 5290 in
2193 5215 2436 5286 Epistola
2470 5215 2751 5290 canonica.
2764 5215 2775 5217 ἡ
2809 5218 2938 5272 Erat
2991 5218 3125 5290 liber
3160 5221 3521 5290 apocryphus,
3576 5237 3677 5275 nec

2109 5286 2250 5341 inter
2303 5288 2597 5359 canonicos
2646 5287 2996 5343 Hebraeorum
3043 5286 3212 5359 libros
3262 5286 3537 5359 receptus.
3570 5291 3676 5345 Sed

2111 5364 2289 5437 tamen
2326 5358 2575 5437 apostoli,
2610 5374 2912 5437 eorumque
2942 5358 3190 5437 exemplo
3216 5357 3670 5437 antiqdiPatres,

2107 5427 2417 5500 testimonia
2446 5444 2511 5481 ex
2543 5427 2868 5500 apocrypbis
2900 5427 3144 5500 proferre
3176 5444 3286 5483 non
3318 5427 3671 5500 dubitarunt:

2107 5511 2169 5550 ea
2196 5497 2422 5560 scilicet,
2458 5514 2579 5566 quae
2620 5499 2685 5553 ad
2714 5497 3067 5551 instruendam
3100 5500 3379 5553 veritatem
3410 5497 3673 5566 facerent,

2109 5582 2176 5639 ex
2238 5567 2304 5639 iis
2352 5569 2632 5639 eligentes.
2697 5567 2830 5620 Vide
2897 5567 3188 5639 Georgium
3254 5567 3559 5639 Syncellum
3618 5570 3674 5624 in

2109 5635 2515 5710 Chronicoﬁbj
2548 5638 2883 5694 luculentum
2931 5635 3310 5710 fragmentum
3335 5637 3494 5696 adfert
3518 5654 3585 5695 ex
3608 5640 3676 5695 Ii-

2110 5707 2223 5764 bris
2248 5704 2454 5765 EnoCb.
2490 5704 2566 5762 In.
