4034 6374
268 367 358 422 ἏΠ

1552 367 1784 425 CANON
1824 369 2228 426 PASCIIALIS.

3394 370 3500 424 2I8

280 503 420 546 mane
450 490 502 543 in
530 488 678 551 luna,
710 488 763 544 id
791 498 875 544 est
920 505 1097 560 usque
1128 489 1194 545 ad
1226 499 1433 546 sextam
1462 503 1517 548 et
1539 493 1824 549 dimidium
1858 500 1900 555 A
1928 506 2004 549 est
2043 497 2227 550 anima
2251 511 2366 550 mea
2392 511 2556 564 usque
2605 494 2673 548 ad
2714 503 2933 548 mortem
2960 493 3018 558 ‘;
3072 491 3219 547 aliud
3265 507 3390 546 cum
3425 492 3507 544 vi-

279 582 431 642 hora,
470 593 566 633 xm
600 588 1011 647 annumeratur,
1066 581 1256 636 eadem
1312 584 1378 636 ad
1417 600 1699 652 vesperum
1735 603 1822 639 xw

278 673 555 728 invenitur.
599 670 754 726 Unde
798 686 929 743 ergo
962 682 1015 727 et
1041 671 1250 728 Pascha
1285 690 1458 743 usque
1519 677 1586 730 ad
1644 694 1731 730 ut
1768 678 1823 733 in

275 779 540 834 Vesperum
581 762 797 818 extendi
843 765 1184 835 pracipitur;
1218 781 1340 834 qua
1396 782 1555 822 mane
1584 769 1704 822 sine
1724 769 1825 822 du-

275 855 374 923 bio,
413 856 463 910 id
491 864 574 910 est
619 872 793 925 usque
819 857 887 911 ad
909 872 1032 911 eum
1063 874 1225 927 quem
1277 858 1515 914 diximus
1567 860 1823 914 horarum

275 948 572 1010 terminum,
620 964 691 1001 xx
745 948 1065 1003 habebatur.
1098 950 1360 1020 Computa
1391 966 1521 1020 ergo
1548 966 1579 1005 a
1613 951 1718 1006 ﬁne
1749 968 1826 1006 xit

275 1039 420 1102 luna,
451 1039 597 1108 quod
626 1049 709 1095 est
731 1040 944 1094 initium
965 1057 1076 1105 xiv,
1096 1042 1162 1096 ad
1182 1044 1340 1096 tinem
1367 1042 1658 1111 vicesima,
1685 1044 1827 1098 unde

273 1141 430 1185 etxxi
486 1132 811 1202 principium
864 1134 1185 1200 inchoatur;
1233 1144 1288 1189 et
1333 1134 1576 1191 invenies
1619 1148 1829 1205 septem

272 1232 464 1278 tantum
519 1224 639 1278 dies
690 1240 1043 1295 azymorum,
1099 1228 1153 1281 in
1212 1228 1414 1297 quibus
1476 1228 1826 1283 verissimum

271 1311 463 1368 Pascha
496 1312 710 1368 Domini
745 1316 943 1371 ducatu
971 1317 1298 1387 praeﬁnitum
1324 1328 1410 1372 est
1431 1318 1705 1372 immolari
1733 1320 1828 1373 de-

268 1406 402 1462 here.

269 1517 349 1575 IX.
389 1518 591 1576 Contra
635 1537 724 1576 eos
772 1523 863 1596 qui
898 1532 1002 1596 tres
1034 1532 1153 1577 ante
1183 1522 1414 1579 Caesaris
1453 1525 1829 1596 (equinoctium

755 1594 885 1646 dant
917 1593 1170 1649 Pass/tati
1202 1596 1334 1650 dies.

330 1676 429 1755 Sed
465 1678 598 1748 quid
629 1679 854 1744 mirum,
877 1681 923 1737 si
964 1682 1017 1737 in
1061 1698 1151 1737 xx:
1186 1684 1314 1738 luna
1351 1683 1672 1747 erraverint,
1735 1681 1829 1751 qui

268 1780 365 1825 tres
391 1771 716 1827 addiderunt
772 1772 887 1828 dies
913 1784 1039 1830 ante
1089 1775 1495 1844 aequinoctium,
1531 1775 1584 1829 in
1630 1775 1829 1844 quibus

1932 597 2081 641 ctore
2110 587 2392 641 inimicum
2424 587 2709 655 antiquum
2767 584 3159 654 triumphante,
3194 598 3260 638 ac
3288 596 3506 637 summo

1932 679 2210 747 triumpho
2268 678 2479 733 devicto
2552 675 2867 732 adversario
2928 677 3144 730 latente
3203 674 3460 731 collatari
3488 714 3504 738 ,

1934 771 2165 839 ipsomet
2220 769 2606 839 pracipiente:
2662 768 3122 838 Congratulamini
3182 767 3337 835 mihi,
3382 767 3507 837 quia

1933 862 2105 915 inveni
2137 878 2280 915 ovem
2308 877 2479 915 meam
2505 877 2663 931 quam
2710 858 3048 931 perdideram
3075 860 3120 914 ⁵.

1934 973 2024 1026 XI.
2087 973 2309 1028 Gemina
2354 974 2483 1028 luna
2537 989 2627 1027 xw
2672 983 2721 1057 et
2771 989 2883 1026 xvn
2918 974 2972 1026 in
3020 970 3225 1027 Christi
3271 986 3507 1025 resurre-

2138 1104 2141 1105 ν
2640 1056 2825 1098 ctione.

2003 1134 2136 1189 Illud
2195 1142 2377 1189 autem
2425 1135 2568 1203 quod
2619 1135 2785 1189 modo
2841 1133 3000 1188 nobis
3046 1132 3303 1197 innuunt,
3359 1130 3507 1201 quod

1935 1233 2279 1280 transeuntes
2312 1225 2497 1279 lunam
2535 1240 2623 1278 xiv
2654 1224 2982 1293 principium
3010 1221 3235 1279 Pascha
3265 1221 3507 1277 lucidum

1934 1317 2208 1372 celebrare
2264 1330 2373 1369 non
2419 1330 2736 1385 possumus,
2790 1330 2892 1369 nos
2937 1329 3043 1369 non
3092 1322 3273 1369 movet
3333 1328 3510 1382 neque

1934 1409 2243 1464 conturbat.
2282 1406 2432 1463 Licet
2465 1408 2632 1470 enim,
2667 1422 2842 1476 usque
2888 1406 2954 1461 ad
2982 1407 3295 1462 vicesimam
3320 1406 3515 1460 lunam

1934 1499 2264 1570 principium
2329 1497 2554 1553 Pascha
2608 1498 2850 1561 extendi,
2908 1496 3156 1551 illicitum
3198 1509 3320 1551 esse
3370 1494 3509 1550 deﬁ-

1936 1595 2089 1648 niant
2109 1609 2125 1659 ;
2146 1603 2327 1647 tamen
2360 1580 2537 1661 usque
2582 1592 2650 1646 ad
2699 1606 2789 1645 xvi
2822 1599 2878 1645 et
2901 1606 3038 1655 xvii,
3082 1605 3204 1659 qua
3233 1588 3288 1643 in
3319 1588 3515 1643 eadem.

1934 1685 2023 1740 die
2049 1684 2308 1740 eveniunt
2336 1684 2392 1738 in
2424 1699 2532 1753 qua
2557 1682 2825 1738 Dominus
2857 1683 3158 1738 resurrexit
3189 1698 3220 1737 a
3254 1683 3509 1746 mortuis,

1936 1777 2192 1845 protelari
2215 1777 2664 1846 debere-negare
2710 1790 2819 1830 non
2857 1784 3111 1845 possunt.
3149 1774 3253 1829 Sed
3283 1789 3381 1829 nos
3416 1790 3512 1827 us-

266 1860 454 1919 Pascba
508 1865 783 1921 immolari
845 1881 1004 1936 posse
1063 1866 1364 1921 deﬁniunt?
1398 1867 1553 1933 Quod
1617 1875 1825 1920 certum
1862 1858 1904 1912 Β
1932 1884 2040 1939 que
2064 1868 2130 1923 ad
2163 1883 2233 1922 xx
2262 1867 2448 1921 lunam
2482 1874 2703 1937 propter
2755 1867 2903 1922 diem
2943 1865 3283 1923 Dominicam
3317 1866 3513 1920 melius

266 1957 581 2017 omnimodis
610 1966 694 2012 est
726 1959 903 2026 putari
941 1959 1260 2023 absurdum,
1294 1975 1418 2013 cum
1470 1959 1828 2028 apertissimis

265 2047 557 2102 Judaorum
590 2049 1066 2119 historiographis,
1095 2061 1149 2105 et
1195 2050 1334 2104 LXX
1366 2049 1688 2106 Senioribus
1720 2053 1828 2107 evi.

265 2137 440 2191 denter
491 2138 784 2194 deﬁnitum
840 2142 931 2205 sit,
966 2141 1176 2198 Pascha
1230 2142 1283 2196 in
1319 2143 1650 2211 aequinoctio
1683 2144 1824 2198 cclc-

178 2230 216 2249 ”
267 2231 397 2285 hra'ri
433 2246 541 2286 non
566 2248 756 2302 posse.

265 2341 326 2398 Χ.
363 2346 726 2401 Asiaticorum
782 2364 892 2401 mos
945 2345 1154 2401 Pascha
1200 2364 1293 2401 xw
1344 2349 1472 2403 luna
1530 2349 1828 2403 celebrandi

356 2418 498 2471 navis
532 2417 695 2485 feria,
739 2428 923 2471 contra
971 2418 1117 2471 Petri
1142 2428 1191 2472 et
1222 2418 1383 2473 Pauli
1433 2421 1822 2474 auctoritatem.

374 2487 507 2541 ictor
534 2498 587 2541 et
618 2488 640 2540 I
650 2505 876 2543 remeas.

329 2576 426 2633 Sed
460 2580 570 2634 illis
620 2580 754 2634 nihil
808 2580 1036 2635 arduum
1082 2579 1203 2644 fuit,
1236 2582 1435 2652 quibus
1473 2583 1679 2637 licitum
1710 2592 1827 2637 erat

265 2672 526 2735 omnibus,
560 2672 785 2742 quando
815 2688 905 2725 xiv
940 2673 1065 2727 luna
1107 2683 1231 2742 post
1261 2675 1644 2742 aquinoctium
1672 2678 1827 2729 adve-

264 2762 438 2829 nisset,
491 2762 709 2819 Pascha
765 2766 1057 2820 celebrare.
1110 2765 1354 2833 Quorum
1400 2767 1708 2836 exemplum
1739 2783 1825 2822 se-

259 2860 471 2919 quentes
499 2870 683 2923 usque
721 2855 878 2909 hodie
902 2872 1093 2911 omnes
1125 2857 1269 2912 Asia
1320 2858 1559 2927 episcopi
1605 2857 1826 2928 (quippe

258 2944 341 3012 qui
370 2954 425 3000 et
455 2946 571 3016 ipsi
602 2947 674 3001 ab
700 2957 922 3002 auctore
951 2949 1438 3018 irreprehensibili,
1474 2948 1686 3005 Joanne
1718 2950 1826 3005 sci-

257 3034 371 3090 licet
401 3039 762 3108 evangelista,
789 3048 845 3093 et
865 3040 1101 3109 pectoris
1126 3038 1337 3096 Domini
1368 3042 1708 3105 incubatore,
1732 3042 1828 3097 do-

258 3128 553 3185 ctrinarum
584 3135 704 3186 sine
732 3132 899 3187 dubio
920 3133 1241 3207 spiritalium
1283 3142 1551 3203 potatore,
1578 3135 1821 3205 regulam

253 3219 655 3290 susceperunt),
703 3223 1073 3280 indubitanter
1110 3225 1365 3281 omnibus
1399 3230 1578 3294 an'nis,
1607 3227 1826 3297 quando

258 3325 336 3364 xiv
359 3313 481 3369 luna
520 3315 816 3383 adfuisset,
859 3326 915 3373 et
955 3334 1128 3389 agnus
1156 3321 1296 3390 apud
1325 3319 1543 3376 Judaos
1575 3322 1825 3377 immola-

259 3414 415 3472 retur,
452 3406 791 3477 aquinoctio
814 3410 1183 3474 transvadato,
1214 3409 1421 3466 Pascha
1445 3413 1818 3468 celebrabant:

261 3510 357 3551 non
413 3499 835 3569 acquiescentes
872 3502 1180 3557 auctoritati
1234 3505 1620 3573 quorumdam,
1651 3505 1704 3559 id
1743 3514 1826 3559 est

260 3591 390 3645 Petri
418 3600 473 3647 et
503 3590 669 3647 Pauli
725 3607 1137 3659 successorum;
1175 3595 1269 3664 qui
1326 3609 1520 3650 omnes
1552 3594 1823 3651 Ecclesias

261 3685 308 3739 in
332 3686 539 3757 quibus
569 3685 832 3754 spiritalia
865 3683 1140 3757 Evangelii
1189 3687 1396 3742 semina
1421 3698 1700 3749 severum,
1736 3703 1824 3742 so—

260 3778 590 3834 lemnitatem
645 3779 1065 3833 resurrectionis
1114 3776 1325 3833 Domini
1370 3780 1422 3832 in
1478 3781 1567 3834 die
1612 3788 1822 3834 tantum

260 3870 534 3927 Dominica
565 3885 728 3941 posse
783 3869 1044 3925 celebrari
1077 3872 1400 3927 docuerunt.
1436 3868 1590 3926 Unde
1611 3878 1663 3926 et
1693 3887 1825 3927 con-

259 3966 417 4021 tentio
442 3963 698 4035 quadam
722 3973 909 4017 exorta
937 3971 1020 4019 est
1065 3965 1206 4018 inter
1225 3978 1414 4017 eorum
1450 3980 1820 4030 successores,

260 4048 525 4107 Victorem
558 4050 768 4104 scilicet
797 4049 1056 4107 Romana
1081 4053 1231 4107 urbis
1250 4068 1315 4107 eo
1345 4063 1587 4123 tempore
1614 4057 1824 4125 episco-

258 4161 398 4215 pum,
421 4158 478 4204 et
504 4148 848 4220 Polycratem
883 4150 975 4220 qui
1007 4158 1137 4204 tunc
1165 4150 1219 4203 in
1245 4150 1517 4219 episcopis
1547 4151 1688 4205 Asia
1718 4153 1824 4219 pri-

258 4250 455 4313 matum
480 4255 673 4313 gerere
699 4242 999 4297 videbatur.
1022 4242 1237 4309 Quaab
1255 4243 1456 4298 Irenaeo
1483 4253 1611 4296 tunc
1637 4242 1825 4297 Galliae

257 4331 418 4398 partis
464 4332 704 4403 prasule
763 4333 1070 4388 rectissime
1118 4343 1312 4403 pacata
1365 4344 1480 4399 est;
1536 4335 1823 4403 utriusque

257 4423 496 4490 partibus
530 4425 585 4478 in
618 4441 717 4480 sua
755 4426 939 4494 regula
983 4425 1475 4494 perseverantibus,
1523 4440 1620 4479 nec
1650 4440 1679 4478 a
1709 4439 1822 4479 cm-

1929 1959 2147 2015 extendi
2179 1958 2387 2013 Pascha
2417 1958 2788 2025 decernimus,
2838 1974 3004 2029 quam
3039 1967 3257 2027 propter
3286 1972 3378 2010 xtv
3432 1956 3512 2008 lu-

1933 2066 2055 2105 nam
2089 2051 2232 2106 diem
2265 2050 2604 2106 Dominicam
2652 2051 2991 2120 anticipare;
3029 2051 3085 2105 in
3119 2065 3227 2119 qua
3268 2048 3428 2104 nobis
3456 2049 3510 2101 in

1933 2140 2202 2210 principio
2248 2141 2363 2206 lux,
2408 2149 2462 2195 et
2514 2156 2660 2195 nunc
2690 2141 2746 2194 in
2798 2140 2904 2195 line
2949 2141 3197 2195 omnium
3234 2142 3508 2194 bonorum

1931 2235 2279 2304 prasentium
2301 2235 2589 2291 commoda
2616 2243 2668 2289 et
2689 2235 2935 2305 auspicia
2958 2234 3268 2289 futurorum
3292 2245 3512 2290 ostensa

1930 2336 2077 2380 sunt.
2104 2325 2242 2391 Quia
2274 2340 2381 2379 non
2408 2326 2619 2380 minore
2644 2325 2802 2380 laude
2855 2324 3119 2380 Dominus
3139 2326 3283 2379 diem
3312 2325 3512 2379 vicesi-

1932 2435 2078 2472 mum
2146 2419 2517 2488 prosequitur,
2582 2434 2747 2487 quam
2797 2418 3070 2472 decimum
3134 2426 3414 2487 quartum.
3452 2415 3510 2469 In

1930 2511 2172 2566 Levitico
2226 2526 2463 2579 namque
2535 2511 2607 2564 ita
2656 2510 3020 2579 pracipitnr:
3097 2507 3272 2562 Hense
3316 2509 3509 2577 primo,

1928 2603 2129 2656 decimo
2201 2613 2392 2671 quarto
2464 2602 2548 2655 die
2624 2602 2817 2656 mensis
2878 2601 3037 2669 hujus
3106 2602 3175 2653 ad
3244 2616 3509 2669 vesperum

1929 2695 2090 2763 phase
2141 2693 2358 2747 Domini
2386 2703 2482 2748 est.
2522 2692 2586 2745 Et
2610 2692 2814 2747 decimo
2858 2693 3044 2762 quinto
3074 2694 3158 2745 die
3190 2692 3382 2745 mensis
3414 2691 3509 2743 hu-

1919 2787 2012 2854 jus
2051 2785 2356 2839 solemnitas
2388 2801 2694 2855 azymorum
2725 2784 2940 2838 Domini
2963 2795 3061 2839 est.
3095 2783 3302 2853 Septem
3326 2783 3509 2836 diebus

1930 2893 2121 2947 azyma
2152 2878 2456 2931 comedetis.
2494 2877 2617 2931 Dies
2670 2879 2873 2947 primus
2915 2879 3017 2933 erit
3047 2878 3188 2932 nobis
3238 2876 3509 2930 celeberri-

1930 2985 2045 3022 mus
2066 2978 2115 3021 et
2144 2977 2377 3023 sanctus.
2413 2968 2579 3023 Omne
2605 2984 2735 3037 opus
2769 2969 2955 3023 servile
2984 2985 3089 3022 non
3121 2969 3327 3038 facietis
3355 2969 3411 3020 in
3426 2984 3507 3022 eo.

1930 3058 2055 3113 Dies
2086 3070 2261 3113 autem
2294 3063 2545 3128 septimus
2570 3062 2672 3114 erit
2720 3060 2864 3115 vobis
2887 3061 3141 3116 celebrior
3171 3070 3220 3115 et
3251 3060 3508 3113 sanctior.

1932 3151 2098 3206 Omne
2130 3168 2261 3221 opus
2316 3152 2499 3206 servile
2548 3169 2653 3206 non
2685 3152 2895 3222 facietis
2928 3155 2982 3206 in
3012 3169 3071 3206 eo
3104 3153 3145 3206 ⁵.
3186 3150 3252 3205 ΕΙ.
3306 3151 3511 3206 idcirco

1933 3245 2343 3308 conﬁrmamus,
2386 3244 2520 3297 nihil
2551 3245 2723 3314 culpa.
2768 3244 3109 3300 contraxisse
3136 3257 3232 3297 eos
3258 3251 3383 3297 ante
3416 3243 3510 3295 tri-

1932 3338 2097 3392 bunal
2146 3338 2370 3400 Christi,
2426 3338 2518 3405 qui
2582 3337 2636 3389 in
2688 3338 2835 3390 hunc
2858 3336 3001 3389 diem
3060 3335 3280 3388 initium
3310 3335 3510 3389 solem-

1933 3430 2121 3483 nitatis
2178 3427 2402 3483 Pascha
2449 3428 2665 3482 extendi
2728 3427 2926 3482 debere
2984 3436 3338 3482 censuerunt.
3404 3424 3509 3478 Ma-

1933 3521 2077 3574 xime
2100 3536 2223 3588 cum
2261 3522 2434 3575 tribus
2491 3520 2759 3590 angustiis
2811 3527 3192 3585 eoarctamur;
3226 3516 3279 3571 id
3337 3526 3419 3571 est
3452 3526 3510 3570 nt

1934 3612 1987 3666 in
2028 3613 2115 3667 die
2162 3611 2445 3666 Dominica
2506 3612 2908 3667 solemnitatem
2959 3610 3182 3666 Pascha
3233 3625 3507 3665 veneran-

1932 3714 2046 3769 tes,
2095 3703 2424 3774 aquinoctio
2456 3704 2826 3770 transvadato,
2879 3719 2951 3757 xx
2994 3703 3181 3757 lunam
3217 3716 3326 3756 non
3358 3716 3510 3756 exce-

1931 3797 2148 3851 damus.
2496 3780 2502 3786 ’

1931 3909 2049 3965 XII.
2091 3897 2459 3975 Quorumdam
2493 3909 2737 3978 objectio.
2781 3925 2886 3962 non
2913 3923 3067 3977 posse
3098 3907 3307 3961 Pascha
3333 3909 3508 3975 spatio

2006 3997 2095 4034 χιχ
2153 3998 2412 4033 annorum
2452 3997 2653 4049 semper
2698 3982 2753 4033 in
2790 3978 3069 4032 Dominica
3092 3979 3334 4031 inveniri.
3365 3981 3509 4031 Ana-

2005 4051 2120 4104 lolii
2148 4052 2435 4118 responsio.

2006 4163 2109 4217 Sed
2135 4165 2237 4218 hoc
2272 4164 2340 4218 ab
2390 4164 2511 4217 aliis
2538 4162 2877 4232 sapientibus
2921 4167 2975 4213 et
3008 4159 3345 4214 acutissimis
3375 4162 3505 4215 viris

1934 4256 2270 4324 impossibile
2296 4272 2419 4311 esse
2445 4255 2720 4320 delinitur,
2765 4254 2910 4323 quod
2960 4254 3014 4306 in
3054 4253 3144 4306 illo
3194 4259 3426 4321 angusto
3451 4263 3506 4305 ct

1931 4346 2257 4400 brevissimo
2298 4364 2387 4401 χιχ
2445 4362 2714 4401 annorum
2774 4345 2964 4399 circuli
3018 4344 3227 4414 spatio,
3288 4341 3502 4396 Pascha

1932 4438 2303 4504 verissimum,
2338 4440 2504 4493 idest
2530 4439 2581 4491 in
2611 4438 2700 4493 die
2752 4437 3059 4506 Dominica,
3115 4437 3502 4507 aquinoctium

256 4527 341 4584 pto
375 4519 721 4587 antiquitatis
747 4534 898 4573 more
930 4518 1347 4573 declinantibus.
1400 4517 1478 4573 Illi
1512 4519 1731 4588 quidem
1767 4519 1820 4572 in

1932 4532 2339 4603 transgrediens
2390 4532 2717 4585 inveniatur.
2754 4530 2859 4585 Sed
2894 4546 2995 4586 nos
3047 4539 3105 4585 ut
3160 4529 3505 4584 manifestius

258 4622 339 4660 xiv
360 4607 451 4662 die
479 4608 691 4663 mensis
738 4609 900 4677 primi
964 4609 1107 4663 diem
1154 4607 1378 4665 Pascha
1438 4611 1823 4677 observabant,

256 4700 554 4754 secundum
584 4698 961 4770 Evangelium,
996 4710 1055 4753 nt
1118 4701 1400 4770 putabant,
1434 4702 1568 4756 nihil
1602 4704 1827 4757 omnino

255 4790 594 4845 extrinsecus
625 4790 905 4856 addentes,
940 4792 1034 4846 sed
1065 4792 1186 4846 tidei
1232 4792 1471 4862 regulam
1520 4809 1616 4863 per
1643 4796 1826 4850 omnia

256 4892 660 4939 conservantes.
684 4882 759 4938 'Hi
796 4894 977 4940 autem
1012 4882 1306 4940 Dominica
1351 4886 1627 4955 passionis
1682 4887 1826 4941 diem

257 4982 620 5039 transeuntes,
665 4984 722 5029 ut
753 4976 967 5030 tristitia
1003 4992 1066 5030 ac
1096 4992 1331 5032 maerore
1374 4979 1659 5047 repletum,
1687 4994 1823 5034 con-

255 5065 493 5135 ﬁrmant,
529 5084 598 5122 ne
631 5069 793 5123 liceat
819 5069 1136 5137 aliquando,
1185 5068 1290 5124 nisi
1330 5070 1387 5122 in
1418 5070 1508 5125 die
1540 5070 1821 5126 Dominica

257 5159 308 5213 in
339 5176 450 5231 qua
480 5160 814 5216 resurrectio
837 5158 1049 5214 Domini
1080 5175 1111 5214 a
1146 5169 1319 5216 morte
1350 5158 1490 5216 facta
1517 5171 1621 5227 est,
1664 5170 1719 5214 et
1765 5162 1821 5216 in

257 5267 359 5319 qua
407 5252 568 5307 nobis
627 5260 815 5305 exorta
870 5258 954 5307 est
1004 5253 1348 5322 sempiterna
1404 5268 1572 5308 causa
1601 5254 1819 5319 latitia,

256 5339 597 5398 Dominicum
657 5341 883 5398 Pascha
939 5342 1213 5398 celebrare
1265 5345 1603 5414 mysterium.
1659 5344 1821 5400 Aliud

256 5434 396 5488 enim
426 5445 513 5489 est
535 5435 835 5490 secundum
886 5434 1031 5504 quod
1080 5434 1149 5489 ab
1176 5435 1457 5506 Apostolo,
1502 5435 1613 5489 imo
1647 5451 1677 5489 a
1707 5434 1818 5489 Do-

258 5524 402 5580 mino
432 5535 759 5596 praeceptum
805 5534 910 5593 est,
949 5541 1072 5581 cum
1119 5528 1440 5583 eontristato
1487 5529 1817 5595 contristari,

256 5623 459 5672 etcum
482 5633 645 5675 cruce
672 5632 836 5695 passo
857 5619 1114 5689 compati,
1148 5620 1266 5689 ipso
1299 5621 1512 5678 dicente
1557 5641 1571 5677 :
1629 5622 1819 5677 Tristis

326 5792 350 5825 ‘
393 5793 584 5854 Matth.
642 5814 800 5864 xxvi,
853 5799 944 5853 58.
1019 5801 1038 5832 '
1093 5798 1226 5856 Luc.
1282 5816 1385 5867 xv,
1426 5802 1457 5857 6

1926 4626 2027 4678 tiat.
2053 4624 2179 4687 hoc,
2235 4621 2383 4691 quod
2429 4621 2539 4676 illis
2589 4621 3026 4676 incredulitatem
3086 4620 3317 4685 inducit,
3349 4619 3502 4673 illum

1924 4728 2084 4784 quem
2114 4711 2354 4766 diximus
2389 4727 2658 4766 annorum
2700 4712 2988 4775 circulum,
3037 4726 3162 4765 cum
3199 4712 3341 4764 luna
3377 4725 3504 4764 eur-

1926 4807 2080 4861 sibus
2128 4819 2423 4874 ponemus;
2477 4806 2806 4874 computatis
2870 4817 2995 4861 ante
3044 4806 3254 4870 diebus,
3301 4805 3503 4874 quibus

1928 4896 2226 4966 reciprocis
2283 4897 2538 4951 cursibus
2580 4896 2876 4952 involvitur
2919 4913 3131 4964 annus,
3192 4897 3246 4950 in
3296 4897 3504 4950 Kalen-

1925 4990 2033 5055 dis,
2078 4999 2134 5043 et
2185 4988 2389 5052 Idibus.
2437 5000 2491 5044 et
2520 4987 2714 5054 Nonis,
2761 4998 2815 5046 et
2850 4991 2984 5046 solis
3032 5005 3260 5045 ascensu
3296 5000 3351 5041 et
3401 4991 3497 5042 de-

1927 5095 2121 5134 SftllSll
2128 5118 2144 5133 ο

1961 5170 2098 5225 XIII.
2138 5170 2308 5226 Luna:
2336 5182 2473 5226 aztas
2520 5173 2573 5225 in
2604 5171 2934 5226 Kalendario
2956 5171 3179 5225 Juliano
3205 5184 3459 5239 expansa.

1991 5260 2285 5317 Ianuarius
2320 5265 2373 5316 in
2409 5261 2682 5327 Kalendis,
2710 5279 2818 5317 una
2850 5265 2989 5326 dies,
3036 5262 3164 5315 luna
3191 5262 3384 5331 prima.
3418 5264 3495 5315 »ln

1926 5350 2097 5409 Nonis
2128 5355 2319 5424 quinta
2348 5355 2483 5421 dies,
2518 5354 2647 5409 luna
2679 5355 2732 5409 ὅ.
2759 5356 2817 5408 In
2850 5355 3055 5418 Idibus,
3103 5356 3170 5409 15
3201 5356 3340 5422 dies,
3369 5356 3497 5410 luna

1929 5447 2016 5500 15.
2049 5445 2106 5500 In
2151 5446 2327 5517 pridie
2370 5444 2639 5501 Kalendas
2669 5445 2974 5513 Februarii,
3019 5448 3081 5501 ’51
3115 5448 3253 5515 dies,
3276 5448 3405 5502 luna
3441 5450 3492 5502 1.

1927 5536 2273 5593 InKalendis
2328 5536 2630 5601 Februarii,
2682 5538 2910 5598 Siilics.
2944 5539 3073 5593 Iuna
3122 5540 3176 5594 Ως
3220 5541 3274 5593 In
3303 5538 3490 5600 Nonis,

1925 5627 1999 5682 56
2029 5628 2166 5694 dies,
2191 5629 2318 5684 luna
2344 5630 2398 5684 6.
2429 5628 2481 5682 In
2518 5628 2720 5693 Idibus,
2766 5629 2839 5684 44
2862 5629 2998 5697 dies,
3032 5631 3167 5687 luna
3191 5631 3276 5687 16.
3299 5630 3355 5686 In
3382 5631 3496 5701 prio

1570 5804 1589 5835 ⁶
1641 5803 1813 5861 Levit.
1846 5820 2004 5873 xxiii,
2038 5802 2156 5858 5—7.
