4034 6428
447 386 553 444 219

1231 392 1289 444 S.
1329 385 1658 444 ANATOLII
1694 383 2158 440 ALEXANDIIINI
2193 384 2425 442 CANON
2463 386 2850 445 PASCIIALIS

3591 388 3696 442 220

445 510 532 564 die
578 508 852 565 Kalendas
899 508 1098 576 Martii,
1152 510 1222 566 59
1265 511 1402 574 dies,
1441 510 1568 565 luna
1622 509 1713 566 29.
1769 507 2024 563 Kalendis
2051 512 2098 568 Α
2126 505 2317 575 Nonis,
2342 509 2448 564 248
2479 509 2617 572 dies,
2665 512 2789 565 luna
2820 509 2907 565 12.
2944 507 3000 564 In
3029 507 3236 575 Idibus,
3266 509 3371 564 256
3396 509 3535 573 dies,
3570 511 3697 566 luna

446 601 648 668 Martii,
682 600 752 656 60
779 603 919 666 dies,
956 603 1081 656 luna
1116 603 1164 656 1.
1202 604 1254 656 In
1299 601 1489 667 Nonis,
1515 601 1583 656 66
1618 602 1754 667 dies,
1794 602 1924 655 luna
1966 600 2016 656 7.

445 694 503 748 In
532 695 740 761 Idibus,
788 695 858 749 74
905 697 1045 757 dies,
1096 696 1221 749 luna
1268 696 1354 750 15.
1414 695 1470 749 In
1523 695 1698 765 pridie
1752 693 2024 748 Kalendas

445 789 668 858 Aprilis,
698 787 769 844 90
799 788 937 852 dies,
975 788 1100 841 luna
1132 788 1186 840 2.
1244 787 1500 842 Kalendis
1526 787 1750 857 Aprilis,
1786 786 1848 840 91
1881 784 2020 852 dies,

447 879 572 933 luna
606 881 658 934 5.
701 879 756 933 In
791 877 982 943 Nonis,
1008 880 1078 934 95
1125 880 1264 940 dies,
1320 879 1448 932 luna
1499 878 1548 931 7.
1606 877 1663 932 In
1692 877 1896 939 Idibus,
1923 876 2024 932 105

444 970 858 1034 dies,lnna15.
916 969 970 1024 In
1023 973 1193 1041 pridie
1238 971 1511 1026 Kalendas
1560 971 1706 1037 Maii,
1757 969 1860 1024 1-20
1882 970 2021 1037 dies,

445 1063 572 1116 Iuna
607 1061 659 1114 5.
699 1059 956 1115 Kalendis
990 1061 1137 1127 Maii,
1171 1061 1266 1115 121
1303 1063 1442 1126 dies,
1480 1061 1607 1116 luna
1653 1062 1706 1116 4.
1743 1061 1798 1115 In
1831 1059 2023 1127 Nonis,

445 1151 548 1207 127
571 1153 708 1215 dies,
741 1153 869 1207 qua
903 1152 988 1207 10.
1028 1152 1084 1207 In
1111 1153 1316 1218 Idibus,
1355 1155 1459 1208 155
1491 1153 1629 1220 dies,
1687 1155 1814 1208 luna
1849 1155 1934 1209 18.
1967 1153 2024 1208 In

441 1244 616 1313 pridie
652 1242 924 1300 Kalendas
956 1243 1126 1310 Junii,
1178 1245 1272 1299 151
1307 1246 1446 1311 dies,
1494 1247 1622 1300 luna
1679 1247 1732 1302 5.
1766 1246 2024 1301 Kalendis

440 1332 614 1396 Junii,
655 1334 759 1387 152
788 1334 927 1398 dies,
959 1334 1086 1387 luna
1130 1333 1185 1388 5.
1235 1335 1296 1388 In
1340 1332 1535 1399 Nonis,
1575 1335 1672 1391 155
1700 1337 1838 1401 dies,
1895 1338 2022 1392 luna

443 1423 495 1479 9.
529 1423 586 1478 In
633 1424 838 1490 Idibus,
869 1425 971 1480 164
993 1425 1131 1492 dies,
1166 1426 1295 1480 luna
1338 1427 1420 1481 17.
1457 1428 1514 1481 In
1558 1429 1729 1498 pridie
1753 1427 2024 1484 Kalendas

440 1515 594 1582 Julii,
646 1517 742 1570 181
776 1518 915 1583 dies,
983 1518 1110 1571 luna
1141 1517 1193 1572 5.
1243 1517 1498 1574 Kalendis
1546 1519 1697 1586 Julii,
1736 1521 1840 1575 182
1882 1523 2019 1584 dies.

442 1611 572 1666 Inna
599 1609 652 1663 6.
696 1609 753 1663 In
796 1609 986 1674 Nonis,
1043 1611 1148 1665 188
1196 1611 1332 1675 dies,
1395 1612 1526 1666 luna
1584 1613 1669 1667 12.
1707 1611 1764 1666 In
1817 1615 2020 1683 Idibus,

444 1701 546 1757 196
570 1703 709 1764 dies,
742 1703 868 1756 luna
897 1703 985 1756 20.
1021 1701 1078 1756 In
1115 1704 1289 1774 pridie
1344 1703 1613 1760 Kalendas
1643 1705 2022 1776 Augusti,2l2

441 1795 581 1858 dies,
613 1794 746 1848 luna
780 1793 832 1848 5.
865 1793 1122 1848 Kalendis
1179 1796 1428 1865 Augusti,
1483 1795 1590 1848 215
1617 1795 1757 1860 dies,
1805 1797 1931 1850 luna
1967 1798 2018 1850 7.

2128 599 2217 654 26.
2262 600 2317 654 In
2346 601 2518 670 pridie
2561 601 2830 658 Kalendas
2859 601 3136 668 Octobris,
3175 602 3283 657 275
3315 604 3452 665 dies,
3481 603 3608 656 luna
3642 603 3696 657 8.

2128 693 2385 749 Kalendis
2406 693 2684 760 Octobris,
2725 693 2832 751 274
2864 695 3004 762 dies,
3037 695 3165 749 luna
3193 693 3248 750 9.
3281 693 3338 749 In
3375 692 3568 761 Nonis,
3594 694 3703 750 280

2128 785 2270 852 dies,
2304 785 2542 840 Iuna15.
2578 785 2634 840 In
2661 785 2867 852 Idibus,
2893 787 3001 842 288
3033 787 3171 852 dies,
3201 787 3330 842 luna
3368 788 3460 842 25.
3500 788 3555 842 In
3591 789 3702 857 pri-

2125 876 2215 931 die
2249 875 2519 932 Kalendas
2573 875 2918 945 Novembris,
2948 875 3053 931 504
3085 876 3226 941 dies,
3257 876 3385 930 Inna
3407 878 3462 933 9.
3500 876 3702 931 Kalen-

2126 969 2214 1025 dis
2246 966 2588 1033 Novembris,
2619 969 2724 1024 505
2778 969 2914 1035 dies,
2965 968 3092 1023 luna
3129 968 3215 1023 10.
3264 967 3322 1023 In
3353 966 3545 1036 Nonis,
3596 969 3704 1025 509

2127 1059 2264 1124 dies,
2289 1060 2417 1112 luna
2448 1059 2534 1114 14.
2583 1057 2642 1113 In
2675 1058 2880 1125 Idibus,
2908 1057 3012 1112 517
3056 1059 3195 1124 dies,
3231 1059 3359 1114 luna
3387 1059 3478 1114 22.
3505 1059 3561 1113 In
3587 1061 3704 1129 pri-

2125 1151 2214 1206 die
2251 1150 2521 1206 Kalendas
2572 1150 2908 1216 Decembris,
2957 1151 3064 1206 554
3093 1151 3232 1217 dies,
3293 1151 3421 1205 Iuna
3465 1149 3552 1205 10.
3603 1150 3708 1205 Ka-

2127 1243 2302 1300 lendis
2333 1242 2666 1308 Decembris,
2701 1244 2809 1299 555
2839 1242 2978 1304 dies.
3017 1242 3145 1297 luna
3179 1243 3266 1296 11.
3290 1241 3348 1297 In
3374 1241 3568 1309 Nonis,
3595 1242 3704 1299 559

2124 1338 2263 1402 dies,
2295 1337 2426 1391 luna
2462 1337 2548 1391 15.
2586 1335 2644 1390 In
2679 1335 2882 1400 Idibus,
2937 1334 3042 1390 547
3074 1335 3215 1401 dies,
3245 1335 3373 1389 luna
3399 1335 3489 1389 25.
3522 1333 3706 1390 Pridie

2125 1429 2396 1484 Kalendas
2426 1428 2694 1493 Januarii,
2717 1429 2823 1483 565
2847 1428 2987 1494 dies,
3030 1426 3160 1482 luna
3203 1428 3290 1481 11.
3324 1427 3490 1482 Kalen
3514 1427 3584 1482 lis
3611 1424 3708 1482 Ja-

2126 1524 2327 1587 nuarii,
2355 1523 2461 1577 566
2497 1522 2633 1584 dies,
2669 1522 2794 1575 luna
2835 1521 2920 1575 12.

2419 1614 2562 1668 XIV.
2608 1613 2811 1668 Tabula
2835 1613 3101 1684 paschalis
3139 1611 3401 1666 Anatolii.

2196 1707 2351 1763 Nunc
2377 1716 2557 1762 autem
2589 1719 2710 1777 post
2744 1708 3207 1777 computationem
3246 1707 3458 1762 dierum
3487 1715 3542 1760 et
3563 1704 3710 1763 luna

2127 1815 2350 1854 cursum
2399 1808 2703 1864 oslensum,
2740 1798 2943 1869 quibus
3001 1799 3054 1853 in
3107 1799 3267 1853 linem
3318 1815 3493 1869 usque
3536 1799 3709 1855 volvi-

442 1885 502 1940 In
530 1883 724 1951 Nonis,
753 1885 860 1940 217
887 1885 1027 1950 dies,
1054 1885 1180 1940 luna
1246 1886 1332 1940 12.
1394 1885 1449 1938 In
1499 1885 1702 1954 Idibus,
1735 1887 1844 1943 225
1878 1889 2017 1956 dies,
2055 1867 2096 1923 Β
2128 1901 2218 1946 tur
2249 1901 2418 1957 totus,
2443 1907 2714 1946 annorum
2744 1867 2936 1945 circuli
2980 1891 3307 1961 principium
3337 1867 3707 1946 inchoandum

442 1980 571 2034 luna
621 1979 710 2033 19.
737 1976 792 2032 In
825 1978 998 2048 pridie
1040 1977 1310 2033 Kalendas
1354 1977 1712 2048 Septembris,
1741 1978 1848 2036 245
1876 1980 2016 2046 dies,

441 2073 570 2129 luna
593 2073 644 2130 7.
674 2072 932 2129 Kalendis
982 2071 1340 2143 Septembris,
1391 2071 1500 2127 244
1528 2072 1668 2140 dies,
1707 2073 1836 2128 luna
1871 2074 1925 2128 8.
1958 2075 2016 2128 In

829 2206 1227 2255 EQUINOCTIUI.
1643 2209 1803 2248 LIINA.

628 2315 682 2368 1.
910 2312 1166 2369 Sabbato.
1618 2313 1808 2368 XXVI.

623 2411 679 2464 2.
901 2408 1208 2463 Dominica.
1615 2408 1726 2464 VII.

615 2507 669 2560 5.
890 2503 956 2558 II.
1000 2503 1185 2560 Feria.
1614 2505 1800 2564 XVIII.

613 2605 670 2658 4.
892 2601 982 2658 111.
1019 2599 1201 2657 Feria.
1605 2601 1802 2658 XXIX.

613 2703 668 2757 5.
887 2701 979 2757 IV.
1015 2702 1066 2756 F
1067 2701 1198 2756 cria.
1608 2699 1680 2756 X.

615 2802 670 2855 6.
890 2799 956 2854 V.
1003 2799 1188 2854 Feria.
1604 2795 1752 2854 XXI.

619 2895 672 2948 7.
892 2895 1127 2951 Sabbato
1161 2893 1297 2964 (27).
1614 2893 1676 2950 II.

621 2994 675 3043 8.
895 2989 1196 3043 Dominica.
1315 3001 1331 3014 ’
1611 2987 1754 3042 XIII.

618 3088 673 3140 9.
892 3083 954 3138 II.
992 3083 1177 3140 Feria.
1611 3083 1800 3137 XXIV.

592 3182 682 3236 10.
901 3179 966 3233 III
1026 3179 1210 3234 Feria.
1615 3177 1680 3233 V.

586 3276 674 3329 11.
897 3273 985 3328 IV.
1031 3272 1213 3328 Feria.
1613 3269 1753 3325 XVI.

588 3369 675 3422 12.
896 3365 958 3421 V.
997 3366 1180 3422 Feria.
1611 3363 1826 3419 XXVII.

588 3459 676 3512 15.
893 3454 983 3510 VI.
1016 3454 1202 3509 Feria.
1614 3455 1748 3510 VIII.

592 3555 677 3605 11».
899 3549 1150 3605 Sabbato.
1606 3550 1725 3606 XX.

591 3650 679 3704 15.
898 3647 1200 3702 Dominica.
1614 3649 1652 3701 Ι.

590 3745 678 3797 16.
894 3742 954 3797 II.
995 3742 1179 3797 Feria.
1605 3743 1717 3799 XII.

591 3839 676 3892 17.
897 3837 988 3893 IV.
1029 3837 1192 3893 Feria
1227 3840 1365 3911 (28).
1615 3839 1805 3897 XXIII.

592 3934 679 3986 18.
900 3932 968 3988 V.
999 3932 1183 3991 Feria.
1613 3935 1708 3992 IV.

593 4030 680 4082 19.
900 4027 986 4082 VI.
1030 4028 1211 4084 Feria.
1621 4031 1743 4087 XV.

2125 1992 2229 2039 est.
2288 1982 2403 2037 Hoc
2439 1981 2648 2036 Pascha
2681 1998 2713 2034 a
2741 1996 2794 2036 vi
2826 1979 3097 2034 Kalendas
3132 1980 3354 2045 Atm'lis,
3387 1996 3548 2050 usque
3571 1981 3624 2033 in
3654 1996 3707 2034 ix

2129 2075 2401 2130 Kalendas
2428 2072 2582 2127 Maii.

2298 2209 2518 2248 PASCIIA.
3228 2207 3385 2245 LUNA.

2113 2316 2228 2370 XV.
2270 2315 2500 2370 Kalend.
2531 2314 2686 2380 Maii,
3221 2311 3409 2368 XVIII.

2108 2411 2368 2468 Kalendis
2401 2413 2622 2481 Aprilis.
3220 2410 3358 2466 XIV.

2104 2507 2197 2564 XI.
2238 2507 2513 2564 Kalendas
2544 2507 2695 2562 Maii.
3221 2507 3360 2562 XVI.

2105 2602 2295 2662 Idibus
2320 2604 2542 2676 Aprilis.
3222 2601 3364 2657 XIX.

2103 2699 2196 2759 IV.
2239 2700 2468 2756 Kalend.
2499 2700 2700 2771 Aprilis
3220 2697 3361 2751 XIV.

2103 2797 2247 2854 XIV.
2286 2796 2519 2852 Kalend.
2549 2797 2711 2852 Maii.
3222 2793 3364 2848 XVI.

2106 2894 2198 2950 VI.
2241 2892 2471 2948 Kalend.
2505 2893 2731 2964 Aprilis.
3220 2889 3389 2946 XVII.

2108 2989 2370 3044 Kalendis
2391 2989 2608 3058 Aprilis.
3222 2983 3343 3039 XX.

2106 3082 2296 3139 XVIII.
2337 3081 2573 3138 Kalend.
2609 3083 2764 3137 Maii.
3225 3080 3343 3136 XV.

2114 3179 2248 3234 VIII.
2295 3178 2426 3234 ldus
2457 3179 2679 3248 Aprilis.
3230 3176 3350 3234 XV.

2107 3270 2198 3328 IV.
2241 3269 2474 3325 Kalend.
2505 3271 2726 3340 Aprilis.
3222 3268 3343 3325 XX.

2105 3364 2195 3420 Ill.
2239 3364 2372 3420 Idus
2400 3365 2617 3435 Aprilis.
3223 3361 3266 3417 X
3281 3361 3347 3419 V.

2110 3455 2198 3511 III.
2245 3455 2432 3510 Nonas
2465 3457 2687 3527 Aprilis.
3221 3453 3386 3509 XVII.

2105 3550 2202 3604 IX.
2247 3549 2481 3607 Kalend.
2513 3549 2667 3604 Maii.
3224 3548 3345 3606 XX.

2108 3648 2202 3704 VI.
2241 3647 2376 3702 ldus
2401 3647 2627 3717 Aprilis.
3233 3643 3351 3699 XV.

2103 3746 2170 3800 II.
2219 3743 2460 3798 Kalend.
2492 3743 2717 3814 Aprilis.
3229 3739 3414 3798 XVIII.

2119 3839 2260 3896 XIV.
2306 3838 2538 3895 Kalend.
2569 3838 2728 3894 Maii.
3231 3837 3372 3892 XIX.

2113 3937 2182 3991 II.
2226 3935 2413 3991 Nonas
2437 3933 2660 4004 Aprilis.
3103 3947 3106 3952 '
3230 3933 3370 3989 XIV.

2121 4031 2213 4086 VI.
2257 4029 2486 4085 Kalena.
2516 4029 2744 4100 Aprilis.
2863 4059 2884 4084 ς
3229 4027 3393 4084 XVII.

494 4139 974 4197 XV.C¢zsariensis
997 4141 1184 4212 synodi
1206 4143 1358 4199 limes
1376 4144 1438 4198 ab
1463 4147 1712 4200 Anatolio
1739 4149 1984 4216 rejeclus.
2055 4165 2099 4224 ο
2133 4144 2348 4200 Domini
2384 4143 2634 4214 jussiouo
2684 4142 2953 4198 sancitum
3009 4150 3092 4198 est
3150 4152 3203 4198 et
3254 4143 3537 4200 catholica:
3588 4143 3714 4202 ﬁdei

438 4281 442 4285 -
524 4255 622 4312 IIic
654 4257 893 4313 circulus
922 4273 1014 4311 six
1044 4274 1315 4314 annorum
1356 4275 1388 4314 a
1428 4259 1760 4329 quibusdam
1819 4260 2035 4318 Africa-

452 4351 542 4405 nis
569 4350 809 4404 rimariis
835 4351 927 4421 qui
965 4350 1259 4421 ampliores
1292 4353 1529 4408 circulos
1562 4354 2031 4424 conscripserunt,

453 4457 566 4497 non
591 4442 852 4511 probatur
871 4484 886 4508 ,
921 4444 1048 4513 quia
1079 4461 1271 4501 eorum
1327 4446 1790 4517 suspicationibus
1819 4462 1884 4503 ac
1915 4448 2035 4519 opi-

455 4532 717 4588 nionibus
750 4533 963 4589 videtur
996 4537 1133 4592 satis
1160 4552 1283 4592 esse
1315 4541 1653 4597 contrarius.
1689 4539 1902 4612 Quippe
1937 4541 2036 4612 qui

455 4626 558 4680 has
610 4627 664 4679 in
722 4641 824 4681 suo
881 4643 1109 4684 numero
1164 4631 1403 4688 rationes
1436 4633 1854 4704 probatissimas
1883 4649 2038 4689 com-

455 4727 707 4788 ponunt,
770 4720 1101 4790 principium
1143 4723 1419 4792 quoddam
1473 4724 1696 4781 Pascha:
1760 4727 2038 4797 ﬁnemque

455 4818 870 4877 componentes,
922 4809 977 4863 id
1015 4819 1097 4865 est
1142 4827 1210 4866 ne
1269 4822 1397 4866 ante
1437 4827 1490 4867 si
1516 4811 1788 4868 Kalendas
1811 4813 2036 4882 Aprilis,

455 4914 559 4955 nec
593 4909 715 4970 post
761 4900 1077 4957 vicesimam
1122 4903 1354 4973 primam
1382 4904 1564 4958 lunam
1596 4913 1650 4959 et
1687 4921 1740 4959 si
1767 4903 2040 4960 Kalendas

456 4990 608 5056 Maii,
637 4991 843 5049 Pascha
867 4993 1263 5050 immolandum
1285 5011 1427 5053 esse.
1463 4997 1613 5065 Quos
1639 4998 1905 5052 terminos
1927 5011 2036 5051 non

456 5087 637 5142 solum
678 5102 789 5141 non
824 5088 1133 5157 sequendos
1160 5131 1174 5156 ,
1229 5091 1324 5145 sed
1376 5093 1541 5146 etiam
1593 5089 1941 5146 detestandos
1975 5103 2041 5143 ac

459 5177 818 5234 succidendos
853 5193 979 5234 esse
1023 5179 1388 5236 decernimus.
1422 5181 1562 5236 Cum
1614 5182 1671 5236 ia
1711 5179 1882 5234 veteri
1913 5177 2041 5249 qui-

450 5275 576 5327 dem
615 5271 733 5343 lege
771 5273 878 5328 hoc
928 5273 1108 5328 solum
1141 5275 1410 5330 custodiri
1461 5275 1662 5330 debere
1703 5271 2038 5336 decernitur,

457 5366 535 5420 uti
567 5379 637 5420 ne
663 5373 790 5420 ante
813 5374 1216 5435 transgressum
1251 5366 1491 5423 vernalis
1515 5364 1828 5435 equinoctii
1853 5362 1907 5416 in
1930 5376 2041 5433 quo

456 5457 798 5512 autumnalis
829 5457 1124 5514 novissima
1155 5475 1285 5530 pars
1317 5459 1576 5521 vincitur,
1611 5455 1823 5511 decima
1848 5465 2040 5526 quarta

2141 4238 2477 4294 conveniens
2507 4237 2562 4292 in
2589 4237 2871 4302 omnibus,
2922 4235 3210 4306 anticipari
3243 4235 3491 4291 illicitum
3525 4226 3589 4292 ac
3625 4253 3726 4307 pe-

2140 4331 2442 4386 riculosum
2470 4344 2614 4395 esse,
2646 4329 2798 4384 omni
2840 4328 3076 4399 sapienti
3124 4344 3232 4383 non
3260 4329 3487 4384 dubium
3522 4340 3625 4386 est.
3659 4331 3729 4387 Et

2142 4423 2348 4479 idcirco
2372 4423 2480 4478 hoc
2507 4422 2684 4478 solum
2727 4422 2863 4476 satis
2893 4429 2980 4476 est
3025 4421 3518 4478 omnibus'sanctis
3546 4433 3599 4478 et
3627 4439 3728 4478 ca-

2143 4515 2365 4571 tholicis
2423 4515 2555 4570 viris
2603 4513 2918 4580 custodire,
2965 4520 3026 4566 ut
3075 4514 3440 4584 plurimorum
3490 4516 3729 4572 diversis

2143 4606 2498 4679 opinionibus
2523 4605 2938 4676 praetermissis,
2975 4607 3113 4661 intra
3162 4607 3427 4662 terminos
3465 4623 3604 4678 quos
3637 4623 3726 4664 ex-

2143 4697 2468 4770 posuimus,
2503 4697 2904 4752 solemnitatem
2962 4695 3262 4755 Domiuica
3305 4700 3729 4757 resurrectionis

2145 4790 2491 4846 concludant.

2146 4902 2286 4958 XVI.
2313 4903 2388 4958 De
2425 4903 2554 4959 solis
2584 4919 2802 4958 ascensa
2825 4920 2886 4958 ac
2903 4903 3173 4958 descensu.
3197 4905 3441 4971 Quatuor
3462 4905 3588 4958 anni
3613 4921 3730 4959 car-

2201 4977 2347 5030 dines
2370 4991 2435 5028 επ
2452 4975 2689 5028 Anatolii
2710 4977 2970 5031 sententia
2990 4974 3316 5031 Caesarianis
3345 4983 3677 5045 respondent.

2217 5090 2486 5144 Caeterum
2515 5091 2660 5161 quod
2695 5099 2803 5146 tuae
2835 5091 3080 5161 epistolas
3129 5089 3461 5158 subjcceras,
3494 5099 3553 5143 ut
3596 5087 3728 5144 solis

2147 5197 2435 5240 ascensum
2463 5182 2898 5252 descensumque
2929 5183 3024 5254 qui
3054 5181 3109 5234 in
3131 5181 3492 5235 diminutione
3516 5180 3727 5234 dierum

2149 5290 2213 5329 ac
2277 5273 2520 5329 noctium
2573 5276 2895 5336 coniicitur.
2952 5273 3080 5327 huic
3136 5272 3402 5342 opusculo
3450 5272 3730 5326 insinuare

2149 5380 2414 5432 conarer,
2448 5365 2553 5421 hoc
2611 5366 2775 5421 modo
2825 5364 3122 5420 inchoatur
3166 5373 3330 5434 atque
3363 5364 3724 5419 consumitur.

2149 5461 2251 5517 Per
2283 5477 2352 5516 xv
2381 5461 2499 5518 dies
2525 5469 2581 5516 et
2612 5462 2764 5516 hora:
2793 5457 3082 5514 dimidium
3127 5458 3239 5514 sole
3273 5459 3600 5512 ascendente
3634 5469 3731 5526 per

458 5553 546 5608 die
579 5555 789 5610 mensis
810 5555 991 5624 primi,
1021 5557 1114 5626 qui
1157 5572 1268 5613 non
1323 5556 1433 5612 diei
1495 5554 1590 5610 sed
1637 5554 1781 5609 lunae
1828 5553 2047 5610 orsibus
2077 5532 2123 5588 Ῑ)
2151 5553 2364 5624 singula
2391 5560 2691 5616 momenta,
2719 5549 2773 5605 id
2805 5559 2889 5606 est
2919 5566 3012 5620 per
3044 5566 3097 5604 IV
3145 5549 3202 5603 in
3245 5565 3352 5604 una
3383 5549 3469 5603 die
3492 5588 3506 5614 ,
3536 5549 3605 5602 ab
3629 5563 3729 5603 viil

461 5653 831 5716 computatur,
872 5646 1086 5704 Pascha
1141 5648 1471 5703 immoletur.
1517 5644 1671 5711 Quod
1704 5643 1945 5716 quidem,
1986 5651 2049 5700 ut
2161 5644 2431 5700 Kalendas
2463 5643 2753 5710 Januarii,
2814 5643 2870 5696 in
2915 5657 3012 5696 vm
3059 5640 3332 5698 Kalendas
3363 5641 3564 5711 Aprilis
3595 5639 3730 5694 hora

537 5762 650 5833 (27)
690 5761 941 5818 Sabbato.
993 5763 1091 5819 Hic
1133 5765 1367 5833 primum
1404 5762 1689 5819 Anatolius
1737 5762 2038 5822 bissextum

469 5833 716 5890 admittit.
747 5833 982 5892 Bucuss.

2222 5758 2408 5833 (28)“!
2426 5758 2464 5811 γ
2501 5757 2684 5833 Feria.
2716 5758 3020 5816 Bissextum
3045 5758 3342 5814 secundum
3377 5757 3463 5813 hic
3486 5755 3732 5827 agnoscit

2167 5830 2471 5887 Anatolius.
2499 5830 2571 5884 In.
