4034 6446
200 3813 208 3822 ’
309 3815 450 3874 Sitne
499 3821 762 3892 genuinus

371 3889 625 3961 scriptus,
661 3908 693 3944 a
739 3891 926 3960 Rufino
957 3891 1151 3945 Latine
1191 3891 1451 3961 redditus.
1489 3889 1738 3961 Rationes
1786 3908 1882 3944 cur
1920 3931 1925 3935 .

290 435 386 492 221

894 431 963 488 ΙΝ
1003 431 1061 486 S.
1103 425 1425 484 ANATOLII
1459 421 1786 480 CANONEM
1826 416 2056 476 ZEGIDII
2091 413 2410 470 BCCHERII
2451 405 3017 466 COMMENTARIUS.

3437 395 3543 449 2‘22

290 551 637 610 diminuttur,
660 547 710 600 in
738 561 846 616 qua
897 553 1297 600 consumuntur
1325 557 1404 596 xu
1447 539 1596 594 horae
1624 546 1676 590 et
1697 536 1866 600 assis,
1902 537 1950 593 Δ
1978 531 2170 587 lendas
2187 526 2453 590 Januarii,
2478 524 2643 580 simili
2671 535 2900 616 numero
2929 521 3187 616 horarum
3218 529 3549 616 acini-timen-

290 643 337 698 id
369 653 450 696 est
482 642 667 710 prima
689 655 815 708 pars
839 653 904 692 ex
938 653 1010 691 xu
1041 633 1338 706 particulis.
1372 630 1428 684 In
1451 647 1555 700 qua
1575 631 1661 682 die
1683 627 1748 681 ad
1783 642 1872 679 ve-

289 748 524 804 sperum,
545 730 594 786 si
613 731 739 784 luna
757 745 846 783 xiv
865 727 1169 792 accidisset,
1187 739 1362 796 agnus
1376 721 1517 792 apud
1534 720 1750 775 Judaeos
1769 717 1867 770 im-

288 820 618 876 molabatur.
651 816 748 872 Sin
773 827 954 871 autem
980 814 1248 870 excedens
1271 828 1552 874 numerus,
1580 827 1648 865 xv
1675 809 1756 863 vel
1775 825 1865 864 xvt

289 912 409 964 luna
442 909 650 962 fuisset
669 907 908 970 inventa,
938 907 992 959 in
1031 918 1256 972 vespere
1283 901 1526 972 ejusdem
1551 899 1656 952 diei
1685 899 1738 952 in
1778 912 1871 951 xlv

287 1002 368 1054 die
401 1001 668 1055 secundae
699 1000 842 1053 lunae
884 998 1076 1052 eodem
1113 1011 1300 1050 mense
1323 1001 1462 1047 nata:
1490 991 1556 1046 ad
1583 1002 1869 1058 vesperum

287 1091 488 1147 Pascha
547 1091 934 1146 celebrabatur
971 1107 986 1155 ;
1029 1097 1232 1158 septem
1292 1085 1486 1141 diebus
1522 1081 1870 1137 comedentes

287 1199 496 1255 azyma,
526 1197 708 1251 usque
732 1182 799 1235 ad
831 1181 972 1235 diem
999 1195 1089 1233 xxi
1125 1179 1178 1232 in
1207 1190 1514 1246 vesperum.
1545 1171 1714 1226 Nobis
1738 1184 1872 1241 ergo

288 1270 541 1325 similiter
572 1269 622 1325 si
647 1271 887 1336 eveniat,
921 1277 981 1323 ut
1014 1283 1092 1321 vu
1127 1265 1399 1320 Kalendas
1429 1263 1632 1332 Aprilis
1663 1271 1714 1316 et
1753 1259 1869 1314 dies

288 1360 575 1415 Dominica
613 1370 671 1414 et
722 1360 850 1414 luna
893 1375 984 1414 xtv
1025 1358 1354 1420 inveniatur,
1399 1371 1490 1410 xlv
1535 1355 1746 1409 Pascha
1779 1368 1870 1409 ce.

287 1451 615 1507 lebrandum
661 1461 767 1507 est.
809 1449 913 1505 Sed
946 1459 1002 1506 et
1031 1451 1076 1506 si
1106 1466 1172 1503 xv
1209 1449 1292 1503 vel
1343 1462 1469 1512 χιιι,
1516 1456 1570 1501 et
1599 1463 1773 1517 usque
1803 1447 1870 1502 ad

286 1559 354 1598 xx
400 1544 532 1598 luna
587 1543 762 1598 fuerit
806 1544 1025 1599 inventa
1053 1586 1068 1609 ,
1110 1556 1208 1608 pro
1243 1539 1544 1595 reverentia
1578 1539 1872 1594 Dominicae

287 1635 718 1691 resurrectionis
747 1650 870 1705 quae
900 1634 953 1689 in
985 1635 1074 1690 die
1105 1633 1386 1687 Dominica
1421 1630 1562 1686 facta
1584 1640 1687 1694 est,
1713 1631 1872 1688 nobis

288 1727 539 1780 similiter
573 1726 968 1781 celebrandum
992 1736 1112 1792 est;
1147 1724 1217 1779 ita
1254 1732 1432 1776 tamen
1461 1731 1520 1775 ut
1545 1721 1870 1791 principium

291 1821 512 1875 Pascha:
533 1821 706 1876 finem
739 1821 1102 1876 solemnitatis
1127 1834 1341 1885 eorum,
1363 1819 1417 1874 id
1440 1826 1524 1874 est
1553 1818 1870 1874 vicesimam

1978 633 2159 678 torum
2191 621 2395 678 finitur.
2427 618 2503 674 Ita
2551 624 2611 672 ut
2653 633 2748 670 vui
2782 613 3054 668 Kalendas
3080 609 3327 666 Januarii
3357 611 3546 662 horam

1975 726 2032 772 et
2067 716 2214 772 [torre
2243 713 2524 768 dimidium
2559 712 2691 766 hora
2727 707 2943 762 haheat.
2977 704 3056 758 Eo
3087 717 3264 773 usque
3309 715 3550 769 namque

1975 811 2093 866 dies
2119 824 2174 865 et
2213 825 2317 864 nox
2349 809 2748 863 diminuuntur.
2802 805 2865 860 Et
2904 820 2979 858 xu
3013 804 3163 856 hora:
3192 813 3314 869 quae
3347 797 3400 850 in
3430 810 3550 848 ver-

1977 901 2086 956 nali
2135 900 2462 969 aequinoctio
2493 899 2548 952 in
2597 895 2865 967 principio
2903 891 3116 946 Domini
3145 885 3550 958 dispensatione

1975 996 2283 1051 constitutae
2317 1004 2463 1055 sunt,
2493 992 2546 1046 in
2578 1007 2672 1044 vut
2721 988 2992 1043 Kalendas
3022 984 3149 1039 Julii
3183 992 3342 1037 nocte
3385 979 3549 1036 dimi-

1975 1098 2142 1152 nuta,
2168 1088 2284 1142 sole
2308 1085 2632 1141 ascendente
2653 1098 2749 1152 per
2776 1080 3021 1150 singulos
3047 1093 3188 1148 quos
3210 1091 3375 1144 supra
3404 1073 3550 1127 dixi-

1975 1198 2100 1238 mus
2150 1180 2353 1252 gradus
2399 1193 2577 1244 xvut,
2611 1176 2665 1230 in
2718 1175 3042 1230 duodecimo
3089 1169 3323 1241 longiori
3372 1169 3549 1238 spatio

1974 1273 2321 1344 reperiantur
2365 1271 2652 1341 adjunctze.
2687 1267 2754 1322 Et
2780 1268 2976 1321 iterum
3027 1280 3106 1319 xu
3153 1265 3302 1317 hora:
3343 1275 3466 1331 qua:
3494 1261 3550 1314 in
3621 1268 3624 1271 '

1975 1365 2274 1422 autumnali
2303 1363 2628 1434 aequinoctio
2657 1361 2791 1418 solis
2823 1363 3092 1414 descensu
3121 1355 3456 1426 repleantur,
3491 1351 3548 1404 in

1974 1473 2072 1512 vtu
2103 1456 2371 1511 Kalendas
2391 1453 2636 1509 Januarii
2665 1468 2758 1508 sex
2791 1453 2939 1506 hora:
2967 1453 3020 1505 in
3053 1464 3126 1504 xu
3169 1447 3358 1503 divisae
3391 1445 3544 1498 inve.

1975 1550 2194 1603 niantur
2223 1547 2530 1617 disjunctae,
2549 1552 2707 1600 nocte
2727 1559 2855 1598 xvut
2887 1544 2940 1596 in
2969 1557 3046 1596 xu
3080 1540 3284 1594 divisas
3307 1543 3546 1592 tenente.

1974 1639 2104 1707 Quae
2132 1640 2187 1694 in
2219 1655 2313 1694 vui
2336 1638 2607 1694 Kalendas
2627 1633 2755 1692 Julii
2784 1635 3033 1691 similiter
3054 1649 3106 1688 γι
3131 1632 3184 1686 in
3215 1645 3292 1686 xu
3327 1629 3551 1700 partitas

1978 1732 2214 1788 tenebat.

2387 1819 2550 1876 XVII.
2592 1819 2777 1886 Operis
2809 1817 3095 1874 conclusio.

289 1911 492 1976 lunam,
539 1925 662 1965 non
691 1912 937 1967 excedat.
975 1910 1041 1966 Et
1063 1911 1186 1967 ideo
1210 1927 1317 1967 non
1353 1927 1545 1982 parum
1574 1911 1870 1982 deliquisse
1903 1891 1945 1946 Β
2044 1911 2212 1968 XVII.
2247 1910 2362 1968 Hoc
2411 1921 2592 1986 autem
2624 1927 2731 1965 non
2787 1911 3005 1981 ignores
3032 1949 3046 1972 ,
3099 1904 3242 1975 quod
3275 1905 3378 1957 ista
3418 1917 3554 1971 qua-

289 2001 529 2057 diximus
562 2017 689 2069 eos,
718 2003 810 2072 qui
843 2002 1144 2071 anticipare
1175 2002 1257 2055 vel
1284 2002 1546 2058 excedere
1579 2002 1726 2057 hunc
1766 2017 1870 2056 nu-

291 2108 496 2146 merum
547 2093 757 2148 divinae
811 2093 1076 2148 insertum
1123 2093 1422 2164 Scriptura:
1471 2095 1588 2150 ausi
1617 2103 1766 2150 sunt.
1807 2093 1872 2149 Et

292 2185 356 2239 ab
383 2202 482 2240 vui
505 2185 793 2242 Kalendas
817 2187 1020 2256 Aprilis
1068 2187 1124 2242 in
1155 2201 1253 2241 vui
1284 2185 1554 2243 Kalendas
1579 2187 1751 2243 Julias
1778 2204 1873 2257 per

293 2293 356 2331 xv
403 2277 527 2334 dies
585 2281 727 2334 hora
759 2279 1115 2346 diminuitnr;
1144 2295 1239 2350 per
1267 2280 1376 2335 duo
1405 2290 1677 2335 momenta
1706 2289 1760 2336 et
1793 2279 1871 2333 di-

294 2368 542 2435 midium,
581 2379 641 2424 et
679 2379 891 2425 sextam
936 2378 1146 2440 partem
1196 2371 1492 2436 momenti,
1527 2371 1642 2425 sole
1684 2385 1875 2424 ascen-

237 2459 447 2515 Mlente
469 2477 572 2531 per
601 2463 851 2533 singulos
882 2461 1021 2517 dies.
1059 2460 1123 2516 Et
1162 2461 1230 2516 ab
1262 2477 1360 2516 vut
1396 2459 1667 2516 Kalendas
1699 2459 1873 2515 Julias

297 2552 348 2607 in
374 2569 470 2608 vui
502 2553 786 2610 Kalendas
828 2551 1081 2611 Octobris
1104 2554 1353 2610 similiter
1385 2570 1480 2623 per
1533 2570 1603 2610 xv
1631 2553 1773 2622 dies,
1819 2560 1872 2607 et

298 2653 526 2712 quatuor
564 2647 758 2713 horas,
801 2646 938 2701 hora
974 2646 1333 2714 diminuitnr;
1369 2647 1730 2702 descendente
1758 2644 1876 2701 sole

297 2733 350 2787 in
369 2751 709 2808 unaquaque
738 2737 828 2793 die
861 2754 960 2810 per
1006 2739 1260 2795 eumdem
1291 2753 1580 2794 numerum
1630 2751 1875 2792 momen-

298 2834 509 2898 torum;
536 2842 598 2887 et
633 2831 872 2901 spatium
890 2830 1038 2901 quod
1064 2839 1337 2902 superest,
1362 2845 1536 2900 usque
1565 2829 1619 2884 in
1650 2845 1746 2882 vm
1773 2827 1876 2883 Ka-

1977 2016 2104 2061 tuor
2134 2021 2254 2075 quae
2292 2005 2532 2060 diximus
2583 2013 2890 2073 temporum
2922 2000 3190 2060 conﬁnia,
3227 1997 3354 2072 licet
3403 2009 3554 2047 men-

1977 2098 2118 2154 sium
2153 2097 2498 2168 sequentium
2537 2094 2796 2152 Kalendis
2827 2095 3292 2166 approximentur,
3349 2102 3552 2144 unum-

1979 2189 2232 2260 quodque
2281 2198 2461 2244 tamen
2503 2187 2741 2243 medium
2792 2186 3084 2257 temporis,
3117 2184 3168 2238 id
3199 2192 3284 2237 est
3317 2182 3469 2237 verni
3502 2189 3557 2234 et

1979 2282 2209 2345 aestatis,
2249 2279 2498 2336 autumni
2527 2287 2583 2333 et
2628 2279 2823 2334 hiemis
2857 2287 3057 2333 teneat.
3107 2276 3172 2330 Et
3201 2290 3308 2329 non
3356 2275 3553 2329 exinde

1982 2382 2287 2442 temporum
2339 2371 2610 2443 principia
2666 2371 3032 2434 inchoantur,
3081 2368 3225 2423 unde
3283 2365 3554 2420 mensium

1977 2464 2232 2521 Kalendae
2265 2463 2572 2520 initiantur.
2615 2461 2720 2518 Sed
2757 2463 2831 2516 ita
2880 2460 3310 2530 unumquodque
3342 2467 3556 2527 tempus

1978 2557 2344 2611 inchoandum
2377 2563 2482 2620 est,
2505 2565 2566 2611 ut
2596 2570 2626 2610 ιι
2650 2555 2825 2624 prima
2857 2553 2944 2608 die
2976 2554 3122 2607 veris
3154 2561 3367 2621 tempus
3387 2549 3557 2619 aequi.

1979 2651 2223 2706 noctium
2259 2649 2502 2714 dividat;
2531 2657 2588 2704 et
2622 2648 2828 2703 aestatis
2862 2662 2961 2701 vui
3009 2644 3280 2700 Kalendas
3309 2641 3474 2706 Julii,
3501 2648 3557 2694 et

1981 2742 2229 2799 autumni
2258 2755 2354 2796 vut
2383 2739 2657 2795 Kalendas
2691 2737 2967 2800 Octobris.
3003 2747 3056 2793 et
3090 2737 3286 2793 hiemis
3315 2751 3413 2789 vui
3445 2733 3556 2789 Ka-

1983 2831 2174 2887 lendas
2209 2829 2455 2884 Januarii
2492 2828 2744 2884 similiter
2773 2827 3055 2884 dividitur.

1386 3215 1804 3304 IEGlDll
1888 3212 2466 3304 BUCHERII

782 3414 850 3473 ln
880 3414 942 3475 S.
980 3409 1254 3473 Anatolii
1288 3410 1703 3474 Alexandrini
1737 3407 2056 3470 Cononem
2090 3408 2452 3471 Paschalem
2495 3408 3030 3471 Commentarios.

814 3725 1040 3782 CAPUT
1083 3725 1370 3783 PRIMUM.

816 3821 1054 3875 Anatolii
1100 3820 1288 3875 Canon
1337 3819 1650 3885 Paschalis,
1702 3819 1882 3874 (ἔντεσι

370 3953 636 4045 ejusmodi
685 3953 1169 4045 Δ(ἴξιυὸιι-Αίιιιιοζίξ
1217 3953 1350 4045 non“
1379 3961 1642 4045 videatur:
1697 3960 1880 4032 [psunt

373 4030 629 4088 Anatolio
678 4032 916 4086 tribuunt
976 4032 1253 4093 Eusebius,
1307 4031 1474 4096 Beda,
1531 4030 1879 4097 Colmanum,

374 4099 688 4226 :Vilfric‘iu‘s.
721 4102 870 4157 Beda
896 4119 964 4158 ea:
997 4103 1093 4157 hoc
1119 4099 1344 4158 Canone
1373 4103 1644 4171 complura
1669 4103 1738 4156 ad
1779 4119 1883 4157 ver-

403 4191 491 4228 um
517 4191 568 4228 ει
596 4192 625 4226 a
657 4211 673 4226 .

374 4288 711 4350 Anatolium,
758 4303 956 4357 genere
985 4287 1414 4342 Alexandrinum
1439 4327 1454 4351 ,
1485 4285 1672 4357 Grtece
1698 4286 1847 4343 Cano

311 4371 418 4412 nem
463 4374 628 4415 suum
679 4356 968 4428 scripsisse
1027 4357 1474 4428 nemoidubitat.
1532 4356 1598 4412 Et
1653 4358 1880 4413 dubium

310 4442 463 4498 omne
509 4430 702 4483 eximit
725 4427 1014 4498 Eusebius,
1068 4428 1162 4496 qui
1209 4427 1407 4498 bonam
1459 4428 1624 4498 hujus
1671 4439 1879 4498 partem

312 4495 488 4556 Graece
513 4500 668 4554 citat.
697 4497 1015 4554 Versionem
1044 4495 1186 4553 hanc
1215 4495 1464 4553 Latinam
1495 4495 1694 4553 Ruﬁno
1727 4515 1882 4570 teque

311 4581 498 4623 ouiues
553 4571 870 4634 ascribunt,
922 4583 1098 4638 eoque
1149 4583 1343 4638 parum
1395 4578 1732 4634 accuratam,
1782 4586 1883 4626 nec

311 4639 434 4694 satis
465 4640 629 4693 fidam
671 4636 1024 4694 existimanti
1047 4636 1191 4693 Sane
1217 4637 1426 4708 Grzrca,
1461 4655 1583 4708 qua:
1616 4639 1756 4695 libro
1785 4658 1880 4706 vu,

312 4721 424 4779 cap.
455 4709 529 4763 26
575 4709 698 4779 (52)
753 4709 1035 4779 Historiis.
1065 4724 1178 4763 sua:
1223 4707 1595 4764 ecclesiastica:
1653 4709 1882 4766 feliciter

313 4776 538 4834 inseruit
566 4776 854 4843 Eusebius,
896 4787 950 4832 et
977 4776 1283 4834 Rulluianis
1333 4780 1584 4834 uberiora
1633 4789 1780 4846 sunt,
1829 4792 1884 4837 et

313 4849 458 4904 aliter
508 4851 740 4906 subinde
766 4850 1080 4922 clariusque
1117 4849 1534 4922 concipiuntur;
1565 4851 1740 4922 ιιι-γει
1773 4854 1882 4922 pri-

316 4933 393 4973 ma
422 4922 832 4990 comparatione
877 4919 1049 4974 cuivis
1093 4919 1442 4989 perspicuum
1492 4931 1593 4975 est.
1632 4920 1746 4976 Hoc
1773 4919 1882 4977 ἠο-

316 4990 450 5045 mine
485 5007 591 5045 non
627 5007 784 5060 negt),
815 4990 988 5044 labem
1019 4991 1335 5060 nonnullam
1370 4990 1422 5044 in
1454 4991 1680 5059 hujusce
1705 4990 1880 5046 Cano-

317 5060 390 5111 nis
424 5069 630 5115 textum
680 5061 918 5129 irrepere.

319 5135 486 5186 textus
527 5132 648 5192 istc.
688 5131 924 5201 sepOsita
967 5131 1146 5184 Rufini
1189 5145 1389 5202 parum
1424 5139 1572 5202 certa
1614 5132 1876 5202 interpre-

318 5201 532 5271 tatione,
564 5203 836 5271 genuinus
878 5202 1013 5255 alias
1056 5215 1119 5254 ac
1140 5215 1310 5271 _ve_rus
1349 5201 1422 5255 sit
1446 5201 1680 5271 Anatolii
1715 5201 1878 5269 fetus,

320 5283 468 5346 quem
520 5268 1079 5346 Eusebiuspauonem
1115 5269 1178 5322 de
1201 5268 1482 5336 Pascltate,
1518 5268 1883 5346 Hieronymus

331 5334 571 5410 vnumm
608 5358 765 5410 super
789 5341 1016 5405 Pascha,
1048 5348 1264 5394 vocant.

385 5408 456 5463 Ex
491 5408 772 5480 principiis
815 5413 1205 5484 quidem_sa_ne
1242 5411 1553 5484 paradoxis,
1581 5426 1885 5484 praeterque

321 5479 654 5544 communem
688 5479 876 5535 eorum
910 5482 1003 5550 qui
1036 5481 1100 5534 de
1125 5479 1392 5537 Paschate
1415 5479 1727 5538 Christiano
1756 5479 1889 5539 scri-

323 5561 536 5624 pset-unt
584 5552 894 5624 opinionem
934 5551 1266 5624 constitutis,
1295 5569 1416 5624 qua:
1449 5551 1632 5608 Conon
1661 5554 1748 5608 hic
1775 5570 1887 5624 prae

324 5630 375 5694 _s_e
409 5619 528 5684 fert,
565 5619 741 5694 videri
767 5620 900 5674 forte
936 5622 1110 5690 possit
1141 5619 1480 5694 adulterinus
1511 5633 1562 5677 et
1591 5619 1886 5694 suppositi-

325 5687 456 5752 tius;
497 5701 551 5744 ct
589 5692 816 5745 alterius
851 5687 1029 5759 potius
1057 5707 1218 5761 quam
1243 5692 1481 5746 Anatolii
1515 5702 1623 5748 tam
1660 5687 1884 5761 laudati,

325 5761 421 5810 tam
470 5763 726 5815 catholici
773 5763 1074 5828 scriptoris.
1125 5759 1194 5816 Ut
1227 5778 1292 5814 ex
1327 5765 1515 5818 multis
1542 5765 1632 5819 hic
1670 5759 1884 5819 interim

326 5837 481 5893 pauca
521 5834 743 5902 seligam
793 5850 807 5886 ι
847 5830 1068 5887 Pascha:
1112 5831 1450 5889 Dominicam
1513 5835 1639 5890 luna
1691 5847 1884 5905 quarta

1906 3732 1948 3788 C
1981 3728 2192 3782 decima
2227 3726 2377 3781 nullo
2409 3728 2668 3795 scrupulo
2699 3725 2905 3790 indicit,
2946 3726 2999 3779 in
3031 3742 3141 3792 quo
3169 3741 3292 3780 cum
3327 3725 3562 3794 Quarta-

1981 3797 2313 3858 decimanis.
2347 3812 2442 3852 seu
2473 3794 3067 3852 Tessareskaedecatitis
3100 3799 3169 3850 ab
3201 3795 3440 3852 Ecclesia
3477 3815 3562 3850 re-

1977 3868 2158 3938 jectis,
2195 3866 2325 3922 facit
2367 3868 2525 3938 :retsi
2561 3862 2613 3921 ill
2666 3867 2742 3920 illi
2792 3877 3109 3936 perpetuum
3156 3883 3262 3921 non
3309 3868 3436 3938 sit;
3461 3885 3564 3922 nec

1983 3936 2086 3994 nisi
2129 3947 2209 3992 ter
2245 3947 2357 4008 toto
2389 3937 2868 4008 degemnovenuali
2917 3938 3070 4008 cyclo
3103 3947 3368 3992 recurrat.
3415 3936 3561 3992 Prte-

1983 4021 2128 4064 terea
2183 4007 2427 4063 eamdem
2469 4005 2754 4062 Paschalis
2798 4005 3136 4061 Dominicam
3192 4023 3221 4060 a
3255 4023 3352 4061 χιιι
3409 4008 3560 4070 luna,

1981 4080 2172 4134 saltem
2214 4087 2478 4138 exeunte,
2514 4078 2568 4132 in
2613 4093 2680 4131 xx
2719 4077 2980 4130 duntaxat
3017 4076 3295 4140 diﬂ‘uudit;
3343 4079 3562 4131 tametsi

1984 4148 2290 4219 Scriptura,
2325 4157 2381 4202 et
2405 4163 2529 4202 cum
2560 4147 2983 4202 eaAlexandrini
3013 4147 3155 4201 inter
3187 4161 3326 4219 quos
3356 4147 3564 4219 studuit

1980 4217 2284 4284 Anatolius,
2316 4233 2346 4273 a
2381 4234 2471 4272 xiv
2506 4220 2558 4272 in
2595 4233 2688 4271 xxt
2722 4227 2902 4285 aperte
2934 4226 3263 4286 propagent;
3291 4217 3471 4271 Latini
3507 4217 3560 4272 in

1980 4291 2299 4344 vicesimam
2341 4303 2561 4358 quoque
2605 4288 2899 4358 secundam
2945 4287 3243 4358 extendere
3285 4288 3417 4340 nihil
3464 4303 3561 4341 ve-

1984 4370 2223 4414 rcantur.
2258 4359 2338 4412 Ad
2365 4355 2494 4413 haec
2525 4357 2735 4412 litteras
2769 4355 3131 4412 Dominicales
3159 4367 3214 4411 et
3239 4357 3562 4425 bissextum,

1981 4431 2155 4484 aliave
2204 4430 2462 4499 pleraque
2493 4440 2602 4482 tam
2639 4429 2867 4499 confuse
2905 4429 3208 4494 constituit,
3240 4440 3298 4482 ut
3330 4445 3435 4482 non
3465 4430 3565 4482 do-

1983 4501 2053 4552 cti
2102 4495 2336 4566 alicujus
2372 4495 2444 4552 'et
2499 4497 2669 4554 sancti
2724 4495 2924 4560 Patris,
2979 4500 3193 4567 qualem
3249 4516 3310 4553 su
3357 4507 3567 4567 ponunt

1983 4585 2174 4623 omnes
2219 4569 2571 4623 Anatolium:
2623 4568 2717 4622 sed
2766 4568 2920 4622 rudis
2965 4578 3018 4622 et
3065 4571 3259 4623 ianari.
3315 4516 3566 4623 Fortcoue

1983 4585 2174 4625 omnes
2219 4569 2571 4640 Anatolium;
2623 4568 2920 4640 sednrudis
2965 4578 3018 4622 et
3065 4571 3259 4640 ignari,
3315 4568 3566 4639 forthue

1983 4657 2011 4692 a
2044 4641 2267 4694 veritate
2310 4639 2579 4694 catholica
2612 4638 2754 4693 devii
2801 4638 3305 4709 scriptoris—potius
3334 4657 3455 4696 esse
3481 4638 3566 4694 vi-

1983 4709 2192 4780 deatur.
2231 4709 2306 4763 De
2330 4725 2440 4780 quo
2469 4712 2626 4780 plura
2663 4725 2788 4764 mox
2819 4713 2993 4779 capite
3023 4711 3204 4764 tertio.

2054 4779 2388 4836 Germanum
2439 4779 2799 4850 nihilominus
2828 4781 3064 4836 Anatolii
3109 4791 3325 4850 partum
3369 4779 3565 4836 fortius

1984 4854 2099 4906 haec
2135 4853 2412 4906 evincunt.
2455 4849 2640 4904 Primo
2669 4849 2889 4905 Eusebii
2923 4849 3279 4906 Caesariensis
3312 4853 3403 4921 qui
3438 4867 3561 4906 eum

1983 4923 2165 4977 videre
2197 4926 2392 4991 potuit,
2421 4921 2742 4985 auctoritas,
2771 4921 2976 4990 quique
3023 4938 3131 4976 non
3162 4923 3302 4978 exile
3331 4922 3564 4978 Cononis

1986 4993 2218 5060 hujusce
2244 4991 2603 5062 Fragmentum
2632 4992 2866 5047 Anatolii
2905 4993 3125 5047 nomine
3152 4993 3379 5062 profert,
3406 4993 3566 5060 plane

1007 5060 1229 5132 otnisse.
1276 5058 1381 5113 Sed
1426 5058 1658 5131 quaestio
1693 5071 1779 5117 est
1811 5079 1879 5118 an
1917 5077 1958 5131 ι)
1985 5058 2114 5117 huic
2154 5058 2420 5132 cpusculo
2466 5060 2771 5132 conforme,
2808 5063 2911 5117 nisi
2949 5063 3037 5116 ubi
3074 5058 3206 5118 lides
3234 5058 3451 5132 vacillat
3481 5063 3567 5115 in-

1988 5131 2258 5203 terpretis.
2302 5135 2444 5186 ldetn
2475 5131 2603 5188 facit
2637 5144 2690 5188 et
2721 5132 2884 5198 Beda,
2918 5132 3075 5186 initio
3107 5133 3268 5186 libelli
3299 5131 3566 5203 De_a’qui-

1989 5201 2164 5258 noctio
2186 5213 2234 5257 et
2260 5203 2322 5257 de
2347 5204 2548 5257 ratione
2580 5213 2890 5272 temporum,
2919 5204 3095 5272 capite
3120 5211 3334 5270 quarto.
3365 5201 3567 5256 Deinde

1987 5275 2324 5329 Colmannus
2377 5274 2664 5328 Scotorum
2721 5275 3040 5342 episcopus,
3109 5272 3250 5342 apud
3310 5274 3561 5326 eumdetn

1991 5345 2189 5398 Bedatn
2222 5345 2360 5399 libro
2392 5361 2450 5397 ιιι
2480 5343 2735 5398 Historia:
2758 5341 3045 5412 Anglorum
3068 5341 3435 5396 ecclesiastica:
3480 5358 3566 5396 ca-

2030 5417 2100 5469 ite
2139 5415 2230 5479 ‘25,
2265 5415 2574 5470 Anatolium
2611 5415 2809 5476 virum,
2864 5422 2922 5466 ut
2965 5417 3062 5476 ait,
3110 5422 3360 5467 sanctum
3409 5423 3462 5466 et
3507 5417 3563 5466 in

2034 5485 2222 5540 istoria
2273 5485 2641 5540 ecclesiastica
2691 5483 3161 5548 laudatissimum,
3214 5485 3282 5536 ab
3316 5499 3404 5538 xlv
3437 5485 3565 5536 luna

1991 5557 2056 5610 ad
2089 5572 2160 5609 xx
2187 5554 2395 5610 Pascha
2427 5554 2810 5609 celebrandum
2841 5553 3130 5607 tradidisse
3158 5554 3372 5608 asserit.
3407 5555 3562 5619 Quod

1991 5627 2155 5680 etiam
2211 5625 2512 5680 catholicus
2563 5624 2862 5693 Anglorum
2926 5626 3207 5693 presbyter
3257 5623 3560 5686 Wdfridus,

1992 5707 2180 5751 contra
2223 5695 2583 5750 Colmaunum
2616 5710 2711 5762 pro
2742 5692 3003 5749 l'aschate
3030 5692 3398 5748 Alexandrino
3445 5697 3562 5746 dis-

1994 5775 2190 5834 putans
2223 5807 2238 5830 ,
2269 5781 2377 5819 non
2408 5766 2569 5817 modo
2599 5764 2852 5825 admittit,
2891 5766 2982 5819 sed
3035 5774 3088 5819 ct
3117 5767 3338 5834 insuper
3366 5765 3436 5818 ab
3465 5779 3562 5815 xut

1995 5839 2122 5891 luna
2164 5838 2227 5890 ad
2259 5850 2543 5904 vesperum
2578 5835 2808 5890 subinde
2837 5834 3044 5892 Pascha
3075 5835 3266 5892 Scutos
3309 5834 3563 5890 inchoare
