4034 6418
278 357 376 413 2ἷό

1247 352 1308 405 IN
1349 352 1402 406 S.
1448 350 1766 405 ANATOLII
1804 349 2129 404 CANONEM
2166 348 2595 404 PASCHALEM.

3468 354 3539 409 :26

277 471 505 527 Anatolii
541 479 751 525 textqu
798 470 861 525 ad
894 471 1085 541 synodi
1120 471 1443 541 sententiam
1490 471 1679 524 saltem
1718 484 1846 539 pro-
1876 474 1921 529 Α
1952 469 2027 541 ta)
2054 469 2199 541 quod
2222 476 2300 541 est
2340 468 2645 537 aequinoctii
2662 476 3066 541 transgressus;
3109 467 3229 541 licet
3262 468 3330 522 ad
3361 486 3538 525 verum

279 544 416 597 xime
458 552 766 595 revocaret.
819 539 1097 595 Posterius
1127 542 1305 608 priore
1341 539 1556 593 facilius
1602 548 1655 593 et
1688 555 1847 593 acce-

277 613 415 682 ptius
460 612 715 665 credidit.
750 609 860 665 Nec
906 612 1271 682 verodcsunt
1315 612 1613 682 etiamnum
1664 611 1850 682 aliqua

281 679 647 750 corruptionis
683 682 845 734 illatte
872 681 1121 749 vestigia.
1167 679 1301 733 Nam
1337 680 1505 750 codex
1546 680 1853 731 manuscri-

278 763 393 821 ptus
429 748 497 804 ex
534 766 650 820 quo
683 751 800 804 haec
835 748 1247 821 exscripsimus,
1272 766 1364 801 Vlll
1390 748 1656 801 Kalendas
1690 749 1849 821 Apri-

278 822 365 884 les,
396 836 462 873 ex
494 837 627 874 vera
679 836 743 873 ac
770 820 945 889 prima
990 821 1238 883 lectione,
1277 835 1381 871 non
1412 835 1483 883 xi,
1521 822 1666 873 clare
1698 820 1851 872 exhi-

275 892 376 944 bet.
413 889 667 946 Tametsi
701 906 817 944 xxii
848 889 1024 963 Dystri
1057 891 1197 944 diem
1224 905 1290 942 ex
1318 904 1483 958 prava
1510 890 1851 944 correctione

274 963 526 1014 retineat.

332 1029 610 1098 Caeterum
637 1045 736 1083 cur
763 1028 1049 1094 Eusebius,
1083 1040 1176 1083 aut
1219 1029 1264 1082 si
1294 1029 1418 1096 quis
1452 1027 1612 1092 alius,
1646 1029 1851 1081 Anato-

273 1101 394 1152 lium
447 1100 732 1169 corrigere
780 1114 1090 1169 aggressus,
1145 1114 1257 1151 xxn
1309 1099 1524 1166 potius,
1561 1114 1724 1169 quam
1757 1114 1847 1151 xxi

270 1169 470 1233 Martii,
523 1167 630 1237 pro
674 1185 777 1223 xxv
824 1167 1187 1234 su‘bstituerit,
1232 1184 1337 1237 non
1385 1169 1519 1222 satis
1568 1168 1844 1236 pervideo.

269 1239 478 1294 Nicaana
526 1236 815 1308 isiquidem
867 1241 1107 1308 synodus
1170 1240 1233 1292 ad
1280 1236 1455 1291 Martii
1488 1253 1580 1290 xxi
1628 1252 1720 1289 seu
1750 1253 1846 1299 xu,

269 1325 371 1363 non
404 1325 459 1362 xi
490 1308 768 1362 Kalendas
797 1310 1007 1377 Apriles
1042 1309 1426 1377 aequinoctium
1470 1308 1656 1372 allixit,
1688 1317 1741 1360 et
1775 1309 1848 1361 ita

267 1382 519 1448 deinceps
546 1378 792 1431 Ecclesia
833 1379 1074 1432 retinuit.
1104 1378 1245 1444 Quin
1273 1378 1587 1448 ita_quoque
1609 1378 1850 1432 sensisse.

267 1446 474 1503 videtur
521 1450 848 1512 Anatolius,
919 1450 1138 1516 quando
1184 1448 1301 1516 ipsa
1347 1446 1521 1500 Martii
1562 1463 1693 1509 xxv,
1738 1463 1847 1515 qua

268 1534 421 1572 suum
468 1519 561 1572 ille
604 1520 767 1573 civile
808 1519 923 1587 figit
947 1520 1357 1587 aequinocnum,
1388 1518 1557 1571 solem
1588 1518 1640 1570 in
1671 1517 1849 1587 primo

267 1589 696 1642 dodecatemorii
751 1586 1055 1658 segmento,
1106 1597 1357 1656 quartam
1402 1587 1515 1656 jam
1552 1588 1693 1641 diem
1727 1586 1848 1640 δια-

268 1660 635 1729 πορευόμενον
659 1674 769 1729 seu,
801 1671 1242 1727 praetergressum
1290 1672 1412 1712 esse
1462 1673 1526 1711 ac
1561 1670 1850 1725 superasse

267 1739 443 1850 Iarbae
470 1728 706 1791 scribit,
760 1728 994 1781 innuens
1042 1728 1285 1796 quintam
1335 1735 1465 1781 tunc
1508 1741 1845 1795 percurrere.

308 1813 443 1850 euue
475 1798 804 1850 satisfaciet.
838 1799 929 1850 niti
962 1798 1105 1850 dicet
1128 1797 1395 1850 Ptolcmaai
1425 1799 1734 1850 oniu.ouem
1764 1796 1844 1848 vi-

308 1813 443 1867 eque
475 1798 804 1859 satisfaciet,
838 1799 929 1865 qui
962 1798 1105 1851 dicet
1128 1797 1395 1867 uoluntati
1425 1799 1734 1866 opiu.ouem
1764 1796 1844 1848 vi-

268 1866 372 1921 deri
421 1878 680 1923 secutum
732 1868 1064 1921 Anatolium.
1127 1866 1238 1921 Cur
1272 1868 1416 1920 enim
1467 1868 1574 1931 ille,
1623 1867 1669 1920 si
1712 1867 1847 1921 scri-

271 1938 429 2006 ptoris
482 1937 699 1997 ethnici
747 1946 801 1991 et
854 1938 956 1991 150
994 1938 1152 1991 annis
1200 1938 1489 1991 anterior-is
1534 1938 1845 2006 opinionem

270 2018 606 2076 sequeretur,
643 2008 814 2062 solem
853 2024 958 2061 xxv
985 2006 1163 2060 Martii
1191 2017 1441 2075 quartam
1475 2008 1849 2061 dodecatemo-

271 2079 328 2131 rii
363 2080 521 2146 primi
560 2086 775 2147 partem
820 2078 931 2147 jam
964 2077 1307 2145 percurrisse,
1349 2087 1401 2130 et
1432 2093 1541 2131 non
1577 2078 1754 2145 potius
1778 2093 1844 2129 ex

268 2149 500 2215 ejusdem
561 2163 732 2202 sensu
779 2163 1081 2216 percurrere
1123 2147 1397 2201 dixisset?
1439 2147 1520 2200 An
1559 2156 1740 2201 tantus
1766 2148 1847 2199 vir

272 2219 318 2271 in
358 2229 464 2271 tam
501 2220 619 2272 acri
665 2219 846 2270 studio
890 2218 956 2271 ad
992 2217 1115 2272 caeli
1142 2226 1196 2270 et
1219 2217 1624 2285 horologiorum
1665 2226 1845 2270 motus

270 2303 365 2340 non
391 2287 731 2342 attenderit?
761 2286 958 2341 Verum
1000 2287 1265 2355 quidquid
1300 2287 1367 2341 de
1392 2288 1495 2341 hoc
1523 2285 1699 2341 subsit
1728 2290 1847 2354 (pa-

271 2372 378 2410 rum
419 2362 568 2417 enim
629 2359 901 2425 interest),
950 2368 1157 2411 certum
1189 2366 1273 2411 est
1304 2356 1618 2410 Anatolium
1653 2372 1760 2411 non
1789 2358 1842 2408 in

275 2429 434 2495 primo
482 2429 651 2496 primi
711 2427 975 2498 segmenti
1025 2430 1195 2496 gradu
1250 2427 1637 2498 aequinoctium
1689 2426 1845 2480 civile

274 2498 631 2566 constituere;
684 2497 894 2553 sedvel
927 2499 977 2550 in
1008 2498 1220 2566 quinto,
1258 2508 1314 2550 ut
1339 2511 1439 2550 nos
1466 2497 1684 2565 quidem
1721 2512 1844 2564 pro-

274 2565 493 2622 babilius
525 2568 949 2631 existimamus;
984 2565 1066 2620 vel
1091 2575 1260 2629 certe,
1291 2576 1349 2619 ut
1388 2566 1503 2633 alii,
1536 2567 1588 2620 in
1614 2578 1841 2634 quarto;

274 2638 401 2690 sicut
452 2637 735 2692 Caesarem
778 2646 834 2691 et
872 2637 1137 2690 Metonem
1194 2637 1249 2688 in
1300 2646 1528 2701 octavo,
1585 2644 1638 2689 et
1662 2635 1844 2689 Eudo-

273 2720 387 2759 xum
420 2723 484 2762 ex
511 2706 738 2762 Gemini
763 2707 1030 2761 sententia
1068 2707 1121 2759 in
1151 2715 1305 2761 sexto
1338 2706 1712 2765 constituisse,
1748 2723 1843 2760 su-

274 2790 359 2843 pra
380 2776 433 2830 in
462 2785 711 2831 tractatu
744 2776 818 2829 De
856 2776 1170 2831 Judworum
1193 2792 1330 2829 anno
1356 2777 1531 2844 capite
1563 2775 1720 2829 tertio
1748 2776 1836 2829 de-

273 2846 624 2902 claravimus.

329 2916 665 2985 Priusquam
716 2925 877 2985 caput
932 2915 1035 2971 hoc
1083 2916 1236 2981 ﬁnio,
1270 2915 1578 2971 consnderct
1606 2915 1694 2969 hic
1723 2929 1837 2970 me~

271 3001 380 3040 cum
428 2990 648 3049 lector,
721 3003 850 3040 num
912 2986 1285 3043 Alexandrina:
1340 2987 1540 3039 schola}
1590 2985 1842 3040 doctores

270 3059 655 3124 aequinoctium
688 3057 847 3111 civile
872 3057 926 3110 in
959 3058 1134 3111 Martii
1162 3072 1264 3109 xxv
1290 3057 1397 3109 huc
1420 3070 1592 3125 usque
1622 3070 1729 3109 non
1757 3070 1843 3110 re-

273 3128 535 3193 linueriut,
567 3128 817 3196 quando,
854 3127 948 3196 qui
978 3127 1119 3180 inter
1166 3141 1260 3181 eos
1303 3141 1409 3180 non
1463 3126 1684 3179 intimus
1725 3133 1842 3179 erat

271 3197 565 3258 Anatolius,
620 3207 729 3250 tam
786 3197 1046 3251 tenaciter
1092 3211 1159 3250 eo
1209 3196 1297 3250 die
1347 3197 1583 3261 retinet;
1628 3196 1842 3251 tametsi

271 3267 448 3331 quinto
484 3268 709 3337 (saltem
739 3272 955 3335 quarto)
980 3267 1159 3337 primi
1182 3266 1611 3337 idodecatemorii
1651 3266 1842 3334 gradui

272 3336 593 3404 respondere
625 3337 926 3406 pervident.
963 3336 1120 3402 Quod
1148 3336 1194 3390 si
1222 3345 1326 3406 est,
1356 3345 1492 3389 tunc
1513 3350 1732 3404 quoque
1759 3336 1843 3389 di-

272 3411 484 3459 cendum
515 3405 951 3460 Alexandrinum
985 3405 1348 3475 patriarcham
1383 3405 1720 3476 D.unysium,
1753 3406 1842 3458 vix

273 3476 507 3530 undecim
562 3478 729 3531 annis
780 3488 904 3530 ante
957 3477 1095 3530 hanc
1128 3475 1364 3529 Anatolii
1406 3475 1840 3529 lucubrationem

272 3545 371 3599 fato
394 3548 671 3609 iunctum,
695 3547 1080 3600 octaeteridem
1106 3562 1261 3598 suam
1282 3546 1587 3613 paschalem
1607 3545 1673 3598 ad
1699 3545 1841 3598 hunc

270 3617 566 3683 aequinoctii
614 3616 930 3680 Caesariani,
968 3633 1075 3670 nun
1126 3614 1328 3669 Niewui
1373 3622 1467 3669 aut
1499 3614 1837 3676 Ptolemaici,

271 3686 395 3756 diem
424 3689 722 3756 adaptasse
745 3704 760 3740 ;
788 3686 1054 3754 Siquidem
1084 3694 1210 3739 ante
1237 3686 1620 3756 mquiuoctiuni
1647 3695 1701 3738 et
1725 3685 1840 3754 ipse

276 3752 467 3811 Pascha
499 3752 771 3812 cclebrari
807 3752 912 3810 non
950 3756 1086 3821 vult,
1119 3766 1179 3809 ut
1203 3752 1365 3824 supra
1398 3755 1731 3810 monuimus.

873 3867 1103 3932 CAPUT
1142 3867 1231 3924 lli.

274 3955 490 4033 Termini
513 3962 796 4033 paschales
823 3971 872 4015 et
908 3962 1108 4032 aliquot
1131 3963 1407 4032 paradoxa
1435 3962 1693 4017 Anatolii.
1728 3963 1835 4018 Pa-

331 4032 524 4086 radoaut
562 4035 619 4085 in
644 4033 786 4094 sole;
811 4034 865 4085 in
894 4034 1086 4086 litteris
1122 4034 1578 4097 Uontinicalibus;
1604 4035 1657 4087 in
1685 4034 1832 4087 luna.

330 4100 661 4172 Principium
687 4105 820 4171 cycli
850 4104 995 4156 illius
1025 4105 1318 4166 diversum;
1342 4105 1465 4155 item
1487 4107 1831 4158 saltuslunw.

329 4170 575 4227 Diversus
606 4170 886 4225 aureorum
908 4190 1244 4226 numerorum
1271 4177 1440 4235 situs;
1463 4174 1669 4226 diversa
1691 4175 1834 4229 luna:

331 4254 474 4298 tetas.
511 4245 659 4308 Quid
705 4243 790 4295 hic
823 4242 970 4296 Beda
1013 4244 1220 4310 opinari
1257 4243 1512 4295 videatur.
1558 4242 1833 4298 Diversum

332 4323 479 4379 caput
503 4327 553 4367 et
582 4315 706 4381 ﬁnis
739 4314 932 4366 mensis
959 4313 1119 4381 primi
1159 4328 1249 4365 seu
1277 4313 1560 4379 paschalis.
1597 4314 1833 4366 Anatolii

330 4380 612 4436 ﬂaminica
640 4383 906 4450 paschalis
930 4380 965 4435 α
989 4397 1074 4436 xv:
1105 4382 1233 4434 luna
1255 4383 1322 4433 ad
1342 4399 1433 4435 xx.
1459 4381 1675 4434 Putavit
1696 4387 1834 4436 Anu-

331 4454 481 4505 tolius
518 4455 676 4506 annis
710 4468 801 4505 χιχ
834 4463 889 4505 ut
928 4455 1133 4514 lunam,
1164 4452 1241 4504 ita
1268 4461 1317 4504 et
1361 4452 1693 4504 Dominicum
1743 4469 1833 4521 pu-

330 4522 551 4576 schalem
588 4526 642 4576 in
664 4539 719 4577 se
746 4524 956 4576 revolvi.
986 4522 1175 4592 Cyclas
1203 4521 1438 4575 Anatolii
1458 4537 1577 4574 cum
1606 4523 1835 4576 Alexan-

329 4592 605 4647 drinorum
652 4592 1068 4662 Latinorumque
1115 4592 1276 4660 cyclts
1314 4592 1554 4662 aurcisue
1599 4594 1830 4649 numeris

330 4665 665 4734 compositus.
702 4662 851 4732 (Συειὶ
877 4660 1190 4717 Anatoliani
1219 4665 1273 4717 iu
1301 4660 1630 4717 Kalendario
1655 4664 1833 4733 dispo-

331 4735 470 4788 sitio.

331 4802 374 4854 A
403 4804 614 4860 caeteris
649 4803 1013 4873 computistis,
1038 4812 1149 4858 tam
1174 4800 1382 4858 Latinis
1404 4816 1567 4872 quam
1590 4801 1830 4873 Alexane

272 4868 450 4940 driuis,
478 4875 532 4928 in
560 4875 678 4930 sole
704 4868 919 4932 et'luna
953 4876 1180 4928 multum
1212 4874 1393 4928 differt
1420 4868 1717 4928 Anatolius.

333 4939 385 5015 In
415 4939 529 4999 sole
557 4946 776 5015 quidem
814 4962 827 4998 :
863 4951 915 5015 _l_°
932 4945 1056 5012 quia
1087 4946 1475 5015 aequinoctium
1503 4943 1682 5015 eivile,
1720 4958 1827 4999 nou

272 5020 325 5063 ut
363 5011 712 5084 Alexandrini
759 5025 814 5068 et
859 5011 1075 5084 NiCaeiia
1120 5011 1383 5084 synodus,
1418 5014 1471 5067 in
1504 5012 1681 5084 Martii
1713 5029 1826 5079 xxi,

272 5089 373 5147 aut,
391 5094 447 5154 ut
471 5083 651 5139 Latini
683 5085 845 5154 prisci
875 5099 998 5138 cum
1029 5083 1249 5147 ludatis,
1271 5085 1322 5136 in
1350 5083 1618 5154 xvui,4sed
1644 5083 1698 5137 in
1724 5100 1829 5138 xxv

273 5164 382 5223 _cutn
407 5153 622 5209 Cazsare
655 5151 920 5217 decernit,
959 5165 1016 5209 ut
1040 5155 1151 5223 jam
1182 5154 1435 5208 vidimus.
1479 5151 1588 5206 Nec
1615 5163 1740 5207 ante
1764 5155 1827 5208 il-

272 5217 373 5294 lud,
407 5240 504 5279 nec
549 5227 604 5279 in
658 5226 773 5289 illo,
820 5225 918 5279 sed
963 5217 1063 5279 nec
1105 5225 1367 5294 postridie
1410 5223 1630 5294 quidem
1680 5223 1826 5278 illius

273 5286 462 5362 Pascha
510 5286 772 5349 celebrari
820 5294 935 5349 vult
969 5312 982 5347 :
1012 5286 1160 5348 lania
1206 5295 1349 5348 inest
1396 5286 1471 5346 illi
1512 5295 1825 5362 aequinoctii

270 5360 416 5416 etiam
443 5366 616 5421 civilis
638 5374 789 5420 certo
826 5365 1164 5419 transiliendi
1200 5364 1534 5419 sollicitudo.
1573 5360 1825 5427 Quandiu

274 5432 360 5494 (ait
389 5431 416 5504 §
440 5434 493 5506 6)
528 5434 806 5506 aequalitas
840 5436 979 5506 inter
1011 5435 1178 5506 lucem
1206 5443 1255 5487 et
1282 5433 1521 5506 tenebras
1545 5434 1828 5506 perdurat,

272 5513 353 5552 nec
378 5502 408 5554 ἁ
435 5502 548 5559 luce
572 5502 855 5567 diminuta,
891 5503 1100 5560 Pascha
1144 5519 1249 5558 non
1287 5520 1396 5557 esse
1438 5502 1823 5557 immolandum

273 5575 561 5648 ostenditur.
594 5576 804 5648 Idcirco
853 5590 974 5646 ergo
1008 5583 1135 5648 post
1184 5574 1557 5648 aequinoctium
1610 5571 1823 5627 Pascha

276 5644 516 5716 intimaturi
548 5646 878 5716 praecipitur,
917 5644 1054 5715 'quia
1108 5660 1197 5699 xtv
1252 5644 1382 5698 luna
1434 5656 1556 5696 ante
1584 5650 1821 5716 (equino-

275 5712 438 5785 etiam,
477 5729 522 5768 et
548 5712 618 5771 'in
661 5712 797 5785 (εᾲυὶ
836 5712 974 5768 octio
1012 5724 1177 5769 totum
1220 5729 1421 5768 noctem
1464 5730 1566 5785 non
1606 5712 1808 5784 implet.

277 5777 386 5834 Ρυδι
413 5777 773 5855 (equinae-tium
804 5803 920 5843 vero
944 5786 1070 5840 luna
1096 5801 1207 5854 xtv,
1226 5802 1331 5840 una
1351 5786 1437 5842 die
1461 5784 1669 5856 adjecta
1682 5777 1816 5855 '(uo-

1871 3170 1913 3228 C

1864 4489 1909 4578 ι)

1957 540 2152 603 lumen,
2184 538 2239 590 id
2262 548 2339 591 est
2363 549 2538 590 ortum
2570 539 2719 600 solis,
2746 548 2796 591 et
2821 538 2926 589 diei
2947 539 3268 606 principium
3297 556 3398 592 non
3419 557 3540 608 per-

1959 610 2215 679 tenderit,
2238 618 2414 661 tamen
2442 618 2558 674 post
2595 625 2648 660 se
2684 609 2921 661 tenebras
2951 624 3053 661 non
3088 608 3425 679 derelinquit.
3461 609 3535 665 Ita

1957 678 2074 743 ille;
2108 678 2308 748 Quibus
2356 679 2597 732 citimam
2648 692 2805 731 suam
2855 679 3165 748 paschalem
3196 677 3537 736 Dominicam

1957 747 2174 802 nonnisi
2219 748 2460 801 secundo
2506 748 2575 800 ab
2603 747 2931 817 aequinoctio
2964 750 3260 803 commisso
3283 749 3391 816 die,
3438 766 3539 808 seu

1956 816 2133 871 Martii
2170 834 2335 880 xxvu,
2367 818 2670 872 constituit.

2026 887 2081 959 2ο
2146 888 2376 941 Litteras
2427 886 2791 959 Dominicales
2836 897 2887 941 et
2934 888 3172 943 bissexta
3222 890 3382 959 longe
3429 890 3537 946 alia

1956 958 2167 1011 ratione
2199 959 2495 1025 dispensat.
2527 956 2662 1010 Nam
2712 974 2741 1011 e
2793 959 3166 1012 novemdecim
3224 956 3384 1014 annis
3419 961 3533 1015 bis-

1957 1030 2178 1082 sextiles
2205 1028 2468 1081 duntaxat
2494 1029 2632 1081 duos
2662 1027 2836 1095 ponit,
2870 1043 2944 1080 vu
2984 1028 3193 1082 scilicet
3223 1038 3277 1083 et
3303 1044 3439 1096 xvu,
3476 1039 3539 1085 ut

1956 1098 2010 1150 in
2044 1098 2227 1151 tabula
2257 1097 2377 1165 ejus
2410 1097 2650 1165 paschali
2683 1097 2866 1151 videre
2904 1105 3006 1151 est.
3040 1098 3202 1167 Atqui
3240 1114 3335 1152 xix
3377 1102 3538 1157 annis

1954 1178 2210 1234 quatuor,
2233 1176 2291 1220 ut
2322 1167 2627 1231 minimum,
2645 1166 2876 1221 subinde
2901 1166 3143 1236 quinque
3170 1171 3532 1225 conveniunt.

1954 1236 2201 1306 Cumque
2248 1238 2589 1306 septuaginta
2641 1252 2741 1290 sex
2786 1237 2944 1291 annis
2979 1237 3286 1292 bissextiles
3312 1240 3537 1295 omnino

1957 1324 2049 1361 xix
2080 1308 2435 1376 impotenter,
2462 1322 2526 1360 ex
2553 1309 2673 1374 ejus
2706 1307 2951 1360 doctrina
2983 1307 3201 1376 nonnisi
3236 1317 3359 1362 octo
3385 1324 3538 1363 com-

1954 1374 2220 1445 peterent.
2255 1374 2330 1430 lla
2361 1391 2562 1429 annum
2612 1378 2843 1431 solarem
2892 1377 2961 1430 ab
2994 1375 3212 1430 Juliano
3256 1379 3533 1434 diversum

1956 1456 2214 1516 tantoque
2237 1446 2540 1500 breviorem
2576 1446 2704 1500 facit
2733 1487 2745 1500 .
2775 1461 2838 1499 ac
2863 1447 3089 1515 proinde
3111 1449 3395 1515 paschales
3426 1449 3534 1502 Do-

1955 1519 2185 1571 minicas
2232 1517 2374 1570 veris
2422 1516 2721 1579 diﬂ'ormes,
2758 1531 2988 1585 quamne
3019 1518 3217 1584 sazpius
3262 1518 3314 1571 in
3366 1517 3533 1575 ferias

1955 1586 2228 1655 simplices
2279 1587 2588 1657 incurrunt,
2638 1586 3103 1657 instituitrﬂerte
3146 1588 3361 1642 nonnisi
3397 1606 3534 1657 qua-

1955 1665 2080 1710 tuor
2125 1656 2401 1725 prioribus
2446 1656 2994 1710 euneadecaetcridos
3045 1671 3159 1710 suae
3191 1660 3371 1720 annis,
3402 1656 3529 1713 item

1954 1727 2190 1795 septimo
2218 1734 2273 1778 et
2303 1734 2496 1780 octavo
2524 1740 2649 1781 cum
2674 1726 2901 1780 veritate
2926 1727 3219 1792 consentit,
3260 1728 3367 1782 nisi
3393 1728 3534 1784 forte

1954 1812 2085 1850 casu
2118 1795 2359 1865 juvetur.

2023 1865 2077 1918 ιιι
2122 1862 2255 1919 luna
2307 1878 2436 1936 vero
2477 1863 2649 1936 magis
2696 1863 3097 1936 etiam_dill‘ert
3129 1879 3142 1915 :
3179 1865 3230 1917 l°
3262 1862 3400 1931 Quia
3435 1867 3532 1936 qui

1948 1934 2493 1989 enneadecaeteridos
2540 1935 2749 2003 primus
2796 1933 2898 2002 ipsi
2937 1945 3019 2003 est
3062 1950 3260 1996 annus,
3295 1933 3531 1992 Alexan-

1948 2006 2121 2061 diiuis
2147 2015 2233 2060 est
2261 2002 2605 2067 undecimus,
2639 2003 2850 2059 Latinis
2877 2014 2928 2057 et
2958 2002 3200 2059 Victorio
3228 2017 3414 2060 nostro
3440 2023 3532 2062 se—

1947 2075 2181 2130 cundus.
2208 2074 2291 2128 Ab
2332 2090 2476 2129 anno
2519 2074 2788 2146 siquidem
2815 2074 3056 2143 vulgaris
3081 2075 3282 2146 Christi
3310 2079 3532 2146 epochae

1947 2147 2053 2198 276
2087 2146 2489 2215 cycluursuum
2525 2145 2758 2206 orditur,
2794 2154 2917 2215 octo
2947 2156 3073 2198 ante
3099 2144 3532 2202 Alexandrinum

1949 2214 2132 2280 annis,
2166 2226 2227 2269 ut
2252 2215 2532 2283 deinceps,
2558 2229 2625 2268 ac
2657 2214 2961 2283 praesertim
2996 2215 3174 2283 capite
3217 2215 3252 2268 4
3298 2217 3530 2272 demon-

1947 2295 2210 2341 stramus.

2017 2356 2073 2409 2°
2110 2354 2298 2409 Diﬂ'ert
2342 2353 2394 2408 in
2431 2353 2569 2408 saltu
2623 2353 2786 2407 lunae.
2818 2352 2976 2410 Hunc
3000 2354 3144 2409 enim
3175 2355 3530 2412 Alexandrini

1946 2441 2091 2480 anno
2121 2426 2257 2495 cycli
2295 2424 2380 2478 sui
2408 2422 2922 2495 decemnovennalis
2951 2441 3067 2482 XIX.
3095 2425 3189 2494 qui
3216 2434 3299 2495 est
3324 2424 3529 2480 Roma-

1947 2493 2564 2549 norum‘liodiernorum
2596 2493 2826 2561 primus,
2864 2493 3238 2558 constituunt;
3266 2494 3444 2549 Latini
3477 2505 3531 2550 et

1947 2564 2222 2620 Victorius
2254 2580 2345 2618 xv:
2377 2578 2499 2625 suo,
2529 2562 2644 2631 ipse
2678 2579 2766 2617 xxv
2805 2566 2930 2619 item
2966 2580 3067 2617 suo
3114 2573 3172 2619 ut
3201 2580 3265 2617 ex
3300 2564 3420 2633 ejus
3447 2574 3529 2618 ta-

1946 2636 2072 2690 bula
2105 2642 2283 2703 patet;
2313 2648 2435 2703 quae
2468 2648 2533 2703 co
2564 2648 2709 2686 anno
2736 2632 2804 2687 ab
2836 2650 2932 2703 vm
2968 2633 3019 2686 in
3053 2650 3120 2688 xx
3152 2632 3349 2703 saltum
3377 2634 3523 2689 facit.

1945 2704 2020 2759 De
2051 2702 2162 2783 quo
2194 2702 2357 2758 etiam
2390 2702 2626 2783 Cyrillus
2656 2703 2859 2783 aliquid
2891 2702 2917 2774 §
2946 2703 2985 2783 γι,
3011 2713 3066 2758 et
3170 2705 3254 2783 sui
3286 2702 3525 2775 Prologi,

1946 2772 2164 2829 tametsi
2211 2789 2504 2843 suppresso
2552 2772 2786 2843 Anatolii
2841 2772 3083 2839 nomine,
3115 2774 3389 2840 insinuat;
3428 2772 3526 2828 ex-

1943 2846 2186 2914 pressius
2217 2854 2397 2899 autem
2427 2842 2662 2914 BedaDe
2692 2844 2894 2896 ratione
2927 2854 3240 2913 temporum,
3274 2859 3394 2912 cap.
3414 2846 3482 2898 40
3508 2864 3520 2899 :

1947 2912 2205 2983 Denique,
2231 2915 2328 2980 ait,
2359 2912 2666 2977 Anatolius,
2702 2914 2791 2983 qui
2824 2914 3088 2967 verissime
3126 2915 3181 2967 in
3213 2917 3527 2983 a‘quinoctio

1943 3001 2098 3038 verno
2128 2984 2343 3038 initium
2378 2985 2635 3037 mensium
2664 2992 2712 3037 et
2744 2993 2901 3052 caput
2931 2984 3120 3037 circuli
3152 2985 3314 3037 totius
3344 2988 3526 3038 termi-

1945 3071 2168 3123 numque
2196 3054 2449 3119 decernit,
2484 3069 2599 3123 non
2610 3054 2720 3121 ipse
2743 3053 2877 3107 hanc
2907 3055 2963 3106 in
2991 3055 3185 3122 capite,
3213 3062 3269 3107 ut
3292 3053 3521 3108 Romani

1946 3121 2172 3187 scilicet,
2196 3123 2274 3195 vel
2300 3124 2422 3194 ﬁne,
2456 3133 2514 3195 ut
2538 3121 2801 3195 Egyptii,
2830 3124 2913 3178 sui
2943 3124 3129 3177 circuli
3157 3126 3525 3178 decemnoven-

1952 3196 2111 3259 nalis,
2136 3193 2224 3247 sed
2255 3196 2306 3247 in
2335 3209 2423 3264 xlv
2450 3193 2564 3261 ejus
2589 3193 2869 3264 anno,rqui
2895 3204 2972 3247 est
2998 3195 3215 3247 ultimus
3245 3195 3522 3264 ogdoadis,

1951 3266 2296 3317 mutationem
2327 3263 2467 3317 luna?
2490 3264 2664 3332 posuit
2692 3278 2708 3316 :
2738 3263 2936 3331 faciens
2972 3264 3122 3327 illam
3151 3264 3428 3317 ascmdere
3459 3267 3526 3317 ac

1950 3350 2045 3388 vm
2079 3336 2134 3387 in
2170 3351 2257 3388 xx.
2292 3334 2416 3388 Haec
2449 3336 2556 3387 ille.
2593 3332 2729 3387 Hinc
2758 3335 2833 3397 lit,
2866 3344 2923 3387 ut
2952 3334 3101 3387 aurei
3133 3334 3344 3386 numeri
3378 3335 3525 3388 Ana-

1950 3405 2139 3457 toliani
2175 3420 2205 3458 a
2240 3420 2324 3458 xvi
2360 3405 2426 3456 ad
2465 3420 2555 3456 xix
2601 3420 2820 3457 sursum
2856 3421 2963 3458 uno
2996 3404 3080 3457 die
3110 3404 3162 3456 in
3191 3402 3524 3460 Kalendario
3572 3452 3577 3457 .

1946 3472 2161 3528 Juliauo
2189 3483 2633 3543 promoveantur.

2017 3545 2071 3597 δί’
2115 3543 2346 3600 Dissidet
2381 3544 2435 3597 in
2472 3544 2589 3611 ipso
2642 3558 2931 3597 aureorum
2982 3557 3338 3597 numerorum
3389 3544 3520 3606 situ,

1948 3624 2020 3684 et,
2042 3616 2188 3684 quod
2214 3614 2337 3668 inde
2364 3613 2628 3684 sequitur,
2649 3614 2700 3665 in
2732 3623 2889 3668 aatate
2915 3614 3056 3667 lunae
3088 3615 3518 3669 determinanda.

1952 3683 2086 3738 Nam
2116 3700 2242 3738 cum
2278 3699 2381 3737 xxx
2413 3683 2588 3737 Martii
2622 3684 2709 3738 die
2741 3685 2950 3754 cyclum
2983 3700 3142 3737 suum
3172 3684 3406 3752 primum
3440 3686 3522 3740 bis

1944 3770 2201 3825 expresse
2228 3754 2524 3824 componit,
2547 3757 2713 3808 semel
2732 3753 2923 3825 textus
2954 3755 3036 3808 sui
3069 3753 3097 3825 §
3128 3755 3217 3819 11,
3244 3769 3437 3809 rursus
3466 3756 3523 3808 in

1946 3824 2141 3879 tabula:
2168 3839 2281 3879 sum
2303 3838 2446 3878 anno
2482 3825 2673 3895 primo.
2713 3824 2818 3890 Qui
2859 3840 2981 3878 cum
3016 3824 3341 3895 respondeat
3368 3826 3520 3895 cyclo

1943 3895 2431 3951 Alexandrinorum
2467 3908 2542 3957 xi,
2575 3894 2893 3948 Latinorum
2943 3895 3205 3959 secundo,
3236 3893 3521 3947 illum'tri—

1943 3968 2069 4027 duo,
2098 3965 2262 4019 biduo
2296 3965 2440 4019 hunc
2471 3972 2757 4034 prmvertat
2804 3978 3087 4017 necessum
3133 3973 3235 4034 ost.
3280 3963 3423 4018 Idem
3452 3967 3520 4018 de

1942 4036 2153 4089 caeteris
2186 4034 2345 4088 annis
2384 4034 2648 4102 judicium
2694 4042 2810 4097 est;
2858 4048 3093 4102 quorum
3129 4033 3266 4087 situs
3305 4045 3359 4086 et
3384 4041 3516 4087 aetas

1942 4115 2051 4159 tam
2081 4120 2145 4184 ex
2180 4106 2587 4184 comparatiqne
2614 4118 2759 4184 ‘cum
2780 4104 2987 4184 “primo
3010 4104 3122 4170 jam
3151 4103 3515 4184 dicto,.qu_aui

1939 4189 2006 4229 ex
2052 4174 2249 4228 tabulae
2281 4170 2554 4241 paschalis
2600 4170 2837 4226 Anatolii
2867 4170 3029 4226 versu
3078 4170 3516 4240 perpendiculnri

1938 4256 2134 4314 quarto
2165 4253 2218 4298 et
2249 4245 2440 4298 ultimo
2469 4243 2691 4314 perinde
2718 4241 3029 4314 colligitur;
3067 4242 3218 4314 saltu
3243 4251 3417 4296 tamen
3447 4243 3516 4298 ad

1937 4311 2265 4384 posteriores
2289 4329 2386 4368 sex
2413 4311 2645 4384 canonis
2676 4326 2849 4384 annos
2877 4311 3163 4384 adjuncto.
3187 4311 3308 4378 Quo
3347 4314 3428 4384 lit,
3455 4323 3516 4368 ut

1936 4380 2175 4437 Anatolii
2200 4384 2342 4437 lunae
2357 4380 2754 4436 Alexandrinas
2777 4382 3095 4451 plerumque
3121 4382 3285 4436 biduo
3308 4383 3515 4437 triduo-

1937 4468 2022 4519 ve,
2053 4451 2271 4506 Latinas
2298 4466 2410 4506 uno
2438 4452 2631 4506 saltem
2657 4452 2764 4517 die,
2790 4466 3180 4520 nonnunquam
3213 4453 3396 4514 biduo,
3425 4469 3515 4507 ra-

1936 4523 2155 4577 rissime
2181 4523 2358 4576 triduo
2387 4530 2739 4591 praecurrant.
2760 4520 2908 4591 Cyeli
2925 4522 3141 4591 quidem
3157 4520 3396 4577 Anatolii
3414 4538 3512 4587 xu,

1938 4608 2027 4646 x-tv
2050 4602 2103 4646 et
2130 4608 2221 4656 xv,
2255 4601 2364 4646 tam
2392 4592 2628 4661 tertium,
2658 4592 2930 4661 quintum,
2960 4601 3012 4647 et
3042 4603 3254 4646 sextum
3284 4593 3515 4647 Alexan-

1937 4662 2240 4725 drinorum,
2273 4677 2437 4731 quam
2480 4660 2799 4717 Latinorum
2845 4678 2966 4727 xui,
3005 4677 3070 4715 xv
3096 4671 3150 4716 et
3180 4678 3288 4728 xw,
3326 4665 3507 4717 triduo

1936 4733 2256 4803 anticipant.
2296 4733 2364 4787 At
2396 4748 2450 4787 ix
2481 4739 2537 4803 et
2564 4746 2675 4785 xvu
2704 4731 2962 4798 Anatolii,
2996 4731 3392 4788 Alexandrinos
3415 4748 3510 4787 xix

1934 4811 1989 4858 et
2015 4801 2123 4857 vui
2141 4804 2451 4873 quatriduo,
2483 4801 2707 4856 Latinos
2754 4818 2788 4855 x
2831 4811 2884 4857 et
2932 4817 3064 4873 xviii
3103 4804 3320 4873 nonnisi
3346 4803 3514 4858 biduo

1933 4880 2284 4942 praevertunt,
2316 4884 2373 4928 ut
2415 4882 2602 4942 nostra
2636 4874 2702 4925 ad
2720 4873 2926 4942 capitis
2961 4872 3184 4942 hujusce
3231 4872 3389 4926 linem
3434 4880 3513 4942 ta-

1934 4940 2060 4997 bula
2083 4944 2440 4997 demonstrat.
2471 4941 2684 5011 Magna,
2710 4940 2902 5008 fateor,
2931 4940 3254 5011 disparitas;
3285 4951 3338 4996 et
3366 4941 3506 4996 dilli-

1934 5013 2139 5067 cilioris
2173 5013 2239 5067 de
2288 5021 2441 5066 tanto
2488 5012 2606 5066 viro
2635 5014 2776 5066 fidei.
2811 5012 2914 5066 Sed
2942 5012 3084 5066 quat
3116 5021 3246 5065 tetas
3278 5013 3507 5078 singulis

1933 5084 2130 5137 tabula:
2178 5081 2516 5137 Auatulianae
2541 5083 2701 5137 annis
2734 5083 2817 5136 bis
2840 5098 3117 5152 expressa,
3153 5082 3311 5136 fidem
3343 5083 3504 5135 istam

1932 5154 2017 5207 vel
2047 5155 2116 5206 ab
2138 5154 2322 5206 invitis
2352 5163 2661 5221 extorquet.

2006 5222 2149 5278 Beda
2181 5222 2399 5292 quidem
2448 5219 2760 5276 Hermione
2785 5232 3096 5292 temporum,
3126 5234 3183 5292 Ac.
3211 5219 3501 5292 4,annum

1930 5293 2067 5363 cycli
2093 5289 2405 5347 Anatoliani
2435 5307 2526 5346 xiv
2558 5306 2682 5363 cum
2710 5292 2902 5345 ultimo
2930 5289 3209 5363 ogdoadis,
3238 5290 3291 5342 id
3316 5297 3504 5363 astant

1930 5357 2075 5427 reor,
2107 5371 2299 5417 octavo
2341 5362 2855 5423 Alexandrinorum,
2886 5368 2943 5412 ut
2975 5357 3149 5426 paulo
3184 5367 3310 5413 ante
3342 5360 3503 5413 audi-

1929 5433 2132 5495 vimus,
2181 5447 2247 5487 ac
2284 5433 2512 5501 proinde
2547 5431 2783 5501 primum
2813 5429 2947 5501 cycli
2976 5428 3120 5501 illius
3150 5432 3501 5501 cumqliorum

1929 5518 2020 5557 xiv
2046 5498 2325 5572 componit
2344 5522 2358 5556 :
2377 5498 2637 5572 atque'ita
2664 5501 2821 5553 lunas
2849 5498 3087 5572 Anatolii
3114 5513 3241 5572 cum
3256 5498 3503 5572 Alexan-

1927 5572 2102 5627 driuis
2148 5568 2202 5626 el.
2256 5568 2467 5627 Latinis
2511 5585 2650 5640 pene
2695 5582 2908 5640 coaevas
2949 5568 3205 5640 instituit.
3251 5568 3356 5623 Sed
3404 5586 3502 5623 cur

1928 5644 2111 5698 minus
2150 5642 2227 5697 illi
2255 5636 2592 5707 credainfut
2620 5636 2854 5692 maxime
2888 5638 3102 5701 vellem,
3134 5641 3234 5693 tria
3260 5641 3498 5695 obstant.

1928 5714 1984 5767 1°
2010 5713 2218 5768 Saltum
2247 5725 2389 5766 tuna:
2415 5710 2557 5764 Beda
2598 5710 2712 5778 ipse
2737 5720 2862 5760 cum
2887 5708 3108 5778 Cyrillo,
3141 5718 3199 5763 ut
3223 5710 3336 5779 jam
3365 5710 3497 5772 dixi,

1927 5785 1983 5841 in
2022 5800 2114 5841 xiv
2155 5783 2289 5854 cycli
2317 5780 2554 5837 Anatolii
2596 5791 2738 5833 anno
2765 5790 3021 5847 expresse
3053 5782 3259 5835 statuit.
3293 5782 3347 5832 Id
3373 5794 3494 5833 cuin
