4034 6388
467 309 574 367 2·Ξῖ

1506 304 1736 360 ΑΞΟῙΒΙΙ
1772 301 2098 362 BUCIIEBII
2141 303 2202 357 C’
2237 305 2698 361 MMENTARICS

3637 308 3742 363 228

466 437 641 490 altero
667 440 814 484 stare
841 426 1056 494 nequit;
1091 425 1170 478 sic
1201 423 1344 477 enim
1379 425 1519 476 lunae
1545 423 1719 494 saltus
1747 423 1813 494 ad
1849 437 2051 475 annum
2085 423 2126 476 A
2160 423 2374 494 riuntur
2407 441 2420 475 :
2447 422 2747 494 dummodo
2771 436 2878 494 nec
2903 419 3042 494 infra
3075 435 3166 476 xiv
3191 434 3476 494 necsupra
3503 438 3569 475 xx
3602 424 3744 480 luna:

465 503 667 562 tabulae
701 493 1039 553 Anatolianre
1071 513 1157 550 xiv
1186 495 1287 548 rite
1323 497 1553 563 positus,
1581 493 1632 545 in
1660 493 1907 560 ejusdem
1938 507 2047 545 xvii

467 575 597 648 (qui
626 587 750 627 cum
782 567 1153 648 Alexandrino
1181 581 1277 648 viii
1314 566 1547 648 primum
1580 563 2051 648 concupiiticon:

465 631 550 704 ira
597 640 1025 712 suppositionem
1079 631 1484 712 transferendus
1539 631 2052 712 esset._2°_0b_stat

468 729 600 771 aetas
633 704 798 770 lunae,
847 719 956 763 tam
991 715 1205 761 exserte
1245 706 1341 759 alis
1371 704 1656 767 Anatolio,
1691 705 1808 759 sive
1840 704 1893 757 in
1931 704 2052 772 ipso

467 783 781 856 aequinoctii
803 777 1110 856 die,iMa_rti_i
1137 792 1259 856 xxv.
1289 776 1403 830 sive
1433 775 1486 856 in
1515 774 1797 856 Paschatis
1827 774 1919 856 die
1945 788 2050 826 no-

469 843 612 917 taia;
669 867 789 924 qua:
838 850 966 904 huic
996 848 1153 924 iiedie
1179 846 1504 924 dictonnulla
1539 847 1750 924 ratione
1775 843 2052 924 quadrare

469 915 761 1001 potest,_'t_It
787 937 880 1001 per
901 936 960 1001 se
986 919 1181 999 oliquet.
1221 920 1275 1001 βο
1305 915 1539 1001 obstant
1574 917 1765 996 litterae
1800 915 2050 1001 Domini-

467 985 634 1061 eales,
662 985 754 1048 bis
787 985 911 1044 item
949 985 1310 1061 hici’signatai.
1347 985 1481 1061 Nam
1511 985 1762 1055 quamvis
1789 1001 1884 1040 eas
1914 1000 2053 1038 non-

469 1071 574 1124 nisi
622 1059 816 1120 tabulae
861 1060 1135 1131 prioribus
1183 1059 1376 1118 annis,
1407 1059 1534 1111 item
1581 1072 1651 1110 vii
1683 1065 1737 1109 et
1766 1072 1860 1108 viii
1892 1070 2052 1131 veras

470 1150 788 1210 agnoscam,
818 1125 942 1210 ai'iis
984 1144 1200 1197 semper
1230 1143 1527 1210 erroneasi
1562 1142 1658 1182 eas
1689 1137 1871 1210 tamen
1898 1125 2051 1194 ejus-

470 1198 615 1264 niodi
644 1204 963 1277 planissime
992 1198 1598 1277 niaiiuscriptus_eodex
1623 1198 1872 1277 exhibet;
1892 1212 2051 1277 pror-

469 1297 566 1335 sus
601 1265 660 1332 ui
703 1277 786 1328 vel
835 1275 980 1327 hunc
1022 1270 1108 1324 vel
1150 1265 1346 1326 Bedam
1397 1267 1508 1322 falli
1553 1283 1775 1323 necesse
1809 1265 1905 1321 sit.
1939 1265 2051 1336 Ego

469 1350 642 1406 codici
684 1344 860 1416 magis
881 1341 1185 1416 assentior.
1215 1350 1284 1416 e_t_
1298 1355 1393 1408 per
1422 1355 1482 1416 se
1506 1338 1619 1416 ﬁdo
1645 1338 2049 1416 constantique,

469 1431 523 1474 et
555 1408 828 1486 expressis
865 1411 1101 1486 Anatolii
1139 1411 1320 1464 verbis
1343 1409 1729 1486 conformiori.
1762 1408 1860 1486 llic
1903 1409 2050 1486 enim

474 1491 503 1563 §
526 1493 559 1545 6
584 1477 710 1551 line,
734 1496 789 1541 et
810 1483 1199 1563 :equiuocliuui
1227 1490 1284 1561 et
1297 1481 1666 1563 plenilunium
1701 1481 1753 1563 in
1783 1477 2052 1563 Paschate

471 1550 630 1631 plane
666 1550 1087 1631 transmittenda
1125 1550 1333 1631 sciscit,
1365 1559 1425 1631 ut
1453 1550 2050 1631 omnem_ieiiebrariim

470 1618 793 1702 potestatem
831 1627 924 1702 lux
973 1631 1213 1691 superet.
1247 1622 1402 1702 Quod
1444 1637 1508 1702 et
1553 1620 1790 1690 Cyrillus
1835 1618 2049 1702 Prologi

468 1691 553 1758 sui
583 1701 611 1773 §
643 1701 676 1754 4
702 1699 919 1773 innuit;
968 1710 1094 1749 cum
1126 1703 1232 1746 tam
1253 1692 1676 1773 ideLatinorum
1714 1705 1879 1771 quam
1904 1691 2054 1743 Ana-

471 1761 611 1827 toliiv
639 1771 780 1826 saltu
830 1781 1017 1842 agens,
1058 1766 1508 1842 _supputationem
1563 1776 1754 1842 eorum
1807 1761 2054 1842 inconove-
2091 1783 2135 1842 Β

473 1845 711 1898 uientem
759 1830 906 1900 esse,
939 1830 1195 1904 nimisque
1224 1849 1529 1904 properare,
1557 1833 1715 1903 plane
1757 1846 1826 1888 ex
1855 1830 2058 1886 codicis

473 1913 648 1969 nostri
677 1911 945 1965 sententia
980 1907 1282 1976 subjungit.

542 1984 662 2036 Non
723 1995 863 2048 nego
908 1973 1112 2041 tamen,
1151 1977 1298 2048 visos
1345 1973 1651 2048 aliquandq
1687 1973 1822 2048 mihi
1865 1987 2060 2028 aureos

473 2053 714 2109 Anatolii
759 2045 1039 2111 numeros,
1073 2049 1127 2101 in
1160 2045 1355 2101 Martio
1399 2055 1454 2100 et
1496 2045 1747 2099 Paschali
1791 2059 1996 2109 mense,
2028 2060 2058 2097 a

473 2125 701 2180 librario
746 2137 858 2175 uno
905 2134 1123 2174 sursum
1163 2119 1250 2172 die
1278 2117 1416 2171 male
1445 2125 1765 2185 protrusos;
1799 2115 1962 2183 idque
1991 2130 2058 2168 ex

477 2196 507 2268 ς
538 2204 802 2250 tractatus
829 2191 949 2260 ejus
983 2191 1040 2243 Η
1071 2190 1207 2268 satis
1242 2189 1421 2258 colligi
1450 2186 1946 2268 posse-fidebatm,
1966 2187 2058 2238 ubi

473 2255 676 2323 aureus
709 2255 971 2316 numerus
1003 2262 1214 2330 primus
1234 2273 1358 2312 cum
1380 2255 1567 2327 primo
1597 2255 1774 2330 Martii
1799 2257 1885 2330 die
1911 2271 2062 2330 com;

474 2337 716 2407 ponitur.
747 2333 975 2407 Aciicet
1005 2326 1079 2385 es
1112 2332 1255 2384 luna:
1285 2326 1442 2407 aetate
1475 2329 1712 2407 ,χχιιι-ηιιᾲ
1748 2326 2058 2407 aequinoctii

473 2398 785 2461 Anatoliani
815 2403 957 2457 diem
994 2410 1198 2461 notata,
1234 2415 1358 2454 cum
1391 2399 1586 2453 ultimo
1619 2398 1924 2463 Februarii,
1949 2413 2060 2451 uno

474 2477 684 2533 scilicet
711 2476 874 2529 citius
899 2474 1006 2538 die,
1035 2472 1290 2542 componi
1329 2471 1596 2542 videatur,
1624 2471 1730 2542 hoc
1753 2478 1935 2542 tamen
1963 2483 2062 2537 po-

475 2550 587 2604 tius
630 2546 950 2602 mendosum
989 2539 1188 2597 docent
1216 2542 1285 2596 59
1315 2541 1454 2605 dies,
1483 2556 1625 2610 quos
1653 2539 1962 2610 Anatolius,
2001 2547 2062 2592 ut

472 2619 677 2682 caeteri,
727 2632 758 2670 a
799 2617 976 2685 primo
1008 2611 1254 2667 Januarii
1287 2609 1634 2685 adrultimum
1668 2609 2060 2685 Februariire-

474 2701 561 2744 ete
595 2679 876 2752 numerat;
905 2700 1029 2755 qua:
1052 2685 1199 2755 justa
1231 2691 1314 2737 est
1339 2684 1574 2755 duorum
1606 2682 1752 2736 lunae
1786 2679 2057 2755 mensium

474 2760 774 2831 quantitas.
807 2751 946 2831 Hinc
992 2751 1218 2831 quoque
1243 2753 1458 2831 rectius
1493 2767 1693 2831 aureus
1724 2751 2055 2831 numerus}

474 2821 531 2885 iii
557 2828 732 2883 Martii
767 2821 1096 2898 primum'et
1125 2821 1375 2898 ultimum
1409 2823 1551 2898 diem
1580 2821 1951 2898 devolvendus
1979 2821 2061 2874 vi-

473 2900 734 2966 debatur;
769 2892 831 2953 iit
873 2899 1003 2950 luna
1047 2897 1164 2950 haec
1212 2894 1342 2949 anui
1396 2895 1576 2966 tertia,
1614 2892 1906 2966 tricenario
1948 2905 2057 2946 non

474 2972 660 3027 minus
684 2962 849 3040 quam
876 2968 1075 3037 prima,
1101 2968 1257 3040 ju_x_ta
1291 2965 1594 3040 naturalem
1617 2962 2054 3040 alternationem,

474 3056 599 3098 esse
634 3035 835 3111 possit;
882 3035 994 3093 non
1048 3035 1116 3092 ad
1149 3036 1340 3111 Martii
1372 3051 1522 3111 _xxx,
1559 3035 2056 3111 seu__peiiuiti_ii_iuin

2159 493 2302 546 diem
2357 493 2716 562 contingant;
2769 492 2932 560 idque
2982 493 3097 547 sive
3147 491 3415 546 terminus
3448 495 3743 562 paschalis,

2157 563 2252 632 qui
2279 573 2359 618 est
2394 581 2482 616 xiv
2515 564 2665 626 luna,
2691 563 3078 632 aequinoctium
3110 571 3430 632 praecurrat.
3462 565 3575 618 sive
3614 568 3746 621 sub-

2159 643 2442 699 sequatur,
2469 634 2584 688 sive
2619 634 2673 687 in
2721 633 2856 687 illud
2899 634 3164 687 incurrat.
3198 631 3274 684 En
3317 633 3438 702 ejus
3474 636 3659 697 verba,
3692 649 3746 690 et

2159 704 2316 757 unica
2347 706 2637 772 omnisque
2668 705 2849 772 regula
2883 723 2895 758 :
2935 703 3048 756 Hoc
3089 702 3295 756 Pascha
3330 721 3360 756 a
3389 719 3443 757 Vl
3474 703 3746 761 Kalendas

2157 776 2359 844 Aprilis
2396 817 2410 833 ,
2451 792 2612 844 usque
2659 776 2713 827 in
2748 792 2800 828 ix
2830 773 3102 828 Kalendas
3146 772 3302 844 Maii.
3336 772 3479 844 Ergo
3508 775 3748 831 Domini-

2158 842 2277 898 cam
2312 861 2468 898 suam
2502 842 2811 913 paschalem
2853 847 3094 899 citimam
3129 861 3179 897 Vl
3214 842 3484 901 Kalendas
3515 845 3744 915 Aprilis,

2159 931 2252 969 seu
2291 915 2468 970 Mattii
2505 931 2654 969 xxvii
2685 931 2944 984 expresse.
2970 916 3156 986 aﬂigit,
3189 930 3335 968 anno
3365 917 3499 986 cycli
3537 918 3620 971 sui
3651 935 3748 973 χιχ

2160 1001 2253 1040 seu
2287 988 2502 1049 ultimo,
2533 987 2710 1040 littera
2739 985 3192 1042 Dominicalisua
3226 985 3408 1054 eaque
3429 1002 3655 1042 erronea
3684 989 3745 1054 Β,

2162 1057 2287 1110 luna
2339 1058 2466 1112 item
2521 1073 2620 1111 sua
2663 1073 2796 1112 xvii.
2833 1055 3282 1110 Remotissimam
3312 1066 3517 1119 autem,
3554 1074 3607 1111 ix
3640 1059 3748 1112 Ka-

2161 1127 2349 1182 lendas
2403 1127 2549 1191 Maii,
2579 1143 2674 1182 seu
2729 1128 2934 1197 Aprilis
2986 1143 3144 1191 χχιιι,
3186 1127 3364 1180 littera
3424 1126 3747 1185 Doniinicali

2158 1214 2385 1270 erronea
2427 1199 2494 1270 A,
2523 1213 2668 1252 anno
2697 1201 2834 1270 cycli
2864 1199 2958 1270 sui
2992 1214 3103 1262 xiv,
3145 1199 3274 1270 luna
3309 1213 3406 1252 sua
3439 1215 3530 1252 xx.
3565 1198 3750 1266 Quare

2162 1267 2580 1323 Dominicalium
2635 1267 2973 1337 paschalium
3027 1269 3302 1323 cancellos
3350 1269 3544 1324 diebus
3573 1287 3748 1327 χχνιιι

2159 1339 2427 1394 duntaxat
2472 1339 2770 1404 concludit,
2800 1355 2831 1394 a
2865 1339 3044 1394 Martii
3080 1354 3229 1393 xxvii
3257 1339 3323 1393 ad
3354 1339 3554 1400 Aprilis
3582 1357 3747 1407 xxiii,

2160 1419 2326 1482 atque
2380 1412 2516 1465 adeo
2571 1409 2782 1466 Pascha
2833 1412 2887 1466 in
2947 1412 3304 1482 solo‘mense
3362 1407 3749 1482 Egyptiorum

2159 1479 2506 1545 Pharmuthi,
2553 1484 2635 1535 al
2674 1482 2797 1548 ejus
2835 1482 2946 1545 die,
2989 1481 3056 1534 ad
3084 1480 3176 1546 28,
3209 1479 3489 1549 nunquam
3510 1479 3573 1536 in
3605 1483 3750 1539 Pha-

2163 1553 2383 1605 meuoth
2411 1552 2670 1608 admittit.
2703 1551 2819 1607 Nisi
2852 1551 2992 1606 forte
3015 1553 3140 1621 quis
3161 1561 3418 1621 praeterea
3443 1552 3587 1608 diem
3615 1555 3754 1608 Mar~

2161 1623 2220 1676 tii
2255 1638 2402 1687 χχνι,
2434 1624 2528 1691 qui
2561 1632 2645 1678 est
2674 1624 2900 1678 ultimus
2925 1637 3019 1678 seu
3035 1620 3357 1676 tricesimus
3383 1620 3750 1689 Phamenoth,

2161 1707 2321 1765 quem
2373 1694 2686 1762 aequinoctii
2739 1703 3144 1761 transgressum
3198 1693 3268 1747 ab
3311 1706 3378 1746 eo
3424 1696 3607 1749 vocari
3631 1695 3753 1765 jam

2163 1764 2424 1828 diximus,
2458 1765 2586 1818 huic
2614 1767 2779 1818 etiam
2814 1765 2972 1818 limiti
3008 1765 3242 1833 quadam
3295 1765 3507 1819 ratione
3556 1764 3754 1820 acoen-

2161 1834 2589 1906 sendumputet.
2616 1834 2707 1906 Sic
2731 1835 2878 1889 enim
2903 1835 3022 1889 dies
3048 1851 3178 1889 χχιχ
3204 1836 3752 1906 c0nlicientur,quod

2162 1919 2269 1976 non
2325 1905 2599 1960 existimo.
2639 1905 2841 1960 Verum
2912 1916 3020 1960 tam
3091 1905 3269 1958 Latini
3346 1908 3510 1974 prisci
3582 1905 3750 1976 quam

2161 1973 2536 2046 Alexandrini,
2590 1993 2653 2031 ex
2709 1987 2904 2031 natura
2951 1976 3051 2040 rei,
3096 1976 3317 2045 triginta
3348 1973 3647 2046 quinque;
3695 1987 3755 2034 et

2162 2043 2438 2116 Victorius
2468 2048 2687 2116 triginta
2714 2058 2953 2116 quatuor
2977 2043 3240 2116 assignat,
3273 2043 3399 2099 tota
3414 2043 3754 2105 hebdomade

2161 2115 2500 2183 diiiusiores;
2546 2115 2694 2187 quos
2738 2115 2857 2186 ipsc
2906 2115 3131 2186 proinde
3171 2117 3366 2185 rejicit.
3403 2116 3517 2172 lmo
3551 2136 3618 2174 ne
3644 2119 3756 2173 Pa-

2165 2195 2307 2240 trum
2350 2188 2567 2257 quidem
2607 2190 3026 2243 Ciesariensium
3065 2189 3312 2251 limitem,
3362 2192 3575 2244 tametsi
3618 2207 3751 2246 χχχι

2162 2259 2373 2330 dierum
2407 2259 2714 2324 duntaxat,
2761 2261 3047 2313 admittere
3081 2259 3215 2321 vult,
3245 2275 3368 2312 cum
3405 2258 3433 2330 ᾗ
3464 2261 3528 2314 l5
3567 2262 3638 2314 ita
3673 2263 3755 2314 lo-

2163 2329 2347 2396 quitur
2378 2349 2388 2382 :
2430 2330 2663 2394 Quidam
2695 2331 2939 2400 Africani
2975 2331 3185 2382 rimarii
3213 2332 3309 2383 has
3334 2331 3390 2382 in
3413 2329 3510 2383 suo
3541 2332 3752 2386 calculo

2163 2400 2392 2452 rationes
2449 2404 2706 2469 probant,
2741 2402 3061 2469 principium
3105 2401 3374 2468 quoddam
3413 2401 3638 2472 Pascha:
3683 2404 3754 2472 βο

2164 2485 2381 2541 nemque
2415 2482 2812 2541 componentes;
2849 2472 2904 2523 id
2933 2482 3031 2536 est,
3071 2486 3162 2523 nec
3205 2481 3423 2541 anteﬁxi
3470 2470 3750 2528 Kalendas

2162 2539 2394 2612 Apriles,
2431 2539 2539 2596 nec
2571 2552 2684 2612 post
2734 2559 2827 2596 χχι
2881 2543 3064 2594 lunam
3103 2554 3151 2594 et
3205 2558 3259 2596 χι
3309 2540 3582 2597 Kalendas
3616 2545 3755 2598 Maii

2166 2610 2374 2665 Pascha
2407 2610 2791 2666 immolandum
2820 2629 2950 2667 esse.
2984 2614 3128 2677 Quos
3165 2615 3414 2665 terminos
3452 2630 3554 2666 non
3580 2614 3753 2669 solum

2165 2697 2266 2733 non
2311 2685 2621 2753 sequendos,
2667 2685 2757 2736 sed
2800 2693 2850 2736 et
2899 2684 3236 2737 detestandos
3293 2700 3354 2736 ac
3402 2687 3750 2741 succidendos

2162 2768 2274 2806 esse
2300 2754 2650 2824 decernimus.
2697 2753 2771 2807 Ita
2801 2756 2936 2824 ipse.

2233 2825 2299 2879 5°
2341 2823 2530 2880 Dillert
2581 2827 2634 2879 in
2691 2823 2834 2879 lunai
2880 2834 3038 2881 aetate
3066 2825 3363 2880 Dominicze
3390 2827 3630 2895 paschali
3661 2846 3756 2885 as-

2163 2896 2450 2966 signanda.
2500 2895 2680 2950 Latini
2733 2895 3074 2951 Dominicam
3113 2895 3339 2951 Pascha:
3369 2899 3609 2952 citiniani
3640 2917 3750 2955 non

2163 2977 2290 3021 ante
2323 2967 2508 3021 lunam
2539 2983 2692 3022 suam
2722 2982 2835 3034 xVI,
2865 2966 3218 3021 Alexandrini
3249 2983 3357 3021 non
3389 2979 3515 3022 ante
3541 2986 3631 3036 xv,
3662 2973 3752 3024 in-

2164 3037 2372 3092 dicunt.
2409 3037 2527 3107 Ipse
2555 3039 2721 3092 etiam
2757 3039 2886 3091 luna
2919 3053 3012 3091 xiv
3041 3038 3299 3101 admittit,
3332 3047 3390 3092 ut
3418 3047 3562 3106 patet
3590 3043 3752 3098 annis

477 3103 871 3187 relinquenda;
901 3110 1026 3187 iicet
1066 3119 1119 3187 et
1149 3107 1203 3161 in
1230 3103 1719 3187 tabidapaschali,
1751 3114 1805 3157 et
1835 3103 1954 3187 §_il
1991 3119 2057 3187 ex
2088 3124 2134 3187 ο
2165 3108 2311 3187 cycli
2338 3103 2509 3187 ipsius
2550 3124 2618 3187 i_i_,_
2645 3125 2674 3159 v
2702 3116 2756 3187 et
2780 3124 2936 3173 xviii,
2972 3111 3037 3187 in_
3073 3124 3197 3187 quo
3231 3125 3357 3187 cuin
3393 3103 3753 3187 Quariadeci-

473 3174 859 3254 parte-sciscat
885 3181 1192 3254 Anatolius.
1217 3174 1523 3254 Accedebat
1547 3186 1826 3254 praeterea,
1849 3174 1947 3228 his
1965 3174 2064 3254 ad-

475 3243 685 3318 inissis,
706 3253 818 3323 jam
853 3253 1010 3306 lunas
1045 3249 1281 3323 Anatolii
1305 3243 1636 3323 Latinorum
1657 3257 1719 3323 et
1736 3243 2063 3299 Alexandri-

475 3317 679 3381 norum
706 3317 879 3378 'lunis
929 3322 1235 3390 coaeviores
1276 3329 1554 3390 utcunque
1606 3317 1743 3390 ﬁeri,
1773 3330 1886 3370 uno
1919 3325 2066 3370 certe

475 3403 663 3450 minus
695 3397 782 3450 die
815 3406 1170 3462 priecurrere.
1203 3387 1404 3454 Quare.
1436 3387 1496 3443 ut
1542 3389 1616 3442 ita
1655 3387 1916 3462 facerem,
1945 3401 2064 3462 oni-

477 3483 612 3522 nino
640 3458 960 3536 pendebant.
1005 3461 1203 3536 Verum
1253 3462 1458 3536 adverti
1494 3475 1580 3514 me
1614 3469 1729 3536 tuin
1751 3458 1836 3536 _in
1886 3459 2064 3526 majus

476 3528 890 3593 incommodum
939 3533 1279 3602 impingere.
1307 3528 1492 3586 Lunas
1545 3528 1830 3600 paschales
1868 3543 1954 3582 xiv
1985 3539 2065 3602 ter

477 3606 766 3662 Anatolius
798 3603 968 3659 ternis
1001 3601 1115 3658 sum
1140 3601 1337 3657 tabula
1368 3603 1547 3666 annis,
1576 3617 1636 3665 ιι,
1667 3615 1698 3654 v
1723 3609 1777 3658 et
1804 3614 1942 3652 xviii
1971 3601 2065 3652 de-

480 3679 675 3733 ﬁnivit.
707 3674 767 3731 Si
797 3689 996 3729 aureos
1024 3675 1146 3742 ejus
1172 3687 1428 3728 numeros
1458 3688 1568 3726 uno
1591 3672 1678 3726 die
1698 3671 2062 3742 devolvimus,

479 3765 558 3804 ea:
601 3748 713 3818 jam
771 3759 882 3818 non
938 3741 1170 3818 decima;
1207 3753 1436 3818 quartas,
1470 3743 1572 3818 sed
1622 3742 1848 3818 decima;
1894 3741 2066 3794 tertia:

480 3810 678 3878 erunt:
712 3815 858 3886 quod
908 3815 1028 3885 ejus
1076 3810 1378 3871 rationibus
1419 3815 1758 3869 adversatur.
1793 3810 1938 3886 idem
1982 3818 2064 3864 est

481 3891 550 3945 de
601 3882 770 3945 ternis
817 3882 1038 3956 quoque
1077 3887 1354 3941 vicesimis
1381 3886 1730 3955 paschalibus
1763 3883 1885 3956 ejus
1918 3882 2064 3956 lunis

477 3961 766 4030 judicium.
787 3951 964 4012 Priori
987 3957 1150 4030 igitur
1167 3951 1448 4030 sententia:
1472 3957 1650 4026 potius
1675 3951 2063 4030 insistendum,

480 4025 534 4086 et
573 4031 865 4085 dicendum
897 4025 1209 4082 Anatolium
1239 4030 1324 4084 sui
1354 4028 1442 4084 hic
1482 4030 1536 4082 in
1581 4036 1692 4080 tam
1724 4025 1978 4078 intricata
2006 4037 2066 4077 re

481 4103 710 4156 oblitum
761 4100 909 4171 (nisi
942 4099 1082 4171 forte
1109 4099 1420 4166 librarium,
1454 4098 1600 4168 quod
1636 4110 1742 4151 non
1781 4101 1955 4165 puto)
2005 4108 2066 4148 se

482 4169 852 4241 lectorenique
882 4169 1237 4226 confundere.

549 4244 608 4298 4ο
647 4237 1153 4316 DidértAnatoliiis
1177 4243 1232 4294 in
1250 4241 1440 4316 capite
1463 4247 1520 4295 et
1546 4238 1653 4316 iine
1697 4237 1859 4316 primi
1907 4249 2064 4316 men:

481 4314 589 4387 sis;
621 4329 812 4387 quem
835 4311 1014 4367 Latini
1043 4327 1076 4387 ξι
1104 4309 1286 4368 Martii
1330 4309 1423 4387 die
1469 4311 1693 4387 quinto,
1711 4309 2063 4387 Alexandrini

480 4385 551 4439 ab
574 4379 766 4438 Octavo
801 4383 1010 4437 ineunt.
1041 4381 1161 4451 Ipse
1199 4385 1446 4438 omnium
1480 4379 1790 4451 tardissime
1820 4380 1890 4433 ab
1913 4379 2063 4451 deci-

481 4470 594 4517 mo,
615 4457 742 4524 quia
766 4448 1084 4508 tardissime
1098 4468 1317 4524 quoque
1340 4455 1455 4524 ﬁgit
1474 4448 2062 4524 aequinoctiiim:_Aiiiio

2168 3180 2345 3232 inanis
2374 3178 2522 3234 facit.
2558 3178 2695 3232 Hinc
2719 3179 2776 3232 tit
2802 3188 2862 3232 ut
2883 3180 3130 3233 eamdem
3163 3180 3386 3233 Pascha:
3411 3181 3749 3237 Dominicam

2169 3265 2447 3318 nunquam
2503 3251 2644 3304 ultra
2697 3265 2768 3302 xx
2819 3250 3004 3302 lunam
3039 3250 3325 3309 dill'undat.
3361 3267 3485 3304 cuni
3515 3256 3753 3307 Alexan-

2166 3320 2306 3392 drini
2342 3322 2408 3373 ad
2445 3336 2558 3386 χχι,
2604 3319 2789 3392 Latini
2823 3321 2891 3374 ad
2933 3335 3049 3372 xxii
3079 3323 3242 3375 etiam
3286 3333 3601 3392 propagent.
3639 3325 3751 3378 Cur

2168 3391 2220 3443 id
2261 3390 2444 3464 faciat,
2474 3393 2740 3464 r_ationem
2779 3391 2896 3460 ipse
2926 3391 3160 3464 reddere
3199 3390 3508 3464 conatur,‘§
3546 3405 3751 3448 tracta-

2168 3470 2257 3515 tus
2284 3463 2369 3515 sui
2402 3465 2454 3515 8.
2482 3461 2548 3517 Et
2577 3465 2630 3517 in
2657 3463 2762 3516 hoc
2790 3462 2940 3516 Scoti
2975 3461 3137 3530 prisci
3165 3477 3290 3516 cum
3325 3478 3390 3516 eo
3421 3461 3749 3530 sentiebant,

2166 3532 2212 3586 si
2243 3531 2399 3606 Beda:
2434 3533 2708 3606 lideshlih.
2739 3547 2800 3586 ιιι
2839 3531 3098 3606 Historia
3123 3535 3409 3606 Anglorum
3432 3536 3748 3600 ecclesiast.,

2167 3617 2286 3672 cap.
2319 3603 2409 3659 25.
2453 3603 2508 3657 In
2552 3603 2750 3659 ultimo
2790 3603 2986 3657 tabulae
3031 3603 3266 3656 Anatolii
3315 3607 3751 3672 perpendiculari

2166 3665 2329 3729 versu
2376 3675 2471 3744 qui
2520 3676 2663 3729 luna:
2693 3681 2908 3728 aetatem
2965 3675 3021 3728 in
3071 3665 3628 3743 pascliali'Uoniinica
3658 3678 3754 3731 de-

2167 3747 2367 3813 signat,
2408 3757 2518 3800 tres
2561 3745 2711 3811 anni,
2753 3761 2948 3813 nempe
2979 3760 3098 3806 vm,
3141 3760 3194 3797 χι
3231 3757 3284 3798 et
3315 3761 3428 3810 xiv,
3462 3747 3646 3800 lunam
3677 3764 3752 3802 χχ

2165 3816 2447 3881 exhibent,
2487 3817 2671 3870 nullus
2702 3831 2798 3870 xxi
2824 3826 2919 3869 aut
2953 3829 3092 3869 χχιι.

2236 3887 2300 3938 6°
2340 3885 2582 3956 Denique
2613 3888 2793 3941 ώσω-ι
2825 3888 3112 3940 Anatolius
3137 3887 3190 3960 in
3221 3885 3337 3960 ipsa
3361 3887 3632 3960 paschalis
3659 3905 3754 3960 cy-

2166 3958 2234 4010 cli
2267 3960 2638 4023 revolutione;
2671 3973 2837 4027 quam
2887 3973 3011 4012 cum
3069 3957 3285 4009 noiinisi
3332 3972 3490 4011 anuis
3523 3959 3628 4012 552
3652 3957 3754 4014 ab-

2166 4029 2302 4080 solvi
2338 4039 2546 4082 certum
2595 4031 2688 4088 sit,
2721 4029 2898 4082 lunari
2947 4031 3100 4096 cyclo
3149 4027 3357 4081 scilicet
3406 4028 3459 4081 in
3511 4033 3748 4086 solarem

2164 4101 2351 4164 ducto,
2384 4114 2480 4153 seu
2517 4115 2609 4152 χιχ
2639 4100 2799 4153 annis
2831 4100 2883 4151 in
2915 4114 3108 4162 χχνιιι,
3145 4099 3261 4166 ipse
3294 4107 3475 4151 tamen
3507 4116 3625 4153 eam
3653 4117 3753 4155 an-

2168 4185 2362 4223 norum
2404 4186 2494 4224 xix
2526 4170 2814 4224 intervallo
2845 4170 3164 4241 concludit;
3203 4177 3376 4241 ratus,
3401 4170 3616 4238 opinor,
3653 4187 3753 4241 pa-

2167 4256 2256 4296 res
2283 4255 2408 4296 esse
2432 4242 2971 4310 quartadecimarum
3001 4251 3055 4292 et
3087 4239 3492 4292 Dominicaruui
3526 4239 3754 4309 pascha-

2165 4311 2325 4382 lium
2354 4315 2743 4382 revolutioues,
2792 4325 2916 4382 quae
2966 4318 3080 4364 t0to
3103 4310 3244 4382 cwlo
3289 4310 3564 4382 differunt.
3613 4312 3753 4368 Hinc

2167 4383 2281 4452 ipse
2309 4381 2336 4456 ᾗ
2371 4382 2439 4435 19.
2469 4401 2484 4436 :
2517 4380 2620 4436 Sed
2662 4383 2784 4456 ltOC,
2813 4380 3021 4456 inquit,
3057 4381 3121 4433 ab
3149 4381 3286 4456 aliis
3329 4381 3669 4456 sapientibus
3687 4393 3752 4456 et

2170 4451 2490 4507 acutiisimis
2507 4455 2632 4506 viris
2654 4452 2976 4520 impossibile
2997 4467 3106 4504 esse
3125 4451 3409 4519 deﬁnitur;
3427 4454 3562 4519 quod
3585 4455 3635 4505 in
3656 4454 3752 4506 illo

481 4518 824 4598 cyclifsuixn
853 4518 1192 4598 Dominicam
1223 4518 1752 4598 paschalem—indicit
1781 4537 1834 4574 iv
1865 4518 2063 4573 Kalen-
2092 4543 2139 4598 ι)
2171 4536 2394 4598 augusto
2448 4540 2513 4598 ac
2542 4518 2848 4598 brevissimo
2883 4537 2999 4598 χιιι⁸
3025 4518 3284 4598 annorum
3322 4518 3510 4598 circuli
3553 4525 3750 4598 spatio,

481 4593 581 4649 das
615 4595 846 4664 Apriles,
879 4609 972 4648 seu
1009 4593 1184 4648 Martii
1223 4593 1351 4648 χχιχ
1395 4595 1546 4655 luna,
1577 4607 1680 4664 sua
1717 4607 1809 4656 χχ,
1839 4606 1904 4646 ac
1936 4602 2064 4664 pro-

483 4666 610 4719 inde
635 4662 819 4719 lunam
847 4667 1004 4718 istam
1036 4669 1103 4718 ab
1126 4680 1160 4717 χ
1188 4665 1369 4720 Martii
1399 4665 1628 4720 orditur.
1657 4663 1815 4716 Anno
1839 4662 2061 4731 quidem

481 4737 618 4805 cycli
649 4753 740 4790 χιχ
772 4737 1016 4790 citimam
1053 4737 1378 4805 paschalem,
1409 4750 1564 4790 suam
1594 4732 1931 4805 Dominicam
1960 4745 2062 4784 no-

486 4802 562 4860 tat
586 4823 638 4860 νι
661 4805 930 4860 Kalendas
960 4802 1183 4876 Aprilis,
1213 4823 1308 4861 seu
1332 4804 1510 4860 Martii
1536 4802 1914 4876 xxvu.Verum
1936 4816 2062 4855 cum

486 4879 670 4931 lunam
707 4878 865 4931 istam
901 4875 1023 4931 χνιι
1046 4878 1312 4932 duntaxat
1342 4884 1610 4941 numeret,
1645 4877 1804 4945 plane
1831 4875 2063 4941 primam

486 4948 704 5001 nonnisi
733 4963 763 5001 a
787 4947 964 5018 Martii
1004 4963 1058 5002 χι
1092 4947 1330 5014 deducit,
1363 4947 1625 5018 postridie
1651 4947 1890 5018 ineuntis
1913 4945 2064 5018 luna:

478 5017 590 5087 jam
617 5019 795 5072 dictae.
831 5016 933 5073 Ubi
964 5019 1016 5073 id
1048 5014 1544 5080 notandum'venit,
1568 5017 1879 5071 Anatolium
1910 5014 2061 5087 illam

485 5084 978 5143 Alexandrinorum
1012 5098 1066 5143 et
1100 5091 1354 5146 Ecclesiae
1392 5089 1674 5144 hodierna:
1705 5087 1950 5158 regulam
1980 5084 2064 5137 ni-

486 5159 562 5212 hil
592 5161 816 5224 morari,
855 5161 1167 5229 paschalem
1193 5176 1314 5216 eam
1345 5175 1469 5214 esse
1493 5167 1746 5229 quartam
1770 5157 2061 5229 decimam,

483 5245 606 5298 quae
652 5233 737 5284 vel
782 5234 836 5285 in
858 5227 1055 5299 ipsum
1093 5227 1615 5300 aequinoctium,'vel
1665 5227 1910 5299 proxime
1941 5233 2064 5295 post

485 5301 663 5372 ipsum
711 5303 964 5356 incurrit.
1013 5300 1146 5356 Nam
1193 5303 1586 5372 aequinoctium
1636 5301 1751 5372 ipse
1797 5312 1921 5350 cum
1959 5311 2062 5349 xxv

485 5370 666 5442 Martii
701 5373 997 5442 componit.
1033 5372 1147 5427 lmo
1184 5370 1353 5427 unum
1387 5383 1644 5441 praeterea
1669 5370 1834 5433 diem,
1871 5381 2064 5442 nempe

484 5439 663 5514 Martii
694 5439 1047 5513 xxvi'(quem
1076 5439 1403 5514 aequinoctii
1437 5453 1841 5514 transgressum
1879 5440 2063 5514 appel-

485 5510 607 5580 lat),
648 5521 775 5583 ante
819 5508 1451 5583 legitimam’Paschatis
1501 5508 1673 5568 citimi
1723 5508 2059 5583 iuuetionem

486 5582 782 5658 transmitti
832 5580 1056 5658 vultuut
1080 5597 1257 5658 tanto
1292 5586 1546 5639 tenebras
1590 5584 1682 5636 lux
1718 5592 1955 5658 superet.
1986 5580 2062 5635 Ita

486 5654 634 5705 nulla
667 5653 741 5705 illi
773 5665 866 5709 aut
892 5653 1254 5724 pet-exilisest
1278 5658 1688 5708 neomeniarum
1716 5662 1770 5706 et
1802 5653 2063 5707 termino-

485 5738 606 5775 rum
641 5727 976 5792 paschalium
1013 5727 1172 5793 ratio,
1207 5727 1303 5779 sed
1339 5725 1744 5779 Dominicarum
1776 5727 2060 5789 duntaxat,

486 5809 607 5863 qua:
634 5811 665 5849 a
695 5795 871 5852 Martii
912 5813 1058 5852 xxvu
1088 5799 1154 5851 ad
1185 5796 1388 5866 Aprilis
1426 5812 1559 5850 χχιιι
1593 5798 1856 5851 inclusive
1902 5811 2059 5864 repe-

2171 4596 2378 4648 Pasclia
2408 4597 2770 4658 verissimum,
2795 4595 2848 4645 id
2873 4601 2951 4645 est
2981 4593 3035 4645 in
3068 4595 3152 4646 die
3177 4593 3477 4653 Dominica,
3509 4597 3748 4663 (equino-

2166 4666 2329 4718 ctiam
2361 4664 2751 4734 transgrediens
2780 4665 3116 4716 inveniretur.
3145 4665 3247 4718 Sed
3285 4680 3402 4729 nos,
3431 4675 3486 4716 ut
3532 4667 3755 4734 manife-

2164 4737 2300 4788 stius
2329 4738 2446 4804 ﬁat,
2474 4733 2614 4805 quod
2637 4733 2746 4786 illis
2767 4734 3190 4788 incredulitatem
3215 4735 3440 4797 inducit,
3462 4747 3566 4789 etc.
3602 4733 3748 4789 Rur-

2166 4822 2288 4878 suin
2329 4806 2356 4878 ς
2399 4808 2464 4860 15
2494 4805 2632 4858 :Hic
2662 4806 2894 4858 circulus
2926 4820 3017 4878 χιχ
3063 4821 3329 4878 annorum
3362 4823 3393 4858 a
3430 4807 3748 4878 quibusdam

2166 4875 2438 4944 Africanis
2461 4879 2718 4941 rimariis,
2743 4880 2832 4947 qui
2857 4877 3139 4945 ampliores
3166 4875 3340 4946 (uota)
3363 4876 3586 4929 circulos
3622 4893 3743 4930 con-

2164 4949 2508 5017 scripserunt,
2533 4965 2634 5002 non
2658 4952 2934 5019 probatur,
2956 4950 3081 5016 quia
3101 4961 3281 5019 eorum
3299 4947 3746 5019 suspicationibus

2165 5019 2372 5072 videtur
2421 5021 2553 5073 satis
2599 5017 2708 5074 esse
2755 5021 3078 5072 contrarius.
3119 5017 3315 5071 Verum
3364 5023 3407 5072 si
3453 5018 3745 5072 Africanos

2168 5091 2298 5144 istos
2327 5091 2580 5144 rimarios
2606 5101 2828 5146 secutus
2859 5089 3072 5152 fuisset,
3100 5089 3413 5144 bissextiles
3446 5103 3622 5144 annos
3654 5105 3746 5142 ra-

2167 5161 2338 5216 riores
2375 5161 2693 5226 admittere,
2737 5163 3151 5230 litterarumque
3195 5158 3628 5230 Dominicaliumi
3661 5174 3748 5212 se-

2166 5246 2299 5285 riem
2332 5234 2404 5286 ita
2437 5234 2718 5287 succidere
2749 5247 2813 5286 ac
2834 5228 3170 5286 confundere
3203 5240 3426 5285 coactus
3453 5246 3562 5283 non
3609 5228 3747 5284 fuis-

2166 5311 2282 5368 set;
2328 5305 2548 5374 quando
2595 5319 2720 5360 vere
2765 5303 2858 5356 illa
2904 5310 3017 5355 tam
3062 5303 3211 5357 brevi
3255 5301 3462 5356 circulo
3492 5299 3745 5355 concludi

2167 5387 2273 5426 non
2300 5383 2502 5444 potest.

2236 5443 2362 5500 Haec
2386 5444 2571 5499 omnia
2605 5443 2842 5500 Anatolii
2864 5443 3082 5512 placita,
3105 5458 3270 5514 quam
3302 5444 3579 5513 paradoxa
3613 5443 3742 5502 sint,

2166 5533 2327 5572 nemo
2357 5531 2464 5570 non
2490 5516 2631 5570 videt
2657 5534 2670 5569 :
2696 5531 2762 5569 ex
2783 5515 2888 5569 illis
2905 5515 3121 5584 quidem
3147 5530 3400 5585 magnam
3440 5514 3748 5585 injectum

2165 5588 2440 5643 intellectu
2469 5586 2848 5640 confusionem
2875 5582 3006 5639 oriri
3051 5582 3336 5640 necessum
3369 5594 3471 5640 est.
3505 5582 3742 5637 Prorsus

2165 5671 2222 5712 ut
2263 5674 2330 5710 an
2359 5658 2597 5710 Anatolii
2627 5658 2761 5711 tanti
2792 5657 2896 5710 viri
2932 5671 3054 5710 esse
3080 5658 3442 5725 possinthnon
3471 5657 3743 5708 immerito

2164 5730 2601 5797 quaesiverimus.
2634 5725 2738 5783 Sed
2773 5736 2854 5781 tot
2880 5727 3041 5788 Beda:
3066 5728 3309 5797 adeoque
3335 5726 3554 5780 Eusebii
3588 5735 3743 5778 testi-

2167 5803 2370 5865 monia,
2401 5813 2523 5868 qua:
2551 5799 2739 5854 eadem
2771 5800 2933 5854 verba
2964 5799 3224 5864 referunt,
3259 5807 3308 5852 et
3339 5801 3746 5866 manuscriptus
