4034 6424
474 334 562 388 251
1605 347 1659 399 S.
1706 346 2028 403 ANATOLH
2070 349 2541 407 ALEXANDRINI

1062 460 1288 517 CAPUT
1343 464 1429 517 IV.

474 615 510 669 Α
540 634 642 677 quo
675 619 938 675 hodierna:
966 621 1161 675 Christi
1183 625 1385 677 eane/ue
1414 643 1547 677 anno
1580 626 1818 677 (Ta-onis
1842 630 1925 677 sui
1946 631 2039 677 du-

540 634 642 688 quo
675 621 938 691 hodierna:
966 621 1161 675 Christi
1183 625 1385 691 epnrlue
1414 643 1547 678 anno
1580 626 1818 680 (lamnis
1842 630 1925 680 sui
1946 631 2036 681 du-

541 699 625 766 cat
653 691 1195 766 initiuiri_Anat_olius.
1230 693 1539 748 Herminius
1571 697 1772 766 (gelum
1800 699 2036 752 Anatolii

541 760 606 811 ab
655 777 804 833 anno
847 760 1044 833 Christi
1093 764 1294 833 vulgari
1327 766 1430 818 277
1474 760 1703 821 inchoat.
1739 767 1923 821 Potius
1971 771 2034 822 ab

541 846 678 882 anno
706 830 828 884 276.
865 830 1197 901 Argumentis
1235 834 1504 897 Hervartii
1536 839 1894 906 respondetur.

538 966 637 1019 Vix
662 967 826 1019 ullum
852 966 1098 1021 dubitare
1120 969 1392 1034 existimo.
1419 971 1552 1040 quin
1578 971 1840 1026 Canonem
1873 988 2031 1026 suum

469 1038 1015 1091 deccmnmennalem
1085 1040 1373 1095 Anatolius
1440 1038 1567 1095 ante
1631 1043 2033 1096 Alexandrinos

468 1107 711 1181 ediderit.
750 1106 883 1181 Quis
927 1108 1072 1181 enim
1099 1109 1201 1162 sibi
1252 1113 1596 1178 persuadeat,
1631 1114 1875 1181 potuisse
1922 1122 2030 1167 tam

467 1176 755 1249 confusum
796 1177 975 1239 edere,
1007 1180 1050 1232 si
1087 1187 1195 1232 tam
1242 1176 1915 1249 Ordinatum,c'uiusmodi
1951 1192 2033 1237 est

465 1246 888 1309 Alexandrinus,
920 1259 1046 1302 ante
1084 1250 1276 1303 oculos
1306 1253 1628 1305 habuisset?
1658 1246 1827 1315 Adde,
1865 1251 2032 1307 Eusc-

464 1317 637 1389 bium,
670 1315 1038 1389 Timotheum.
1070 1318 1351 1389 Cyrillum,
1387 1320 1707 1382 \‘ictorium,
1743 1320 1941 1376 Bedam
1980 1334 2033 1376 et

464 1387 599 1460 alios
629 1387 682 1460 id
726 1388 944 1456 scriptis
977 1389 1093 1443 suis
1119 1387 1273 1443 satis
1303 1392 1529 1446 innuere
1563 1410 1576 1446 :
1627 1408 1861 1460 moxque
1888 1393 2032 1448 clare

464 1458 687 1525 patebit.

533 1525 1089 1602 Georgius_llen_'art,
1127 1529 1292 1602 illam
1334 1531 1700 1602 Chronologiw
1750 1547 1869 1599 cap.
1900 1532 2025 1595 256,

464 1595 691 1669 Curionis
724 1597 915 1669 hujus
950 1598 1257 1655 Anatoliani
1304 1602 1518 1655 initium
1563 1595 1843 1669 a'vulgari
1886 1618 2029 1656 anno

461 1665 662 1739 Christi
714 1667 841 1739 277,
904 1667 1059 1722 Probi
1108 1671 1453 1739 imperatoris
1501 1665 1761 1736 secundo:
1791 1673 2026 1737 deducit,

460 1737 708 1801 duasque
747 1738 983 1812 rationes
1012 1737 1213 1812 profert
1243 1753 1255 1787 :
1280 1741 1479 1803 Primo,
1522 1744 1646 1812 quia
1693 1753 1767 1796 tot
1798 1743 2029 1796 diversa-

462 1822 579 1858 rum
620 1807 849 1871 gentium
897 1809 1021 1860 anni
1057 1820 1163 1861 tam
1206 1812 1420 1873 diversi,
1452 1807 1683 1865 ad’eum
1730 1830 1922 1866 annum
1975 1816 2029 1865 in

464 1874 680 1953 Eusebii
691 1876 1001 1953 _Ch_ronir_o_
1016 1882 1264 1947 appositi,
1296 1898 1432 1934 anno
1467 1883 1676 1953 indubie
1705 1884 1874 1951 primo
1897 1885 2029 1953 cycli

460 1945 728 2014 paschalis
765 1949 1001 2001 Anatolii
1048 1945 1171 2001 sunt
1207 1954 1612 2005 accommodati.
1653 1945 1780 2005 Post
1825 1945 2031 2007 enunie-

463 2018 718 2068 rationem
740 2018 877 2069 enim
904 2028 1092 2071 norum
1116 2037 1373 2073 annorum
1406 2038 1525 2075 mox
1546 2023 1602 2075 in
1630 2022 1841 2076 Eusebii
1864 2024 2030 2076 Chro-

462 2086 587 2161 nico
632 2086 1004 2161 suos-equitat;
1046 2090 1326 2161 Anatolius
1367 2090 1690 2145 Laodiceam
1732 2095 2025 2161 episcopus,

458 2154 886 2229 philosophorum
930 2159 1225 2227 disciplinis
1275 2162 1535 2229 eruditus,
1587 2154 1870 2216 multorum
1909 2154 2029 2216 ἐει-ζ

463 2241 613 2278 mene
639 2226 951 2279 celebratur.
1068 2226 1071 2227 ⁷
1248 2287 1256 2295 _

535 2296 795 2372 Secundo,
822 2299 1008 2372 scribit
1040 2298 1320 2372 Anatolius
1356 2318 1496 2355 anno
1539 2302 1674 2372 cycli
1714 2303 1797 2356 sui
1835 2303 2026 2371 primo,

462 2381 652 2444 mensis
674 2367 1174 2444 priniiineonteniam
1200 2386 1315 2444 quae
1333 2375 1491 2426 totius
1501 2367 2027 2444 enneadecaeteridos

461 2436 806 2512 initimn__est,
837 2437 891 2489 in
935 2436 1257 2512 Phamenoth
1306 2459 1453 2501 τινι.
1482 2442 1663 2512 Dystri
1700 2454 1874 2497 autem
1915 2460 2025 2497 xxii

458 2514 507 2555 et
528 2503 711 2559 Martii
744 2524 900 2571 χιιιιι,
936 2509 1216 2563 incurrere.
1252 2512 1315 2564 ld
1344 2525 1516 2565 autem
1532 2503 1828 2566 secundum
1854 2524 2028 2566 astro-

460 2576 718 2628 nomicam
742 2579 1035 2652 ‘veritatem
1071 2596 1208 2633 anno
1239 2580 1438 2635 Christi
1483 2583 1609 2652 277,
1649 2585 1834 2637 melius
1867 2601 2023 2652 quam

459 2654 576 2719 octo
626 2647 784 2719 annis
819 2650 1045 2712 tardius,
1078 2666 1257 2719 nempe
1286 2668 1425 2705 anno
1470 2651 1668 2707 Christi
1731 2647 2026 2717 285.com

458 2714 717 2788 uertitrlta
747 2716 1010 2788 Georgius
1044 2714 1287 2774 Hervart.

531 2786 634 2839 Sed
666 2803 765 2841 nos
791 2803 857 2841 ex
897 2786 1011 2857 jam
1037 2790 1217 2855 dictis,
1254 2792 1566 2846 necessario
1599 2793 1669 2847 ab
1697 2807 1843 2846 anno
1880 2802 2027 2847 aute

3594 352 3699 404 9.7.2

2067 472 2109 528 Α
2139 472 2362 525 cedi-nte
2378 472 2482 525 276
2500 472 2823 525 ordiendum
2849 471 3167 541 opinamur:
3196 471 3245 522 Ι·
3270 469 3403 536 Quia
3437 471 3703 524 Anatolia-

2147 558 2275 595 num
2295 543 2413 599 eius
2438 542 2789 596 anniPascha
2817 543 2888 595 ita
2916 542 3170 609 postulat,
3191 542 3303 593 sive
3322 541 3561 593 lunarem
3590 541 3704 593 sive

2146 612 2377 694 solarem
2400 614 2544 694 illius
2571 614 2778 694 cyclum
2805 612 3116 694 consideres
3134 629 3147 674 ;
3165 611 3352 694 eodem
3380 625 3569 694 nemp'e
3593 611 3703 693 die,

2144 682 2343 749 Aprilis
2387 700 2475 736 xv:
2510 679 2791 743 indictum,
2824 696 2932 750 quo
2964 690 3015 733 et
3056 681 3403 733 Alexandrini
3436 688 3489 733 et
3529 679 3705 734 Latini

2145 752 2411 815 indicunt,
2455 754 2667 808 tametsi
2700 768 2890 805 omnes
2917 752 2971 803 in
2990 751 3144 805 .luna:
3172 761 3329 803 astate
3358 750 3704 805 dissentiant.

2144 820 2259 875 Non
2283 833 2365 876 est
2389 834 2567 877 autem
2594 823 2903 883 verisimile,
2938 822 3246 873 Anatolium
3276 829 3421 873 recte
3446 820 3501 873 in
3530 820 3708 888 primo

2142 907 2288 946 anno
2318 893 2585 948 deviasse.
2626 894 2683 946 ἓν
2716 892 3057 945 Conveniunt
3082 902 3135 944 et
3162 890 3325 943 trium
3356 890 3599 958 proxime
3626 905 3710 945 se-

2141 963 2420 1030 quentium
2449 978 2715 1017 annorum
2751 963 2941 1030 littera;
2968 959 3352 1021 Dominicales,
3382 968 3440 1013 ut
3460 972 3513 1014 et
3527 976 3711 1030 annu-

2142 1029 2261 1085 rum
2309 1035 2521 1101 septimi
2566 1044 2619 1087 et
2672 1034 2867 1087 octavi.
2903 1029 3058 1096 Quod
3112 1031 3156 1085 si
3192 1031 3475 1099 paschales
3520 1029 3709 1085 Domi-

2142 1103 2275 1156 nica:
2303 1104 2532 1158 subinde
2566 1105 2791 1158 diversae
2833 1110 2979 1163 sunt,
3014 1102 3064 1154 id
3107 1117 3173 1156 ex
3208 1102 3440 1155 diversis
3470 1101 3708 1154 Anatolii

2141 1173 2351 1238 placitis
2376 1175 2588 1227 oritur:
2624 1174 2772 1228 verbi
2808 1171 2999 1240 gratia,
3035 1172 3179 1240 quod
3214 1172 3341 1226 luna
3374 1186 3459 1240 xlv
3497 1166 3708 1225 Pascha

2141 1188 2351 1238 placius
2376 1188 2588 1227 oritur:
2624 1188 2772 1228 verm
2842 1188 2999 1235 rana,
3035 1188 3179 1240 quoa
3216 1188 3341 1226 luna
3374 1188 3459 1224 xiv
3497 1188 3708 1225 rascna

2141 1243 2413 1311 legitimus
2435 1245 2666 1309 sanciat;
2686 1188 2839 1310 (μιοὲ
2854 1243 3238 1311 aequinoctium
3256 1251 3382 1296 ante
3399 1239 3574 1295 Martii
3600 1254 3708 1294 xxv

2139 1323 2191 1366 et
2217 1315 2456 1368 citimam
2474 1313 2694 1368 Pascha:
2716 1312 3048 1367 Dominicam
3076 1323 3201 1368 ante
3228 1327 3374 1366 xxvu
3406 1325 3524 1381 non
3544 1325 3710 1381 agno-

2140 1394 2288 1447 scat;
2319 1386 2460 1452 quod
2492 1385 2803 1438 neomenias
2835 1392 2958 1437 ante
2986 1382 3125 1438 alios
3156 1383 3375 1443 indicat.
3396 1390 3451 1435 et
3483 1378 3704 1452 similia.

2140 1452 2204 1524 Et
2225 1450 2406 1508 tamen
2435 1455 2612 1524 adhuc
2636 1470 2780 1508 anno
2805 1454 2938 1524 cycli
2963 1453 3047 1508 sui
3071 1461 3286 1524 quarto,
3304 1466 3428 1524 cum
3461 1450 3709 1524 utrisque

2139 1523 2478 1593 Dominicum
2506 1523 2713 1579 Pascha
2746 1521 2927 1578 Idibus
2957 1521 3157 1593 Aprilis
3188 1524 3293 1577 rite
3319 1521 3547 1580 sciscit..

2206 1592 2316 1648 Nec
2363 1593 2628 1648 Hervartii
2690 1588 3019 1661 argumenta
3067 1593 3220 1646 Valde
3272 1600 3547 1661 premunt.
3599 1588 3707 1656 Qui

2135 1665 2281 1717 enim
2310 1680 2455 1719 anno
2485 1664 2589 1718 277
2617 1665 2819 1727 ﬂoruit,
2849 1665 3025 1727 potuit
3054 1672 3108 1716 et
3136 1661 3243 1718 276
3288 1662 3560 1722 ﬂoruisse,
3595 1661 3709 1714 imo

2138 1743 2266 1788 tunc
2304 1735 2540 1789 maxime
2567 1736 2820 1803 coepisse.
2852 1730 2920 1787 Et
2961 1733 3053 1802 qui
3088 1735 3298 1805 cyclum
3331 1746 3477 1805 anno
3499 1730 3615 1805 Δ277
3645 1731 3703 1783 ἰιι

2071 1842 2108 1894 Β
2138 1802 2755 1894 Ιιιοειιιξιηίιιίιηθοιιιιε
2782 1805 3039 1894 editionis
3072 1802 3272 1894 annum
3315 1802 3708 1894 diversischa-

2141 1876 2440 1929 racteribus
2470 1871 2724 1945 insignit;
2751 1875 2885 1929 nihil
2922 1876 3122 1935 obstat,
3156 1874 3297 1945 quin
3329 1872 3451 1941 ejus
3486 1871 3705 1945 initium

2137 1946 2205 1998 ab
2248 1946 2521 2000 anteriore
2563 1941 2727 1999 etiam
2775 1960 2918 1999 anno
2966 1945 3101 1998 bene
3138 1941 3403 1998 deducere
3437 1942 3628 2011 possit,
3658 1941 3705 1993 si

2137 2015 2374 2069 rationes
2411 2018 2482 2070 ita
2514 2014 2651 2071 forte
2678 2016 2917 2085 exigant.
2963 2014 3463 2085 Deniquepossunt
3503 2011 3705 2085 diversi

2137 2086 2226 2140 isti
2256 2086 2593 2139 diversarum
2624 2082 2862 2155 gentium
2897 2087 3025 2139 anni
3058 2082 3153 2153 pro
3179 2082 3564 2155 Manichmanae
3590 2082 3704 2155 ha:-

2136 2170 2318 2211 reseos
2345 2165 2490 2219 ortu,
2525 2150 2700 2225 qui'in
2729 2171 2933 2210 annum
2980 2150 3143 2209 istum
3170 2154 3275 2208 277
3307 2169 3336 2207 a
3361 2153 3567 2225 sanctis
3599 2150 3706 2205 Pa-

2135 2225 2312 2279 tribus
2341 2226 2442 2280 rite
2472 2224 2771 2287 confertur,
2800 2234 2951 2279 tanto
2982 2226 3153 2294 magis
3184 2224 3456 2287 adnotari,
3482 2231 3705 2294 _qua_nto

2136 2309 2197 2349 ea
2233 2295 2545 2350 confusiore
2587 2296 2824 2350 Anatolii
2850 2296 3002 2365 cyclo
3027 2290 3423 2365 celebriorem.
3465 2290 3620 2359 Quod
3650 2302 3703 2345 et

2135 2381 2201 2419 ex
2248 2376 2402 2436 parte
2443 2366 2684 2435 Scaliger
2709 2376 2835 2419 ante
2862 2362 2962 2420 nos
3010 2365 3258 2418 advertit.
3296 2362 3479 2436 Neque
3512 2377 3700 2436 verum

2134 2431 3169 2501 esu—Anatolium'enneadecaeteridos
3214 2450 3323 2488 sua:
3372 2431 3702 2503 principium

2137 2506 2189 2558 in
2218 2522 2355 2565 xxii,
2386 2508 2479 2561 sed
2509 2507 2690 2574 potius
2721 2506 2773 2558 in
2806 2523 2908 2559 xxv
2941 2516 2995 2560 et
3024 2521 3149 2558 xxvi
3178 2504 3350 2558 Martii
3378 2504 3706 2574 relerre;_nt

2135 2584 2278 2644 patet
2304 2593 2367 2629 ex
2402 2570 2576 2645 capite
2600 2578 2839 2630 secundo
2870 2576 3031 2645 hujus
3065 2574 3480 2636 Commentarii,
3508 2581 3562 2645 et
3590 2570 3704 2625 cla-

2135 2642 2249 2699 rius
2282 2648 2443 2699 etiam
2469 2642 2544 2698 ex
2587 2648 2701 2715 ipsa
2739 2642 2968 2699 Anatolii
3000 2647 3179 2698 tabula
3214 2644 3479 2715 paschali,
3513 2642 3623 2715 imo
3650 2650 3705 2694 et

2132 2730 2196 2769 ex
2224 2718 2396 2783 ipsius
2424 2710 2753 2777 textufcnni
2786 2718 2944 2785 primi
2970 2717 3173 2771 mensis
3198 2710 3538 2770 tieonneniam
3567 2710 3707 2764 Mar-

2133 2786 2192 2838 tii
2233 2802 2341 2840 xxx
2373 2787 2578 2858 deligit.

1346 3148 1375 3173 ’
1725 3149 2537 3269 FRAGMENTA,

1218 3348 1305 3408 Ex
1361 3345 1636 3407 Anatolii
1681 3344 2119 3422 Alexandrini
2158 3345 2341 3406 libris
2375 3345 2924 3406 Arithmeticorum

1022 3498 1239 3558 (FABRIC.
1288 3495 1581 3547 Bibliotheca
1604 3477 1795 3553 (ἔνατα,
1824 3496 1901 3544 ed.
1946 3495 2297 3553 Hanzs.,tom.
2329 3495 2414 3555 lll,
2436 3496 2721 3558 Hamburgi,
2752 3497 2885 3557 l795,
2911 3513 2941 3560 p
2986 3498 3113 3560 562.)

523 3777 662 3843 Quid
692 3779 763 3833 sit
793 3777 1211 3831 mathematica?

524 3871 836 3925 Aristoteles
881 3871 1179 3926 consistere
1221 3882 1436 3923 omnem
1506 3868 1905 3938 philosophiam
1965 3869 2017 3920 in

450 3966 660 4020 theoria
715 3975 769 4018 et
826 3964 1061 4034 practica
1106 3963 1395 4031 opinatur,
1456 3962 1749 4031 practicam
1797 3961 2014 4033 quidem

451 4060 697 4113 dividens
727 4063 780 4112 in
806 4058 1041 4112 ethicam
1072 4067 1124 4110 et
1154 4056 1427 4124 politicam
1449 4098 1462 4121 ,
1494 4055 1762 4109 theoriam
1802 4069 1934 4109 vero
1963 4056 2016 4108 in

450 4148 794 4217 theologiam,
823 4147 1097 4216 physicam
1129 4154 1181 4199 ct
1212 4145 1685 4211 mathematicam;
1715 4144 2018 4199 clarissime

449 4251 502 4294 et
532 4240 846 4294 doctissime
880 4238 1234 4308 philosophiae
1278 4248 1481 4307 partem
1516 4252 1638 4293 esse
1670 4238 2019 4293 mathemati-

449 4344 567 4383 cam
598 4328 1011 4382 demonstravit.
1228 4388 1234 4393 _
1284 4384 1301 4395 ,
1784 4370 1789 4374 .

519 4419 677 4484 Quod
734 4419 975 4473 Chaldaei
1026 4420 1245 4489 quidem
1290 4420 1712 4483 astronomiam,
1770 4419 2012 4493 £gyptii

446 4525 579 4567 vero
608 4512 955 4571 geometriam
989 4520 1043 4564 et
1070 4512 1465 4567 arithmeticam
1499 4512 1961 4587 (invenerunt)....

516 4604 564 4657 A
586 4617 697 4672 quo
724 4604 1102 4658 mathematica
1126 4605 1207 4658 sic
1235 4605 1514 4661 nominata
1542 4605 1682 4661 fuit?

519 4695 860 4765 Peripatetici
888 4695 1105 4766 quidem
1136 4695 1406 4751 aliirmant
1444 4698 1500 4751 in
1541 4697 1814 4754 rhetorica
1834 4696 1861 4764 ,'
1876 4712 2009 4768 poe-

446 4787 575 4852 tica,
598 4788 1024 4857 summatimque
1067 4786 1277 4842 musica
1321 4788 1529 4855 vulgari
1563 4804 2011 4860 quemquepossc

444 4880 674 4942 versari,
692 4880 1065 4948 quamvis-non
1088 4878 1371 4935 didicerit:
1393 4896 1514 4949 qua:
1541 4892 1720 4937 autem
1744 4884 2009 4954 appellata

443 4982 571 5026 sunt
606 4971 1007 5038 mathematica,
1037 4971 1305 5026 neminem
1343 4973 1625 5027 scientiam
1674 4974 1890 5028 illorum
1926 4974 2010 5026 ul-

442 5062 550 5115 lam
597 5076 790 5131 capere
832 5076 1027 5130 posse,
1080 5061 1185 5116 nisi
1227 5064 1378 5133 prius
1413 5064 1678 5120 didicerit.
1717 5064 2007 5135 Propterea

2044 3780 2085 3833 ο
2192 3777 2255 3828 Τί
2283 3779 2397 3829 ἐστι
2466 3777 2863 3849 μαθηματικήὲ

2208 3872 2579 3941 Ἀριστοτέλης
2610 3869 2931 3924 συνεστάναι
2968 3869 3064 3937 τὴν
3095 3871 3270 3922 πᾶσαν
3300 3870 3613 3941 φιλοσοφίαν
3638 3876 3703 3927 ἐκ

2125 3962 2352 4034 Θεωρίας
2384 3965 2475 4017 καὶ
2508 3963 2757 4035 πράξεως
2786 3963 3048 4033 οἰόμενος,
3085 3965 3177 4015 καὶ
3213 3962 3308 4034 τὴν
3340 3964 3438 4033 μὲν
3467 3980 3699 4035 πρακτι-

2127 4055 2223 4126 κὴν
2256 4055 2477 4127 διαιρῶν
2510 4059 2590 4120 εἰς
2621 4055 2816 4126 ἠθικὴν
2866 4055 2961 4108 καὶ
2995 4054 3292 4125 πολιτικὴν,
3333 4055 3429 4124 τὴν
3468 4056 3522 4108 δὲ
3557 4056 3694 4110 θεω-

2126 4150 2245 4220 ρίαν
2262 4151 2342 4212 είς
2361 4150 2421 4201 τὸ
2436 4149 2737 4217 θεολογικὺν
2755 4149 2848 4201 καὶ
2868 4148 2927 4201 τὸ
2949 4150 3174 4217 φυσικὸν
3204 4148 3295 4200 καὶ
3314 4148 3370 4200 τὸ
3390 4149 3698 4219 μαθηματι-

2124 4242 2234 4306 κὸν,
2262 4243 2407 4314 μάλα
2438 4243 2621 4312 σαφῶς
2649 4243 2742 4296 καὶ
2778 4240 3037 4312 ἐντέχνως
3071 4240 3386 4311 φιλοσοφίαν
3411 4238 3575 4295 οὖσαν
3599 4242 3696 4311 τὴν

2124 4333 2505 4405 μαθηματικὴν
2535 4334 2898 4388 ἀποδείκνυσι.

2192 4429 2310 4488 Ὀτι
2342 4426 2594 4479 Χαλδαῖοι
2620 4428 2715 4497 μὲν
2746 4427 3128 4496 ἀστρονομίαν,
3158 4424 3439 4493 Αἰγύπτιοι
3465 4424 3520 4478 δὲ
3551 4442 3692 4493 γεω-

2123 4519 2346 4589 μετρίαν
2382 4518 2473 4569 καὶ
2523 4517 2889 4587 ἀριθμητικήν
2930 4516 3305 4588 (ἐξεῦρον).....

2202 4607 2332 4659 Ἀπὸ
2382 4607 2522 4669 τίνος
2572 4606 2629 4659 δὲ
2663 4605 3018 4677 μαθηματικὴ
3058 4605 3349 4677 ὠνομάσθη

2188 4700 2251 4751 Οἱ
2304 4698 2402 4768 μὲν
2452 4698 2559 4751 ἀπὸ
2591 4698 2683 4750 τοῦ
2711 4698 3018 4768 Περιπάτου
3060 4701 3357 4767 φάσκοντες
3391 4698 3692 4771 ῥητορικῆς

2123 4791 2218 4860 μὲν
2249 4790 2343 4841 καὶ
2361 4789 2671 4859 ποιητικῆς,
2702 4791 2947 4860 συμπᾶσι
2972 4807 3031 4843 τε
3057 4791 3155 4861 τῆς
3190 4789 3471 4861 δημώδους
3500 4808 3689 4861 μουσι-

2120 4881 2222 4950 κῆς
2257 4879 2516 4933 δύνασθαί
2558 4898 2676 4934 τινα
2709 4885 2942 4935 συνεῖναι
2977 4883 3069 4937 καὶ
3099 4881 3173 4954 μὴ
3219 4882 3472 4953 μαθόντα.
3520 4883 3601 4936 Τὰ
3633 4885 3691 4937 δὲ

2119 4971 2425 5041 καλούμενα
2451 4970 2556 5024 ἴδια
2590 4971 2883 5045 μαθήματα
2904 4971 3113 5036 οὐδενὸς
3136 4972 3338 5043 εἴδησιν
3370 4972 3687 5044 λαμδάνειν,

2122 5063 2195 5133 μὴ
2254 5063 2315 5116 οὐ
2366 5053 2629 5135 πρότερον
2704 5065 2763 5117 ὲν
2812 5063 3043 5136 μαθήσει
3112 5064 3401 5134 γενόμενον
3461 5064 3683 5118 τούτων.

440 5155 670 5209 istarum
696 5154 1052 5210 scientiarum
1077 5154 1339 5210 theoriam
1355 5158 1538 5213 vocari
1567 5158 2006 5214 mathematicam

2129 5132 2211 5209 itit
2258 5132 2419 5209 tofina
2454 5132 2837 5228 μαθηματικὴν
2872 5132 3152 5209 καλεῖσθαι
3191 5132 3293 5225 τῆν
3329 5156 3459 5227 περὶ
3486 5155 3688 5208 τούτων

439 5246 845 5300 existimabant.
859 5244 1196 5316 Pythagorici
1213 5260 1394 5300 autem
1413 5246 1740 5318 imposuisse
1753 5247 2009 5301 dicuntur

439 5334 545 5391 hoc
556 5352 750 5389 nomen
764 5338 978 5405 proprie
990 5335 1089 5389 soli
1104 5337 1408 5406 geometriae
1417 5345 1469 5392 et
1479 5336 1850 5391 arithmeticae.
1863 5335 2010 5389 Anti~

437 5426 798 5497 quitusenim,
817 5429 1107 5497 separatim
1124 5443 1319 5498 cuique
1330 5441 1492 5483 suum
1513 5440 1708 5481 nomen
1726 5428 2003 5497 proprium

436 5528 583 5584 erat;
613 5532 899 5573 commune
925 5532 1102 5575 autem
1129 5535 1326 5575 nomen
1350 5519 1558 5573 nullum
1577 5525 1695 5571 erat
1720 5516 2002 5572 ambabus.

438 5611 588 5680 Quas
601 5612 817 5682 quidem
835 5613 915 5667 sic
930 5614 1325 5667 mathematica:
1340 5611 1561 5666 nomine
1577 5609 1790 5664 vocavit
1807 5608 2006 5679 Archy-

437 5712 541 5769 tas,
572 5702 716 5772 quod
744 5703 1022 5758 scientiam
1061 5704 1344 5759 hominum
1379 5700 1560 5771 captui
1598 5699 2003 5755 accommodam

439 5795 492 5849 in
520 5796 622 5850 illis
660 5795 999 5864 inveniebat;
1027 5811 1152 5851 nam
1187 5796 1333 5852 circa
1359 5803 1585 5857 teterna,
1618 5792 2001 5860 immutabilia,

2116 5248 2347 5317 Θεωρίαν
2395 5248 2791 5319 ὑπελάμϐανον.
2852 5248 3051 5317 Θέσθαι.
3094 5248 3151 5301 δὲ
3202 5247 3450 5316 λέγονται
3496 5248 3559 5301 τὸ
3590 5248 3686 5316 τῆς

2116 5342 2500 5413 μαθηματικῆς
2531 5342 2699 5411 ὄνομα
2724 5341 3007 5413 ίδιαίτερον
3024 5342 3115 5394 ἐπὶ
3150 5341 3315 5411 μόνης
3344 5341 3684 5412 γεωμετρίας

2114 5434 2207 5487 καὶ
2236 5432 2601 5505 ἀριθμητικῆς
2624 5435 2672 5485 οἱ
2702 5433 2809 5486 ἀπὸ
2841 5431 2934 5485 τοῦ
2965 5433 3300 5505 Πυθαγόρου.
3332 5434 3405 5486 Th
3442 5434 3550 5506 γὰρ
3582 5435 3681 5488 πά-

2109 5523 2200 5576 λαι
2232 5523 2399 5595 χωρὶς
2436 5523 2669 5593 ἑκατέρα
2689 5522 2892 5576 τούτων
2915 5523 3241 5594 ὠνομάζετο.
3278 5525 3468 5578 Κοινὺν
3488 5526 3569 5595 ςδὲ
3595 5527 3683 5581 οὐν

2111 5614 2200 5667 δὲν
2228 5611 2296 5685 ἦν
2322 5616 2529 5698 ⁸ἀμφοῖν
2553 5615 2740 5683 ὄνομα.
2783 5612 3033 5667 Ἐκᾶλεσε
3054 5614 3109 5669 δὲ
3138 5615 3457 5687 (Ἀρχύτας)
3484 5615 3677 5679 οὕτως,

2109 5704 2190 5756 ὅτι
2237 5706 2296 5759 τὸ
2338 5703 2754 5774 ἐπιστημονικὸν
2795 5705 2888 5757 καί
2929 5705 3065 5778 πρὸς
3101 5705 3334 5777 μάθησιν
3361 5707 3678 5778 ἐπιτηδείως

2109 5795 2230 5863 ἕχον
2274 5795 2538 5863 εὑρίσκει-ιν
2568 5797 2626 5844 ἆυ
2657 5794 2846 5858 αὐταῖς
2864 5833 2880 5862 ,
2921 5796 3181 5866 περὶγὰρ
3213 5795 3356 5849 ἀΐδια
3394 5798 3488 5852 καὶ
3516 5795 3676 5869 ἄτρε-
