4034 6372
266 315 362 371 233

1212 306 1633 393 FRAGMENTA
1675 306 1768 361 EX
1808 306 2037 362 LlBRIS
2070 306 2516 365 ARITHMEI‘lC.

3378 316 3484 375 εει

286 455 381 491 πτα
423 433 517 489 καὶ
556 429 819 505 εἰλικρινῆ
851 432 976 485 ὄντα
1020 430 1490 504 ἀναστρεφομένας
1534 430 1740 502 ἐώρων,
1773 431 1829 482 ὲν

1935 444 2177 499 puraque
2204 445 2297 486 eas
2332 430 2560 497 versari,
2587 431 2840 489 videbant
2864 432 3229 506 PythagOrici,
3271 438 3323 492 in
3366 441 3487 509 qui-

285 523 357 591 οἷς
385 526 510 596 μόνα
538 525 844 596 ἐπιστήμην
878 524 1143 596 ἐνόμιζον.
1185 526 1246 577 Οἱ
1281 524 1336 577 δὲ
1374 521 1622 594 νεώτεροι
1669 540 1825 595 περι-

287 619 514 671 ἐσπασαν
551 616 642 669 ἐπὶ
670 615 853 669 πλεῖον
880 617 976 687 τὴν
1011 615 1400 687 προσηγορίαν,
1423 616 1485 668 οὐ
1517 615 1675 685 μόνον
1697 616 1826 688 περὶ

286 713 373 782 τὴν
412 707 693 779 ἀσώματον
735 708 829 762 καὶ
869 710 1064 780 νοητὴν
1108 707 1239 779 ὓλην
1271 706 1541 771 ἀξιοῦντες
1568 724 1827 778 πραγμα-

285 800 512 856 τεύεσθαι
546 800 636 853 τὸν
675 798 1078 870 μαθηματικὸν,
1114 799 1247 853 ἀλλὰ
1281 800 1371 853 καὶ
1405 801 1534 872 περὶ
1565 801 1660 872 τὴν
1692 804 1827 870 ὲφα-

286 893 540 963 πτομένην
567 891 666 962 τῆς
694 893 1008 963 σωματικῆς
1039 894 1133 946 καὶ
1163 892 1426 963 αἰσθητῆς
1450 893 1656 958 οὐσίας.
1687 894 1830 948 Θεω-

285 985 491 1056 ρητικὸς
510 982 617 1055 γάρ
648 983 849 1051 ὀφείλει
882 981 1036 1047 εἷναι,
1069 984 1160 1037 καὶ
1186 987 1354 1055 φορᾶς
1379 985 1589 1057 ἄστρων
1621 988 1714 1040 καὶ
1738 988 1831 1040 τά·

282 1093 398 1147 χους
424 1075 600 1128 αὐτῶν
637 1074 884 1145 μεγέθων
926 1092 984 1128 τε
1018 1076 1113 1130 καὶ
1140 1078 1432 1148 σχημάτων
1470 1080 1564 1134 καὶ
1595 1081 1832 1152 ἀποστη-

285 1167 474 1238 μάτων.
514 1166 633 1220 Ἔτι
682 1167 739 1220 δὲ
783 1169 1165 1234 ὲπισκεπτικὸς
1211 1171 1317 1225 τῶν
1363 1172 1504 1226 κατά
1542 1173 1641 1238 τὰς
1682 1173 1831 1242 ὄψεις

282 1258 456 1312 παθῶν
480 1298 495 1319 .
530 1258 765 1329 ἐρευνῶν
789 1260 887 1325 τὰς
914 1262 1089 1326 αἰτίας
1121 1264 1187 1316 δι’
1215 1264 1281 1328 ἃς
1312 1267 1405 1318 καὶ
1429 1266 1526 1337 οὐχ
1549 1268 1708 1323 ὁποῖα
1739 1271 1832 1324 καὶ

280 1351 473 1421 πηλίκα
519 1350 589 1404 τὰ
635 1352 968 1423 ὑποκείμενα
1018 1354 1241 1410 τοιαῦτα
1281 1357 1373 1411 καὶ
1419 1358 1716 1430 τηλικαῦτα
1768 1364 1832 1416 ἐκ

278 1440 466 1505 παντὸς
504 1441 865 1514 διαστήματος
912 1445 1215 1516 θεωρεῖται,
1259 1448 1525 1518 τηροῦντα
1569 1452 1665 1521 μὲν
1708 1453 1831 1516 τοὺς

279 1535 404 1604 πρὸς
432 1533 637 1604 ἄλληλα
678 1535 901 1604 λόγους,
935 1536 1145 1607 ψευδεῖς
1184 1537 1239 1592 δὲ
1274 1540 1568 1609 φαντασίας
1601 1542 1692 1596 καὶ
1733 1544 1832 1615 τῆς

277 1623 467 1688 τάξεως
492 1625 591 1678 καὶ
633 1626 732 1696 τῆς
770 1626 970 1692 θέσεως
993 1628 1339 1700 ἐμποιοῦντα.
1390 1631 1555 1688 Τοῦτο
1586 1635 1682 1705 μὲν
1712 1639 1831 1715 κατ-ξ

275 1714 488 1783 οὐρανὸν
537 1714 630 1768 καὶ
660 1715 815 1787 ἀέρα,
849 1716 1005 1771 τοῦτο
1033 1718 1091 1771 δὲ
1127 1720 1184 1773 ἐν
1209 1720 1534 1793 κατόπτροις
1569 1723 1663 1777 καὶ
1699 1714 1831 1779 πᾶσι

1929 521 2032 577 bus
2055 523 2394 578 solummodo
2439 524 2738 581 consistere
2789 527 3070 582 scientiam
3102 530 3487 599 epinabantur.

1929 615 2276 673 Recentiores
2313 632 2444 671 vero
2476 617 2782 687 philosophi
2831 619 2934 673 hoc
2972 634 3169 674 nomen
3210 625 3492 682 extensius

1928 707 2241 775 dilatavere,
2271 708 2346 762 ita
2370 717 2428 762 ut
2453 725 2561 763 nou
2597 719 2801 765 tantum
2850 711 2995 765 circa
3034 711 3407 783 incorpoream
3436 726 3491 769 et

1929 798 2259 867 spiritualem
2298 800 2655 854 substantiam
2686 801 2891 855 versari
2927 804 3366 859 mathematicum
3389 821 3491 860 vo-

1929 889 2147 953 luerint,
2210 890 2302 945 scd
2336 891 2497 944 etiam
2541 891 2684 946 circa
2732 893 3088 947 substantiam
3124 910 3397 965 corporeae
3436 907 3491 951 et

1931 981 2173 1036 sensibili
2199 983 2434 1036 materiae
2454 983 2776 1052 proximam.
2803 984 2969 1038 Debet
2991 985 3136 1039 enim
3161 989 3492 1043 nossetheo—

1932 1071 2066 1125 riam
2122 1071 2358 1126 siderum
2403 1086 2617 1137 cursus,
2669 1073 3005 1140 velocitatis,
3054 1077 3491 1144 magnitudinum

1931 1162 2228 1216 formarum
2257 1177 2322 1217 ac
2346 1163 2756 1227 distantiarum;
2785 1164 2943 1219 debet
2983 1166 3144 1219 etiam
3179 1167 3494 1222 examinare

1930 1256 2202 1325 quomodo
2241 1255 2427 1310 oculos
2478 1254 2710 1310 alliciant
2762 1264 2928 1318 astra,
2982 1257 3354 1328 investigando
3392 1274 3494 1314 cur

1930 1364 2053 1403 cum
2074 1347 2275 1417 qualia,
2309 1355 2401 1401 aut
2429 1356 2633 1416 quanta
2679 1347 2788 1400 sint
2819 1347 2996 1402 sidera
3029 1348 3336 1413 observata,
3381 1365 3491 1405 non

1932 1442 2054 1495 talia
2114 1450 2368 1508 tantaque
2407 1453 2472 1493 ex
2532 1438 2678 1492 omni
2742 1439 2998 1493 distantia
3052 1440 3490 1510 conspiciantur,

1931 1548 2055 1588 cum
2091 1532 2207 1587 haec
2246 1540 2391 1587 astra
2440 1530 2656 1600 quidem
2688 1541 2903 1586 servent
2949 1542 3167 1588 mutuas
3216 1534 3491 1600 rationes,

1931 1624 2025 1679 sed
2062 1625 2347 1678 mendaces
2380 1631 2631 1692 aspectus
2651 1622 2763 1676 sive
2800 1624 3029 1688 ordinis,
3073 1624 3186 1679 sive
3231 1624 3494 1693 positurae

1930 1713 2182 1769 eliiciant.
2210 1714 2473 1783 Aspectus
2498 1712 2634 1767 tales
2655 1713 2912 1779 siderum,
2936 1714 3097 1769 modo
3121 1715 3241 1769 θεειί
3267 1723 3322 1769 et
3350 1714 3496 1771 aeris

274 1809 376 1871 τοῖς
407 1806 588 1871 λείοις,
633 1808 735 1861 κάν
775 1811 884 1874 τοῖς
907 1809 1183 1879 διαφανέσι
1203 1812 1260 1865 δὲ
1292 1812 1398 1866 τῶν
1420 1816 1710 1887 ὁρωμένων
1737 1819 1832 1872 καὶ

1935 1815 2106 1863 status
2141 1806 2492 1873 determinat,
2535 1807 2698 1862 modo
2738 1809 2976 1878 specula,
3023 1816 3119 1862 aut
3169 1809 3348 1863 omnis
3398 1824 3496 1864 su-

274 1901 692 1971 τοιουτοτρόποις
722 1899 962 1972 σώμασι.
1003 1903 1147 1975 Πρὸς
1177 1904 1384 1971 τούτοις
1419 1908 1715 1980 μηχανικὸν
1756 1905 1832 1963 εἷ-

275 2006 353 2042 ναι
374 1989 461 2042 τὸν
490 1989 668 2063 ἄνδρα
693 1992 803 2045 δεῖν
836 1991 1002 2062 ᾤοντο
1034 1997 1128 2050 καὶ
1158 1997 1423 2069 γεωδέτην
1461 2000 1554 2053 καὶ
1595 2000 1826 2071 λογικόν.

277 2080 386 2133 Ἔτι
425 2080 482 2134 δὲ
516 2082 614 2135 καὶ
656 2084 784 2154 περί¹
816 2085 914 2149 τὰς
945 2087 1123 2151 αἰτίας
1154 2091 1254 2161 τῆς
1292 2091 1560 2160 ἐμμελοῦς
1591 2095 1839 2166 κράσεως

274 2169 370 2223 τῶν
401 2171 657 2241 φθόγγων
679 2175 895 2246 καὶτῆς
918 2179 1045 2251 περὶ
1067 2181 1225 2251 μέλος
1258 2184 1556 2251 συνθέσεως
1584 2188 1839 2260 ἀσχολού-

276 2277 444 2329 μενον,
478 2262 627 2335 ἆπερ
659 2263 888 2336 σώματά
911 2269 1077 2333 ἐστιν,
1105 2270 1137 2342 ἢ
1159 2273 1258 2344 τήν
1283 2289 1346 2342 γε
1372 2276 1603 2348 ἐσχάτην
1635 2280 1833 2349 ἀναφο-

277 2355 365 2424 ρὰν
392 2356 484 2409 ἐπὶ
519 2357 621 2429 τὴν
651 2360 914 2433 αἰσθητὴν
946 2361 1078 2433 ὓλην
1108 2370 1351 2422 ποιεῖται.

335 2509 398 2564 Τί
419 2512 542 2566 ἐστι
578 2513 928 2588 μαθηματική

332 2603 711 2678 Μαθηματική
741 2609 886 2665 ἐστιν
919 2612 1192 2693 ἐπιστήμη
1224 2616 1525 2692 θεωρητικὴ
1554 2620 1630 2694 τῷ
1659 2624 1838 2697 νοήσει

271 2709 326 2746 τε
380 2696 471 2748 καὶ
522 2697 775 2771 αἰσθήσει
828 2703 1361 2779 καταλαμϐανομένῳ
1414 2711 1550 2783 πρὸς
1600 2713 1697 2785 τὴν
1731 2696 1839 2769 τῶν

272 2788 682 2844 ὑποπιπτόντων
704 2791 868 2848 δόσιν.
899 2797 1034 2867 Ἤδη
1058 2796 1114 2850 δὲ
1130 2800 1593 2872 χαριεντιζόμενός
1625 2821 1708 2868 τις
1724 2805 1839 2876 ἅμα

272 2881 358 2983 κριὶ
374 2881 467 2935 τοῦ
516 2883 724 2938 σκοποῦ
761 2888 1041 2959 τυγχάνων
1084 2891 1469 2966 μαθηματικὴν
1501 2895 1603 2966 ἔφη
1638 2899 1839 2973 ταύτην

271 2985 421 3036 εἰναι,

368 3109 414 3160 τ’
455 3108 638 3191 (μίγη
665 3109 790 3191 get:
806 3111 1005 3191 πρῷτα
1034 3099 1408 3191 κορύρνοίεται·
1433 3121 1620 3191 αὐτὰρ
1639 3125 1840 3181 ἔπειτα

273 3179 510 3251 Οὐρανῷ
537 3179 820 3249 ἐστήριξε
847 3181 998 3250 κάρα
1033 3179 1131 3238 καὶ
1166 3186 1264 3240 ἐπὶ
1293 3192 1461 3257 χθονὶ
1481 3179 1700 3257 βαίνει.

797 3270 934 3327 Ιιοιι.
966 3273 1136 3331 Iliad.
1166 3292 1238 3343 tv,
1271 3280 1376 3334 442
1403 3291 1456 3337 et
1482 3284 1608 3339 445.

273 3423 528 3493 ’Δρχεται
582 3425 686 3493 μὲν
722 3427 830 3496 γὰρ
870 3424 979 3478 ἀπὸ
1010 3426 1237 3497 σημείου
1273 3430 1367 3483 καὶ
1397 3432 1692 3505 γραμμῆς,
1727 3430 1844 3490 εἶτα

267 3511 321 3567 δὲ
369 3516 469 3586 τὴν
519 3514 757 3587 οὐρανοῦ
814 3516 908 3569 καὶ
967 3519 1296 3588 συμπάντων
1341 3521 1655 3601 ἀσχολεῖται.
1708 3544 1846 3598 πρα-

268 3609 505 3679 γμάτων.

336 3702 482 3755 Πόσα
514 3700 658 3773 μέρη
707 3699 1128 3773 μαθηματικῆς;

332 3796 442 3866 Τῆς
481 3795 588 3865 μὲν
638 3793 969 3865 τιμιωτέρας
1026 3795 1120 3848 καὶ¹
1163 3795 1384 3868 πρώτης
1424 3797 1848 3874 ὀλοσχερέστερα

270 3887 403 3959 μέρη
436 3887 544 3942 δύο
582 3885 916 3958 ἀριθμητικὴ
957 3887 1052 3940 καὶ
1083 3889 1410 3960 γεωμετρία.
1463 3890 1577 3962 Τῆς
1622 3892 1679 3946 δὲ
1708 3898 1853 3966 *περὶ

266 3981 328 4033 τὰ
355 3977 599 4049 αἰσθητά
629 3977 1027 4049 ἀσχολουμένης
1049 3977 1191 4050 ἒξσῆ
1222 3979 1529 4054 λογιστικὴ,
1563 3963 1849 4071 γεωᾷσία⁹

263 4071 478 4144 ὀπτικὴ,
520 4069 816 4140 κανονικὴ,
855 4070 1161 4142 μηχανικὴ,
1207 4072 1595 4145 ἀστρονομική.
1641 4077 1759 4130 Ὅτι
1784 4069 1871 4130 δὲ

263 4166 320 4217 τὸ
342 4163 607 4219 τακτικὸν
632 4162 963 4234 καλούμενον
984 4161 1108 4217 οὔτε
1136 4164 1196 4217 τὸ
1228 4166 1686 4236 ἁρχιτοεκτονικὸν,
1719 4167 1845 4222 οὔτε

263 4256 321 4309 τὸ
344 4255 603 4328 δημῶὂες
632 4253 960 4330 μουσικὸν.ἦ
994 4254 1053 4308 τὸ
1078 4255 1204 4325 περὶ
1232 4256 1329 4320 τάς
1362 4257 1570 4326 φύσεις,
1594 4259 1708 4312 ἀλλ’
1731 4262 1850 4315 οὐδὲ

264 4348 321 4401 τὸ
339 4347 655 4420 ὁμωνύμως
677 4346 1003 4418 καλούμενον
1031 4349 1348 4419 μηχανικὸν,
1369 4349 1442 4413 ὡς
1461 4350 1659 4404 οἷονταί
1684 4370 1847 4417 τινες,

268 4439 406 4512 μέρη
444 4438 841 4510 μαθηματικῆς
884 4439 1011 4503 εἰσι,
1053 4438 1331 4510 προίόντος
1353 4440 1445 4494 τοῦ
1476 4441 1635 4510 λόγου
1664 4444 1850 4513 σαφῶς

264 4546 321 4584 τε
347 4532 444 4586 καὶ
473 4529 797 4602 ἐμμεθόδως
824 4529 1087 4601 δείξομεν.

334 4757 458 4810 Ὀτι
490 4756 523 4809 ὁ
558 4753 754 4819 κύκλος
779 4753 890 4826 ἔχει
921 4756 1145 4827 περεάς
1174 4757 1270 4827 μὲν
1295 4763 1366 4828 η’,
1407 4755 1636 4812 ἐπίπεδα
1667 4758 1724 4812 δὲ
1755 4758 1835 4835 ἒξ,

266 4848 466 4915 γωνίας
496 4846 559 4899 δὲ
590 4845 636 4899 δ’
648 4885 661 4898 .

334 4939 473 4992 Τίνα
507 4936 622 4990 τίσι
648 4925 995 5009 προσεγγίξέι
1018 4937 1127 4992 τῶν
1163 4939 1529 5012 μαθημάτων;

330 5025 657 5095 Συνεγγίζει
689 5027 886 5097 μᾶλλον
910 5030 975 5099 τῇ
1011 5029 1109 5099 μὲν
1141 5023 1463 5103 ἀριθμετικῇ
1489 5035 1523 5104 ἡ
1557 5031 1843 5107 λογιστική

268 5119 358 5171 καὶ
386 5121 420 5191 ἡ
452 5121 738 5192 κανονική·
770 5121 864 5174 καὶ
895 5122 1002 5193 γὰρ
1034 5121 1170 5193 αὕτη
1203 5124 1259 5175 ἐν
1293 5126 1551 5197 ποσότητι
1598 5127 1842 5182 λαϐοῦσα

266 5211 408 5265 κατά
429 5212 627 5281 λόγους
649 5253 664 5277 ,
714 5212 978 5283 ἀριθμοὺς
1008 5214 1096 5267 καὶ
1138 5214 1422 5284 ἀναλογίας
1468 5218 1734 5290 πρόσεισι.
1762 5220 1839 5291 Τῇ

267 5302 321 5356 δὲ
351 5305 672 5377 γεωμετρίᾳ
705 5306 739 5377 ὴ
765 5307 1081 5377 ὀπτικὴκαὶ
1103 5310 1134 5380 ἡ
1158 5311 1436 5378 γεωδεσία.
1484 5311 1843 5383 Ἀμφοτέραις

263 5390 319 5444 δὲ
352 5396 449 5447 καὶ
473 5394 571 5448 ἐπὶ
596 5394 756 5449 πλέον
781 5398 812 5467 ή
846 5397 1115 5471 μηχανική
1141 5401 1231 5453 καί
1260 5403 1292 5472 ή
1332 5399 1711 5472 ἀστρολογικὴ.

337 5486 462 5538 ’Ότι
485 5488 521 5556 ἡ
554 5486 906 5559 μαθηματικὴ
928 5489 1025 5552 τάς
1054 5490 1226 5562 ἀρχὰς
1263 5493 1358 5564 μὲν
1393 5492 1504 5564 ἔχει
1547 5492 1605 5559 ἐξ
1648 5492 1842 5546 ὑπόοε-

269 5593 404 5640 σεως
430 5578 531 5632 καὶ
562 5579 691 5647 περὶ
722 5578 992 5634 ὑπόθεσιν.
1015 5582 1242 5651 Λέγεται
1268 5584 1323 5637 δὲ
1353 5585 1603 5647 ὑπόθεσις
1636 5573 1838 5656 τριχῶς

645 5713 918 5777 Ρλτιιοι..
972 5714 1087 5777 Gn.
1136 5720 1188 5778 Χ
1203 5764 1216 5779 .

1935 1898 2180 1968 perﬁcies
2198 1899 2385 1968 polita,
2410 1899 2492 1953 vel
2517 1900 2925 1965 translucentia,
2942 1900 3027 1954 vel
3051 1900 3153 1953 alia
3184 1900 3495 1969 huiusmodi

1937 2003 2161 2059 corpora
2189 1988 2544 2046 constituunt.
2575 1990 2943 2047 Machinarum
2973 1992 3197 2061 insuper
3222 1992 3496 2045 hominem

1936 2082 2165 2150 peritum
2195 2095 2316 2136 esse
2341 2081 2595 2136 volebant
2635 2096 2736 2137 nec
2779 2097 2887 2136 non
2928 2091 3256 2151 geometram
3287 2096 3353 2136 ac
3376 2080 3496 2135 dia-

1936 2171 2217 2236 lecticum;
2245 2171 2376 2240 quin
2407 2172 2571 2225 etiam
2611 2172 2946 2244 symphonia:
2977 2187 3194 2238 vocum,
3236 2187 3301 2228 ac
3344 2187 3496 2227 com-

1935 2262 2223 2333 positionis
2271 2261 2508 2317 musices
2551 2264 2733 2318 causis
2779 2278 2999 2333 operam
3043 2264 3354 2334 impendere
3404 2263 3499 2318 dc-

1937 2354 2063 2422 bct;
2108 2362 2229 2423 qua:
2265 2355 2482 2425 quidem
2523 2356 2706 2410 omnia
2750 2369 2977 2425 corpora
3019 2367 3168 2420 sunt,
3218 2356 3304 2411 vel
3346 2372 3499 2410 sun»

1940 2461 2085 2501 mam
2115 2445 2331 2516 quidem
2360 2462 2483 2502 cum
2510 2447 2752 2502 sensibili
2783 2448 3009 2503 materia
3051 2446 3364 2502 relationem
3395 2448 3497 2501 ha-

1941 2541 2089 2595 bent.
3018 2544 3023 2549 ’

2010 2629 2151 2697 Quid
2173 2630 2245 2687 sit
2278 2624 2735 2686 mathemathica?

2010 2721 2387 2777 Mathematica
2407 2731 2488 2778 est
2516 2723 2737 2777 scientia
2761 2722 2996 2779 theorica
3011 2738 3191 2779 rerum
3208 2739 3330 2794 quae
3344 2723 3502 2779 intel-

1941 2813 2173 2885 ligentiae
2186 2821 2240 2868 et
2254 2827 2509 2868 sensuum
2527 2821 2686 2882 captu
2706 2806 3291 2878 percipiuntur,earum
3304 2824 3362 2870 ut
3380 2816 3502 2871 aliis

1943 2904 2133 2960 notitia
2163 2905 2425 2959 tradatur.
2462 2902 2691 2958 Facetus
2721 2904 2971 2973 quidam,
3002 2920 3258 2960 successu
3302 2907 3501 2973 elatus,

1946 2994 2385 3050 mathematicam
2418 2993 2550 3048 dicit
2576 3008 2698 3048 esse
2727 2993 2867 3048 hanc
2892 2993 3173 3048 scientiam
3196 3033 3213 3061 ,
3241 3010 3365 3064 quae

2016 3125 2192 3181 Parva
2228 3135 2366 3180 metu
2391 3126 2580 3194 primo,
2612 3128 2733 3180 mox
2759 3142 2867 3180 sese
2896 3124 3087 3179 attollit
3118 3127 3175 3179 in
3197 3143 3358 3181 auras
3381 3169 3398 3194 ,

1868 3221 1911 3279 ρ
2017 3197 2416 3269 Ingrediturque
2440 3195 2573 3262 solo,
2604 3207 2652 3249 et
2685 3205 2841 3266 caput
2866 3197 3005 3249 inter
3025 3196 3206 3249 nubila
3230 3198 3430 3251 condit.

2566 3286 2743 3358 (VIRG.
2781 3286 2997 3343 Eneid.
3025 3303 3098 3354 Iv,
3131 3290 3254 3356 176,
3287 3289 3432 3361 177).

2012 3447 2207 3517 Incipit
2227 3449 2371 3502 enim
2395 3461 2425 3500 a
2447 3455 2647 3516 puncto
2667 3455 2723 3502 et
2744 3414 2906 3515 linea,
2935 3463 3063 3504 mox
3096 3448 3296 3506 caelum
3326 3451 3506 3521 ipsum

1945 3555 2008 3594 ac
2033 3540 2215 3595 omnia
2250 3539 2613 3611 amplectitur.

2015 3727 2157 3794 Quot
2184 3729 2574 3785 mathematicae
2605 3731 2824 3802 partes?

2017 3816 2308 3874 Nobilioris
2333 3820 2551 3889 quidem
2582 3831 2634 3877 et
2656 3824 3282 3892 prioris‘t'uathematicaa
3328 3837 3510 3897 partes

1951 3914 2232 3983 przecipua:
2248 3914 2365 3968 dute
2379 3923 2535 3971 sunt:
2560 3915 2891 3973 arithmetica
2914 3921 3119 3976 scilicet
3133 3922 3508 3991 etgeometria.

1949 4000 2338 4057 Mathematicus
2351 4017 2480 4058 vero
2494 4018 2614 4072 quae
2630 4006 2904 4061 sensibilia
2919 4009 3262 4078 amplectitur
3277 4026 3371 4064 sex
3389 4010 3512 4079 par-

1952 4102 2033 4147 tes
2073 4092 2299 4157 adsunt,
2336 4091 2541 4148 scilicet
2583 4097 2950 4164 computatio,
2992 4099 3274 4168 geodesia,
3311 4103 3509 4169 optica,

1950 4185 2179 4249 musica,
2207 4185 2540 4248 mechanica,
2560 4188 2928 4253 astronomia;
2959 4190 3104 4259 quod
3140 4202 3318 4246 autem
3336 4209 3512 4262 neque

1951 4273 2169 4339 tactica,
2200 4289 2373 4344 neque
2404 4274 2785 4342 architectura,
2816 4292 2991 4347 neque
3016 4280 3251 4350 vulgaris
3281 4283 3513 4349 musita,

1954 4378 2125 4433 neque
2149 4363 2388 4435 physica,
2419 4378 2594 4433 neque
2618 4365 2781 4420 etiam
2810 4382 2901 4423 ars
2924 4369 3017 4424 illa
3038 4385 3159 4440 quae
3189 4378 3513 4443 homonyme

1953 4464 2176 4510 vocatur
2219 4453 2564 4518 mechanica,
2616 4458 3010 4515 mathematica:
3051 4460 3161 4516 sint
3205 4471 3416 4531 partes,
3457 4471 3512 4518 ut

1879 4556 1922 4612 ι)
1951 4548 2169 4617 quidam
2207 4544 2468 4613 credunt,
2516 4547 2657 4603 infra
2697 4551 2968 4607 sermonis
3008 4551 3216 4607 lucidus
3240 4554 3383 4609 ’ordo
3421 4555 3510 4611 dc-

1948 4640 2291 4695 monstrabit.
2336 4640 2339 4643 “

2015 4753 2169 4821 Quod
2197 4754 2435 4810 circulus
2465 4754 2627 4811 habet
2668 4755 2839 4811 solida
2874 4764 3016 4822 octo,
3052 4758 3367 4827 superﬁcies
3396 4775 3514 4827 sex,

1945 4848 2171 4917 angulos
2192 4856 2540 4917 quatuor.....

2019 4936 2153 5003 Quae
2177 4937 2375 5006 quibus
2400 4937 2795 4992 mathematicae
2816 4938 3058 5006 partibus
3083 4938 3379 5008 proxima?

2022 5029 2390 5084 Arithmeticaa
2429 5030 2708 5099 propiores
2756 5037 2885 5085 sunt
2932 5032 3264 5098 computatio
3306 5041 3361 5085 et
3398 5048 3509 5085 mu.

1951 5121 2101 5189 sica;
2134 5123 2249 5176 haec
2278 5121 2423 5175 enim
2459 5122 2778 5190 quantitatis
2798 5121 3070 5190 particeps
3092 5123 3390 5176 secundum
3427 5140 3499 5179 ra-

1953 5215 2148 5278 tiones,
2169 5229 2424 5269 numeros
2445 5226 2498 5269 et
2517 5214 2820 5283 analogiam
2841 5215 2915 5267 illi
2938 5216 3352 5286 appropinquat.
3370 5216 3502 5273 Geo.

1952 5308 2160 5362 metriae
2191 5322 2319 5362 vero
2346 5306 2634 5362 viciniores
2651 5305 2832 5375 ‘optica
2862 5316 2915 5359 et
2937 5306 3209 5373 geodesia.
3235 5307 3514 5367 Ambabus

1950 5410 2131 5455 autem
2168 5400 2428 5470 proxima:
2464 5397 2777 5453 mechanica
2810 5404 2863 5450 et
2897 5396 3212 5465 astrologia.

2020 5490 2175 5558 Quod
2215 5490 2597 5545 mathematica
2628 5486 2893 5555 principia
2927 5485 3085 5538 habet
3117 5490 3186 5541 ab
3228 5489 3509 5558 hypothesi

1951 5591 2003 5639 et
2038 5583 2182 5639 circa
2219 5581 2564 5654 hypothesiu.
2593 5578 2798 5634 Dicitur
2822 5578 3135 5649 hypothesis
3165 5581 3394 5650 triplex,
3428 5584 3509 5637 vel

3186 5717 3226 5778 8
