4034 6374
485 293 591 347 2Ξ5

1551 288 2055 344 THEOGNOSTUS
2088 279 2670 347 ALEXANDRINUSf

3610 293 3717 348 2255

487 415 648 467 etiam
711 414 1010 482 multiplex.
1069 411 1227 466 Juxta
1292 413 1525 480 primum
1590 411 1810 464 modum
1880 413 2041 480 hypo-

2153 412 2185 481 ἡ
2220 413 2311 465 καὶ
2346 414 2644 484 πολλαχῶς.
2692 414 2828 468 Καθ’
2865 413 2959 467 ενα
2989 413 3086 484 μὲν
3112 413 3312 486 τρόπον
3343 413 3376 484 ἢ
3412 413 3718 486 δραματικὴ

488 509 710 560 theseon
763 505 1058 558 dramatica
1113 505 1369 573 pcripetia
1432 513 1513 557 est
1565 521 1575 554 :
1624 504 1704 558 sic
1773 501 2046 571 Euripidis

488 597 765 666 tragmdize
826 597 1150 666 hypotheses
1209 610 1330 650 esse
1391 595 1664 648 dicuntur.
1729 593 1886 647 Juxta
1961 610 2046 649 se-

486 689 716 741 cundam
763 687 1209 755 signiﬁcationem
1258 687 1312 739 in
1361 685 1627 738 rhetorica
1654 687 1916 754 reperitur
1961 702 2046 740 re-

486 797 606 835 rum
642 781 692 833 in
718 781 894 848 specie
923 779 1251 847 disquisitio,
1287 778 1580 832 secundum
1605 793 1766 847 quam
1791 780 2046 848 sophistae

485 874 672 927 dicunt
715 873 1014 942 ponendam
1054 886 1174 924 esse
1225 871 1570 940 hypothesin.
1623 870 1782 922 Juxta
1831 871 2042 923 tertiam

486 963 930 1033 signiﬁcationem
980 962 1290 1031 hypothesis
1339 961 1541 1014 dicitur
1583 961 1905 1029 principium
1955 961 2046 1015 de-

486 1055 915 1113 monsuationis,
935 1054 1122 1122 petitio
1141 1069 1318 1107 rerum
1344 1054 1395 1107 in
1425 1055 1796 1125 probationem
1820 1053 2048 1120 alicujus

483 1145 807 1213 argumenti.
855 1143 982 1206 Sic,
1031 1153 1090 1196 ut
1134 1143 1447 1211 perhibent,
1499 1144 1835 1198 Democritus
1883 1145 2049 1213 hypo‘

485 1235 620 1288 thesi
652 1251 784 1290 usus
806 1245 907 1297 est,
932 1238 1129 1290 atomis
1156 1236 1359 1290 scilicet
1383 1243 1435 1288 ct
1467 1250 1670 1297 vacuo;
1706 1234 2046 1303 Asclepiades

482 1327 705 1381 materia
737 1337 789 1381 et
819 1328 1000 1396 poris;
1049 1325 1427 1381 mathematica
1462 1341 1591 1396 ergo
1629 1325 1784 1394 juxta
1829 1325 2042 1380 tertium

480 1433 699 1472 sensum
730 1419 1097 1488 hypotheseon
1129 1418 1413 1488 accipitur.

551 1511 704 1576 Quod
744 1511 1138 1565 arithmeticam
1168 1528 1276 1565 non
1320 1513 1467 1566 solus
1502 1511 1669 1566 coluit
1697 1510 2044 1581 Pythagoras,

481 1599 572 1651 sed
606 1599 768 1650 etiam
801 1598 1140 1652 celeberrimi
1168 1599 1287 1668 ejus
1316 1600 1589 1670 discipuli,
1619 1601 1710 1669 qui
1746 1599 1922 1656 dicere
1953 1616 2044 1655 so-

480 1692 664 1755 lebant
692 1710 706 1745 :

587 1782 780 1834 Omnia
815 1785 1120 1836 conveniunt
1155 1797 1459 1834 numero....

548 1869 703 1936 Quod
726 1872 886 1926 ﬁnem
913 1873 1129 1941 quidem
1156 1874 1318 1928 habet
1341 1873 1646 1941 proximum
1676 1874 2041 1944 principaliter

478 1962 820 2043 arithmetica
855 1965 1203 2019 scientiarum
1238 1965 1528 2027 theoriam,
1563 1980 1667 2033 qua
1705 1966 1886 2020 nullus
1918 1965 2040 2020 ﬁnis

475 2055 654 2123 major
681 2065 773 2108 aut
807 2056 1083 2124 pulchrior
1106 2065 1206 2112 est.
1240 2057 1589 2125 Consequens
1615 2066 1792 2110 autem
1814 2057 1935 2112 ﬁnis
1958 2067 2041 2113 est

477 2148 728 2217 colligere
758 2148 918 2202 simul
946 2148 1206 2218 quidquid
1234 2149 1287 2202 in
1311 2148 1612 2204 substantia
1635 2149 1854 2204 deﬁnita
1893 2152 2041 2206 inre-

475 2241 641 2294 nitur.

547 2331 680 2398 Quis
703 2331 905 2400 aliquid
932 2331 1138 2385 invenit
1165 2332 1303 2386 inter
1339 2331 1784 2386 mathematicos?

547 2424 613 2478 Ut
643 2423 913 2479 Eudemus
943 2435 1147 2490 narrat,
1175 2424 1227 2479 in
1259 2425 1560 2495 Astrologia
1593 2441 1711 2488 sua,
1734 2423 2039 2494 (Enopides

473 2516 679 2570 invenit
731 2517 969 2586 primus'
999 2517 1203 2572 zodiaci
1252 2518 1538 2584 circulum,
1586 2529 1638 2574 et
1683 2520 1810 2573 anni
1858 2520 2038 2587 magni

469 2609 917 2674 conversionem;
969 2607 1165 2664 Thales
1218 2610 1349 2664 solis
1382 2610 1624 2679 eclipsim
1661 2652 1675 2676 ,
1716 2621 1769 2665 et
1817 2627 2037 2666 cursum

469 2699 588 2771 ejus
620 2701 762 2755 inter
791 2701 1048 2771 tropicos,
1077 2717 1291 2770 semper
1327 2701 1410 2757 sui
1439 2703 1788 2768 dissimilem;
1837 2701 2038 2757 Anaxi-

470 2793 698 2846 mander
727 2801 925 2847 terram
969 2807 1090 2848 esse
1130 2808 1328 2862 corpus
1375 2793 1628 2848 libratum
1681 2797 1735 2850 in
1782 2809 1937 2859 aere,
1985 2804 2040 2848 ct

472 2883 616 2936 circa
660 2883 843 2936 mundi
891 2897 1047 2937 axem
1087 2884 1322 2950 moveri;
1374 2885 1734 2939 Anaximenes
1779 2885 1960 2939 lunam
2007 2901 2037 2940 a

471 2974 587 3029 sole
625 2973 809 3028 lumen
864 2975 1152 3042 accipere,
1211 2983 1265 3029 et
1323 2975 1542 3029 modum
1595 2975 1833 3031 defectus
1885 2977 2034 3044 ejus;

474 3066 650 3119 caeteri
677 3080 806 3120 vero
834 3067 922 3121 his
961 3066 1090 3121 olim
1132 3067 1366 3130 inventis
1396 3067 1612 3122 inventa
1661 3068 1764 3122 alia
1815 3069 2034 3124 addide-

470 3172 534 3211 1⁵11
543 3166 598 3212 ηε
606 3199 618 3211 .

542 3250 695 3316 Quod
723 3250 897 3320 primo
923 3251 1100 3306 sidera
1128 3251 1233 3306 ﬁxa
1271 3261 1556 3308 moventur
1591 3253 1736 3308 circa
1763 3268 1914 3307 axem
1943 3269 2040 3324 per

471 3344 627 3412 polos
674 3352 1077 3408 transeuntem;
1123 3345 1362 3403 secundo
1395 3348 1538 3414 quod
1581 3347 1820 3401 errantia
1862 3346 2038 3401 sidera

475 3434 619 3488 circa
657 3437 1151 3504 perpendicularem
1191 3453 1345 3492 axem
1385 3438 1590 3493 zodiaci
1630 3453 1749 3492 sese
1789 3437 2035 3508 fugiunt;

474 3526 620 3593 quod
659 3526 874 3581 demum
918 3528 1145 3582 ﬁxorum
1185 3538 1238 3585 et
1274 3530 1570 3583 errantium
1609 3530 1844 3584 siderum
1884 3530 2038 3592 axis,

475 3617 894 3688 pentedecagoni
940 3619 1079 3676 latus
1121 3631 1220 3684 est,
1265 3621 1410 3692 quod
1442 3621 1600 3677 habet
1625 3621 1824 3692 gradus
1854 3621 2040 3691 viginti

474 3718 726 3776 quatuor.

2153 506 2490 573 περιπέτειαι,
2519 505 2638 558 καθ’
2665 506 2722 558 ὃν
2749 506 2992 573 λέγονται
3017 501 3154 560 εἶναι
3182 506 3462 568 ὑποθέσεις
3482 504 3586 558 τῶν
3611 506 3717 558 Εὑ-

2154 595 2360 666 ριπίδου
2405 597 2712 667 δραμάτων.
2760 597 2895 651 Καθ’
2934 598 3116 666 ἕτερον
3147 599 3203 650 δὲ
3245 596 3638 668 σημαινόμενον
3682 598 3716 666 ή

2151 689 2208 738 ὲν
2247 690 2504 758 ῥητορικῇ
2535 688 2642 740 τῶν
2672 689 2762 741 ἐπὶ
2788 689 2983 759 μέρους
3009 689 3258 759 ζήτησις,
3295 688 3414 741 καθ’
3445 688 3502 739 ὃν
3529 687 3717 754 λέγου-

2155 795 2234 830 σιν
2262 781 2310 831 οἱ
2341 780 2587 848 σοφισταὶ
2616 780 2792 833 θετέον
2819 780 3087 833 ὑπόθεσιν.
3123 779 3276 832 Κατὰ
3301 779 3355 831 δὲ
3373 779 3556 848 τρίτην
3586 779 3718 830 ὑπο-

2149 871 2308 941 ϐολήν
2338 871 2591 934 ὑπόθεσις
2626 873 2840 939 λέγεται
2875 873 2907 942 ἡ
2956 873 3217 943 ἀρχὴτῆς
3249 869 3596 932 ἀποδείξεως,
3634 871 3713 922 αι’-

2148 981 2305 1034 τησις
2337 959 2470 1016 οὖσα
2505 964 2842 1034 πραγμάτων
2877 966 2953 1024 είς
2984 965 3324 1033 κατασκευήν
3367 979 3526 1024 τινος.
3559 959 3716 1013 Οὕτω
3779 951 3784 954 ’

2152 1055 2250 1124 μὲν
2294 1055 2508 1122 λέγεται
2554 1055 2888 1126 Δημόκριτον
2930 1055 3180 1107 ὑποθέσει
3226 1054 3459 1125 χρῆσθαι
3492 1053 3713 1122 ἀτόμοις

2149 1145 2240 1196 καὶ
2278 1144 2436 1214 κενῷ,
2468 1145 2558 1197 καὶ
2613 1145 3007 1215 Ἀσκληπιάδης
3042 1145 3223 1212 ὄγκοις
3267 1146 3360 1196 καὶ
3387 1145 3590 1215 πόροις.
3649 1145 3712 1195 Ἡ

2149 1229 2241 1286 οὖν
2258 1235 2609 1305 μαθηματικὴ
2641 1235 2768 1306 περὶ
2795 1237 2891 1306 τὴν
2917 1235 3104 1305 τρίτην
3137 1235 3362 1303 εἴληται.

2223 1503 2343 1554 Ὀτι
2380 1502 2477 1572 τὴν
2503 1501 2864 1572 ἀριθμητικὴν
2896 1502 2954 1554 οὐ
2987 1502 3143 1571 μόνος
3166 1502 3333 1572 ,ἐτίμα
3373 1502 3710 1574 Πυθαγόρας,

2151 1592 2285 1646 ἀλλὰ
2313 1593 2404 1646 καὶ
2431 1595 2478 1645 οἱ
2511 1594 2696 1645 τούτου
2729 1593 2991 1663 γνώριμοι
3024 1594 3379 1658 ἐπιλέγοντες⁹

2357 1682 2587 1753 ,ἀριθμῶ
2611 1683 2678 1736 δὲ
2706 1701 2766 1737 τε
2797 1687 2964 1738 παν-τ’
3002 1685 3292 1737 ἐπέοικεν.

2219 1885 2337 1938 Ὀτι
2362 1883 2511 1946 τέλος
2549 1885 2646 1953 μὲν
2679 1884 2790 1952 ἔχει
2825 1883 3109 1936 ἀκόλουθον
3151 1883 3480 1954 ἀριθμητικὴ
3513 1883 3716 1961 κυρίως

2153 1978 2271 2048 μὲν,
2304 1977 2401 2046 τὴν
2433 1977 2860 2046 ὲπιστημονικὴν
2893 1975 3122 2046 θεωρίαν
3149 1970 3216 2046 ἧς
3244 1975 3391 2027 οὐδὲν
3414 1976 3564 2038 τέλος
3591 1976 3712 2029 οὕτε

2150 2067 2331 2136 μεῖζον
2360 2064 2482 2118 οὔτε
2514 2065 2728 2118 κάλλιόν
2764 2067 2929 2117 ἐστιν.
2972 2064 3278 2134 Ἐπομένως
3308 2065 3384 2126 δὲ,
3414 2066 3714 2137 συλλήϐδην

2145 2157 2469 2212 καταλαϐεῖν
2502 2156 2641 2209 πόσα
2661 2159 2725 2226 τῇ
2757 2155 3031 2228 ὡρισμένῃ
3063 2155 3220 2226 οὐσία
3242 2155 3603 2226 συμϐέϐηκεν.

2163 2381 2170 2394 η
2215 2335 2310 2398 Τίς
2342 2353 2395 2387 τι
2417 2325 2571 2405 εὗρεν
2596 2335 2653 2385 ἐν
2679 2332 3102 2402 μαθηματικοῖς,

2215 2425 2462 2497 Εὔδημος
2492 2426 2690 2494 ἱστορεῖ
2725 2425 2782 2475 ἐν
2807 2425 2925 2485 ταῖς
2951 2424 3352 2494 ἀστρολογίαις,
3383 2422 3464 2474 ὅτι
3492 2423 3707 2475 Οἰνοπί-

2145 2521 2240 2590 δης
2271 2514 2391 2590 εὗρε
2426 2516 2638 2588 πρῶτος
2665 2515 2762 2584 τὴν
2791 2513 2884 2566 τοῦ
2915 2512 3177 2578 ζωδιακοῦ
3211 2512 3460 2576 διὰζωσιν
3492 2513 3582 2565 καὶ
3615 2513 3714 2582 τὴν

2144 2611 2236 2664 τοῦ
2299 2609 2529 2680 μεγάλου
2584 2604 2828 2659 ἐνιαυτοῦ
2887 2604 3221 2676 περίστασιν.
3265 2603 3442 2673 Θαλῆς
3472 2603 3526 2657 δὲ
3560 2605 3714 2673 ἡλίου

2145 2703 2374 2771 ἔλλειψιν
2413 2683 2516 2754 ’καὶ
2546 2697 2644 2769 τὴν
2675 2696 2812 2750 κατὰ
2857 2696 3062 2766 τροπὰς
3104 2695 3266 2748 αὑτοῦ
3313 2695 3578 2766 περίοδον,
3637 2696 3715 2757 ὡς

2143 2795 2241 2847 οὐκ
2276 2793 2365 2864 ῐση
2393 2794 2478 2846 ἀεὶ
2507 2784 2816 2861 σμμϐαίνει.
2867 2785 3278 2856 Ἀναξίμανδρος
3307 2785 3362 2837 δὲ
3386 2787 3467 2838 ὅτι
3503 2786 3648 2839 ἐστὶν
3678 2788 3715 2856 ἡ

2143 2886 2214 2956 γῆ
2243 2885 2510 2956 μετέωρος
2537 2882 2630 2935 καὶ
2664 2883 2892 2934 κινεῖται
2922 2878 3049 2948 περὶ
3079 2877 3138 2928 τὸ
3164 2875 3256 2928 τοῦ
3287 2877 3486 2945 κόσμου
3523 2875 3710 2944 μέσον.

2157 2977 2506 3047 Ἀναξιμένης
2542 2974 2630 3036 δὲ,
2682 2975 2763 3024 ὅτι
2800 2973 2832 3040 ή
2869 2970 3063 3040 σελήνη
3106 2971 3169 3021 ὲκ
3206 2967 3298 3020 τοῦ
3325 2967 3477 3037 ἡλίου
3511 2967 3622 3036 ἔχει
3653 2967 3717 3018 τὸ

2147 3070 2262 3139 φῶς
2290 3070 2382 3122 καὶ
2411 3067 2534 3120 τίνα
2569 3064 2805 3117 ἐκλείπει
2831 3063 3050 3133 τρόπον.
3089 3061 3152 3113 Οἱ
3181 3059 3236 3112 δὲ
3272 3059 3445 3112 λοιποὶ
3486 3058 3713 3128 ἐξευρη-

2061 3171 2102 3228 C
2138 3162 2322 3235 μένοις
2350 3159 2555 3220 τούτοις
2581 3154 2844 3218 ἐπέταξαν
2869 3154 3050 3223 ἕτερα.

2213 3257 2332 3308 Ὅτι
2357 3255 2406 3305 οἱ
2438 3251 2692 3310 ἀπλανεῖς
2719 3246 2987 3300 κινοῦνται
3010 3243 3136 3316 περὶ
3169 3242 3258 3296 τὸν
3283 3241 3369 3294 διὰ
3398 3240 3504 3293 τῶν
3536 3241 3716 3294 πόλων

2140 3347 2303 3412 ἄξονα
2333 3343 2579 3414 μένοντα,
2611 3342 2658 3392 οἱ
2684 3339 2740 3392 δὲ
2764 3335 3099 3407 πλανώμενοι
3126 3335 3250 3405 περὶ
3270 3334 3359 3386 τὸν
3387 3333 3480 3386 τοῦ
3519 3333 3715 3397 ζωδια-

2141 3435 2239 3490 κοῦ
2272 3435 2405 3506 πρὸς
2424 3433 2585 3504 ὀρθὰς
2615 3430 2742 3484 ὅντα
2763 3430 2924 3496 ἄξονα
2951 3425 3096 3496 αὐτῷ
3127 3425 3417 3495 ἀπέχουσιν
3445 3424 3710 3495 ἀλλήλων·

2141 3529 2222 3579 ὅτι
2260 3526 2350 3578 τὸν
2396 3525 2503 3576 τῶν
2535 3521 2786 3578 ἀπλανῶν
2841 3519 2932 3574 καὶ
2988 3517 3093 3570 τῶν
3142 3515 3504 3586 πλανωμένων
3548 3515 3715 3580 ἄξονα

2146 3614 2712 3683 πεντεκαιδεκαγὼνου
2743 3611 2978 3682 πλευρὰν
3009 3607 3063 3660 οἵ
3084 3607 3188 3658 εἰσι
3213 3609 3392 3677 μοῖραι
3416 3606 3714 3660 είκοσιτὲσ-

2148 3725 2328 3780 σαρες.

1615 4039 1805 4082 CIRCA
1847 4039 2071 4080 ANNO]!
2131 4037 2360 4080 DOMINI

2416 4037 2573 4079 (Σεῖιί

583 4175 1988 4337 THEOGNOSTUS
2149 4167 3618 4332 ALEXANDRINUS

1819 4567 2426 4687 NOTITIA

1216 4757 1505 4822 (GALLLKD.,
1551 4756 1844 4810 Bibliotheca
1881 4762 2092 4809 ceterum
2114 4755 2340 4814 Patrum,
2371 4750 2459 4812 ιιι,
2488 4750 2684 4813 Proles.
2714 4762 2823 4813 pag.
2851 4749 3000 4813 χιιι.)

474 5008 514 5066 ἰ.
564 5009 677 5091 Cur
722 5010 1030 5084 Theognosti
1079 5013 1219 5069 haud
1267 5017 1596 5072 meminerint
1649 5017 1910 5074 Eusebius
1959 5029 2008 5073 et
2057 5017 2430 5088 Hieronymus.
2496 5015 2628 5086 Ejus
2670 5025 2844 5070 tamen
2893 5013 3130 5069 meminit
3182 5027 3299 5065 cum
3354 5009 3510 5063 laude
3546 5008 3713 5062 Atha-

550 5099 754 5136 namus.

477 5151 563 5230 ll._
593 5149 799 5207 Schola:
841 5152 1221 5230 Alexandriam
1262 5155 1476 5230 prajuit
1522 5169 1638 5226 post
1683 5155 1941 5230 Pieriam.
1995 5157 2041 5210 D

2153 5174 2323 5230 rupere
2366 5175 2466 5227 quo
2494 5157 2734 5230 claruit,
2765 5154 3068 5230 disseritur.
3122 5149 3407 5230 Sacrorum
3456 5148 3709 5230 librorum

547 5225 884 5306 interpretem
926 5226 1048 5306 egit.
1104 5223 1327 5295 Scripsit
1356 5223 1769 5298 llypotyposeOn
1815 5227 1979 5280 libros
2012 5223 2108 5293 νει,
2149 5223 2263 5297 jam
2293 5223 2492 5281 dudum
2520 5228 2838 5298 deperditus.
2895 5223 3098 5277 Horum
3131 5223 3419 5275 summaria
3448 5223 3624 5287 capita
3646 5231 3710 5268 ex

551 5292 742 5347 Photio
766 5292 1055 5362 proposita.
1223 5292 1232 5295 ⁷
1406 5292 1455 5297 ⁷-
1534 5292 1585 5298 ⁷-

479 5360 581 5442 111..
617 5360 921 5442 lniqua_de
970 5365 1291 5442 Tlteognosto
1332 5367 1514 5442 Pbotii
1559 5366 2041 5442 censura__dilt_t_itut

2148 5368 2370 5438 Zregorii
2403 5366 2631 5437 Nysseni
2681 5367 2744 5419 de
2777 5363 2954 5418 eodem
2983 5362 3230 5442 scriptore
3257 5360 3398 5442 locus
3430 5371 3709 5442 expensus.

547 5429 1130 5557 ggzigzszheognosti
1174 5438 1303 5507 ﬁdes
1346 5437 1689 5507 pra'dicatur.
1737 5436 1871 5506 Ejus
1913 5437 2041 5509 llypt

2148 5429 2334 5494 )oseon
2383 5429 2682 5508 fragmenta
2712 5451 2777 5489 ea:
2804 5447 2990 5503 magno
3032 5432 3320 5485 Athanasio
3364 5429 3631 5496 descripta
3661 5436 3711 5477 et

2151 5659 2417 5704 tacentem
2452 5648 2595 5702 haud
2628 5647 2815 5701 mirari
2844 5646 3021 5700 subit:
3049 5646 3142 5715 qui
3167 5643 3411 5698 videlicet
3435 5643 3606 5696 decem
3627 5658 3713 5693 ec-

2151 5740 2458 5794 clesiasticw
2483 5738 2734 5793 Historia:
2760 5737 2918 5792 libros
2946 5739 3013 5794 ab
3040 5736 3270 5793 Eusebio
3300 5734 3709 5805 Pamphilicon-

549 5645 587 5697 l.
630 5645 700 5699 De
747 5643 1096 5716 Theognosto
1143 5647 1510 5705 Alexandrino
1559 5649 1695 5704 nihil
1752 5649 2042 5716 Eusebius,

479 5735 610 5788 nihil
664 5735 788 5790 item
837 5735 1214 5809 Hieronymus.
1278 5740 1342 5794 Et
1385 5739 1771 5813 Hieronymum
1823 5743 2040 5813 quidem
