4034 6374
297 342 393 395 257
1750 338 1855 392 ΝΟ

1965 339 2051 392 IA.
3411 345 3517 401 5258

300 462 517 529 scriptos
541 461 772 514 maxime
798 461 901 514 sibi
928 462 1231 532 adjumento
1266 466 1429 535 fuisse
1454 466 1737 536 profitetur
1773 463 1847 534 (1)
1881 465 1925 519 Α
1952 461 2017 515 de
2064 460 2441 517 Incarnatione
2480 461 2575 517 Dei
2596 502 2610 527 ,
2664 477 2896 533 eamque
2932 463 3252 535 possibilem
3283 478 3404 520 esse
3433 482 3522 521 ar-

298 555 348 609 in
392 553 456 607 iis
499 554 627 609 viris
668 554 974 610 illustribus
1018 560 1400 626 recensendis,
1449 561 1542 630 qui
1582 569 1708 616 ante
1756 576 1856 616 sua
1954 553 2091 622 guit.
2144 552 2403 609 Ultimum
2447 554 2680 620 denique
2712 556 2780 608 de
2806 555 2904 609 Dei
2928 557 3191 609 creatione
3222 557 3519 627 inscripsit.

300 656 530 715 tempora
580 646 636 700 in
666 646 909 703 Ecclesia
933 647 1199 716 ﬂoruere;
1253 660 1312 706 ut
1349 660 1629 722 propterea
1665 654 1858 710 silente

301 741 519 795 Eusebio
568 741 778 796 siluerit
836 750 890 796 et
926 743 1118 799 doctor
1164 745 1459 801 maximus.
1508 746 1578 800 At
1619 747 1856 817 episcopi

296 832 643 888 Caesariensis
708 844 1031 904 suspectum.
1090 836 1305 891 videtur
1358 853 1479 893 esse
1536 838 1854 904 silentium;

296 925 504 995 quippe,
521 925 613 995 qui
635 925 962 981 Arianorum
993 926 1172 1003 fautOr
1198 945 1261 984 ac
1282 938 1565 999 patronus,
1584 932 1858 1001 praeterire

296 1017 630 1071 consueverit
657 1032 783 1087 quae
813 1016 963 1072 illius
998 1028 1159 1074 secta:
1180 1020 1434 1091 dogmata
1470 1030 1746 1092 utcunque
1774 1024 1857 1077 in-

295 1107 523 1176 fringere
561 1108 889 1177 potuissent,
936 1118 997 1165 ut
1041 1113 1292 1180 superius
1330 1128 1396 1167 ex
1428 1113 1623 1168 Photio
1654 1113 1730 1185 (2)
1763 1115 1856 1169 de-

297 1198 750 1265 monstravimus;
788 1200 1034 1270 adeoque
1063 1202 1335 1257 immerito
1355 1204 1535 1258 Gaveo
1566 1207 1641 1277 (5)
1669 1216 1722 1262 et
1753 1206 1858 1262 Fa-

296 1288 458 1341 bricio
484 1286 562 1359 (4)
588 1289 764 1343 visum
792 1300 876 1346 est
905 1292 1151 1362 iniquum
1180 1292 1400 1350 Baronii
1431 1296 1719 1367 judicium,
1747 1315 1857 1369 quo

297 1375 579 1433 Eusebium
612 1376 964 1453 Theognosti,
991 1384 1366 1455 theologorum
1385 1388 1739 1455 celeberrimi,
1757 1406 1859 1445 no-

298 1484 409 1524 men
440 1481 493 1525 et
522 1472 721 1542 scripta
752 1474 879 1530 dolo
901 1476 1046 1531 malo
1071 1478 1482 1547 praetermisisse
1534 1485 1854 1551 pronuntia-

297 1565 368 1619 vit
388 1565 459 1636 (5)
476 1584 490 1631 ;
509 1566 656 1636 quod
682 1567 939 1623 nimirum
970 1569 1064 1624 τοῦ
1081 1556 1366 1643 ὁμοουσῖου
1391 1582 1644 1630 strenuus
1666 1575 1858 1632 fuisset

206 1734 209 1737 Δ
244 1704 249 1709 .
297 1666 545 1712 assertor.
597 1656 730 1727 Ejus
776 1667 957 1716 tamen
991 1678 1114 1717 cum
1161 1663 1384 1720 honoris
1424 1665 1739 1735 praefatione
1771 1684 1856 1724 se-

298 1748 394 1802 mel
442 1750 752 1820 iterumque
795 1754 1042 1808 meminit
1090 1769 1321 1825 maguus
1351 1748 1715 1834 Athanasius;
1767 1761 1855 1814 cui

296 1840 479 1895 dicitur
514 1839 594 1912 (6)
637 1840 776 1913 ἀνὴρ
805 1842 1000 1911 λόγιος,
1031 1844 1110 1897 vir
1138 1845 1384 1911 disertus,
1423 1858 1476 1901 et
1504 1848 1581 1917 (7)
1607 1848 1849 1918 Θεόγνω-

299 1945 411 1993 στος
451 1932 479 1984 ὁ
512 1930 812 2002 Θαυμάσιος
837 1935 929 1988 καὶ
961 1934 1263 2001 σπουδαῖος,
1299 1936 1640 2015 admirandus
1669 1939 1760 1995 ille
1791 1958 1852 1996 ac

296 2021 554 2077 studiosus
586 2021 959 2093 Theognostus.
1084 2019 1091 2028 ’
1408 2078 1412 2083 .

360 2111 417 2165 ll.
459 2111 677 2168 Sebola:
723 2115 1068 2171 catecbeticze
1107 2116 1488 2174 Alexandrinas
1537 2120 1850 2189 praefectum

298 2200 454 2260 fuisse
480 2204 892 2276 Theognostum
927 2218 1052 2279 post
1082 2208 1344 2275 Pierium,
1400 2227 1465 2266 ex
1491 2210 1739 2282 Philippo
1768 2213 1852 2269 Si—

297 2294 406 2349 dete
434 2294 510 2364 (8)
543 2297 946 2365 comperimus;
1006 2300 1251 2370 adeoque
1277 2315 1377 2370 pro
1402 2299 1655 2356 Dodwelli
1692 2304 1854 2360 ratio-

298 2383 444 2439 nibus
490 2385 574 2455 (9)
615 2385 758 2440 Caro
805 2386 1106 2457 imperante
1153 2391 1416 2447 claruisse
1457 2393 1603 2448 circa
1648 2409 1851 2449 annum

298 2490 565 2533 cccxxx".
624 2475 874 2549 Origenis
906 2496 1038 2536 vero
1086 2484 1263 2553 ipsum
1292 2482 1463 2541 fuisse
1502 2486 1851 2556 discipulum,

277 2559 376 2623 'vei
419 2570 620 2624 saltem
653 2572 774 2641 ejus
804 2588 1028 2643 operum
1063 2575 1550 2646 studiosissimum,
1598 2560 1733 2637 satis
1766 2582 1852 2636 in-

298 2672 451 2714 nuere
500 2660 736 2716 Pbotius
781 2664 994 2719 videtur
1039 2665 1170 2738 (l0).
1240 2665 1493 2726 Proxime
1542 2680 1689 2727 certe
1731 2683 1854 2743 post

297 2749 575 2837 Origenem
598 2756 873 2812 exstitisse
905 2757 1310 2830 Theognostum
1342 2777 1410 2818 ex
1438 2777 1503 2819 eo
1526 2764 1851 2836 colligimus,

296 2846 430 2912 quod
487 2856 720 2902 sanctus
773 2849 1105 2907 Athanasius
1155 2862 1445 2925 utrumque
1495 2856 1853 2928 conjungens,

297 2937 551 3003 παλαιοὺς
592 2939 810 3012 ἄνδρας,
839 2944 1039 3011 priscos
1062 2944 1223 3009 viros,
1257 2947 1488 3017 appellat
1531 2950 1665 3021 (11).

361 3029 597 3100 Scripsit
640 3042 822 3086 autem
871 3042 1061 3089 auctor
1097 3045 1279 3092 noster
1321 3039 1480 3108 plena
1521 3040 1757 3096 dictione
1789 3057 1855 3099 ac

297 3120 427 3191 style
455 3123 750 3193 perspicuo
775 3125 941 3182 libros
972 3143 1048 3182 vn
1098 3130 1503 3189 lnstitutionum
1527 3135 1856 3207 theologica-
1880 3153 1923 3212 (ς

297 3226 427 3275 rum,
471 3213 592 3283 jam
638 3214 731 3269 diu
777 3216 1119 3288 deperditos;
1173 3237 1407 3292 quorum
1444 3227 1850 3298 inscriptionem

258 3370 264 3376 .
297 3304 363 3358 ita
390 3303 554 3361 refert
586 3306 727 3361 idem
754 3306 979 3367 Photius
1010 3312 1121 3382 (l2)
1154 3332 1166 3367 :
1191 3314 1294 3368 Τοῦ
1330 3320 1598 3387 μακαρίου
1616 3319 1854 3389 Θεογνώ-

298 3409 413 3447 στου
438 3395 830 3470 ’Δλεξανὸρέως
853 3402 949 3455 καὶ
976 3402 1855 3476 ἑξηγητοῦ,’Υποτυπώσεις.Βεαιί

298 3485 620 3561 Theoguosti
662 3491 1033 3558 Alexandrini,
1082 3513 1355 3551 sacrorum
1403 3499 1656 3555 librorum
1690 3503 1853 3557 inter-

182 3666 185 3669 ,
293 3583 467 3647 prelis,
496 3581 887 3654 Hypotyposes.
927 3585 992 3641 Et
1038 3587 1185 3642 illam
1236 3590 1453 3659 quidem
1498 3608 1685 3649 vocem
1727 3595 1851 3666 ἑξη-

295 3672 451 3741 γητοῦ
501 3675 715 3729 scholae
761 3677 1102 3735 eatecheticae
1122 3683 1497 3750 praelecturam
1518 3685 1855 3758 docendique

296 3777 485 3819 munus
545 3767 825 3835 publicum
871 3771 1147 3839 denotare,
1198 3773 1484 3846 ipsumque
1520 3778 1698 3847 operis
1727 3780 1854 3834 titu-

293 3853 397 3910 lum
430 3863 480 3916 '1
497 3862 848 3927 ποτυπώσεις
876 3878 908 3918 a
936 3863 1211 3923 Clemente
1245 3868 1528 3926 decessore
1554 3873 1854 3943 sumpsisse

292 3943 721 4021 Theognostum,
748 3969 873 4009 cum
901 3955 1178 4013 Dodwello
1205 3962 1602 4019 existimamus.
1656 3965 1843 4038 Singu-

293 4042 459 4101 lorum
488 4064 627 4104 vero
652 4050 915 4107 librorum
945 4067 1282 4126 argumenta,
1324 4060 1517 4115 eodem
1542 4060 1734 4118 Photio
1763 4079 1850 4118 re-

294 4149 584 4206 censente,
630 4152 758 4198 sunt
786 4143 1075 4214 ejusmodi.
1129 4141 1314 4203 Primo
1355 4150 1495 4205 libro
1526 4150 1725 4211 de.Deo
1749 4150 1851 4207 Pa-

294 4235 371 4284 tre
398 4230 531 4302 egit,
562 4247 796 4304 cumque
818 4250 940 4291 esse
968 4252 1150 4292 rerum
1180 4240 1451 4309 opificem,
1484 4256 1659 4312 neque
1689 4256 1852 4299 mate-

294 4321 424 4379 riam
471 4325 554 4380 illi
595 4336 927 4384 coceternam
961 4346 1081 4385 esse
1135 4331 1546 4388 demonstravit.
1606 4334 1854 4393 Secundo

208 4496 213 4500 ἢ
294 4418 669 4473 necessitatem
698 4419 1000 4475 existentiae
1027 4418 1149 4475 Filii
1177 4425 1431 4479 osrendit.
1471 4423 1651 4482 Tertio
1681 4425 1854 4497 Spiri-

2027 644 2114 701 llI.
2154 645 2320 702 Porro
2371 649 2486 703 haec
2532 663 2774 703 reterens
2829 646 3078 713 Photius,
3133 648 3522 718 complurajn

1958 738 2304 810 Theognosto
2344 741 2720 811 reprehendit;
2774 740 2916 810 quod
2950 740 3237 809 Origenem
3281 751 3522 796 assecta-

1960 845 2067 903 tus,
2098 837 2240 891 haud
2271 852 2441 907 pauca
2472 854 2536 892 ex
2570 838 2689 907 ejus
2717 837 2869 891 libris
2899 836 3039 905 Περὶ
3084 837 3287 906 ἀρχῶν
3325 838 3523 891 hause-

1957 929 2058 995 rit,
2110 944 2339 984 erronea
2369 930 2529 999 plane
2559 939 2720 1000 atque
2750 947 2781 984 a
2805 931 3029 983 veritate
3070 930 3266 983 aliena.
3319 927 3519 983 Verum

1957 1019 2026 1093 ab
2068 1019 2169 1072 hac
2207 1016 2469 1073 Photiana
2505 1035 2736 1074 censura
2781 1023 3099 1088 scriptorem
3128 1031 3375 1074 nostrum
3404 1019 3523 1073 vin-

1956 1108 2235 1162 dicarunt.
2258 1109 2361 1162 viri
2414 1109 2590 1172 docti,
2644 1108 2908 1179 Georgius
2949 1109 3135 1163 Bullus
3164 1109 3273 1179 (15)
3308 1117 3361 1163 et
3386 1107 3525 1162 Pruc

1958 1197 2174 1253 dentius
2223 1196 2479 1254 Maranus
2510 1199 2621 1270 (li)
2659 1217 2673 1253 :
2704 1215 2934 1269 quorum
2984 1201 3135 1268 prior
3175 1208 3229 1253 et
3262 1200 3393 1254 illud
3427 1200 3525 1254 ad-

1957 1295 2138 1361 vertit,
2177 1292 2430 1347 Photium
2483 1308 2592 1363 prae
2643 1293 2907 1347 acerrimo
2944 1294 3205 1347 adversus
3235 1291 3523 1361 Origenem

1957 1387 2106 1453 odio,
2157 1394 2212 1440 et
2238 1386 2292 1440 in
2323 1384 2726 1454 TheOgnostum
2757 1385 2875 1453 ejus
2900 1384 3162 1438 asseclam
3192 1394 3247 1438 et
3273 1383 3525 1439 defenso-

1957 1494 2071 1533 rem
2112 1477 2280 1533 fuisse
2311 1477 2591 1546 iniquum;
2646 1486 3038 1546 proptereaque
3082 1475 3283 1545 scripta
3312 1476 3434 1546 ejus
3466 1476 3521 1530 in

1958 1569 2154 1623 malam
2185 1577 2393 1639 partem
2417 1568 2692 1637 accepisse
2710 1610 2725 1634 ,
2761 1583 2855 1623 seu
2898 1568 3077 1638 ponus
3101 1567 3171 1621 ab
3199 1567 3324 1622 aliis
3350 1568 3523 1638 accipi

1957 1663 2213 1718 voluisse.

2026 1753 2146 1809 Non
2178 1755 2350 1810 solum
2392 1769 2520 1810 vero
2543 1755 2596 1809 in
2624 1754 2801 1809 Photii
2831 1753 3305 1823 reprehensionem
3337 1752 3526 1806 incidit

1960 1844 2358 1918 Theognostus,
2395 1847 2489 1902 sed
2516 1847 2569 1900 in
2601 1862 2667 1902 eo
2692 1846 2951 1902 nonnulla
2976 1846 3195 1915 quoque
3217 1843 3524 1913 displicuis-

1958 1954 2020 1994 se
2042 1938 2302 2009 Gregorio
2326 1939 2569 2011 Nysseno
2588 1947 2927 2009 compertum
2952 1936 3235 1991 habemus.
3267 1934 3358 1991 Sic
3377 1936 3520 1989 enim

1869 2036 1873 2041 '
1959 2029 2048 2083 ille
2097 2038 2287 2084 contra
2321 2027 2650 2085 Eunomium
2684 2029 2927 2084 scribens
2960 2028 3111 2098 (15).:
3140 2027 3250 2080 Kal.
3274 2026 3334 2080 οὐ
3366 2026 3525 2097 μόνος

1960 2123 2016 2173 ὲν
2046 2120 2216 2190 τούτῳ
2257 2120 2597 2193 πεπλάνηται
2626 2121 2768 2175 κατὰ
2807 2120 2904 2192 τὴν
2949 2119 3175 2175 ἀτοπίαν
3204 2117 3298 2170 τοῦ
3326 2118 3528 2187 δόγμα-

1958 2229 2047 2276 τος
2089 2213 2372 2285 Εὐνόμιος,
2422 2213 2534 2267 ἀλλ’
2569 2213 2685 2266 ἔστι
2721 2214 2813 2266 καὶ
2850 2214 2907 2265 ἐν
2938 2214 3049 2275 τοῖς
3080 2208 3407 2279 Θεογνώστῳ
3433 2227 3529 2262 πε·-

1958 2308 2281 2378 πονημένοις
2319 2308 2378 2361 τὸ
2420 2297 2758 2378 τσονέὑρεῖν,
2786 2306 2845 2369 ὃς
2874 2306 3005 2375 φησὶ
3030 2305 3121 2358 τὸν
3144 2303 3278 2357 Θεὸν
3315 2299 3437 2353 τόδε
3467 2302 3529 2355 τὸ

1959 2401 2067 2453 πᾶν
2094 2402 2517 2464 κατασκευάσαι,
2562 2384 2778 2471 πρῶτον
2816 2398 2907 2451 τὸν
2933 2397 3060 2450 Υἱδν
3084 2386 3196 2449 οἷόν
3221 2412 3344 2449 τινα
3372 2394 3529 2467 κοινὸ-

1959 2505 2025 2540 να
2052 2487 2584 2560 προῦποστήσασθαι.
2628 2488 2682 2543 Id
2718 2496 2838 2543 est:
2884 2505 2903 2539 ι
2934 2476 3119 2555 Neque
3164 2484 3218 2539 in
3253 2486 3354 2539 hoc
3379 2486 3530 2539 solus

1960 2577 2233 2653 aberravit
2260 2578 2327 2631 ad
2356 2578 2648 2632 absurdam
2699 2576 3023 2631 sententiam
3051 2573 3383 2640 Eunomius;
3432 2574 3529 2629 sed

1960 2667 2102 2723 idem
2150 2671 2311 2724 etiam
2367 2668 2603 2738 reperire
2650 2676 2732 2724 est
2782 2668 2835 2721 in
2866 2667 3019 2722 libris
3045 2666 3396 2738 Theognosti,
3432 2669 3527 2738 qui

1959 2759 2157 2815 Filium
2180 2776 2212 2815 a
2250 2762 2378 2824 Deo,
2418 2776 2541 2816 cum
2572 2760 2671 2814 hoc
2703 2759 3029 2812 universum.
3058 2758 3388 2813 constituere
3412 2757 3527 2811 vel-

1962 2853 2068 2919 let,
2123 2853 2393 2922 primum,
2443 2852 2612 2907 veluti
2659 2850 2950 2922 quamdam
3007 2850 3208 2920 opilicii
3255 2865 3527 2917 normam,

1959 2943 2417 3013 prtesuppositum
2451 2942 2622 2998 fuisse
2653 2941 2803 2997 dicit.
2842 2959 2861 2993 ι
2904 2939 2972 2994 Et
3001 2940 3115 2994 haec
3138 2940 3356 3011 quidem
3388 2941 3529 3012 Nys~

1961 3035 2081 3089 seni
2113 3049 2342 3089 censura
2375 3034 2552 3103 potior
2597 3031 2861 3088 Photiana
2900 3031 3260 3087 existimanda
3295 3032 3524 3085 videtur.

1959 3124 2028 3179 At
2074 3124 2222 3179 illam
2267 3123 2427 3178 diluit
2463 3122 2813 3177 alter~nostri
2856 3124 3151 3176 catechetae
3177 3120 3529 3175 Alexandrini

1957 3227 2222 3288 patronus
2249 3216 2361 3287 (l6)
2396 3236 2408 3270 :
2444 3226 2559 3270 tum
2604 3218 2730 3286 quia
2776 3212 3156 3285 Theognostus
3182 3214 3254 3267 ab
3282 3212 3529 3267 Athana-

1955 3312 2039 3365 sio
2082 3319 2141 3365 ut
2171 3307 2654 3365 Censubstantiatis
2700 3305 2954 3362 defensor
2998 3314 3052 3360 et
3093 3305 3269 3368 testis,
3323 3305 3529 3358 citatus

1954 3411 2072 3469 est;
2122 3410 2235 3457 tum
2268 3404 2396 3471 quia
2420 3401 2599 3471 ipsum
2627 3398 2759 3453 iilud
2785 3397 3159 3453 testimonium
3189 3395 3335 3465 quod
3365 3394 3529 3450 refert

1953 3493 2269 3564 Gregorius,
2315 3490 2552 3547 Verbum
2579 3490 2860 3557 describit,
2892 3498 2952 3544 ut
2974 3489 3151 3543 ideam
3194 3488 3343 3541 illam
3366 3496 3420 3541 et
3442 3502 3528 3541 re-

1953 3588 2155 3656 gulam,
2182 3585 2343 3655 cujus
2367 3585 2435 3639 ad
2462 3584 2739 3654 exemplar
2772 3584 2955 3638 omnia
2984 3583 3211 3638 creavit.

2026 3678 2150 3743 Sed,
2183 3686 2244 3732 ut
2266 3678 2410 3732 dicta
2442 3677 2662 3732 demum
2694 3676 3108 3740 concludamus,
3136 3688 3258 3746 quae
3280 3673 3523 3731 nonnulli

1956 3782 2197 3828 veterum
2233 3771 2289 3824 in
2320 3768 2668 3840 Theognosto
2715 3769 3136 3839 reprehensione
3186 3767 3346 3833 digna
3373 3777 3531 3837 puta-

1954 3872 2105 3927 runt,
2137 3862 2273 3916 nihil
2301 3862 2369 3916 de
2396 3860 2655 3931 praeclaro
2677 3859 2859 3929 magni
2885 3858 3170 3913 Athanasii
3193 3858 3402 3928 judicio
3427 3859 3525 3912 de-

1954 3956 2171 4011 trahere
2195 3955 2407 4021 valent;
2442 3953 2537 4024 qui
2565 3953 2712 4007 hunc
2742 3954 2943 4008 schoraa
2974 3952 3356 4006 Alexandrina:
3381 3966 3526 4020 pra:-

1954 4050 2154 4106 fectum
2185 4050 2354 4104 uirum
2384 4046 2757 4101 admirandum
2787 4044 3039 4114 appellat,
3068 4044 3311 4112 adeoque
3337 4044 3523 4113 appri-

1955 4160 2041 4198 me
2066 4142 2430 4197 orthodoxum
2480 4138 2650 4195 fuisse
2680 4138 2950 4208 perhibet.
2996 4135 3072 4190 Ea
3101 4135 3378 4190 enimvero
3406 4152 3528 4206 qua:

1954 4251 2021 4289 ex
2060 4234 2178 4303 ejus
2220 4233 2376 4288 libris
2422 4230 2758 4301 deprompsit
2800 4238 3025 4284 sanctus
3052 4229 3141 4283 ille
3169 4230 3367 4298 praesul
3401 4229 3527 4285 Ale-

1954 4326 2276 4391 xandrinus,
2308 4339 2536 4395 quaeque
2561 4339 2625 4378 ex
2655 4337 2721 4378 eo
2751 4322 3021 4391 descripta
3057 4336 3158 4376 suo
3184 4322 3304 4375 loco
3331 4329 3524 4392 protu-

1954 4421 2138 4485 limus,
2186 4419 2445 4474 evincunt
2468 4418 2587 4487 ejus
2614 4415 2925 4471 testimonio
2951 4416 3120 4486 premi
3153 4415 3407 4481 Arianos,
3443 4416 3525 4486 ip-

250 4548 258 4565 .
295 4511 401 4561 tum
427 4518 679 4564 sanctum
708 4526 846 4576 esse,
872 4515 1204 4583 argumentis
1224 4516 1403 4571 evicit.
1435 4516 1640 4583 Quarto
1665 4491 1735 4574 de
1757 4535 1854 4573 an-
1885 4491 1928 4545 Β
1958 4528 2189 4583 sumque
2234 4512 2411 4582 palam
2457 4509 2836 4582 praedicantem
2878 4505 3075 4563 Filium
3114 4506 3396 4561 ὁιιοούσιον
3428 4505 3525 4561 de-

294 4599 420 4668 gelis
468 4611 526 4657 et
569 4601 908 4661 daemonibus
955 4609 1317 4676 pertractavit.
1377 4608 1580 4673 Quinto
1614 4620 1668 4668 et
1701 4622 1853 4667 sexto

359 4800 436 4875 (1)
476 4801 723 4875 ξιίετοηη
752 4805 904 4875 praef.
937 4807 1001 4861 ad
1029 4809 1123 4864 lib.
1156 4809 1233 4864 De
1259 4811 1384 4865 viris
1414 4811 1610 4865 illustr.

357 4871 433 4940 (2)
475 4874 656 4936 Phot.,
696 4871 960 4932 Bibt.cod.
997 4879 1117 4936 l27.

469 4943 602 5024 ρον.
625 4943 914 5024 _Hist;_l_it_t.
934 4949 1008 5024 ad
1030 4966 1120 5004 an.
1150 4950 1274 5024 28.5,
1308 4959 1414 5005 tom
1438 4950 1625 5024 Lipag.
1654 4954 1774 5010 M7.

381 5014 435 5093 ξ)
474 5015 718 5093 Εεὼτίοη
749 5016 893 5093 βίοι.
923 5018 1015 5093 Gr.
1034 5030 1174 5093 tom.
1205 5021 1294 5086 IX,
1322 5036 1446 5093 pag.
1477 5014 1600 5078 4'08".

381 5084 435 5162 ξ)
474 5084 675 5162 Baron.
703 5087 785 5162 ad_
798 5102 926 5162 an_u.
954 5089 1075 5157 109,
1100 5089 1138 5162 ,δ
1165 5092 1254 5147 59.

380 5155 674 5235 6)_Athan.
697 5199 712 5223 ,
747 5156 822 5210 De
852 5155 1211 5235 DeprenNic.
1242 5177 1359 5231 syn.
1390 5178 1539 5218 num.
1573 5164 1644 5219 25
1664 5207 1677 5229 ,
1708 5162 1845 5235 Opp.
1877 5192 1883 5198 ε

292 5222 421 5298 tom,
448 5222 489 5298 1,
516 5238 653 5295 part.
677 5222 723 5293 ι,
759 5243 880 5298 pag.
908 5232 1033 5286 250.

356 5295 431 5369 (7)
473 5297 547 5350 ld.
579 5295 854 5373 θυεερ),
903 5304 968 5357 ad
1005 5302 1286 5373 Serapion.
1311 5341 1327 5369 ,
1355 5319 1506 5358 num.
1538 5304 1604 5371 9,
1637 5314 1769 5360 tom.
1800 5304 1842 5371 1,

292 5378 423 5439 part.
458 5375 522 5431 II,
548 5383 671 5439 pag.
707 5369 809 5423 702

460 5411 828 5517 vP'hfljo'Si-d...‘
859 5439 1000 5517 Hist.
1048 5439 1221 5500 Serm.
1264 5443 1337 5500 24
1382 5444 1522 5517 apud
1557 5443 1743 5502 Dodw.
1778 5446 1844 5502 ad

291 5504 514 5565 Dissert.
542 5510 679 5567 lren.
716 5504 837 5582 pag.
862 5511 986 5569 488.

1960 4612 2282 4662 monstrant.

2032 4813 2371 4886 (9)VDodw.,
2415 4813 2453 4866 l.
2498 4827 2547 4866 c.
2595 4811 2649 4866 in
2695 4817 2811 4864 not.
2859 4808 2925 4864 ad
2971 4807 3164 4881 fragm.
3197 4806 3340 4861 Phil.
3373 4806 3517 4868 Sid.,

1955 4902 2020 4956 pa
2043 4885 2077 4939 ί.
2112 4885 2235 4939 511.

2027 4904 2139 5028 (10)
2178 4954 2333 5028 Phot.
2369 4951 2510 5028 Bibl.
2539 4951 2658 5006 cod.
2696 4947 2819 5028 1ρίξΖ

2026 5020 2137 5095 (ll)
2176 5025 2401 5095 Athau.,
2431 5023 2467 5077 1.
2498 5036 2547 5077 c.
2579 5038 2699 5091 pag.
2732 5020 2848 5075 702.

2057 5096 2137 5159 l2)
2176 5094 2334 5148 Phot.
2365 5093 2402 5146 1.
2435 5108 2484 5145 c.

2057 5102 2137 5159 12)
2177 5102 2334 5148 Phot.
2365 5102 2402 5146 l.
2435 5108 2484 5145 c.

2026 5102 2138 5235 (15)
2179 5161 2618 5235 Bull.,7pefens.
2658 5160 2754 5231 βά.
2801 5158 2924 5215 Nic.
2970 5167 3098 5216 sect.
3163 5173 3221 5223 ll,
3269 5170 3390 5225 cap.
3449 5154 3516 5205 ltl

1956 5233 2642 5309 §§'7_-9,_pag.1551_seq.
2688 5301 2707 5309 -
2771 5299 2803 5309 Α
3107 5308 3114 5309 7
3277 5251 3282 5309 ς

2025 5307 2134 5373 (14)
2162 5293 2416 5369 Marum,
2456 5293 2635 5356 Diviri.
2674 5301 2729 5354 J.
2762 5299 2823 5355 ϐ.
2860 5301 2953 5354 lib.
2986 5313 3034 5351 tv
3058 5338 3073 5364 ,
3102 5308 3238 5366 (cap.
3280 5294 3350 5349 2i
3389 5293 3453 5365 §§
3487 5294 3509 5346 1

1950 5388 2005 5432 οι
2028 5377 2243 5462 ﬁeres-
2258 5461 2266 5462 ,
2281 5375 2555 5462 55's?"-

2023 5436 2138 5516 (15')
2171 5436 2330 5516 Gireg.
2367 5443 2550 5516 Nyss.,
2582 5441 2675 5496 lib.
2708 5456 2779 5516 ut
2813 5436 2998 5516 ‘cen‘tr.
3030 5436 3264 5516 Eunoni.

2023 5458 2114 5514 (15
2171 5458 2330 5516 tireg.
2367 5458 2409 5498 Π
2450 5459 2550 5509 ss.,
2583 5458 2675 5496 ιιι).
2708 5458 2765 5493 ιιι
2825 5458 2998 5492 contr.
3031 5458 3239 5490 utrumn

2023 5458 2134 5587 (16;
2176 5515 2382 5571 Maran.
2480 5528 2529 5568 c.
2557 5526 2676 5581 cap.
2710 5510 2781 5564 ‘25
2811 5507 2837 5579 ᾗ
2870 5509 2919 5573 1,
2959 5523 3078 5578 pag.
3112 5506 3240 5562 557.
