4034 6378
1625 762 1807 806 CIBCA
1852 766 2073 808 ANNUM
2114 765 2338 810 DOMINI
2373 766 2558 809 CCLX.

1595 938 2578 1123 MALCHIO

944 1251 1544 1343 ECCLESIE
1612 1253 2034 1348 ANTIO(

2131 1257 2441 1344 [ΕΝλΕ
2519 1259 3252 1350 PRESBYTER.

2073 1479 2139 1489 -ι-

1766 1624 2417 1741 ΝΟΤΙΤΙΑ.

1205 1843 1491 1904 (ῦιιιλκιδη
1529 1840 1823 1894 Bibliotheca
1842 1849 2052 1895 veterum
2078 1845 2304 1904 Patrum,
2339 1845 2424 1905 ΙΙΙ,
2452 1846 2649 1909 Proleg.
2676 1861 2722 1909 p.
2748 1848 2946 1912 nux.)

468 2160 518 2215 1.
563 2160 864 2246 Huic/rion,
895 2163 974 2246 vir
1008 2163 1546 2246 disertissimustquo
1573 2173 1799 2246 tempore
1841 2168 2054 2246 claruit.
2091 2168 2343 2246 Doctrina
2375 2178 2423 2223 et
2455 2166 3056 2246 eruditionejprwstans.
3081 2162 3344 2246 “Ecclesia!
3376 2163 3711 2246 Antiocheam

533 2231 800 2306 presbyter
834 2233 1131 2306 ordinatur.
1178 2236 1380 2291 Acriter
1411 2231 1644 2305 disputat
1677 2231 1934 2292 adversus
1981 2239 2208 2292 Paulam
2251 2240 2673 2296 Samosatenum.
2708 2238 2839 2306 Ejus
2879 2236 3128 2290 memoria
3163 2236 3215 2287 in
3257 2234 3559 2290 Grarcorum
3600 2235 3710 2291 Me-

531 2303 754 2370 nologiis
787 2304 1058 2358 recolitur.

462 2370 571 2447 IlL
595 2371 815 2447 Tempus
847 2373 1134 2443 inquiritur
1164 2393 1265 2447 quo
1296 2375 1556 2447 celebrata
1586 2375 1688 2444 fuit
1724 2379 1985 2446 posterior
2016 2379 2249 2446 synodus
2288 2381 2644 2446 Antiochena,
2686 2377 2774 2431 ubi
2813 2376 2995 2430 habita
3041 2375 3356 2430 Malchionis
3399 2375 3708 2443 disputatio.

532 2441 811 2496 Pearsonii
836 2441 1095 2498 sententia
1119 2441 1187 2499 de
1212 2465 1314 2500 uno
1337 2446 1558 2501 concilio
1586 2441 1905 2502 Antioclteno
1930 2441 2198 2502 everlitur.

461 2511 582 2567 111.
627 2512 922 2585 Epistglam
956 2517 1261 2584 synodicam
1283 2517 1546 2571 Malchion
1571 2517 1762 2571 litteris
1787 2521 2120 2585 consignasse
2149 2522 2467 2584 perhibetur.
2497 2519 2612 2585 Quo
2636 2534 2773 2572 anno
2800 2518 2948 2570 illam
2973 2516 3334 2584 perscripserit
3363 2525 3565 2568 auctor.
3599 2511 3709 2568 Ea-

525 2585 643 2637 dem
665 2578 729 2636 ex
757 2578 1256 2643 Eusebio'exhibita.
1291 2587 1618 2659 Fragmenta
1641 2603 1706 2643 ex
1737 2589 1885 2644 Actis
1915 2578 2288 2660 disputationis
2325 2578 2730 2645 Malchioniana:
2761 2578 3019 2657 subjecta.

527 2724 568 2776 Ι.
597 2721 992 2784 Malchion,vir
1011 2719 1424 2787 disertissimus,
1449 2721 1625 2792 inquit
1646 2721 1913 2779 Eusebius
1937 2722 2032 2793 (l),
2065 2727 2106 2785 Α
2140 2725 2254 2780 haec
2280 2725 2542 2795 temporis
2583 2725 2790 2778 notatio
2833 2738 2899 2777 ex
2947 2722 3175 2792 epistola
3221 2721 3462 2790 ejusdem
3495 2723 3710 2778 concilii

455 2811 594 2882 ἁνηρ
625 2812 696 2865 τά
730 2829 790 2864 τε
820 2811 954 2865 ἄλλα
987 2811 1182 2880 λόγιος,
1217 2813 1363 2868 circa
1390 2813 1595 2869 Christi
1629 2829 1834 2869 annum
1861 2831 2031 2869 ccux

457 2907 722 2960 claruisse
742 2905 1094 2974 comperitur.
1126 2903 1439 2959 Graecorum
1468 2905 1660 2962 litteris
1684 2907 2032 2961 vehementer

457 2998 728 3061 excultus,
760 2997 960 3053 schola:
992 2995 1305 3065 sophistica:
1335 2997 1475 3066 apud
1508 2997 1854 3054 Antiochiam
1897 3013 2031 3068 prm-

458 3090 594 3156 fuit,
632 3091 778 3156 sive,
817 3099 875 3144 ut
913 3089 1157 3159 loquitur
1190 3088 1546 3162 Hieronymus
1595 3093 1704 3160 (2),
1750 3093 1805 3146 in
1847 3093 2029 3146 eadem

458 3182 582 3236 urbe
629 3181 945 3235 rhetoricam
998 3181 1370 3250 ﬂorentissime
1419 3182 1618 3236 docuit.
1673 3180 1856 3253 Neque
1901 3199 2030 3238 vero

454 3273 701 3327 doctrina
739 3273 916 3328 solum
955 3281 1010 3328 et
1049 3273 1358 3328 eruditione
1390 3275 1637 3330 saaculari
1666 3276 1919 3331 excelluit
1951 3276 2030 3328 vir

452 3362 732 3433 egregius,
764 3363 858 3418 sed
889 3364 1052 3418 etiam
1094 3363 1165 3418 ob
1191 3363 1517 3418 eminentem
1551 3364 1875 3420 Christiana:
1907 3365 2028 3421 fidei

454 3457 822 3512 sinceritatem
843 3497 859 3520 ,
894 3459 1212 3529 presbyterii
1246 3459 1514 3514 honorem
1555 3459 1611 3512 in
1644 3458 1763 3528 ejus
1790 3459 1892 3512 loci
1927 3460 2027 3514 Ec-

455 3549 618 3603 clesia
653 3559 737 3604 est
774 3560 1140 3605 consecutus:
1183 3549 1258 3603 Οὐ
1297 3550 1400 3622 μὴν
1443 3550 1579 3604 ἀλλὰ
1622 3551 1715 3606 καὶ
1745 3550 1813 3604 δι’
1860 3553 2028 3623 ὑπερ-

456 3639 752 3696 ϐάλλουσαν
769 3643 874 3714 ’τῆς
901 3645 981 3707 εἰς
998 3642 1228 3714 Χριστὸν
1246 3642 1479 3707 πίστεως
1508 3643 1863 3715 γησιότητα,
1897 3661 2028 3714 πρε-

455 3733 737 3806 σσυτερίου
769 3737 870 3807 τῆς
899 3735 1086 3790 αὐτόθι
1114 3734 1404 3807 παροικίας
1427 3735 1745 3806 ἠξιωμένος.

527 3828 744 3902 Synodo
771 3830 1124 3884 Antiochente
1152 3827 1474 3898 posteriori,
1505 3843 1669 3897 quam
1700 3837 2026 3898 postremam

451 3931 611 3978 vocat
642 3921 910 3978 Eusebius
937 3923 1013 3992 (⁵5)
1033 3961 1048 3985 ,
1081 3921 1400 3984 τελευταίας
1458 3920 1917 3993 συγκροτηοείσης
1959 3951 2027 3960 -

454 4016 704 4080 συνόδου,
765 4015 1011 4070 interfuit
1061 4014 1366 4082 Malchion;
1435 4016 1490 4069 in
1541 4029 1713 4083 eaque
1768 4013 2027 4069 adversus

453 4106 683 4162 Paulum
742 4106 1162 4162 Samosatenum
1217 4107 1310 4176 qui
1367 4105 1624 4161 Ecclesia
1676 4105 2027 4162 Antiochente

452 4197 742 4266 episcopus
775 4195 1087 4252 Artemonis
1124 4197 1374 4251 haeresim
1423 4198 1787 4264 instaurarat,
1833 4197 2029 4252 acriter

452 4289 778 4358 disputavit,
805 4290 1198 4359 excipientibus
1232 4299 1430 4346 cuncta
1467 4291 1734 4357 notariis;
1771 4291 2028 4360 solusque

453 4381 696 4436 omnium
737 4381 980 4436 occultos
1017 4381 1256 4436 hominis
1295 4397 1488 4438 sensus
1526 4397 1589 4437 ac
1627 4382 1841 4440 fraudes
1880 4384 2031 4440 dete-

453 4486 578 4541 gere
623 4471 812 4525 valuit.
863 4470 980 4536 Qua
1031 4472 1249 4541 quidem
1300 4487 1367 4525 ex
1411 4472 1779 4530 confutatione
1821 4485 2024 4530 tantam

452 4560 682 4632 gloriam
732 4564 916 4616 retulit
957 4574 1144 4618 noster
1182 4571 1391 4626 auctor,
1435 4563 1612 4632 inquit
1645 4563 1892 4622 Valesius
1926 4568 2024 4639 (4),

455 4663 513 4708 nt
543 4670 606 4709 ea
643 4655 710 4710 de
745 4671 910 4710 causa
951 4656 1004 4708 in
1037 4654 1352 4725 Menologiis
1379 4655 1690 4713 Graecorum
1725 4660 1814 4715 die
1857 4677 2021 4715 xxvnt

453 4745 699 4802 Octobris
731 4748 1040 4802 consecrari
1064 4749 1342 4802 meruerit.

518 4837 582 4892 ll.
627 4838 707 4893 Ex
759 4839 862 4894 hac
909 4847 1090 4892 autem
1142 4839 1196 4892 in
1234 4840 1431 4896 tabulis
1471 4841 1671 4897 Graecis
1706 4844 2023 4914 consignata

449 4928 774 4983 Malchionis
803 4929 1100 4995 memoria,
1131 4930 1552 4986 existimaverim
1593 4933 1842 5002 equidem
1880 4933 2022 4986 cele-

451 5019 662 5075 bratam
693 5019 876 5075 fuisse.
897 5020 1039 5075 hanc
1064 5022 1329 5091 synodum
1361 5039 1506 5079 anno
1531 5040 1722 5078 ccutx
1744 5025 2024 5079 desinente

451 5124 616 5182 atque
672 5114 994 5182 insequente
1042 5124 1404 5185 prorogatam.
1475 5117 1842 5172 Contirmatur
1896 5132 2024 5171 vero

523 5310 600 5380 (l)
640 5311 866 5375 Euseb.,
902 5308 1043 5364 Hist.
1076 5312 1235 5372 eccl.,
1273 5311 1366 5366 lib.
1391 5327 1464 5364 vn
1491 5352 1505 5374 ,
1535 5328 1654 5380 cap.
1687 5311 1774 5366 9.9.

521 5380 598 5447 {2)
639 5379 883 5446 llieron.,
920 5381 996 5434 De
1021 5382 1118 5435 vir.
1145 5385 1371 5450 illustr.,
1398 5397 1518 5450 cap.
1560 5379 1645 5434 Ἡ.

521 5450 597 5518 (3)
638 5451 859 5514 Euseb.,
887 5453 924 5506 l.
960 5471 1008 5506 σε.

518 5521 598 5586 lt)
637 5521 816 5577 Vales.
851 5525 904 5576 in
945 5529 1058 5576 not.
1087 5520 1154 5574 ad
1185 5520 1417 5586 Euseh.,
1443 5521 1480 5573 l.
1514 5535 1565 5574 c.

517 5589 592 5662 (5)
634 5591 963 5662 Prolegom.,
992 5608 1108 5658 cap.
1145 5592 1240 5662 19.;
1281 5590 1308 5660 ς
1343 5593 1393 5662 ιε

447 5657 595 5784 55g»
637 5657 822 5732 Epist:
852 5677 1005 5716 conc.
1047 5657 1326 5723 Antiocth
1373 5660 1400 5731 §
1451 5661 1499 5714 l.
1533 5657 1652 5717 Vid.
1703 5658 1850 5727 infr.,
1899 5678 2017 5735 pag.

518 5799 594 5870 (7)
633 5799 786 5867 Pagi,
811 5798 947 5854 Crit.
986 5799 1051 5854 ad
1082 5813 1210 5852 ann.
1241 5797 1368 5864 2H,
1399 5798 1506 5870 §2.

2134 2815 2392 2888 Dionysio
2443 2816 2682 2887 pontifici
2735 2814 2980 2870 Romano
3021 2814 3282 2883 inscripta
3312 2855 3326 2878 ,
3363 2813 3457 2868 sed
3503 2815 3710 2869 reddita

2134 2907 2294 2962 Felici
2338 2909 2457 2978 ejus
2499 2909 2842 2972 successori,
2880 2907 3026 2977 quod
3070 2907 3159 2960 ille
3199 2921 3512 2974 supremum
3565 2906 3710 2959 diem

2134 3000 2330 3056 obierit
2363 3000 2465 3055 sub
2497 3000 2655 3054 linem
2691 2999 3004 3054 Decembris
3035 2997 3276 3068 ejusdem
3318 2997 3446 3050 anni
3483 3012 3710 3061 cculx,

2134 3100 2193 3145 ut
2237 3091 2489 3160 superius
2533 3099 2813 3146 ostensum
2851 3089 2949 3160 (5).
2988 3089 3153 3158 quue
3204 3088 3400 3142 iterum
3448 3089 3710 3142 astruitur

2132 3199 2198 3237 ex
2240 3183 2404 3238 citata
2445 3182 2674 3251 epistola
2722 3181 2980 3252 synodica
3005 3222 3020 3246 ,
3048 3180 3140 3234 ubi
3178 3181 3366 3235 Patres
3403 3179 3470 3234 de
3514 3177 3709 3232 Firmi-

2132 3272 2277 3326 liano
2315 3273 2668 3343 Cappadocia:
2716 3273 2959 3326 antistite
2998 3272 3159 3325 verba
3200 3270 3459 3324 facientes
3491 3287 3504 3322 :
3554 3268 3710 3323 Nunc

2131 3381 2330 3435 quoque
2350 3404 2364 3428 ,
2407 3364 2657 3433 inquiunt
2687 3362 2784 3434 (6),
2814 3372 3060 3416 venturus
3099 3370 3211 3414 erat
3241 3357 3624 3425 Firmilianus;
3652 3369 3707 3414 et

2123 3453 2239 3522 jam
2272 3454 2493 3509 Tarsum
2523 3471 2682 3524 usque
2710 3463 3031 3525 pervenerat.
3063 3451 3164 3507 Sed
3197 3469 3313 3506 cum
3337 3468 3429 3505 nos
3452 3452 3571 3520 jam
3592 3467 3710 3504 con-

2131 3549 2442 3600 venissemus
2465 3587 2478 3611 ,
2503 3547 2704 3600 interea
2733 3546 2835 3600 loci
2872 3546 2997 3598 dum
3020 3545 3170 3598 illum
3205 3545 3520 3598 accersimus
3540 3585 3554 3608 ,
3580 3544 3708 3596 dum

2129 3639 2241 3708 ejus
2294 3640 2570 3692 adventum
2617 3647 3015 3706 exspectamus,
3074 3637 3203 3690 abiit
3261 3653 3288 3689 e
3351 3637 3476 3689 vita.
3540 3636 3706 3705 Atqui

2129 3730 2300 3785 Graeci
2333 3731 2386 3784 in
2428 3729 2730 3800 Dlenologio
2776 3730 2863 3784 die
2898 3743 3069 3783 xxvut
3113 3727 3364 3783 Octobris
3408 3727 3464 3780 S.
3504 3725 3706 3780 Firmi-

2128 3815 2260 3872 liani
2289 3816 2549 3871 Cazsarea:
2590 3817 2644 3870 in
2681 3814 3022 3885 Cappadocia
3057 3813 3295 3883 episcopi
3329 3812 3524 3867 festum
3559 3812 3702 3865 diem

2128 3916 2313 3977 agunt.
2361 3906 2567 3974 Quare,
2598 3916 2658 3962 ut
2700 3907 2822 3976 jure
2857 3905 3034 3975 arguit
3072 3903 3270 3973 Pagius
3304 3903 3400 3972 (7),
3433 3905 3479 3957 si
3517 3917 3583 3958 eo
3616 3903 3705 3956 die

2129 3997 2479 4053 Firmilianus
2517 3998 2583 4052 ad
2621 4012 2852 4068 superos
2885 3997 3135 4060 transiit,
3165 4003 3294 4049 tunc
3327 3995 3438 4064 jam
3471 4010 3702 4064 congre-

2061 4073 2099 4127 Β
2131 4100 2250 4162 gata
2279 4101 2396 4145 erat
2428 4091 2667 4162 synodus
2697 4089 3055 4144 Antiochena.

2207 4200 2388 4269 Atque
2425 4214 2491 4253 ex
2521 4199 2607 4253 his
2640 4198 2920 4253 enimvero
2957 4195 3115 4265 longo
3151 4194 3432 4248 aberrasse
3481 4190 3708 4246 Pearso-

2133 4289 2284 4343 nium
2310 4287 2639 4359 colligimus,
2671 4289 2765 4356 qui
2798 4286 3019 4339 unicum
3052 4294 3260 4338 tantum
3291 4282 3577 4336 concilium
3602 4281 3710 4334 An-

2134 4380 2442 4436 tiochenum
2466 4382 2521 4436 in
2539 4397 2704 4436 causa
2727 4379 3067 4435 Samosateni
3085 4388 3332 4433 coactum
3359 4392 3502 4430 anno
3516 4390 3704 4429 ccuvn

2133 4475 2417 4544 agnoscit;
2451 4490 2480 4528 a
2518 4489 2626 4543 quo
2660 4484 2943 4542 propterea
2989 4473 3182 4526 merito
3213 4470 3476 4525 dissident
3511 4469 3589 4520 vel
3618 4470 3704 4522 sui

2131 4569 2488 4633 contribules,
2536 4567 2724 4621 Bullus
2768 4565 2843 4636 (8)
2889 4575 2942 4620 et
2982 4564 3270 4619 Dodvellus
3301 4563 3400 4633 (9),
3443 4571 3500 4616 ut
3543 4560 3705 4614 Tille—

2132 4655 2775 4728 Inonlium(10)a|iosque
2799 4657 3132 4713 omittamus.
3158 4655 3340 4725 Neque
3367 4654 3596 4708 advertit
3623 4652 3704 4705 vir

2133 4760 2327 4804 cattcra
2350 4749 2562 4812 doetus,
2594 4750 2734 4804 hanc
2757 4751 3022 4821 synodum
3051 4765 3157 4818 qua
3185 4748 3251 4802 de
3277 4747 3507 4816 agimus,
3539 4743 3704 4798 Euse-

2133 4840 2224 4894 bio
2255 4848 2570 4909 postremam
2597 4849 2882 4910 eapropter
2915 4841 3113 4895 dictam
3148 4849 3207 4893 ut
3242 4839 3404 4892 modo
3431 4835 3700 4899 vidimus,

2131 4933 2276 5002 quod
2339 4933 2528 5000 prima:
2583 4933 2830 4988 videlicet
2888 4933 3226 4986 meminisset
3284 4930 3414 5001 (ll),
3477 4929 3531 4982 in
3591 4943 3699 4997 qua

2133 5025 2361 5078 maxime
2394 5026 2721 5079 eminuerunt
2747 5025 3096 5078 Firmilianus
3130 5024 3384 5079 Cwsaretc
3418 5021 3699 5091 Cappado-

2132 5133 2251 5169 cum
2304 5117 2604 5186 episcopus,
2663 5118 2944 5187 Gregorius
2991 5115 3411 5185 Thaumaturgus
3460 5113 3697 5182 aliique;

2194 5322 2267 5392 (8)
2308 5320 2470 5384 Bull.,
2515 5319 2696 5373 Iudic.
2742 5316 2888 5371 Eccl.
2926 5317 3087 5381 cat/1.,
3121 5331 3239 5386 cap.
3281 5317 3338 5380 5,
3376 5315 3405 5389 §
3455 5316 3520 5384 7,
3566 5330 3687 5385 pag.

2050 5406 2090 5460 ο
2123 5393 2211 5446 28.

2197 5463 2272 5544 (9)
2311 5461 2521 5544 Βοιινςἐζ
2554 5457 2778 5512 Dissert.
2816 5457 2957 5527 sing.
3002 5456 3068 5511 ad
3101 5472 3225 5528 opp.
3261 5455 3445 5511 Pears.
3475 5470 3597 5523 cap.
3636 5455 3689 5519 6,

2131 5531 2588 5672 §i(i‘i))p?fga_lltjtii.,
2638 5597 2990 5672 Mém.__eccl.,
3043 5612 3173 5650 tom.
3225 5595 3316 5661 ιν,
3368 5604 3480 5651 not.
3528 5595 3558 5648 ι
3598 5607 3694 5649 sur

2127 5667 2261 5729 Paul
2291 5667 2356 5724 de
2393 5670 2628 5732 Salnos.,
2658 5683 2778 5736 pag.
2812 5667 2932 5719 666.

2200 5741 2311 5814 (ll)
2353 5740 2576 5807 Euseb.,
2613 5733 2756 5792 Hist:
2788 5736 2942 5803 eccl.,
2967 5736 3061 5791 lib.
3090 5751 3188 5803 vn,
3212 5750 3331 5804 cap.
3367 5733 3455 5788 28.
