4034 6376
298 391 399 448 eis
1011 350 1426 446 MALcnloa'ts
1462 389 1797 448 EPISTULA
1832 391 1891 446 (ιι

1931 391 2109 446 NTRA
2145 391 2276 447 PAU
2286 390 2430 447 LUM
2482 387 2824 445 SAMOSAT.
3417 391 3524 448 250

298 521 531 578 quorum
554 515 736 561 tamen
774 508 913 562 alter
954 517 1184 562 mortem
1218 506 1549 577 oppetierat,
1585 523 1695 576 quo
1732 516 1866 562 tcm-
1892 513 1938 569 Α
1966 505 2248 561 Fabricius
2293 503 2427 573 (l6),
2474 503 2568 572 qui
2612 500 2922 571 Hieronymi
2972 500 3344 556 auctoritatem
3383 519 3524 572 quo-

297 613 426 666 pore
457 605 643 653 coacta
675 596 777 651 fuit
799 606 1099 665 postrema;
1126 598 1260 654 alter
1280 614 1408 655 vero
1430 601 1483 654 in
1506 599 1746 669 ejusdem
1774 615 1863 654 ac—
1962 598 2252 653 dammodo
2306 596 2518 651 elevare
2579 594 2967 664 aggrediuntur
3002 609 3016 643 :
3077 593 3202 647 licet
3257 595 3527 663 posterior

298 690 366 743 tis
393 688 643 757 nuspiam
686 697 984 757 comparet,
1014 698 1129 744 tum
1156 701 1210 745 et
1254 691 1370 759 ipse
1402 688 1633 746 fortasse
1664 690 1860 746 defun-
1963 692 2156 747 melius
2209 689 2528 754 consultus,
2595 686 2916 743 sententiam
2965 685 3219 755 deinceps
3271 687 3523 750 mutarit,

297 794 437 835 ctus.
464 777 734 834 Nimirum
771 780 825 833 in
860 781 1073 850 priore,
1100 796 1245 837 anno
1273 780 1474 836 Christi
1509 798 1699 838 cculv
1727 785 1865 837 cele-
1961 783 2314 840 Malchionem
2362 780 2609 850 ejusdem
2651 779 2893 846 epistola:
2931 777 3203 849 synodica:
3250 786 3526 833 auctorem

295 872 475 934 brata,
504 870 896 927 Samosatenus
935 871 1204 941 dogmatis
1240 872 1325 926 sui
1364 872 1652 927 novitatem
1679 874 1863 929 occul-
1963 890 2262 948 agnoscens
2304 873 2438 945 (17).
2488 870 2548 925 In
2591 886 2754 939 quam
2791 870 3008 940 quidem
3040 868 3360 923 sententiam
3403 885 3529 924 con-

293 970 415 1015 tare
444 961 705 1026 adnisus,
740 960 1010 1015 indemnis
1031 961 1239 1028 evasit;
1268 962 1324 1015 in
1351 964 1651 1031 posteriore
1682 971 1861 1017 autem
1962 969 2194 1026 cessisse
2233 979 2452 1039 quoque
2500 964 2570 1018 cl.
2616 961 2952 1018 Harduinum
2986 960 3121 1033 (18),
3157 963 3298 1017 duce
3341 964 3527 1032 procul

293 1049 447 1104 circa
479 1065 684 1104 annum
728 1065 900 1104 ecus
955 1051 1438 1116 habita,Ecclesiae
1483 1053 1864 1108 communione
1962 1061 2125 1117 dubi.)
2156 1058 2507 1129 Hieronymo,
2543 1056 2815 1112 novimus.

291 1140 621 1197 interdictus
650 1149 813 1212 atque
844 1143 913 1198 ab
942 1143 1234 1214 episcopali
1269 1143 1396 1200 sede
1422 1143 1665 1215 dejectus
1696 1144 1867 1203 fuisse
2032 1152 2297 1207 Caeterum
2316 1191 2331 1216 ,
2365 1164 2490 1205 cum
2521 1147 2699 1202 tradat
2732 1146 2997 1203 Eusebius
3022 1146 3153 1217 (l9),
3192 1155 3526 1216 postremum

290 1231 631 1303 perhibetur.

1964 1241 2113 1300 istud
2160 1241 2562 1296 Antiochenum
2631 1238 2922 1295 concilium
2975 1238 3305 1294 celebratum
3358 1241 3529 1295 fuisse

370 1322 456 1376 lli.
495 1321 761 1378 Damnata
810 1323 994 1395 itaque
1040 1324 1206 1382 Paulo
1256 1335 1310 1383 et
1352 1325 1562 1384 Domno
1606 1328 1862 1396 suffecto,
1966 1332 2283 1404 temporibus
2342 1329 2617 1386 Aureliani
2673 1330 3039 1399 imperatoris,
3087 1345 3249 1399 quem
3309 1331 3528 1399 quidem

289 1415 489 1470 Patres
513 1413 837 1470 Αηιίοοιιθηὶ
860 1432 1051 1482 unum,
1079 1418 1157 1473 ait
1185 1416 1452 1474 Eusebius
1476 1419 1610 1491 (12),
1634 1436 1699 1476 ex
1726 1437 1867 1475 ωηι-
1964 1442 2107 1482 anno
2129 1441 2301 1481 ccux
2329 1424 2472 1480 circa
2498 1438 2736 1479 mensem
2772 1423 3022 1492 Aprilem,
3051 1420 3277 1478 Claudio
3323 1421 3368 1476 ll
3400 1440 3529 1480 suc-

293 1509 448 1561 muni
474 1508 729 1562 sententia
757 1507 827 1561 ad
860 1507 1174 1579 Dionysium
1215 1509 1466 1566 Romana:
1491 1512 1643 1567 urbis
1668 1513 1867 1583 episco-

1963 1519 2195 1575 cessisse
2223 1532 2345 1573 cum
2378 1506 2724 1571 Tillemontio
2751 1513 2863 1586 (20)
2891 1529 3216 1580 censemus;
3247 1524 3528 1583 propterea

289 1620 423 1672 pum
447 1611 499 1658 et
516 1603 587 1656 ad
621 1600 917 1657 Maximum
944 1602 1363 1658 Alexandrinum
1398 1605 1720 1676 scripserunt
1751 1609 1865 1676 ϐρί-
1964 1612 2153 1667 eodem
2173 1625 2317 1665 anno
2338 1617 2590 1665 currente
2611 1607 2967 1677 perscriptam
2991 1606 3159 1662 fuisse
3182 1622 3213 1661 a
3233 1606 3531 1663 Malchioue

290 1695 513 1750 stolam.
564 1693 717 1749 Ilanc
759 1702 940 1749 autem
984 1695 1264 1765 epistolam
1309 1697 1626 1766 synodicam
1675 1698 1867 1763 litteris
1966 1700 2108 1755 hanc
2141 1696 2782 1772 synodicamepistolam
2816 1696 3222 1762 existimamus,
3249 1712 3372 1751 cum
3408 1696 3530 1751 Dio-

289 1786 654 1857 consignasse
688 1783 1045 1840 Malchionem
1073 1824 1089 1847 .
1113 1786 1267 1840 testis
1297 1795 1380 1841 est
1411 1786 1717 1844 luculentus
1750 1787 1868 1843 Hie-
1898 1853 1937 1864 _
1966 1792 2108 1864 nysii
2138 1790 2367 1846 Romani
2396 1788 2666 1861 pontiﬁcis
2693 1788 2876 1844 obitus
2913 1788 3165 1845 nuntium
3189 1787 3530 1844 Antiochiam

290 1853 563 1951 mnymus
596 1876 708 1949 (l3)
736 1895 753 1933 :
785 1876 888 1932 Sed
923 1888 972 1932 et
1015 1878 1124 1932 alia
1144 1917 1159 1944 ,
1186 1879 1378 1950 inquit,
1402 1882 1617 1950 grandis
1645 1883 1867 1949 epistola
1898 1853 1939 1907 Β
1968 1853 2209 1938 nondum
2239 1853 2593 1951 pervenisset.

288 1984 361 2023 ea:
396 1985 623 2038 persona
666 1969 889 2039 synodi,
920 1968 982 2023 ab
1022 1984 1082 2023 eo
1121 1970 1318 2039 scripta
1359 1971 1430 2024 ad
1469 1971 1777 2045 Dionysium
1817 1969 1904 2028 et'
2034 1973 2206 2029 Porro
2235 1973 2505 2044 ejusmodi
2537 1969 2925 2027 ecclesiasticae
2952 1968 3295 2040 antiquitatis
3335 1984 3530 2024 monu-

295 2058 617 2126 Jlazimum,
640 2058 893 2116 Romana:
916 2070 967 2115 et
986 2060 1365 2117 Alexandriam
1385 2062 1636 2119 Ecclesia:
1662 2064 1864 2134 episco-
1970 2073 2212 2120 mentum
2243 2078 2308 2119 ex
2346 2061 2580 2118 Eusebio
2610 2060 2903 2116 Valesiano
2934 2059 3353 2130 descripsimus,
3381 2062 3534 2116 addi»

295 2170 411 2224 pos,
440 2153 718 2223 dirigitur.
748 2151 934 2222 Neque
965 2153 1162 2208 mirum
1188 2169 1348 2220 sane,
1378 2155 1648 2212 antistites
1679 2157 1870 2211 Antio-
1968 2156 2041 2210 tis
2065 2170 2282 2225 quoque
2315 2153 2631 2224 fragmentis
2654 2153 2921 2223 ejusdem,
2951 2161 3011 2206 ut
3037 2153 3268 2219 videtur,
3295 2154 3535 2223 epistolae

296 2246 502 2301 cbenos
533 2245 590 2300 id
618 2245 864 2301 muneris
890 2244 1180 2302 Malchioni
1208 2248 1631 2311 detulisse.viro
1660 2251 1871 2306 scilicet
1967 2263 2089 2317 qua:
2141 2248 2283 2318 apud
2344 2245 2633 2301 Leontium
2694 2245 3013 2317 Byzantium
3066 2256 3351 2301 servantur
3397 2245 3531 2317 (2|).

297 2335 697 2403 disertissimo;
737 2335 941 2407 quique
968 2346 1211 2409 suscepta
1242 2340 1595 2409 disputatione
1621 2340 1868 2396 adversus
1966 2338 2233 2394 Praeterea
2282 2337 2614 2408 subjecimus
2661 2352 2727 2392 es
2777 2337 2967 2392 eodem
3011 2334 3239 2391 Leontio
3283 2346 3338 2392 et
3373 2336 3535 2417 Petro

302 2428 568 2495 Paulum,
611 2437 675 2483 ut
726 2429 916 2484 scribit
959 2429 1227 2488 Eusebius
1261 2431 1395 2503 (14),
1441 2433 1585 2488 solus
1636 2434 1868 2488 omnium
1968 2432 2207 2488 Diacono
2241 2429 2377 2502 (22),
2408 2444 2529 2500 quze
2574 2436 2834 2499 superant
2868 2442 2937 2483 ex
2978 2428 3129 2484 Actis
3154 2428 3535 2498 disputationis

301 2519 529 2575 occultos
560 2520 788 2576 hominis
831 2538 1011 2577 sensus
1046 2521 1360 2592 fraudesque
1395 2524 1628 2594 detegere
1659 2524 1867 2589 valuit;
1968 2524 2164 2580 habita:
2203 2539 2234 2579 a
2284 2522 2589 2579 Malchione
2633 2531 2826 2579 contra
2874 2524 3289 2580 Samosatenum
3313 2562 3330 2589 ,
3376 2521 3535 2592 cujus

301 2620 361 2666 ut
398 2621 683 2683 propterea
725 2613 950 2669 minime
986 2613 1240 2669 audiendi
1275 2614 1385 2670 sint
1421 2612 1633 2670 (lavsus
1665 2613 1779 2685 (15)
1815 2623 1868 2667 et
1965 2618 2132 2689 paulo
2160 2626 2286 2674 ante
2308 2619 2677 2673 meminimus.
3268 2630 3277 2635 '

1994 2821 3516 2851 Μ

1383 2996 2357 3127 MALCHIONIS

739 3253 1341 3345 ECCLESIJE
1445 3250 2268 3379 ANTIOCHENAE
2346 3252 2956 3342 PBESBYTE
2980 3253 3092 3340 BI

1584 3463 2275 3580 EPISTOLA

521 3690 616 3750 Es
654 3702 924 3767 persona
958 3684 1374 3750 Antiochense
1424 3684 1659 3767 synodi
1713 3683 2087 3766 perscripta,
2148 3684 2456 3750 adversus
2499 3686 2768 3749 Paulum
2804 3688 3308 3751 Samosatenum.

1826 4002 1951 4077 ,1⁸

1250 4142 1403 4209 Apud
1432 4140 1720 4197 Eusebium
1767 4141 1913 4196 Hist.
1956 4143 2081 4197 eccl.
2110 4141 2204 4197 lib.
2230 4156 2330 4206 vn,
2355 4157 2470 4210 cap.
2495 4140 2585 4195 30.

374 4253 635 4325 Διονυσίῳ
661 4252 757 4307 καὶ
785 4251 1021 4323 Μαξίμῳ
1048 4252 1143 4305 καὶ
1172 4254 1285 4315 τοῖς
1312 4252 1452 4305 κατὰ
1481 4252 1581 4323 τὴν
1619 4251 1873 4321 οἱκουμέ·
1899 4256 1940 4314 C

2041 4252 2298 4324 Dionysio
2336 4261 2390 4307 et
2418 4251 2676 4315 Maximo,
2709 4261 2763 4303 et
2788 4248 3043 4303 omnibus
3085 4263 3179 4318 per
3215 4247 3537 4305 universum

303 4365 403 4419 νην
435 4348 571 4401 πᾶσι
596 4345 1023 4416 συλλειτουργοῖς
1053 4343 1210 4415 ἡμῶν
1241 4342 1557 4407 ἐπισκόποις
1589 4343 1682 4395 καὶ
1714 4359 1875 4414 πρεσ-

1974 4345 2159 4398 orbem
2195 4342 2587 4399 comministris
2620 4342 2854 4404 nostris,
2884 4340 3176 4409 episcopis,
3212 4340 3540 4411 presbyteris

304 4440 556 4512 δυτέροις
579 4439 673 4492 καὶ
702 4437 998 4500 διακόνοιςο
1034 4437 1126 4490 καὶ
1154 4436 1301 4508 πάσῃ
1340 4438 1406 4506 τῇ
1450 4436 1554 4488 ὑπὸ
1586 4436 1676 4489 τὸν
1706 4436 1874 4508 οὐρα-

1975 4447 2026 4490 et
2057 4434 2330 4499 diaconis;
2355 4443 2407 4489 et
2428 4434 2695 4489 universae
2715 4429 2969 4487 Ecclesiae
2985 4430 3267 4486 catholica:
3289 4446 3410 4500 quae
3438 4432 3540 4485 sub

303 4534 395 4588 νὺν
433 4532 696 4604 καθολικῇ
739 4529 1052 4601 Ἐκκλησίᾳ,
1081 4530 1299 4592 Ἕλενος
1331 4528 1425 4583 καὶ
1469 4527 1755 4599 Ὑμέναιος
1784 4529 1877 4582 καὶ

1976 4523 2115 4580 caelo
2133 4532 2234 4589 est,
2258 4520 2492 4577 Helenus
2508 4532 2560 4577 et
2589 4519 2931 4593 Hymenaaus,
2950 4519 3301 4590 Theophilus,
3319 4519 3543 4576 Theote-

304 4625 564 4696 Θεόφιλος
592 4624 687 4677 καὶ
713 4622 1004 4685 Θεότεκνος
1036 4622 1129 4675 καὶ
1158 4621 1435 4691 Μάξιμος·
1470 4621 1710 4692 Πρόκλος
1734 4638 1747 4651 ·
1781 4622 1877 4674 Νι-

1978 4613 2425 4682 cnus,Maximus,
2439 4613 2722 4677 Proculus,
2740 4610 3013 4677 Nicomas,
3032 4611 3299 4674 Ailianus,
3316 4610 3539 4678 Paulus,

305 4718 486 4788 κόμας
512 4717 607 4769 καὶ
633 4713 880 4777 Δίλιανός
925 4713 1039 4779 (25)
1060 4729 1073 4741 ·
1117 4711 1213 4765 καὶ
1250 4710 1460 4774 Παῦλος
1495 4713 1589 4765 καὶ
1633 4711 1877 4776 Βώλανος

1975 4707 2231 4773 Bolanus,
2252 4705 2606 4791 Protogenes,
2630 4702 2850 4766 Hierax,
2876 4702 3196 4773 Eutychius,
3221 4701 3541 4759 Theodorus

305 4808 403 4863 καὶ
437 4805 793 4878 Πρωτογένης
823 4804 919 4856 καὶ
960 4801 1131 4875 Ἰέραξ
1155 4802 1248 4855 καὶ
1278 4800 1534 4871 Εὐτύχιος
1559 4803 1653 4856 καὶ
1678 4802 1891 4856 Θεόδωοι

1975 4809 2029 4855 et
2057 4798 2326 4854 Malchion
2355 4809 2408 4853 et
2439 4796 2672 4864 Lucius;
2700 4805 2754 4851 et
2779 4795 2972 4865 reliqui
3014 4810 3205 4849 omnes
3236 4794 3327 4864 qui
3358 4795 3542 4850 nobis-

307 4899 403 4969 ρος
431 4896 526 4951 καὶ
553 4893 812 4964 Μαλχίων
852 4892 947 4946 καὶ
978 4890 1204 4953 Λούκιος
1225 4906 1238 4920 ·
1271 4890 1367 4943 καὶ⁹
1397 4891 1446 4944 οἱ
1474 4889 1651 4945 λοιποὶ
1681 4891 1879 4956 πάντες

1976 4908 2101 4948 cum
2142 4900 2269 4947 sunt
2302 4890 2603 4945 vicinarum
2640 4888 2858 4943 urbium
2896 4896 2951 4943 et
2988 4886 3392 4959 provinciarum
3422 4888 3540 4956 cpi-

381 5116 496 5189 (19.)
532 5114 758 5189 Euseb,
788 5112 929 5189 Hist.
958 5110 1141 5189 certes.
1175 5110 1276 5165 lib.
1300 5125 1400 5176 vn,
1435 5124 1559 5189 cap.
1587 5109 1681 5167 50.
2058 5109 2162 5189 (21))
2202 5108 2428 5189 Τίιιιειῃι
2431 5148 2465 5189 ,A
2474 5105 2618 5160 Hist.
2649 5107 2740 5160 des
2761 5116 2895 5174 emp.
2916 5145 2939 5172 ,η
2958 5112 3091 5159 tom.
3124 5100 3217 5167 lll,
3245 5108 3359 5156 not.
3384 5101 3420 5156 5
3445 5116 3543 5157 sur

408 5178 495 5302 15)
534 5178 780 5248 Hieron.,
825 5183 896 5237 De
945 5183 1043 5236 vir.
1072 5180 1294 5249 illustr.,
1326 5197 1448 5251 cap.
1481 5180 1566 5233 7f.
1979 5178 2001 5236 '1

409 5258 474 5302 u
535 5255 759 5302 Euseb“
792 5253 831 5302 Ι.
861 5267 912 5302 c.
943 5267 1064 5302 can.
1094 5251 1183 5302 29.

1979 5178 2188 5245 Aul-eL,
2220 5196 2341 5248 pag.
2364 5178 2488 5232 552.

2046 5251 2157 5302 (2|)
2196 5249 2386 5302 Leout.
2417 5248 2567 5302 sz..
2597 5246 2693 5301 lib.
2721 5252 2782 5300 tu
2811 5252 2982 5299 contr.
3009 5240 3245 5302 Nestor.,
3281 5240 3382 5295 sub
3413 5240 3506 5296 ﬁn.

408 5189 475 5240 15
535 5189 780 5248 Hieron.,
825 5189 896 5237 De
945 5189 1043 5236 vir.
1072 5189 1294 5249 illustr.,
1326 5197 1448 5251 cap.
1481 5189 1566 5233 7L
1979 5189 2188 5245 Aul-eL,
2220 5196 2341 5248 pag.
2364 5189 2488 5232 552.

409 5189 495 5324 Mi
535 5255 759 5312 Euseb..
792 5253 831 5306 l.
861 5267 912 5307 c.
943 5267 1064 5321 cap.
1094 5251 1183 5305 29.
2046 5251 2157 5316 (2i)
2196 5249 2386 5303 Leout.
2417 5248 2567 5318 Byz.,
2597 5246 2693 5301 lib.
2721 5252 2782 5300 tu
2811 5252 2982 5299 contr.
3009 5240 3245 5303 Nestor.,
3281 5240 3382 5295 sub
3413 5240 3507 5296 ﬁn.

344 5189 498 5451 ³ξεί)
535 5327 691 5391 Cav.,
729 5322 875 5378 Hist.
910 5322 1016 5377 litt.
1055 5322 1120 5377 ad
1159 5335 1288 5378 ann.
1320 5318 1459 5386 270,
1496 5328 1627 5374 tom.
1669 5316 1723 5384 Ι,
1756 5334 1882 5391 pag.
1984 5321 2166 5451 “$226)
2204 5319 2349 5374 Petr.
2376 5315 2520 5373 Diac.
2543 5359 2559 5375 .
2601 5317 2697 5372 lib.
2733 5315 2813 5389 De
2842 5315 3104 5403 incarnat.
3151 5312 3220 5366 ad
3258 5310 3539 5382 Fulgent.,

311 5388 498 5590 ,ὅξίῶ
535 5463 752 5523 Fabric.
770 5503 787 5531 ,
817 5460 961 5518 Bibl.
990 5460 1116 5516 eccl.
1141 5461 1197 5517 in
1236 5468 1349 5516 not.
1375 5459 1441 5515 ad
1469 5457 1692 5514 Hieron.
1714 5498 1730 5524 ,
1758 5474 1880 5530 pag.
1984 5388 2556 5528 caﬁZ’SOAljuJiar-dq.
2579 5456 2635 5537 in
2664 5455 2851 5538 codice
2873 5451 3099 5513 Malam,
3128 5450 3538 5533 Fuket...Savil.
3562 5518 3565 5521 _

313 5534 383 5590 16
424 5578 439 5590 .
1985 5540 2041 5587 et
2065 5529 2202 5583 Med.
2235 5528 2483 5590 Αελιανὸς
2508 5530 2718 5590 legitur.
2756 5523 2984 5577 Ruﬁnus
3010 5537 3227 5590 quoque
3262 5521 3541 5577 JEIIanum

313 5524 439 5592 161.
478 5524 492 5539 ’
772 5524 785 5531 ⁷
1758 5524 1775 5529 ”
1831 5524 1857 5530 ⁷
1985 5540 2041 5587 et
2065 5524 2202 5583 Med.
2235 5524 2483 5594 Ᾱελιανὸς
2508 5527 2718 5597 legitur;
2756 5524 2984 5577 Ruﬁnus
3010 5537 3227 5591 quoque
3262 5524 3541 5577 JEIianum

386 5606 499 5681 (ﬂ)
538 5603 777 5681 ﬂabris"
808 5602 950 5681 Binbl.
973 5599 1065 5681 Gr.
1093 5608 1227 5681 tom.
1250 5599 1344 5681 ξι,
1372 5600 1494 5681 pag.
1693 5675 1704 5681 Δ
1913 5597 1963 5657 D
1988 5608 2168 5664 vocat,
2192 5608 2355 5681 atque
2401 5599 2472 5678 ita
2507 5598 2618 5677 fere
2648 5591 3541 5681 Nicepho'rusetSyncelrlusg‘gat

410 5661 497 5747 18)
538 5661 829 5750 Harduin.,
858 5671 1069 5727 Concil.
1110 5679 1245 5727 tom.
1278 5661 1341 5737 1,.
1374 5661 1509 5727 sdit.
1545 5667 1730 5725 Venet.
1761 5682 1881 5740 pag.
1990 5661 2166 5750 terum
2191 5661 2630 5750 .At'lianasius,.in
2655 5661 3541 5750 synodisérir'uit‘tifl

312 5729 584 5806 911ξίίιοι.
616 5745 669 5798 1.
790 5729 826 5738 Ἰ
1320 5729 1331 5737 ’
1762 5729 1777 5738 ’
1830 5729 1860 5740 ”
1993 5739 2272 5800 Seleuciae,
2302 5747 2529 5806 testatur
2558 5737 2610 5788 in
2655 5735 2757 5786 hac
2787 5732 2995 5806 synodo
3017 5729 3089 5786 τί)
3133 5731 3296 5806 fuisse
3333 5729 3543 5791 Patres,

385 5802 499 5887 (19)
522 5808 736 5872 Euseb.
766 5812 805 5869 Ι.
829 5827 877 5869 c.
910 5825 1031 5882 cap.
1058 5808 1147 5866 50.
1432 5838 1435 5841 ν
1992 5811 2087 5880 qui
2119 5808 2344 5863 Paulum
2374 5805 2813 5861 Samosateusem
2839 5802 3225 5877 deposuerunt.
3252 5802 3441 5854 Vsus.
