4034 6424
311 434 418 490 253

1260 433 1597 490 EPlS'l'OLA
1639 431 1920 489 CORTRA
1960 427 2245 487 PAULUM
2286 426 2625 483 SAMOSAT.

3437 427 3541 483 εει

314 551 508 622 μένους
554 549 668 624 (29)
719 551 816 608 καὶ
862 546 1284 626 ὑπισχνούμενος
1326 554 1610 626 βοηθήσειν
1663 551 1868 623 μισθοῦ⁴

1979 550 2131 621 cipit,
2166 548 2488 619 promittens
2514 546 2732 616 quidem
2765 560 2887 602 sese
2912 545 3020 601 illis
3048 554 3268 616 accepta
3296 545 3543 601 mercede

306 644 636 716 ιᾧευδόμενος
690 645 747 699 δὲ
792 648 885 701 καὶ
935 645 1172 712 τούτους,
1210 648 1304 701 καὶ
1350 647 1525 719 μάτην
1567 644 1882 716 καρπούμε-

304 755 400 802 νος
423 736 534 809 (30)
576 739 677 810 τὴν
719 738 828 794 τῶν
870 741 930 793 ὲν
968 742 1283 812 πράγμασιν
1342 740 1513 794 ὄντων
1565 738 1883 811 ἑτοιμότητα

305 826 450 898 πρὸς
498 827 559 881 τὸ
599 828 796 883 διδόναι
849 831 986 902 ὑπὲρ
1017 830 1328 902 ἀπαλλαγῆς
1359 830 1467 883 τῶν
1508 817 1879 901 ἐνοχλούντωνο

302 919 576 990 πορισμὸν
611 919 911 991 ἡγούμενος
952 922 1049 994 τὴν
1091 920 1399 977 θεοσέϐειαν
1457 922 1587 994 (51).
1634 921 1770 975 Οὔτε
1808 922 1882 986 ὡς

303 1006 491 1079 ὑψηλὰ
517 1013 707 1080 φρονεῖ
735 1011 843 1081 (52)
876 1011 971 1064 καὶ
1005 1011 1308 1083 ὑπερῆρται
1331 1012 1566 1083 κοσμικὰ
1600 1010 1882 1083 ἀξιώματα

301 1096 687 1168 ὑποδυόμενος·
712 1100 804 1152 καὶ
834 1099 1181 1171 δουκηνάριος
1204 1102 1311 1173 (55)
1350 1101 1546 1172 μᾶλλον
1586 1100 1619 1172 ἢ
1666 1101 1883 1155 ἐπίσκο-

298 1206 407 1254 πος
456 1190 627 1245 θέλων
675 1192 972 1246 καλεῖσθαι·
1025 1193 1118 1245 καὶ
1152 1193 1322 1246 σοΰῶν
1350 1193 1491 1247 κατὰ
1515 1193 1612 1256 τὰς
1649 1193 1849 1263 ἀγοράς

300 1282 405 1336 καὶ
426 1283 713 1347 ἐπιστολὰς
732 1283 1116 1353 ᾲναγινὼσκων
1142 1287 1233 1339 καὶ
1251 1285 1603 1357 ὑπαγορεύων
1622 1285 1735 1356 ἃμα
1766 1285 1874 1355 (54)

302 1372 544 1443 βαδίζων
570 1375 803 1447 δημοσίᾳ
832 1377 923 1430 καὶ
954 1376 1439 1449 δορυφορούμενος,
1475 1376 1580 1431 τῶν
1612 1377 1708 1449 μὲν
1750 1395 1882 1447 προ-

300 1469 710 1540 πορευομένων,
726 1468 834 1522 τῶν
852 1470 909 1524 δὲ
927 1470 1278 1541 ὲφεπομὲνων
1302 1470 1510 1524 πολλῶν
1524 1460 1613 1523 τὸν
1629 1470 1748 1540 ἀριθ
1759 1471 1876 1540 pov-

296 1563 383 1625 ὡς
419 1561 516 1616 καὶ
553 1561 651 1633 τὴν
697 1561 880 1614 πίστιν
906 1560 1215 1630 φθονεῖσθαι
1246 1562 1340 1617 καὶ
1363 1560 1631 1633 μισεῖσθαι
1656 1561 1741 1614 διὰ
1774 1560 1879 1616 τῶν

1983 658 2141 714 opem
2171 643 2444 708 laturum;
2477 640 2672 695 fallens
2704 650 2881 694 autem
2916 639 3087 709 ipsos,
3109 647 3163 692 et
3185 654 3252 693 ex
3288 638 3545 695 facilitate

1983 733 2331 805 litigantium,
2358 733 2471 803 qui,
2505 741 2566 787 ut
2586 731 2806 802 negotio
2824 730 3139 794 liberentur,
3168 730 3382 800 quidvis
3413 732 3545 787 dare

1982 825 2159 897 parati
2191 832 2339 889 sunt,
2366 825 2579 879 lucrum
2616 823 2850 878 inaniter
2896 831 3156 892 captans;
3197 833 3250 878 et
3288 826 3542 895 pietatem

1982 927 2247 988 quaestum
2276 931 2395 971 esse
2419 916 2764 971 existimans.
2789 913 2974 985 Neque
3005 916 3149 985 quod
3187 915 3327 972 fastu
3368 925 3422 972 et
3453 934 3544 972 ar-

1981 1010 2228 1078 rogantia
2263 1023 2429 1078 supra
2460 1008 2681 1062 modum
2715 1007 2892 1063 elatus
2943 1008 3234 1062 sazculares
3275 1009 3419 1079 gerit
3458 1010 3543 1064 di-

1981 1098 2242 1168 gnitates,
2297 1107 2352 1153 et
2392 1098 2719 1153 ducenarius
2782 1098 2967 1154 vocari
3022 1113 3185 1166 quam
3253 1099 3541 1169 episcopus

1981 1190 2214 1257 mavult,
2256 1206 2355 1260 per
2386 1187 2564 1245 foru'm
2615 1190 2897 1260 magnifice
2944 1190 3236 1253 incedens;
3283 1192 3542 1260 epistolas

1978 1283 2196 1355 legens,
2253 1298 2319 1340 ac
2373 1277 2584 1339 dictans
2636 1285 2778 1339 inter
2837 1283 3219 1338 ambulandum
3260 1285 3434 1353 palam
3475 1300 3541 1341 ac

1979 1375 2226 1444 publice;
2283 1375 2620 1446 stipatusque
2670 1375 2907 1430 maxima
2969 1374 3251 1429 hominum
3301 1375 3543 1430 multitu-

1980 1474 2124 1541 dine,
2157 1473 2352 1544 partim
2391 1469 2768 1542 praeeuntium,
2806 1466 3002 1537 partim
3046 1466 3490 1529 subsequentium
3518 1483 3539 1523 :

1979 1567 2114 1621 adeo
2137 1575 2194 1621 ut
2216 1582 2283 1621 ex
2315 1564 2464 1620 illius
2492 1563 2636 1618 fastu
2656 1571 2711 1617 et
2742 1562 3073 1633 arrogantia,
3102 1561 3429 1616 incredibilis
3454 1562 3540 1616 in-

296 1654 468 1722 δγκον
495 1653 659 1709 αὐτοῦ
691 1654 783 1707 καὶ
820 1653 915 1725 τὴν
945 1654 1319 1725 ὑπερηφανίαν
1356 1654 1453 1726 τῆς
1486 1654 1729 1725 καρδίας·
1756 1652 1868 1706 οὔτε

1978 1658 2120 1712 vidia
2145 1656 2440 1727 odiumque
2469 1656 2762 1710 multorum
2798 1654 3058 1710 adversus
3103 1654 3260 1709 ﬁdem
3294 1662 3539 1708 nostram

297 1746 404 1815 τὴν
435 1746 497 1799 ἐν
526 1748 646 1810 ταῖς
679 1744 1158 1816 ἐκκλησιαστικαῖς
1200 1746 1438 1809 συνόδοις
1464 1745 1766 1817 τερατείαν,
1811 1745 1868 1816 ῆι.

1977 1747 2269 1803 conﬂatum
2293 1749 2382 1803 sit.
2422 1747 2607 1816 Neque
2635 1747 2760 1801 item
2796 1745 2987 1799 attinet
3020 1745 3330 1803 examinare
3366 1745 3541 1800 ambi-

300 1841 617 1911 μηχανᾶται
663 1838 964 1905 δοξοκοπῶν
1009 1839 1103 1892 καὶ
1144 1838 1607 1908 φαντασιοκοπῶψ
1650 1839 1745 1891 καὶ
1779 1835 1868 1900 τὰς

1980 1843 2171 1896 tiosam
2205 1839 2439 1895 hominis
2463 1841 2759 1893 vanitatem
2790 1836 2846 1891 in
2874 1836 3260 1892 ecclesiasticis
3280 1848 3540 1890 ‘couven-

295 1931 409 1984 τῶν
435 1931 840 2002 ἁκεραιοτέρων
871 1929 1047 2000 ψυχὰς
1084 1932 1195 1993 τοῖς
1242 1929 1503 1992 τοιούτοις
1539 1930 1868 2003 ἐκπλήττων·

1979 1934 2142 2001 tibus,
2169 1947 2332 2003 quam
2382 1931 2530 1985 omni
2570 1931 2749 1985 studio
2808 1938 3182 1994 consectatur;
3214 1928 3347 1982 nihil
3392 1928 3539 1984 aliud

297 2019 455 2090 βῆμα
484 2019 584 2090 μὲν
608 2020 702 2072 κα)⁸
737 2018 925 2091 θρόνον
958 2018 1159 2090 ὑψηλὸν
1337 2017 1514 2089 ἑαυτῷ
1542 2035 1879 2073 κατασκευα-

300 2110 559 2180 σάμενος,
593 2109 690 2179 οὐχ
714 2109 789 2172 ὠς
813 2107 1046 2180 Χριστοῦ
1074 2108 1335 2180 μαθητής·
1369 2110 1635 2181 σήκρητον
1665 2108 1720 2162 δὲ
1745 2109 1874 2180 (56),

300 2201 489 2273 ὥσπερ
514 2202 563 2254 οἱ
589 2199 684 2253 τοῦ
712 2199 916 2271 κόσμου
944 2199 1221 2270 ἄρχοντες,
1259 2199 1396 2270 ἔχων
1440 2216 1499 2252 τε
1556 2199 1651 2253 καὶ¹
1683 2200 1877 2271 ὀνομά-

299 2292 427 2355 ζωψ
464 2292 641 2345 παίων
671 2308 731 2344 τε
750 2293 815 2362 τῇ
846 2290 988 2362 χειρὶ
1016 2290 1104 2345 τὸν
1132 2290 1321 2362 μηρὸν,
1352 2289 1445 2343 καὶ
1463 2289 1523 2343 τὺ
1550 2289 1699 2361 βῆμα
1720 2290 1879 2362 ἀράτ-

297 2400 407 2437 των
429 2385 545 2446 τοῖς
582 2372 728 2437 ποσίέ
761 2384 857 2436 καὶ⁵
881 2386 993 2445 τοῖς
1015 2381 1088 2453 μὴ
1109 2378 1407 2446 ἐπαινοῦσι,
1445 2381 1578 2452 μηδὲ
1603 2381 1789 2453 ῶσπερ
1818 2386 1876 2436 ὲν

295 2477 411 2538 τοῖς
431 2473 679 2545 θεάτροις
708 2475 1055 2528 κατασείουσι
1078 2476 1194 2537 ταῖς
1215 2473 1424 2537 ὀθόναις
1450 2473 1581 2544 (57),
1627 2472 1749 2544 μηδ’
1779 2474 1872 2526 ὲκ-

296 2566 463 2620 ὃοῶσε
509 2583 568 2619 τε
619 2566 713 2619 καὶ
761 2564 1076 2636 ἀναπηδῶσι
1111 2564 1251 2618 κατὰ
1304 2564 1372 2618 τὰ
1421 2565 1558 2619 αὐτὰ
1595 2568 1704 2629 τοῖς
1740 2565 1873 2633 ἀμφ’

297 2658 460 2711 αύτὺν
486 2656 814 2720 στασιώταις
851 2657 1074 2727 ἀνδράσι
1109 2673 1167 2710 τε
1208 2656 1301 2710 καὶ
1334 2656 1591 2725 γυναίοις,
1620 2656 1874 2725 ἀκόσμως

295 2749 466 2814 οὕτως
500 2751 889 2823 ἀκροωμένοις·
919 2753 1031 2815 τοῖς
1061 2749 1105 2803 δ’
1127 2744 1228 2803 ὀὖν
1262 2750 1338 2812 ὼς
1368 2749 1425 2802 ὲν
1457 2747 1591 2818 οἴκῳ
1615 2745 1750 2800 Θεοῦ
1780 2763 1870 2799 σε·

299 2842 630 2913 μνοπρεπῶς
665 2842 758 2896 καὶ¹
797 2842 1071 2905 εὐτάκτως
1116 2840 1420 2904 ἀκούουσιν,
1471 2836 1735 2909 ἐπιτιμῶν
1778 2837 1872 2891 καὶ⁹

293 2932 612 3004 ἐνυϐρίζωνο
646 2934 740 2987 καὶ
773 2936 853 2997 εἰς
881 2935 1004 2998 τοὺς
1031 2932 1361 2996 ἀπελθόντας
1391 2934 1454 2984 ὲκ
1476 2930 1568 2984 τοῦ
1609 2929 1722 3001 βίου
1748 2928 1870 2984 τού-

293 3041 387 3076 του
429 3025 702 3097 παροινῶν
744 3025 1012 3097 ἐξηγητὰς
1047 3024 1139 3078 τοῦ
1194 3024 1352 3093 λόγου
1398 3021 1667 3092 φορτικῶς
1699 3024 1757 3075 ὲν
1794 3021 1871 3093 τῷ

295 3115 479 3186 κοινῷ,
524 3116 1144 3190 καὶμεγαλορρημονῶν
1205 3117 1334 3187 περ)⁸
1380 3113 1590 3179 ἑαυτοῦ,
1623 3113 1908 3184 καθάπερ·

291 3208 395 3261 οὐκ
423 3207 741 3275 ἐπίσκοπος,
773 3209 910 3263 ἀλλὰ
942 3209 1200 3281 σοφιστὴς
1228 3209 1322 3262 καὶ
1359 3208 1510 3278 γόης·
1546 3205 1790 3277 ψαλμοὺς
1811 3204 1868 3258 δὲ

295 3380 641 3435 calumniari.
702 3378 794 3436 Sic
839 3382 982 3435 enim
1031 3381 1420 3452 Aristophanes
1467 3393 1520 3439 et
1565 3383 1864 3444 Teleclides

294 3454 618 3518 loquuntur,
645 3459 784 3505 teste
810 3452 979 3505 Suida
1001 3453 1053 3505 in
1087 3468 1216 3506 voce
1244 3455 1436 3506 σεῖσαι.
1455 3453 1653 3512 νΑιεε.

368 3521 482 3588 (29)
541 3523 1003 3593 Καταϐραϐεύων
1043 3522 1184 3589 τοὺς
1226 3523 1665 3593 ἀδικουμένους.
1716 3525 1864 3582 Lan-

295 3607 398 3660 gus
424 3592 605 3662 vertit,
636 3593 857 3662 prwmia
891 3593 1169 3662 accipiens,
1209 3608 1317 3647 non
1353 3592 1513 3651 male.
1549 3593 1727 3650 Utitur
1763 3598 1864 3653 hac

272 3660 662 3732 .voce‘Paulus
687 3663 739 3715 in
772 3661 868 3731 Ep.
904 3664 969 3716 ad
1004 3660 1354 3732 'tjolossenses
1378 3665 1690 3732 cap.m.ln.

366 3729 482 3800 (50)
510 3731 728 3805 Μάτηζ
758 3729 1184 3805 καρπούμενος.
1220 3730 1335 3805 Vo;
1376 3729 1551 3805 μάτην
1585 3734 1862 3792 referenda

292 3810 380 3855 est
425 3816 543 3873 non
569 3802 637 3855 ad
695 3801 924 3856 Paulum
972 3801 1146 3872 ipsum
1186 3802 1280 3871 qui
1312 3801 1414 3857 hac
1439 3801 1554 3860 arte
1579 3809 1863 3873 pecuniam

294 3870 641 3943 corradebat.
683 3873 778 3943 sed
813 3872 880 3926 ad
928 3870 1350 3943 litigantes,qui
1386 3870 1674 3942 pecuni-am
1706 3893 1864 3932 suam

293 3956 458 4015 quam
486 3926 653 3996 Phulo
677 3926 934 4015 dederant
950 3926 1347 4015 ntusull‘ragitim
1372 3926 1693 4015 ἑυὶίὼῖῥέίέ
1707 3926 1866 4002 ἒὸῖιὶῖ

294 4010 562 4073 modaret,
598 4012 892 4080 perdebant
913 4013 1118 4081 absque
1139 4012 1247 4067 ullo
1280 4012 1477 4068 fructu.
1507 4010 1581 4069 In.

368 4081 484 4147 (51)
503 4081 829 4152 ᾈΠορισμόν
854 4084 1184 4152 ἡγούμενος
1212 4081 1328 4150 τὴν
1347 4084 1704 4139 θεοσέϐειαν.
1739 4084 1864 4142 Haec

290 4152 460 4205 verba
485 4150 770 4273 deisumpta
800 4150 928 4207 sunt
962 4150 1030 4207 ei:
1068 4152 1307 4224 Epistola
1344 4154 1363 4207 Ι
1407 4155 1475 4209 ad
1522 4154 1862 4211 Timotheum

292 4235 412 4273 can.
447 4237 521 4273 Vl.
577 4238 629 4273 ο.

292 4235 629 4295 εορᾴρνιηιρ.
733 4292 743 4295 _
1031 4276 1067 4295 _.

366 4288 481 4362 (32)
517 4291 668 4362 Qﬁts
712 4288 1067 4362 dictu-nia
1108 4290 1329 4361 φρονεῖ.
1378 4291 1439 4347 In
1489 4290 1863 4350 vetustissimo

290 4361 483 4432 codice
524 4360 747 4432 Μαῖαν..
800 4360 935 4417 Fuk.
964 4360 1027 4416 et
1066 4362 1265 4417 Medic.
1312 4364 1528 4432 legitur,
1570 4365 1664 4417 καὶ
1693 4364 1864 4428 οὕτως

291 4430 673 4503 ἑψηλοφρονεῖ.
701 4430 804 4487 Sed
834 4434 1031 4503 rectior
1046 4443 1128 4487 est
1154 4430 1681 4503 vulgata—scriptura,
1699 4450 1861 4503 quam

290 4497 724 4573 Regiusgmodex
782 4512 836 4557 et
876 4502 1156 4573 Syncellus
1197 4497 1270 4555 et'
1290 4497 1629 4572 Nicephorus
1664 4497 1862 4558 contir—

289 4568 470 4642 luant.
499 4568 623 4626 Haec
643 4573 787 4642 enim
817 4568 978 4627 verba
1009 4574 1241 4641 pendent
1267 4589 1333 4627 ex
1363 4568 1755 4642 superioribus.
1785 4573 1858 4628 In.

366 4640 482 4710 (53)
520 4640 938 4710 Δουκηνάριος.
981 4640 1055 4697 De
1086 4640 1524 4712 procuratoribus
1555 4644 1862 4699 ducenariis

286 4710 415 4764 vide
451 4726 574 4778 quae
608 4713 827 4780 scripsit
868 4710 1169 4767 Salmasius
1204 4713 1255 4765 in
1299 4714 1444 4767 notis
1481 4714 1547 4767 ad
1570 4713 1861 4769 Historiam

287 4781 617 4853 Angustam.
646 4780 735 4837 Sic
751 4783 1071 4837 dicebantur
1087 4792 1482 4852 procuratores,
1508 4785 1602 4853 qui
1629 4784 1862 4840 ducenta

289 4850 545 4924 sestertia
588 4853 755 4924 annui
789 4853 971 4924 salarii
1012 4850 1231 4906 nomine
1269 4850 1620 4924 accipiebant,
1657 4869 1690 4924 a
1724 4856 1864 4923 priu-

290 4920 543 4993 εἰροη-υι
559 4922 706 4976 clare
727 4922 884 4978 docet
907 4921 1005 4993 Dio
1033 4923 1085 4975 iu
1111 4924 1205 4993 |i_b.
1237 4938 1351 4982 Lut.
1375 4920 1498 4993 pag.
1526 4922 1649 4977 506.
1676 4920 1753 4978 ln'.

363 4989 477 5061 (54)
530 4990 941 5062 ’Υπαγορεύων
969 4991 1107 5062 ἅμα.
1142 4991 1272 5047 Post
1316 4989 1472 5047 Itach
1491 5009 1675 5048 vocem
1724 5009 1862 5062 pun-

287 5068 441 5133 ctum
471 5062 522 5133 i_n
556 5077 774 5116 summo
801 5071 1025 5133 notatur
1064 5072 1175 5116 tum
1211 5062 1264 5115 in
1299 5064 1482 5118 codice
1524 5062 1709 5133 Regio.
1745 5073 1858 5119 tum

288 5129 841 5205 apudjicephorum
883 5131 1323 5205 et__Synccllum.
1367 5133 1470 5205 Sed
1503 5129 1724 5205 cunirin
1767 5151 1862 5189 co-

286 5199 410 5256 dice
445 5199 584 5254 Med.
626 5211 681 5254 et
716 5201 852 5257 Maz.
882 5199 1145 5257 nulla'bic
1175 5213 1388 5257 notetur
1418 5204 1713 5268 distinctio,
1743 5221 1861 5258 ma-

288 5272 383 5323 lim
408 5272 591 5345 legere
615 5286 722 5345 uno
750 5274 935 5345 duc_tu,
974 5272 1327 5345 ὑπαγορεύων
1354 5275 1471 5345 ἅμα
1498 5272 1725 5344 βαδίζων
1765 5275 1860 5345 δη-

290 5340 485 5410 μοσίᾳ,
511 5350 616 5413 etc.
644 5340 803 5413 Certe
839 5342 1068 5398 Rulinus
1095 5340 1238 5397 bu'uc
1274 5340 1449 5399 locum
1498 5340 1571 5398 ita
1618 5344 1743 5413 legit
1774 5340 1857 5398 at-

285 5428 397 5479 que
436 5411 721 5474 intellexit,
778 5421 838 5483 ut
874 5430 939 5467 ex
961 5413 1091 5481 |ejus
1129 5413 1375 5468 versione
1411 5423 1632 5483 apparet
1660 5411 1691 5467 ί
1712 5413 1856 5468 Nam

286 5492 336 5532 et
359 5483 604 5534 incedens
626 5497 719 5549 per
738 5481 961 5552 plateas.
992 5483 1089 5535 tali
1122 5485 1349 5552 quadam
1376 5481 1653 5536 antbitione
1682 5485 1858 5537 uteba-

288 5560 398 5614 tur,
430 5552 637 5619 publice
661 5554 915 5623 epistolas
952 5553 1200 5623 relegens,
1240 5565 1394 5623 atque
1426 5556 1483 5606 in
1522 5554 1709 5607 auditu
1743 5569 1859 5607 om-

287 5624 440 5673 nium
470 5631 520 5674 et
550 5620 716 5675 oculis
749 5623 977 5676 dictans.
1008 5620 1085 5677 lt).

362 5692 485 5762 (55l
514 5689 687 5760 Βῆμα
712 5691 829 5761 μὲν
862 5693 961 5745 καὶ
992 5693 1209 5761 θρόνον
1240 5694 1503 5761 ὑψηλόν.
1542 5691 1852 5762 Reprehen~

292 5762 427 5815 dunt
460 5761 652 5815 Patres
681 5763 1005 5817 Antiocheni
1049 5763 1264 5817 concilii
1300 5764 1352 5815 in
1395 5762 1563 5817 Paule
1599 5761 1852 5832 episcopo

292 5832 614 5893 Antiochia,
645 5847 754 5886 non
781 5833 925 5901 quod
966 5833 1219 5887 thronum
1253 5833 1523 5888 habuerit.
1558 5832 1672 5887 Hoc
1707 5837 1851 5888 enint

296 5901 507 5974 insigne
539 5908 657 5959 erat
687 5903 1085 5975 episcoporum,
1114 5915 1176 5960 ut
1212 5902 1268 5958 in
1304 5903 1500 5959 throno
1541 5918 1636 5960 seu
1666 5903 1850 5959 cathe-

1890 4615 1942 4677 ο

1977 2039 2139 2094 quam
2170 2024 2386 2077 inanem
2417 2022 2643 2093 gloriam
2665 2028 2909 2091 captans,
2935 2031 2987 2075 et
3002 2035 3254 2090 pompam
3284 2019 3539 2075 aﬂ‘ectans

1977 2126 2138 2185 atque
2161 2113 2474 2184 huiusmodi
2505 2113 2715 2167 artibus
2758 2112 2972 2167 animos
3011 2112 3383 2180 imperitorum
3415 2127 3541 2181 per-

1974 2205 2347 2262 terrefaciens.
2367 2202 2504 2259 Nam
2528 2214 2583 2259 et
2611 2203 2844 2258 tribunal
2866 2212 2920 2258 et
2941 2203 3224 2258 sublimem
3258 2204 3537 2268 thronum,

1974 2314 2083 2353 non
2117 2307 2177 2352 ut
2203 2295 2406 2351 Christi
2446 2295 2765 2364 discipulus,
2797 2294 2901 2350 sibi
2958 2293 3074 2363 ipse
3114 2294 3437 2356 construxit,
3482 2303 3538 2348 et

1973 2398 2265 2452 secretum,
2297 2387 2518 2458 perinde
2549 2401 2614 2442 ac
2634 2386 2923 2441 saeculares
2947 2385 3318 2454 magistratus,
3338 2385 3411 2439 ita
3437 2399 3537 2455 ap-

1973 2479 2227 2550 pellatum
2251 2476 2460 2531 habuit.
2496 2476 2577 2530 Ad
2609 2477 2721 2529 liter.
2758 2474 2934 2529 femur
2961 2490 3125 2528 manu
3155 2483 3455 2543 percutere,
3484 2484 3541 2529 et

1976 2570 2207 2625 tribunal
2236 2568 2463 2638 pedibus
2493 2568 2712 2637 pulsare
2744 2566 2955 2622 solitus.
2984 2564 3089 2619 Eos
3135 2580 3265 2620 vero
3290 2565 3383 2634 qui
3426 2580 3536 2619 non

1971 2664 2275 2729 laudarent,
2312 2676 2413 2715 nec
2439 2668 2497 2713 ut
2540 2660 2592 2713 in
2621 2658 2844 2713 theatris
2868 2657 2981 2712 ﬁeri
3009 2658 3166 2721 solet,
3198 2658 3373 2712 oraria
3403 2671 3538 2711 con-

1972 2763 2238 2819 cuterent,
2280 2769 2454 2823 neque
2490 2768 2596 2807 una
2623 2768 2745 2807 cum
2785 2749 3090 2807 fautoribus
3121 2751 3294 2822 ipsius
3314 2750 3446 2804 viris
3471 2765 3538 2805 ac

1970 2847 2308 2903 mulierculis
2359 2845 2614 2901 indecore
2672 2845 3107 2899 auscultantibus
3169 2843 3538 2898 exclamarent

1970 2948 2133 3010 atque
2176 2938 2489 3005 exsilirent;
2551 2938 2645 2993 sed
2691 2952 2816 2992 cum
2860 2936 3218 3006 gravitate'ac
3251 2933 3537 3000 modestia,

1969 3034 2110 3089 sicut
2155 3032 2210 3087 in
2266 3033 2429 3088 domo
2476 3030 2568 3086 Dei
2607 3031 2783 3097 decet,
2818 3029 3089 3094 audirent,
3130 3027 3442 3096 increpabat
3480 3035 3536 3082 et

1969 3125 2310 3182 contumeliis
2340 3123 2625 3179 alliciebat.
2666 3123 2732 3177 Et
2761 3123 2896 3177 alios
2927 3120 3145 3190 quidem
3170 3118 3302 3189 legis
3334 3125 3535 3173 nostra

1969 3215 2220 3272 doctores
2255 3215 2369 3286 jam
2406 3214 2514 3271 vita
2568 3213 2783 3270 functos
2830 3212 3135 3283 petulanter
3174 3212 3231 3266 in
3272 3209 3566 3266 concione.

1961 3390 2056 3445 dra
2088 3390 2356 3445 sederent.
2387 3387 2488 3455 Qui
2520 3404 2638 3443 mos
2656 3388 2768 3454 jam
2794 3387 2918 3441 inde
2951 3401 3021 3440 ao
3050 3393 3362 3454 apostolicis
3396 3385 3532 3441 tem-

2001 3461 2188 3514 oribus
2228 3459 2525 3513 iuvaluerat
2561 3459 2613 3511 in
2645 3458 2903 3512 Ecclesia.
2939 3460 3094 3512 Certe
3120 3455 3307 3510 Jacobi
3347 3455 3531 3512 fratris

2008 3529 2177 3584 omini
2232 3528 2483 3582 thronum
2542 3526 2933 3584 Hierosolvmis
2979 3527 3156 3580 adhuc
3210 3541 3307 3580 sua
3370 3535 3529 3582 aetate

1962 3608 2234 3656 servatum
2283 3598 2469 3664 fuisse,
2504 3606 2733 3652 testatur
2767 3595 3031 3651 Eusebius
3068 3596 3120 3649 in
3160 3595 3252 3650 lib.
3282 3611 3379 3666 vti,
3407 3611 3527 3666 cap.

1963 3670 2052 3724 18.
2077 3669 2134 3723 ld
2159 3670 2323 3737 igitur
2362 3670 2414 3722 in
2471 3667 2641 3722 Paulo
2679 3668 2941 3723 damnant
2982 3668 3267 3721 memorati
3293 3664 3525 3737 Patres,

1962 3741 2106 3811 quod
2138 3735 2375 3794 tribunal
2399 3739 2500 3811 sibi
2528 3739 2734 3811 exstrui
2760 3747 3006 3811 curasset
3032 3737 3085 3789 in
3111 3735 3360 3811 egclesia,
3391 3745 3445 3790 et
3473 3736 3528 3791 in

1962 3805 2029 3865 eo
2060 3811 2313 3864 thronum
2352 3810 2640 3864 sublimem
2670 3808 2772 3862 sibi
2807 3807 3101 3862 statuisset.
3135 3805 3301 3861 Recte
3339 3807 3524 3875 itaque

1963 3879 2193 3934 Rufinus
2233 3879 2377 3934 hunc
2401 3880 2578 3933 locum
2613 3880 2684 3932 ita
2712 3879 2873 3931 vertit
2905 3896 2917 3931 :
2952 3876 3020 3930 In
3042 3877 3259 3929 ecclesia
3288 3892 3403 3928 vero
3431 3880 3530 3929 tri-

1964 3950 2122 4003 bunal
2177 3948 2278 4002 sibi
2323 3948 2487 4002 mullo
2536 3949 2693 4001 altius
2734 3963 2891 4017 quam
2937 3948 3145 4017 fuerat,
3185 3947 3411 4017 exstrui,
3474 3955 3526 4017 et

1964 4021 2207 4073 thronum
2250 4020 2305 4071 in
2348 4018 2715 4072 excelsioribus
2746 4015 3021 4070 Vcollocari
3059 4015 3242 4085 jubet.
3276 4015 3526 4084 Episcopi

1961 4091 2181 4161 quidem
2213 4089 2483 4161 sedebant
2504 4089 2558 4142 in
2610 4087 2868 4161 cathedra
2918 4086 3311 4161 paulo__alttore
3359 4099 3521 4161 quam

1961 4153 2158 4229 reliqui
2189 4158 2508 4229 presbyteri,
2547 4166 2618 4229 ut
2670 4153 2934 4229 dicemus
2958 4155 3024 4210 ad
3061 4155 3255 4229 librum
3304 4153 3388 4229 κ(
3417 4153 3523 4209 Sed

1965 4224 2204 4283 tribunal
2244 4224 2368 4280 nou'
2406 4227 2693 4281 habebant.
2749 4225 2944 4280 Postea
3002 4239 3130 4278 vero
3176 4224 3525 4278 invalueruut

1962 4299 2163 4353 absida:
2189 4296 2424 4368 gradata:
2456 4305 2510 4351 et
2548 4296 2817 4357 exhedrae,
2849 4297 2915 4348 de
2966 4293 3162 4368 quibus
3203 4292 3525 4368 Ambrosius

1962 4364 2332 4438 loquunturet
2355 4367 2733 4438 Augustinus:
2776 4381 2898 4435 quae
2930 4366 3150 4435 quidem
3192 4377 3223 4416 a
3264 4364 3519 4417 tribunali

1963 4434 2155 4508 parum
2184 4434 2523 4508 differebant.
2541 4435 2625 4508 in.

2033 4508 2145 4577 (56)
2184 4504 2616 4577 mammonae.
2660 4503 2822 4577 Hunc
2855 4503 3051 4577 locum
3094 4518 3199 4577 non
3249 4502 3525 4577 intellege-

1964 4571 2092 4632 runt
2121 4571 2440 4644 interpretes
2467 4573 2743 4630 Musculus
2763 4583 2817 4628 et
2846 4571 3396 4644 Chrislopborsonus.
3423 4571 3516 4628 Se-

1963 4656 2171 4702 cretum
2205 4643 2482 4716 proprium
2518 4655 2633 4699 erat
2673 4646 3085 4715 magistratuum
3152 4651 3207 4716 et
3255 4643 3520 4716 majorum

1960 4713 2247 4787 judicum':
2276 4713 2429 4770 locus
2458 4716 2666 4770 scilicet
2711 4713 2936 4787 interior
2964 4713 3223 4787 praetorii,
3267 4714 3523 4787 cancellis

1963 4783 2206 4842 inunitus
2236 4801 2301 4841 ac
2340 4787 2478 4840 velis
2523 4787 2781 4854 obpansis
2815 4784 3078 4847 inclusus,
3116 4785 3170 4837 in
3214 4798 3324 4852 quo
3353 4783 3524 4851 magi-

1963 4868 2166 4912 stratus
2191 4856 2471 4918 sedebant,
2496 4856 2623 4909 dum
2650 4869 2867 4909 reorum
2897 4868 3089 4907 causas
3111 4862 3519 4923 cognoscerent.

1963 4926 2098 4981 Vide
2137 4942 2257 4997 quae
2283 4926 2460 4981 notavi
2488 4926 2555 4979 ad
2583 4923 3083 4997 Am_m.7Marcellini
3126 4925 3215 4997 lib.
3271 4939 3358 4997 sv,
3395 4938 3517 4997 pag.

1961 4997 2050 5053 87.
2079 4998 2137 5050 In
2157 4993 2354 5052 codice
2397 4997 2619 5056 Mazar.,
2674 4994 2813 5049 Med.
2857 5001 2911 5047 et
2953 4993 3144 5047 Fuket.
3189 4995 3383 5062 legitur
3422 4993 3518 5063 σή-

1964 5067 2253 5140 κρῃτόνχτε
2279 5069 2502 5131 rectius,
2526 5074 2589 5140 ut
2608 5066 2819 5140 opinor.
2850 5062 2950 5119 Sed
2977 5080 3100 5117 mox
3129 5063 3409 5140 legendum
3437 5062 3521 5116 εει

1959 5133 2134 5191 παίων
2171 5137 2249 5202 δέ,
2282 5152 2389 5191 non
2417 5146 2475 5191 ut
2506 5136 2665 5205 vulgo
2691 5137 2893 5189 editum
2933 5144 3017 5186 est
3043 5150 3122 5205 τε.
3160 5133 3234 5205 lo.

2030 5208 2143 5277 (57)
2194 5200 2754 5272 Κατασείουσίταῖς
2794 5205 3048 5277 ὀθόναις.
3092 5203 3345 5277 Solebant
3386 5200 3515 5277 olim

1958 5272 2287 5333 in'theatris
2328 5286 2658 5346 spectatores
2711 5278 2765 5329 in
2816 5274 3031 5346 signum
3097 5272 3514 5346 favori_s_9ra_ria

1957 5357 2266 5403 concutere.
2301 5339 2433 5402 Vide
2455 5361 2575 5418 qua:
2604 5339 3189 5418 u_ot_avit_CEtsau‘bo_nus
3215 5341 3283 5395 ad
3311 5339 3507 5418 Vopis-

1957 5434 2080 5471 cum
2111 5419 2166 5472 in
2194 5410 2510 5483 Aureliano,
2555 5416 2642 5469 ubi
2683 5412 2950 5483 Vopiscus
2988 5412 3119 5483 dicit
3161 5410 3511 5483 Aurelianum

1956 5490 2189 5555 primum
2217 5488 2459 5543 omnium
2489 5481 2667 5540 craria
2694 5481 2907 5555 dedisse
2940 5482 3141 5550 populo
3169 5481 3416 5555 Romano
3447 5482 3512 5532 ad

1955 5549 2217 5612 favorem.
2269 5558 2593 5612 Aurelianus
2627 5554 2787 5624 igitur
2822 5553 2873 5604 id
2908 5549 3190 5620 acceperat
3230 5553 3296 5605 ab
3321 5549 3514 5605 Orien-

1956 5630 2174 5693 talibus,
2209 5628 2301 5694 qui
2338 5628 2495 5697 longe
2533 5623 2663 5697 ante
2703 5625 2877 5697 ipsum
2912 5623 3204 5697 orariisgad
3241 5637 3361 5677 eam
3397 5635 3512 5697 rem

1956 5690 2264 5761 utebantur,
2295 5707 2353 5752 ut
2381 5690 2539 5749 docet
2578 5694 2665 5747 hic
2705 5690 2875 5754 locus,
2936 5704 2990 5746 et
3038 5691 3419 5761 Pbilostratus_
3457 5690 3510 5740 in

1953 5783 2073 5837 cup.
2106 5768 2141 5821 5
2182 5757 2277 5820 lib.
2307 5765 2453 5837 [De
2493 5766 2599 5837 rita
2643 5761 2906 5837 Apollonii
2929 5803 2944 5829 ,
2985 5763 3210 5837 loquens
3251 5763 3316 5816 de
3379 5757 3510 5811 Tar-

1953 5832 2221 5906 sensibus,
2255 5845 2309 5892 et
2342 5835 2438 5891 Dio
2464 5836 2600 5892 libro
2632 5843 2742 5897 LXI,
2774 5832 2829 5886 in
2861 5835 2985 5890 line.
3016 5833 3091 5889 In.
