4034 6418
502 377 611 433 255

1693 380 2062 437 MALCHIONl
2075 381 2113 437 S
2142 383 2567 439 ANTIOCHENI

3626 385 3736 440 236

503 496 785 553 lacerabat
819 517 834 552 :
865 498 934 555 de
963 515 1022 555 se
1050 508 1228 555 autem
1262 502 1376 570 ipse
1414 500 1697 571 magniﬁce
1721 502 2062 573 loquebatur,

2166 505 2294 570 τοὺς
2322 505 2422 576 μὲν
2453 507 2534 570 είς
2572 506 2660 560 τὸν
2692 505 2893 577 Κύριον
2918 504 3076 577 ἡμῶν
3116 503 3319 577 Ἰησοῦν
3344 503 3573 576 Χριστὸν
3598 507 3739 557 παύ-

504 605 612 643 ηοη
646 600 704 645 ιιι
732 592 1043 662 e'piscopus,
1086 593 1178 648 sed
1216 603 1275 647 ut
1318 593 1557 662 sOpbista
1610 594 1833 664 quidam
1875 603 1932 649 et
1968 592 2070 648 im-

502 691 711 750 postor.
744 682 1049 750 Quinetiam
1072 685 1308 753 psalmos
1331 685 1383 738 in
1410 685 1670 739 honorem
1698 683 1913 740 Domini
1939 682 2068 741 Jesu

501 772 706 828 Christi
729 776 849 829 cani
884 777 1095 839 solitos,
1132 777 1288 846 quasi
1321 777 1567 831 novellos
1602 786 1657 831 et
1688 792 1719 831 a
1749 778 2067 833 recentiori-

501 862 607 918 bus
628 864 938 919 hominibus
960 868 1295 935 compositos
1323 865 1577 919 abolevit.
1611 863 1862 920 Mulieres
1885 873 2066 919 autem

502 971 698 1026 magno
725 954 946 1011 Pascbae
967 958 1053 1012 die
1087 957 1140 1011 in
1173 957 1348 1011 media
1377 956 1608 1012 ecclesia
1630 955 1869 1024 psalmos
1899 969 2069 1025 quos-

499 1047 623 1102 dam
660 1063 857 1103 cancre
900 1049 966 1103 ad
1014 1049 1101 1103 sui
1136 1049 1309 1118 ipsius
1355 1049 1569 1104 laudem
1611 1047 1876 1114 instituit;
1919 1047 2065 1119 quod

499 1140 716 1208 quidem
771 1144 1117 1199 audientibus
1177 1144 1457 1199 horrorem
1499 1147 1696 1201 merito
1746 1145 2059 1201 incusserit.

2175 613 2294 663 σας,
2317 596 2392 660 ὡς
2410 596 2473 667 δὴ
2501 598 2795 669 νεωτέρους
2818 596 2911 650 καὶ
2933 597 3205 667 νεωτέρων
3228 595 3435 668 ἀνδρῶν
3455 596 3739 667 συγγράμ-

2176 701 2338 753 ματα·
2370 686 2448 747 είς
2478 685 2665 739 ἑαυτὸν
2690 685 2746 738 δὲ
2770 688 2826 739 ὲν
2849 685 2990 759 μέσῃ
3015 688 3079 757 τῇ
3107 685 3386 757 ἐκκλησίᾳ,
3417 688 3483 757 τῇ
3526 686 3736 759 μεγάλῃ

2171 774 2263 829 τοῦ
2293 776 2480 846 Πάσχα
2510 778 2692 849 ἡμέρᾳ
2733 777 3037 847 ψαλμῳδεῖν
3076 781 3337 846 γυναῖκας
3392 780 3735 849 παρασκευά-

2172 865 2299 931 ζων,
2326 861 2400 920 ὧν
2425 869 2518 921 καὶ
2548 868 2787 932 ἀκούσας
2816 868 2881 923 ἄν
2921 886 3004 933 τις
3050 868 3310 941 φρίξειεν.
3343 864 3445 924 Οἷα
3488 870 3578 924 καὶ
3609 872 3736 933 τοὺς

2173 957 2514 1022 Θωπεύοντας
2540 959 2700 1013 αὑτὸν
2721 960 3048 1025 ἐπισκόπους
3067 960 3173 1014 τῶν
3195 961 3407 1034 ὁμόρων
3426 960 3609 1033 ἀγρῶν
3623 958 3741 1033 (58)

2167 1069 2227 1105 τε
2259 1051 2352 1104 καὶ
2376 1049 2578 1105 πόλεων
2611 1050 2705 1104 καὶ
2742 1049 3161 1124 πρεσϐυτέρους,
3190 1055 3249 1106 ὲν
3304 1055 3424 1117 ταῖς
3467 1053 3604 1124 πρὸς
3642 1052 3740 1109 τὸν

2166 1142 2292 1197 λαὸν
2314 1140 2550 1213 ὁμιλίαις
2577 1140 2795 1213 καθίησι
2819 1141 3175 1212 διαλέγεσθαι.

499 1230 796 1302 Episcopos
826 1249 1047 1305 quoque
1086 1235 1389 1290 vicinorum
1430 1252 1690 1308 pagorum
1715 1248 1770 1293 et
1797 1237 2095 1302 civitatum,
2129 1249 2235 1290 nec
2267 1249 2376 1288 non
2421 1242 2476 1289 et
2514 1233 2857 1304 presbyteros
2895 1244 3257 1292 assentatores
3292 1250 3421 1292 suos
3460 1234 3739 1302 submisit,

497 1324 592 1393 qui
623 1324 677 1378 in
702 1328 817 1381 suis
845 1326 912 1380 ad
943 1328 1201 1396 populum
1235 1329 1592 1383 concionibus
1622 1330 1815 1384 eadem
1848 1329 1916 1384 de
1940 1329 2061 1398 ipso
2100 1325 2476 1396 praedicarent.

566 1413 651 1470 ΙΙΙ.
686 1415 899 1472 Etenim
921 1417 1119 1472 Filium
1145 1418 1239 1474 Dei
1264 1435 1294 1474 e
1319 1420 1457 1475 caelo
1479 1419 1845 1486 descendisse,
1879 1419 2066 1474 nobis-

497 1521 620 1562 cum
657 1509 902 1564 conﬁteri
930 1510 1130 1577 renuit,
1154 1521 1216 1567 ut
1243 1512 1449 1582 aliquid
1473 1513 1647 1569 obiter
1672 1511 2065 1583 praemittamus

496 1614 561 1654 ex
589 1599 654 1657 iis
681 1617 803 1671 qua:
829 1600 971 1656 infra
1000 1602 1225 1658 uberius
1258 1614 1612 1674 exponentur.
1637 1603 1821 1674 Neque
1857 1600 1910 1658 id
1933 1602 2066 1658 sim-

497 1692 624 1762 plici
651 1694 955 1749 assertione
975 1704 1181 1762 nostra,
1211 1696 1303 1752 sed
1326 1711 1394 1752 ex
1420 1697 1551 1767 ipsis
1571 1713 1695 1769 quae
1727 1697 1796 1752 ad
1831 1710 1926 1751 vos
1958 1695 2064 1749 mi-

498 1787 672 1842 simus
702 1787 882 1844 Gestis
899 1803 1006 1842 non
1041 1790 1211 1844 semel
1238 1790 1548 1845 declaratur
1583 1807 1598 1846 :
1643 1790 1880 1846 maxime
1910 1804 2060 1853 vero,

2241 1415 2343 1468 Τὸν
2365 1415 2466 1487 μὲν
2492 1413 2602 1487 γὰρ
2633 1413 2761 1469 Υἰδν
2801 1414 2893 1471 τοῦ
2929 1415 3063 1470 Θεοῦ
3091 1417 3152 1471 οὐ
3185 1416 3427 1488 βούλεται
3453 1420 3740 1492 συνομολο-

2170 1510 2283 1576 γεῖν
2315 1507 2376 1573 ἐξ
2414 1508 2642 1580 οὐρανοῦ
2681 1498 3118 1579 κατεληλυθῖναι,
3157 1509 3245 1564 [va
3282 1526 3335 1563 τι
3378 1510 3740 1582 προλαϐόντες

2170 1597 2276 1651 τῶν
2336 1597 2635 1668 μελλόντων
2676 1597 3050 1671 τραφήσεσθαι
3100 1598 3301 1670 θῶμενο
3346 1601 3437 1653 καὶ
3473 1600 3627 1655 τοῦτο
3669 1603 3740 1657 οὗ

2168 1689 2312 1760 λόγῳ
2341 1689 2482 1761 ψιλῷ
2515 1690 2828 1763 ῥηθήσεται,
2862 1690 2978 1765 ἀλλ’
3023 1690 3082 1758 ἐξ
3131 1684 3208 1746 ὧν
3247 1692 3570 1765 ἐπέμψαμεν
3599 1694 3740 1749 ὁπο-

2171 1780 2463 1850 μνημάτων
2494 1781 2604 1858 (59)
2626 1780 2897 1836 δείκνυται
2932 1781 3276 1853 πολλαχόθεν·
3305 1784 3419 1855 οὐχ’
3446 1787 3647 1855 ἥκιστα
3675 1785 3741 1841 δὲ

499 1874 591 1927 ubi
617 1874 751 1929 dicit
776 1874 965 1931 Jesum
990 1876 1272 1933 Christum
1305 1894 1336 1935 e
1374 1888 1514 1935 terra
1546 1888 1725 1936 ortum
1762 1879 1952 1936 fuisse.
1993 1882 2062 1935 At

2165 1870 2297 1922 ὅπου
2317 1869 2463 1939 λέγει
2479 1869 2682 1942 Ἰησοῦν
2694 1870 2924 1943 Χριστὸν
2955 1872 3196 1927 κάτωθεν
3219 1873 3372 1944 (59‘).
3392 1875 3455 1928 Οἱ
3479 1875 3535 1929 δὲ
3552 1878 3630 1940 είς
3644 1876 3742 1929 αὖ·

498 1981 628 2022 vero
660 1968 736 2021 illi
774 1968 870 2039 qui
913 1969 969 2023 in
1018 1970 1138 2039 ejus
1184 1970 1444 2025 honorem
1474 1973 1718 2043 psalmos
1756 1970 1981 2040 canunt,
2011 1982 2065 2028 et

499 2072 683 2114 coram
719 2061 921 2130 populo
943 2076 1068 2117 eum
1105 2062 1496 2132 deprzedicant,
1534 2064 1711 2134 ipsum
1760 2080 1921 2136 quem
1964 2065 2067 2119 im-

497 2150 714 2220 pietatis
742 2152 1019 2208 doctorem
1067 2154 1393 2218 habuerunt,
1438 2156 1687 2226 angelum
1725 2172 1848 2214 esse
1878 2157 2065 2213 dicunt

497 2258 531 2298 e
563 2245 701 2300 caelo
723 2245 1024 2315 delapsum.
1049 2247 1227 2316 Atque
1256 2248 1372 2302 haec
1395 2247 1484 2302 ille
1514 2250 1756 2304 omnium
1784 2250 2064 2305 hominum

499 2338 922 2407 superbissimus
953 2355 1059 2393 non
1080 2340 1361 2409 prohibet;
1392 2341 1486 2396 sed
1515 2341 1740 2398 interest
1770 2343 1905 2413 ipse,
1938 2359 2062 2399 cum

497 2427 777 2483 dicuntur.
816 2428 954 2496 Quid
988 2429 1077 2484 hic
1109 2430 1313 2485 referre
1351 2431 1545 2486 attinet
1592 2432 2060 2498 subintroductas,

498 2528 557 2572 ut
585 2518 908 2575 Antiocheni
941 2529 1159 2586 vocant,
1214 2522 1491 2587 mulieres,
1527 2531 1638 2579 tam
1678 2524 1850 2595 ipsius
1898 2541 2062 2597 quam

498 2609 931 2680 presbyterorum
952 2610 1070 2679 ejus
1098 2626 1163 2666 ac
1200 2611 1595 2668 diaconorum?
1632 2614 1692 2669 In
1729 2615 1930 2685 quibus
1954 2631 2061 2672 non

495 2699 600 2754 hoc
620 2700 820 2763 solum,
851 2701 946 2755 sed
981 2701 1143 2756 etiam
1166 2701 1270 2756 alia
1302 2702 1625 2758 insanabilia
1649 2703 1901 2773 crimina,
1926 2720 2065 2776 quo-

495 2805 615 2844 rum
642 2790 895 2846 conscius
927 2802 1010 2847 est
1036 2801 1091 2847 et
1116 2807 1349 2863 quorum
1388 2793 1537 2861 ipsos
1567 2810 1693 2851 reos
1724 2810 1848 2853 esse
1875 2799 2064 2854 eonvi-

493 2883 587 2949 cit,
625 2884 983 2940 nihilominus
1023 2886 1153 2957 tegit
1203 2902 1268 2943 ac
1308 2887 1638 2955 dissimulat,
1688 2898 1748 2944 ut
1798 2890 1920 2948 illos
1959 2892 2059 2949 sibi

492 2975 761 3032 obnoxios
783 2976 1013 3045 haheat;
1045 2987 1210 3048 utque
1237 2980 1368 3035 dum
1396 2978 1500 3035 sibi
1523 2981 1656 3050 ipsis
1680 2989 1950 3051 metuunt,
1981 2984 2063 3055 ip—

497 3084 618 3124 sum
650 3069 719 3123 ob
750 3085 813 3124 ea
859 3086 981 3139 quae
1024 3070 1189 3141 impie
1230 3072 1344 3150 agit
1384 3086 1447 3128 ac
1493 3073 1754 3142 loquitur,
1807 3090 2063 3132 accusare

496 3175 604 3214 non
635 3160 889 3216 audeant.
916 3160 998 3216 Ad
1031 3162 1145 3217 haec
1175 3163 1382 3219 divitiis
1410 3179 1508 3220 eos
1536 3165 1907 3235 locupletavit.
1952 3166 2061 3224 Cu-

488 3252 580 3321 jus
610 3253 685 3307 rei
712 3267 878 3309 causa
904 3255 971 3308 ab
1000 3254 1066 3309 iis
1095 3255 1189 3324 qui
1225 3254 1358 3310 talia
1389 3231 1803 3326 concupiscunt,
1848 3268 2063 3314 amatur
2086 3231 2132 3287 c

493 3351 655 3413 atque
686 3345 1003 3414 suspicitur.
1050 3344 1213 3412 Quid,
1274 3348 1518 3418 inquam,
1553 3349 1743 3404 attinet
1775 3349 1893 3406 haec
1923 3351 2063 3407 scri-

494 3435 661 3489 bere?
704 3434 921 3492 Scimus
952 3438 1161 3507 utique,
1215 3436 1414 3494 fratres
1447 3438 1811 3507 dilectissimi,
1854 3441 2064 3509 episco-

494 3540 622 3593 pum
654 3535 709 3581 et
743 3527 1056 3581 universum
1084 3528 1289 3583 clerum
1324 3529 1589 3583 bonorum
1643 3545 1865 3600 operum
1887 3547 2066 3588 exem-

495 3619 645 3688 plum
682 3619 1013 3674 multitudini
1039 3620 1279 3690 praebere
1299 3621 1515 3677 debere.
1543 3620 1729 3693 Neque
1751 3623 1880 3679 illud
1904 3625 2063 3696 igno-

495 3726 704 3779 ramus,
749 3720 882 3781 quot
926 3727 993 3766 ex
1045 3713 1314 3782 ejusmodi
1364 3715 1653 3770 mulierum
1705 3718 2062 3774 contubernio

495 3805 691 3874 partim
752 3804 805 3858 in
847 3820 1085 3875 praeceps
1115 3806 1253 3875 lapsi
1296 3807 1427 3873 sint,
1452 3809 1649 3878 partim
1689 3808 1744 3863 in
1788 3812 2059 3881 suspicio-

495 3912 621 3969 nem
647 3897 908 3953 venerint.
938 3897 1124 3968 itaque
1164 3899 1327 3955 etiam
1353 3900 1399 3957 si
1439 3901 1563 3971 quis
1585 3905 1937 3970 concesserit,
1976 3905 2060 3960 ni-

565 4100 678 4171 (58)
723 4101 1135 4175 fExeqxdxovg
1152 4098 1271 4153 τῶν
1296 4101 1769 4175 ὁμόρων-ἀγρῶν.
1804 4101 2061 4175 Chorepi-

497 4171 1280 4245 scoposintelligere'videtur.
1320 4171 1429 4245 Eos
1454 4172 1598 4245 enim
1635 4172 1919 4245 distinguit
1943 4171 2059 4245 epi-

498 4244 632 4298 stola
662 4243 730 4296 al)
760 4240 1028 4310 episeopis
1058 4241 1296 4312 urbium.
1335 4240 1445 4312 llos
1480 4242 1653 4312 igitur
1678 4243 1730 4295 in
1779 4240 2059 4300 concioni-

496 4313 599 4369 bus
636 4313 700 4366 ad
726 4314 1005 4382 populum,
1036 4311 1231 4366 similia
1255 4327 1321 4367 ac
1347 4310 1601 4382 mulieres
1643 4311 1760 4367 illas
1785 4315 2056 4382 psaltrias,

496 4385 563 4437 de
584 4377 751 4436 Paulo
798 4377 1009 4436 dixisse
1062 4391 1327 4453 asserunt
1358 4380 1547 4439 Patres
1582 4400 1596 4437 :
1627 4377 2059 4453 quod-Christo;

497 4455 802 4523 plmrs‘onus
836 4467 941 4505 non
967 4452 1266 4523 intellexit._
1285 4450 1482 4507 VALES.

566 4524 680 4595 (59)
731 4521 1212 4595 Ὑπομνημάτων.
1230 4521 1401 4595 Quod
1419 4538 1581 4594 supra
1624 4524 2051 4591 observavimus,

496 4592 679 4650 errare
700 4592 861 4666 vulgo
887 4593 1203 4666 interpretes
1227 4592 1281 4644 in
1311 4592 1646 4666 hujus’vocjs
1676 4597 2052 4666 explicatione,

497 4666 549 4719 id
583 4659 926 4735 perspicuum
959 4661 1015 4715 lit
1039 4662 1139 4735 hoc
1164 4661 1303 4716 loco.
1327 4659 1463 4715 Nam
1489 4674 1542 4719 et
1582 4659 1798 4735 Langus
1825 4674 1878 4721 et
1909 4659 2083 4721 Mus-7

496 4732 655 4807 culus
686 4743 740 4788 et
785 4732 1317 4799 Chrislopliorsonus
1352 4732 1753 4791 commentarios
1789 4737 2056 4807 interpre-

498 4805 591 4859 tati
623 4813 783 4868 sunt;
827 4818 949 4856 cum
995 4812 1113 4854 acta
1149 4815 1244 4855 seu
1281 4811 1426 4871 gesta
1468 4814 1676 4860 vertere
1716 4805 2053 4861 debuissent.

496 4877 626 4929 Acta
655 4882 830 4928 autem
860 4872 945 4925 illa
972 4872 1162 4942 synodi
1189 4872 1536 4928 Antiochense
1557 4876 1688 4931 nihil
1717 4877 1863 4931 aliud
1878 4885 2056 4937 erant,

496 4961 660 5015 quam
687 4942 981 5012 disputatio
1007 4941 1346 5015 Malchionis
1390 4943 1649 5000 adversus
1691 4945 1920 5001 Paulum
1960 4946 2059 4999 Sa-

497 5013 860 5075 taosatcnum,
886 5028 1007 5082 qua:
1020 5030 1063 5083 il
1088 5013 1315 5066 notariis
1339 5021 1559 5082 excepta
1590 5016 1787 5081 fuerat,
1807 5024 1863 5069 ut
1890 5031 2056 5083 supra

496 5085 632 5139 dixit
686 5081 969 5154 Eusebius.
1019 5081 1098 5154 Ex
1163 5083 1244 5154 iis
1274 5083 1423 5137 Actis
1455 5081 1762 5139 testimonia
1810 5081 2055 5154 quaedam

497 5155 706 5225 profert
735 5152 1319 5225 LeontiusAByzantius
1362 5154 1443 5225 in_
1464 5154 1602 5211 libro
1636 5171 1707 5209 ~lll
1736 5152 1923 5210 contra
1950 5153 2055 5209 Ne-

497 5223 750 5289 storium,
788 5239 963 5293 eaque
993 5223 1326 5295 distinguere
1358 5223 1571 5295 videtur
1618 5240 1649 5279 a
1690 5224 2057 5295 disputatione

497 5295 817 5365 Malchionis
846 5304 1038 5349 contra
1076 5294 1301 5348 Paulum
1344 5312 1358 5348 :
1399 5294 1492 5349 ubi
1530 5296 1693 5349 etiam
1739 5295 1931 5351 doctus
1968 5296 2055 5351 in-

496 5375 707 5434 terpres
736 5364 1136 5419 Commentarios
1171 5365 1348 5419 vertit.
1384 5364 1459 5418 In.

570 5431 705 5505 (39°)
732 5435 932 5505 Supple
957 5434 1304 5506 γεγενῆσθαι.
1325 5434 1497 5506 Enn.
1529 5431 1773 5506 Plu-non.

572 5502 695 5575 (£0)
714 5502 1173 5572 Συκέισάόιεουςῖ.
1198 5503 1338 5570 Quid
1372 5515 1555 5575 essent
1586 5502 1920 5575 συνείσακτοι
1943 5518 2057 5559 mu-

472 5570 682 5637 ‘lieres,
728 5575 840 5644 jam
888 5576 1093 5643 pridem
1130 5570 1642 5644 VnotavituJoannes
1678 5570 1915 5644 Langus.
1973 5576 2054 5629 vir

500 5642 952 5707 doctissimus,ad
999 5647 1199 5700 librum
1254 5659 1309 5699 vt
1362 5642 1671 5712 Nicephori,
1725 5642 1843 5712 cap.
1881 5643 1969 5705 30,
1998 5653 2052 5698 ct

500 5726 622 5786 post
648 5717 796 5770 illum
837 5716 896 5769 Β.
927 5715 1221 5771 Bhenanus
1248 5715 1313 5786 ad
1336 5714 1431 5786 lib.
1473 5729 1547 5766 vu
1583 5711 2050 5786 R'ullnLQuorum

501 5782 675 5841 ilnctis
712 5788 1180 5841 observationibus
1232 5785 1367 5838 nihil
1417 5793 1521 5846 est,
1566 5782 1711 5852 quod
1765 5785 2046 5838 addamus.

504 5853 823 5928 llujusmodi
855 5857 1111 5913 mulieres
1155 5870 1185 5908 a
1216 5854 1426 5910 clericis
1452 5854 1609 5924 vulgo
1636 5868 1851 5912 sorores
1890 5870 2051 5911 voca-

2166 1962 2256 2015 τὸν
2271 1961 2560 2032 ψάλλοντες
2586 1964 2679 2017 καὶ
2705 1964 3141 2038 ἐγκωμιάζοντες
3170 1968 3225 2020 ὲν
3246 1966 3325 2037 τῷ
3344 1966 3476 2038 λαῷ,
3506 1968 3741 2037 ἄγγελον

2164 2054 2254 2109 τὸν
2282 2055 2453 2124 ἀσεϐῆ
2485 2055 2797 2112 διδάσκαλον
2827 2056 3035 2111 ἑαυτῶν
3073 2056 3130 2124 ἐξ
3161 2058 3389 2129 οὐρα.νοῦ
3438 2059 3737 2132 κατεληλυ-

2165 2146 2315 2202 θέναι
2350 2147 2587 2216 λέγουσι.
2621 2148 2731 2201 Καὶ
2752 2147 2925 2202 ταῦτα
2955 2149 3016 2201 οὐ
3044 2147 3263 2213 κωλύει,
3297 2148 3433 2204 ἀλλά
3458 2148 3551 2205 καὶ
3581 2150 3739 2220 λεγο-

2168 2239 2348 2309 μένοις
2394 2239 2655 2311 πάρεστιν
2704 2240 2733 2293 ό
2778 2239 3143 2312 ὑπερήφανος.
3198 2240 3308 2304 Τὰς
3348 2241 3404 2294 δὲ
3451 2243 3739 2297 συνεισάκ-

2163 2346 2287 2392 τους
2313 2328 2425 2400 (40)
2454 2328 2617 2383 αὑτοῦ
2650 2331 2912 2398 γυναῖκας
2945 2331 3020 2394 ὡς
3066 2331 3353 2403 Ἀντιοχεῖς
3390 2333 3735 2404 ὀνομάζουσι,

2165 2419 2257 2473 καὶ
2288 2420 2393 2474 τῶν
2437 2422 2565 2492 περὶ
2591 2420 2752 2475 αὑτὸν
2787 2421 3171 2495 πρεσϐυτέρων
3217 2423 3308 2476 καὶ
3341 2422 3623 2488 διακόνων,
3651 2421 3738 2490 οἷς

2165 2512 2257 2565 καὶ
2287 2511 2445 2564 τοῦτο
2471 2511 2563 2565 καὶ
2582 2511 2649 2566 τὰ
2674 2512 2808 2568 ἄλλα
2831 2514 3199 2585 ἁμαρτήματα
3231 2513 3423 2568 ἀνίατα
3447 2499 3572 2570 ὄντα
3604 2533 3739 2586 συγ-

2163 2606 2414 2678 κρύπτει,
2436 2605 2687 2671 συνειδὼς
2702 2607 2794 2660 καὶ
2814 2606 3058 2675 ἐλέγξας,
3075 2608 3221 2672 ὅπως
3241 2609 3437 2674 αὐτοὺς
3452 2610 3738 2682 ὑπόχρεως

2163 2695 2280 2769 ἔχῃ,
2316 2697 2441 2769 περὶ
2463 2688 2537 2751 ὧν
2569 2695 2749 2766 λόγοις
2774 2698 2867 2751 καὶ
2885 2697 3066 2769 ἔργοις
3090 2699 3284 2764 ἀδικεῖ,
3319 2700 3393 2772 μὴ
3420 2700 3738 2772 τολμῶντας

2162 2791 2483 2862 κατηγορεῖν
2509 2788 2586 2860 τῷ
2606 2788 2736 2857 ,καθ’
2773 2791 3000 2855 ἑαυτοὺς
3048 2792 3215 2863 φόϐῳο
3258 2792 3394 2847 ἀλλὰ
3441 2794 3536 2847 καὶ
3576 2794 3738 2849 πλου-

2163 2879 2306 2945 σίους
2325 2881 2618 2952 ἀπέφηνεν
2637 2883 2721 2951 ἐφ’
2750 2874 2794 2950 ᾧ
2818 2880 2954 2952 πρὸς
2975 2882 3082 2936 τῶν
3101 2882 3168 2937 τὰ
3187 2882 3410 2937 τοιαῦτα
3431 2882 3736 2954 ζηλούντων

2162 2972 2391 3041 φιλεῖται
2432 2974 2526 3027 καὶ
2570 2971 2923 3044 θαυμάζεται·
2963 2973 3017 3025 τί
3058 2972 3125 3027 ἂν
3173 2973 3344 3028 ταῦτα
3397 2974 3733 3046 γράφοιμεη

2173 3064 2540 3135 Ἑπιστάμεθα
2565 3065 2642 3131 δὲ,
2676 3065 2969 3137 ἀγαπητοὶ,
2994 3066 3075 3120 ὅτι
3102 3066 3193 3120 τὸν
3224 3066 3516 3120 ἐπίσκοπον
3542 3066 3637 3121 καὶ
3669 3067 3737 3122 τὸ

2161 3158 2421 3232 ῖερατεῖον
2452 3159 2599 3213 ἅπαν
2622 3156 2966 3230 παράδειγμα
2994 3153 3129 3211 εἶναι
3157 3156 3238 3210 δεῖ
3264 3157 3341 3228 τῷ
3373 3157 3564 3229 πλήθει
3595 3158 3736 3213 πάν-

2162 3266 2269 3303 των
2293 3248 2471 3302 καλῶν
2503 3248 2700 3320 ἔργων’
2733 3248 2827 3302 καὶ
2869 3247 2989 3301 οὐδὲ
3032 3248 3207 3301 ἐκεῖνο
3259 3248 3578 3318 ἀγνοοῦμεν,
3615 3250 3733 3304 ὅσοι

2165 3340 2270 3394 ὑπὸ
2324 3340 2418 3394 τοῦ
2470 3339 2808 3408 συνεισάγειν
2843 3341 3054 3404 ἑαυτοῖς
3082 3341 3343 3410 γυναῖκας
3371 3339 3640 3404 ἐξέπεσονο
3679 3340 3734 3393 οῖ

2162 3432 2207 3486 δ’
2239 3431 2671 3502 ὑποπτεύθησαν·
2703 3430 2830 3485 ὥστ’
2857 3433 2906 3485 εί
2952 3432 3044 3486 καὶ
3086 3431 3205 3502 δοίη
3239 3431 3351 3503 (41)
3383 3450 3465 3496 τις
3495 3431 3642 3503 αὑτῷ
3667 3432 3736 3487 τὸ

2167 3512 2329 3598 μηδὲν
2359 3523 2585 3594 ἀσελγὲς
2615 3526 2825 3591 ποιεῖν,
2864 3523 2999 3579 ἀλλὰ
3028 3525 3129 3597 τήν
3168 3541 3233 3593 γε
3265 3525 3515 3580 ὑπόνοιαν
3540 3526 3640 3598 τὴν
3663 3528 3735 3581 ὲκ
3832 3568 3839 3589 ,

2160 3619 2256 3674 τοῦ
2306 3618 2544 3674 τοιούτου
2585 3618 2905 3689 πράγματος
2946 3615 3217 3688 φυομένην
3293 3618 3459 3689 ἐχρῆν
3499 3616 3736 3688 εὐλαϐη-

2162 3710 2342 3781 θῆναι,
2364 3714 2570 3784 μήτινα
2586 3714 2928 3787 σκανδαλίσῃ,
2954 3717 3077 3778 τοὺς
3097 3715 3154 3769 δὲ
3181 3714 3275 3769 καὶ
3300 3713 3579 3787 μιμεῖσθαι
3601 3730 3736 3786 προ-

2160 3802 2442 3873 τρέψηται.
2481 3805 2607 3869 Πῶς
2633 3804 2741 3878 γὰρ
2787 3805 2853 3859 ἂν
2904 3805 3250 3878 ἐπιπλήξειεν
3291 3804 3324 3877 ἦ
3356 3804 3732 3876 νουθετήσειεν

2160 3894 2367 3967 ἓτερον,
2402 3896 2475 3969 μὴ
2515 3898 2964 3967 συγκαταϐαίνειν
3004 3894 3257 3952 ἔπιτε-λέον
3283 3898 3363 3962 είς
3400 3897 3597 3951 ταύτὸν
3638 3913 3736 3967 γν-

2159 4106 2375 4160 hantur.
2412 4102 2470 4157 ld
2507 4118 2595 4159 me
2629 4101 2813 4161 docuit
2844 4116 3021 4157 canon
3061 4102 3095 4155 5
3126 4101 3342 4157 concilii
3374 4100 3599 4167 Nicmni,
3628 4102 3729 4171 qui

2160 4176 2214 4229 in
2253 4175 2624 4229 vetustissimo
2661 4174 2847 4228 codice
2885 4172 3196 4227 Corbeiensi
3240 4173 3382 4226 hanc
3434 4173 3592 4227 habet
3640 4173 3730 4227 in-

2160 4245 2547 4313 scriptionem:
2582 4244 2656 4299 De
2682 4243 3111 4307 subintroductis,
3147 4243 3202 4296 id
3234 4253 3311 4297 est
3348 4242 3604 4313 adoptiiis
3640 4260 3730 4296 so-

2160 4311 2388 4369 roribus.
2420 4313 2521 4383 Exf
2538 4314 2738 4383 quibus
2766 4313 3080 4383 explicanda
3119 4321 3202 4368 est
3240 4313 3323 4367 lex
3365 4311 3601 4383 Honorii
3628 4313 3724 4378 Η,

2158 4386 2212 4439 ἱη
2247 4386 2434 4441 codice
2483 4380 2754 4438 Tlieodos.
2786 4380 2852 4437 de
2880 4383 3147 4451 episcopis
3189 4393 3243 4436 et
3284 4383 3513 4438 clericis.
3564 4380 3724 4447 Eum,

2159 4457 2247 4525 qui
2278 4452 2832 4525 probabilemrswculo
2856 4453 3206 4525 disciplinam
3248 4454 3379 4525 agit,
3433 4452 3727 4525 decolorgri

2161 4521 2425 4580 consortio
2459 4524 2679 4578 sororia
2715 4522 3084 4591 appellationis
3122 4539 3225 4576 non
3270 4524 3437 4588 decet,
3476 4532 3583 4577 etc.
3632 4521 3728 4579 Sic

2089 4584 2134 4641 Ῐ)
2159 4595 2321 4651 etiam
2355 4595 2557 4648 devotae
2597 4593 2708 4649 Deo
2737 4584 2970 4663 virgines
2994 4594 3257 4663 quosdam
3298 4593 3399 4648 sibi
3423 4584 3727 4650 extraneos

2160 4664 2548 4734 adjungebant,
2613 4678 2751 4733 quos
2802 4661 3243 4734 fratres—vocare
3306 4672 3721 4729 consueverant.

2158 4731 2658 4804 Quam'nequ‘itiam
2689 4734 2999 4804 perstringit
3030 4731 3389 4804 Hieronymus
3416 4734 3469 4804 i_n
3496 4734 3723 4803 epistola

2159 4806 2225 4860 ad
2256 4801 2606 4859 Eustochium
2627 4801 2704 4857 de'
2722 4801 2963 4874 custodia
3002 4801 3327 4874 virginitatis
3363 4822 3375 4856 :
3410 4801 3605 4857 Frater
3635 4821 3724 4858 so-

2158 4892 2327 4928 rorem
2351 4874 2600 4943 virginem
2648 4874 2857 4927 deserit.
2893 4872 3138 4928 Cwlibein
3183 4875 3378 4943 spernit
3418 4876 3558 4943 virgo
3604 4890 3725 4943 ger-

2159 4959 2407 5008 manum;
2437 4944 2652 5013 fratrem
2683 4944 2870 5015 quierit
2900 4955 3230 5015 extraneum.
3272 4944 3343 4998 Et
3382 4960 3498 5015 cum
3538 4944 3591 4997 in
3627 4960 3716 4997 eo-

2157 5019 2273 5070 dem
2303 5015 2564 5084 proposito
2606 5014 2714 5069 esse
2753 5030 2808 5069 se
2841 5014 3109 5079 simulent,
3150 5026 3391 5084 quarunt
3427 5014 3720 5067 alienorum

2156 5085 2398 5156 spiritale
2435 5085 2704 5156 solatium,
2768 5095 2826 5138 ut
2870 5085 3017 5156 domi
3054 5085 3279 5139 habeant
3325 5085 3533 5156 carnale
3578 5100 3719 5156 cont:

2156 5153 2426 5210 mercium.
2452 5153 2780 5224 Dicebantur
2809 5155 2971 5209 etiam
2999 5165 3405 5210 commauentes
3450 5153 3717 5224 ejusmodi

2155 5227 2430 5281 mulieres.
2477 5223 2566 5280 Sic
2610 5226 2752 5279 enim
2804 5225 3119 5279 inscribitur
3149 5239 3323 5279 canon
3369 5222 3718 5279 ille—concilii

2154 5294 2359 5351 Nicazni
2396 5296 2449 5350 in
2479 5296 2852 5351 vetustissimo
2883 5294 3069 5349 codice
3097 5294 3158 5351 C.
3200 5294 3416 5350 Justelli
3464 5292 3537 5348 De
3575 5310 3718 5348 com-

2155 5365 2813 5446 monentibus._Agapetas
2859 5379 3076 5446 quoque
3122 5381 3216 5446 eas
3258 5365 3548 5446 vocabant,
3581 5373 3718 5419 teste

2153 5434 2506 5507 Hieronymo_
2527 5435 2581 5489 in
2602 5434 2767 5490 'dicta
2803 5436 3051 5505 epistola,
3092 5437 3184 5491 ubi
3218 5437 3482 5492 acerrime
3524 5435 3578 5489 in
3622 5448 3717 5489 eas

2153 5501 2440 5560 invehitur.
2465 5501 2665 5559 VALES.

2223 5576 2333 5647 (ll)
2366 5577 2545 5647 Ὥστε
2576 5574 2677 5647 real
2713 5575 2764 5628 εἱ
2793 5573 2955 5647 δοίη,
2978 5571 3196 5632 Rectius
3225 5574 3507 5647 injcodice
3551 5571 3713 5647 Μοτ..

2152 5646 2288 5702 Fuk.
2315 5644 2372 5701 et
2405 5645 2544 5699 Med.
2575 5644 2771 5715 legitur
2803 5644 2877 5708 ὦς
2914 5646 2962 5697 τ’
2996 5647 3044 5698 εἰ
3092 5647 3186 5701 καὶ
3230 5645 3367 5715 δοίη.
3414 5644 3589 5712 Atque
3612 5714 3617 5715 ί
3641 5645 3715 5697 ita

2151 5715 2489 5842 Nicerliorus
2536 5722 2591 5769 et
2639 5713 2942 5786 Syncellus,
2994 5716 3100 5773 nisi
3158 5718 3304 5789 quod
3337 5713 3714 5787 apostrophen

2153 5802 2261 5842 non
2304 5786 2503 5842 iabent.
2537 5785 2615 5841 lo.

2153 5802 2261 5844 non
2286 5785 2503 5843 habent.
2537 5785 2615 5841 In.
