4034 6372
560 276 665 330 239
1225 279 1644 364 LiALCZilONIS
1685 280 2020 335 EPISTOLA
2059 283 2344 340 CONTRA
2392 287 2675 346 PACLUM
2717 292 3058 350 SAMOSAT.

565 511 942 597 Fragmenta
976 515 1293 592 EpiSlOllB,
1328 521 1397 575 ut
1434 514 1719 609 videtur.“
1759 514 2050 609 ejusdem
2096 521 2336 609 tS_yrzo_d_i
2365 521 2762 609 Antiochense
2785 572 2801 599 ,
2831 528 2972 606 ejus
3006 527 3300 590 videlicet
3344 527 3540 606 partis
3609 546 3800 609 quam

1393 603 1637 653 constat
1690 593 1890 654 fuisse
1959 596 2035 656 ab
2095 593 2376 662 Eusebio
2435 593 2945 679 praetermissam.

1219 693 1372 756 Apud
1403 692 1676 747 Leontium
1712 697 2054 767 Byzantium,
2088 704 2179 757 lib.
2228 723 2285 760 ιιι
2322 718 2500 761 contra
2535 708 2772 774 Nestor.,
2799 711 2890 763 sub
2929 713 3104 780 ﬁnem.

631 783 723 836 Ait
770 781 932 852 igitur
973 783 1027 836 in
1076 787 1483 841 commentariis
1516 787 1605 856 (de
1634 789 1804 846 Paulo
1863 794 2458 866 loquuntur)servare
2504 803 2822 872 dignitatem
2874 804 3176 872 sapientiae.

542 948 557 960 κ
1982 885 2048 938 Et
2085 899 2198 954 post
2228 892 2333 944 alia
2373 909 2391 945 :

631 962 687 1018 Si
713 973 891 1018 autem
915 964 1212 1019 secundum
1242 965 1620 1025 formationem
1646 981 1699 1027 et
1725 976 2120 1044 generationem
2151 991 2197 1049 Α
2226 985 2568 1052 sapientiam,
2606 995 2663 1038 ut
2705 1001 2803 1039 nos
2851 983 3145 1050 credimus,
3191 984 3640 1051 substantialiter,
3694 985 3790 1040 sed

484 1086 490 1092 -
560 1057 840 1125 copulatus
890 1063 1025 1120 eral,
1067 1056 1272 1111 homini
1322 1059 1424 1113 hoc
1473 1062 1743 1118 accidere.
1773 1063 1840 1117 Et
1885 1083 2120 1122 rursus:
2233 1077 2531 1130 secundum
2567 1077 2904 1146 qualitatem.

558 1147 674 1203 Non
714 1150 860 1202 enim
913 1158 1331 1220 congeneratum
1384 1152 1554 1209 fuisse
1603 1172 1725 1210 cum
1786 1158 2123 1214 humanitate

1974 1249 2061 1319 Ειξ
2080 1262 2192 1319 post
2231 1253 2339 1306 alia
2361 1267 2380 1306 .'

625 1332 766 1398 Quid
802 1343 984 1388 autem
1024 1337 1136 1390 vult
1185 1337 1365 1391 dicere
1396 1337 1556 1392 aliam
1589 1355 1710 1394 esse
1759 1353 1811 1397 et
1853 1344 2120 1398 diversam
2229 1365 2258 1401 a
2294 1358 2500 1411 nostra,
2531 1349 2672 1418 quod
2706 1349 2911 1405 scilicet
2939 1349 2992 1404 in
3031 1350 3148 1421 ipso
3174 1350 3244 1404 sit
3281 1349 3515 1403 Verbum
3549 1349 3694 1418 quod
3733 1349 3790 1402 in

558 1427 938 1483 formationem
970 1432 1172 1486 Christi
1201 1449 1229 1486 a
1262 1443 1474 1498 nostra,
1513 1435 1818 1490 volentibus
1863 1436 2018 1490 nobis
2065 1437 2119 1490 in
2228 1442 2386 1496 nobis
2409 1442 2572 1494 homo
2602 1442 2819 1496 interior
2847 1442 2982 1511 (48).

555 1521 658 1576 hac
707 1523 943 1576 maxima
975 1539 1080 1577 una
1119 1541 1174 1579 re
1213 1526 1430 1580 differre
1468 1527 1640 1596 ipsius
1672 1529 2116 1583 constitutionem

3691 301 3799 356 200

2028 1642 2092 1695 Et
2127 1650 2302 1709 postea
2321 1653 2338 1690 :

623 1731 681 1786 Si
733 1733 912 1788 dicere
965 1734 1238 1790 habitasse
1291 1735 1344 1789 in
1394 1751 1460 1791 eo
1509 1737 1854 1807 sapientiam,
1885 1739 2027 1792 sicut
2057 1738 2110 1791 in
2212 1750 2242 1788 a
2277 1731 2562 1800 sapientia.
2605 1727 2717 1782 lloc
2749 1736 2927 1782 autem
2966 1727 3154 1781 nolunt
3205 1727 3455 1782 catholici
3503 1739 3556 1780 et
3599 1727 3779 1780 eccle—

554 1824 706 1877 nullo
736 1824 862 1887 alio,
891 1825 995 1880 hoc
1023 1828 1240 1880 modum
1271 1827 1486 1896 quidem
1517 1827 1928 1883 inhabitationis
1959 1844 2113 1882 eum—
2214 1824 2420 1880 siastici
2449 1836 2705 1885 canones,
2724 1820 2817 1874 sed
2843 1819 3022 1889 potius
3040 1819 3160 1873 illos
3181 1818 3396 1888 quidem
3425 1818 3781 1886 participasse

514 1932 517 1936 ·
553 1915 675 1966 dem
701 1915 960 1978 declarat,
983 1931 1234 1970 mensura
1262 1931 1390 1969 vero
1417 1917 1835 1972 etmullitudine
1862 1918 2112 1972 excellit:
2215 1915 2536 1985 sapientiam
2589 1910 2722 1965 foris
2765 1910 3143 1978 inspirantem,
3191 1925 3312 1977 qua:
3363 1909 3468 1962 alia
3514 1919 3595 1962 est
3634 1909 3785 1976 apud

553 2005 706 2060 verbi
740 2008 934 2076 gratia,
964 2007 1128 2076 duplo
1165 2008 1306 2076 plus,
1339 2018 1432 2063 aut
1474 2012 1965 2080 quomodocunque
2001 2027 2119 2064 am-
2217 2011 2397 2079 ipsos;
2427 2007 2598 2075 ipsam
2628 2019 2758 2058 vero
2787 2004 3105 2072 sapientiam
3140 2020 3231 2070 per
3253 2020 3309 2058 se
3331 2005 3501 2074 ipsam
3530 2003 3790 2057 substan-

551 2098 715 2166 plius,
740 2099 825 2154 vel
855 2099 1035 2155 minus
1059 2101 1222 2170 duplo
1250 2117 1414 2172 quam
1448 2103 1562 2170 alii,
1597 2113 1956 2173 cognoscente
1998 2104 2116 2172 ipso
2217 2102 2417 2155 tialiter
2441 2100 2495 2152 in
2525 2111 2726 2166 corpus
2757 2111 2823 2150 ex
2850 2095 3020 2149 Maria
3056 2096 3288 2150 venisse.

1961 2192 2028 2246 Et
2057 2201 2171 2262 post
2205 2191 2316 2244 alia
2350 2205 2368 2242 :

619 2303 698 2358 Ac
727 2304 929 2368 dicunt,
969 2320 1078 2358 non
1126 2319 1244 2358 esse
1289 2303 1426 2359 duos
1456 2304 1615 2359 ﬁlios.
1647 2304 1704 2358 Si
1729 2315 1906 2360 autem
1937 2306 2106 2362 Filius

546 2402 634 2451 est
654 2394 743 2450 Dei
761 2393 919 2450 Jesus
945 2394 1227 2462 Christus;
1253 2395 1423 2451 Filius
1452 2412 1582 2451 vero
1607 2396 1768 2451 etiam
1799 2396 2064 2466 sapientia
2089 2414 2104 2462 ;

2214 2313 2268 2358 et
2309 2302 2454 2356 aliud
2479 2307 2563 2355 est
2595 2297 2881 2368 sapientia,
2911 2305 2966 2352 et
2990 2296 3134 2351 aliud
3163 2294 3320 2351 Jesus
3349 2295 3633 2351 Christus:
3661 2296 3780 2353 duo

2217 2405 2346 2450 sunt
2382 2395 2499 2448 filii.

2001 2493 2070 2546 Et
2102 2505 2280 2547 postea
2314 2506 2332 2542 :

2001 2511 2070 2546 LI
2138 2511 2280 2547 οδιεα
2314 2511 2332 2542 .'

617 2583 1030 2654 Copulationem
1059 2584 1170 2656 (l9)
1199 2601 1328 2640 vero
1356 2601 1479 2641 cum
1523 2587 1788 2658 sapientia
1843 2586 1998 2641 aliter
2024 2511 2185 2648 ιιι-ΡΒ
2215 2601 2320 2638 non
2357 2591 2535 2637 autem
2564 2578 2861 2636 secundum
2893 2576 3248 2633 substantiam
3290 2576 3344 2631 in
3389 2591 3616 2646 corpore
3667 2575 3786 2631 for-

544 2680 741 2750 tellige,
785 2679 1083 2734 secundum
1134 2679 1476 2748 disciplinam
1502 2687 1556 2732 et
1606 2678 2106 2748 participationem;

2219 2685 2442 2730 matam.

1960 2790 2030 2843 Et
2062 2799 2176 2860 post
2207 2789 2317 2842 alia
2352 2803 2370 2839 :

619 2882 804 2952 Neque
842 2883 983 2938 Deus
1011 2884 1104 2952 qui
1143 2899 1339 2952 corpus
1375 2886 1670 2939 humanum
1709 2885 1916 2941 ferebat
1941 2894 1994 2940 et
2020 2885 2105 2938 in-

542 2977 753 3044 duerat,
780 2979 1092 3046 passionum
1130 2981 1488 3033 humanarum
1519 2982 1888 3050 principaliter
1913 2997 2106 3051 expers

542 3080 695 3136 erat;
728 3086 904 3140 neque
936 3085 1136 3140 corpus
1190 3072 1487 3124 humanum
1523 3071 1834 3126 divinorum
1881 3087 2105 3142 operum

540 3164 910 3235 principaliter
947 3179 1142 3234 expers
1177 3173 1296 3218 erat
1329 3165 1386 3219 in
1430 3179 1495 3219 eo
1536 3165 1592 3219 in
1634 3179 1742 3236 quo
1765 3171 1902 3230 erat,
1931 3172 1986 3218 et
2015 3178 2108 3233 per

2116 3252 2202 3306 Ill.

2213 2899 2377 2954 quem
2411 2883 2524 2936 haec
2571 2895 2733 2951 opera
2776 2878 3024 2934 faciebat.
3063 2878 3349 2932 Formatus
3391 2889 3472 2932 est
3502 2878 3778 2948 principa-

2212 2977 2332 3031 liter
2357 2985 2428 3045 ut
2461 2976 2624 3029 homo
2672 2976 2724 3028 in
2776 2985 2986 3039 ventre;
3017 2981 3069 3026 et
3115 2974 3434 3027 secundario
3465 2974 3576 3042 (50)
3629 2973 3778 3029 Deus

2211 3079 2328 3124 erat
2385 3069 2436 3122 in
2484 3077 2670 3122 ventre
2723 3065 3143 3135 συνουσιωμένος
3197 3064 3274 3134 τῷ
3319 3065 3659 3136 ἀνθρωπίνῳ,
3722 3068 3778 3121 id

2213 3171 2314 3224 est,
2347 3161 2596 3230 copulata
2631 3159 2930 3212 substantia
2961 3157 3080 3222 ejus
3108 3172 3231 3210 cum
3266 3158 3500 3211 homine.

762 3350 857 3410 Ex
908 3347 1082 3411 Actis
1133 3349 1589 3427 disputationis
1634 3350 1862 3414 habita)
1906 3369 1942 3414 a
1991 3350 2356 3412 Malchione
2407 3353 2624 3409 contra
2684 3344 2946 3405 Paulum
3006 3347 3513 3406 Somosatenum.

1162 3447 1312 3517 Apud
1343 3447 1553 3502 Petrum
1588 3449 1882 3504 Diaconum
1920 3451 2011 3504 lib.
2047 3451 2122 3503 De
2154 3449 2428 3501 Incarnat.
2459 3447 2526 3498 ad
2559 3445 2920 3515 Fulgentium,
2951 3461 3066 3514 cap.
3097 3444 3148 3498 6.

1516 3518 1669 3573 'Inter
1696 3537 1852 3590 opera
1882 3520 1939 3575 S.
1975 3519 2241 3590 Fulgentii
2276 3520 2435 3588 epist.
2474 3516 2560 3570 16.

609 3606 689 3662 Ex
722 3608 1057 3674 simplicibus
1093 3608 1168 3682 (l)
1203 3612 1261 3665 fit
1284 3623 1427 3667 certe
1454 3613 1840 3682 compositum,
1875 3614 2016 3668 sicut
2040 3615 2093 3667 in

535 3699 755 3754 Christo
783 3697 931 3766 Jesu,
957 3701 1049 3770 qui
1078 3717 1140 3754 ex
1173 3700 1282 3756 Deo
1315 3701 1492 3757 Verbo
1516 3715 1570 3757 et
1595 3703 1833 3758 humano
1859 3719 2088 3773 corpore

536 3791 679 3860 quod
711 3799 792 3845 est
832 3807 897 3845 ex
930 3792 1135 3847 semine
1162 3791 1352 3856 David,
1392 3809 1533 3848 unus
1562 3793 1739 3849 factus
1767 3803 1866 3861 est,
1893 3809 2100 3863 nequa-

535 3896 699 3950 quam
735 3883 964 3938 ulterius
994 3883 1262 3939 divisione
1299 3885 1502 3954 aliqua,
1541 3886 1634 3940 sed
1673 3887 1879 3942 unitate
1917 3887 2100 3942 subsi-

534 3982 702 4028 stens.
753 3973 833 4028 Tu
877 3989 1007 4029 vero
1054 3974 1256 4029 videris
1287 3975 1418 4029 mihi
1465 3975 1766 4030 secundum
1812 3977 1917 4032 hoc
1957 3977 2100 4032 nolle

534 4065 982 4134 compositionem
1033 4065 1218 4132 fateri;
1247 4075 1305 4120 ut
1346 4082 1453 4121 non
1494 4067 1796 4122 substantia
1832 4067 1903 4122 sit
1944 4067 2000 4121 in
2033 4083 2098 4123 eo

533 4154 700 4210 Filius
731 4157 843 4225 Dei,
865 4157 957 4214 sed
984 4159 1246 4227 sapientia
1277 4159 1575 4214 secundum
1601 4160 2092 4229 participationem.

534 4244 648 4302 Hoc
677 4249 819 4303 enim
857 4249 1066 4314 dixisti,
1088 4251 1215 4319 quia
1243 4250 1509 4321 sapientia
1546 4250 1892 4320 dispendium
1920 4251 2094 4320 patia-

2208 3622 2316 3676 tur,
2334 3619 2387 3665 et
2412 3609 2530 3663 ideo
2554 3606 2852 3675 composita
2878 3622 2998 3661 esse
3031 3621 3138 3660 non
3162 3606 3334 3674 possit
3366 3625 3377 3660 :
3409 3621 3507 3661 nec
3537 3610 3773 3678 cogitas,

2205 3704 2349 3774 quod
2392 3702 2572 3756 divina
2626 3701 2889 3770 sapientia
2926 3701 3066 3756 sicut
3093 3711 3381 3769 antequam
3411 3714 3468 3753 se
3492 3701 3776 3755 exinanis-

2207 3803 2308 3857 set,
2354 3793 2675 3846 indiminuta
2722 3792 3048 3861 permansit;
3099 3793 3170 3844 ita
3199 3800 3253 3846 et
3297 3791 3350 3844 in
3390 3791 3491 3844 hac
3514 3790 3771 3844 exinani-

2207 3885 2352 3939 tione
2390 3899 2552 3954 quam
2583 3883 2747 3952 gessit
2785 3881 3228 3947 misericorditer,
3258 3879 3578 3934 indiminuta
3605 3889 3772 3948 atque

2205 3973 2608 4030 indemutabilis
2660 3972 2886 4027 exstitit.
2944 3969 3012 4024 Et
3064 3971 3165 4025 hoc
3215 3971 3376 4024 etiam
3426 3968 3584 4036 dicis,
3616 3970 3770 4038 quod

2203 4064 2468 4134 sapientia
2507 4063 2776 4117 habitaret
2801 4063 2857 4114 in
2883 4077 2969 4126 eo,
2996 4061 3136 4116 sicut
3162 4060 3468 4114 habitamus
3491 4068 3542 4113 et
3576 4074 3676 4113 nos
3710 4059 3768 4114 in

2204 4158 2480 4223 domibus,
2511 4165 2572 4211 ut
2616 4157 2750 4211 alter
2798 4156 2851 4209 in
2891 4156 3063 4208 altero
3086 4153 3232 4223 (52);
3275 4155 3368 4207 sed
3415 4166 3591 4220 neque
3637 4168 3770 4222 pars

2199 4251 2396 4306 domus
2420 4265 2520 4305 nos
2549 4264 2759 4312 sumus,
2791 4263 2891 4301 nec
2917 4246 3093 4301 nostri
3115 4261 3240 4314 pars
3262 4243 3459 4298 domus
3485 4251 3589 4300 cst.

2105 4340 2193 4397 ιν.

1581 4432 1664 4489 Ex
1691 4436 1877 4490 iisdem
1911 4435 2058 4489 Actis
2091 4437 2231 4505 apud
2259 4435 2535 4491 Leontium
2571 4434 2609 4487 ι.
2652 4450 2699 4486 c.

602 4519 794 4576 Nonne
825 4532 950 4577 ante
977 4523 1246 4587 dicebam,
1279 4527 1420 4596 quod
1459 4542 1569 4581 non
1615 4529 1866 4584 concedis
1898 4527 2094 4582 Filium

531 4613 870 4684 unigenitum
892 4615 984 4684 qui
1015 4625 1099 4670 est
1130 4631 1197 4670 ex
1222 4619 1521 4673 aeternitate
1551 4627 1678 4673 ante
1701 4635 1918 4674 omnem
1947 4635 2092 4674 crea-

531 4748 1012 4821 scoporumitotius
1034 4748 1255 4821 Africae,
1285 4758 1346 4803 ut
1383 4751 1572 4821 scribit
1591 4751 1646 4804 in
1671 4752 1895 4821 epistola
1921 4752 2086 4806 citata

530 4819 597 4872 ad
644 4818 978 4889 Cornelium.
1034 4817 1222 4874 Patres
1259 4835 1476 4889 quoque
1506 4817 1842 4876 Sardicensis
1868 4823 2085 4876 concilii

529 4888 772 4961 eamdem
818 4888 1184 4961 adhibuerunt
1210 4888 1576 4961 diligentiam.
1617 4889 1718 4944 Sed
1775 4899 1828 4945 et
1870 4893 2085 4961 quoties

529 4958 763 5012 mortuis
788 4959 1056 5027 episcopis
1083 4959 1173 5012 alii
1207 4959 1261 5011 in
1284 4958 1472 5013 earum
1501 4961 1677 5014 locum
1704 4958 1914 5016 fuerant
1939 4963 2086 5015 ordi-

529 5029 660 5091 nati,
688 5029 1125 5099 eorumrnomina
1156 5029 1378 5098 reliquis
1397 5030 1663 5099 episcopis
1687 5031 1928 5085 indicare
1951 5046 2085 5085 con-

528 5107 778 5153 sueverat
807 5098 1104 5163 ordinator,
1129 5108 1190 5152 ut
1209 5101 1489 5154 scirentad
1516 5098 1654 5168 quos
1685 5102 1944 5164 scribere,
1968 5110 2021 5156 et
2054 5116 2086 5155 a

527 5169 726 5236 quibus
768 5171 1022 5240 pacificas
1055 5171 1263 5240 litteras
1291 5172 1535 5240 accipere
1567 5170 1944 5240 deberentLut
1999 5171 2086 5224 di-

527 5240 733 5310 scimus
769 5254 836 5310 es
864 5238 1148 5310 Theophili
1186 5238 1426 5307 epistolis
1456 5240 1820 5310 paschalibus.
1852 5239 2054 5296 VALES.

596 5309 707 5375 (48)
758 5307 872 5362 Nos
923 5307 1167 5375 dicimus,
1195 5311 1331 5379 quod
1375 5307 1512 5362 sicut
1559 5309 1711 5362 homo
1761 5313 1990 5364 exterior
2036 5316 2087 5365 et

527 5377 748 5430 interior
777 5389 896 5433 sunt
934 5396 1037 5432 una
1076 5377 1334 5448 persona;
1373 5381 1447 5432 sic
1475 5380 1621 5433 Deus
1660 5379 1881 5434 Verbum
1913 5392 1960 5434 et
1987 5383 2086 5434 hu-

529 5449 757 5568 ;nanjtas
783 5460 1059 5572 gssumpta
1097 5459 1217 5504 sunt
1245 5467 1351 5504 una
1378 5466 1620 5519 persona,
1649 5451 1786 5520 quod
1825 5461 1977 5521 negat
2002 5451 2084 5504 hic

583 5533 648 5568 an
676 5534 759 5571 us.
829 5535 914 5572 an.

583 5533 759 5571 nutus.
783 5533 914 5574 DAN.

601 5587 714 5655 (49)
760 5588 1120 5656 Συνάφειαν,
1193 5590 1576 5644 humanitatem
1640 5591 1814 5644 aiebat
1877 5589 2080 5645 Paulus

529 5657 734 5728 unitum
795 5674 903 5711 esse
944 5675 1058 5711 cum
1115 5661 1394 5728 sapientia,
1419 5662 1558 5714 sicut
1589 5661 1868 5728 disciplina
1899 5666 2083 5715 unitur

529 5740 645 5780 sunt
673 5727 899 5782 dixente
921 5745 1010 5782 uer
1029 5727 1502 5800 participationem.
1533 5733 1662 5785 CAN.

2207 4539 2404 4593 turam,
2429 4530 2483 4583 in
2521 4536 2633 4582 toto
2663 4525 2944 4578 Salvatore
2969 4521 3278 4584 οὐσιῶσθαι,
3314 4521 3367 4576 id
3414 4529 3516 4586 est,
3549 4522 3764 4578 unitum

2197 4635 2318 4675 esse
2362 4617 2661 4674 secundum
2697 4614 3096 4670 substantiam?

2260 4757 2373 4822 (50)
2425 4752 2766 4823 Secundario.
2799 4750 2952 4823 Kurd:
2975 4751 3243 4823 ίδεῷτερον
3283 4752 3456 4820 λόγον.
3492 4751 3759 4808 Τῐιιιιιιλκ.

2263 4824 2372 4894 (51)
2407 4824 2488 4876 Ea:
2516 4822 2862 4894 simplicibus.
2884 4821 3353 4894 Huigfranento
3386 4824 3486 4876 ista
3521 4827 3760 4894 puemit-

2195 4889 2482 4949 tit'Pe'trus
2518 4889 2789 4946 Diaconus
2877 4910 2891 4944 :
2931 4910 2947 4940 ι
2987 4889 3123 4946 Hinc
3144 4889 3316 4945 Veliam
3363 4908 3392 4945 a
3428 4889 3627 4946 sanctis
3656 4892 3760 4945 Pa-

2193 4965 2366 5019 tribus
2393 4963 2720 5017 adunatione
2744 4977 2808 5014 ex
2839 4961 3122 5014 divinitate
3157 4971 3209 5015 et
3244 4962 3577 5016 humanitate
3601 4963 3760 5016 Chri-

2192 5045 2309 5090 stus
2347 5035 2604 5087 Dominus
2636 5041 2818 5085 noster
2852 5031 3184 5099 compositus
3210 5033 3550 5100 przedicatur.
3591 5031 3748 5097 Quod

2192 5105 2382 5158 nolens
2423 5103 2623 5156 Paulus
2641 5101 3030 5156 Samosatenus
3056 5101 3322 5164 confiteri,
3354 5100 3645 5154 damnatus
3674 5113 3758 5154 cst

2193 5176 2262 5226 ab
2295 5174 2631 5226 Antiocheno
2660 5171 2913 5241 concilio,
2938 5169 3238 5224 Malchione
3277 5173 3590 5241 presbytero
3615 5171 3759 5238 ejus-

2191 5243 2312 5297 dem
2347 5243 2695 5297 Antiochena:
2719 5240 2994 5306 Ecclesia,
3014 5241 3130 5310 viro
3164 5257 3256 5310 per
3281 5240 3462 5294 omnia
3496 5242 3755 5295 eruditis-

2193 5315 2354 5379 simo,
2379 5322 2432 5366 et
2463 5314 2530 5366 ab
2556 5312 2823 5366 universis
2862 5309 3232 5366 sacerdotibus
3251 5312 3343 5380 qui
3379 5321 3565 5366 contra
3599 5326 3755 5366 eum-

2191 5383 2312 5436 dem
2369 5381 2594 5437 Paulum
2648 5389 3012 5436 convenerant
3070 5390 3196 5434 tunc
3244 5385 3447 5446 electo;
3477 5385 3570 5449 qui
3603 5396 3753 5436 sum-

2191 5469 2340 5507 mum
2383 5453 2773 5523 disputationis
2804 5461 3076 5523 certamen
3119 5467 3147 5504 a
3181 5452 3413 5523 concilio
3450 5459 3750 5509 memorato

2191 5521 2515 5592 suscipiens,
2568 5523 2638 5575 ita
2694 5522 2942 5592 eumdem
3008 5521 3317 5576 haereticum
3372 5522 3509 5577 inter
3557 5529 3751 5578 caetera

2193 5591 2486 5660 redarguit,
2521 5593 2706 5647 dicens
2739 5606 2754 5644 :
2793 5591 2872 5644 Ea:
2900 5591 3245 5660 simplicibus,
3295 5610 3311 5642 ι
3351 5601 3458 5660 etc.

2264 5664 2374 5729 (5'2)
2399 5661 2464 5714 Ut
2484 5664 2616 5716 alter
2642 5666 2692 5715 in
2717 5662 2901 5716 altera.
2925 5659 3064 5714 Editi
3083 5659 3284 5716 Lovan.
3301 5659 3526 5715 etBasil.
3542 5668 3596 5712 ut
3615 5659 3752 5712 alter

2195 5733 2248 5785 in
2280 5732 2466 5786 altera.
