4034 6372
482 345 578 401 971
1456 339 1543 394 DE
1582 339 1746 394 VITA
1785 336 1873 393 ET
1913 335 2075 393 SCRll

2175 335 2227 392 Β
2255 337 2315 394 S.
2353 336 2737 395 ﬂlPPOIJYTl.

504 574 3720 616 Mm

1043 742 1219 858 1³-
1293 739 2075 856 GOTTI‘B]

2175 739 2312 852 »ι
2422 738 3171 853 LUMPEB

1630 973 2587 1090 DISSERTATIO

775 1221 921 1310 DE
999 1217 1290 1313 VITA
1380 1215 1536 1306 ET
1612 1213 2151 1305 SCRIPTIS
2218 1211 2641 1305 SANCTI
2716 1212 3448 1309 HIPPOLYTI.

1135 1405 1378 1474 (Historia
1406 1403 1579 1459 critica
1605 1406 1704 1457 SS.
1726 1405 1954 1464 Patrum,
1980 1408 2017 1454 t.
2045 1396 2177 1464 Vill,
2203 1403 2444 1468 Augusta
2468 1403 2719 1455 \‘indellc.
2740 1442 2754 1466 ,
2776 1404 2918 1469 1791,
2944 1404 3120 1471 ln—8‘.)

1608 1712 2001 1834 CAPUT
2103 1743 2624 1840 PRIMUM.

1365 1936 1753 1999 HISTORIA
1796 1936 2013 2000 VITIE
2076 1934 2363 2000 SANCTI
2409 1938 2870 2003 HIPPOLYTI.

1030 2246 1428 2304 ARTICULUS
1474 2247 1514 2304 Ι.

488 2385 554 2423 DE
590 2384 635 2423 S.
658 2382 939 2423 BIPPtIl.YTl
966 2382 1183 2432 ΡΔΊἭΙΑ,
1214 2381 1687 2433 PBiECl-ZPTORIBFS,
1713 2380 2067 2424 LITTEBARUI

744 2453 973 2502 STIlDllS,
1014 2454 1083 2491 ΕΤ
1127 2454 1372 2493 TEMPORE
1411 2455 1517 2501 οιιυ
1555 2454 1808 2493 Ριοιιυιτ.

556 2527 875 2600 Hippolytus
927 2529 1198 2598 plurimos
1244 2529 1396 2585 novit
1454 2529 1794 2599 antiquitas:
1854 2530 2067 2587 caneris

487 2628 670 2674 tamen
725 2618 991 2675 illustrior
1033 2627 1118 2675 est
1156 2617 1476 2675 Portnensis
1539 2619 1860 2689 episcopus,
1903 2636 2067 2690 quem

487 2711 701 2782 generis
732 2711 1010 2777 nobilitas,
1037 2719 1228 2792 utpote
1256 2710 1518 2766 senatorii
1541 2710 1745 2766 ordinis
1768 2711 1851 2781 (ut
1871 2721 2070 2765 auctor

486 2802 979 2875 estllieronymus)
1026 2801 1123 2874 (3),
1170 2803 1496 2871 episcopalis
1542 2801 1809 2873 dignitas,
1851 2818 2073 2873 magna

486 2895 743 2961 eruditio,
767 2906 821 2948 et
845 2893 1091 2965 martyrii
1121 2891 1293 2964 gloria
1324 2891 1627 2963 posteritati
1654 2893 2067 2949 celeberrimum

489 2987 862 3043 reddiderunt.
917 2984 1244 3051 Dolendum,
1288 2986 1437 3056 quod
1486 2984 1784 3056 pleraque,
1829 3000 1954 3055 qua:
1999 2985 2070 3039 ad

487 3078 614 3133 vitae
645 3078 767 3149 ejus
800 3077 1085 3133 historiam
1112 3076 1409 3148 pertinent,
1440 3090 1543 3132 nec
1575 3076 1715 3132 satis
1756 3076 2066 3146 perspicua,

490 3186 591 3225 ncc
626 3178 773 3226 certa
803 3171 933 3227 sint.
962 3168 1095 3238 Qua:
1122 3169 1403 3240 speciatim
1437 3168 1505 3224 de
1550 3168 1670 3239 ejus
1693 3168 1888 3239 patria,
1926 3183 2068 3238 prte-

490 3262 822 3332 eeptoribus,
850 3278 915 3318 ac
950 3271 1212 3333 tempore,
1246 3275 1357 3331 quo
1390 3259 1615 3329 ingenio
1634 3268 1688 3313 et
1713 3261 1923 3314 meritis
1955 3259 2070 3314 suis

489 3355 698 3422 floruit,
748 3371 779 3410 a
807 3355 1166 3424 scriptoribus
1217 3353 1534 3415 traduntur,
1586 3355 1731 3406 inter
1763 3367 1823 3407 se
1859 3351 2069 3405 discre-

491 3455 656 3517 pant,
692 3460 792 3501 nec
820 3460 919 3517 pro
951 3445 1247 3515 exploratis
1288 3444 1473 3499 haberi
1506 3452 1756 3514 possunt.
1817 3441 2071 3513 inprimis

492 3539 766 3594 dissensio
821 3546 906 3594 est
952 3547 1236 3593 auctorum
1284 3536 1351 3591 de
1402 3535 1564 3601 loco,
1615 3551 1725 3606 quo
1779 3535 2069 3591 oriundus.

496 3632 553 3684 Si
587 3629 922 3699 Stephanum
957 3629 1006 3683 le
1026 3626 1485 3699 Moyne(4),Cuil.
1516 3628 1754 3683 Caveurn
1779 3627 1855 3697 (5)
1884 3636 1940 3681 et
1959 3624 2073 3682 Jac.
2108 3621 2153 3681 Β

496 3720 835 3793 Basnage(3)
890 3718 1200 3787 audiamus,
1237 3722 1523 3776 dicendum
1555 3720 1693 3775 foret
1722 3720 2071 3793 Hippolytum

495 3823 652 3883 gente
695 3812 864 3868 fuisse
906 3808 1163 3877 Arabem,
1212 3818 1267 3865 et
1303 3811 1532 3880 patriam
1568 3811 1823 3868 habuisse
1871 3810 2073 3868 divinis

495 3902 860 3971 immanisque
894 3902 1089 3959 litteris
1122 3901 1591 3959 ﬂorentissimam.
1628 3900 1823 3958 Verum
1856 3918 1983 3958 cum
2015 3903 2071 3957 in

495 4011 610 4053 stuc
644 3996 920 4067 opinionis
965 3993 1432 4051 conﬁrmationem
1477 3996 1690 4050 nullum
1733 3995 2075 4065 antiquitatis

494 4097 910 4145 monumentum
955 4088 1294 4158 producant,
1340 4103 1449 4143 non
1484 4087 1661 4152 video,
1693 4104 1793 4143 cur
1834 4098 1943 4143 tam
1989 4105 2075 4143 rc—

495 4184 737 4237 centium
784 4188 1072 4236 auctorum
1110 4179 1259 4235 nudo
1289 4189 1501 4235 asserto
1542 4180 1723 4251 quoad
1770 4179 1973 4235 factum
2005 4181 2074 4236 ab

496 4286 687 4326 eorum
717 4281 875 4327 aetate
912 4280 1019 4325 tam
1053 4280 1325 4327 remotum
1357 4271 1491 4327 fides
1531 4271 1779 4327 habenda
1813 4272 1903 4327 sit.
1936 4270 2076 4327 Sunt

500 4362 615 4426 alii,
646 4361 740 4433 qui
777 4361 1007 4417 credunt
1038 4370 1287 4418 nostrum
1314 4359 1661 4433 Hippolytum
1711 4361 1923 4434 origine
1960 4362 2075 4418 Ro-

574 4583 650 4651 (5)
678 4581 994 4653 Hippolytus
1014 4599 1215 4654 quoque
1241 4583 1904 4654 etApollonius,Romame
1928 4585 2073 4639 urbis

503 4652 803 4728 senatores,
815 4652 1046 4728 propria
1068 4652 1319 4721 opuscula
1336 4652 1713 4728 condiderunt.
1750 4654 2067 4728 llieronym.

504 4724 723 4793 epistol.
773 4723 840 4777 70
884 4721 951 4778 ad
998 4721 1275 4793 Magnum.
1320 4725 1385 4778 At
1435 4723 1715 4793 Remigius
1757 4721 1976 4780 Ceillier
2017 4727 2072 4779 in

566 4798 652 4849 ist.
676 4794 908 4865 général.
940 4796 1028 4847 des
1055 4807 1288 4856 auteurs,
1315 4804 1444 4865 tom.
1472 4793 1533 4858 Il,
1560 4811 1680 4865 pag.
1700 4795 1822 4857 516,
1852 4796 1904 4849 in
1933 4798 2075 4850 notis

505 4866 574 4920 ad
601 4864 888 4919 articulum
931 4866 1190 4934 primum,
1215 4880 1336 4934 cap.
1360 4864 1429 4917 27
1453 4864 1680 4919 solerter
1703 4867 1977 4929 observat,
2000 4866 2076 4920 ita

2095 2257 2140 2315 Α
2168 2270 2389 2311 manum
2437 2255 2637 2325 fuisse;
2687 2258 2923 2331 huicque
2969 2264 3253 2318 sentcntiae
3303 2263 3487 2321 favere
3533 2266 3752 2325 videtur

2173 2346 2306 2401 illud
2335 2345 2651 2425 Hieronymi
2704 2350 2759 2403 in
2804 2349 3033 2420 epistola
3087 2353 3155 2407 ad
3190 2351 3468 2423 Magnum,
3495 2357 3752 2412 eumdem

2174 2447 2465 2492 senatorem
2487 2438 2775 2493 Romanum
2802 2441 3141 2510 sppellantis.
3170 2440 3477 2501 Novissime
3501 2458 3754 2506 auctores

2178 2527 2434 2584 Historiis
2456 2532 2735 2586 litterario:
2758 2529 2950 2588 Gatlt‘w
2978 2550 3009 2589 e
3036 2537 3457 2607 congregatione
3493 2537 3549 2594 S.
3572 2537 3755 2596 Mauri

2176 2619 2525 2693 Hippolytum
2579 2624 2720 2679 inter
2780 2626 3075 2696 scriptores
3131 2626 3315 2684 Gallos
3368 2628 3647 2697 referam,
3701 2632 3753 2685 ei

2174 2714 2471 2770 Galliarum
2534 2731 2761 2787 regnum
2815 2717 2995 2772 natalc
3055 2719 3230 2774 solum
3292 2728 3593 2777 statuentes
3646 2722 3753 2794 (ης.

2175 2805 2423 2879 lluicque
2471 2809 2715 2880 opinioni
2772 2809 2918 2865 haud
2963 2814 3183 2868 obstare
3216 2813 3512 2869 observant
3552 2830 3757 2869 nomen

2176 2917 2379 2968 suum,
2419 2904 2566 2973 quod
2601 2901 2850 2959 Crtecum
2893 2912 2998 2968 est,
3051 2920 3152 2961 nec
3197 2905 3344 2976 quod
3386 2906 3573 2962 Graece
3615 2907 3763 2962 serii-

2176 2994 2368 3062 pserit,
2420 3010 2599 3066 neque
2641 2996 2877 3066 denique
2912 2996 3151 3066 dignitas
3194 3002 3463 3054 senatoris
3492 2998 3752 3054 Romani.

2174 3082 2295 3140 Non
2331 3085 2567 3156 primum
2613 3102 2677 3142 ac
2707 3088 3031 3154 secundum,
3069 3089 3328 3159 quoniam
3375 3100 3609 3156 constet,
3643 3108 3763 3147 non

2176 3179 2367 3248 paucis
2399 3180 2623 3235 nomina
2661 3181 2877 3249 propria
2904 3181 3093 3237 Graeca
3135 3182 3195 3237 in
3223 3182 3413 3238 Galliis
3441 3184 3761 3239 communia

2176 3271 2369 3338 fuisse,
2404 3281 2568 3343 atque
2613 3272 2796 3343 plures
2830 3273 2987 3329 Latio
3034 3290 3149 3330 non
3197 3284 3431 3339 tantum.
3469 3277 3563 3332 sed
3605 3288 3660 3332 et
3697 3278 3761 3333 in

2178 3360 2351 3416 Callia
2387 3373 2543 3417 natos
2573 3362 2757 3434 lingua
2785 3362 2973 3419 Graeca
3006 3365 3175 3420 libros
3203 3366 3598 3436 composuisse.
3632 3365 3760 3423 Non

2178 3454 2414 3525 denique
2461 3454 2713 3523 tertium;
2748 3455 2879 3526 quia
2908 3454 3078 3513 Gallis
3106 3457 3219 3527 iam
3254 3474 3291 3513 a
3314 3467 3556 3528 tempore
3589 3460 3762 3531 impe-

2179 3547 2243 3601 rii
2274 3547 2511 3614 Claudii,
2542 3556 2598 3603 et
2626 3549 2797 3603 multo
2831 3557 2959 3605 ante
2985 3550 3051 3604 ad
3076 3552 3404 3608 senatoriam
3435 3552 3758 3624 dignitatem

2181 3641 2395 3711 patebat
2443 3641 2642 3696 aditus.
2717 3639 2790 3695 Ut
2839 3642 2981 3696 nihil
3022 3643 3233 3711 (licam,
3288 3644 3435 3716 quod
3482 3646 3758 3701 senatoria

2182 3730 2239 3787 S.
2267 3731 2539 3804 llippolyti
2584 3733 2815 3805 dignitas
2868 3734 2939 3790 sit
2981 3734 3273 3792 admodum
3321 3736 3507 3804 dubia,
3555 3738 3607 3793 si
3642 3754 3763 3793 non

2180 3825 2400 3895 penitus
2428 3824 2586 3882 falsa.

2254 3915 2521 3972 S.lrena:i
2582 3917 2882 3988 discipulus
2923 3915 3393 3991 luitllippolytus,
3429 3931 3491 3975 ut
3518 3921 3754 3991 inserunt

2181 4017 2413 4065 testatur
2440 4009 2584 4081 apud
2617 4008 2868 4064 Photium
2901 4009 3000 4080 (8).
3055 4008 3194 4066 Hinc
3225 4011 3414 4067 mitius
3446 4013 3750 4085 accipiendi

2179 4101 2454 4159 Palladius
2487 4102 2564 4175 (9)
2605 4113 2659 4158 et
2689 4101 2925 4174 Cyrillus
2956 4102 3435 4175 Scythopolitanus
3483 4104 3617 4178 (i0),
3653 4108 3752 4177 qui

2179 4208 2305 4248 eum
2348 4192 2623 4267 γνώριμον
2663 4193 2771 4248 τῶν
2810 4195 3146 4263 ἀποστόλων,
3191 4195 3550 4265 apostolorum
3590 4196 3755 4267 fami-

2179 4284 2367 4340 liarem
2406 4284 2578 4342 fuisse
2612 4285 2969 4342 tradiderunt.
3006 4284 3187 4356 Ipsum
3217 4302 3457 4358 namque
3480 4288 3593 4345 sub
3623 4289 3756 4345 Alc-

2179 4378 2390 4435 xandro
2418 4378 2765 4450 imperatore,
2791 4379 2888 4451 qui
2920 4394 3149 4450 regnare
3179 4379 3344 4451 cmpit
3374 4395 3519 4436 anno
3547 4380 3757 4437 Christi

2180 4582 2389 4654 gerint:
2445 4581 2765 4652 Hippolytus
2807 4598 3007 4653 quoque
3047 4593 3099 4637 et
3140 4584 3454 4654 Apollonius
3496 4582 3755 4642 Romana

2180 4652 2335 4722 urbis
2366 4664 2666 4722 senatores;
2707 4652 2829 4707 cum
2866 4654 2933 4707 de
2971 4652 3260 4722 Apollonio
3297 4664 3506 4710 tantum
3535 4695 3553 4717 ,
3589 4666 3649 4710 ut
3684 4675 3753 4722 et;

2182 4721 2435 4793 gutaloyo
2479 4720 2669 4793 liquet,
2709 4723 2912 4793 dictum
2955 4720 3057 4791 sit;
3107 4728 3216 4778 imo
3253 4741 3377 4780 cum
3435 4726 3634 4780 nedum
3685 4721 3755 4782 de

2182 4787 2490 4864 Hippolyto,
2508 4787 2601 4847 sed
2625 4787 2692 4847 de
2714 4791 2999 4861 Apollonio
3026 4787 3144 4864 ipso
3165 4796 3256 4849 alii
3279 4795 3544 4855 dubitent.
3564 4795 3757 4850 fuerit—

2182 4877 2250 4936 ne
2291 4878 2531 4932 unquam
2571 4875 2810 4928 senator,
2849 4880 2916 4917 an
2935 4865 3163 4936 proprio
3186 4866 3489 4936 ingenioex
3512 4864 3755 4922 Eusebio

506 4937 774 4991 duntaxat
815 4936 867 4988 in
914 4930 1190 5004 aliquibus
1238 4930 1576 5005 coitionibus
1638 4937 1781 5005 legi;
1845 4952 1968 4989 nam
2016 4937 2069 4988 in
2100 4983 2140 5005 η
2186 4930 2545 5005 Hieronymus
2566 4930 2992 5005 exaggeraveri't.

506 4983 1197 5077 ᾇῆἱίἱιῖιῖἓίἧὲεῖ,”ἆῖι’ᾧῖιέ
1234 4983 2073 5077 usasag'uais.1a."assa
2099 4983 2141 5041 (ἒ
2188 4983 2205 4984 ί
2240 4983 2991 5077 (tysanguinantis;
3029 5002 3418 5076 Prolegomena
3473 5004 3543 5061 ad
3589 5001 3761 5058 γωνία

506 5074 676 5132 Italus
724 5077 779 5146 in
818 5076 1054 5129 editione
1074 5074 1321 5146 Operam
1357 5076 1414 5129 ὃ.
1445 5074 1760 5146 Hieronymi
1797 5092 1930 5131 usus
1967 5085 2074 5139 est,

507 5156 645 5202 teste
683 5145 872 5201 eodem
921 5146 1188 5214 scripture
1232 5145 1419 5208 Gallo,
1469 5161 1566 5215 pro
1594 5145 1738 5199 ενοοε
1781 5157 2073 5211 senatores,

507 5217 705 5287 legitur
742 5215 984 5280 Senator,
1021 5217 1094 5269 ita
1134 5225 1192 5270 ut
1229 5216 1345 5270 haec
1388 5215 1936 5287 dignitasktribuatur
1975 5216 2079 5270 soli

509 5284 813 5357 Apollonio,
859 5288 946 5341 cui
984 5296 1128 5357 certe
1169 5284 1586 5357 convenit,'cum
1626 5284 1684 5339 S.
1711 5284 2076 5357 Hieronymus

509 5357 566 5411 in
609 5356 749 5411 libro
778 5355 853 5409 De
885 5357 1008 5409 viris
1050 5355 1368 5418 illustribus,
1412 5371 1532 5423 cap.
1556 5355 1648 5420 42,
1678 5355 1930 5410 eamdem
1968 5373 2081 5410 rur-

510 5442 607 5496 sus
629 5427 678 5480 ei
702 5422 957 5492 ascribat,
989 5436 1043 5481 et
1077 5427 1274 5481 ibidem
1308 5443 1429 5495 cap.
1454 5422 1543 5488 (il,
1576 5426 1632 5479 in
1664 5426 1839 5495 elogio
1864 5426 1923 5481 S.
1945 5425 2078 5496 Hip-

510 5495 698 5565 polyti,
739 5498 806 5549 de
842 5497 930 5567 illa
972 5497 1234 5567 dignitate
1272 5496 1798 5567 senatorianullant
1847 5499 2081 5551 mentio-

511 5564 635 5620 nem
666 5568 847 5620 faciat.
870 5564 1217 5622 Claris'simtts
1236 5569 1397 5620 etiam
1421 5565 1739 5620 Dominicus
1757 5564 2077 5632 Vallarsius,

509 5636 841 5692 novissimus
865 5635 1099 5705 Operam
1150 5636 1213 5691 D.
1253 5635 1567 5705 Hieronymi
1612 5637 1808 5699 editor,
1851 5646 1986 5691 tom.
2029 5638 2077 5700 ι,

509 5716 651 5776 part.
676 5722 715 5772 ι,
742 5723 859 5778 pag.
884 5708 1009 5778 561,
1036 5708 1221 5762 itidem
1257 5716 1429 5778 notat,
1459 5707 1606 5778 quod
1628 5706 1767 5778 falso
1789 5707 2074 5762 Erasmutn

508 5775 681 5833 Secuti
717 5775 948 5835 editores
971 5777 1301 5833 Bcncdictini
1323 5775 1556 5847 Operam
1577 5775 1642 5834 Ι).
1666 5775 1977 5851 Hieronymi
2004 5779 2079 5834 le-

2175 5088 2356 5139 sacra,
2384 5071 2517 5129 tom.
2543 5071 2584 5127 l.

2249 5144 2326 5212 (5)
2369 5144 2532 5199 Cave.
2556 5143 2703 5199 llist.
2728 5143 2921 5209 litter.,
2964 5154 3097 5198 tom.
3125 5145 3168 5207 l,
3196 5143 3319 5199 l02.

2176 5298 2211 5353 Ρ
2249 5179 3457 5338 ᾧ4Ϊὶἑ.”’ἑξιὲῖἶξιέἔ’ἷὲεὶῖιίέἴί³³ὶὲὲιἶνέἱὶιιίς..
3526 5223 3657 5270 tom.
3707 5179 3789 5279 i,.'

2251 5355 2303 5423 (7
2307 5370 2326 5424 )
2358 5352 2590 5410 Ilistoirc
2615 5354 2876 5408 littlraire
2896 5354 2961 5407 de
2980 5353 3034 5409 ια
3052 5352 3279 5421 France,
3307 5365 3443 5411 tom.
3468 5355 3511 5422 Ι,
3535 5365 3689 5426 parte
3708 5369 3753 5421 ι,

2178 5439 2300 5495 pag.
2331 5427 2453 5480 56L

2249 5496 2325 5566 (8)
2368 5496 2549 5566 Phot.,
2581 5495 2702 5566 cod.
2727 5510 2852 5566 cm
2872 5493 3131 5550 Bibliotlt.

2251 5564 2328 5637 (li)
2373 5565 2603 5637 Pallam,
2632 5565 2779 5637 (list.
2798 5564 3074 5637 Lausi“?
3102 5582 3220 5637 cap.
3244 5566 3365 5622 “8.

2252 5634 2362 5707 (10)
2392 5636 2592 5707 illyrill.
2636 5634 2823 5707 Scyth.
2874 5634 2978 5707 Vit.
3026 5634 3357 5707 S.Etithym.
3407 5637 3461 5691 in
3506 5634 3753 5690 Aualect.

2181 5704 2353 5761 erc.
2378 5704 2558 5769 B.'B.,
2582 5704 2819 5775 pag.'82,
2841 5716 2895 5762 et
2918 5704 3038 5761 Vita
3062 5707 3120 5761 S.
3147 5704 3303 5762 Saba:
3340 5707 3393 5760 in
3424 5706 3757 5762 Monstrum.

2185 5777 2389 5833 Eccles.
2417 5775 2585 5832 (ἔναξε.
2612 5778 2869 5846 Cutclcr.,
2894 5787 3025 5833 tom.
3053 5776 3141 5842 Ill,
3166 5793 3288 5850 pag.
3315 5777 3443 5835 554.
