4034 6372
281 365 380 422 275

1216 359 1305 414 DE
1343 360 1503 418 VITA
1542 361 1629 418 ET
1672 361 1982 418 SCRIPTIS
2023 362 2082 419 S.
2124 362 2512 419 HIPPOLYTI.

3395 371 3504 424 27$

277 484 392 545 222,
422 483 586 536 vitam
612 480 872 544 duxisse,
906 496 972 536 ex
1002 481 1122 550 ejus
1153 480 1365 536 Conone
1391 480 1645 535 Paschali
1675 495 1826 537 com-
1857 487 1896 542 Α
1927 481 2279 537 doctissimus
2299 482 2673 552 Stephanusle
2699 481 2893 555 Moyne
2921 483 3034 554 (25)
3058 483 3332 550 observat,
3351 491 3498 557 quo-.l

276 585 470 646 pertum
507 575 580 628 lit.
627 570 931 628 Plurimum
985 586 1165 628 autem
1219 573 1531 644 profecisse
1569 575 1624 628 in
1673 575 1824 629 omni

275 665 602 723 scientiarum
629 678 828 734 genere
853 673 1004 718 tanto
1035 665 1137 718 sub
1168 666 1427 735 magistro
1453 664 1819 736 Hippolytum,

273 774 380 829 qua:
407 765 682 826 superant,
712 756 833 825 ejus
857 757 1120 812 doctrinae
1143 767 1492 812 monumenta
1521 758 1823 812 luculenter

271 849 540 913 evincunt;
589 857 648 901 ut
685 857 967 916 propterea
1001 848 1081 900 vir
1108 848 1489 902 disertissimus
1535 847 1602 901 ab
1631 846 1821 902 Hiero-

271 954 418 1011 nymo
451 939 580 1009 (11),
606 939 904 1008 quinetiam
956 940 1350 994 sacratissimus
1385 950 1433 994 et
1470 956 1689 1010 magnus
1724 939 1820 994 do.-

268 1042 386 1097 ctor,
424 1032 760 1101 veritatisque
795 1033 940 1084 testis
966 1032 1140 1100 ﬁdelis
1182 1034 1250 1086 ab
1275 1033 1563 1088 Anastasio
1591 1031 1703 1105 (12)
1733 1042 1819 1087 at-

265 1140 358 1195 que
394 1126 645 1180 Ecclesiae
687 1125 878 1179 doctor
923 1125 1254 1193 γλυκύτατος
1295 1127 1390 1180 καὶ
1443 1126 1816 1192 εὐνούστατος,

263 1215 608 1280 dulcissimus,
635 1224 686 1269 et
720 1214 1124 1286 benignissimus
1164 1217 1234 1271 ab
1268 1217 1374 1270 alio
1414 1219 1642 1286 antiquo
1682 1219 1818 1272 scri-

262 1317 401 1378 ptore
427 1305 539 1376 (l3)
563 1307 688 1377 jure
717 1308 1035 1378 appelletur.
1085 1308 1168 1362 Ad
1212 1309 1327 1363 haec
1359 1317 1494 1363 teste
1530 1308 1591 1362 D.
1621 1308 1813 1364 Hiero—

260 1411 407 1469 nymo
448 1397 563 1468 (14)
617 1413 726 1452 non
776 1398 954 1454 solum
1006 1414 1263 1469 magnam
1307 1399 1519 1454 dicendi
1557 1400 1666 1453 vim
1711 1401 1815 1454 sub

255 1487 524 1557 disciplina
603 1487 661 1541 ὃ.
695 1487 922 1554 Irenzei,
983 1488 1077 1543 sed
1122 1489 1442 1544 immensam
1489 1505 1709 1560 quoque
1759 1492 1812 1544 in

258 1578 583 1647 philosophia
633 1587 689 1634 et
764 1578 1006 1649 profanis
1079 1579 1324 1634 scientiis
1390 1581 1640 1634 nositiam
1707 1581 1812 1636 sibi

258 1670 611 1738 comparavit;
647 1686 712 1724 ea
742 1672 888 1726 enim
917 1681 1074 1726 tritate
1102 1673 1302 1726 summi
1331 1673 1387 1726 in
1415 1671 1656 1728 Ecclesia
1685 1675 1814 1741 viri,

255 1762 699 1831 quemadmodum
736 1777 895 1818 nemo
929 1763 1162 1833 ignorat,
1193 1763 1358 1832 hujus
1385 1768 1599 1836 generis
1629 1767 1813 1821 erudi-

1929 589 2116 628 revera
2143 573 2202 638 ἐξ
2227 575 2436 628 ἐκείνου
2454 574 2799 644 possitetiam
2816 574 3005 630 referri
3034 576 3101 630 ad
3127 559 3498 649 Hippolytum,

1927 673 1982 720 et
2013 665 2127 720 sive
2149 665 2216 721 ad
2248 675 2461 736 tempus
2492 665 2782 733 referatur,
2818 667 3222 739 intelligendum
3255 672 3343 737 sit,
3377 673 3499 727 Ori-

1927 771 2115 826 genem
2146 757 2252 811 isto
2303 766 2546 826 tempore
2581 757 2882 813 imitatione
2929 759 3238 831 Hippolyti,
3286 762 3353 817 de
3388 780 3499 831 quo

1927 857 2052 902 ante
2080 856 2263 916 egerat
2291 847 2594 913 Eusebius,
2647 851 3069 906 commentarios
3116 853 3278 906 etiam
3322 855 3374 908 in
3411 872 3499 908 sa-

1925 954 2073 992 cram
2103 938 2436 1006 Seriptnram
2474 954 2696 1007 parasse
2747 949 2802 993 et
2832 939 3152 996 adornasse.
3182 943 3497 998 Audiendus

1923 1044 2144 1098 quoque
2169 1040 2251 1083 cst
2276 1030 2689 1084 recentissimus
2720 1041 2942 1094 auctor,
2975 1034 3068 1101 qui
3099 1035 3200 1088 hac
3223 1035 3290 1090 de
3325 1053 3381 1090 re
3423 1039 3494 1090 ita

1923 1119 2145 1174 disserit
2177 1119 2288 1190 (24)
2318 1137 2333 1175 :
2369 1118 2562 1174 Omnia
2593 1121 2816 1175 suadent
2857 1139 2978 1176 vera
3009 1139 3141 1186 esse,
3175 1141 3496 1197 quwcunquc

1923 1223 2113 1267 veteres
2141 1213 2205 1266 de
2243 1212 2484 1283 Origenis
2506 1213 2844 1268 wmulatione
2879 1213 3233 1281 tradiderunt,
3267 1218 3492 1271 Ambro-

1921 1307 1999 1360 sio
2031 1307 2311 1370 excitante,
2335 1307 2424 1375 qui
2451 1306 2632 1359 studia
2663 1307 2763 1375 ipsi
2790 1319 3098 1378 proponeret
3134 1309 3481 1378 Hippolyti...

1927 1397 2212 1467 Utriusque
2247 1407 2423 1450 autem
2459 1400 2730 1453 consensio
2770 1409 2880 1452 tum
2922 1417 3123 1471 quoque
3161 1402 3367 1468 firmari
3400 1419 3492 1470 po-

1921 1497 2018 1545 test
2039 1529 2056 1549 ,
2097 1504 2217 1542 cum
2247 1487 2496 1558 Origenes
2523 1489 2739 1544 Romam
2781 1493 3086 1556 adveniens,
3117 1494 3361 1562 pontiﬁce
3393 1495 3492 1547 Ze-

1919 1584 2162 1652 phyrino,
2187 1582 2399 1634 circiter
2427 1597 2624 1634 annum
2657 1581 2786 1645 220,
2822 1599 2920 1636 non
2955 1584 3107 1637 modo
3137 1586 3402 1654 privatim,
3437 1595 3493 1638 at

1917 1671 2124 1740 publice
2144 1673 2304 1726 etiam
2335 1670 2680 1742 Hippolytum
2709 1673 3050 1730 disserentem
3083 1678 3283 1731 audivit
3304 1719 3318 1743 ,
3351 1679 3493 1748 ejus.-

1917 1779 2016 1834 que
2051 1764 2126 1816 rei
2159 1766 2514 1818 testimonium
2551 1765 2866 1837 Hippolytus
2897 1770 3004 1837 ipse
3035 1769 3244 1839 reliquit
3278 1771 3338 1823 in
3369 1788 3490 1824 οτα-

256 1855 437 1909 tionem
485 1869 624 1909 vero.
668 1855 920 1925 theologo
969 1871 1311 1924 nequaquam
1343 1858 1492 1912 velut
1531 1858 1807 1929 indignam
1842 1848 1882 1902 Β
1913 1857 2069 1922 tione,
2091 1873 2250 1926 quam
2278 1857 2343 1911 de
2376 1857 2532 1912 laude
2564 1857 2632 1912 D.
2662 1859 2962 1914 Saluatoris
2989 1860 3190 1926 habuit,
3220 1879 3480 1933 quamque

255 1946 618 2002 traduxerunt.
655 1945 810 2013 Quod
853 1957 1034 2003 autem
1080 1949 1404 2004 saeratiores
1451 1951 1659 2006 litteras
1687 1967 1813 2022 spe-

252 2049 379 2106 ctat,
425 2040 622 2112 ingens
667 2041 1014 2111 scriptorum,
1049 2057 1176 2109 qum
1208 2043 1309 2096 hoc
1353 2043 1407 2096 in
1447 2059 1643 2113 genere
1693 2045 1802 2099 ela-

252 2135 538 2202 borarent,
574 2150 856 2200 numerus,
891 2135 1104 2189 abunde
1145 2135 1458 2199 confirmat,
1503 2147 1666 2207 quam
1709 2154 1807 2193 ex-

253 2226 485 2281 cellenter
545 2227 604 2280 in
653 2225 722 2280 iis
766 2235 1012 2281 versatus
1063 2225 1244 2282 fuerit.
1316 2227 1531 2284 Diversa
1591 2231 1810 2299 insuper

251 2335 426 2390 opera,
461 2333 591 2390 quae
625 2333 724 2388 pro
763 2318 1089 2373 inveniendo
1133 2335 1196 2374 ac
1242 2320 1658 2377 determinando
1702 2321 1806 2377 Pa-

252 2411 433 2467 schalis
481 2409 577 2464 die
611 2417 1014 2478 composuerat,
1044 2409 1294 2464 eumdem
1328 2411 1627 2466 doctrinam
1672 2420 1808 2466 tem.

250 2515 421 2570 porum
503 2501 752 2572 perfecte
829 2501 1124 2567 calluisse,
1208 2503 1510 2558 luculenter
1580 2504 1808 2559 demon-

250 2601 403 2648 strant
431 2594 573 2665 (t5).
917 2575 935 2589 '

306 2686 575 2742 Aubertus
601 2687 818 2744 Mirqu
844 2689 954 2760 (16)
981 2687 1146 2744 refert
1172 2687 1520 2758 Hippolytum
1556 2700 1802 2743 nostrum

251 2779 371 2834 inter
428 2781 736 2849 discipulos
783 2780 1077 2837 Clementis
1123 2781 1495 2846 Alexandrini,
1538 2791 1592 2836 et
1635 2780 1804 2835 Baro-

247 2870 354 2925 nius
379 2872 485 2944 (l7)
511 2873 651 2928 dicit
685 2888 744 2928 se
775 2874 970 2943 legisse
998 2874 1145 2942 quod
1175 2873 1470 2942 discipulus
1498 2876 1653 2944 fuerit
1685 2875 1803 2930 Cle-

247 2965 413 3016 mentis
439 2964 822 3029 Alexandrini,
864 2964 1078 3034 ejusque
1121 2966 1458 3032 persuasione
1502 2982 1556 3018 se
1580 2966 1801 3019 Romam

247 3054 527 3108 contulerit.
561 3053 669 3108 Sed
705 3055 848 3108 haud
881 3056 1108 3118 addunt,
1136 3072 1243 3126 qua
1279 3057 1602 3112 auctoritate
1629 3059 1800 3114 innixi

239 3142 288 3196 id
319 3146 549 3200 tradant.
605 3144 844 3201 Ulterius
891 3147 1070 3201 adhuc
1118 3163 1439 3217 progressus
1483 3157 1567 3204 est
1602 3151 1800 3219 perdo-

239 3244 342 3292 etus
383 3237 659 3302 Georgius
706 3239 928 3304 Bnllus,
984 3239 1078 3308 qui
1127 3241 1367 3295 scribere
1416 3257 1524 3296 non
1578 3243 1798 3298 dubita-

237 3329 303 3381 vit
326 3328 430 3398 (18)
461 3347 474 3383 :
521 3327 674 3392 Quod
709 3345 898 3399 magno
931 3346 1184 3384 consensu
1216 3331 1535 3384 tradiderint
1571 3334 1796 3402 scripto-

241 3435 309 3473 res
334 3421 683 3475 ecclesiastici
715 3433 929 3485 veteres,
963 3421 1305 3492 Hippolytum
1329 3424 1491 3493 fuisse
1514 3424 1800 3482 Clementis

241 3510 583 3568 Alexandrini
627 3515 971 3584 discipulum.
1024 3516 1222 3573 Verum
1287 3533 1411 3573 cum
1461 3520 1606 3574 nulla
1653 3521 1797 3576 anti-

239 3620 450 3672 quorum
480 3608 611 3662 loca
637 3609 858 3672 excitet,
895 3610 1075 3679 potior
1101 3611 1260 3666 nobis
1291 3621 1373 3664 est
1404 3609 1580 3666 Photii
1611 3621 1800 3666 aucto-

240 3695 358 3752 ritas
393 3713 489 3768 pro
539 3697 704 3754 unico
729 3708 1082 3771 praeceptore,
1119 3700 1178 3759 S.
1203 3701 1408 3757 Irenaeo
1439 3701 1670 3771 scilicet,
1715 3721 1797 3762 te-

240 3791 436 3847 stantis.

297 3881 425 3937 Cum
509 3883 655 3953 apud
712 3883 963 3940 eumdem
1026 3883 1282 3943 Photium
1343 3889 1506 3944 etiam
1567 3891 1798 3962 legimus

240 3969 291 4026 S.
315 3971 661 4046 Hippolytum
691 3974 941 4045 Origenis
990 3975 1311 4032 familiarem
1355 3978 1556 4046 fuisse,
1609 3983 1714 4038 hoc
1744 3995 1798 4040 et

237 4065 449 4121 aliorum
485 4066 769 4136 suﬂ'ragiis
794 4068 1109 4124 confirmari
1140 4085 1299 4138 posse
1329 4072 1560 4127 videtur.
1608 4074 1798 4131 Hiero-

235 4171 412 4228 nymus
433 4161 585 4214 enim
606 4159 714 4231 (19)
731 4171 786 4216 et
807 4161 1144 4231 Nicephorns
1162 4164 1274 4233 (20)
1299 4165 1566 4231 scribunt,
1592 4165 1654 4220 Hi
1663 4184 1797 4237 ppo-

235 4249 410 4319 lytum,
437 4252 676 4323 Origene
699 4263 989 4323 praesente,
1013 4254 1312 4309 orationem
1339 4272 1550 4311 sacram
1585 4259 1650 4312 de
1676 4259 1793 4314 latu-

235 4341 378 4398 dibus
404 4343 541 4400 Jesu
574 4342 776 4400 Christi
809 4345 1084 4401 habuisse.
1117 4344 1210 4401 Hle
1260 4347 1408 4401 addit
1444 4347 1793 4404 Ambrosium

233 4432 290 4490 ad
306 4449 586 4492 sacrorum
604 4437 866 4492 librorum
881 4438 1378 4505 interpretationem
1397 4440 1680 4510 Origenem
1703 4442 1790 4495 in-

235 4524 514 4593 citasse,in
541 4528 940 4583 aemulationem
959 4526 1248 4600 Hippolyti,
1266 4530 1426 4584 editis
1444 4530 1557 4599 jam
1583 4532 1634 4585 in
1653 4533 1792 4587 divi-
1825 4537 1878 4595 Il

234 4628 322 4673 nas
340 4615 650 4688 Scripturas
662 4619 1073 4672 commentariis
1094 4618 1234 4672 bene
1256 4617 1686 4674 meritiJllonent
1701 4637 1794 4674 an-

239 4715 331 4760 tem
356 4707 627 4763 Henricus
650 4706 900 4762 Valesius
917 4708 1027 4777 (21)
1061 4717 1116 4763 et
1137 4707 1328 4762 Petrus
1349 4707 1537 4763 Daniel
1561 4709 1791 4767 l'lnetius

235 4797 357 4867 (22),
390 4799 782 4870 Hieronymum
830 4799 1049 4854 Eusebii
1081 4800 1246 4854 verba
1266 4801 1448 4855 minus
1473 4811 1616 4857 recte
1636 4803 1795 4858 intel-

235 4890 514 4959 lexisse,et
539 4908 724 4948 vocem
762 4893 968 4946 ἐκείνου
988 4933 1003 4955 ,
1029 4907 1150 4962 qua:
1179 4893 1319 4961 apud
1354 4893 1514 4947 istum
1553 4896 1616 4949 ad
1652 4907 1790 4950 tem--

237 4996 329 5052 pus
359 4988 644 5056 pertineat,
666 5001 946 5056 perperam
970 4987 1036 5041 ad
1060 4985 1408 5058 Hippolytum
1435 4989 1705 5044 retulisse.
1724 4991 1791 5047 At

298 5125 405 5193 (11)
445 5123 668 5180 Hieron.
689 5123 851 5195 epist.
876 5125 926 5195 l7,
947 5123 1003 5188 2,
1029 5124 1096 5178 ad
1117 5123 1307 5179 anin.

298 5196 406 5263 (12)
442 5195 697 5265 Anastas.
724 5193 1097 5265 Vin_Collectan.
1123 5197 1265 5265 apud
1284 5195 1554 5264 Galland.,
1581 5207 1714 5254 tom.
1742 5199 1787 5253 11

235 5262 477 5320 Biblioth.
501 5263 633 5331 re,
667 5281 721 5335 ι).
743 5263 871 5320 469.

298 5332 747 5408 (13)_Anony_tjt._
767 5335 908 5389 inter
943 5332 1078 5408 Opp.
1127 5334 1677 5408 S.Joan.Chrysost.
1730 5340 1784 5394 in

235 5402 769 5488 append:_tom.'Vlll,
799 5405 1012 5488 νειμ-’19
1029 5402 1245 5488 novis}:
1271 5407 1398 5488 edit.

297 5473 406 5546 (14)
429 5475 740 5546 Hieronym.
762 5490 849 5597 eg.
872 5473 938 5529 ad
962 5475 1153 5530 anin.
1179 5477 1332 5542 7i,et
1348 5477 1412 5530 ad
1432 5473 1612 5544 Magn.
1638 5476 1724 5532 70.

298 5546 407 5619 (15)
446 5543 765 5619 EusebLH.
843 5585 855 5598 .
893 5546 988 5600 lib.
1030 5561 1083 5611 v,
1120 5562 1239 5616 cap.
1260 5547 1352 5612 22,
1387 5545 1698 5619 Hieronym.
1729 5549 1782 5602 in

236 5611 467 5687 Catalog.
492 5632 609 5686 cap.
633 5614 724 5687 61_.

299 5682 670 5755 (16)'Aub'ert.
695 5682 816 5740 Mir.
840 5683 962 5740 Not.
989 5686 1054 5739 ad
1083 5684 1300 5741 Hieron.
1329 5687 1401 5741 De
1431 5688 1524 5742 vir.
1555 5688 1776 5755 illustr.,

235 5768 278 5805 τ’
300 5772 404 5891 H7)
443 5824 640 5885 Baron.
685 5827 749 5884 ad
772 5843 897 5884 ann.
923 5827 1047 5894 229,
1075 5843 1221 5882 num.
1247 5829 1300 5883 Δ.

1912 1949 2270 2020 προσομιλίαν
2300 1951 2681 2006 denominavit.
2713 1953 2868 2017 Quod
2895 1955 3034 2007 enim
3065 1970 3166 2009 non
3196 1971 3344 2008 nemo
3366 1955 3490 2008 sub-

1909 2039 2009 2105 dit,
2029 2042 2091 2095 in.
2113 2040 2328 2096 Oriente
2351 2042 2404 2094 id
2436 2032 2736 2111 contigisse,
2773 2045 2982 2098 minime
3004 2055 3080 2098 est
3111 2048 3487 2108 necessarium,

1909 2133 2148 2204 quamvis
2183 2133 2300 2201 ﬁeri
2328 2135 2576 2201 potuerit,
2601 2152 2718 2188 cum
2755 2134 3074 2205 Hippolytus
3109 2138 3489 2192 Alexandriam

1907 2224 2090 2293 petiit,
2143 2224 2362 2294 indeque
2409 2226 2612 2280 rediens
2657 2227 2933 2296 epistolam
2972 2229 3040 2282 ad
3096 2229 3360 2284 Romanos
3422 2233 3487 2284 ab

1908 2313 2164 2382 Dionysio
2209 2315 2449 2384 episcopo
2499 2317 2858 2370 Alexandrino
2901 2317 3100 2371 attulit.
3142 2317 3321 2390 Neque
3370 2336 3487 2374 vero

1905 2416 2005 2472 est,
2033 2422 2125 2458 cur
2149 2406 2374 2460 alterum
2401 2406 2742 2477 Hippolytum
2777 2410 3104 2479 eﬁingamus,
3128 2427 3226 2480 quo
3262 2421 3488 2480 tempore

1906 2507 2084 2552 noster
2114 2497 2421 2552 Parmensis
2457 2500 2838 2554 Alexandriam
2876 2517 3107 2556 remeare
3147 2504 3348 2570 potuit,
3397 2505 3486 2557 ubi

1908 2587 2210 2642 adolescens
2254 2589 2531 2643 institutus
2580 2591 2742 2658 fuisse
2787 2592 2993 2645 videtur
3021 2608 3085 2646 ex
3131 2593 3340 2648 Conone
3375 2595 3484 2647 Pa-

1905 2677 2093 2742 scltali,
2125 2680 2277 2748 cujus
2306 2682 2566 2736 rationem
2603 2683 3084 2738 Atexandrinisibi
3119 2685 3478 2742 vindicabant.

1976 2769 2049 2825 De
2075 2778 2318 2840 tempore
2338 2789 2447 2842 quo
2476 2771 2798 2845 Hippolytus
2831 2775 3034 2842 ﬂoruit,
3064 2779 3346 2833 sententiae
3386 2793 3484 2832 au-

1903 2873 2123 2920 ctorum
2150 2865 2738 2937 itidemadiserepantes
2784 2876 2932 2923 sunt.
2969 2867 3260 2937 Eusebius,
3295 2870 3485 2927 Hiero-

1902 2970 2134 3026 nymus,
2193 2954 2510 3026 Syncellus,
2558 2967 2721 3027 atque
2776 2959 2871 3012 alii
2928 2959 3174 3013 referunt
3226 2975 3351 3014 eum
3413 2962 3482 3014 ad

1903 3047 2199 3100 Alexandri
2245 3048 2430 3102 Severi
2478 3050 2802 3118 imperium,
2857 3051 2946 3118 qui
2991 3067 3135 3106 anno
3179 3050 3481 3107 Servatoris

1905 3141 2080 3195 nostri
2109 3141 2216 3194 222
2246 3157 2469 3211 regnare
2503 3143 2685 3212 coepit.
2738 3143 2798 3195 In
2850 3141 3124 3213 Euthymii
3159 3142 3280 3198 Vita
3332 3147 3477 3198 anti-

1903 3251 2038 3304 quus
2069 3235 2295 3303 ipsisque
2325 3234 2576 3301 apostolis
2630 3235 2912 3302 familiaris
2961 3237 3157 3291 dicitur
3179 3279 3193 3302 ,
3230 3238 3482 3306 idemque

1904 3325 1958 3380 in
1991 3325 2181 3396 Cyrilli
2213 3325 2647 3397 Scythopolitani
2679 3326 2798 3380 Vita
2829 3327 2885 3382 S.
2923 3326 3080 3382 Saba:
3111 3330 3178 3383 de
3212 3345 3277 3382 eo
3314 3330 3480 3383 habe-

1904 3428 2014 3485 tur,
2043 3419 2210 3488 quod,
2233 3421 2694 3490 quemadmodum
2732 3421 2894 3490 paulo
2923 3423 3174 3491 superius
3227 3424 3479 3477 animad-

1905 3508 2199 3585 vertimus,
2247 3526 2354 3564 non
2405 3511 2726 3580 simpliciter
2767 3512 2993 3582 intelligi
3043 3521 3236 3582 potest.
3290 3513 3476 3586 Longe

1901 3602 2046 3657 enim
2095 3611 2336 3658 remotus
2371 3604 2471 3657 fuit
2499 3604 2566 3658 ab
2612 3604 2983 3673 apostolorum
3017 3604 3262 3674 ipsorum
3298 3615 3475 3662 aetate.

1905 3695 2212 3764 Stephanus
2236 3696 2283 3750 le
2310 3695 2502 3768 Moyne
2528 3697 2630 3750 loc.
2663 3697 2755 3752 cit.
2787 3698 3066 3752 existimat
3099 3698 3476 3770 Hippolytum,

1900 3787 2133 3858 Philippi
2167 3788 2396 3855 Arabis,
2429 3790 2520 3858 qui
2552 3805 2697 3846 anno
2746 3791 2949 3846 Christi
2993 3791 3102 3845 254
3138 3792 3480 3860 imperatoris

1901 3877 2222 3948 dignitatem
2253 3887 2336 3934 est
2366 3891 2728 3943 consecutus,
2756 3889 2971 3950 tempus
3018 3883 3295 3952 attigisse,
3331 3886 3476 3952 quod

1902 3970 1996 4024 ubi
2022 3970 2398 4036 admittamus,
2419 3971 2712 4026 dicemlum
2742 3981 2827 4026 est
2848 3988 2972 4026 eum
2999 3973 3290 4029 admodum
3318 3983 3478 4029 aetate

1900 4060 2203 4130 profectum
2238 4061 2430 4119 fuisse.
2481 4062 2592 4117 Nec
2639 4063 2961 4133 martyrium
2997 4063 3145 4118 illius
3178 4073 3304 4133 apte
3343 4080 3477 4120 con-

1897 4153 2048 4208 venit
2078 4154 2415 4223 temporibus
2446 4152 2714 4222 Philippi,
2764 4154 2842 4208 uti
2889 4169 2955 4208 ex
3007 4156 3172 4224 paulo
3212 4166 3331 4225 post
3365 4166 3475 4211 tra-

1899 4246 2091 4303 dendis
2151 4248 2374 4318 patebit.
2426 4246 2483 4302 Id
2541 4246 2707 4302 dubio
2757 4257 2936 4312 caret,
2991 4264 3116 4304 eum
3177 4250 3476 4319 imperante

1897 4341 2206 4396 AleXandro
2255 4340 2456 4396 Severo
2488 4341 2691 4396 vixisse
2732 4349 2786 4394 et
2839 4341 3160 4410 scripsisse;
3211 4345 3474 4413 temporis

1898 4444 2080 4493 autem
2106 4433 2244 4488 ratio
2269 4449 2376 4488 non
2407 4444 2662 4487 accurate
2687 4433 2898 4487 deliairi
2923 4441 3116 4502 potest.
3331 4445 3334 4448 ‘

2424 4546 2822 4603 ARTICULUS
2860 4547 2922 4602 ll.

2181 4658 2246 4696 DE
2286 4658 2414 4696 δεῦε
2455 4656 2756 4695 EPISCOPALI
2797 4657 2843 4696 ε.
2883 4657 3186 4697 HIPPOLV'I'I.

1971 4731 2297 4787 Charactere
2349 4733 2642 4802 episcopali
2713 4731 2771 4787 S.
2827 4733 3172 4805 Hippolytum
3223 4746 3472 4790 nostrum

1901 4825 2069 4880 fuisse
2116 4824 2438 4896 insignitum
2481 4825 2775 4894 perhibent
2823 4825 3094 4883 Eusebius
3139 4829 3252 4899 (25)
3309 4839 3475 4898 atque

1903 4921 1962 4975 D.
1997 4917 2359 4988 Hieronymus
2401 4918 2512 4990 (26)
2543 4939 2555 4973 :
2590 4920 2686 4974 sed
2730 4922 2936 4976 incerta
2966 4921 3192 4976 omnino
3223 4929 3306 4976 est
3352 4922 3473 4992 ejus

1969 5053 2078 5124 (18)
2102 5053 2238 5124 Bull.
2264 5053 2472 5123 Defens.
2486 5054 2582 5124 ῥά.
2603 5053 2953 5117 Nicwn.,sec.
2975 5069 3054 5118 ιιι,
3069 5069 3188 5124 cap.
3210 5054 3323 5122 8,p.
3342 5053 3470 5108 220.

1969 5123 2080 5194 (19)
2119 5123 2337 5178 Hieron.
2363 5125 2468 5179 loc.
2502 5127 2592 5180 cit.
2625 5125 2757 5181 Eos.
2790 5125 2859 5180 Η.
2892 5124 2958 5180 E.
2989 5127 3025 5177 Ι.
3046 5123 3274 5194 vneap.
3306 5125 3396 5178 25.

1966 5193 2368 5320 (2οὶῦιὲἰεορ1ιη
2420 5195 2492 5248 Η.
2536 5195 2602 5250 Ε.
2657 5197 2751 5250 lib.
2799 5211 2884 5262 tv,
2919 5211 3040 5264 cap.
3094 5197 3182 5259 51,
3224 5193 3379 5248 tom.
3429 5196 3468 5259 ι,

1966 5281 2016 5320 ε.
2054 5281 2088 5318 o
2166 5305 2178 5317 .

1931 5281 2016 5319 ΒΕ.
2054 5281 2178 5319 00".

1893 5280 2324 5400 patgél?oVales.,
2352 5333 2476 5390 Not.
2511 5336 2564 5389 in
2594 5334 2793 5390 Euseb.
2834 5334 2925 5388 lib.
2955 5349 3004 5386 vt
3063 5331 3133 5386 Il.
3166 5331 3262 5397 E.,
3295 5348 3344 5387 c.
3376 5333 3468 5389 23.

1963 5340 2048 5400 (21
2123 5340 2324 5397 Vales.,
2352 5340 2476 5390 Not.
2511 5340 2564 5389 in
2595 5340 2793 5390 Euseb.
2834 5340 2925 5388 lib.
2955 5349 3004 5386 vt
3063 5340 3133 5386 u.
3166 5340 3262 5397 Ε..
3295 5348 3344 5387 c.
3376 5340 3423 5387 ‘2:

1963 5340 2078 5484 (g3;
2117 5404 2278 5484 Hect.
2308 5404 2617 5484 Origenian.
2649 5407 2739 5459 lib.
2784 5418 2823 5467 ι,
2850 5419 2972 5484 cap:
3009 5402 3063 5484 2,
3109 5403 3217 5484 §n8.
3415 5477 3423 5484 _

1963 5472 2076 5543 (25)
2117 5475 2344 5547 Moyne,
2387 5472 2790 5547 Pgt'olegomena
2821 5474 2886 5526 ad
2937 5472 3344 5539 Variu‘Sacra,
3414 5477 3468 5528 in

1893 5545 2376 5602 exercitatin‘ncula
2406 5545 2474 5598 de
2502 5545 2560 5598 S.
2599 5545 2907 5613 Hippolyto.

1957 5616 2073 5685 (24)
2093 5616 2280 5668 Simon
2303 5617 2370 5669 de
2386 5612 2681 5685 Magistris,
2700 5615 2753 5666 in
2769 5612 2986 5669 Praefat.
3005 5614 3069 5667 ad
3095 5614 3370 5685 Danielem
3383 5630 3471 5685 se-

1890 5684 2307 5748 cundnmLXX,
2332 5684 2487 5738 num.
2512 5700 2605 5744 vn.
2649 5700 2700 5753 p.
2731 5698 2882 5743 xxvr,
2915 5685 3042 5738 edit.
3067 5684 3474 5742 Hotnan.l772.

1960 5756 2072 5824 (25)
2115 5755 2332 5820 Euseb,
2366 5753 2436 5810 Η.
2471 5753 2538 5806 Ε.
2570 5755 2662 5808 lih.
2697 5769 2772 5819 vr,
2809 5769 2928 5823 cap.
2957 5755 3047 5808 20.

1961 5827 2073 5896 (26)
2117 5824 2334 5881 Hieron.
2377 5826 2450 5882 De
2488 5829 2585 5880 rir.
2625 5824 2703 5879 ill.
2732 5839 2850 5895 cap.
2881 5825 2970 5880 61.
