4034 6398
483 371 593 427 9.75

1436 365 1526 420 DE
1565 361 1729 420 VITA
1767 359 1856 416 ET
1901 356 2063 415 SCRI?

2165 351 2220 408 με
2261 353 2320 408 s.
2360 347 2741 405 l-ltPPOLYTI.
3626 322 3732 396 sui

481 489 663 554 sedes,
695 504 762 543 an
789 489 1058 559 episcopus
1088 491 1316 557 gentium
1347 484 1643 554 putandus.
1693 495 1804 552 quo
1835 479 2055 551 quidem
2086 481 2132 540 Α
2161 471 2504 530 accuratiore
2531 467 2843 541 cognitione
2876 479 2989 520 rem
3031 461 3250 559 assequi
3274 474 3454 559 popae,
3477 457 3580 559 sibi
3603 474 3733 559 per-

483 574 640 630 titulo
675 575 795 646 ejus
825 577 1066 632 sodalem
1101 575 1294 630 Caium
1325 573 1584 628 Romanae
1614 569 1874 626 Ecclesiae
1903 584 2057 639 pres—

481 664 729 738 byterum
773 676 1022 722 ornatum
1071 666 1243 722 fuisse
1302 664 1469 735 probe
1523 662 1819 721 novimus?
1869 662 2059 731 Operae

481 759 717 826 pretium
758 769 844 815 est
879 762 958 816 ire
987 775 1082 830 per
1112 759 1326 828 singula
1346 798 1363 824 ,
1395 771 1518 828 quae
1542 757 1649 812 bac-
1672 756 1738 811 de
1767 771 1825 811 re
1854 755 2059 812 doctis-

483 846 608 900 simi
634 849 878 903 excussis
906 857 1148 902 veterum
1177 848 1331 904 libris
1362 846 1761 916 excogitatum.

553 936 821 995 Eusebius
861 939 1215 995 Caesariensis
1246 940 1312 994 de
1349 939 1661 1010 episcopatu
1699 936 1757 991 8.
1788 935 2059 1006 Hippolyti

485 1029 562 1083 s'ic
591 1030 775 1084 scribit
807 1030 918 1102 (27)
941 1047 958 1085 ελ
979 1029 1175 1084 Eadem
1210 1039 1510 1098 tempestate
1543 1028 1698 1082 multi
1719 1027 2059 1082 ecclesiastici

483 1121 584 1174 viri
625 1120 871 1175 doctrina
905 1121 1213 1177 excellentes
1247 1122 1573 1191 ﬂorebant...
1625 1118 1771 1172 Inter
1821 1119 1913 1173 hos
1955 1119 2058 1188 fuit

482 1209 727 1280 Beryllus
754 1211 1134 1266 Bostrenorum
1158 1215 1216 1266 in
1245 1213 1445 1267 Arabia
1473 1215 1771 1283 episcopus,
1801 1212 1892 1282 qui
1919 1227 2059 1280 pra:-

485 1311 564 1353 ter
595 1303 847 1372 epistolas
873 1313 921 1358 et
952 1304 1344 1360 lucubrationes
1375 1307 1522 1360 uaria
1569 1322 1771 1377 quoque
1804 1304 2059 1374 elegantis

432 1434 442 1453 ι
481 1393 678 1458 inqenii
712 1409 1048 1450 monumenta
1083 1397 1380 1467 dereliquit.
1427 1396 1687 1454 Similiter
1721 1407 1770 1452 et
1801 1395 2060 1467 Hippoly-

433 1472 442 1518 ἕ
486 1493 570 1537 tus
612 1485 836 1540 alterius
877 1489 1157 1560 cujusdam
1194 1489 1450 1544 Ecclesia;
1489 1492 1785 1560 episcopus.
1825 1489 2059 1544 Sanctus

482 1589 616 1629 vero
664 1573 1029 1648 Hieronymus
1069 1580 1284 1635 videtur
1323 1581 1504 1635 locum
1551 1580 1894 1650 episcopatus
1940 1579 2061 1648 ejus

485 1663 774 1736 indagasse
852 1677 906 1722 et
959 1684 1070 1724 non
1124 1671 1429 1732 invenisse,
1480 1671 1940 1740 quemadmodum
2005 1670 2060 1726 in

2159 569 2454 624 suaserint.
2491 563 2802 632 Stephanus
2836 559 2982 615 enim
3012 559 3062 614 le
3093 557 3283 628 Moyne
3315 555 3429 627 (55)
3455 552 3735 608 existimat

2160 661 2510 732 Hippolytum
2537 656 2736 711 Portus
2759 652 2990 708 Romani
3013 693 3030 719 ,
3066 649 3298 720 emporii
3323 647 3380 702 in
3409 645 3610 701 Arabia
3641 659 3732 698 ce-

2159 753 2462 817 leberrimi,
2485 750 2687 805 Adenaa
2708 747 2874 804 etiam
2904 744 3144 807 dicti,‘et
3171 758 3200 796 a
3232 739 3494 797 Romanis
3522 751 3732 796 merca-

2159 847 2370 904 toribus
2425 844 2718 899 admodum
2773 836 3140 908 frequeutati,
3193 835 3572 905 episcopatum
3619 847 3737 902 ges-

2160 940 2332 1004 sisse;
2367 951 2488 1006 quae
2514 932 2776 989 sententia
2809 931 2932 986 aliis
2969 942 3190 999 quoque
3218 925 3552 983 doctissimis
3577 923 3732 988 viris,

2161 1039 2324 1100 atque
2352 1029 2406 1082 in
2453 1026 2538 1080 his
2564 1024 2709 1080 Guil.
2749 1022 2951 1085 Caveo,
2981 1020 3251 1077 Casimiro
3292 1017 3510 1074 Oudino
3541 1026 3597 1072 et
3628 1015 3734 1071 Eli.

2162 1120 2522 1192 Dupinio(54)
2539 1135 2598 1173 se
2627 1115 3047 1174 commendavit.
3073 1112 3489 1167 Eruditissimus
3514 1111 3739 1180 insuper

2161 1213 2277 1268 Jos.
2323 1211 2602 1268 Simonius
2631 1211 2968 1264 Assemanus
2996 1205 3263 1260 Maronita
3310 1205 3437 1260 huic
3486 1203 3738 1272 opinioni

2163 1303 2491 1368 subscribit,
2535 1302 2664 1356 dum
2697 1312 2830 1356 tom.
2860 1299 2925 1354 Ill
2953 1298 3210 1353 Bibliotlt.
3249 1297 3453 1353 Orient.
3486 1297 3740 1351 Clemen-

2162 1395 2579 1451 tino-Vaticanze
2609 1403 2749 1464 part.
2781 1408 2819 1457 ι,
2849 1408 2968 1462 cap.
3001 1391 3054 1458 7,
3087 1406 3207 1460 pag.
3236 1391 3322 1455 15,
3356 1398 3478 1458 post
3506 1404 3738 1442 enume-

2163 1493 2311 1539 ratas
2327 1485 2588 1554 quasdam
2613 1484 2787 1538 sancti
2816 1482 3070 1551 martyris
3099 1481 3269 1535 nostri
3296 1480 3740 1534 elucubrationes

2165 1575 2240 1629 ita
2275 1575 2330 1629 in
2371 1575 2516 1630 notis
2561 1583 2783 1629 monet:
2834 1572 3195 1642 Hippolytus,
3242 1570 3436 1624 Portus
3485 1570 3739 1634 Romani,

2165 1683 2269 1721 non
2296 1667 2366 1720 ad
2391 1668 2528 1720 ostia
2562 1665 2827 1729 Tiberina,
2853 1671 2941 1718 sed
2969 1664 3293 1718 celeberrimi
3325 1664 3382 1716 in
3417 1662 3615 1716 Arabia
3641 1662 3742 1714 hoc

437 1785 446 1800 ι
484 1771 648 1825 opere
677 1757 754 1811 De
786 1761 1130 1828 scriptoribus
1165 1762 1537 1816 ecclesiasticis
1557 1803 1573 1828 ,
1605 1777 1724 1832 cap.
1755 1761 1817 1816 61
1844 1803 1859 1827 ,
1885 1761 2064 1816 innuit
2097 1821 2133 1832 ,ι
2167 1759 2379 1812 nomine
2406 1759 2630 1828 emporii
2669 1752 2944 1827 episcopus
2964 1797 2980 1823 ,
3022 1765 3082 1809 ut
3133 1755 3427 1825 Stephanus
3461 1755 3508 1808 le
3549 1751 3744 1824 Moyne

486 1849 572 1904 his
592 1851 774 1905 verbis
805 1869 818 1905 :
853 1851 1168 1923 Hippolytus
1192 1855 1473 1919 cuiusdam
1505 1853 1760 1908 Ecclesiae
1789 1856 2060 1924 episcopus
2095 1849 2136 1875 ⁸³
2163 1853 2400 1922 conjicit.
2433 1851 2725 1905 Abulidum
2767 1849 2946 1904 Roma:
2971 1849 3268 1918 episcopum
3314 1859 3498 1902 vocant
3561 1863 3743 1900 recen-

486 1940 708 2009 (nomen
731 1944 922 2013 quippe
949 1945 1096 1999 urb-is
1125 1947 1258 1999 scire
1296 1962 1398 1999 non
1435 1946 1642 2016 potui).
1685 1945 2062 2003 Theodoretus

486 2041 692 2100 autem,
721 2038 814 2104 qui
848 2038 1016 2091 multa
1041 2054 1105 2093 ex
1138 2054 1204 2092 eo
1234 2038 1472 2103 adducit,
1493 2037 1808 2108 episcopum
1838 2048 1892 2092 et
1912 2056 2062 2093 mar-

486 2134 658 2195 tyrem
693 2125 844 2180 illum
877 2137 1039 2183 vocat
1075 2129 1223 2199 (28);
1282 2130 1375 2185 sed
1424 2131 1713 2201 cujusnam
1765 2131 1918 2187 urbis
1949 2133 2064 2203 epi-

488 2230 690 2283 scopus
715 2215 898 2278 fuerit.
933 2234 1040 2273 non
1073 2220 1244 2274 addit.

556 2306 774 2363 Primus
801 2307 904 2364 fuit
935 2310 1186 2367 Gelasius
1219 2310 1236 2364 Ι
1266 2311 1505 2382 pontifex
1526 2353 1541 2380 ,
1570 2328 1665 2368 seu
1697 2314 1878 2383 potius
1904 2313 2065 2369 Gela-

487 2398 604 2453 sius
632 2397 968 2470 Cyziccnus,
1024 2412 1086 2458 ut
1132 2403 1493 2460 Bellarminus
1537 2415 1592 2461 et
1634 2406 1725 2460 alii
1775 2407 1878 2460 viri
1919 2406 2064 2460 docti

486 2491 696 2546 malunt
731 2492 999 2564 (uterque
1032 2497 1233 2550 saeculo
1262 2513 1294 2550 v
1329 2497 1578 2569 floruit),
1617 2499 1674 2552 in
1715 2499 1965 2568 opusculo
2001 2499 2068 2552 de

485 2585 690 2640 duabus
722 2588 778 2640 in
809 2587 1020 2642 Christo
1051 2589 1261 2641 naturis
1304 2598 1490 2642 contra
1527 2588 1838 2643 Nestorium
1868 2597 1918 2643 et
1949 2587 2066 2641 Eu-

489 2677 704 2749 tychen,
754 2679 848 2749 qui
883 2680 1064 2734 sedem
1100 2679 1370 2752 Hippolyti
1406 2682 1581 2737 nostri
1631 2682 1733 2736 sub
1780 2681 2065 2751 metropoli

485 2770 718 2825 Arabica
747 2771 1037 2826 collocavit
1065 2771 1201 2841 (29).
1234 2771 1440 2828 Verum
1461 2773 1578 2829 hate
1611 2773 1880 2829 sententia
1931 2773 2065 2827 nulli

490 2863 582 2916 alii
613 2863 970 2918 fundamento
1013 2865 1228 2931 nititur,
1271 2865 1376 2920 nisi
1412 2881 1683 2936 perversae
1725 2865 1908 2920 Rufini
1960 2866 2066 2920 loci

487 2954 784 3012 Eusebiani
852 2957 1307 3027 interpretationi.
1364 2957 1594 3014 Ruﬁnus
1664 2959 1808 3012 enim
1864 2957 2063 3012 vertit:

488 3047 623 3101 Erat
648 3048 784 3102 inter
809 3060 1025 3104 crateras
1048 3060 1095 3104 et
1125 3049 1370 3120 Beryllus
1392 3053 1709 3120 scriptorum
1743 3051 2063 3120 praecipuus,

2165 1946 2322 1998 tiores
2347 1943 2639 1999 Christiani
2669 1943 2867 1996 Arabes
2898 1941 3034 2010 (35).
3076 1941 3182 1994 Sed
3228 1939 3344 1993 base
3387 1937 3587 2009 Moynii
3612 1953 3746 1992 con-

2159 2039 2372 2109 jectura
2418 2037 2596 2108 magis
2640 2035 2925 2104 ingeniosa
2967 2047 3132 2102 quam
3162 2030 3486 2085 verosimilis
3515 2038 3617 2084 est.
3659 2030 3745 2083 Si-

2164 2130 2382 2199 quidem
2415 2128 2608 2182 nullibi
2654 2127 2870 2196 legitur,
2909 2125 3055 2195 quod
3091 2123 3178 2178 ille
3229 2121 3427 2178 Portus
3459 2121 3742 2179 Romanus

2164 2223 2355 2293 primis
2387 2221 2601 2276 saeculis
2643 2219 2936 2289 episcopali
2966 2217 3095 2272 sede
3123 2224 3420 2271 exornatus
3454 2215 3637 2270 fuerit.
3681 2214 3744 2270 Si

2167 2325 2346 2370 tamen
2385 2313 2444 2368 8.
2479 2311 2801 2384 Hippolytus
2837 2325 3076 2380 unquam
3112 2308 3276 2363 fuerit
3319 2307 3605 2376 episcopus
3645 2323 3744 2360 ur-

2168 2408 2251 2463 bis
2279 2406 2603 2471 Adanensis,
2657 2403 2906 2474 profecto
2935 2403 3134 2456 mirum
3169 2399 3425 2455 omnibus
3449 2398 3742 2466 videbitur,

2169 2499 2466 2556 Eusebium
2515 2498 2731 2553 Arabiae
2773 2497 3051 2561 vicinum,
3122 2503 3175 2549 et
3231 2494 3291 2549 8.
3349 2492 3743 2564 Hieronymum

2168 2595 2356 2649 Romae
2377 2635 2392 2659 ,
2425 2603 2479 2648 et
2512 2595 2566 2647 in
2605 2592 2825 2648 Oriente
2852 2591 2943 2644 diu
2974 2597 3247 2645 versatum
3273 2603 3381 2642 non
3409 2588 3626 2642 novisse
3652 2602 3748 2641 ca—

2168 2688 2415 2743 thedram
2445 2687 2809 2757 episcopalem
2841 2686 3004 2753 hujus
3034 2685 3207 2740 sancti
3247 2683 3381 2747 viri,
3432 2682 3545 2736 sive
3596 2681 3742 2736 cele-

2166 2777 2464 2832 berrimum
2494 2777 2706 2830 Arabiae
2740 2777 3068 2844 emporium,
3095 2775 3240 2844 quod
3266 2789 3295 2827 a
3321 2772 3581 2828 Romanis
3614 2789 3741 2842 pas-

2168 2873 2269 2927 sim
2322 2870 2787 2941 frequentabatur.
2858 2861 3025 2938 Igitur
3093 2867 3336 2936 undique
3415 2866 3745 2921 involvimur

2171 2963 2444 3030 tenebris,
2501 2977 2640 3032 quas
2698 2962 2816 3015 sine
2867 2959 3098 3015 clariore
3148 2960 3268 3015 lucc
3323 2959 3590 3028 dissipare
3634 2974 3743 3012 non

2168 3071 2492 3127 possumus,
2517 3064 2571 3110 et
2603 3055 2724 3110 ideo
2753 3052 2821 3108 ad
2851 3053 3136 3123 opiniones
3167 3053 3402 3108 aliorum
3431 3051 3746 3107 referendas

485 3142 576 3210 qui
603 3151 652 3196 et
681 3142 797 3208 ipse
812 3141 1024 3196 diuersa
1051 3143 1305 3214 opuscula
1335 3144 1632 3214 dereliquit.
1672 3142 1958 3213 Episcopus
1983 3144 2067 3196 hic
2091 3162 2138 3225 ρ
2171 3148 2578 3218 progredimur.

487 3232 588 3302 fuit
622 3234 763 3303 apud
792 3232 1038 3287 Bostram
1064 3276 1079 3300 ,
1127 3235 1343 3288 Arabia?
1372 3233 1550 3288 urbem
1576 3237 1886 3288 maximam.
1930 3233 2065 3288 Erat

484 3325 833 3380 nihilominus
856 3336 904 3380 et
922 3325 1282 3398 Hippolytus,
1303 3327 1399 3396 qui
1423 3336 1474 3380 et
1495 3330 1606 3396 ipse
1634 3325 1911 3397 aliquanta
1935 3328 2067 3379 scri-

485 3427 578 3486 pta
630 3417 1246 3489 dereliquit,episc0pus.
1301 3419 1488 3474 Graeca
1541 3420 1808 3488 siquidem
1848 3419 2067 3476 Eusebii

489 3508 566 3562 il
588 3508 734 3564 aliud
783 3510 1022 3564 innuunt
1049 3512 1211 3565 verba
1231 3553 1246 3577 ,
1277 3526 1438 3579 quam
1489 3512 1637 3581 quod
1679 3511 1926 3583 Beryllus
1956 3512 2065 3569 Bo-

486 3609 799 3655 streuornm
841 3601 896 3654 in
929 3601 1130 3656 Arabia
1173 3602 1462 3671 episcopus
1490 3603 1689 3667 fuerit,
1722 3614 1884 3673 atque
1914 3603 2068 3659 simi-

485 3689 611 3745 liter
635 3689 956 3762 Hippolytus
983 3693 1210 3747 alterius
1248 3693 1534 3762 cujusdam
1561 3694 1817 3750 Ecclesize
1851 3698 2066 3762 episco-

485 3799 611 3854 pus.
640 3783 914 3850 Ὡσαύτως
946 3785 1004 3838 δὲ
1031 3786 1125 3839 καὶ
1158 3786 1468 3852 Ἱππόλυτος
1497 3788 1689 3860 ἐτέρας
1717 3806 1818 3841 που
1846 3790 1938 3842 καὶ
1970 3790 2068 3843 αὺ-

487 3875 579 3940 τδς
613 3875 893 3948 προεστὼς
923 3877 1266 3950 Ἐκκλησίας.
1300 3878 1402 3944 Εη,
1433 3879 1708 3950 quomodo
1743 3881 1919 3950 prima
1954 3883 2068 3936 haec

489 3977 653 4038 atque
682 3968 1064 4038 antiquissima
1089 3970 1275 4040 opinio
1302 3985 1399 4040 per
1421 3972 1598 4041 ipsum
1626 3970 1942 4039 Eusebium,
1970 3989 2067 4028 cu-

481 4059 576 4131 jus
602 4059 914 4115 auctoritati
945 4059 1166 4115 suﬂulta
1191 4062 1536 4126 credebatur,
1569 4060 1964 4117 labefactetur?-

557 4151 808 4207 Z‘onaras
830 4161 886 4207 et
924 4151 1267 4224 Nicephorus
1297 4154 1413 4226 ('50)
1439 4170 1578 4224 quos
1609 4155 1854 4225 plerique
1880 4171 2066 4210 recen-

488 4243 654 4300 tiores
695 4253 1020 4314 sequuntnr,
1067 4261 1191 4300 eum
1238 4246 1435 4302 Portus
1482 4245 1713 4303 Romani
1749 4249 2067 4318 episcopum

486 4335 659 4394 fuisse
701 4338 966 4393 scribunt.
1007 4337 1266 4395 Leontius
1297 4339 1631 4411 Byzantinus
1663 4341 1778 4412 (3i)
1809 4342 1974 4396 tradit
2009 4343 2072 4395 il-

485 4428 601 4482 lum
634 4427 822 4483 Romae
849 4445 1048 4485 munus
1077 4431 1315 4501 episcOpi
1363 4435 1617 4503 gessismr.
1659 4433 2068 4489 Centuriatores

2239 3238 2622 3294 Tillemontius
2673 3238 2815 3293 haud
2862 3237 3316 3292 contemnendam
3373 3236 3744 3307 conjecturam

2169 3347 2289 3388 esse
2323 3333 2577 3388 observat
2609 3331 2744 3403 (36),
2794 3332 2838 3387 si
2873 3332 3086 3386 dicatur
3115 3330 3460 3402 Hippolytum
3494 3332 3549 3386 in
3579 3347 3747 3402 parva

2168 3423 2404 3494 quadam
2429 3423 2584 3486 urbe,
2601 3422 2759 3492 cujus
2789 3436 2986 3476 nomen
3020 3422 3202 3476 minus
3232 3430 3418 3476 notum
3453 3422 3547 3484 sit,
3567 3423 3746 3478 sacris

2169 3515 2493 3587 prteiuisse;
2534 3517 2870 3571 venditatum
2909 3522 3089 3569 autem
3117 3530 3237 3570 esse
3262 3514 3575 3584 episcopum
3607 3512 3748 3568 Por-

2171 3617 2258 3664 tus
2293 3609 2544 3672 Romani,
2576 3609 2836 3678 quoniam
2863 3622 2928 3661 eo
2954 3609 3006 3660 in
3034 3607 3153 3661 loco
3176 3618 3382 3678 martyr
3400 3608 3503 3661 hoc
3525 3607 3750 3661 nomine

2170 3701 2400 3759 celebris
2424 3701 2716 3763 exstiterit,
2737 3717 2805 3755 ex
2829 3700 3050 3754 Oriente
3079 3699 3312 3754 fortasse
3346 3699 3476 3753 illuc
3505 3699 3744 3763 delatus,

2170 3809 2332 3865 quem
2379 3793 2664 3863 interjecto
2711 3804 2982 3860 tempore,
3044 3806 3168 3844 cum
3215 3805 3412 3859 magno
3464 3788 3751 3859 Hippolyto

2169 3888 2428 3957 episcopo
2486 3894 2541 3939 et
2599 3895 2837 3955 martyre
2915 3883 3281 3939 eonfuderint.
3340 3881 3580 3952 Utroque
3632 3884 3754 3950 pol-

2169 3978 2274 4032 lice
2313 3978 2441 4033 huic
2481 3978 2810 4047 conjcoturze
2854 3976 3150 4032 subscribit
3190 3975 3482 4046 perdoctus
3531 3972 3754 4030 Ceillie-

2169 4068 2287 4123 rius
2311 4066 2446 4135 (⁸57).

2247 4159 2593 4215 Bollandiani
2627 4159 2694 4214 de
2727 4158 2854 4215 sede
2878 4157 3152 4231 Hippolyti
3181 4157 3252 4213 M.
3289 4159 3363 4214 ita
3397 4157 3748 4226 coniectant:

2171 4251 2258 4306 Eat
2308 4254 2541 4324 antiquis
2593 4254 2890 4325 (inquiunt)
2953 4254 3065 4325 (58)
3132 4252 3532 4324 Martyrologiis
3577 4255 3752 4323 primo

2170 4355 2373 4399 constat
2401 4345 2460 4400 S.
2495 4345 2845 4416 Hippolytum
2867 4347 2966 4400 hac
2986 4348 3070 4400 die
3090 4347 3181 4418 (9.9.
3210 4348 3373 4417 Aug.)
3402 4347 3480 4400 vel
3507 4359 3753 4416 sequente

2171 4434 2228 4487 in
2262 4434 2429 4488 Portu
2462 4434 2698 4489 Romano
2730 4437 3047 4506 martyrium
3086 4436 3324 4489 subiisse.
3377 4435 3640 4490 Prwterea
3684 4453 3753 4490 ex

486 4520 979 4592 Magdeburgenses
1026 4523 1301 4592 appellant
1332 4540 1455 4578 eum
1493 4523 1798 4580 Ostiensem
1846 4527 2063 4580 autisti-
2096 4521 2140 4575 D
2182 4523 2404 4580 Eusebio
2453 4526 2677 4596 aliisque
2733 4528 2948 4580 vetustis
3009 4526 3353 4595 scriptoribus
3399 4527 3557 4596 liquet
3611 4527 3751 4580 hunc

487 4621 596 4669 tem
647 4612 782 4684 (52).
829 4602 1058 4679 Quidam
1107 4615 1300 4671 volunt
1364 4614 1421 4670 S.
1487 4615 1833 4689 Hippolytum
1891 4617 2061 4675 fuisse
2171 4624 2466 4685 martyrem
2496 4617 2783 4686 episcopali
2813 4617 3070 4688 dignitate
3113 4617 3395 4685 prwditum
3432 4617 3615 4684 fuisse.
3645 4617 3752 4670 De-

487 4707 844 4764 Portuensem
872 4723 970 4762 seu
1008 4707 1367 4763 Adamensetn
1404 4709 1458 4768 in
1489 4710 1687 4764 Arabia
1709 4712 2060 4781 episcopum,
2169 4707 2323 4776 nique
2354 4703 2412 4760 S.
2457 4703 2812 4776 Hieronymus
2844 4709 2903 4760 in
2932 4723 3081 4775 opere
3132 4707 3206 4761 De
3236 4707 3489 4776 scriptor.
3527 4708 3747 4773 eccles.,

487 4809 542 4858 et
579 4800 684 4855 hoc
711 4799 938 4870 quidem
963 4802 1238 4858 nonnullis
1265 4802 1337 4856 ita
1369 4802 1552 4862 visum
1576 4811 1657 4858 est
1678 4845 1694 4871 ,
1734 4813 1794 4858 ut
1827 4820 1886 4860 se
1917 4821 2068 4862 nunc,
2169 4814 2289 4867 cap.
2317 4797 2405 4864 61,
2442 4808 2688 4861 testatur,
2731 4799 2788 4853 S.
2819 4798 3163 4869 Hippolytum
3203 4798 3446 4852 habuisse
3475 4799 3751 4853 homiliant

561 4953 676 5022 (27)
716 4953 940 5019 Euseb.,
973 4955 1058 5009 lib.
1097 4971 1149 5010 c.

560 5023 1333 5102 (28):I‘heo_doret.,_l)ialog.l,_
1353 5041 1473 5102 pag.
1491 5027 1546 5095 2,
1571 5029 1626 5095 5,
1646 5028 1736 5096 36;
1768 5029 1976 5102 Dialog.
1998 5031 2061 5100 ll,

489 5095 1001 5171 pag._88._;__l)ialog._
1035 5095 1119 5171 Ill,
1153 5095 1276 5171 pag.
1315 5097 1436 5150 15-1.

585 5165 679 5238 29),
723 5164 1001 5238 Hippolyti
1029 5164 1256 5235 episcopi
1311 5170 1565 5238 martyris
1601 5169 1837 5224 Arabum
1873 5184 2066 5226 metro-

488 5237 626 5304 polis
656 5237 713 5290 in
755 5237 1012 5290 Memoria
1037 5238 1336 5292 hazresium.
1364 5237 1544 5294 Getas.
1573 5253 1705 5295 lout.
1724 5240 1785 5294 IV
1807 5241 2066 5305 Bibliotlt.

488 5305 633 5364 PP..
659 5323 783 5366 pag.
815 5307 942 5366 424.

488 5323 633 5364 η’..
695 5323 723 5360 a
770 5347 783 5360 .
815 5323 942 5366 λιιι.

488 5323 693 5501 ὢςῇξῖ
718 5325 1103 5501 ἕὲἑιῗιιξίοιοιιι.
1130 5377 1176 5432 11
1206 5380 1428 5446 Annal.,
1461 5391 1516 5436 et
1557 5379 1847 5451 Nicepltor.
1885 5383 1957 5440 H.
1996 5383 2062 5438 E.

513 5463 585 5500 ID.
619 5463 693 5501 IY.
722 5463 845 5501 can.
876 5463 964 5501 Ol.

559 5464 585 5500 ι.
619 5463 693 5511 tv,
722 5463 845 5515 cap.
876 5463 964 5501 ot.

559 5514 672 5594 (51)
712 5515 903 5594 licent.
939 5517 1187 5594 Byzant.,
1219 5520 1342 5594 lect.
1376 5535 1434 5594 In
1463 5525 1528 5574 de
1559 5523 1744 5587 sectis,
1767 5539 1886 5594 pag.
1920 5524 2063 5580 450:

495 5583 688 5666 (Forte
720 5583 1003 5666 Romanus
1030 5583 1207 5666 dictus
1224 5590 1626 5666 fuitepiscopus
1652 5583 1931 5658 eo's'en's'u,
1958 5611 2068 5664 quo

488 5655 832 5728 significatur?
844 5653 1071 5712 Latinus
1091 5653 1462 5728 episcopuéJn
1482 5653 1793 5718 Grecorum
1809 5653 1952 5719 enim
1973 5653 2071 5719 lin-

489 5726 895 5804 gua_ltite’r_mini
915 5726 1262 5804 llotnanuset
1278 5726 1502 5785 Latinus
1521 5749 1819 5804 synonyma
1840 5745 1984 5789 sunt.
2032 5756 2047 5783 ›

562 5797 676 5876 (5‘2)
718 5796 1018 5853 (lentur-lat.
1046 5798 1292 5871 Magdeb,
1321 5843 1333 5870 ,
1364 5813 1506 5858 cent.
1539 5793 1604 5872 3,
1640 5793 1818 5871 c310,,
1857 5821 1909 5875 ι).
1946 5806 2065 5860 illi.

2240 4961 2354 5029 (55)
2409 4957 2598 5030 Steph.
2648 4957 2700 5012 le
2757 4956 2991 5029 Moyne,
3061 4956 3365 5030 Prolegom.
3433 4959 3502 5015 ad
3589 4959 3749 5016 Varia

2392 5100 2556 5156 Cave.
2615 5098 2762 5155 Hist.
2795 5097 2961 5153 litter.
3016 5109 3150 5154 tom.
3185 5100 3242 5166 l,
3286 5116 3352 5170 ι).
3377 5091 3749 5164 iOi;0udin.,

2169 5169 2525 5232 Commentar.
2579 5171 2644 5224 de
2697 5172 2882 5238 script.
2933 5170 3114 5222 eccles.
3167 5169 3299 5225 tom.
3338 5169 3392 5232 1,
3437 5187 3560 5240 pag.
3600 5171 3743 5239 222;

2170 5244 2370 5311 Dupin,
2401 5241 2658 5295 Biblioth.
2693 5251 2899 5295 auctor.
2933 5251 3065 5293 tom.
3102 5241 3155 5305 Ι,
3199 5257 3324 5312 pag.
3360 5242 3495 5304 179,
3534 5242 3589 5294 in
3627 5253 3742 5298 not.

2165 5330 2312 5368 vers.
2344 5312 2522 5367 Latin.

2241 5383 2356 5453 ('55)
2399 5383 2473 5453 De
2501 5380 2906 5453 episcopatibus
2935 5379 3150 5434 Arabiae
3185 5381 3396 5436 consuli
3433 5390 3612 5452 potest
3637 5381 3746 5436 Ca-

2167 5450 2392 5509 rolus'a
2422 5452 2478 5506 8.
2519 5450 2704 5507 Paulo
2731 5453 2783 5521 in
2825 5450 3152 5521 Geographie
3195 5468 3352 5506 sacra
3395 5450 3449 5521 ι).
3485 5453 3611 5516 295,
3651 5454 3743 5507 ubi

2167 5527 2332 5649 filiam
2359 5525 2426 5578 de
2455 5519 3076 5647 metzopoli'Bostrensi.
3112 5519 3443 5594 Philostorg.
3480 5523 3534 5577 in
3569 5523 3642 5578 Η.
3674 5521 3742 5578 E.

2193 5613 2205 5648 |
2251 5634 2265 5647 .
2299 5610 2381 5649 ιιι.
2411 5609 2530 5649 can.
2601 5634 2614 5646 .

2193 5609 2265 5648 ll).
2299 5610 2381 5657 ιιι,
2411 5609 2530 5662 cap.
2561 5609 2614 5647 4.

2241 5665 2354 5732 (56)
2397 5659 2709 5725 'l‘illemont,
2743 5661 2986 5716 Memoir.
3013 5671 3145 5717 tom.
3179 5659 3268 5726 111,
3297 5671 3402 5716 art.

2241 5735 2353 5802 (57)
2394 5732 2630 5795 Ceillier,
2664 5733 2807 5787 Hist.
2835 5736 3010 5802 gettér.
3049 5745 3178 5786 tom.
3209 5733 3270 5795 ll,
3302 5749 3422 5802 pag.
3459 5732 3585 5788 517.

2243 5807 2353 5876 (38)
2395 5803 2661 5872 Bolland.,
2692 5815 2820 5864 tom.
2855 5803 2918 5859 ιγ
2942 5807 3196 5874 August.,
3221 5819 3340 5874 pug.
3370 5803 3501 5864 510..
