4034 6434
378 382 490 436 2⁸17

1345 384 1435 451 DE
1469 386 1631 442 VITA
1670 389 1758 444 ET
1801 388 2111 444 SCRIPTIS
2151 390 2208 445 S.
2251 390 2639 447 HlPPOLYTl.

3511 393 3620 452 278

378 498 447 553 de
470 498 629 553 laude
650 496 869 555 Domini
890 499 1209 569 Saluatoris,
1231 502 1285 556 in
1314 518 1419 572 qua
1441 513 1696 573 prwsente
1726 504 1951 576 Origene
1979 509 2024 567 Α
2054 515 2171 559 stus
2201 502 2573 572 Heumannus,
2604 520 2668 559 ac
2691 520 2830 560 nova
2865 505 3074 561 ratione
3103 505 3293 571 utitur,
3336 504 3476 562 hanc
3502 523 3621 562 rem

378 606 438 643 se
464 590 611 660 loqui
638 591 694 645 in
714 592 941 647 ecclesia
966 593 1250 663 signiﬁcat.
1272 593 1414 648 Hinc
1434 595 1640 650 videtur
1661 597 1824 665 fuisse
1841 598 1951 666 epi-

378 698 575 751 scopus
610 684 666 736 in
710 682 927 739 Oriente
951 721 966 746 ,
998 693 1048 739 et
1081 685 1264 754 forsan
1298 686 1356 739 in
1401 686 1636 754 Arabia,
1685 687 1755 740 ad
1793 704 1950 757 quam

382 772 639 844 Origenes
664 791 805 829 anno
833 777 1044 831 circiter
1075 777 1182 832 2‘17
1205 788 1450 834 euocatus
1474 789 1575 847 est,
1589 789 1647 833 ut
1675 780 1815 850 apud
1840 780 1950 835 Eu-

375 865 583 919 sebium
608 865 680 921 H.
716 865 785 919 E.
810 867 901 922 lib.
929 884 1002 931 ιν,
1038 886 1156 939 cap.
1184 870 1270 938 19,
1308 871 1547 942 legimus.
1581 872 1682 925 His
1706 874 1781 927 ita
1808 874 1950 940 posi-

377 957 471 1022 tis,
505 972 675 1011 nonne
705 955 769 1015 S.
804 956 1120 1030 Hippolytus
1153 962 1423 1031 episcopus
1452 962 1625 1017 Arabs
1653 964 1811 1033 facile
1849 980 1948 1033 po-

376 1049 485 1101 tuit
517 1049 587 1102 ad
611 1050 875 1105 visitanda
904 1052 1264 1120 apostolorum
1289 1055 1617 1126 aliorumque
1653 1064 1947 1127 martyrum

373 1140 623 1209 sepulcra
646 1141 867 1196 Romam
894 1145 1086 1210 venire,
1119 1146 1176 1201 in
1204 1146 1368 1201 Porta
1384 1147 1620 1203 Romano
1640 1149 1707 1203 ab
1726 1149 1946 1205 ethnicis

373 1237 766 1303 comprehendi,
784 1247 833 1291 et
863 1237 1057 1294 ibidem
1076 1241 1333 1311 martyrio
1353 1243 1529 1311 affici?
1552 1242 1690 1308 Quid
1708 1246 1756 1299 si
1780 1244 1943 1312 plebs,

370 1326 786 1383 determinatam
834 1331 988 1385 istius
1035 1334 1285 1403 martyris
1332 1334 1632 1389 cathedram
1670 1337 1941 1406 ignorans,

371 1423 521 1473 hunc
540 1422 870 1492 peregrinum
895 1425 1193 1493 episcopum
1215 1442 1247 1479 a
1270 1425 1384 1481 loco
1412 1430 1659 1499 martyrii
1682 1428 1947 1494 Parmen-

372 1528 490 1566 sem
524 1515 988 1582 cognominaverit,
1022 1525 1073 1571 et
1120 1517 1205 1571 hic
1244 1518 1517 1589 popularis
1559 1537 1709 1575 error
1737 1522 1807 1575 ad
1839 1522 1945 1576 ali-

370 1618 508 1671 quos
541 1606 847 1672 posterioris
881 1608 976 1661 a'ri
1002 1608 1279 1678 scriptores
1320 1613 1622 1677 transierit,
1651 1614 1728 1668 uel
1769 1616 1943 1684 potius

372 1694 476 1748 illa
506 1695 790 1765 appellatio
827 1701 1050 1768 posteris
1082 1704 1409 1758 occasionem
1433 1705 1672 1775 dederit,
1701 1707 1771 1761 ad
1804 1705 1943 1762 Por-

372 1792 614 1839 tuensem
675 1787 833 1858 hujus
873 1793 1127 1862 martyris
1166 1795 1522 1863 episcopatum
1560 1798 1896 1853 asserendum
1919 1801 1945 1854 ?

2051 596 2322 652 dillicilem
2371 597 2702 667 explicandi.
2754 597 3020 653 Nimirum
3072 599 3158 653 vir
3195 598 3458 664 eruditus,
3509 608 3630 653 tota

2051 685 2176 740 licet
2216 686 2537 755 antiquitate
2584 696 2938 757 repugnante,
2985 687 3148 743 unius
3169 687 3319 743 vocis
3344 689 3505 743 variae
3530 703 3621 742 ae—
3654 704 3667 715 ‘

2050 774 2285 845 ceptioni
2332 775 2612 832 subnixus
2643 784 2698 831 et
2745 776 2958 840 ﬁdens,
3006 778 3367 847 comprobare
3428 778 3621 831 nititur

2048 864 2430 920 dissertatione
2443 880 2586 919 anile
2605 864 2760 931 1738,
2789 865 3088 937 Goettiugtn
3102 868 3245 922 edita
3264 868 3400 936 (41),
3417 866 3651 954 Hippo-‘1

2048 955 2219 1027 lytum
2266 953 2436 1010 fuisse
2485 956 2704 1025 quidem
2725 957 3064 1027 episcopum,
3099 972 3210 1012 non
3240 967 3420 1012 tamen
3453 953 3653 1018 ποια-μ’

2047 1045 2346 1108 siasticum,
2379 1055 2434 1099 at
2465 1045 2688 1099 civilem.
2740 1045 2914 1112 Quam
2947 1045 3005 1101 in
3035 1046 3354 1101 sententiam
3384 1048 3619 1118 paucula

2046 1137 2248 1192 excitat
2270 1138 2389 1190 loca
2413 1152 2478 1190 ex
2504 1136 2707 1191 Graecis
2725 1136 3045 1208 Latinisque
3078 1138 3457 1209 scriptoribus,
3475 1139 3619 1194 unde

2047 1228 2264 1298 colligat
2308 1226 2480 1282 fuisse
2526 1227 2820 1295 aliQuando
2849 1228 3087 1284 civilium
3117 1244 3402 1285 munerum
3439 1230 3620 1284 homi-

2047 1336 2163 1384 nes,
2194 1319 2288 1388 qui
2317 1319 2717 1390 appellarentur
2757 1321 3035 1390 episcopi;
3073 1321 3236 1391 idque
3277 1321 3515 1375 nominis
3560 1322 3622 1377 in

2045 1410 2239 1480 primis
2261 1424 2373 1466 ora:
2401 1411 2691 1467 maritima:
2741 1423 2904 1481 atque
2935 1412 3070 1467 adeo
3097 1421 3349 1481 portuum
3374 1412 3619 1492 custodi-

2044 1502 2148 1557 bus
2176 1501 2347 1558 l'uisse
2375 1503 2640 1558 tributum
2669 1521 2682 1557 :
2708 1512 2779 1561 qut
2805 1504 3031 1574 proinde
3063 1514 3248 1559 noster
3273 1502 3615 1574 Hippolytus,

2044 1604 2168 1648 ortu
2219 1593 2451 1650 fortasse
2504 1595 2808 1659 Romanus,
2855 1610 2920 1651 eo
2970 1611 3131 1651 sensu
3172 1595 3395 1650 Romani
3432 1605 3615 1666 portus

2041 1688 2317 1755 episcopus
2361 1687 2665 1742 censendus
2708 1686 2890 1742 fuerit.
2949 1686 3113 1754 Quin,
3163 1688 3208 1742 si
3258 1688 3438 1742 virum
3464 1689 3627 1743 criti—.

2043 1792 2169 1833 cum
2197 1777 2412 1844 audias,
2447 1779 2531 1833 vel
2563 1779 2678 1848 ipsa
2707 1786 2885 1834 statua
2924 1794 3228 1834 marmorea
3261 1778 3549 1851 Hippolyto
3585 1795 3619 1833 a

372 1874 649 1947 Quidquid
670 1846 834 1935 ,είάε
860 1883 958 1937 hac
985 1846 1285 1952 “inim,”
1308 1846 1518 1955 ηξητνα,
1548 1906 1705 1960 quam
1730 1901 1942 1961 pmme,
1973 1846 2014 1901 Β
2044 1868 2361 1938 propinquis
2392 1869 2591 1937 posita,
2643 1880 2806 1937 atque
2844 1885 2911 1924 ex
2940 1867 3169 1927 Romani
3215 1883 3403 1941 portus
3456 1874 3618 1927 rude-

368 1966 604 2020 certiora
635 1968 1244 2042 cujuslibetargumenta
1267 1976 1487 2032 libenter
1505 1980 1820 2048 deseremus,
1846 1998 1939 2037 nos

369 2058 431 2111 in
463 2059 621 2112 titulo
642 2063 957 2132 martyrium
989 2065 1048 2120 S.
1083 2065 1359 2138 Hippolyti
1385 2085 1505 2123 cum
1530 2073 1747 2126 uetustis
1775 2090 1837 2127 ac
1858 2091 1941 2128 re-

368 2148 693 2204 centioribus
739 2150 1137 2225 Martyrologiis
1166 2159 1221 2211 in
1255 2157 1418 2213 Portu
1444 2159 1682 2215 Romano
1711 2163 1939 2218 colloca-

366 2254 561 2296 mus...
594 2241 815 2299 Addunt
842 2246 1204 2318 adhuc,«quod
1233 2266 1334 2305 non
1358 2252 1513 2307 inviti
1544 2254 1864 2310 Orientalem
1889 2267 1938 2311 et

372 2330 771 2388 Occidentalem
797 2335 954 2405 hujus
976 2341 1146 2394 sancti
1169 2344 1420 2413 martyris
1439 2346 1794 2416 episcopatum
1821 2367 1939 2404 cum

367 2420 609 2477 Baronio
647 2435 698 2478 et
747 2424 966 2497 Ughello
997 2429 1111 2501 (59)
1138 2432 1425 2488 admittant
1451 2475 1467 2500 ,
1499 2436 1667 2491 ethoc
1694 2438 1939 2495 ultimum

367 2521 605 2582 systema
626 2531 782 2569 suum
808 2533 904 2585 pro
933 2520 1406 2590 mera‘conjectura
1443 2523 1587 2577 dent.

440 2605 711 2663 Auctores
764 2607 1024 2664 Historiis
1084 2611 1367 2669 litterariae
1425 2614 1727 2671 Galliarum
1795 2622 1940 2690 regni

364 2707 599 2753 censent
629 2699 686 2755 S.
725 2700 1070 2773 Hippolytum
1104 2714 1396 2775 martyrem
1431 2707 1635 2763 nullam
1684 2712 1939 2770 habuisse

367 2788 536 2843 lixam
568 2790 774 2859 sedem,
789 2792 883 2847 sed
907 2792 1365 2862 quemadmodum
1385 2796 1506 2865 ejus
1528 2797 1731 2853 sodalis
1747 2797 1934 2864 Caius,

366 2880 637 2947 gentium,
671 2881 787 2937 sive
821 2884 1105 2938 nationum
1134 2882 1305 2940 fuisse
1326 2886 1640 2957 episcopum
1669 2888 1809 2958 (40).
1847 2889 1938 2947 Sic

366 2981 553 3025 autem
586 2973 982 3030 ratiocinantur
1010 2991 1021 3026 :
1049 2974 1280 3042 Quando
1307 2978 1570 3036 Eusebius
1590 2978 1936 3053 Hippolytum

364 3062 505 3117 dicit
550 3063 776 3120 alterius
820 3066 1104 3136 cujusdam
1134 3068 1426 3135 Ecclesiae,
1470 3080 1590 3126 utut
1622 3072 1940 3128 indeterml-

2042 1961 2197 2016 ribus
2244 1976 2390 2016 anno
2438 1961 2573 2017 1551
2621 1961 2840 2027 etlossa,
2906 1963 3214 2019 istiusmodi
3285 1965 3613 2035 sententiam

2042 2053 2363 2118 conﬁrmat;
2388 2052 2590 2122 quippe
2615 2069 2758 2123 quae,
2787 2055 2886 2122 ait,
2906 2054 3112 2109 nullam
3138 2055 3297 2125 plane
3321 2064 3503 2110 notam
3526 2071 3617 2111 ec-

2041 2145 2362 2200 clesiastica:
2381 2145 2664 2216 dignitatis
2686 2161 2797 2215 pra:
2824 2162 2881 2201 se
2910 2146 3066 2202 ferat.

2108 2235 2352 2293 Perbelle
2402 2253 2575 2303 sane.
2612 2237 2768 2294 Nunc
2811 2253 2964 2307 vero,
3016 2239 3063 2293 si
3094 2238 3202 2293 diis
3232 2239 3428 2307 placet,
3475 2237 3618 2292 inter

2041 2328 2298 2385 Ecclesiae
2324 2328 2536 2397 Patres,
2583 2330 2676 2400 qui
2723 2331 2925 2385 sazculo
2971 2330 3138 2385 tertio
3170 2330 3391 2384 ineunte
3417 2328 3617 2384 ﬂorue-

2040 2432 2203 2487 runt,
2249 2423 2508 2478 novimus
2556 2424 2946 2478 recensendum
2992 2421 3381 2494 Hippolytum;
3438 2424 3622 2477 virum
3715 2473 3718 2476 .

2040 2515 2182 2569 haud
2213 2513 2395 2570 Plinio
2446 2516 2740 2570 absimilem
2774 2515 2910 2585 (62),
2946 2516 3065 2585 qui,
3096 2524 3156 2569 ut
3182 2516 3272 2571 ille
3304 2516 3484 2585 ρονιαί
3507 2513 3616 2568 Mi-

2040 2621 2184 2668 seno,
2221 2603 2385 2659 fuerit
2413 2604 2662 2659 Romano
2688 2604 3014 2674 praefectus;
3051 2604 3344 2675 episcopus
3367 2604 3618 2675 quidem,

2040 2698 2134 2752 sed
2163 2697 2376 2765 civilis;
2413 2713 2540 2764 orte,
2589 2698 2834 2768 inquam,
2883 2697 3169 2750 maritimae
3208 2697 3490 2765 inspector,
3519 2712 3627 2747 cu-.

2039 2799 2206 2857 rator,
2232 2792 2680 2861 superintendens.
2722 2789 2945 2846 Scilicet
2968 2795 3155 2845 noster
3179 2788 3501 2858 Hippolytus
3532 2789 3612 2841 vir.

2040 2884 2142 2953 fuit
2168 2900 2370 2954 magno:
2398 2885 2719 2955 dignationis
2757 2885 2811 2936 in
2842 2882 2967 2937 urbe
2988 2881 3176 2948 Roma,
3207 2880 3487 2936 honoribus
3513 2896 3616 2950 pa-

2039 2976 2169 3029 riter
2200 2992 2262 3029 ac
2287 2976 2487 3029 divitiis
2526 2976 2793 3038 eminens,
2835 2974 3160 3046 Romanique
3200 2981 3381 3045 portus
3419 2972 3610 3044 Pi'a’fe-

2039 3076 2187 3133 ctus;
2237 3076 2299 3122 ut
2340 3077 2649 3138 propterea,
2675 3083 2785 3138 quo
2819 3083 3045 3124 munere
3074 3083 3176 3124 suo
3209 3069 3310 3123 rite
3355 3067 3611 3139 fungere-

366 3161 533 3221 natm,
559 3154 898 3224 episcopum,
930 3157 1137 3213 lubenti
1161 3160 1346 3215 animo
1370 3160 1663 3228 credimus,
1685 3162 1937 3218 eumdem
1962 3177 2008 3235 ο
2041 3166 2151 3227 tur,
2200 3158 2519 3214 sublimiora
2562 3157 2888 3215 Christianae
2933 3158 3212 3229 religionis
3239 3159 3496 3231 mysteria
3525 3174 3610 3212 re-

363 3258 481 3298 non
512 3246 772 3301 habuisse
797 3248 963 3303 lixam
991 3250 1196 3314 sedem,
1233 3251 1328 3306 sed
1359 3253 1661 3322 putandum
1694 3269 1836 3320 esse,
1862 3257 1936 3311 si-

362 3346 463 3392 cut
523 3337 959 3409 condiscipulum
1008 3357 1169 3398 suum
1209 3340 1428 3410 Caium,
1492 3347 1773 3402 nationum
1825 3350 1939 3420 epi-

362 3438 614 3495 scopum.
650 3424 777 3483 Haec
807 3428 1053 3497 proiecto
1086 3431 1274 3501 opinio
1302 3433 1708 3505 simplicissima
1730 3437 1938 3510 absque

362 3520 743 3577 controversia
772 3522 928 3577 nobis
962 3523 1196 3590 videtur,
1222 3533 1382 3595 atque
1407 3542 1531 3583 cum
1558 3529 1732 3585 sancti
1764 3532 1936 3587 nostri

360 3611 595 3669 historia
628 3613 875 3685 apprime
906 3617 1203 3686 conspirat.
1232 3617 1349 3675 Hoc
1374 3620 1521 3674 enim
1554 3621 1755 3691 posito,
1790 3620 1936 3677 haud

361 3705 607 3773 amplius
659 3705 717 3759 in
771 3706 984 3762 ratione
1021 3707 1299 3763 reddenda
1344 3725 1535 3769 sumus
1591 3712 1777 3780 anxii,
1837 3728 1937 3768 cur

360 3806 589 3852 sanctus
615 3795 954 3869 Hippolytus
976 3799 1141 3854 modo
1172 3801 1228 3854 in
1271 3799 1521 3870 Oriente,
1555 3805 1719 3861 modo
1747 3806 1804 3859 in
1832 3801 1938 3860 0c-

362 3887 599 3953 cidente,
629 3890 1089 3960 quemadmodum
1119 3905 1196 3947 ex.
1222 3892 1412 3961 paucis
1435 3894 1557 3965 ejus
1584 3896 1749 3965 gestis
1767 3939 1784 3965 ,
1813 3913 1938 3968 quae

361 3980 432 4036 ad
472 3990 720 4038 nostram
758 3983 1006 4040 notitiam
1052 3996 1448 4055 pervenerunt,
1488 3997 1722 4055 constat,
1768 4006 1934 4062 appa--

358 4075 555 4130 ruerit.
583 4073 742 4141 Quod
790 4083 967 4131 autem
1005 4077 1057 4133 in
1092 4076 1312 4137 Oriente
1358 4088 1606 4136 versatus
1640 4080 1832 4146 fuerit,
1865 4099 1931 4138 ex

2039 3249 2273 3318 serarit;
2298 3249 2365 3305 de
2394 3237 2665 3322 theologia
2688 3258 2742 3305 et
2764 3250 3158 3317 incarnatione,
3181 3250 3247 3305 de
3270 3249 3381 3305 Deo
3406 3259 3461 3304 et
3488 3265 3611 3304 car-

2039 3344 2124 3400 nis
2157 3345 2556 3401 resurrectione
2576 3347 2874 3417 peregerit;
2907 3345 3299 3401 commentaria
3336 3344 3392 3399 in
3416 3358 3611 3399 omnes

2036 3435 2208 3492 ferme
2253 3452 2441 3493 sacras
2474 3438 2761 3508 utriusque
2786 3436 3030 3493 Foederis
3058 3437 3286 3508 paginas
3333 3435 3605 3503 ediderit;

1979 3570 1985 3577 .
2038 3528 2105 3584 de
2130 3529 2446 3599 apostolicis
2489 3530 2873 3586 traditionibus
2900 3530 3213 3600 scripserit;
3263 3530 3608 3584 demonstra-

2037 3622 2239 3679 tionem
2290 3631 2594 3692 temporum
2643 3622 2869 3679 Pascbaa
2914 3622 3285 3689 elucubrarit;
3345 3621 3608 3676 adversus

2035 3711 2274 3782 Iudaeos,
2301 3715 2551 3771 ethnicos
2575 3714 2969 3785 haereticosque
3000 3714 3200 3786 stylum
3227 3714 3467 3781 acuerit;
3511 3714 3608 3783 qui

2037 3814 2299 3874 praeterea
2341 3806 2408 3860 de
2454 3807 2614 3863 rebus
2657 3805 2869 3862 divinis
2907 3805 3220 3876 frequenter
3244 3805 3310 3859 ad
3345 3805 3604 3875 populum

2035 3910 2316 3952 sermones
2361 3896 2646 3965 habuerit;
2694 3898 3037 3968 potissimum
3075 3911 3206 3952 vero
3249 3897 3362 3967 (45)
3403 3913 3604 3967 προσο-

2008 3970 2014 3976 ’
2038 3987 2218 4057 μιλίαν
2248 3986 2313 4042 de
2340 3987 2496 4043 laude
2531 3988 2748 4045 Domini
2773 3987 3088 4057 Saluatoris,
3113 3989 3168 4041 in
3190 4004 3315 4059 qua,
3347 3999 3608 4058 prasente

2035 4078 2278 4149 Origene,
2313 4095 2368 4135 se
2407 4079 2550 4149 loqui
2571 4081 2838 4151 signiﬁcat
2868 4080 2925 4133 in
2949 4079 3200 4144 ecclesia;
3252 4079 3340 4133 cui
3366 4079 3603 4148 denique

356 4166 468 4220 hoc
508 4166 696 4222 nullus
735 4165 1019 4223 dubitandi
1051 4170 1212 4226 locus
1253 4170 1611 4239 relinquitur.
1641 4172 1781 4242 quia.
1817 4174 1933 4243 ipse
2033 4185 2144 4225 non
2176 4171 2353 4227 solum
2395 4180 2582 4229 statua
2599 4186 2904 4228 marmorea
2947 4171 3146 4241 posita,
3197 4170 3293 4225 sed
3337 4179 3512 4226 statua
3544 4173 3601 4225 in

356 4257 479 4312 suis
526 4257 581 4311 in
623 4258 885 4328 operibus
931 4271 1210 4316 asseverat
1259 4261 1545 4332 Origenem
1590 4264 1647 4319 in
1702 4279 1930 4321 numero
2032 4262 2291 4317 cathedra
2329 4263 2554 4332 sedens;
2596 4279 2707 4333 quo
2731 4263 2986 4318 nimirum
3020 4261 3345 4331 episcopalis
3370 4260 3489 4331 ejus
3515 4262 3598 4315 di-

355 4363 588 4405 suorum
620 4350 937 4407 auditorum
963 4350 1168 4418 fuisse,
1210 4354 1357 4424 quod
1389 4369 1521 4411 sane
1550 4355 1605 4410 in
1639 4355 1931 4413 Occidente
2033 4355 2214 4423 gnitas
2255 4354 2627 4420 ecclesiastica,
2672 4369 2781 4408 non
2821 4351 3013 4420 civilis,
3039 4352 3270 4423 ejusque
3302 4367 3503 4407 munus
3530 4355 3600 4406 ad

354 4443 609 4500 accidere
653 4442 800 4499 haud
832 4444 1028 4514 potuit.
1059 4444 1249 4514 Neque
1276 4445 1440 4500 etiam
1484 4446 1543 4507 in,
1571 4446 1799 4503 dubium
1842 4463 1929 4502 re-
2030 4441 2126 4499 Dei
2155 4444 2414 4514 p0pulum
2444 4443 2500 4498 in
2528 4442 2768 4500 Ecclesia
2796 4442 3009 4498 dicendi
3056 4450 3311 4497 testatum
3362 4442 3606 4513 posteris

352 4535 541 4590 vocari
567 4543 748 4606 potest
784 4535 916 4605 quin
944 4536 1135 4604 etiam,
1173 4547 1460 4606 postquam
1505 4536 1925 4607 Lugdunensem
1958 4522 2003 4578 D
2029 4536 2448 4606 relinqueretur.
2524 4534 2666 4602 Quid
2722 4536 3013 4592 absurdius
3070 4535 3252 4590 dictu?
3327 4533 3466 4590 Hinc
3511 4536 3596 4589 Cl.

352 4625 661 4682 Ecclesium
706 4626 1034 4697 reliquerat,
1088 4628 1144 4682 in
1218 4628 1510 4685 Occidente
1559 4638 1928 4686 commoratus
2031 4626 2431 4685 Schroeckhius
2463 4630 2577 4700 (44‘,
2610 4630 2750 4685 hanc
2776 4628 3079 4685 Heumanni
3105 4631 3478 4693 conjecturam
3503 4644 3602 4684 sa-

350 4717 543 4774 fuerit.
574 4717 751 4798 Hujus
779 4719 859 4773 rei
904 4716 1290 4775 conﬁrmandae
1338 4730 1717 4791 argumentum
1775 4721 1926 4777 omni

349 4810 674 4880 exceptione
720 4810 921 4880 majus
946 4810 1078 4867 illud
1129 4820 1245 4875 est,
1304 4813 1450 4883 quod
1502 4815 1558 4867 in
1608 4823 1925 4883 computum

348 4911 662 4972 temporum
715 4917 924 4957 morem
947 4901 1267 4958 Latinorum
1296 4912 1581 4974 sequatur,
1612 4904 1925 4974 posthabito

348 4994 448 5049 illo
489 4994 1029 5060 Alexandrinorum,
1071 5009 1181 5065 quo
1220 5011 1411 5052 ontnes
1462 4994 1767 5055 Orientales
1801 5006 1924 5052 ute-

348 5086 572 5142 bantur.

422 5177 507 5231 Ab
536 5178 795 5235 omnibus
840 5179 927 5235 his
965 5180 1269 5244 sententiis,
1321 5182 1436 5236 sive
1478 5182 1808 5250 coniecturis
1835 5185 1919 5240 di-

349 5269 523 5325 scedit
561 5271 647 5324 vir
691 5271 850 5341 longe
875 5271 1249 5338 doctissimus,
1281 5272 1713 5344 ChristOpborus
1736 5276 1922 5348 Augu-

399 5423 533 5496 ~(59)
573 5424 1041 5497 Baron.,ad.ann.
1070 5426 1200 5492 229,
1229 5441 1382 5482 num.
1414 5424 1501 5483 IV.
1536 5424 1766 5497 Ugholl”
1797 5426 1916 5484 ltal.

348 5492 506 5549 Sacr.
534 5503 669 5548 tom.
699 5495 738 5559 I,
771 5497 877 5549 col.
909 5494 1034 5559 110,
1071 5511 1196 5550 nov.
1232 5497 1362 5550 edit.

423 5562 536 5633 (40)
572 5563 914 5636 Benedictini
955 5580 986 5619 e
1031 5578 1337 5636 congregat.
1373 5565 1430 5621 S.
1458 5565 1628 5620 Mauri
1679 5567 1733 5620 in
1769 5565 1913 5622 Ηιδι.

344 5631 523 5706 bitter.
545 5634 620 5706 d_e_
637 5633 692 5686 la
717 5631 946 5706 France,
972 5644 1104 5690 tom.
1140 5631 1178 5698 Ῐ,
1211 5631 1345 5704 part.
1376 5661 1415 5699 ι,
1449 5652 1570 5706 pag.
1605 5637 1728 5691 365.

421 5702 537 5776 (41)
576 5701 879 5776 Heumanni
907 5701 1244 5776 Dissertatio,
1277 5706 1330 5759 in
1362 5701 1467 5776 qua
1493 5701 1714 5760 dboctur
1737 5707 1828 5759 uhi
1864 5716 1918 5760 et

345 5773 526 5848 qualis
572 5774 861 5844 episcoluus
906 5775 1069 5832 fuerit
1122 5773 1476 5849 Hippolytus,
1539 5777 1718 5833 saeculi
1770 5778 1912 5833 tertii

2027 4719 2099 4774 tis
2127 4720 2406 4791 ingeniose
2452 4722 2817 4792 excogitatam
2872 4737 2937 4778 ac
2988 4730 3308 4779 exornatam
3351 4720 3604 4794 quidem,

2028 4810 2122 4864 sed
2150 4810 2296 4866 haud
2320 4812 2668 4867 verisimilem
2691 4812 3008 4868 arbitratur.

2094 4898 2290 4956 Nostra
2327 4909 2486 4956 aetate
2514 4900 2794 4957 Romanus
2820 4902 2994 4956 editor
3020 4900 3256 4956 Danielis
3293 4900 3602 4956 secundum

2027 4991 2380 5062 Septuaginta
2407 5007 2475 5046 ex
2502 4990 2765 5062 Tetraplis
2805 4992 3056 5063 Origenis
3100 4993 3476 5047 demonstrare
3508 5007 3597 5045 co«

2025 5097 2185 5142 natus
2232 5093 2338 5151 est,
2387 5085 2532 5156 quod
2570 5085 2633 5141 S.
2666 5084 2986 5158 Hippolytus
3022 5100 3130 5140 non
3166 5085 3345 5140 solum
3393 5081 3593 5136 Portus

2027 5176 2257 5233 Romani
2281 5177 2572 5247 episcOpus
2603 5177 2895 5245 exstiterit,
2927 5177 3021 5232 sed
3054 5175 3199 5243 quod
3226 5174 3388 5229 etiam
3418 5173 3593 5242 ipsius

2020 5270 2274 5327 dioecesis
2308 5270 2375 5324 ad
2402 5285 2522 5325 eam
2550 5279 2753 5340 partem
2783 5268 3039 5324 Romana:
3087 5267 3257 5330 urbis,
3296 5280 3417 5335 qua;
3442 5264 3594 5335 regio

2022 5430 2254 5509 scriptor
2284 5428 2708 5483 ecclesiasticus.
2758 5425 2902 5479 luter
2925 5424 3142 5478 Primit.
3172 5422 3432 5495 Gotting.,
3457 5440 3595 5497 pag.

2017 5500 2142 5564 2'"),
2178 5508 2231 5553 et
2258 5514 2374 5568 seq.

2087 5567 2201 5634 (42)
2240 5566 2547 5622 Heumann.
2578 5566 2615 5618 l.
2645 5579 2827 5634 espag
2875 5563 3005 5634 245.

2111 5567 2179 5621 42
2240 5567 2547 5622 Heumann.
2578 5567 2615 5618 Ι.
2645 5580 2698 5619 e.
2723 5579 2827 5634 pag
2875 5567 3005 5619 245.

2110 5567 2202 5707 45)
2241 5635 2556 5707 Hieronyin.
2585 5634 2661 5707 De
2688 5633 2819 5707 AVir.
2844 5633 3066 5707 illustr.,
3096 5634 3337 5707 φιλεῖ,

2087 5701 2201 5774 (4.1)
2237 5707 2393 5761 Joan.
2448 5701 2636 5759 Matth.
2681 5703 3038 5774 Schroeckh.,
3104 5701 3417 5759 Cliristliche
3479 5701 3574 5755 Ge.

2018 5777 2267 5843 scitir/ite,
2297 5784 2436 5846 part.
2469 5791 2541 5837 ιν,
2572 5790 2689 5843 pag.
2727 5773 2830 5828 liii}
2863 5774 3113 5831 secunda:
3142 5776 3278 5832 edit.
