4034 6378
445 353 552 408 ‘279

1419 355 1501 408 DE
1543 354 1701 408 VITA
1737 349 1823 406 ET
1866 349 2175 407 SCRIPTIS
2211 349 2268 402 S.
2315 345 2692 402 IIIPPOLYTI.

3576 338 3686 395 280

445 473 857 527 Traustiberina
907 472 1128 537 dicitur,
1177 487 1236 528 se
1266 474 1588 538 extenderit,
1629 483 1798 542 atque
1845 472 2016 541 ipsam
2049 479 2091 533 Α
2123 471 2290 522 lutam
2314 467 2562 536 notisque
2592 467 2915 520 illustratam
2943 461 3280 532 immigrasse
3307 459 3680 529 cognovimus.

439 565 751 620 Tiberinam
783 565 1015 618 insulam
1056 565 1336 634 complexa
1381 564 1562 619 fuerit.
1623 585 1650 616 ι·
1683 564 1800 618 Duo
1833 575 2014 618 autem

435 659 594 713 nobis
643 667 767 727 post
814 658 1120 727 complures
1147 657 1485 711 eruditorum
1527 659 1823 712 sententias
1848 659 1915 712 de
1949 657 2014 710 ti-

437 751 548 801 tulo
567 749 861 818 Hippolyti,
878 764 986 817 quo
1009 747 1208 802 dicitur
1232 748 1532 811 ἐπίσκοπος
1565 747 1803 818 Ῥώμης,
1823 764 2012 817 quem-

433 843 727 896 admodum
782 856 923 909 saepe
969 858 1000 894 a
1047 839 1272 907 Graecis,
1315 841 1664 896 verisimilius
1708 841 1815 895 dici
1849 857 2014 910 posse

432 934 546 986 visa
581 941 728 998 sunt,
759 932 903 1000 quod
935 932 1072 1001 ipse,
1116 947 1239 986 cum
1272 940 1418 987 esset
1447 932 1685 1003 gentium
1725 933 2014 1001 episcopus

431 1022 620 1076 Roma:
666 1023 970 1088 ordinatus,
1026 1021 1191 1076 fuerit
1237 1023 1289 1075 iu
1326 1021 1453 1074 urbe
1485 1021 1652 1075 Roma
1701 1023 2010 1099 episcopus,

429 1116 574 1169 unde
601 1115 910 1184 percrebuit
935 1116 1206 1182 episcopus
1234 1113 1436 1177 Romae,
1469 1115 1612 1184 quod
1637 1123 1720 1169 est
1745 1115 2005 1169 alienum.

428 1204 578 1259 Vixit
626 1205 896 1276 Hippolyti
930 1221 1046 1260 aevo
1087 1207 1252 1260 Caius
1287 1207 1574 1276 presbyter,
1611 1207 1863 1274 idemque
1906 1206 2012 1260 Ro-

427 1311 527 1348 ma:
554 1298 782 1364 gentium
808 1299 1104 1365 episcOpus,
1152 1296 1614 1365 quemadmodum
1650 1296 1882 1351 inferius
1913 1311 2008 1366 ap-

430 1388 662 1455 parebit,
721 1389 1001 1456 repudiata
1047 1387 1136 1441 Jo.
1167 1387 1288 1441 Alb.
1318 1387 1550 1442 Fabricii
1601 1388 2006 1451 emendatione,

426 1479 519 1546 qui
566 1479 895 1532 Athenarum
938 1479 1060 1534 loco
1106 1481 1339 1547 gentium
1383 1479 1628 1549 reposuit
1667 1480 1819 1534 nullo
1860 1481 2007 1550 jure,

423 1569 749 1624 necessitate
808 1572 989 1637 nulla;
1047 1571 1283 1640 itemque
1331 1569 1451 1625 λειω.
1505 1571 1753 1642 Basuagii
1800 1572 1893 1642 qui
1943 1573 2010 1626 de

422 1658 712 1731 Hippolyto
745 1661 975 1730 loquens
1009 1680 1024 1716 :
1060 1661 1118 1715 Is
1147 1663 1287 1716 enim
1316 1663 1471 1726 ritus,
1497 1662 1675 1732 inquit
1700 1663 1835 1734 (45),
1855 1663 2011 1732 plane

421 1767 604 1816 novus,
637 1767 730 1804 nec
755 1751 944 1805 saltem
969 1753 1270 1820 pristinam,
1304 1753 1368 1806 de
1390 1770 1493 1822 qua
1515 1754 1744 1824 agimus,
1769 1755 2008 1823 antiqui-

2123 563 2200 616 Ac
2231 562 2386 630 plura
2410 560 2652 629 quidem,
2689 573 2809 626 qua:
2837 552 3081 625 proferre
3107 552 3492 622 potuissemus,
3519 565 3684 619 expo-

2121 654 2226 708 sita
2253 652 2452 705 ibidem
2482 650 2831 712 offendimus,
2859 655 2918 701 ut
2940 645 3120 713 aliqua
3152 652 3355 699 tantum
3388 645 3682 712 supersint.

2121 762 2244 815 qua:
2267 743 2686 813 disputationem
2711 741 2776 796 de
2797 741 3044 810 pluribus
3060 736 3358 807 Hippolytis
3375 734 3682 805 expediant.

2123 835 2242 889 Duo
2273 834 2511 888 maxime
2545 833 2784 901 insignes
2814 831 2962 886 cultu
2989 827 3361 884 anniversario
3385 825 3570 881 Roma:
3599 825 3655 880 lt:

2118 937 2279 983 erunt
2326 925 2595 995 Hippolyti
2637 933 2906 994 martyres
2954 939 2968 975 :
3017 921 3227 990 primus
3279 919 3470 982 miles,
3527 916 3685 986 cujus

2120 1019 2439 1090 prmclarum
2485 1018 2586 1070 luit
2626 1022 3036 1071 monumentum
3084 1011 3435 1080 coniunctum
3482 1009 3684 1078 templo

2121 1112 2179 1165 S.
2211 1109 2487 1165 Laurentii
2523 1109 2578 1162 in
2625 1122 2758 1178 agro
2804 1105 3038 1160 Verauo.
3100 1102 3274 1172 Hujus
3316 1116 3512 1155 nomen
3556 1099 3682 1154 fasti

2118 1203 2374 1258 Ecclesiae
2398 1201 2659 1256 exhibent
2691 1195 2873 1253 idibus
2904 1196 3150 1266 Augusti.
3208 1193 3441 1248 Exhibet
3467 1206 3686 1262 quoque

2117 1294 2448 1349 Prudentius
2475 1293 2590 1362 (49)
2615 1310 2627 1345 :
2648 1289 2708 1346 Si
2733 1291 2857 1344 bene
2885 1287 3234 1350 commemini,
3267 1285 3390 1340 colit
3418 1283 3552 1338 hunc
3565 1281 3686 1350 pul-

2117 1386 2379 1439 cherrima
2407 1383 2573 1437 Roma
2603 1379 2784 1435 Idibus
2817 1379 3042 1450 Augusti
3071 1377 3280 1431 mensis.
3319 1376 3527 1436 Caetera
3563 1389 3685 1444 quae

2116 1473 2445 1529 Prudentius
2474 1473 2587 1542 ipse
2616 1473 2693 1526 ait
2719 1486 2778 1526 se
2805 1485 3004 1526 canere
3037 1469 3106 1522 ad
3135 1469 3355 1538 pictura:
3386 1465 3566 1528 tidem,
3602 1465 3685 1519 lii-

2117 1568 2316 1623 storice
2343 1569 2411 1621 de
2445 1582 2556 1620 uno
2585 1574 2793 1619 tantum
2826 1561 3118 1632 Hippolyto
3151 1577 3261 1615 non
3307 1574 3467 1630 posse
3512 1559 3684 1626 accipi

2118 1659 2446 1716 venerabilis
2472 1656 2739 1716 Baronius
2759 1655 3050 1711 cardinalis
3073 1652 3376 1714 admonuit,
3399 1660 3459 1706 ut
3487 1650 3682 1703 mirum

2117 1752 2190 1807 sit
2222 1751 2368 1806 viros
2395 1750 2598 1806 critica;
2625 1748 2901 1804 studiosos
2939 1745 3132 1802 deinde
3164 1743 3384 1814 pictoris
3407 1742 3680 1797 licentiam

424 1851 589 1894 latent
654 1841 849 1896 redolet
882 1859 900 1906 ;
972 1843 1231 1900 nimirum
1290 1844 1434 1914 quod
1499 1845 1740 1914 episcopi
1800 1845 2011 1915 aliquot
2038 1834 2080 1889 Β
2111 1858 2210 1912 pro
2241 1842 2467 1900 veritate
2491 1840 2766 1903 habuisse,
2819 1848 2914 1893 aut
2939 1851 3180 1892 errorem
3212 1844 3380 1901 certe,
3423 1834 3517 1904 qui
3549 1848 3681 1887 exo-

422 1933 775 1988 sublevandis
841 1933 1210 2000 Romanorum
1282 1935 1602 2004 pontiﬁcum
1665 1936 1814 1990 curis
1870 1952 2010 2006 prie.-

421 2034 508 2079 sto
573 2034 776 2079 essent.
850 2023 1090 2096 Longius
1161 2036 1338 2081 tamen
1425 2028 1698 2082 aberravit
1764 2026 2008 2085 Christo-

418 2119 629 2186 pborus
649 2117 784 2186 Aug.
811 2115 1162 2174 Heumannus
1178 2119 1288 2188 (46)
1309 2120 1400 2189 qui
1429 2121 1640 2174 civilem
1670 2132 1877 2177 tantum
1895 2127 2008 2194 epi-

421 2223 679 2276 scopum,
748 2210 834 2263 vel
887 2226 995 2268 orte
1050 2213 1338 2267 maritima:
1390 2224 1687 2267 curatorem
1745 2217 2004 2285 inspecto-

421 2316 632 2369 remque
661 2301 881 2370 agnovit
912 2300 1279 2372 Hippolytum,
1338 2315 1396 2356 ut
1429 2308 1652 2377 martyri
1705 2305 2004 2364 fortissimo

421 2406 638 2459 semper
667 2392 812 2459 vivo,
839 2401 1170 2464 mortuoque
1197 2397 1476 2469 negotium
1512 2397 1674 2454 fuerit
1697 2415 1821 2453 cum
1852 2416 2004 2454 erra-

419 2500 479 2537 re
519 2485 846 2541 volentibus.
909 2485 988 2541 Eo
1034 2488 1220 2558 itaque
1267 2499 1508 2558 tempore
1558 2492 1818 2560 quoniam
1865 2491 2002 2558 Urbs

418 2577 804 2632 innumerabili
864 2577 1170 2649 frequentia
1227 2581 1407 2651 populi
1465 2582 1714 2650 ﬂorebat,
1768 2585 2002 2655 indeque

418 2667 860 2725 Christianorum
886 2686 1152 2726 numerus
1186 2672 1486 2743 augebatur
1519 2674 1573 2728 in
1612 2677 1752 2740 dies,
1787 2679 2000 2746 pontili-

419 2775 508 2812 eos
541 2759 771 2814 Romani
808 2762 956 2817 viros
1000 2764 1332 2820 lectissimos
1355 2804 1370 2829 ,
1423 2765 1881 2838 doctissimosque
1908 2786 1999 2823 ve-

418 2851 515 2906 luti
553 2851 831 2919 adjutores
861 2854 1248 2920 adhibuerunt,
1287 2859 1491 2926 quibus
1516 2859 1568 2912 iu
1603 2859 1863 2916 Ecclesize
1899 2863 1996 2916 ad-

416 2941 821 2997 ministratione
882 2954 1183 3013 uterentur,
1239 2963 1442 3019 eosque
1503 2952 1556 3005 in
1614 2953 1994 3022 episcoporum

417 3031 586 3101 gradu
619 3047 739 3087 esse
763 3034 1072 3093 voluerunt.
1128 3035 1382 3098 Succedit
1423 3039 1682 3096 Ecclesiae
1725 3041 1994 3098 Portuen-

418 3123 496 3176 sis
520 3137 650 3183 cura
674 3122 962 3197 Hippolyto
993 3130 1310 3197 commissa,
1341 3131 1407 3186 de
1431 3147 1538 3200 qua
1567 3130 1808 3188 Ecclesia
1839 3149 1996 3189 nemo

414 3210 635 3269 Eusebii
687 3215 1061 3284 Caesariensis,
1109 3235 1174 3277 ac
1225 3221 1284 3278 S.
1336 3221 1650 3295 Hieronymi
1709 3225 1986 3280 silentium

414 3304 500 3356 vel
532 3305 928 3374 ignorationem
974 3324 1230 3381 opponat,
1267 3325 1328 3368 ut
1369 3315 1683 3370 cathedram
1717 3315 1988 3388 Hippolyti

417 3401 620 3448 statuat
652 3398 718 3452 ad
748 3395 973 3454 Portum
999 3401 1053 3454 in
1084 3401 1306 3457 Arabia.
1371 3403 1606 3460 Facilius
1649 3405 1795 3459 enim
1826 3406 1990 3459 ambo

417 3485 715 3550 scriptores
741 3486 808 3540 de
835 3486 1007 3542 Portu
1041 3489 1274 3545 Romano
1301 3493 1458 3562 longe
1482 3494 1676 3549 dissito
1705 3494 1866 3550 silere
1895 3510 1991 3564 po-

415 3582 662 3642 tuerunt,
711 3592 874 3646 quam
915 3580 983 3635 de
1008 3579 1178 3636 Portu
1203 3583 1436 3648 Arabica,
1485 3601 1644 3654 quem
1680 3588 1988 3656 propiorem

418 3668 711 3724 habebant.
770 3670 950 3742 thue
997 3675 1102 3729 alia
1129 3675 1467 3744 omittamus,
1500 3677 1768 3751 Hippolyti
1808 3690 1987 3740 statua

418 3759 714 3828 singularis
766 3766 922 3820 testis
955 3775 1071 3830 est,
1118 3784 1226 3822 non
1259 3769 1471 3835 Arabia:
1500 3772 1812 3842 episcopum
1841 3813 1855 3836 ,
1894 3774 1989 3830 sed

417 3851 580 3920 hujus
612 3854 826 3910 viciniae
858 3871 888 3910 a
918 3873 978 3913 se
1002 3859 1360 3915 demonstrari
1385 3881 1399 3927 ;
1439 3878 1563 3916 nam
1593 3862 1740 3932 Cycli
1767 3866 1992 3934 pascha-

416 3939 483 3992 lis
532 3955 697 3998 causa
747 3959 857 4000 non
884 3954 1064 4000 statua
1103 3963 1240 4017 opus
1277 3959 1416 4011 erat,
1456 3951 1542 4004 cui
1573 3966 1879 4017 marmorea
1909 3961 1992 4007 la-

415 4034 543 4089 hula
575 4037 900 4097 suffecisset.
964 4038 1135 4095 Multo
1168 4051 1349 4098 autem
1382 4043 1497 4112 ipse
1532 4042 1730 4114 Cyclus
1753 4044 1989 4110 ostendit

413 4127 794 4194 manifestius,
853 4139 1131 4188 auctorem
1183 4147 1290 4188 non
1342 4133 1396 4186 in
1440 4131 1689 4197 Oriente,
1731 4144 1787 4188 at
1816 4135 1868 4188 in
1902 4135 1988 4188 liis

414 4216 550 4283 ipsis
597 4219 804 4274 vixisse
844 4223 1048 4277 nostris
1104 4224 1439 4293 regionibus.
1497 4223 1668 4282 Totus
1711 4226 1856 4292 enim
1903 4236 1988 4281 est

414 4306 732 4363 Latinorum
762 4312 887 4370 usui
914 4315 1388 4383 accommodatus;
1425 4317 1494 4369 ab
1521 4313 1876 4374 Orientalium
1898 4331 1988 4368 ve-

412 4413 479 4452 ro
506 4402 898 4458 consuetudine
923 4412 1030 4459 tam
1064 4406 1295 4470 alienus,
1341 4415 1400 4460 ut
1432 4422 1462 4464 a
1502 4407 1636 4471 viris
1679 4407 1988 4462 eruditissi-

2113 1935 2210 1989 riri
2246 1934 2424 2005 potuit
2468 1933 2558 1988 illa
2602 1932 2867 2001 inspecta,
2915 1929 3158 1984 noluisse
3191 1941 3507 1996 agnoscere,
3545 1935 3603 1979 ut
3628 1925 3680 1979 iu

2112 2042 2282 2080 unum
2316 2035 2426 2080 tres
2462 2023 2731 2094 Hippolyti
2767 2022 3151 2078 coalescerent.
3212 2019 3450 2078 Alterius
3484 2016 3684 2086 Hippo-

2107 2117 2227 2188 lyti,
2277 2117 2372 2186 qui
2401 2114 2718 2170 Portuensis
2759 2123 2864 2176 est,
2909 2113 3059 2166 vario
3088 2112 3204 2167 dies
3230 2110 3402 2165 festus
3428 2125 3679 2164 recense—

2107 2219 2216 2272 tur,
2259 2225 2311 2262 xt
2361 2207 2479 2262 Kal.
2512 2207 2661 2277 Sept.
2720 2206 2800 2260 vel
2833 2203 3114 2275 postridie,
3150 2204 3233 2258 vel
3265 2201 3405 2257 Non.
3440 2202 3613 2272 Sept.,
3648 2216 3682 2256 a

2107 2301 2308 2368 Graecis
2347 2315 2399 2354 tv
2436 2299 2519 2355 vel
2550 2315 2608 2353 Ill
2651 2297 2769 2353 Kal.
2816 2296 2974 2351 Febr.
3032 2295 3082 2348 ls
3126 2294 3419 2363 aliquando
3450 2292 3676 2346 Nonnus

2102 2392 2272 2447 veteri
2313 2407 2464 2446 more
2497 2391 2722 2444 llOllOl'ls
2750 2404 2944 2443 caussa
2975 2387 3158 2443 dictus
3188 2386 3480 2451 invenitur,
3539 2385 3682 2439 unde

2107 2479 2285 2534 Νοηηὶ
2313 2479 2573 2535 Edesscni
2627 2478 2889 2549 Episcopi
2921 2487 3131 2546 gestum
3168 2476 3388 2546 aliquod
3440 2477 3680 2546 sequiori

2102 2587 2218 2626 aevo
2250 2571 2363 2642 (50)
2401 2573 2631 2629 relatum
2681 2581 2764 2626 cst
2799 2571 2867 2624 ad
2910 2569 3256 2640 Hippolytum
3301 2568 3674 2624 Portueusem.

2103 2663 2159 2718 lu
2189 2663 2352 2722 Portu
2384 2663 2632 2728 Romano
2680 2679 2880 2733 corpus
2924 2662 3194 2741 Hippolyti
3240 2672 3510 2717 servatum
3556 2679 3679 2718 esse

2099 2759 2164 2810 ad
2221 2772 2395 2826 usque
2444 2756 2654 2810 initium
2705 2771 2756 2808 Ix
2839 2755 3020 2809 smeuli
3072 2755 3397 2808 Anastasius
3442 2755 3679 2823 prodidit

2100 2845 2235 2914 (51).
2291 2844 2438 2899 Fecit
2473 2847 2610 2903 idem
2643 2845 2905 2913 almi/icus
2953 2845 3192 2915 pontifex
3226 2843 3360 2914 (Leo
3388 2842 3476 2915 Ill)
3501 2846 3554 2897 in
3583 2845 3678 2898 ba—

2097 2935 2252 2988 silica
2297 2934 2451 2988 Beati
2507 2935 2781 3004 Hippolyti
2844 2937 3100 3009 martyris
3151 2937 3203 2989 in
3243 2937 3453 2990 civitate
3480 2935 3678 2991 Portu-

2096 3026 2208 3078 cnsi
2241 3037 2401 3080 restes
2425 3025 2488 3078 de
2511 3026 2748 3078 stauraci
2779 3024 2936 3087 duas.
2964 3041 3122 3077 unam
3145 3042 3300 3095 super
3330 3041 3516 3092 corpus
3539 3027 3674 3094 ejus,

2096 3123 2146 3168 et
2171 3114 2336 3168 aliam
2369 3117 2422 3169 in
2449 3117 2614 3170 altari
2643 3116 2854 3182 majori.
2913 3114 3114 3170 Eodem
3154 3133 3282 3171 vero
3314 3127 3545 3172 exeunte
3570 3135 3674 3172 sa:-

2101 3209 2228 3262 cu-lo
2275 3223 2304 3261 a
2339 3205 2604 3262 Formoso
2637 3207 2876 3260 nondum
2920 3207 3170 3274 pontiﬁce
3199 3223 3431 3269 summo,
3477 3217 3533 3260 at
3561 3208 3676 3276 cpi-

2096 3315 2263 3370 scopo
2305 3299 2616 3364 Portuensi,
2657 3313 2858 3366 corpus
2889 3297 3162 3370 Hippolyti
3187 3314 3311 3352 cum
3338 3299 3459 3353 aliis
3493 3299 3543 3351 in
3577 3297 3675 3352 Ti-

2095 3391 2341 3447 berinam
2389 3390 2626 3444 insulam
2664 3389 2988 3444 translatum
3015 3400 3119 3456 est,
3148 3389 3291 3460 quod
3319 3405 3496 3446 Coacta
3519 3392 3678 3446 docet

2095 3482 2390 3554 epigraphe
2433 3481 2546 3549 (52)
2580 3498 2594 3533 :

2311 3588 2418 3628 HIC.
2449 3585 2833 3637 BEQUIESCUNT.
2863 3586 3102 3630 CORPOBA

2303 3665 2456 3728 soon.
2495 3663 2770 3728 uxnrvnv.
2799 3689 3066 3728 YPPOLITI.

2307 3781 2549 3825 TAVHINI.
2583 3781 2901 3820 BERCVLANI.
2965 3782 3089 3831 ATQ.

2308 3871 2538 3914 IOANNIS.
2575 3873 2843 3914 CALIBITIS

2311 3976 2603 4024 ronuosvs.
2660 3951 2757 4016 BFs

2513 4065 2793 4106 ςοκωωτ.

2098 4140 2366 4207 Quoniam
2420 4143 2608 4212 itaque
2655 4159 2766 4199 non
2811 4143 3127 4200 dubitamus
3174 4143 3304 4212 quin
3352 4141 3671 4216 Hippolytus

2094 4233 2262 4298 fuerit
2309 4233 2501 4302 Portus
2546 4235 2772 4299 Romani
2813 4237 3124 4306 episcopus,
3155 4236 3286 4290 illud
3325 4234 3539 4291 lacilius
3566 4238 3670 4290 itu-

2093 4328 2833 4399 petrabimus,Portuensem
2873 4331 3186 4400 episcopum
3243 4330 3556 4398 aliquandiu
3612 4331 3666 4384 in

2093 4433 2192 4473 sua
2219 4420 2443 4475 ditecesi
2473 4435 2793 4475 numerasse
2818 4422 3091 4490 regionem
3129 4421 3279 4475 urbis
3302 4419 3669 4477 Transtiberi-

413 4490 542 4584 ιξιίξ,
600 4492 696 4562 qui
755 4509 1021 4566 suppares
1072 4496 1296 4552 fuerunl
1351 4498 1662 4570 Hippolyto,
1721 4509 1884 4570 atque
1931 4501 1984 4555 in
2018 4530 2063 4584 ι)
2091 4523 2242 4571 nam,
2291 4509 2575 4578 ipsamque
2618 4507 2930 4563 Tiberinam
2973 4510 3230 4573 insulam,
3277 4509 3390 4562 sive
3430 4508 3558 4576 quia
3599 4523 3666 4564 ea

414 4582 636 4638 Oriente
672 4586 994 4652 ﬂoruerunt,
1023 4592 1229 4660 percipi,
1258 4608 1364 4646 non
1391 4595 1648 4664 potuerit.
1694 4592 1751 4648 S.
1782 4594 1988 4648 Anato-

409 4674 519 4729 lius
562 4677 677 4745 ipse
711 4677 1052 4737 Laodiceuus
1096 4682 1201 4738 hoc
1241 4685 1431 4738 eodem
1481 4687 1662 4739 studio
1691 4686 1987 4742 celeberri-

410 4781 580 4821 mus:
620 4767 966 4839 Hippolytus,
1014 4773 1192 4842 inquit
1225 4775 1360 4843 (47),
1411 4775 1477 4836 16
1517 4792 1776 4829 annorum
1811 4778 1987 4830 circu-

411 4859 521 4912 lum
551 4861 864 4930 quibusdam
892 4865 1086 4933 ignatis
1115 4865 1255 4920 lente
1292 4868 1530 4934 cursibus
1560 4870 1872 4938 composuit.
1918 4869 1988 4924 At

411 4951 595 5006 sedem
621 4951 896 5026 Hippolyti
943 4957 1274 5014 luculentius
1306 4960 1396 5014 alii
1436 4960 1804 5020 vindicarunt.
1847 4977 1988 5031 prae-

409 5043 676 5113 cipueque
727 5044 1120 5115 Constantinus
1168 5047 1469 5120 liuggerius
1521 5049 1585 5105 V.
1623 5050 1686 5106 C.
1723 5049 1863 5124 (48),
1889 5068 1988 5107 eu-

402 5136 494 5204 jus
519 5139 854 5207 inspeximus
898 5141 1136 5210 pagellas
1166 5141 1235 5195 80
1267 5142 1710 5208 hoeargumento
1738 5146 1985 5199 conscri-

409 5239 552 5297 ptas,
579 5247 782 5302 easque
821 5250 992 5304 nuper
1018 5236 1068 5288 in
1105 5236 1542 5290 dissertationetn
1583 5239 1794 5293 erudite
1825 5240 1985 5293 abso-

482 5369 874 5444 (45)B_asnag.,
890 5372 1172 5444 Animadv.
1202 5374 1269 5428 de
1298 5371 1355 5428 S.
1382 5371 1656 5444 Hippolyti
1675 5373 1809 5440 V’iL,
1833 5373 1979 5429 Lect.

409 5441 578 5507 antiq.
609 5440 899 5510 QattisiiJ,
929 5458 1049 5510 pag.
1082 5442 1165 5501 10.

481 5510 594 5584 (ᾁρ)
638 5508 943 5584 Heilman,
972 5511 1183 5584 Primit.
1217 5513 1457 5584 Gotting.
1489 5529 1610 5584 pag.
1642 5513 1767 5568 240.

481 5580 592 5656 (47)
627 5579 689 5656 _S.
717 5582 1198 5656 Anatol.,vl_)ra:fat.
1227 5585 1279 5637 in
1305 5579 1511 5638 Carioni
1539 5579 1814 5651 Pascltal.,
1841 5585 1978 5656 apud

406 5647 735 5724 Bueheriym
765 5668 884 5724 pag.
916 5653 1042 5724 439.

476 5721 588 5800 (18)
632 5721 883 5800 Ruggct'ii
911 5735 964 5791 et
997 5722 1223 5790 Buschii
1253 5725 1479 5782 Dissert.
1507 5726 1571 5781 de
1598 5725 1745 5780 Pori.
1777 5726 1830 5782 S.
1862 5727 1981 5797 llip-

408 5793 569 5872 polyti
599 5793 744 5849 sede.

2091 4616 2220 4672 pars
2249 4609 2405 4655 extra
2434 4600 2594 4669 Urbis
2618 4601 2860 4670 pomeria
2886 4600 3109 4655 ﬂumine
3138 4601 3358 4655 delinita
3399 4601 3665 4655 censeba-

2091 4679 2200 4755 tur,
2250 4692 2386 4756 sive,
2438 4701 2498 4746 ttt
2525 4702 2734 4748 certum
2765 4702 2872 4756 est,
2924 4691 3297 4753 Romanorum
3343 4690 3662 4768 pontiﬁcum

2089 4785 2288 4855 insigni
2322 4785 2678 4845 humanitate,
2705 4800 2814 4854 qua
2842 4791 3036 4854 praeter
3064 4783 3318 4848 Ecclesia:
3341 4793 3663 4838 ornamenta

2088 4876 2250 4930 etiam
2299 4876 2560 4941 nonnulla
2603 4877 2854 4945 deinceps
2909 4877 3186 4931 consecuti
3233 4885 3382 4938 sunt,
3417 4892 3541 4946 quae
3593 4879 3662 4931 ad

2089 4968 2380 5038 imperium
2411 4968 2704 5036 pertinent,
2737 4969 2904 5024 veluti
2937 4969 3067 5030 illud
3093 4979 3174 5022 est
3197 4967 3444 5038 capiendi
3469 4983 3659 5023 eorum

2088 5056 2452 5121 haereditates,
2502 5057 2597 5130 qui
2649 5058 2907 5113 intestato
2939 5057 3281 5112 decederent.
3336 5056 3567 5127 Exstant
3595 5074 3660 5113 ea

2086 5148 2154 5202 de
2181 5164 2239 5202 re
2270 5149 2449 5204 adhuc
2477 5149 2770 5219 diplomata
2803 5149 3080 5205 Benedicti
3113 5149 3252 5211 V'lll,
3313 5166 3457 5205 anno
3479 5150 3656 5215 1019;

2085 5240 2314 5311 Joannis
2341 5241 2482 5307 XIX,
2515 5258 2661 5298 anno
2689 5244 2827 5310 1026
2854 5253 2908 5298 et
2939 5243 3136 5300 Leonis
3164 5243 3228 5296 IX
3266 5245 3403 5317 (55),
3441 5245 3536 5316 qui
3559 5242 3657 5298 Jo-

2155 5377 2268 5448 (49)
2309 5376 2566 5448 Ρι-ιιάθηι.
2597 5379 2737 5446 Περὶ
2768 5378 3103 5448 στεφάνων,
3132 5396 3208 5434 xl.

2157 5447 2268 5520 (ᾇο)
2307 5447 2450 5503 Petr.
2485 5447 2757 5520 Damjau.,
2790 5451 2854 5503 de
2884 5447 3020 5503 Abel.
3053 5452 3182 5520 epis.

2159 5517 2272 5591 (iii)
2312 5517 2763 5591 Auast:ts.}_3_il_d.,
2797 5520 2882 5574 ed.
2916 5517 3124 5591 Yignol.
3160 5521 3226 5581 ll,
3261 5535 3382 5591 pag.
3417 5523 3540 5577 £66.

2159 5587 2529 5661 (52)_Gruter.
2571 5587 2768 5661 _MLlll.
2813 5599 2871 5661 _ct
2914 5587 3117 5661 Bottar.
3167 5587 3306 5644 delle
3334 5587 3520 5652 'Scult.
3561 5591 3653 5661 tu,

2085 5673 2206 5732 pag.
2237 5659 2325 5732 2i.
2352 5656 2603 5732 Paciaud.
2637 5660 2711 5732 de
2732 5658 2883 5714 Balu.
2914 5659 3210 5732 Christian.
3244 5679 3366 5732 pag.
3400 5666 3488 5718 41,
3515 5656 3654 5720 Ριεὲ

2083 5730 2224 5782 siou.
2255 5728 2503 5798 Inscript.
2540 5728 2753 5784 Antich.
2792 5745 2913 5798 pag.
2949 5731 3069 5785 12L

2155 5798 2266 5867 (55)
2312 5795 2520 5868 Uglicll.
2557 5798 2716 5855 Tum.
2746 5799 2760 5853 Ι
2794 5795 2926 5856 Ιυῑι.
2954 5802 3104 5857 Sacr.
3171 5820 3290 5876 pag.
3327 5803 3423 5868 116
3446 5813 3497 5859 ct
3526 5802 3650 5871 120,
