4034 6398
265 366 376 422 281

1249 361 1336 415 ΒΕ
1374 360 1536 416 VITA
1573 359 1661 414 ET
1704 355 2013 414 SCRIPTIS
2053 354 2112 409 S.
2152 350 2536 408 HIPPOLYTI.

3416 349 3525 404 282

269 483 402 537 anni
428 480 714 536 Portuensi
747 481 975 537 antistiti
1005 481 1429 536 vetustissimam
1459 480 1714 536 Ecclesiae
1735 496 1848 535 sua:
1875 482 1923 537 A
1950 473 2282 544 Superiorem
2300 513 2315 536 ,
2350 481 2410 526 ut
2435 471 2481 525 si
2509 471 2622 540 jam
2656 485 2688 524 a
2713 468 2916 524 Graecis
2945 467 3125 523 Romae
3149 467 3420 537 episcOpus
3445 469 3529 523 di-

265 575 616 644 dignitatem,
657 589 722 629 ac
765 573 1034 644 praecipue
1077 574 1336 643 templum
1372 571 1431 628 8.
1462 572 1737 627 Adalberti
1789 571 1843 625 in

265 663 527 720 Tiberina
561 665 764 729 insula,
800 681 922 734 quae
945 681 1040 736 per
1069 665 1124 720 id
1153 665 1417 735 temporis
1438 664 1718 720 dicebatur
1743 662 1848 733 Ly-

264 758 486 818 caonia,
519 768 857 828 repugnante
888 757 1200 814 Crescentio
1228 758 1483 828 episcopo
1507 756 1682 828 Sylva:
1705 755 1848 811 Can-

265 847 692 909 tlidze,asseruit
729 848 784 902 in
826 847 945 918 ipso
978 847 1330 904 Lateranensi
1370 848 1602 904 concilio
1631 864 1692 911 ιι,
1738 863 1848 916 quo

263 953 460 994 exacto
489 941 760 996 sententia
789 941 1064 1012 pontificis
1094 942 1302 1012 prolata
1331 951 1434 996 est.
1483 939 1712 1007 Quando
1751 957 1850 995 au-

263 1040 371 1082 tem
436 1029 804 1084 suburbirarii
852 1030 1094 1100 episcopi
1154 1046 1548 1100 nonnunquam
1619 1031 1848 1102 episcopi

265 1120 427 1176 Urbis
471 1123 738 1176 nominati
787 1132 949 1187 sunt,
998 1139 1158 1178 nemo
1201 1139 1308 1176 non
1348 1124 1528 1189 videt,
1559 1132 1763 1193 quanto
1793 1123 1846 1178 id

259 1230 464 1269 nomen
507 1215 722 1270 facilius
753 1215 1042 1270 adhteserit
1069 1217 1338 1285 episcopis
1370 1213 1568 1271 Portus
1593 1216 1845 1282 Ronnani,

257 1306 352 1372 qui
373 1315 530 1361 trans
543 1305 780 1360 Tiberim
799 1316 945 1361 tanta
961 1323 1084 1361 cum
1099 1316 1364 1377 potestate
1381 1305 1697 1362 obtinebant
1711 1308 1844 1378 (54).

255 1394 632 1460 Quamobrem
673 1396 1058 1468 intelligimus,
1087 1396 1231 1452 unde
1271 1398 1558 1467 repetenda
1602 1397 1673 1453 sit
1712 1413 1847 1452 con-

252 1486 520 1552 suetudo,
561 1503 667 1557 qua
698 1487 1029 1544 Portucnses
1061 1498 1114 1543 et
1146 1487 1320 1560 Sylva:
1345 1490 1583 1559 episcopi
1613 1499 1847 1559 quotan-

252 1578 341 1632 nis
389 1578 623 1633 donaria
665 1581 915 1652 quaedam
958 1581 1012 1635 in
1060 1580 1324 1637 Vaticano
1366 1583 1564 1653 templo
1610 1583 1848 1653 excipie-

250 1669 425 1736 bant,
460 1681 607 1740 quod
641 1687 706 1727 ex
752 1675 1122 1729 monumentis
1159 1675 1397 1730 basilicze
1431 1675 1575 1731 haud
1617 1675 1689 1731 ita
1731 1675 1848 1746 pri-

247 1761 375 1814 dem
440 1763 708 1832 cvulgatis
750 1765 984 1835 quisque
1031 1767 1330 1838 agnoverit.
1390 1765 1503 1822 Hac
1559 1767 1726 1822 etiam
1778 1766 1847 1822 de

1948 574 2162 621 ceretur
2199 563 2520 634 Hippolytus
2545 601 2560 626 ,
2593 562 2790 616 mirum
2831 576 2938 614 non
2970 569 3054 615 est
3081 560 3127 615 si
3149 560 3234 614 vir
3265 559 3529 630 peritissi-

1947 672 2106 720 mus,
2139 671 2264 711 cum
2312 655 2518 725 optimc
2565 662 2753 708 nosset
2799 651 3150 724 Hippolytum
3197 667 3306 716 nou
3360 651 3530 708 fuisse

1949 747 2256 802 Romanum
2290 746 2637 816 pontificem,
2665 745 2944 815 scripserit
2968 785 2982 804 ,
3025 744 3218 818 ἐτέρας
3255 759 3360 797 που
3409 744 3532 800 ’Exe

1949 839 2206 910 κλησῑας.
2246 838 2466 892 alterius
2501 837 2784 906 cujusdam
2815 835 3068 890 Ecclesia:
3089 875 3107 901 ,
3133 851 3256 906 quae
3295 835 3529 891 manife-

1949 931 2088 986 stius
2137 927 2500 998 Hieronymus
2537 936 2622 980 est
2658 926 3076 995 interpretatus:
3118 940 3304 978 nomen
3342 924 3530 994 quippe

1948 1023 2097 1078 urbis
2129 1023 2265 1077 scire
2305 1036 2407 1075 non
2441 1019 2611 1090 potui.
2653 1018 2808 1084 Quod
2839 1032 2968 1072 vero
3003 1015 3394 1088 Hieronymus,
3434 1015 3529 1071 diu

1952 1115 2140 1170 Romae
2175 1121 2548 1170 commoratus
2571 1150 2587 1176 ,
2621 1109 2892 1181 Hippolyti
2923 1108 3104 1165 sedem
3131 1111 3382 1180 ignorare
3417 1125 3528 1164 non

1947 1217 2172 1278 posset”
2215 1221 2337 1276 qua:
2371 1204 2640 1276 ignoratio
2679 1203 2840 1258 nimis
2867 1203 3166 1265 extollitur,
3188 1201 3300 1272 jam
3325 1217 3388 1257 ea
3413 1211 3533 1256 ute-

1947 1313 2095 1363 mur,
2120 1305 2405 1367 propterea
2441 1294 2590 1366 quod
2621 1293 2985 1366 Hieronymus
3007 1295 3060 1349 in
3082 1293 3299 1350 Oriente
3324 1294 3530 1350 diutius

1947 1399 2316 1445 commoratus
2349 1397 2473 1453 est,
2504 1403 2666 1458 quam
2701 1386 2904 1442 Romae.
2944 1408 2962 1438 ›

2017 1478 2295 1536 Hactenus
2327 1481 2398 1536 cl.
2431 1479 2518 1534 vir
2544 1477 2730 1532 Simon
2761 1479 2827 1533 de
2856 1478 3148 1548 Magistris.

1963 1572 1966 1574 ⁷
2475 1568 2878 1637 ART'ICULUS
2922 1570 3007 1626 Ill.

2261 1681 2328 1720 DE
2368 1680 2643 1722 IARTYHIO
2679 1680 3080 1730 S.’HIPPOLYTI,
3119 1673 3226 1720 ιξῑο.

2019 1755 2096 1811 De
2122 1755 2288 1810 rebus
2315 1753 2373 1809 S.
2409 1753 2678 1826 Hippolyti
2708 1755 2881 1809 nostri
2913 1755 2968 1808 in
3018 1755 3334 1824 episcopatu
3364 1753 3536 1824 gestis.

248 1864 429 1905 causa
473 1850 678 1908 factum
731 1823 847 1921 est,
889 1823 948 1910 ίιι
988 1823 1273 1911 Εοξοηιοδαδ
1316 1857 1497 1912 adhuc
1530 1856 1844 1914 parmensis
1879 1823 1923 1880 Β
1948 1855 2430 1901 monumentorum
2455 1845 2610 1914 copia
2636 1844 2882 1900 destituti
2917 1845 3054 1898 nihil
3089 1845 3313 1898 omnino
3339 1844 3532 1914 singil-

245 1943 572 2013 episcopus,
600 1961 710 2015 quo
735 1954 976 2016 tempore
998 1949 1181 2002 omnia
1213 1949 1428 2003 barbari
1457 1949 1845 2018 deprzedabau-

248 2045 362 2100 tur,
401 2047 663 2108 metuque
707 2037 1108 2094 Saracenorum
1153 2040 1346 2094 incolm
1380 2039 1604 2095 Portum
1645 2039 1845 2096 Roma-

246 2147 385 2185 num
417 2132 816 2197 deseruerunt,
842 2134 1141 2204 exportarit
1171 2149 1372 2203 corpus
1412 2133 1685 2206 Hippolyti
1721 2151 1845 2191 cum

248 2220 379 2274 aliis
411 2235 442 2274 a
473 2217 644 2275 Portu
675 2221 924 2277 Romano
945 2263 960 2289 ,
987 2222 1079 2276 ubi
1119 2222 1398 2278 conditum
1430 2223 1640 2292 fuerat,
1675 2225 1728 2278 in
1762 2227 1844 2280 lo-

245 2329 375 2366 cum
399 2352 415 2375 ,
448 2329 561 2382 quo
593 2314 707 2368 fieri
735 2323 946 2385 poterat
968 2316 1315 2371 remotiorem
1347 2317 1428 2370 sui
1462 2318 1807 2390 episcopatus
1828 2360 1844 2388 ,

246 2407 303 2460 in
347 2405 670 2460 Tiberinum
715 2422 912 2477 nempe
951 2407 1220 2472 insulam,
1246 2409 1336 2463 ubi
1366 2411 1664 2479 episcopum
1710 2411 1847 2465 Por-

247 2508 491 2551 tuensem
529 2499 776 2552 habuisse
813 2499 1145 2554 domicilium
1177 2501 1228 2554 in
1269 2500 1489 2555 ecclesia
1528 2499 1588 2555 S.
1617 2499 1844 2555 Joannis

244 2587 390 2640 inter
429 2588 562 2642 duos
598 2599 782 2658 pontes
815 2589 1046 2661 legimus
1074 2591 1208 2661 (53).
1240 2591 1372 2647 Illud
1399 2603 1580 2648 autem
1617 2594 1672 2648 in
1702 2593 1844 2648 reci-

245 2689 364 2733 tata
415 2679 747 2751 epigraphe,
788 2696 950 2750 quam
993 2679 1284 2736 Formosus
1329 2682 1507 2736 loculo
1562 2698 1844 2738 sacrorum

246 2773 547 2841 pignorum
611 2773 925 2843 inseripsit.
974 2775 1139 2829 etiam
1197 2775 1643 2844 deprehenditur,
1699 2775 1846 2844 quod

244 2863 477 2918 nomina
525 2861 838 2934 Hippolyti,
887 2864 1140 2930 Taurini,
1209 2866 1551 2931 Herculiani,
1590 2867 1843 2949 exhibet,

244 2969 372 3024 quae
403 2953 521 3024 ipsa
562 2955 816 3025 leguntur
840 2955 896 3017 in
924 2958 1216 3011 veterrimo
1251 2956 1542 3012 Liberiano
1573 2956 1845 3011 Kalenda-

244 3050 334 3102 rio
382 3051 489 3102 hac
532 3046 815 3103 formula:
857 3046 1000 3102 Non.
1038 3047 1185 3120 Sept.
1234 3050 1425 3104 Aconti
1459 3049 1517 3103 in
1569 3049 1767 3114 Porto,
1794 3059 1844 3103 et

246 3136 473 3201 Nonni,
541 3145 593 3191 et
665 3137 995 3204 Herculani,
1057 3149 1107 3205 et
1182 3139 1422 3195 Taurini.
1495 3139 1843 3212 Hippolytum

245 3230 452 3300 quippe
482 3230 710 3286 honoris
735 3247 902 3287 causa
930 3234 1135 3288 dictum
1163 3233 1334 3288 fuisse
1377 3232 1626 3288 Nonnum
1663 3243 1847 3287 osten-

248 3325 456 3388 dimus,
478 3324 940 3394 quemadmodum
957 3334 1150 3380 auctor
1177 3341 1278 3379 suo
1294 3341 1410 3380 :evo
1433 3327 1570 3382 satis
1594 3325 1843 3381 idoneus:

248 3415 476 3469 Nonnos
495 3433 763 3483 uocamus,
781 3417 979 3487 inquit,
1003 3417 1228 3486 majores
1248 3417 1308 3470 ob
1331 3418 1670 3472 reverentiam
1686 3431 1705 3482 ;
1723 3433 1848 3472 nam

247 3507 572 3578 intelligitur
611 3517 835 3578 paterna
890 3510 1180 3562 reverentia
1220 3510 1355 3580 (56,.
1405 3509 1523 3563 Itali
1577 3509 1844 3574 retinent,

245 3615 374 3653 cum
416 3615 550 3655 avos
601 3601 904 3670 appellant,
931 3609 986 3656 et
1015 3617 1184 3672 prope
1219 3600 1392 3662 ϐττιιαί
1435 3600 1844 3678 εἰςιιίίὶειιιυιιι,

249 3706 378 3746 cum
417 3689 769 3763 Hippolytum
803 3690 1031 3745 παλαιόν
1064 3692 1268 3754 dixere.
1302 3691 1616 3762 Aliquando.
1654 3689 1846 3747 Nunus

246 3783 479 3838 eﬂertur
509 3799 622 3837 non
647 3799 807 3840 secus
831 3795 997 3856 atque
1029 3784 1085 3839 in
1119 3784 1292 3840 veteri
1314 3800 1587 3840 marmore
1621 3783 1730 3855 (57)
1759 3804 1772 3839 :

303 3890 524 3930 DONATA
562 3889 703 3930 Νυκο
743 3890 842 3931 SUO
883 3890 1168 3934 TERTULLO
1203 3891 1312 3939 ουκ
1349 3890 1486 3932 FILIA
1529 3891 1581 3937 IN
1620 3891 1772 3930 PACE.

321 3986 342 4017 σ
365 3965 488 4022 Non
518 3975 734 4022 tantum
764 3967 948 4038 itaque
976 3966 1114 4023 falsa
1142 3976 1226 4023 est
1245 3970 1314 4022 ab
1340 3965 1648 4038 Lemoynio
1683 3982 1848 4023 excos

245 4059 414 4130 gitata
450 4058 758 4125 derivatio,
791 4059 883 4128 qui
917 4059 1087 4128 (ilium
1117 4058 1356 4128 explicat
1396 4057 1650 4112 Nonnum
1689 4059 1847 4128 quasi

243 4168 310 4208 ex
331 4157 404 4236 3’:
430 4152 569 4223 (58),
586 4151 712 4206 dum
730 4152 843 4222 agit
863 4151 930 4207 de
946 4152 1049 4207 hoc
1065 4152 1184 4222 ipso
1205 4150 1476 4222 Hippolyti
1496 4150 1843 4221 cognomine,

244 4245 342 4299 sed
377 4243 599 4300 veritati
637 4244 933 4304 contraria.
975 4243 1232 4299 Salmasii
1269 4260 1333 4298 ex
1379 4241 1538 4314 μόνος
1571 4242 1845 4297 deducen-

1945 1938 2094 1992 latim
2155 1936 2392 1995 edicere.
2431 1951 2750 2006 possumus.
2797 1934 2997 1990 Verum
3064 1938 3209 2006 quod
3261 1935 3536 2005 reliquum

1947 2031 2214 2086 habemus
2250 2044 2319 2084 ex
2348 2028 2468 2099 ejus
2495 2028 2754 2098 operibus
2788 2028 2948 2083 nobis
2987 2027 3186 2082 sttﬂicit
3208 2027 3274 2081 ad
3306 2043 3533 2097 persua-

1945 2122 2183 2178 dendum
2205 2162 2220 2188 ,
2248 2121 2394 2191 quod
2418 2121 2467 2175 is
2490 2122 2544 2176 iu
2581 2121 2895 2190 episcopatu
2925 2135 3089 2176 omne
3123 2128 3339 2190 tempus
3368 2120 3434 2172 ad
3457 2119 3534 2172 iu-

1947 2215 2238 2272 struendos
2270 2215 2454 2270 tideles
2482 2213 2988 2284 defendendamque
3009 2213 3274 2269 adversus
3300 2213 3534 2268 haereses

1945 2321 2305 2379 quascunque
2336 2305 2616 2361 veritatem
2649 2306 3015 2360 orthodoxam
3054 2305 3396 2374 impenderit.

2014 2401 2316 2471 Martyrum
2363 2399 2487 2453 albo
2525 2397 2875 2470 Hippolytum
2919 2397 3227 2452 inscribunt
3269 2395 3532 2467 Hierony-

1944 2509 2071 2550 mus
2100 2493 2238 2564 (59),
2269 2491 2520 2548 Gelasius
2554 2490 2668 2561 (60)
2691 2531 2708 2555 ,
2728 2489 3106 2544 Theodoretus
3132 2489 3246 2559 (6i)
3278 2488 3483 2557 aliique
3515 2505 3530 2542 :

1945 2593 2278 2656 quapropter
2317 2585 2373 2638 in
2417 2581 2806 2654 Martyrologio
2850 2580 3100 2636 Romano
3150 2579 3266 2652 (62)
3312 2581 3532 2651 legitur,

1947 2678 2050 2733 sub
2069 2676 2380 2732 Alexandro
2410 2675 2740 2745 imperatore
2759 2715 2774 2740 ,
2802 2674 2874 2728 ob
2901 2673 3220 2743 praeclaram
3247 2672 3369 2727 ﬁdei
3399 2689 3531 2727 con-

1947 2769 2242 2825 fessionem
2269 2809 2284 2834 ,
2312 2767 2566 2823 manibus
2589 2766 2929 2836 pedibusque
2960 2765 3139 2834 ligatis
3173 2764 3227 2819 in
3258 2765 3422 2819 altam
3453 2763 3531 2818 fo-

1945 2876 2101 2916 veam
2143 2859 2303 2930 aquis
2344 2859 2562 2929 plenam
2605 2857 3004 2928 praecipitatum
3056 2857 3413 2923 occubuisse,
3445 2856 3532 2912 cui

1946 2963 2002 3008 et
2027 2953 2166 3008 alios
2197 2952 2251 3006 in
2279 2951 2546 3021 martyrio
2584 2950 2766 3006 socios
2791 2965 2859 3004 ex
2885 2949 3036 3004 Actis
3073 2948 3131 3003 S.
3162 2949 3355 3004 Aureae
3387 2950 3529 3004 addit

1947 3044 2217 3100 Baronius
2237 3042 2372 3114 (65).
2396 3041 2542 3097 Inter
2562 3041 2875 3113 apocrypha
2898 3049 3078 3095 tamen
3101 3050 3215 3095 tum
3239 3040 3533 3112 Hippolyti,

1874 3166 1918 3227 ρ
1949 3154 2074 3192 sum
2117 3136 2176 3191 8.
2201 3135 2394 3191 Aureae
2431 3135 2564 3190 Acta
2615 3133 2949 3200 recensenda
2992 3148 3114 3189 esse
3153 3133 3394 3190 dubitari
3443 3135 3532 3190 vix

1949 3238 2165 3300 potest,
2201 3239 2390 3299 utpote
2415 3243 2568 3298 quae,
2595 3235 2657 3282 ut
2684 3226 2826 3282 idem
2858 3224 3324 3295 inquitBaronius
3346 3266 3361 3290 ,
3391 3243 3529 3280 meno

1948 3324 2033 3378 dis
2072 3323 2225 3393 plena
2273 3323 2329 3378 in
2366 3322 2550 3376 multis
2597 3319 2923 3375 restituenda
2956 3319 3087 3392 (64).
3139 3318 3200 3374 1η
3254 3319 3532 3375 Maximini

1948 3431 2079 3471 vero
2116 3425 2207 3470 aut
2243 3413 2387 3470 Decii
2413 3413 2793 3485 persecutione
2815 3429 2939 3467 eum
2981 3413 3228 3485 martyrii
3268 3429 3532 3468 coronam

1949 3507 2201 3577 adeptum
2227 3505 2398 3563 fuisse
2424 3505 2736 3563 verosimile
2768 3504 2894 3562 inde
2922 3507 3188 3572 redditur,
3216 3507 3360 3575 quod
3387 3522 3532 3560 anne

1947 3599 2242 3652 Alexandri
2280 3599 2628 3668 imperatoris
2658 3603 2868 3672 primo,
2905 3610 3198 3671 temporum
3233 3599 3532 3664 Cononem,

1946 3689 2363 3763 Prisc/talemque
2399 3694 2602 3763 cyclum
2629 3695 2834 3760 edidit,
2865 3695 2955 3750 cui
2991 3695 3098 3750 alia
3135 3693 3402 3764 opuscula
3439 3693 3532 3747 ad-

1947 3781 2118 3848 didit,
2148 3791 2210 3841 ut
2233 3798 2300 3838 ex
2330 3784 2577 3853 ejusdem
2609 3802 2838 3858 operum
2874 3787 3123 3858 catalogo
3158 3787 3342 3842 videre
3368 3793 3472 3841 est.

2019 3875 2288 3931 (laterum
2312 3894 2434 3948 qua
2463 3881 2759 3950 scriptores
2784 3879 2850 3935 de
2881 3889 3124 3950 tempore
3150 3878 3393 3950 martyrii
3428 3879 3526 3932 hu-

1943 3967 2038 4038 jus
2066 3967 2319 4034 tradunt,
2353 3969 2568 4024 diversa
2598 3978 2760 4039 atque
2785 3969 2990 4025 incerta
3015 3977 3162 4024 sunt.
3189 3968 3295 4023 Alii
3321 3968 3372 4022 id
3387 3966 3520 4021 ‘refe-

1948 4067 2078 4114 runt
2106 4058 2174 4113 ad
2207 4074 2412 4114 annum
2438 4058 2645 4116 Christi
2683 4061 2810 4116 250.
2851 4059 2956 4114 Sed
2994 4058 3360 4114 severioribus
3391 4057 3530 4112 criti-

1947 4151 2030 4215 cis
2058 4167 2167 4206 non
2197 4152 2394 4221 placet,
2427 4151 2576 4222 quod
2607 4151 2661 4206 in
2697 4151 3085 4224 Martyrologio
3116 4149 3364 4205 Romano
3388 4165 3522 4202 mar-

1951 4245 2150 4318 tyrium
2185 4243 2242 4299 S.
2277 4241 2550 4315 Hippolyti
2582 4243 2884 4299 collocetur
2912 4242 3016 4298 sub
3039 4241 3269 4310 imperio
3291 4240 3528 4294 Alexan-

244 4334 351 4401 tis,
411 4335 764 4404 aliorumque
817 4339 1000 4405 etyma
1065 4333 1202 4388 nihil
1269 4349 1572 4400 moramur,
1626 4331 1851 4403 quando
1947 4335 2430 4401 driSeveri,cum
2454 4345 2585 4392 tunc
2625 4336 2772 4395 nulla
2813 4335 3119 4406 persecutio
3144 4333 3516 4402 fuerit,quin-

245 4441 409 4481 usum
442 4426 810 4496 inquirimus,
843 4440 952 4480 non
981 4426 1272 4496 originem.
1310 4424 1427 4481 Hoc
1450 4426 1615 4496 igitur
1639 4439 1843 4482 conce-e

1948 4430 2061 4484 imo
2090 4430 2206 4500 ipse
2235 4429 2527 4498 imperator
2555 4427 2880 4482 Christianis
2909 4425 3134 4482 faveret.-
3171 4424 3321 4486 Uude
3357 4424 3528 4479 Ruin-

245 4519 447 4574 damus
483 4517 691 4575 Graecis
742 4519 1142 4589 scriptoribus.
1197 4528 1258 4575 ut
1305 4522 1566 4591 quoniam
1609 4519 1843 4577 Romani
1876 4508 1920 4563 Β
1949 4522 2123 4588 artius
2167 4523 2220 4576 in
2270 4519 2596 4584 Praefatione
2641 4520 2709 4574 ad
2763 4520 2899 4576 Acta
2951 4531 3244 4591 martyrum
3288 4520 3528 4584 sincera,

244 4609 537 4678 pontifices
577 4607 929 4680 Hippolytum
961 4609 1318 4666 Portuensem
1357 4610 1588 4681 ejusque
1623 4629 1844 4678 succes-

246 4715 403 4756 sores
428 4700 648 4756 eximiis
679 4701 1009 4770 quibusdam
1051 4702 1392 4758 ornamentis
1426 4704 1714 4760 honestare
1743 4720 1842 4760 vo-

243 4791 504 4858 luerunt,
540 4791 617 4846 illi
666 4808 777 4848 non
812 4809 844 4848 a
883 4791 1055 4849 Portu
1088 4795 1269 4850 sedem
1298 4793 1610 4866 Hippolyti,
1645 4795 1739 4852 sed
1774 4797 1843 4852 ab

248 4881 397 4937 Urbe
421 4883 537 4953 ipsa
570 4884 936 4948 nominarint,
968 4885 1428 4954 quemadmodum
1462 4899 1652 4944 nostra
1681 4889 1840 4944 exhi-
1875 4928 1880 4937 .

243 4974 338 5031 bet
384 4976 679 5046 epigraphe
717 4977 1116 5032 commentario
1170 4977 1474 5046 praemissa.
1525 4977 1712 5050 Neque
1756 4996 1836 5036 re.

244 5068 551 5124 centiorem
583 5085 706 5124 cum
749 5066 1065 5140 Scaligero,
1094 5069 1188 5125 sed
1221 5072 1650 5129 vetustissimam
1697 5073 1840 5131 hanc

1947 4629 2070 4685 pag.
2098 4628 2289 4680 xum,
2323 4612 2575 4670 eumdem
2603 4612 2921 4681 scrupulum
2951 4613 3223 4682 proponit,
3257 4622 3311 4666 et
3343 4622 3506 4668 utcun

1943 4721 2053 4776 que
2074 4705 2346 4764 discutere
2379 4715 2611 4768 conatur
2634 4704 2738 4761 hoc
2772 4703 2977 4758 modo‘:
3022 4703 3386 4758 Alexandrum
3415 4702 3528 4761 He.

1944 4797 2200 4868 liogabali
2235 4813 2584 4858 successorem
2614 4795 2934 4854 Christianis
2961 4795 3153 4865 favisse
3185 4812 3333 4851 nemo
3359 4805 3528 4864 potest

1943 4889 2198 4960 inﬁciari,
2227 4891 2330 4945 nisi
2359 4906 2535 4948 omnes
2562 4891 2807 4960 antiquos
2834 4889 3115 4958 scriptores
3147 4889 3360 4958 rejicere
3384 4887 3525 4942 velit.

1946 4981 2094 5036 Unde
2121 4982 2316 5036 mirum
2342 4989 2418 5036 est
2445 4989 2520 5037 tot
2547 4993 2804 5058 martyres
2834 4981 2927 5036 sub
2956 4982 3069 5050 ejus
3097 4982 3314 5050 imperio
3341 4995 3524 5045 passos

1942 5093 1974 5129 a
2011 5075 2276 5130 nonnullis
2315 5074 2589 5128 recenseri.
2623 5073 2705 5127 An
2743 5075 2799 5130 id
2831 5075 2900 5127 ad
2930 5073 3204 5143 prtefectos
3230 5113 3245 5137 ,
3267 5087 3393 5142 quos
3423 5069 3519 5123 sub

245 5177 373 5218 esse
403 5161 620 5233 opinari
647 5163 815 5229 licet,
857 5177 1024 5234 atque
1068 5161 1289 5218 Eusebii
1328 5164 1680 5221 Caesariensis
1722 5181 1839 5227 aevo
1939 5168 2053 5238 ejus
2083 5167 2302 5238 imperio
2331 5167 2646 5222 sazvissimos
2671 5165 2833 5234 fuisse
2861 5165 3033 5228 aiunt,
3053 5160 3379 5232 referendum
3405 5157 3523 5221 est!

320 5344 440 5414 (54)
481 5342 621 5398 Bull.
643 5343 782 5414 iBas.
811 5343 984 5414 Yatic.
1006 5359 1054 5414 Vt,
1089 5344 1180 5398 21.

317 5413 436 5485 (55)
476 5413 612 5485 god.
640 5413 772 5484 Reg.
807 5413 1120 5485 Succ.7Vat.
1151 5415 1282 5479 585,
1313 5432 1367 5485 p.
1396 5415 1487 5469 21.

247 5483 436 5608 11856)
477 5483 608 5556 Pag.
641 5483 896 5539 vocabul.
932 5484 1192 5551 Nonnos;
1225 5483 1397 5557 Cat—ig.
1419 5485 1656 5540 Glossar.
1694 5485 1832 5548 Med.

298 5571 329 5606 a
360 5593 374 5606 .

298 5571 374 5606 αι.

322 5623 438 5696 (57)
481 5623 796 5696 Fleevood.,
827 5641 948 5696 pag.
983 5624 1106 5696 586.

282 5694 433 5807 τ(58)
477 5695 744 5801 Stephani.
768 5694 1070 5768 le’Moyne,
1099 5695 1401 5769 Prolcgom.
1437 5697 1501 5752 ad
1547 5696 1706 5752 Varia
1734 5697 1838 5753 Sa-

247 5783 358 5828 ca.
389 5783 533 5834 xxvi,
585 5803 633 5821 ...

1848 5851 1900 5860 ε..

2014 5351 2126 5424 (59)
2167 5350 2509 5424 Hieronym.,
2542 5347 2704 5404 Prmf.
2739 5346 3160 5424 multiattham‘m.

2011 5413 2122 5491 (60)
2164 5422 2344 5477 Gelas.
2369 5413 2428 5474 ut
2458 5413 2578 5490 sup.
2611 5413 3271 5491 tont._lY_Bibtioth._l_’_P.

2032 5485 2122 5562 61)
2163 5491 2486 5562 ῙΙιεοόοτει.
2515 5485 2712 5562 dialog.
2746 5488 2814 5562 5”.
2835 5485 3226 5562 lle_impatibil,

2032 5556 2122 5633 62)
2163 5561 2508 5633 Hartyrolog.
2542 5556 2744 5633 Rom—.3-
2757 5558 2845 5611 die
2873 5557 2944 5609 22
2968 5556 3202 5633 A_ugust.

2010 5625 2123 5699 (63)
2163 5625 2364 5686 Baron.
2392 5625 2616 5699 ad'aun.
2649 5628 2773 5693 129,
2804 5625 3040 5699 num.“7.

2011 5695 2121 5773 (6-4)
2164 5701 2510 5772 Martyrolog.
2551 5697 2807 5764 Romam,
2839 5697 2927 5753 die
2957 5697 2990 5752 5
3020 5704 3074 5752 et
3103 5696 3174 5751 22
3197 5695 3442 5765 Augusti.
