4034 6382
410 397 417 403 ,
514 336 622 392 285
1530 334 1620 390 DE
1662 334 1823 390 “TA
1858 336 1943 392 ET
1986 335 2294 394 SCRIPTIS
2334 337 2392 393 8.
2432 336 2811 394 HIPPOLYTL
3184 352 3187 357 ‘
3676 339 3786 394 234

512 456 660 512 Hinc
703 455 952 511 nonnulli
991 455 1287 528 scriptores
1322 465 1537 528 propter
1579 457 1819 514 favorem
1867 460 2103 515 Alexan-
2130 465 2177 522 Α
2205 470 2290 515 eet
2318 459 2462 514 haud
2494 459 2813 529 simpliciter
2848 456 3228 513 allirmandum
3266 470 3389 512 esse
3424 463 3650 526 putem;
3681 456 3788 510 mi-

513 547 601 603 dri
625 548 970 619 imperatoris
993 563 1118 620 erga
1149 549 1489 605 Christianos
1519 550 1747 606 mallent
1776 553 2097 624 martyrium

516 638 579 695 S.
631 637 907 713 Hippolyti
959 642 1225 697 collocare
1273 642 1378 696 sub
1428 641 1724 697 Alexandri
1781 659 2098 701 successore

514 729 852 794 Maximino;
894 731 1035 786 inter
1064 732 1164 787 hos
1204 730 1509 788 Dodwellus
1551 731 1619 786 ad
1652 747 1855 787 annum
1888 733 1995 789 235
2027 734 2096 787 il-

511 820 622 877 lius
649 822 967 893 martyrium
1001 820 1163 876 refert
1202 821 1335 893 (65).
1371 821 1475 878 Sed
1505 823 1757 894 quamvis
1798 825 1902 881 sub
1926 824 2096 894 impe-

511 921 692 969 ratore
719 913 1014 967 Maximino
1040 913 1342 970 habeamus
1366 916 1800 985 persecutionem
1831 917 2095 974 adversus

509 1005 854 1061 Christianos
895 1007 1261 1061 truculentam
1288 1049 1302 1073 ,
1338 1022 1461 1077 quae
1497 1009 1771 1078 prmeipue
1812 1010 2093 1079 spectabat

508 1099 575 1152 ad
611 1113 801 1152 eorum
851 1098 1162 1162 antistites,
1201 1099 1384 1168 qualis
1421 1099 1585 1154 etiam
1625 1108 1849 1179 sanctus
1889 1113 2093 1174 martyr

505 1195 692 1243 noster
721 1188 856 1254 fuit,
887 1198 1266 1244 asseveranter
1293 1198 1472 1243 tamen
1515 1191 1836 1260 martyrium
1866 1189 1926 1245 S.
1960 1190 2091 1262 Hip-

504 1278 673 1350 polyti
696 1294 805 1332 non
837 1279 1102 1335 audemus
1124 1287 1366 1334 statuere
1400 1280 1502 1335 sub
1534 1280 1765 1350 imperio
1790 1279 2088 1349 Maximini,

502 1379 727 1441 propter
771 1370 1055 1441 epistolam
1090 1370 1295 1442 ipsius,
1332 1386 1456 1440 qua:
1500 1371 1567 1425 ad
1612 1372 1856 1441 reginam
1896 1389 2091 1443 quam-

502 1461 628 1515 dam
674 1461 873 1531 scripta
924 1471 1043 1525 est,
1089 1471 1144 1517 et
1182 1478 1247 1517 ex
1284 1477 1392 1531 qua
1432 1462 1805 1517 Theodoretus
1836 1462 1948 1532 (66)
1980 1463 2090 1519 fra-

503 1562 724 1624 gmenta
752 1555 957 1625 aliquot
1002 1555 1272 1624 allegavit.
1314 1553 1582 1610 Baronius
1615 1554 1728 1624 (67)
1755 1565 1908 1624 putat
1948 1544 2089 1612 hanc

502 1647 748 1717 reginam
797 1646 968 1702 fuisse
1020 1646 1337 1713 Mamaeam,
1394 1646 2086 1716 imperatoris'Alcxandri

500 1748 732 1795 matrem
756 1781 771 1806 ,
801 1754 923 1809 quae
944 1738 1274 1795 Christianis
1308 1747 1585 1809 utcunque
1612 1739 1846 1795 favebat.
1883 1738 2082 1797 Verum

503 1847 650 1886 anno
696 1832 901 1887 Christi
955 1831 1089 1887 1551
1136 1832 1191 1886 in
1255 1847 1386 1903 agro
1449 1831 1659 1887 Verane
1708 1844 1955 1902 repertus
2007 1843 2093 1889 est
2123 1835 2166 1889 Β

500 1922 695 1993 Cyclas
727 1923 1027 1988 Paschalis,
1060 1924 1115 1979 in
1144 1925 1302 1994 cujus
1331 1925 1497 1979 latere
1523 1926 1662 1979 inter
1690 1926 1826 1980 alias
1862 1924 1920 1980 S.
1955 1925 2086 1997 Hip-

498 2012 669 2083 polyti
709 2012 1116 2069 lucubrationes
1150 2012 1463 2068 Exhortatio
1492 2015 1562 2069 ad
1590 2014 1895 2070 Severinum
1920 2026 2084 2073 nota-

499 2113 608 2158 tur.
651 2102 805 2160 Unde
837 2104 1219 2162 Tillemontius
1255 2106 1367 2178 (68)
1411 2108 1743 2178 suspicatur,
1781 2108 1883 2165 hac
1921 2108 2085 2165 Seve-

499 2193 620 2248 rina
660 2194 890 2250 indicari
937 2194 1227 2264 Severam,
1278 2196 1511 2268 Philippi
1556 2199 1902 2268 imperatoris
1946 2215 2083 2255 uxo-

496 2300 649 2352 rem,
715 2302 838 2357 quae
905 2286 1216 2344 Christiana
1281 2287 1454 2344 fuisse
1509 2290 1855 2359 perhibetur,
1909 2300 1963 2347 et
2013 2292 2081 2347 ad

495 2392 658 2446 quam
680 2378 1034 2436 doctissimus
1056 2378 1319 2451 Origenes
1357 2383 1522 2437 etiam
1563 2382 1774 2439 litteras
1812 2382 1980 2439 dedit.
2021 2382 2078 2439 Si

496 2469 587 2524 illa
619 2468 952 2526 Tillemontii
987 2473 1230 2543 suspicio
1256 2488 1385 2529 vera
1425 2474 1524 2540 sit,
1560 2474 1705 2529 haud
1733 2474 1899 2530 dubie
1932 2491 2082 2530 mar-

493 2564 693 2633 tyrium
732 2562 791 2619 S.
826 2561 1101 2636 Hippolyti
1140 2582 1316 2637 usque
1351 2568 1418 2622 ad
1467 2584 1675 2624 annum
1705 2568 1910 2624 Christi
1947 2570 2075 2637 250,

489 2655 606 2710 sive
627 2654 695 2710 ad
718 2657 1153 2726 persecutionem
1181 2657 1325 2714 Decii
1351 2660 1697 2729 imperatoris
1718 2660 2076 2716 diﬂ‘erendum

487 2753 593 2801 est.
633 2744 717 2801 Ad
773 2748 916 2803 hanc
962 2750 1332 2819 suspicionem
1380 2753 1815 2808 confirmandam
1867 2755 2078 2810 accedit

489 2837 865 2893 testimonium
903 2839 961 2894 8.
997 2839 1308 2910 Epiphanii,
1358 2844 1451 2913 qui
1498 2845 1692 2900 haeresi
1727 2843 1817 2912 37,
1844 2845 1957 2899 sive
1984 2846 2073 2912 57,

487 2937 679 2984 contra
718 2927 1013 2986 Noetianos
1049 2931 1123 2986 ita
1168 2934 1357 2987 scribit
1389 2953 1403 2988 :
1445 2934 1575 2989 Post
1609 2935 1747 2989 hunc
1783 2935 1925 2989 alius
1956 2938 2076 3006 qui-

488 3019 618 3074 dam
642 3022 952 3091 hereticus,
988 3024 1189 3080 Nactus
1219 3030 1459 3093 nomine,
1484 3031 1722 3099 prodiit;
1743 3046 1907 3102 neque
1938 3032 2078 3085 mul-

490 3115 560 3168 tis
586 3112 776 3169 abhinc
804 3116 979 3182 annis,
1003 3118 1093 3171 sed
1124 3128 1246 3174 ante
1272 3120 1364 3174 has
1386 3131 1592 3176 centum
1618 3123 1726 3192 fere
1747 3140 1810 3177 ac
1834 3125 2071 3195 triginta,

2209 567 2313 607 nus
2350 560 2530 605 tamen
2562 549 2811 612 dilliteor,
2837 564 2960 619 quae
2993 547 3062 602 de
3093 547 3357 619 martyrio
3387 546 3507 616 ejus
3548 559 3787 600 narrari.-

2205 652 2314 708 tur,
2348 642 2607 713 pleraque
2625 656 2747 697 esse
2776 642 2983 696 incerta
3004 655 3070 695 ae
3097 639 3338 696 tenebris
3361 639 3622 695 involuta.

2276 773 2351 830 De
2395 771 2688 846 Hippolyto
2722 771 2941 843 quidem
2992 781 3229 844 martyre
3274 769 3532 826 nonnulla
3585 769 3789 827 cecinit

2202 860 2552 929 Prudentius,
2581 880 2735 933 quae,
2768 865 2811 917 si
2846 862 3129 934 Hippolyto
3160 863 3416 931 episcopo
3450 861 3622 930 aptari
3653 876 3787 931 pos-

2201 964 2342 1018 sent,
2369 957 2598 1009 certiora
2622 955 2772 1010 Actis
2804 962 3007 1009 essent.
3043 952 3296 1007 Nostrum
3330 951 3698 1022 Hippolytum,
3728 954 3786 1006 id

2198 1056 2317 1111 est,
2356 1047 2706 1116 episcopum,
2754 1047 2944 1099 invenit
2999 1045 3310 1099 Ruinartius
3347 1043 3460 1116 (71)
3496 1045 3549 1097 in
3586 1049 3785 1116 hymno

2199 1138 2481 1192 Prudentii
2522 1138 2660 1210 (72),
2696 1139 2780 1195 ait
2825 1138 3125 1208 Basnagius
3160 1137 3294 1208 (7'5).
3346 1136 3403 1192 Si
3454 1146 3656 1193 attente
3697 1148 3787 1193 ta-

2197 1248 2323 1286 men
2356 1230 2627 1286 Ruinartii
2660 1231 2928 1286 monitum
2953 1228 3312 1301 ianrudeutii
3350 1232 3592 1287 carmina
3617 1231 3785 1301 legis-

2197 1330 2312 1385 set,
2344 1320 2676 1377 contrarium
2704 1320 2773 1376 ab
2796 1336 2862 1375 eo
2894 1321 3032 1376 tradi
3066 1321 3381 1387 didicisset;
3412 1338 3537 1376 nam
3570 1320 3781 1393 Hippo-

2197 1412 2366 1483 lytum
2393 1427 2423 1467 a
2451 1411 2747 1467 Prudentio
2771 1412 3102 1467 celebratum
3135 1412 3203 1466 ab
3224 1412 3414 1475 altero,
3436 1413 3503 1467 de
3528 1428 3638 1483 quo
3664 1414 3782 1484 agi-

2195 1521 2355 1568 mus,
2402 1506 2670 1576 cujusque
2705 1506 2970 1576 opuscula
3006 1503 3273 1561 Eusebius
3309 1515 3364 1560 et
3411 1503 3782 1577 Hieronymus

2194 1608 2525 1663 memorant,
2551 1599 2994 1671 distinguendum
3018 1615 3139 1655 esse
3168 1600 3364 1654 ibidem
3390 1600 3615 1655 adnotat
3642 1598 3783 1654 Rui-

2194 1690 2442 1758 nartius;
2488 1690 2737 1760 quinimo
2773 1702 2882 1747 tres
2937 1689 3179 1760 ejusdem
3225 1689 3466 1745 nominis
3506 1700 3782 1761 martyres

2192 1782 2581 1838 discernendos
2604 1798 2745 1851 esse,
2775 1800 2914 1853 quos
2956 1799 2987 1837 a
3033 1782 3540 1855 Martyrologiorum
3578 1793 3781 1838 aucto-

2193 1874 2345 1930 ribus
2371 1874 2426 1928 in
2460 1890 2629 1929 unum
2659 1875 2923 1930 confusos
2948 1873 3115 1930 fuisse
3147 1874 3416 1930 Baromus
3444 1874 3644 1944 aliique
3669 1881 3783 1927 tra-

2190 1966 2468 2023 diderunt.
2498 1966 2564 2023 Et
2596 1983 2730 2024 sane
2762 1966 3082 2039 Hippolytus
3110 1984 3139 2023 a
3169 1967 3467 2022 Prudentio
3493 1968 3776 2032 laudatus,

2190 2058 2282 2128 qui
2321 2059 2375 2112 in
2411 2056 2578 2114 Portu
2623 2057 2871 2112 Romano
2901 2060 2966 2115 ad
3003 2057 3153 2115 Ostia
3192 2057 3482 2124 Tiberina,
3514 2068 3574 2115 ut
3608 2060 3780 2131 vulgo

2188 2150 2449 2218 creditur,
2476 2154 2801 2223 martyrium
2844 2151 3034 2217 subiit,
3063 2150 3313 2207 diversus
3350 2152 3575 2209 omnino
3604 2167 3633 2205 a
3679 2168 3782 2209 no-

2188 2252 2303 2301 stro
2348 2253 2451 2301 est.
2491 2245 2593 2299 Hie
2631 2245 2834 2314 quippe
2863 2245 3153 2316 cpiscopus
3185 2245 3407 2301 incertae
3463 2246 3630 2309 sedis,
3683 2247 3781 2303 ille

2186 2352 2315 2393 vero
2345 2335 2605 2391 Romanae
2634 2335 2887 2392 Ecclesia:
2910 2337 3208 2407 presbyter,
3238 2353 3301 2393 ac
3336 2335 3525 2392 Novazi
3554 2339 3779 2408 Opi'lio-

2187 2431 2349 2486 nibus
2395 2429 2693 2499 aliquando
2733 2429 3003 2494 addictus,
3035 2441 3091 2485 et
3119 2431 3367 2502 martyrii
3413 2440 3620 2486 tantum
3672 2446 3779 2486 co-

2185 2537 2319 2577 rona
2346 2522 2570 2587 clarus;
2606 2531 2791 2578 noster
2818 2537 2948 2578 vero
2988 2539 3095 2577 non
3133 2523 3311 2579 solum
3346 2526 3637 2597 martyrio,
3672 2525 3777 2581 sed

2183 2623 2239 2669 et
2274 2614 2585 2671 eruditione
2606 2623 2661 2669 et
2699 2615 2919 2685 scriptis
2954 2614 3362 2670 celeberrimus.
3404 2615 3493 2671 llle
3522 2616 3776 2684 demum,

2184 2704 2480 2761 Prudentio
2509 2715 2644 2762 teste
2664 2748 2680 2774 ,
2708 2706 3014 2762 furentibus
3044 2706 3199 2776 equis
3239 2716 3483 2778 raptatus
3523 2707 3727 2763 interiit
3755 2727 3774 2774 ;

2184 2804 2371 2851 noster
2399 2812 2558 2863 vero,
2605 2796 2651 2853 si
2696 2798 2830 2852 tidcs
2863 2796 3291 2868 Martyrologiis,
3322 2798 3374 2851 in
3417 2798 3629 2854 foveam
3673 2798 3776 2853 dcc

2184 2902 2398 2941 mersus
2435 2886 2711 2942 occubuit.

2255 3018 2631 3078 Theodoretus
2660 3022 2808 3079 hunc
2832 3032 3081 3078 sanctum
3105 3023 3383 3080 doctorem
3415 3023 3612 3078 fluente
3646 3024 3774 3078 ion-

2183 3112 2253 3167 tis
2289 3122 2588 3182 comparat,
2618 3107 2759 3169 dum.
2775 3114 2991 3185 dialogo
3025 3117 3081 3181 5,
3109 3118 3225 3171 sive
3251 3128 3399 3172 tomo
3433 3116 3494 3170 ιν
3522 3116 3769 3186 Opernm

487 3208 746 3264 nimirum
786 3209 1107 3280 priusquam
1154 3221 1377 3269 sanctus
1409 3213 1512 3269 hoc
1542 3228 1681 3284 opus
1721 3230 1881 3269 suum
1925 3230 2074 3271 com-
2102 3206 2147 3268 C
2180 3220 2408 3260 suorum
2440 3208 2636 3278 pagina
2662 3207 2762 3262 154
2788 3216 2844 3263 et
2869 3217 3157 3277 sequente,
3184 3210 3559 3265 testimonium
3589 3210 3776 3280 ipsius

485 3308 731 3366 poneret.
772 3299 843 3354 At
884 3298 941 3354 S.
967 3299 1308 3372 Epiphanius
1349 3304 1495 3359 circa
1543 3320 1747 3359 annum
1789 3306 1895 3361 575
1939 3307 2071 3361 illud

484 3402 623 3455 onus
652 3389 918 3447 adversus
947 3393 1184 3449 haereses
1213 3395 1575 3466 conscripsit,
1598 3397 1844 3468 adeoque
1867 3408 2071 3456 retror-

486 3493 609 3532 sum
660 3483 1001 3538 numeraudo
1037 3483 1259 3543 haeresis
1297 3485 1562 3542 Noetiana
1613 3489 1715 3543 sub
1746 3490 2071 3558 imperatore

484 3570 739 3644 Philippo
778 3586 967 3632 exorta
1005 3587 1122 3644 est,
1147 3588 1209 3633 ut
1241 3578 1623 3636 Tillemontius
1664 3580 1897 3637 allirmat
1930 3583 2065 3655 (69).

485 3665 625 3720 Cum
669 3666 853 3737 itaque
883 3669 941 3723 8.
975 3668 1294 3743 Hippolytus
1326 3672 1468 3729 hanc
1503 3672 1657 3729 Nocti
1697 3675 1949 3731 haeresim
1981 3692 2068 3731 re-

485 3766 673 3812 center
691 3771 937 3817 exortam
965 3763 1215 3819 videatur
1242 3766 1624 3837 impugnasse,
1650 3776 1709 3822 ut
1738 3770 1881 3838 apud
1907 3786 2069 3825 eum-

437 3850 606 3918 ,dem
651 3849 1057 3908 Tillemontium
1110 3856 1146 3910 l.
1186 3871 1237 3911 c.
1290 3858 1615 3925 ostenditur,
1652 3860 1705 3913 in
1746 3860 1849 3914 ista
1899 3861 2069 3933 hypo-

482 3942 627 3998 thesi
669 3945 990 4016 martyrium
1039 3947 1213 4017 ipsius
1262 3958 1389 4004 ante
1437 3952 1872 4020 persecutionem
1919 3952 2071 4009 Decii

482 4036 829 4106 imperatoris
855 4040 1108 4095 collocari
1155 4057 1263 4097 non
1307 4052 1501 4113 potest.
1537 4041 1662 4099 Haec
1700 4053 1879 4099 tamen
1912 4044 2068 4102 Tille-

480 4128 671 4185 montii
699 4144 1020 4200 argumenta
1051 4148 1160 4189 non
1185 4135 1413 4190 omnino
1441 4144 1589 4192 certa
1626 4147 1789 4205 sunt,
1817 4140 2068 4209 quando-

448 4240 455 4248 η
479 4221 697 4291 quidem
729 4223 797 4277 ab
826 4224 950 4280 aliis
979 4234 1265 4294 negantur.

548 4311 658 4369 Nec
682 4329 805 4384 quae
837 4316 905 4371 de
952 4318 1074 4373 loco
1119 4318 1369 4391 martyrii
1420 4319 1717 4389 adduntur,
1741 4338 1806 4378 ea
1854 4325 2067 4380 munita

479 4412 610 4458 sunt
651 4408 1008 4473 auctoritate,
1060 4421 1119 4466 ut
1155 4411 1225 4467 iis
1266 4414 1399 4469 tides
1449 4415 1639 4470 haberi
1687 4416 1899 4472 debeat.
1951 4418 2064 4475 lmo

477 4495 737 4563 quoniam
774 4496 1044 4556 Eusebius
1071 4511 1126 4557 et
1160 4501 1525 4576 Hieronymus
1551 4506 1620 4561 de
1658 4509 1922 4580 martyrio
1958 4510 2065 4566 hoc

478 4584 709 4652 sileant,
750 4588 1180 4662 ChristOphorus
1218 4594 1573 4655 lleumannus
1624 4598 1739 4670 (70)
1786 4602 2068 4658 existimat

477 4675 827 4749 Hippolytum
872 4679 1012 4737 falso
1054 4683 1123 4738 iis
1166 4688 1555 4753 annumerari,
1599 4690 1693 4759 qui
1742 4692 2066 4761 sanguinem

476 4786 638 4825 suum
678 4787 777 4842 pro
805 4788 973 4829 causa
1009 4775 1216 4831 Christi
1259 4777 1630 4847 profuderint,
1659 4795 1834 4850 eoque
1866 4784 2068 4839 verita-

476 4872 583 4918 tem
622 4865 902 4936 religionis
931 4867 1259 4925 Christiana:
1292 4872 1687 4928 continuarint.
1729 4872 1784 4928 Id
1817 4876 1964 4945 quod
1995 4877 2067 4932 li-

543 4998 959 5127 (ζϐὄέδῡοὼνευ,
985 5044 1001 5070 ,
1030 5002 1314 5061 Dissertat.
1349 5006 1722 5080 Cyprianicar.
1765 5025 1851 5077 xi,
1891 5009 1917 5083 ς
1959 5012 2060 5078 50,

510 5085 596 5127 82.
625 5085 717 5127 δῖ).

470 5086 1298 5219 ῗθῗάϐῗῦίῐὴθρρονει..ἀίδιος.
1343 5148 1380 5202 2
1431 5158 1487 5203 et
1526 5150 1600 5214 5,
1652 5151 1768 5207 sive
1813 5161 1948 5208 tom.
1992 5152 2064 5209 IV

471 5208 647 5284 om,
665 5228 788 5284 pag.
816 5214 886 5269 88
906 5225 960 5271 et
990 5216 1113 5272 155.
1247 5208 1255 5242 ἶ

541 5282 893 5356 (6ἶγὲᾇιθοιι.
919 5286 973 5341 in
995 5287 1289 5345 Annal-.ad
1319 5303 1449 5343 ann.
1484 5289 1621 5356 259,
1660 5307 1812 5345 num.
1846 5294 1931 5349 10.

568 5352 657 5433 ρξ)
695 5352 1013 5433 :I'_illem_ont_,
1050 5366 1181 5414 tom.
1210 5356 1279 5411 ιιι
1330 5352 1617 5426 Mancia,
1637 5378 1758 5433 pag.
1783 5363 1908 5419 243.

567 5421 657 5492 69)
695 5422 864 5492 idem,
891 5421 1115 5485 ibidem.

697 5491 1034 5576 gemmam,
1061 5499 1265 5576 laudat.
1299 5499 1608 5576 ῥίψει-121..
1644 5502 1681 5576 ᾗ
1704 5503 1792 5576 lg,
1817 5521 1939 5576 pag.
1972 5508 2056 5563 l5.

697 5561 973 5645 ﬁuinartq
992 5561 1121 5645 iter.
1143 5572 1276 5625 sinc.
1315 5571 1479 5645 MM,
1514 5561 1784 5645 pag.°l57.

543 5631 658 5711 (Β)
696 5631 960 5711 ἒτυάθηίι
983 5639 1126 5711 Περὶ
1155 5631 1494 5711 στεφάνωτέ,
1514 5631 1699 5700 ὀιιῖηι
1732 5662 1809 5701 XI.

542 5702 657 5776 (Ζξ)
695 5702 966 5776 ρῼεηθεθ,
994 5702 1217 5776 Αιὶηιιι.,
1247 5702 1336 5768 an.
1371 5702 1499 5774 222.
1535 5732 1687 5771 num.
1718 5716 1772 5772 8.

544 5773 655 5857 (74)
695 5772 800 5830 Ubi
840 5772 1032 5857 beatus
1083 5779 1171 5834 ille
1201 5772 1418 5857 ⁷81⁵101·υὸ
1455 5772 1540 5857 est
1584 5789 1962 5857 episcoporum
2007 5799 2059 5841 rt

472 5843 754 5902 doetorum
781 5886 795 5912 ,
824 5848 917 5917 qui
946 5854 1207 5921 tanquam
1259 5852 1546 5911 luminaria
1604 5843 1656 5913 i'n
1686 5843 1918 5914 mundo
1972 5875 2058 5913 rc-

2177 3307 2231 3351 ct
2260 3298 2493 3353 aliorum
2519 3306 2838 3355 sanctorum
2869 3299 3093 3357 Patrum
3119 3312 3309 3358 contra
3350 3303 3632 3359 haereticos
3661 3303 3775 3358 ad-

2176 3390 2327 3446 ducit
2357 3392 2463 3447 hoc
2488 3391 2652 3447 modo
2683 3410 2697 3447 :
2733 3390 2844 3447 Fac
2870 3395 3038 3465 igitur
3074 3403 3293 3464 pateant
3316 3411 3470 3450 aures
3492 3435 3509 3459 ,
3531 3404 3580 3449 ct
3602 3395 3775 3465 spiri-

2178 3483 2408 3537 tualium
2428 3485 2657 3555 fontium
2678 3487 2880 3557 ﬂuenta
2909 3489 3108 3557 accipe,
3137 3490 3311 3542 sancti
3337 3488 3541 3559 lgnatii
3568 3490 3771 3543 Antio-

2176 3577 2327 3633 cheni
2348 3586 2397 3632 et
2421 3578 2673 3648 martyris
2693 3592 2758 3632 ea:
2782 3578 3006 3647 epistola
3031 3578 3100 3632 ad
3127 3576 3536 3648 Smyrnenscs...
3567 3577 3771 3635 lrcnwi

2176 3668 2545 3743 Lugdunensis
2576 3671 2807 3740 episcopi
2843 3686 2908 3725 ea:
2948 3673 3103 3725 tertio
3135 3671 3272 3725 libro
3305 3671 3556 3727 adversus
3595 3672 3771 3729 lterc-

2173 3781 2326 3820 εει...
2360 3764 2534 3818 sancti
2570 3763 2848 3833 Hippolyti
2885 3764 3116 3833 episcopi
3153 3772 3203 3817 et
3254 3764 3508 3834 martyris
3547 3780 3614 3819 ea:
3651 3768 3769 3834 cpi-

2174 3856 2315 3913 stola
2345 3856 2415 3910 ad
2440 3856 2740 3926 quamdam
2767 3856 3024 3926 reginam.
3076 3856 3136 3911 8.
3171 3855 3628 3927 Chrysostontus,
3663 3873 3763 3914 seu

2173 3949 2355 4019 potius
2377 3947 2519 4003 alius
2549 3946 2809 4014 antiquus
2837 3954 3028 4001 auctor
3055 3946 3158 4001 sub
3180 3945 3301 4015 ejus
3326 3946 3569 4012 nomine,
3605 3948 3765 4002 attri-

2173 4038 2296 4094 buit
2319 4036 2378 4093 S.
2408 4036 2699 4108 Hippolyto
2726 4037 3005 4107 ingenium
3031 4037 3326 4099 eXcellens,
3359 4036 3765 4106 eloquentiam-

2172 4146 2280 4201 que
2325 4130 2747 4192 suavissimam,
2796 4143 2898 4184 nec
2934 4127 3147 4185 dubitat
3192 4143 3318 4184 eum
3360 4128 3612 4185 conferre
3634 4147 3765 4187 cum

2174 4222 2232 4277 S.
2264 4221 2473 4294 lguatio
2510 4220 2583 4276 Μ.
2606 4229 2660 4277 et
2691 4219 2749 4275 S.
2777 4219 3039 4293 Dionysio
3070 4221 3356 4278 Corinthio
3396 4223 3483 4279 vel
3525 4226 3764 4281 Alexan-

2171 4316 2332 4370 drino
2360 4315 2495 4387 (74).
2528 4313 2588 4370 S.
2612 4313 2938 4369 Anastasius
2979 4313 3164 4369 saeculi
3189 4330 3265 4368 vn
3293 4314 3578 4371 confessor
3598 4333 3762 4373 eum-

2171 4409 2295 4463 dem
2331 4410 2663 4464 condecorat
2689 4407 2846 4463 titulo
2878 4408 3061 4477 magui
3097 4415 3158 4462 et
3183 4407 3541 4463 sacratissimi
3569 4409 3764 4466 docto-

2171 4500 2269 4567 ris,
2301 4500 2458 4556 testis
2492 4499 2667 4555 tidelis
2698 4500 2942 4554 veritatis
2963 4539 2979 4564 ,
2999 4508 3163 4570 atque
3193 4500 3385 4570 organi
3419 4501 3594 4555 sancti
3634 4499 3762 4571 Spi.

2170 4593 2309 4648 ritus
2332 4580 2487 4664 ’(75).
2525 4590 2788 4648 Leontius
2824 4591 3158 4664 Byzantinus
3186 4601 3436 4648 sanetum
3475 4594 3758 4650 doctorem

2170 4694 2420 4741 nostrum
2450 4694 2697 4741 recenset
2740 4686 2884 4741 inter
2920 4684 3322 4742 illustrissimos
3361 4685 3620 4744 Ecclesiae
3650 4687 3758 4744 Pa-

2168 4785 2303 4843 tres,
2340 4778 2434 4848 qui
2462 4793 2493 4832 a
2526 4790 2656 4833 nato
2691 4775 2973 4833 Salvatore
3001 4777 3069 4831 ad
3097 4778 3386 4849 imperium
3409 4794 3586 4850 usque
3605 4779 3723 4836 Con

2168 4870 2393 4925 stantini
2424 4867 2494 4923 Μ.
2519 4868 2753 4925 ﬂoruere
2780 4868 2915 4939 (76).

2166 5006 2561 5082 splenduerunt
2591 5007 2817 5082 verbum
2847 5007 2968 5082 vitae
2995 5009 3333 5082 continentes
3354 5013 3443 5067 ἲ...
3474 5008 3579 5082 Ubi
3621 5009 3753 5082 Hip-

2165 5078 2861 5149 polytussuavissimusct
2897 5080 3490 5137 heuevolentissimus?
3523 5080 3623 5137 Ubi
3650 5078 3752 5138 Ba-

2165 5147 2324 5205 silius
2349 5147 2600 5273 Magnus,
2624 5157 2732 5205 etc.
2755 5148 3133 5221 Chrysostom.
3158 5160 3291 5205 tom.
3323 5150 3385 5205 Vl
3415 5150 3578 5224 0pp.,
3604 5163 3745 5210 orat.

2166 5220 2257 5275 5t.
2287 5235 2411 5275 naa.
2475 5218 2565 5273 80.
2588 5244 2600 5258 -

2241 5262 2257 5288 ,
2287 5236 2411 5288 pag.
2438 5236 2565 5273 seu.
2588 5244 2600 5258 -

2236 5235 2411 5361 (Ἱὲῗῧί
2438 5235 2760 5367 Egeriam
2788 5297 2843 5345 et
2870 5289 3280 5367 sacratissimus
3300 5291 3391 5349 hic
3419 5302 3483 5367 et
3513 5310 3749 5367 magnus

2164 5363 2377 5430 doctor,
2408 5361 2766 5430 veritatisque
2797 5361 2955 5417 testis
3002 5361 3182 5418 ﬁdelis
3229 5366 3574 5423 concorditer
3609 5361 3745 5421 cum

2165 5435 2289 5507 aliis
2318 5432 2577 5507 omnibus
2607 5433 2837 5507 sanctis
2865 5431 3147 5507 catholica:
3189 5433 3388 5507 Deiac
3432 5438 3749 5507 apostolica:

2165 5503 2603 5559 institutionibus
2628 5500 2910 5566 Ecclesiae,
2941 5504 3081 5559 duas
3100 5504 3402 5560 secundum
3442 5500 3752 5565 u'nitionem

2164 5574 2587 5647 inconfusamct
2607 5573 2959 5647 impatibilem
2987 5577 3453 5647 quemadmodum
3495 5587 3742 5645 naturas,

2164 5652 2235 5699 ita
2279 5645 2467 5718 etiam,
2497 5644 3044 5718 dirasuvoltuitatesi
3086 5687 3100 5701 .
3135 5685 3150 5702 .
3187 5686 3202 5701 .
3237 5648 3485 5718 confiteri
3510 5648 3684 5718 jubet.
3720 5644 3738 5701 ε

2163 5719 2417 5789 Anastas.
2439 5716 2512 5789 _in
2545 5713 2765 5789 Collect.
2795 5716 3202 5789 Sirmondiana,
3228 5725 3362 5789 tom.
3417 5713 3587 5789 lll,'p.
3613 5719 3750 5779 590..

2235 5786 2348 5856 (76)
2384 5806 2401 5838 ι
2438 5785 2799 5855 Temporibus
2848 5788 2955 5843 illis
2983 5803 3105 5857 quae
3131 5806 3160 5843 a
3202 5788 3404 5844 Christi
3457 5785 3743 5845 nativitate

2164 5873 2335 5929 usque
2361 5857 2426 5913 ad
2457 5859 2745 5926 imperium
2775 5860 3118 5916 Constantini
3154 5870 3537 5929 numerantur,
3567 5862 3740 5916 hide-
