4034 6386
285 350 393 405 285
1269 359 1358 415 DE
1397 360 1559 418 VITA
1597 360 1686 417 ET
1727 362 2036 420 SCRIPTIS
2075 363 2131 419 S.
2171 363 2552 420 HIPPOLY'H.
3434 369 3541 423 936

1644 538 2030 701 CAPUT
2104 609 2240 699 11.

1068 942 1174 1003 DE
1215 941 1565 1005 SCRIPTIS
1621 941 1992 1007 GENUINIS
2038 942 2318 1007 SANCTI
2377 944 2840 1012 HIPPOLYTL.

786 1277 1182 1335 ARTICULUS
1221 1280 1237 1334 l
1281 1281 1413 1351 (77).
1910 1302 1956 1358 Α
1987 1295 2075 1355 pta
2101 1303 2114 1352 ;
2147 1300 2271 1339 nam
2297 1293 2542 1355 apparet,
2567 1285 2673 1341 illis
2699 1285 2964 1341 absolutis
3005 1284 3341 1356 dogmaticos
3371 1288 3556 1357 apolo-

1991 1379 2301 1448 geticosque
2325 1377 2494 1433 libros
2521 1377 2739 1433 demum
2765 1377 2993 1433 laudari.

305 1449 380 1490 DE
408 1450 692 1491 CATALOGO
722 1452 995 1493 ιιΒιιοιιιικ
1023 1455 1072 1494 IN
1096 1456 1378 1495 HIPPOLYTI
1405 1457 1613 1496 STATUA
1637 1457 1887 1496 SCULPTO.

2065 1516 2388 1568 ΑΛΜΟΥΣ.
2436 1512 2578 1579 Quin
2619 1514 2701 1568 ha:
2751 1515 2941 1569 litteras
2983 1515 3092 1570 sint
3135 1515 3372 1584 reliquiae
3413 1515 3560 1567 vocis

384 1590 526 1644 Cum
555 1590 828 1664 Hippolyti
870 1593 1130 1648 librorum
1161 1595 1439 1664 catalogus
1463 1636 1478 1662 ,
1503 1597 1596 1666 qui
1627 1597 1680 1650 in
1717 1607 1893 1652 statua
1993 1603 2263 1674 ψαλμούς,
2301 1620 2410 1657 non
2444 1604 2667 1669 dubito,
2707 1604 2761 1657 in
2802 1619 2942 1673 quos
2995 1614 3240 1657 nostrum
3277 1604 3562 1672 scripsisse

307 1691 476 1738 ⁵⁸³(ίο
508 1683 728 1738 demum
759 1685 957 1740 επουίο
984 1687 1161 1756 Poma
1205 1686 1520 1756 ἀθείὲηδῑυδ
1562 1696 1665 1750 θεῖν
1699 1706 1892 1759 (Ιυειῐιὶ-
1996 1705 2223 1752 testatur
2249 1695 2626 1767 Hieronymus.
2659 1695 2843 1766 Itaque
2871 1695 3164 1766 respiciens
3189 1696 3251 1750 ad
3271 1695 3424 1750 lineae
3441 1711 3565 1766 spu-

309 1776 466 1840 dam,
498 1775 711 1831 etiamsi
742 1792 846 1832 non
872 1793 1145 1849 magnam,
1167 1779 1780 1846 habeatauctoritatem,
1802 1797 1896 1836 ne-
1998 1789 2136 1842 tium
2171 1789 2366 1844 litteris
2392 1789 2748 1858 implendum,
2773 1788 3056 1858 legendum
3090 1795 3220 1856 puto
3247 1785 3317 1839 τὰ
3337 1788 3415 1850 εἰς
3439 1780 3564 1849 τοῦς

307 1883 472 1924 cesse
503 1879 607 1934 est,
639 1878 700 1923 ut
724 1871 1038 1939 priusquam
1063 1873 1130 1925 de
1155 1872 1329 1925 nostri
1354 1873 1569 1940 scriptis
1594 1874 1898 1943 disquirere
1995 1881 2262 1953 ψαλμούς.

313 1961 670 2030 incipiamus,
719 1978 974 2018 mancum
1014 1973 1327 2020 contextum
1378 1965 1522 2021 illius
1549 1965 1781 2036 catalogi
1813 1981 1896 2020 re-

310 2014 616 2107 stituamus
643 2053 786 2125 (78).
1732 2014 1760 2036 υ

2070 2017 2618 2071 ΓΑΣΤΡΙΜΥΘΟΝ.
2653 2014 2894 2086 Scaliger
2933 2016 3218 2086 legendum
3256 2029 3378 2068 esse
3406 2015 3572 2082 ἐγγα-

2002 2108 2301 2181 στρίμυθον-
2321 2122 2462 2165 recte
2498 2110 2630 2163 vidit
2662 2108 2800 2179 (81).
2825 2107 2962 2162 Cum
2995 2107 3357 2178 Hieronymus
3385 2107 3438 2158 in
3477 2120 3570 2168 ea:

388 2187 449 2240 In
479 2197 717 2257 quatuor
744 2189 1018 2258 prioribus
1053 2189 1212 2245 lineis
1248 2190 1455 2246 litteras
1487 2191 1776 2247 nonnullas
1808 2191 1901 2246 de-
2001 2201 2182 2270 talogo
2231 2200 2402 2255 nostri
2451 2201 2716 2254 librorum
2770 2199 2953 2253 laudet
2983 2199 3180 2253 librum
3219 2199 3285 2251 de
3318 2196 3484 2251 Saulo
3519 2189 3572 2250 et

317 2279 482 2336 tritas
511 2296 631 2335 esse
665 2282 798 2336 satis
838 2291 1082 2350 apparet.
1116 2280 1188 2335 Ita
1238 2282 1291 2336 in
1322 2284 1496 2353 prima
1530 2284 1673 2337 linea
1705 2283 1904 2354 legitur
2001 2290 2351 2362 Pythonissa,
2386 2289 2696 2360 Stephanus
2721 2289 2873 2359 justo
2918 2289 3040 2358 jure
3085 2288 3382 2352 contendit,
3415 2285 3571 2340 libel-

319 2373 507 2426 ῘΟΥΣ·
544 2372 788 2443 scaliger
820 2372 933 2443 (79}
965 2375 1079 2428 Vllll
1123 2375 1458 2429 haSlillePaS
1484 2390 1607 2430 esse
1639 2375 1903 2442 reliQuias
2007 2384 2118 2438 lum
2154 2383 2258 2436 hoc
2301 2382 2463 2436 titulo
2499 2381 2821 2450 inscriptum
2867 2391 3141 2449 spectasse
3175 2378 3242 2432 ad
3283 2376 3576 2447 Pythonis—

318 2466 477 2521 verhi
506 2464 775 2536 ψαλμούς,
801 2466 945 2535 quod
991 2466 1428 2536 conjungendum
1456 2467 1525 2521 sit
1553 2483 1676 2522 cum
1709 2467 1905 2522 litteris

2025 2492 2124 2531 iam
2153 2477 2322 2540 illam,
2353 2490 2475 2544 qua:
2502 2475 2652 2529 Sauli
2684 2475 2827 2544 regis
2853 2475 3007 2543 jussu
3043 2472 3312 2527 Samuelis
3339 2471 3578 2525 animam

325 2561 380 2614 in
417 2561 667 2630 sequenti
707 2561 850 2615 linea
896 2561 1049 2615 lectis
1077 2561 1270 2626 NIAX;
1310 2561 1470 2615 ΝΙΑΣ
1499 2561 1692 2615 litteris
1721 2571 1902 2615 autem
2009 2584 2072 2624 ex
2104 2568 2245 2624 Orco
2271 2581 2530 2622 evocasse
2555 2574 2811 2620 narratur
2838 2563 2858 2617 l
2897 2563 3048 2619 Sam.
3079 2579 3199 2634 cap.
3225 2563 3314 2616 ‘28.

320 2653 680 2708 commutatis
724 2652 780 2706 in
826 2652 1032 2705 ΝΟΙΑΣ
1059 2661 1210 2721 putat
1248 2652 1466 2707 ultimas
1500 2653 1599 2707 has
1644 2668 1767 2708 esse
1800 2653 1908 2723 syl-
1939 2651 1981 2706 Β

323 2743 481 2799 labas
511 2743 664 2798 verbi
697 2743 1004 2814 μετανοίας,
1040 2743 1114 2797 ita
1151 2753 1211 2797 ut
1255 2743 1585 2814 intelligendi
1625 2744 1736 2799 sint
1769 2743 1910 2813 ψαλ-

331 2836 427 2907 μοὶ
457 2835 744 2906 μετανοίας
779 2837 997 2906 (psalmi
1046 2836 1487 2906 pmnitentiales).
1517 2838 1690 2904 Quam
1723 2837 1908 2906 conje-

327 2939 571 2996 cturam,
596 2946 719 3000 quae
751 2930 1093 3000 gravissimis
1129 2930 1312 2985 causis
1350 2930 1585 2985 refutata
1612 2938 1696 2984 est
1721 2946 1750 2984 a
1785 2928 1912 2982 Ste-

327 3023 517 3092 phano
567 3022 809 3094 Moynio,
862 3021 1085 3077 omnino
1114 3019 1308 3076 falsam
1363 3036 1502 3086 esse,
1537 3022 1660 3076 inde
1696 3036 1915 3091 quoque

327 3115 534 3180 elucet,
567 3113 714 3183 quod
757 3122 811 3168 et
855 3113 910 3167 in
945 3113 1193 3183 sequenti
1241 3112 1398 3168 tertia
1430 3113 1572 3167 linea
1625 3111 1916 3167 adnotatu’s

329 3214 418 3262 est
451 3205 624 3260 nostri
673 3205 726 3259 in
759 3205 1000 3275 psalmos
1047 3204 1506 3271 commentarius,
1541 3211 1595 3258 et
1633 3202 1917 3276 μετανοίας

329 3298 586 3361 verbum,
619 3312 744 3352 cum
776 3312 965 3350 novem
994 3305 1206 3351 tantum
1237 3297 1446 3351 litteras
1475 3294 1773 3359 contineat,
1809 3309 1918 3348 non

334 3397 510 3443 totam
547 3387 850 3456 explevisse
870 3387 1068 3440 lineam
1092 3386 1326 3441 videtur.
1350 3383 1406 3439 In
1437 3400 1655 3455 quaque
1681 3385 1825 3438 enim
1864 3385 1923 3438 li-

331 3494 438 3532 nea
462 3478 656 3533 litteris
681 3477 899 3547 impleta
929 3477 1199 3532 sexdecim
1221 3475 1336 3531 fere
1357 3477 1712 3531 inveniuntur
1731 3476 1924 3529 litterte

333 3570 474 3641 (80).
513 3569 826 3638 Stephanus
878 3572 993 3638 ipse
1027 3569 1295 3639 conjecit,
1343 3568 1627 3638 legendum
1674 3581 1796 3621 esse
1844 3567 1923 3628 el;

335 3661 798 3740 πρωτοπλάοτους
827 3662 1070 3736 καὶπερὶ
1099 3659 1456 3732 κοσμογονίας
1486 3660 1570 3713 vel
1609 3657 1920 3727 ζωογονίας.

333 3755 471 3822 Quae
485 3755 800 3824 conjectura
824 3771 931 3810 non
950 3754 1100 3809 omni
1116 3753 1588 3810 verisimilitudine
1602 3760 1780 3815 caret;
1800 3765 1926 3803 nam

335 3856 560 3908 constat
587 3856 840 3904 nostrum
887 3847 1173 3916 scripsisse
1213 3847 1265 3899 in
1296 3845 1670 3899 Hexaemeron
1701 3852 1755 3897 et
1781 3842 1832 3895 in
1863 3856 1925 3895 ea

338 3956 466 4011 quae
513 3950 636 4010 post
677 3937 1094 4005 Hexaemeron;
1144 3938 1391 3992 omittam
1442 3945 1625 3990 autem
1675 3941 1926 4002 respectu

340 4033 532 4088 habito
567 4032 636 4087 ad
666 4031 970 4086 litterarum
1009 4044 1298 4084 numerum
1332 4028 1425 4082 καί
1452 4026 1796 4097 particulam.
1824 4023 1926 4077 Mi-

336 4139 466 4178 rum
511 4131 692 4178 tamen
741 4137 828 4178 me
873 4120 1066 4182 habet,
1094 4121 1238 4190 quod
1280 4135 1387 4174 non
1437 4119 1553 4172 vice
1588 4131 1748 4172 versa
1782 4115 1921 4170 scri-

340 4226 498 4287 ptum
533 4215 604 4271 sit
630 4213 759 4287 περὶ
791 4209 1172 4283 κοσμογονίας,
1203 4212 1283 4272 εἰς
1309 4208 1789 4282 πρωτοπλάστους.
1818 4206 1927 4260 Dif-

340 4306 487 4361 ﬁcile
525 4313 632 4370 est,
680 4319 802 4360 cum
848 4312 926 4358 tot
965 4310 1183 4357 exstent
1225 4300 1494 4371 Hippolyti
1531 4300 1674 4365 libri,
1703 4307 1758 4353 et
1781 4297 1926 4353 scul-

343 4407 471 4467 ptor
517 4397 674 4450 libris
723 4396 990 4450 tribueret
1031 4394 1217 4449 titulos
1253 4395 1521 4448 obscuros
1556 4404 1718 4460 atque
1753 4403 1926 4443 novos
1981 4449 1988 4456 _

347 4491 421 4561 (e.
454 4505 504 4544 c.
534 4487 1015 4560 ὲγγαστρίμυθον),
1051 4487 1186 4543 satis
1214 4487 1500 4556 perspicue
1521 4485 1922 4546 demonstrare,

347 4582 445 4651 qui
488 4581 615 4636 libri
642 4580 976 4650 intelligendi
1020 4579 1149 4636 sint.
1186 4577 1370 4648 Itaque
1401 4593 1515 4632 rem
1560 4578 1615 4630 in
1659 4587 1930 4643 suspenso

349 4675 636 4745 relinquo;
672 4675 776 4730 hoc
818 4689 987 4728 unum
1043 4681 1254 4728 tantum
1302 4670 1637 4726 contendens
1660 4710 1674 4735 ,
1705 4669 1812 4722 illis
1844 4667 1935 4720 lit-

349 4766 489 4824 teris
529 4765 867 4838 signiticatos
896 4763 1488 4825 esse.com1nentarios
1519 4763 1756 4834 in.sacra
1783 4760 1934 4816 Scri-

350 5073 542 5120 ctores
564 5068 617 5114 et
641 5057 832 5113 Patres
854 5055 1214 5109 exstiterunt:
1252 5049 1494 5119 lgnatius
1517 5048 1606 5101 ille
1646 5045 1688 5099 T
1699 5045 1938 5120 11001)ᾓο-

357 5116 476 5194 ius.
504 5132 765 5192 Irenaaus,
801 5125 1049 5181 Justinus
1084 5116 1444 5194 philosophus
1464 5128 1518 5194 et
1544 5129 1778 5194 martyr_,
1809 5116 1933 5194 Cle-

356 5185 517 5259 mens
545 5211 600 5256 et
631 5185 951 5268 Hippolytus
983 5185 1224 5268 episcOpi
1256 5185 1512 5255 Romani,
1537 5207 1556 5242 ο
1594 5185 1701 5243 etc.
1743 5185 1936 5241 Leont.

357 5274 588 5345 Byzant.
617 5264 857 5338 Πρᾶξεὶ,
888 5281 1012 5336 pag.
1040 5264 1165 5319 450.

434 5382 549 5454 (77)
581 5380 888 5454 Articulum
927 5378 1082 5454 hunc
1107 5369 1646 5454 primumnadt'limus
1674 5382 1738 5454 ex
1787 5379 1940 5454 com:

364 5438 704 5508 meinatione
751 5438 1232 5505 liistorico—criliea
1259 5444 1327 5497 de
1360 5440 1418 5495 S.
1450 5438 1721 5508 Hippolyti
1741 5438 1944 5508 ivitaet

2080 2731 2236 2798 Πρὸς
2267 2728 2644 2797 Σεϐηρεῖναν.
2689 2723 2946 2794 Stephan.
2985 2723 3217 2793 conjecit
3263 2723 3579 2775 ΣΕΒΗΡΑΝ

2013 2825 2126 2889 ΑΥ,
2157 2834 2319 2893 atque
2354 2832 2506 2893 putat
2533 2822 2745 2876 Severa:
2773 2817 3006 2888 Philippi
3031 2817 3226 2871 Arabis
3259 2815 3412 2870 uxori
3443 2815 3584 2869 hanc

2014 2916 2301 2986 epistolam
2339 2917 2520 2968 datam
2543 2927 2683 2968 esse.

2098 3051 2276 3109 Ὠιδαὶ
2310 3054 2398 3118 εὶς
2427 3051 2629 3116 πάσας
2658 3049 2906 3120 γραφάς.
2942 3047 3136 3102 Mirum
3167 3048 3400 3112 videtur,
3442 3047 3588 3116 quod

2019 3152 2206 3199 noster
2238 3143 2438 3197 dicitur
2475 3141 2542 3197 de
2579 3151 2690 3196 tota
2729 3158 2883 3197 sacra
2916 3141 3196 3211 Scriptura
3241 3142 3324 3196 vel
3353 3141 3420 3195 de
3446 3156 3588 3210 quo-

2021 3250 2128 3305 que
2159 3235 2281 3306 ejus
2323 3235 2466 3291 libro
2513 3234 2767 3289 homilias
2810 3233 3089 3291 habuisse.
3126 3233 3315 3303 itaque
3357 3233 3593 3303 conjecit

2024 3327 2332 3398 Stephanus
2364 3325 2478 3398 (82)
2513 3325 2648 3397 ᾠδαὶ
2690 3327 2771 3388 εἰς
2812 3326 2993 3389 πάσας
3038 3325 3294 3397 αἱρέσεις.
3324 3322 3480 3389 Quod
3511 3324 3591 3377 vi-

2025 3432 2240 3494 tnperat
2267 3423 2409 3478 Cave
2439 3421 2552 3493 (83)
2581 3431 2779 3492 putans
2822 3423 2926 3478 ista
2965 3422 3178 3476 ratione
3209 3422 3475 3491 quadrata
3505 3435 3595 3474 ro-

2025 3517 2209 3573 tundis
2236 3516 2530 3588 permutari
2562 3515 2814 3570 facillime
2839 3528 3017 3585 posse.
3044 3510 3239 3584 Negari
3271 3521 3453 3567 tamen
3482 3527 3596 3566 non

2026 3620 2226 3682 potest,
2256 3609 2666 3666 similitudinem
2713 3623 2835 3663 csse
2881 3608 3022 3662 inter
3057 3606 3264 3660 litteras
3309 3605 3598 3674 utriusque

2028 3704 2176 3763 verb'i
2221 3713 2448 3769 tantam,
2481 3713 2539 3757 ut
2567 3701 2659 3770 qui
2689 3702 2899 3772 primus
2940 3699 3108 3754 edidit
3145 3698 3471 3766 catalogum,
3506 3697 3598 3750 lit-

2033 3795 2163 3850 teris
2195 3794 2250 3849 in
2288 3803 2468 3850 statua
2500 3794 2733 3857 detritis,
2775 3806 2963 3847 errore
3004 3791 3262 3860 deceptus
3311 3790 3401 3844 illa
3435 3789 3600 3842 verba

2030 3887 2190 3943 facile
2218 3896 2559 3942 commutare
2596 3893 2797 3955 posset.
2837 3883 2940 3938 Pro
2980 3883 3124 3954 ᾠδὰς
3164 3884 3243 3946 εὶς
3276 3882 3452 3950 legere
3486 3882 3602 3941 vult

1955 3979 2178 4046 cidem
2228 3977 2537 4048 Stephanus
2585 3977 2741 4048 πρός,
2795 3976 2867 4031 ita
2920 3984 2979 4029 ut
3031 3984 3176 4029 totus
3216 3981 3373 4028 sonet
3413 3972 3599 4025 titulus

2035 4069 2170 4142 πρὸς
2204 4069 2384 4132 πάσας
2417 4066 2516 4131 τὰς
2558 4066 2817 4138 αἱρέσεις.
2856 4064 3012 4133 Quod
3057 4065 3276 4134 quidem
3309 4060 3601 4131 sagacissi-

2037 4151 2225 4226 n-um;
2273 4160 2377 4228 ipsi
2423 4167 2602 4212 tamen
2637 4172 2748 4211 rem
2799 4157 2854 4210 in
2907 4170 3174 4224 suspenso
3217 4152 3601 4222 relinquimus,

2033 4269 2160 4308 cum
2195 4251 2352 4306 nobis
2391 4266 2499 4304 non
2531 4249 2691 4304 liceat
2722 4257 2954 4303 statuam
3001 4247 3174 4316 ipsam
3208 4253 3260 4300 et
3296 4243 3602 4315 catalogum

2035 4345 2088 4399 in
2118 4359 2182 4400 ea
2208 4344 2549 4414 designatum
2580 4340 2866 4411 inspicere.

2112 4478 2185 4536 Ut
2209 4478 2368 4548 plane
2407 4490 2664 4532 mancum
2707 4483 2872 4544 atque
2903 4481 3222 4541 corruptum
3251 4485 3372 4526 esse
3401 4468 3608 4523 catalo-

2040 4587 2168 4647 gum
2203 4571 2257 4625 in
2295 4578 2474 4625 statua
2519 4568 2863 4638 designatum
2899 4565 3294 4634 intelligamus,
3321 4577 3446 4618 eum
3473 4575 3608 4616 con-

2039 4667 2184 4720 ferre
2226 4663 2404 4734 placet
2451 4676 2577 4718 cum
2626 4659 2891 4730 catalogis
2930 4658 3102 4712 nostri
3131 4656 3415 4720 librorum,
3445 4667 3608 4723 quem

2041 4755 2351 4813 invenimus
2376 4755 2518 4824 apud
2544 4751 2839 4808 Eusebium
2873 4760 2926 4807 et
2953 4749 3361 4820 Hieronymum.

2049 5048 2156 5100 vol.
2195 5047 2234 5111 l,
2264 5047 2316 5100 in
2351 5046 2461 5100 tab.
2499 5061 2560 5111 11,
2600 5061 2662 5112 a,
2698 5053 2824 5115 post
2874 5059 2928 5115 p.
2964 5042 3055 5113 '56)
3079 5087 3092 5110 ,
3124 5039 3397 5112 (ζει-6.(οε
3432 5041 3611 5109 script.

2046 5119 2199 5182 cccl.,
2236 5119 2340 5172 vol.
2368 5119 2409 5182 Ι,
2444 5134 2496 5186 p.
2522 5116 2668 5186 104).

2046 5297 2081 5352 p
2118 5210 2230 5352 (ἐξ)
2267 5207 2325 5264 In
2353 5223 2618 5264 canonem
2653 5209 2841 5278 pasch.
2877 5205 3035 5276 Hipp.
3056 5202 3215 5274 (apud
3241 5200 3546 5266 Fahr.,vol.
3575 5197 3617 5267 Ι,

2121 5373 2233 5443 (80)
2247 5372 2406 5429 Conl‘.
2425 5381 2661 5427 statuam
2675 5370 2951 5439 designata
2960 5383 3008 5420 ιιι
3026 5365 3161 5434 apud
3182 5379 3281 5421 nos
3312 5364 3477 5422 intra.

2127 5467 2238 5532 (8i)
2277 5465 2429 5535 Apud
2465 5463 2678 5518 Fabric.
2713 5463 2820 5514 vol.
2845 5463 2887 5527 l.,
2917 5477 2968 5530 p.
3003 5458 3092 5512 8|.

366 5506 617 5603 esse“?!
643 5536 808 5603 quas“
853 5533 998 5603 eam:
1042 5506 1950 5603 4§3_3_.GP}H"€.£E€‘“3£E51ml“

371 5576 708 5654 Ciuilielmu's,
724 5589 950 5652 Haenel,
977 5583 1394 5642 Luchoviensis.
1413 5576 1587 5633 'Enn'.
1617 5576 1791 5632 Pun.

446 5684 564 5755 (78)
594 5682 915 5755 Catalogum
941 5671 1666 5755 exscripseru'ntﬁ'rutcrus‘
1690 5665 1954 5755 (Thestiu-

277 5801 294 5825 ,
382 5734 922 5824 ruilii’tscriptio‘r’mnt
946 5793 958 5817 ,
990 5764 1043 5818 p.
1087 5734 1242 5811 illi),
1280 5741 1560 5815 Fabricius
1605 5734 1758 5813 (Opp.
1794 5734 1951 5804 Hipp.

2128 5556 2237 5626 (se)
2263 5554 2324 5608 1..
2365 5555 2425 5620 1.,
2462 5569 2514 5622 p.
2545 5552 2700 5606 1088.

2132 5652 2242 5723 (85)
2278 5650 2338 5704 L.
2376 5651 2436 5715 l.,
2470 5657 2597 5705 tum.
2633 5646 2673 5712 l,
2703 5663 2754 5718 p.
2796 5645 2914 5704 103.
