4034 6382
473 342 582 400 987

1589 456 1833 528 Catalog.
1861 463 2004 528 apud
2036 456 2230 514 Euseb.

1269 529 1449 582 ΙΟΥΣ

1267 601 1446 653 ΝΙΑΣ

1589 527 1645 581 In
1673 527 2064 584 Hexaemeron.

473 668 534 726 In
565 671 835 727 Psalmos.
1661 677 1744 723 tra

476 742 554 814 pe
582 742 932 814 Pythonissa.

475 811 551 866 De
579 806 874 882 biangelio
910 809 1216 866 secundum
1247 806 1515 864 Joannem

545 893 600 937 et
629 882 977 953 Apocalypsi.

473 952 550 1025 De
578 952 1014 1025 Charismatibus
1047 952 1182 1025 (84).

472 1023 785 1090 Apostolica
813 1022 1057 1078 traditio.

469 1093 784 1148 C‘hronicon
808 1093 943 1161 (85).

472 1163 672 1217 Contra
703 1159 919 1218 Graecos
945 1170 1001 1217 et
1027 1162 1084 1216 in
1115 1161 1397 1217 Platonem
1426 1159 1511 1215 vel

541 1235 706 1287 etiam
735 1232 804 1288 de
826 1233 997 1287 omni.

472 1299 892 1359 Eshortatorius
918 1303 984 1357 ad
1013 1301 1351 1357 Severinum.

1453 340 1543 396 DE
1589 339 1747 396 VITA
1783 339 1873 395 ET
1910 337 2224 396 SCRIPTIS
2259 337 2324 395 S.
2358 335 2741 393 HIPPOLYTI.

1587 597 1646 651 lu
1675 615 1739 653 ea
1764 615 1887 723 qua:
1919 607 2042 680 post
2073 595 2445 656 Hexaemeron
2476 597 2621 665 (con-

1661 677 1744 723 tra
1799 669 2152 723 lareroneml.

1799 669 2152 739 larcionem).

1585 1086 1661 1144 De
1688 1086 1900 1144 Pascha
1931 1087 2048 1158 (lib.
2075 1086 2138 1160 ι).

3625 323 3734 380 983

2701 454 2854 524 Apud
2887 452 2938 507 11
2943 455 3191 522 ieronym.

2700 521 2759 577 In
2794 521 3184 578 Hexaemeron.

2701 593 2923 660 (Contra
2952 593 2997 646 Μ
3005 589 3324 662 arcionem).

2702 663 2777 716 De
2801 662 3051 718 Psalmis.

2700 732 2778 814 ρο
2804 732 3051 814 Saulo_et
3068 729 3410 814 Pythonissa.

2699 801 2777 860 De
2797 801 3142 875 Apocalypsi.

2699 1082 3029 1156 Temporum
3059 1096 3318 1140 canones.

471 1371 878 1428 Demonstratio
925 1383 1230 1443 temporum
1289 1371 1511 1428 Pascha:
1579 1366 1897 1443 DePascba
1931 1369 2052 1438 (lib.
2085 1367 2146 1440 ιι)
2188 1383 2364 1424 canon
2390 1369 2621 1440 pascha-
2695 1366 2770 1422 De
2792 1364 3026 1434 Pascha,
3048 1379 3223 1423 cauea
3249 1361 3539 1434 ρειεςὶιειιῑε.

542 1444 1000 1510 quemadmodum
1036 1439 1091 1497 in
1127 1443 1329 1497 tabula.
1604 1509 1609 1510 ί
1653 1439 1745 1510 lis.

469 1507 600 1569 Odia
637 1514 691 1568 in
735 1529 927 1569 omnes
967 1513 1277 1583 Scripturas
1302 1512 1516 1584 (adver—
1585 1509 1864 1566 Adversus
1893 1522 2084 1563 omnes
2115 1507 2372 1566 haereses.

545 1599 640 1638 sus
666 1597 860 1640 omnes
894 1585 1173 1652 haereses).

470 1652 549 1709 De
581 1652 689 1708 Deo
712 1664 766 1708 et
786 1654 968 1710 carnis
987 1652 1406 1715 resurrectione.

469 1723 549 1780 De
576 1724 720 1780 bono
746 1734 800 1780 et
828 1723 972 1780 unde
992 1724 1219 1788 malum.

1584 1789 1642 1844 ln
1673 1787 1961 1845 Canticum
1995 1796 2141 1843 cant.

2692 1507 2969 1562 Adversus
3001 1521 3194 1563 omnes
3217 1505 3470 1561 luet-eses.

2693 1646 2770 1703 De
2802 1647 3222 1704 resurrectione.

2693 1786 2750 1843 In
2781 1786 2991 1844 Cantic.
3017 1788 3215 1844 cantic.

1584 1860 1639 1918 In
1696 1869 1904 1932 partem
1966 1858 2260 1932 quamdam
2319 1857 2622 1918 Ezechielis

1649 1931 1948 2006 prophetae.

990 2611 1398 2671 iARTlCULUS
1433 2614 1496 2670 11.

469 2719 518 2758 ε.
558 2719 836 2760 HIPPOLYTI
886 2721 1040 2760 LIBER
1093 2721 1181 2762 CCI
1231 2724 1463 2764 τιτιτιιῖε
1506 2725 1519 2762 τ
1567 2725 1586 2757 ι
1632 2717 2046 2762 υειοκετιιλτιο

790 2793 858 2830 DE
893 2793 1122 2834 CIIH’ISTO
1160 2794 1228 2832 ΕΤ
1265 2792 1642 2834 ANTICHRISTO.
1691 2796 1710 2829 ι

540 2887 782 2942 Plurima
841 2889 1058 2959 scripsit
1081 2889 1445 2961 (Hippolytus,
1488 2889 1746 2954 Eusebio,
1783 2885 2046 2958 Hierony-

468 2998 582 3046 mo,
609 2981 809 3037 Photio
838 2983 1066 3053 aliisque
1097 2994 1418 3038 memorata.
1453 2983 1709 3049 Quzedam
1747 2996 1935 3035 eorum
1977 2980 2046 3036 ad

466 3091 568 3130 nos
618 3083 1013 3145 pervenerunt;
1062 3076 1356 3146 'plcrisque
1407 3083 1588 3129 autem
1640 3089 1738 3143 per
1787 3071 2042 3141 injuriam

464 3176 771 3237 temporum
809 3183 953 3223 nunc
993 3183 1286 3234 caremus;
1343 3177 1439 3223 aut
1484 3165 1792 3238 fragmenta
1832 3172 2043 3219 tantum

464 3265 780 3328 supersunt,
807 3275 929 3329 qua:
960 3275 1086 3316 cum
1134 3259 1188 3316 in
1227 3259 1388 3314 editis
1425 3257 1601 3324 libris,
1637 3265 1753 3311 tum
1801 3255 1855 3310 in
1895 3255 2046 3311 codi-

462 3351 620 3407 cibus
688 3353 1081 3422 manuscriptis
1133 3352 1422 3410 habentur.
1474 3350 1614 3409 Sunt
1645 3365 1865 3421 quoque
1908 3365 2044 3404 non-

462 3441 637 3502 nulla,
671 3457 792 3511 quae
819 3440 1089 3513 Hippolyti
1123 3441 1347 3510 quidem
1377 3455 1575 3495 nomen
1605 3455 1716 3510 prae
1738 3457 1796 3495 se
1829 3439 2039 3507 ferunt;

463 3534 682 3589 illorum
716 3545 895 3589 autem
922 3551 984 3589 ea
1016 3543 1100 3588 est
1131 3534 1291 3598 ratio,
1320 3543 1379 3588 ut
1423 3543 1567 3589 recte
1594 3534 1794 3588 eruditi
1829 3535 1928 3588 viri
1948 3534 2040 3601 ju-

463 3626 787 3693 dicavcrint,
813 3627 915 3682 ista
943 3627 1126 3682 minus
1150 3627 1454 3696 composita
1475 3642 1595 3682 esse
1622 3629 1690 3681 ab
1718 3626 2004 3698 Hippolyto
2023 3669 2039 3692 ,

462 3719 560 3776 sed
595 3719 648 3772 in
679 3718 837 3774 libris
869 3719 1052 3774 dubiis
1084 3735 1148 3774 ac
1182 3720 1480 3790 suppositis
1510 3720 1789 3774 numerari
1821 3721 2037 3776 debere.

427 3869 430 3871 Α
535 3809 603 3866 Et
644 3811 880 3881 primum
914 3811 1132 3882 quidem
1177 3812 1356 3873 locum
1423 3811 1566 3871 inter
1605 3827 1771 3882 opera
1831 3812 2041 3882 integra

450 3911 563 3958 neu
591 3903 856 3974 ampliora
889 3901 947 3958 S.
982 3901 1258 3976 Hippolyti
1303 3903 1514 3962 obtinet
1546 3902 1940 3958 Demonstratio
1977 3904 2040 3960 de

379 4042 390 4049 .
464 3994 678 4051 Christo
729 4006 782 4052 et
825 3995 1174 4061 Amic/triste,
1219 3995 1377 4065 cujus
1429 3995 1726 4050 meminere
1775 3993 2042 4068 Hierony-

462 4103 608 4157 mus,
642 4089 887 4147 Andreas
933 4088 1309 4155 Caesariensis,
1354 4087 1660 4144 Germanus
1707 4087 1836 4156 CP.,
1871 4088 2041 4144 Joan-

460 4171 563 4238 nes
602 4181 991 4247 Damascenus,
1023 4193 1078 4254 ct
1108 4179 1379 4250 Photius;
1415 4196 1717 4251 eorumque
1753 4183 1868 4236 loca
1906 4181 2042 4236 infe.

462 4274 580 4329 rius
621 4273 761 4330 inter
803 4284 1046 4331 veterum
1085 4276 1401 4332 testimonia
1445 4275 1664 4344 scriptis
1709 4273 2040 4346 Hippolyteis

460 4365 726 4435 praemisit
747 4363 811 4420 C.
836 4364 900 4422 Ἰ.
935 4366 1251 4424 Gallandius
1279 4367 1427 4438 (86);
1462 4377 1520 4422 ut
1541 4377 1824 4438 pr0pterea
1853 4368 2039 4424 mirari

461 4457 658 4512 subeat
713 4455 967 4528 Basnagii
1030 4459 1460 4522 conﬁdentiam.
1529 4460 1624 4530 qui
1683 4461 2036 4530 antiquorum

461 4545 793 4615 scriptorum
848 4547 954 4602 ﬁde
1011 4549 1344 4617 posthabita,
1398 4551 1642 4606 omnium
1697 4553 2038 4607 eruditorum

461 4637 675 4693 calculo
709 4639 1102 4709 comprobata,
1151 4641 1401 4710 ﬁctitium
1456 4641 1802 4714 Hippolytum
1851 4646 2038 4715 appel-

460 4727 539 4782 lat
583 4726 694 4798 (87)
737 4727 902 4799 hujus
941 4728 1421 4788 Demonstrationis
1464 4745 1762 4790 auctorem.
1816 4736 2038 4793 Utinam

458 4832 592 4873 vero
619 4817 838 4890 legisset
872 4821 981 4886 ille,
1028 4822 1518 4893 perpendissetque
1560 4803 1835 4880 sincerum
1876 4827 2037 4895 primi

459 4911 684 4967 editoris
728 4911 1161 4984 judicium,'qui
1202 4930 1334 4971 sane
1388 4917 1489 4971 sibi
1537 4927 1826 4986 suspectus
1894 4917 2040 4973 haud

457 4997 582 5058 esse
601 5001 726 5073 jure
753 5009 991 5073 poterat.
1029 5001 1123 5060 Sic
1155 5003 1320 5074 igitur
1351 5004 1561 5061 Gudius
1585 5006 1696 5077 (88)
1728 5023 1740 5059 :
1793 5005 2040 5064 «illustre

531 5181 644 5251 (84)
676 5180 930 5238 Neander
972 5184 1057 5238 vir
1102 5182 1456 5237 doctissimus
1501 5184 1743 5252 dubitat,
1797 5200 1926 5239 num
1973 5186 2038 5240 de

459 5253 883 5310 charismatibus
912 5262 966 5308 et
993 5254 1058 5323 de
1082 5255 1378 5323 apostolica
1416 5255 1708 5308 traditione
1754 5254 1807 5308 in
1839 5256 2032 5310 eodem

458 5323 599 5401 libro
626 5325 986 5401 disputaycrit
1013 5315 1234 5401 Hippo].
1269 5326 1327 5376 lu
1359 5324 1571 5377 duobus
1608 5341 1733 5401 vero
1784 5325 1936 5401 libris
1970 5343 2032 5380 ea
2061 5325 2105 5383 C

457 5395 525 5453 de
557 5409 616 5447 re
647 5395 796 5464 illum
829 5395 1156 5448 disseruisse
1190 5403 1340 5463 puto,
1366 5410 1488 5446 cum
1527 5409 1632 5447 non
1658 5395 1867 5464 legatur
1899 5397 2037 5449 ἁπο-

458 5463 680 5535 9τολικὴ
715 5465 1010 5534 παράδοσις
1037 5465 1166 5535 περὶ
1193 5464 1569 5535 χαρισμάςτων,
1600 5467 1692 5520 sed
1717 5463 1835 5519 rice
1861 5483 2034 5521 versa.

369 5579 413 5605 α
460 5533 763 5601 Dequibus
801 5533 958 5589 libris
1007 5533 1171 5589 latius
1196 5533 1384 5604 atque
1427 5533 1604 5588 fusius
1639 5535 1880 5605 disputat
1912 5537 2036 5592 Ste—

459 5605 704 5674 phanus;
736 5605 969 5658 aliorum
1000 5607 1246 5674 virorum
1279 5605 1566 5656 doctorum
1599 5605 1700 5660 hac
1735 5608 1802 5661 de
1829 5623 1886 5662 re
1913 5625 2038 5662 seno

460 5671 643 5746 lentiae
670 5676 936 5746 leguntur
956 5676 1122 5746 _apud
1151 5671 1525 5746 fabricium.
1557 5683 1687 5728 tom.
1726 5676 1766 5741 l,
1800 5694 1918 5746 pag.
1945 5680 2032 5731 85.

456 5743 903 5870 Ciilzl'.wl;abricii
945 5743 1087 5800 Bibl.
1136 5743 1305 5799 Gra'c.
1353 5745 1438 5798 ed.
1486 5743 1748 5816 llarlcss.,
1779 5743 1883 5803 (ol.
1925 5749 2033 5816 VII,

460 5830 582 5870 nas.
720 5858 731 5870 .
1371 5851 1375 5854 κ

405 5868 419 5880 ,
460 5830 731 5889 pag.iuz.
1371 5851 1375 5854 ς

2075 3961 2118 4020 Β

2687 2007 2745 2062 In
2771 2005 3041 2062 Exodum.

2688 2077 2743 2132 In
2774 2079 3031 2132 Genesin.

2686 2147 2743 2202 In
2775 2148 3117 2202 Zachariam.

2685 2217 2742 2271 In
2771 2219 2984 2272 Isaiam.

2685 2287 2760 2342 De
2792 2289 3028 2342 Daniele.

2608 2369 2668 2434 δ
2686 2357 2762 2434 ρο
2786 2358 3116 2434 Eroyerbiis.

2687 2426 2763 2482 De
2801 2428 3148 2483 Ecclesiaste.

2687 2497 2763 2553 De
2784 2499 3145 2554 Antichristo.

1913 2589 1919 2594 I
2009 2589 2012 2592 8
2072 2614 2126 2674 Α
2153 2610 2330 2667 Photii
2365 2611 2735 2670 testimonium
2785 2617 3015 2672 libenter
3059 2611 3475 2684 adjungendunr
3509 2611 3730 2666 curavi-

2148 2721 2274 2760 mus
2306 2704 2456 2774 (89);
2483 2713 2542 2760 ut
2564 2706 2610 2760 si
2641 2707 2894 2764 lectorem
2927 2708 3224 2763 offenderet
3255 2707 3308 2762 in
3335 2705 3438 2759 hoc
3463 2705 3730 2774 opusculo

2146 2798 2558 2868 cogitationum,
2602 2799 2881 2871 ipsiusque
2923 2799 3188 2855 orationis
3215 2797 3556 2867 simplicitas.
3593 2797 3729 2849 nihil

2145 2899 2430 2960 propterea
2465 2886 2739 2946 dubitaret
2772 2892 2901 2961 περὶ
2938 2893 3038 2962 τῆς
3080 2891 3449 2962 γνησιότητος.
3497 2888 3729 2942 Photius

2147 2983 2328 3036 libello
2363 2991 2550 3038 nostro
2583 2994 2841 3054 tanquam
2880 2985 3145 3054 insignem
3183 2992 3367 3037 notam
3403 2981 3640 3058 apponit
3667 2981 3727 3032 τὸ

2145 3074 2251 3127 τῶν
2282 3078 2570 3148 νοημάτων
2617 3076 3005 3147 ἁπλούστερον.
3043 3074 3109 3129 Ει
3152 3074 3415 3145 profecto,
3465 3073 3726 3143 quidquid

2146 3165 2434 3240 Hippolyto
2456 3170 2747 3236 tribuebat,
2777 3169 3006 3224 miriﬁce
3039 3169 3350 3239 respondet.
3390 3186 3410 3220 ι

2216 3259 2312 3317 His
2345 3271 2525 3316 autem
2563 3261 2632 3318 de
2687 3262 2869 3332 operis
2916 3261 3225 3332 integritate
3282 3257 3507 3323 habitis,
3552 3256 3729 3327 pergit

2145 3352 2375 3416 Gudius,
2401 3362 2564 3423 atque
2598 3353 2666 3408 de
2689 3353 2833 3408 illius
2862 3353 3021 3407 titulo
3048 3351 3197 3406 hisce
3222 3349 3400 3404 verbis
3429 3347 3681 3404 edisserit
3710 3363 3726 3399 :

2150 3463 2168 3496 ι
2194 3445 2298 3499 Sed
2326 3459 2430 3498 non
2458 3444 2754 3500 omittenda
2787 3453 2871 3498 est
2909 3444 3219 3514 inscriptio,
3237 3457 3402 3512 quam
3434 3453 3724 3495 conserva-

2142 3535 2221 3590 vit
2245 3534 2384 3589 idem
2417 3534 2679 3590 Pliotius:
2706 3535 2848 3602 Περὶ
2884 3533 3143 3603 Χριστοῦ
3166 3532 3264 3586 καὶ
3305 3529 3728 3600 Ἀντιχριστοῦ.

2145 3627 2382 3698 Uterque
2405 3629 2573 3684 codex
2608 3628 2893 3685 Remensis
2917 3637 2972 3682 et
2999 3626 3368 3689 Ebroicensis,
3411 3626 3555 3678 unde
3587 3639 3726 3691 Opus

2141 3724 2496 3793 descriptum,
2549 3723 2801 3779 similiter
2848 3740 2862 3777 :
2903 3721 3044 3790 Περὶ
3083 3720 3190 3775 τοῦ
3241 3717 3513 3785 Σωτῆρος
3557 3714 3726 3785 ἡμῶν

2156 3816 2348 3885 Ἰησοῦ
2377 3815 2656 3886 Χριστοῦ,
2687 3814 2788 3870 καὶ
2826 3814 2960 3883 περὶ
2991 3813 3099 3867 τοῦ
3155 3811 3576 3881 Ἄντιχριστοῦ.
3614 3807 3728 3878 Ego

2144 3923 2272 3962 vero
2302 3908 2531 3963 discessi
2562 3907 2775 3978 magnis
2818 3907 3144 3960 rationibus.
3192 3901 3313 3957 Non
3358 3901 3504 3956 enim
3565 3899 3728 3953 debe-

2145 4001 2271 4056 bam
2323 4001 2658 4057 conscientia
2705 3999 3024 4067 convictus,
3081 3995 3428 4052 librariorum
3483 4007 3732 4047 errorem

2146 4102 2310 4162 atque
2342 4092 2704 4162 ignorantiam
2733 4090 3114 4162 superstitiose
3157 4099 3479 4157 propagare.
3525 4080 3728 4151 [lippo-

2147 4180 2291 4252 lytus
2343 4197 2564 4236 causam
2613 4182 2760 4237 dicet
2805 4179 3131 4237 necessaria:
3171 4175 3511 4237 mutationis,
3567 4172 3726 4240 cujus

2144 4273 2308 4327 verba
2334 4283 2494 4330 sunt:
2536 4271 2724 4328 Verum
2765 4274 3017 4344 quoniam
3067 4271 3187 4342 jam
3239 4279 3437 4338 tempus
3474 4275 3618 4336 urget
3653 4266 3725 4318 ad

2145 4382 2228 4430 ea,
2258 4382 2375 4434 qua:
2415 4366 2562 4420 nobis
2607 4376 2920 4434 argumento
2941 4365 3213 4435 proposita
3244 4369 3387 4427 sunt,
3416 4376 3533 4413 cum
3579 4359 3718 4427 auﬁi-

2145 4455 2312 4519 citmt,
2343 4472 2462 4525 qua:
2489 4456 2545 4508 in
2577 4456 2799 4509 exordio
2842 4455 2911 4508 ad
2943 4454 3040 4508 Dei
3089 4453 3313 4524 gloriam
3341 4449 3736 4520 peroravimus,

2147 4563 2355 4617 (equum
2379 4559 2479 4612 est,
2503 4557 2561 4601 ut
2593 4548 2949 4619 aggredientes
2978 4548 3120 4616 ipsas
3151 4544 3358 4598 divinas
3397 4541 3725 4610 Scripturas,

2145 4654 2210 4692 ea:
2236 4637 2344 4690 illis
2368 4637 2657 4706 videamus,
2701 4639 2820 4709 quis
2853 4649 2903 4692 et
2951 4639 3124 4712 qualis
3167 4633 3484 4689 Antichristi
3527 4632 3736 4684 adven-7

2149 4739 2234 4784 tus
2259 4729 2392 4799 (90).
2422 4729 2563 4795 Quid
2602 4746 2750 4785 nunc
2773 4739 2858 4785 est
2881 4730 3143 4800 apertius,
3172 4743 3339 4798 quam
3376 4740 3486 4779 non
3531 4723 3596 4776 ad
3629 4738 3722 4775 ar-

2146 4829 2463 4890 gumentum
2502 4822 2792 4889 pertinere,
2821 4838 2942 4893 qua:
2959 4821 3024 4875 de
3049 4819 3269 4875 Christo
3300 4815 3549 4870 dixerat?
3577 4812 3722 4866 Nihil

2146 4927 2205 4965 se
2239 4911 2475 4980 proﬁteri
2523 4912 2841 4982 planissime
2892 4920 3145 4976 testatur,
3177 4921 3539 4980 prmterquam
3566 4905 3722 4958 Auti-

2145 5003 2336 5058 christi
2359 5003 2909 5063 demonstrationem.
2939 5004 3242 5062 Credamus
3287 5000 3499 5058 auctori
3541 5000 3721 5070 potius

2113 5213 2116 5216 ~
2180 5252 2192 5263 .
2215 5181 2329 5304 (85)
2365 5181 2531 5236 Tituli
2561 5181 2618 5237 h.
2645 5182 2684 5237 l.
2717 5182 2901 5236 collati
2925 5181 3179 5237 eumdem
3210 5180 3410 5236 librum
3435 5177 3723 5247 designare

2143 5267 2212 5306 vn
2235 5269 2300 5304 en
2331 5269 2415 5308 ur.

2143 5323 2321 5448 “(786)
2356 5323 2632 5387 Callani,
2654 5321 2913 5378 Biblioth.
2963 5321 3106 5386 PP.,
3137 5331 3270 5376 tom.
3323 5319 3390 5386 ll,
3421 5333 3543 5390 pag.
3585 5317 3714 5382 411,

2196 5464 2326 5548 ,(87)
2354 5465 2612 5548 Basnag.,
2650 5461 2945 5522 Animadv.
2982 5463 3048 5516 ad
3094 5471 3225 5518 tom.
3255 5459 3274 5514 1
3310 5458 3568 5514 Thesauri
3614 5457 3720 5511 Ca.-

2157 5537 2667 5712 nlféhfaéliti..o:ipud
2696 5601 2910 5656 Fabric.
2943 5614 3075 5658 tom.
3103 5602 3286 5674 l0pp.
3317 5601 3376 5656 S.
3419 5599 3715 5672 Hippolyti,

2183 5694 2265 5742 ag.
2293 5694 2348 5730 Ζ.

2217 5748 2329 5810 (89)
2361 5745 2548 5809 Phot.,
2582 5743 2832 5797 Bibliotli.
2864 5743 2984 5797 cod.
3021 5760 3145 5800 ccn.

2165 5816 2327 5889 '(90)
2363 5815 2435 5868 De
2468 5816 2699 5868 ΑΠΗΝΗ.
2735 5829 2851 5882 cap.
2888 5829 2938 5866 γ.
