4034 6412
297 376 405 432 289

1270 376 1353 432 DE
1389 374 1550 431 VlTA
1590 373 1680 429 ET
1725 371 2039 430 SCRIPTIS
2074 371 2130 426 S.
2167 368 2552 427 HlPPOLYTl.

3444 367 3558 424 299

296 507 468 560 quam
521 493 739 559 Photio,
796 495 884 550 cui
930 495 1280 551 librariorum
1316 505 1508 567 stupor
1539 496 1717 551 fraudi
1747 489 1872 550 fuit.
1902 509 1952 564 Α
1979 493 2075 563 qui
2107 507 2228 563 quae
2267 493 2540 563 ignorant,
2565 490 2974 561 blasphemant,
3027 488 3118 545 sed
3143 502 3270 543 cum
3297 486 3555 543 ﬁdelibus

296 582 472 639 Error
498 585 552 638 in
581 585 682 640 hac
709 587 990 658 ἐπιγραφῇ
1024 588 1302 657 antiquior
1332 598 1417 642 est
1438 587 1768 658 octingentis
1785 601 1883 640 an—'

297 673 408 729 uis.
441 673 547 733 Sed
573 675 778 731 erroris
815 685 1083 731 vetustate
1117 693 1225 730 non
1252 693 1555 732 movemur.
1572 672 1708 731 Nam
1733 674 1881 730 Pho-

299 767 380 821 tio
410 775 602 821 testem
637 768 741 822 ﬁde
771 777 934 837 atque
958 778 1116 823 aetate
1149 769 1307 838 longe
1339 769 1679 838 superiorem
1708 782 1880 837 oppos-

298 859 490 913 uimus
541 857 978 930 Hieronymum,
1045 861 1207 930 cujus
1262 861 1644 916 auctoritatem
1697 860 1880 931 magni

297 967 521 1021 semper
553 952 715 1008 facio.
750 952 843 1008 llle
875 963 1055 1009 autem
1090 955 1331 1010 laudavit
1377 955 1565 1020 ἁπλῶς
1602 971 1882 1011 commen—

299 1045 568 1100 tationem
599 1045 668 1100 de
695 1046 1052 1105 Antichristo.
1088 1047 1200 1104 Hoc
1220 1051 1278 1102 ἐν
1303 1048 1518 1120 παρόδῳ
1549 1049 1878 1104 monendum

296 1135 424 1201 fuit,
461 1151 531 1190 ne
559 1138 684 1207 quis
722 1153 822 1193 nos
847 1138 1074 1208 juvenili
1105 1141 1409 1195 temeritate
1433 1143 1486 1194 in
1516 1140 1685 1195 libros
1713 1153 1882 1194 manu

293 1237 560 1284 exaratos
591 1229 831 1298 grassari
854 1232 1246 1301 suspicaretur.
1284 1253 1304 1286 ι
1335 1231 1610 1287 Hactenus
1636 1231 1880 1287 Gudius:

293 1320 462 1389 cujus
497 1330 678 1378 tamen
734 1325 1005 1379 sententia
1053 1325 1235 1380 minus
1292 1325 1552 1395 probatur
1611 1322 1882 1378 Combeli—

293 1413 384 1468 sio
413 1413 562 1483 (9l);
596 1430 832 1485 eumque
858 1416 1086 1486 proinde
1113 1433 1236 1472 cum
1264 1413 1517 1472 Fabricio
1545 1415 1658 1487 (92)
1681 1426 1735 1471 et
1755 1416 1884 1471 Gal-

293 1503 490 1558 landio
527 1505 640 1575 (95)
672 1522 773 1562 nos
798 1523 1019 1578 quoque
1053 1521 1414 1564 assectamur.
1455 1506 1686 1563 Notante
1734 1509 1880 1562 enim

297 1595 658 1665 Comhelisio,
679 1614 806 1654 cum
832 1615 891 1655 se
913 1599 1238 1673 Hippolytus
1275 1602 1551 1657 dicturum
1572 1602 1880 1672 pollicetur,

299 1688 369 1743 de
398 1689 692 1744 revelando
721 1689 926 1746 Christi
954 1692 1222 1756 adventu,
1258 1692 1326 1748 de
1350 1692 1488 1748 coelo
1507 1734 1524 1760 ,
1573 1693 1642 1748 de
1675 1702 1884 1748 sancte

299 1796 430 1835 rum
460 1795 586 1835 cum
623 1780 847 1837 Christo
883 1799 1085 1854 regno,
1124 1800 1360 1855 cumque
1405 1793 1520 1840 tota
1560 1787 1883 1842 tractatione

1987 583 2044 637 in
2101 582 2411 648 sanctitate,
2468 581 2678 649 justitia
2726 589 2782 636 et
2828 583 3026 636 timore
3086 578 3184 634 Dei
3225 579 3559 645 viventibus,

1983 672 2352 731 communicet
2387 672 2520 743 (95).
2550 673 2855 742 Antequam
2883 685 3010 726 vero
3044 670 3112 724 ad
3149 678 3440 725 tractatum
3473 669 3560 727 De

1982 760 2310 816 Antichristo
2342 769 2533 830 pergat
2570 758 2630 814 S.
2662 758 3016 830 Hippolytus,
3040 759 3192 827 prius
3236 759 3381 814 duas
3420 757 3564 814 alias

1982 849 2312 921 quaestiones
2367 848 2471 903 sibi
2510 849 2799 904 solvendas
2848 849 3131 918 proponit:
3163 849 3374 904 scilicet
3418 865 3559 919 quo-

1983 943 2146 998 modo
2178 941 2274 996 Dei
2302 937 2541 994 Verbum
2569 948 2697 994 ante
2727 939 3156 995 incarnationem
3186 954 3246 994 se
3278 940 3564 1009 prophetis

1982 1035 2458 1091 manifestaverit?
2490 1042 2544 1089 et
2575 1034 2701 1088 dein
2727 1033 3005 1104 quomodo
3031 1034 3172 1088 idem
3197 1032 3435 1087 Verbum
3462 1032 3564 1088 Dei-

1981 1142 2080 1197 per
2102 1124 2531 1180 incarnationem
2567 1121 2771 1177 factum
2814 1123 2888 1178 sit
2919 1137 3111 1177 servus
3145 1122 3240 1176 Dei
3261 1122 3287 1175 ?
3315 1121 3564 1178 Primam

1983 1218 2337 1289 quaestionem
2379 1217 2539 1272 solvit
2585 1215 2748 1270 ducta
2811 1216 3221 1286 comparatione
3250 1214 3321 1270 ab
3358 1215 3562 1270 instru-

1983 1320 2169 1366 mento
2195 1310 2428 1375 musico,
2459 1309 2644 1378 aitque
2666 1307 2959 1377 prophetas
2983 1322 3106 1362 esse
3135 1309 3309 1361 instar
3326 1307 3562 1361 chorda-

1983 1418 2128 1468 rum,
2154 1411 2208 1456 et
2238 1400 2477 1457 Verbum
2508 1399 2673 1454 veluti
2705 1398 2993 1468 plectrum,
3023 1399 3189 1468 cujus
3210 1409 3362 1454 motu
3395 1409 3562 1472 atque

1982 1493 2218 1564 impulsu
2248 1491 2523 1562 incognita
2549 1491 2824 1561 prophetae
2851 1491 2973 1545 aliis
3000 1490 3318 1546 hominibus
3341 1506 3562 1545 annun-

1982 1587 2180 1640 tiarent
2209 1583 2344 1656 (96).
2371 1585 2645 1650 Quantum
2687 1583 2754 1637 ad
2785 1584 3010 1639 alteram
3051 1585 3432 1654 quaestionem,
3473 1601 3564 1640 re-

1982 1678 2212 1747 spondet
2257 1675 2558 1746 Theophilo
2589 1673 2648 1729 S.
2703 1674 3068 1747 Hippolytus:
3121 1676 3267 1742 Quia
3333 1672 3564 1732 Verbum

1981 1785 2136 1823 suam
2176 1767 2597 1822 misericordiam
2624 1807 2639 1831 ,
2674 1775 2723 1821 et
2754 1767 2890 1836 quod
2931 1768 3150 1821 minime
3199 1779 3442 1838 acceptor
3481 1777 3567 1822 est

301 1872 708 1928 Antichristum
742 1873 960 1929 Christo
995 1865 1280 1946 opponat;
1313 1891 1424 1930 non
1463 1877 1538 1931 ita
1587 1877 1727 1932 male
1770 1877 1884 1934 sive

1991 1876 2348 1929 personarum,
2399 1875 2492 1930 per
2537 1875 2713 1914 omnes
2733 1868 2944 1914 sanctos
2976 1859 3226 1926 ostendit,
3247 1859 3560 1915 illuminans

304 1965 654 2036 Hippolytus,
683 1967 799 2021 sive
821 1967 1002 2037 quivis
1034 1969 1196 2032 alius,
1222 1969 1562 2038 przenntavit,
1589 1967 1724 2041 Περὶ
1752 1972 1886 2042 Χρι-

306 2054 435 2107 στοῦ
463 2056 561 2108 καὶ
606 2056 998 2127 Ἀντιχριοτοῦ.
1026 2057 1182 2124 Quod
1208 2059 1279 2113 ita
1301 2068 1425 2128 post
1448 2058 1774 2116 Photianum
1799 2077 1889 2117 co-

308 2146 492 2200 dicem
536 2147 702 2201 etiam
753 2148 792 2202 ii
819 2156 1247 2218 repraesentant,
1279 2165 1346 2205 ex
1391 2151 1588 2220 quibus
1627 2167 1886 2222 expressa

310 2237 473 2291 Gudii
507 2238 710 2293 editio:
748 2240 948 2312 quibus
981 2242 1206 2310 proinde
1237 2243 1406 2296 malui
1439 2243 1702 2300 inluercre
1721 2261 1910 2315 quam.

307 2329 431 2395 ejus
462 2328 753 2383 mutationi
786 2328 1023 2406 deferre.
1056 2328 1446 2402 Hieronymum
1477 2333 1654 2403 (cujus
1678 2341 1734 2388 et
1772 2334 1889 2403 ipse

311 2417 498 2485 magni
551 2418 933 2472 auctoritatem
971 2417 1144 2489 facio)
1203 2421 1478 2476 adversari
1534 2421 1732 2478 Photio
1777 2439 1886 2477 non

309 2505 473 2562 facile
501 2507 759 2574 dixerim,
790 2509 936 2578 quod
961 2509 1234 2581 Hippolyti
1266 2511 1421 2581 plura
1445 2513 1784 2568 recensendo
1814 2513 1889 2568 De

310 2599 640 2651 Antichristo
667 2600 1015 2655 solummodo
1043 2600 1260 2656 dixerit.
1280 2600 1505 2672 Nempe,
1531 2619 1630 2658 nec
1645 2605 1711 2659 de
1729 2604 1890 2660 Chri-

314 2698 400 2742 sto
441 2689 682 2758 negavit,
711 2690 804 2744 sed
835 2690 914 2744 sic
945 2707 1159 2745 summa
1181 2733 1196 2756 ,
1245 2693 1388 2746 unde
1434 2687 1696 2750 tractatus
1746 2705 1890 2750 esset

311 2779 497 2834 notior
516 2819 534 2844 ,
568 2781 862 2849 ascripsit;
891 2780 1119 2838 Photius-
1152 2799 1218 2836 ex
1248 2784 1436 2838 codice
1464 2785 1730 2854 integrum
1759 2787 1890 2842 titu-

311 2869 426 2923 lum
461 2870 756 2925 recensuit.
789 2871 991 2926 Deinde
1042 2887 1106 2926 eo
1129 2882 1336 2942 spectat
1361 2883 1473 2928 tota
1509 2876 1791 2938 tractatio,
1832 2886 1893 2931 ut

311 2961 640 3017 Antichristi
665 2979 730 3016 ex
758 2961 1057 3032 Scripturis
1084 2966 1550 3020 demonstratione
1573 2967 1641 3021 ab
1663 2983 1728 3022 eo
1759 2968 1892 3022 lide-

313 3055 460 3108 libus
485 3064 703 3121 caveat,
722 3063 776 3108 et
795 3055 1016 3111 Christo
1044 3058 1325 3128 adjungat,
1356 3057 1752 3128 amborumque
1777 3060 1892 3116 dis-

313 3147 524 3200 crimen
596 3162 722 3202 eum
751 3147 806 3201 in
833 3149 994 3203 tinem
1019 3150 1258 3219 aperiat;
1287 3149 1430 3218 quod
1468 3148 1745 3205 Christum
1781 3167 1890 3205 non

311 3237 582 3301 excludit,
609 3253 678 3292 ne
708 3239 825 3308 ipse
851 3255 978 3309 pars
1018 3241 1322 3310 argumenti
1356 3240 1600 3295 videatur
1626 3282 1642 3306 ,
1672 3250 1726 3296 et
1769 3243 1892 3298 linis

314 3328 590 3395 genuinus
628 3337 794 3400 atque
842 3331 1096 3400 proprius
1138 3331 1508 3398 tractationis,
1559 3348 1668 3386 non
1715 3333 1891 3388 solum

315 3420 683 3476 extrinsecus.

389 3511 540 3580 Opus
571 3512 715 3566 istud
741 3512 1296 3584 litterisconsignavit
1323 3523 1546 3569 sanctus
1575 3512 1759 3581 Pater,
1807 3532 1894 3571 ro-

319 3612 480 3671 gatus
502 3617 532 3655 a
564 3605 798 3672 quodam
848 3602 1168 3674 Theophilo,
1200 3623 1436 3676 quocum
1472 3610 1538 3662 de
1567 3611 1754 3664 eodem
1807 3627 1896 3664 ar-

320 3701 583 3760 gumento
619 3691 798 3747 fuerat
819 3702 943 3747 ante
968 3695 1305 3760 collocutus;
1343 3695 1556 3767 ipsique
1587 3709 1890 3768 propterea,

320 3796 488 3850 quem
521 3782 906 3838 charissimum
935 3784 1156 3838 fratrem
1194 3787 1458 3855 appellat,
1489 3788 1687 3842 librum
1734 3806 1894 3844 suum

318 3879 626 3940 nuncupat.
651 3873 714 3924 In
738 3888 804 3926 eo
827 3882 1030 3933 autem.
1053 3874 1238 3944 judice
1267 3873 1483 3943 Photio,
1514 3886 1573 3932 ut
1603 3879 1763 3935 modo
1798 3890 1896 3934 au-

316 3962 583 4027 divimus,
629 3972 842 4018 servata
878 3981 1137 4020 sensuum
1170 3967 1488 4037 simplicitas
1516 3985 1580 4024 ac
1620 3975 1892 4037 vetustas;

318 4069 496 4124 genus
556 4069 686 4108 vero
730 4056 940 4110 dicendi
1006 4059 1212 4112 clarum
1266 4060 1320 4114 in
1378 4063 1566 4131 primis
1594 4077 1658 4117 ac
1689 4063 1896 4132 perspi-

316 4161 508 4212 cuum,
539 4162 772 4201 necnon
803 4150 1236 4219 interpretationi
1273 4169 1596 4222 congruum.
1626 4153 1894 4210 Caeterum

316 4238 528 4308 epocha
571 4239 734 4309 hujus
777 4239 899 4296 libri
929 4259 1154 4312 prorsus
1203 4254 1287 4300 est
1323 4248 1526 4301 incerta
1553 4286 1568 4310 ,
1624 4263 1798 4320 neque
1828 4264 1894 4303 ex

319 4329 603 4396 adjunctis
628 4329 809 4400 colligi
838 4341 1016 4400 potest
1051 4348 1170 4402 quo
1197 4344 1440 4404 tempore
1469 4336 1528 4390 S.
1569 4335 1727 4391 Pater
1750 4338 1898 4394 hunc

316 4429 616 4477 tractatum
655 4426 1041 4493 composuerit.

711 4515 962 4584 Analysis
1014 4516 1170 4585 hujus
1218 4525 1496 4571 tractatus.

392 4599 630 4658 Sanctus
666 4603 989 4677 Hippolytus
1021 4606 1222 4661 librum
1252 4609 1330 4661 De
1370 4608 1693 4662 Antichristo
1741 4623 1893 4664 eom-

320 4694 506 4763 posuit
522 4697 814 4753 occasione
840 4698 1096 4768 colloquii
1119 4699 1263 4769 quod
1291 4699 1480 4754 habuit
1506 4715 1630 4755 cum
1655 4701 1894 4770 quodam

317 4781 629 4859 'Theophilo
660 4787 798 4857 (94),
838 4789 927 4843 cui
953 4788 1106 4842 illum
1139 4790 1361 4855 dicavit,
1397 4806 1668 4862 quemque
1691 4792 1896 4846 charis-

323 4873 530 4929 simum
559 4891 719 4931 suum
747 4878 971 4934 fratrem
1003 4882 1255 4951 appellat.
1291 4880 1472 4936 Monet
1511 4891 1693 4938 autem
1727 4883 1897 4952 inpri-

323 4968 435 5024 mis
466 4966 822 5040 Theophilum
849 5013 865 5040 ,
913 4988 981 5028 ne
1011 4975 1211 5043 scripta
1244 4989 1359 5036 .sua
1398 4989 1522 5028 cum
1565 4973 1894 5041 inlidelibus,

398 5125 828 5200 (9_l)_Combelis.
859 5128 914 5182 in
949 5128 1092 5200 notis
1117 5127 1184 5183 ad
1216 5143 1338 5199 cap.
1369 5144 1424 5196 v,
1453 5127 1593 5184 infra
1617 5145 1742 5200 pag.
1768 5128 1893 5195 419,

323 5195 473 5266 apud
496 5195 774 5261 ’Gallandu
807 5207 939 5253 tom.
968 5198 1031 5251 ll.
1283 5195 1301 5199 “
1410 5195 1415 5196 ⁷
1454 5200 1466 5218 ⁴

396 5266 512 5338 (92)
547 5267 760 5322 Fabric.
793 5267 1090 5338 Hippolyt.,
1119 5277 1250 5323 tom.
1291 5267 1311 5322 Ι
1340 5267 1502 5338 Opp.,
1533 5284 1588 5336 p.
1619 5268 1673 5338 2,
1704 5276 1819 5321 not.
1855 5272 1895 5324 '.

397 5337 510 5409 (95)
540 5337 818 5405 Calland.,
849 5337 1046 5395 toin.’ll
1068 5339 1323 5392 Biblioth.
1367 5337 1512 5406 PR,
1557 5337 1899 5412 iiu’rolego-

325 5424 498 5472 men.,
530 5423 652 5477 pag.
682 5424 804 5463 va.

399 5477 513 5548 (94)
565 5477 728 5532 Putat
774 5487 899 5548 post.
951 5478 1259 5535 Fabrici-um
1316 5477 1617 5533 Ceillierius
1669 5486 1810 5531 tom.
1859 5477 1900 5532 ll

327 5546 814 5634 flist."q‘é_nér.ld_es
838 5559 1075 5634 auteurs,
1105 5548 1388 5634 pag..554,
1418 5560 1534 5602 not.
1561 5551 1592 5602 d
1610 5589 1624 5612 ,
1642 5548 1902 5634 "fortasse

328 5619 478 5688 hunc
505 5619 864 5688 Theophilum
892 5620 1143 5674 eumdem
1175 5619 1344 5672 tuisse
1362 5660 1378 5684 ,
1415 5635 1576 5688 quem
1605 5619 1901 5686 alloquitur

325 5687 976 5759 Methodius’episcopus
1018 5688 1166 5759 Tyri,
1205 5690 1431 5759 aequalis
1481 5687 1790 5758 Hippolyto,
1845 5688 1900 5741 in

329 5773 431 5812 suo
464 5767 699 5812 tractatu
737 5758 814 5813 De
859 5758 1240 5812 resurrectione
1267 5758 1399 5812 :Vos
1431 5763 1566 5812 enim
1602 5773 1901 5810 sermonum

329 5837 633 5901 nostrorum
660 5828 889 5898 judices,
921 5839 1064 5897 teque
1091 5830 1372 5898 imprimis,
1387 5832 1579 5898 optime
1599 5827 1896 5897 Theophila.

1983 1952 2107 2006 illos
2157 1960 2312 2023 atque
2374 1967 2685 2020 componens
2734 1950 2868 2005 velut
2898 1954 3098 2019 peritus
3139 1952 3369 2006 medicus
3410 1952 3568 2008 adea

1984 2061 2102 2115 quae
2133 2044 2201 2098 ad
2228 2053 2463 2098 nostram
2492 2043 2789 2098 conducant
2813 2042 3060 2110 salutem,
3090 2045 3280 2115 quippe
3305 2061 3422 2098 eum
3459 2061 3569 2099 non-

1985 2137 2186 2190 neseiat
2207 2137 2495 2189 humanam
2521 2135 2911 2204 inﬁrmitatem.
2942 2135 3017 2189 Ae
3038 2136 3246 2205 quidem
3263 2137 3571 2207 ignorantes

1986 2227 2161 2280 studet
2198 2227 2444 2281 edocere:
2501 2237 2735 2282 errantes
2765 2245 2884 2283 vero
2915 2229 2984 2282 ad
3037 2245 3212 2283 veram
3245 2246 3395 2283 suam
3421 2232 3566 2284 viam

1985 2321 2258 2375 convertit.
2279 2321 2448 2390 Atque
2482 2319 2565 2373 his
2600 2320 2831 2390 quidem,
2871 2322 2961 2390 qui
2992 2321 3098 2390 [ide
3118 2331 3382 2390 quarunt,
3409 2323 3573 2390 facile

1986 2412 2248 2465 invenitur
2263 2425 2282 2474 ;
2306 2411 2387 2464 his
2404 2419 2601 2475 autem,
2625 2411 2716 2480 qui
2745 2411 2954 2466 mundis
2977 2411 3143 2464 oculis
3171 2421 3220 2464 et
3247 2421 3391 2464 casto
3405 2413 3570 2465 corde

1987 2505 2184 2558 ostium
2219 2501 2433 2572 pulsare
2455 2501 2782 2566 desiderant,
2807 2501 3083 2571 confestim
3107 2503 3295 2572 aperit.
3336 2502 3568 2556 Nullum

1987 2597 2127 2650 enim
2151 2613 2368 2650 suorum
2390 2612 2660 2652 servorum
2695 2596 2868 2665 rejicit
2888 2635 2904 2662 ,
2937 2596 3090 2665 quasi
3120 2597 3416 2650 divinorum
3449 2613 3565 2667 my-

1988 2689 2270 2743 steriorum
2301 2691 2595 2760 indignum.
2634 2688 2760 2746 Non
2781 2689 2994 2742 divitem
3019 2705 3247 2759 paupere
3265 2689 3434 2758 pluris
3473 2691 3567 2759 fa-

1989 2781 2082 2844 cit,
2110 2796 2270 2850 neque
2295 2796 2578 2850 pauperem
2602 2796 2698 2851 pro
2729 2780 2842 2850 ejus
2884 2780 3142 2834 tenuitate
3175 2781 3392 2848 spernit.
3440 2779 3563 2834 Non

1991 2872 2214 2926 barbaro
2246 2877 2567 2943 exprobrat,
2610 2890 2702 2927 nec
2729 2876 3022 2928 eunuchum
3074 2873 3226 2942 quasi
3269 2888 3369 2926 non
3397 2876 3565 2926 virum

1993 2967 2220 3036 ablegat.
2259 2967 2382 3020 Non
2423 2966 2535 3021 odit
2559 2967 2812 3037 feminam
2839 2968 2901 3019 ob
2919 2967 3106 3036 prima:
3140 2967 3360 3035 originis
3388 2965 3565 3018 inobe-

1993 3059 2273 3126 dientiam,
2303 3077 2394 3113 nec
2430 3061 2600 3114 uirum
2645 3058 2707 3112 ob
2753 3059 3186 3129 transgressionis
3234 3067 3436 3112 reatum
3475 3057 3569 3110 de-

1996 3151 2200 3214 turbat;
2231 3151 2322 3204 sed
2352 3166 2527 3204 omnes
2553 3149 2689 3216 vult,
2717 3165 2992 3220 omnesque
3032 3148 3239 3202 salvere
3277 3149 3564 3202 desiderat.

1998 3240 2188 3295 Omnes
2232 3243 2328 3296 Dei
2357 3242 2497 3311 ﬁlios
2535 3254 2787 3313 praestare
2832 3241 2964 3307 vult,
3005 3250 3316 3310 sanctosque
3375 3256 3552 3293 omnes

1994 3333 2050 3385 in
2103 3348 2266 3385 unum
2300 3332 2560 3386 hominem
2594 3333 2881 3402 perfectum
2926 3343 3114 3396 vocat;
3156 3347 3279 3385 nam
3323 3339 3374 3384 et
3429 3347 3565 3383 unus

1994 3422 2093 3476 Dei
2128 3422 2302 3476 Filius
2333 3433 2432 3488 est,
2483 3423 2634 3492 cujus
2677 3424 2840 3477 etiam
2889 3440 2982 3477 nos
3037 3438 3269 3476 munere.
3303 3437 3395 3490 per
3443 3419 3568 3489 Spi-

1995 3513 2158 3590 ritum
2194 3513 2252 3569 S.
2291 3516 2469 3586 adepti
2502 3516 2963 3586 regenerationem,
2988 3516 3044 3568 in
3071 3531 3234 3567 unum
3282 3513 3566 3584 perfectum

1995 3619 2057 3656 ac
2089 3605 2342 3659 calestem
2368 3607 2630 3660 hominem
2663 3622 2839 3660 omnes
2864 3621 3135 3658 occurrere
3161 3612 3400 3673 Optamus
3429 3602 3566 3672 (97).

1992 3692 2190 3749 Postea
2229 3696 2418 3765 paucis
2464 3695 2688 3766 exponit
2727 3694 3265 3766 quomodo~Verbum
3291 3695 3407 3758 Dei,
3442 3695 3572 3748 licet

1994 3786 2323 3856 purissimus
2352 3788 2597 3856 spiritus,
2630 3787 2686 3841 in
2728 3797 2883 3842 utero
2918 3785 3159 3857 Virginis-
3196 3787 3268 3842 sit
3311 3787 3566 3841 incarna-

1997 3888 2147 3944 tum;
2178 3887 2342 3948 atque
2368 3879 2670 3945 concludit,
2708 3879 2855 3949 quod
2892 3873 3136 3934 Vérbum
3179 3879 3334 3934 carni
3367 3890 3585 3969 nostrze’

1994 3968 2212 4024 mortali
2256 3971 2468 4025 unitum
2519 3971 2703 4034 fuerit,
2732 3980 2792 4025 ut
2815 3979 3068 4025 nostrum
3087 3986 3282 4040 corpus
3321 3973 3570 4028 redderet

1996 4058 2430 4129 incorruptibile,
2457 4061 2735 4117 hominem
2763 4061 3032 4130 perditum
3057 4062 3310 4116 salvaret.
3359 4063 3570 4133 Adjun-

1996 4149 2073 4219 δὴ
2102 4150 2348 4218 quaedam
2372 4150 2439 4205 de
2470 4149 2726 4219 passione
2753 4149 2966 4202 Domini
2990 4150 3158 4204 nostri
3191 4149 3319 4204 Jesu
3341 4151 3568 4221 Christi,
3615 4181 3618 4188 -

1995 4251 2254 4310 putatque
2287 4241 2525 4310 aliquam
2566 4241 2714 4296 illius
2749 4241 2997 4297 invenire
3040 4241 3452 4298 similitudinem
3510 4248 3582 4319 in.

1997 4339 2112 4384 arte
2140 4331 2371 4385 textoris
2405 4331 2539 4400 (98).

2067 4421 2164 4477 His
2203 4423 2499 4493 praemissis
2533 4431 2825 4478 tractatum
2871 4422 2950 4477 De
2992 4421 3321 4480 Antichristo
3358 4426 3567 4496 incipit,

1928 4531 1974 4586 ι)
2001 4512 2195 4583 dequo
2217 4528 2288 4567 ex
2317 4511 2615 4581 Scripturis
2650 4511 2914 4578 ostendit,
2936 4521 3100 4583 atque
3121 4527 3409 4585 sequentes
3433 4534 3573 4585 quae-
3631 4528 3634 4530 ‘

1995 4605 2204 4661 stiones
2227 4603 2437 4658 solvere
2457 4616 2724 4659 conatur:
2750 4602 3020 4658 Nimirum
3039 4605 3164 4674 quis
3189 4615 3244 4661 et
3260 4608 3436 4675 qualis
3460 4608 3574 4661 An-

1997 4697 2240 4769 tichristi
2259 4696 2552 4763 adventus,
2571 4712 2680 4765 qua
2701 4704 2858 4750 aetate
2885 4711 2948 4750 ac
2977 4706 3220 4766 tempore
3245 4699 3574 4754 revelabitur

1996 4787 2216 4857 iniquus
2264 4789 2389 4854 ille;
2439 4790 2732 4855 undenam,
2779 4801 2834 4845 et
2863 4806 2934 4846 ex.
2957 4806 3067 4860 qua
3097 4791 3264 4855 tribu,
3299 4790 3447 4860 quod
3495 4791 3571 4844 illi

1998 4894 2220 4947 nomen,
2235 4880 2511 4950 quomodo
2528 4881 2793 4950 populum
2808 4882 2863 4936 in
2891 4897 3129 4937 errorem
3152 4882 3389 4947 inducet,
3408 4897 3572 4951 quam

1999 4971 2130 5026 item
2158 4971 2363 5025 sanctis
2394 4971 2801 5027 tribulationem
2833 4972 3030 5027 inferet
3060 4972 3194 5043 (99).
3236 4970 3369 5026 Dein
3401 4972 3576 5040 expli-

1998 5124 2156 5194 Apud
2192 5115 2463 5195 Epiphan.
2491 5123 2686 5179 haeres.
2715 5124 2808 5189 64,
2835 5141 2887 5194 p.
2921 5125 3046 5179 540.

2071 5195 2185 5263 (95)
2212 5192 2482 5265 liippolyt.
2523 5195 2730 5265 libtbe
2758 5192 3105 5265 An'tichristo,
3137 5192 3376 5265 numri.

2071 5266 2182 5336 (96)
2223 5283 2240 5316 ι
2266 5263 2346 5336 Br
2362 5263 2598 5336 namque
2626 5263 2814 5336 Patres
2837 5264 3040 5336 Spiritu
3065 5263 3362 5336 prophetia:
3378 5265 3568 5332 aptati,
3629 5275 3632 5278 ‘

1999 5333 2268 5406 digneque
2300 5335 2370 5406 ab
2393 5333 2521 5406 ipso?
2550 5333 2727 5388 Verbo
2757 5333 3032 5406 honorati,
3057 5349 3166 5403 quo
3182 5335 3449 5406 nimirum
3477 5351 3568 5390 ve-

2002 5400 2086 5460 lut
2115 5400 2318 5474 organa
2356 5400 2635 5474 in'seipsis
2680 5405 2907 5474 unitum
2935 5400 3150 5471 semper
3182 5400 3572 5474 Verbumtan-

2001 5491 2164 5543 quam
2188 5473 2456 5544 plectrum
2513 5475 2796 5531 haberent.
2825 5473 2983 5542 cujus
3024 5483 3159 5528 nutu
3197 5481 3363 5544 atque
3387 5473 3569 5530 alllatu

2001 5562 2123 5614 qua:
2155 5543 2300 5599 Deus
2350 5545 2527 5609 vellet,
2584 5544 2699 5596 haec
2753 5547 3031 5614 prOpheta:
3088 5543 3506 5600 auuuutiabant.
3543 5561 3564 5598 ι

2001 5613 2296 5684 llippulyt.,
2323 5615 2559 5684 lih.7cit.,
2589 5627 2741 5665 num.
2785 5613 2836 5684 9.
3496 5633 3503 5638 ·

2075 5683 2395 5754 (97)“Ιάυιιι,
2419 5683 2454 5734 Ι.
2480 5699 2555 5744 c.,
2589 5697 2740 5754 num.
2781 5683 2844 5737 '5.

2226 5754 2391 5826 idem,
2415 5755 2463 5826 'l».
2496 5768 2569 5816 c.,
2598 5768 2651 5805 η,
2678 5750 2732 5804 4,

2077 5823 2188 5897 (99)
2233 5823 2398 5888 Idem,
2438 5823 2453 5875 l
2509 5838 2582 5890 c.,
2617 5837 2769 5876 num.
2805 5823 2839 5879 5
2873 5855 2898 5871 -ι
2929 5823 3018 5880 25.
