4034 6432
433 372 524 424 291
1400 367 1486 423 DE
1517 364 1683 425 VITA
1718 365 1805 425 ΕΤ
1844 367 2154 424 SCRIPTIS
2194 366 2252 421 S.
2293 365 2684 423 IIIPPOLY'I‘I.

3575 373 3684 430 292

432 500 519 546 cat
582 486 824 546 visiones
878 485 1434 545 Nabuchodonosoris
1483 499 1539 544 et
1601 488 1842 544 Danielis
1894 489 2007 560 _boc
2036 493 2084 551 Α
2113 496 2230 540 cem
2260 500 2487 551 cornua,
2515 502 2638 557 quae
2701 484 2885 542 futura
2943 497 3073 543 sunt
3119 503 3284 560 regna
3315 498 3370 544 et
3408 489 3678 560 imperia;

434 583 595 640 modo
624 583 702 654 (1)
727 602 740 638 :
771 601 789 634 ‹
817 582 954 648 Quia
992 583 1154 651 igitur
1179 597 1299 652 qua:
1328 582 1407 637 sic
1436 596 1638 636 arcana
1670 597 1834 636 sensu
1860 556 2004 636 dicta

432 687 594 746 sunt,
650 678 929 732 nonnullis
976 677 1230 732 videntur
1278 685 1438 745 captu
1502 675 1762 741 difficilia,
1815 690 2004 730 eorum

433 771 569 827 nihil
601 770 1002 825 abscondemus
1027 809 1041 835 ,
1074 779 1134 823 ut
1176 769 1516 839 intelligant,
1544 767 1636 837 qui
1670 782 1802 822 sana
1828 777 2008 821 mente

433 864 642 936 praediti
696 871 840 918 sunt.
892 861 1140 915 Lemnum
1189 860 1337 914 enim
1382 859 1612 914 dicendo
1645 858 2006 912 ascendentem

433 972 462 1012 ο
490 960 661 1024 mari,
695 955 1117 1026 Babyloniorum
1146 966 1372 1022 regnum
1407 953 1460 1005 in
1493 951 1697 1005 mundo
1732 950 2010 1020 significa--

432 1050 546 1115 vit,
578 1047 720 1119 quod
756 1047 918 1117 hujus
949 1044 1224 1100 simulacri
1254 1051 1370 1097 erat
1403 1050 1558 1111 caput
1587 1058 1828 1095 aureum.
1852 1040 2008 1107 Quod

436 1149 614 1195 autem
650 1138 809 1193 dicit:
860 1137 976 1190 Ala:
1017 1135 1130 1204 ejus
1156 1134 1307 1204 quasi
1337 1133 1552 1203 aquilis,
1577 1132 1705 1202 quia
1740 1133 2009 1186 cxaltatus

435 1243 519 1288 est
559 1248 652 1287 rex
684 1228 1210 1290 Nabuchodonosor,
1243 1235 1297 1282 et
1325 1227 1589 1281 adversus
1617 1224 1786 1279 Deum
1811 1225 2006 1280 elatus.

436 1327 574 1381 Dum
605 1328 708 1380 ait:
738 1323 948 1378 Evutsae
978 1332 1099 1376 sunt
1127 1320 1230 1374 alte
1261 1320 1392 1388 ejus,
1419 1321 1548 1388 quia
1579 1318 1698 1388 ejus
1732 1318 1910 1372 ablata
1927 1326 2012 1372 est

437 1419 635 1490 gloria;
673 1415 774 1471 fuit
796 1417 940 1471 enim
971 1415 1179 1483 ejectus
1210 1427 1240 1466 e
1273 1427 1440 1480 regno
1476 1426 1596 1465 suo.
1635 1408 1875 1464 Dicenda
1914 1422 2012 1462 au-

436 1517 576 1563 tem:
608 1505 712 1561 Cor
730 1505 956 1559 hominis
982 1505 1164 1556 datum
1185 1509 1261 1554 est
1285 1501 1332 1553 ei
1350 1510 1398 1553 et
1423 1515 1578 1567 super
1601 1499 1752 1568 pedes
1785 1499 2013 1552 hominis

437 1598 601 1663 stetit,
637 1596 765 1667 quia
815 1595 1012 1649 ductus
1062 1590 1381 1662 pcenitentia
1444 1599 1545 1655 est,
1605 1591 1720 1658 ipse
1773 1590 2013 1659 scipsum

438 1699 760 1760 agnoscens,
795 1686 938 1756 quod
967 1687 1131 1739 homo
1154 1692 1318 1750 esset,
1355 1691 1409 1737 et
1437 1681 1585 1736 dedit
1617 1682 1844 1751 gloriam
1881 1679 2010 1736 Deo.

437 1779 569 1834 Post
592 1780 816 1834 leaenam
852 1791 981 1847 ergo
1009 1775 1309 1830 secundum
1353 1773 1554 1828 animal
1585 1773 1720 1827 vidit
1766 1786 1891 1827 urso
1940 1773 2016 1825 si-

2109 592 2281 632 cornu
2335 577 2482 632 aliud
2536 593 2761 648 parvum
2811 593 3184 645 succrescens,
3239 580 3383 650 quod
3413 579 3552 634 inter
3580 579 3670 634 illa

2110 675 2448 730 numeratur,
2499 667 2903 733 Antichristus;
2958 668 3094 738 lapis
3151 669 3460 739 percutiens
3492 677 3684 724 conte-

2114 771 2352 825 rensque
2385 756 2762 820 simulacrum,
2814 757 2906 826 qui
2943 765 3139 812 terram
3164 757 3481 829 adimplevit
3508 768 3561 813 et
3585 758 3682 828 ju-

2109 847 2311 902 dicium
2344 849 2545 902 mundo
2571 847 2752 912 infert,
2785 849 3086 906 Christus.»

2183 939 2451 994 Praeterea
2505 940 2562 994 S.
2607 939 2948 1012 Hippolytus.
3002 949 3290 1012 postquam
3342 943 3681 1013 prophetiam

2110 1031 2266 1088 Isaia:
2295 1034 2359 1088 de
2391 1033 2608 1087 interitu
2632 1032 2931 1089 Jerusalem
2953 1050 3075 1106 cap.
3109 1052 3148 1100 ι,
3183 1052 3237 1091 v.
3275 1034 3328 1103 7,
3358 1045 3412 1091 et
3451 1037 3692 1106 prepbe-

2112 1125 2242 1178 tiam
2272 1123 2510 1180 Danielis
2538 1126 2604 1179 de
2633 1125 2952 1188 simulacro,
2978 1141 3073 1182 seu
3118 1135 3296 1182 statua
3320 1124 3482 1182 antea
3515 1127 3694 1198 expli-

2113 1227 2254 1279 cata,
2283 1218 2409 1272 item
2454 1219 2616 1272 aliam
2669 1219 3008 1288 prophetiam
3042 1219 3194 1276 Isaia:
3217 1236 3337 1291 cap.
3362 1238 3534 1289 van,
3561 1239 3614 1277 v.
3652 1222 3680 1276 1

2113 1316 2166 1361 et
2200 1322 2339 1377 seq.,
2369 1309 2642 1377 impletam
2697 1324 2820 1364 esse
2852 1311 3028 1379 quoad
3055 1311 3315 1381 majorem
3342 1322 3550 1382 partem
3579 1327 3686 1368 no-

2115 1400 2265 1464 tavit,
2293 1416 2358 1454 ex
2415 1400 2733 1472 Apocalypsi
2792 1403 2965 1457 sancti
2997 1401 3226 1459 Joannis
3270 1405 3447 1474 capite
3492 1422 3604 1460 xvn
3633 1417 3692 1461 et

2117 1507 2273 1548 xvnt:
2315 1492 2635 1547 Antichristi
2679 1493 3080 1550 damnationem
3117 1493 3238 1550 fuse
3267 1496 3544 1563 describit,
3568 1513 3696 1568 qua:

2116 1583 2292 1652 capita
2322 1584 2410 1638 hic
2441 1593 2663 1638 sanctus
2693 1582 3013 1655 Hippolytus
3053 1586 3106 1640 in
3147 1595 3373 1642 extenso
3427 1587 3612 1654 refert,
3636 1598 3698 1644 et

2117 1675 2336 1729 demum
2388 1674 2574 1730 subdit
2619 1676 2736 1746 (3):
2769 1677 3110 1745 Apertissime
3142 1679 3197 1732 in
3231 1680 3313 1734 his
3372 1682 3693 1736 testimoniis

2117 1765 2400 1834 sigillatim
2435 1766 2764 1820 declaratum
2799 1778 2875 1820 est
2938 1767 3001 1822 de
3045 1778 3420 1824 tormentorum
3457 1772 3695 1840 judicio,

439 1871 583 1935 mile,
634 1869 778 1940 quod
839 1832 969 1924 sunt
1013 1867 1193 1921 Persae
1227 1905 1241 1920 .
1277 1902 1292 1918 .
1328 1903 1341 1917 .
1377 1864 1618 1920 Dicendo
1673 1873 1855 1918 autem
1912 1873 2014 1918 tres
2047 1832 2089 1888 Β
2120 1873 2236 1926 qua:
2263 1857 2509 1910 emtremis
2555 1858 2872 1924 temporibus
2912 1873 3003 1927 per
3041 1869 3406 1928 tyrannorum,
3445 1863 3535 1932 qui
3566 1874 3698 1916 tunc

439 1975 596 2019 costa:
626 1964 761 2034 (sive
793 1962 1033 2032 ordines)
1068 1962 1121 2014 in
1163 1977 1252 2014 ore
1292 1959 1426 2029 ejus,
1458 1970 1569 2014 tres
1598 1967 1786 2026 gentes
1814 1957 2021 2028 signia-

440 2058 603 2123 cavit,
633 2055 852 2118 Persas,
885 2053 1069 2109 Medos
1101 2061 1155 2108 et
1179 2052 1530 2124 Babylonios,
1573 2049 1738 2120 idque
1781 2048 2020 2103 ostendit

443 2157 729 2218 argentum
783 2145 1104 2216 adjunctum
1157 2158 1294 2197 auro
1323 2143 1375 2196 in
1408 2140 1726 2196 simulacro.
1761 2137 2021 2208 Sequitur

442 2240 603 2294 tertia
651 2237 821 2293 bestia
855 2237 1077 2306 pardus,
1136 2249 1330 2304 nempe
1382 2231 1592 2297 Graeci;
1649 2238 1774 2300 post
1823 2228 2020 2284 Persas

441 2332 587 2386 enim
617 2330 925 2385 Alexander
956 2326 1180 2383 Macedo
1211 2340 1395 2381 rerum
1444 2325 1652 2395 potitus
1702 2331 1786 2377 est
1831 2320 2019 2376 debel-

405 2421 552 2486 ,lato
579 2419 762 2482 Dario,
794 2420 887 2490 qui
924 2420 979 2474 in
1031 2417 1327 2474 simulacro
1357 2418 1482 2471 ceris
1529 2415 1712 2485 specie
1763 2421 2021 2468 ostensus

442 2521 546 2566 est.
574 2511 810 2566 Dicendo
840 2520 1021 2565 autem
1053 2519 1284 2579 quatuor
1330 2509 1447 2561 alas
1503 2505 1754 2570 volucris,
1788 2503 2021 2573 apertis-

442 2602 582 2656 sime
606 2601 792 2656 docuit
827 2600 1104 2670 quomodo
1138 2598 1427 2652 Alexandri
1457 2597 1749 2667 imperium
1783 2595 2020 2650 divisum

441 2691 577 2758 fuit;
613 2693 841 2748 dicendo
864 2692 1010 2747 enim
1040 2700 1276 2762 quatuor
1302 2691 1478 2760 capita
1503 2731 1517 2757 ,
1545 2698 1802 2760 quatuor,
1831 2686 2019 2757 qui-ex

443 2779 537 2832 illo
574 2789 928 2835 surrexerunt
953 2795 1126 2850 rcges,
1159 2779 1518 2844 memoravit;
1543 2777 1851 2832 Alexander
1875 2777 2021 2830 enim

443 2872 687 2925 moriens
709 2871 996 2940 imperium
1025 2872 1260 2925 solidum
1317 2871 1372 2924 in
1412 2880 1649 2940 quatuor
1679 2878 1862 2939 partes
1886 2868 2024 2922 divi-

445 2961 536 3014 sit.
570 2959 771 3014 Deinde
794 2961 871 3014 ait
900 2979 912 3014 :
945 2960 1126 3014 Bestia
1151 2970 1345 3031 quarta
1370 2960 1622 3015 terribilis
1653 2977 1716 3014 ac
1739 2959 2017 3030 stupenda,

445 3053 624 3105 dentes
654 3053 768 3120 ejus
802 3052 980 3121 ferrei,
1040 3061 1089 3106 et
1148 3069 1346 3122 ungues
1393 3053 1508 3122 ejus
1580 3055 1732 3107 wnei.
1787 3052 2022 3118 Quinam

447 3145 562 3206 isti,
599 3145 702 3198 nisi
761 3143 1014 3211 Romani,
1063 3145 1209 3216 quod
1261 3155 1346 3200 est
1404 3146 1666 3209 ferreum,
1699 3145 1844 3215 quod
1878 3158 2024 3198 nunc
2053 3179 2093 3236 ο

447 3245 577 3303 stat,
610 3246 900 3307 manetque
930 3237 1243 3307 imperium,
1277 3251 1438 3291 crura
1477 3237 1620 3290 enim
1656 3236 1776 3306 ejus
1810 3235 2021 3302 ferrea;

445 3340 573 3395 pom
594 3327 708 3381 hzec
722 3328 876 3381 enim
905 3327 1044 3397 quid
1075 3328 1223 3383 aliud
1253 3337 1492 3398 superat,
1526 3329 1872 3394 cbarissime,
1894 3344 2027 3398 prce-

446 3428 532 3472 ter
555 3419 781 3488 vestigia
809 3419 1007 3488 pedum
1071 3420 1375 3486 simulacri,
1433 3429 1488 3475 et
1538 3421 1591 3474 in
1652 3421 1853 3490 quibus
1895 3435 2024 3490 pars

448 3509 697 3576 quasdam
727 3507 923 3574 ferrea,
983 3523 1111 3578 pars
1146 3524 1278 3563 vero
1335 3519 1504 3565 testea
1559 3519 1664 3574 est,
1720 3513 2028 3568 commistis

449 3599 592 3653 inter
623 3615 681 3654 se
710 3599 1030 3668 speciebus?
1056 3599 1158 3653 Per
1181 3616 1390 3670 ungues
1411 3602 1609 3671 pedum
1641 3618 1842 3658 arcano
1863 3620 2029 3659 sensu

455 3704 615 3760 rcges
643 3706 709 3744 ex
743 3691 836 3744 illo
865 3699 1042 3746 ortum
1097 3693 1384 3749 habituros
1436 3695 1757 3765 designavit,
1802 3697 1880 3752 uti
1934 3697 2031 3752 Da-

450 3783 559 3838 niel
591 3785 665 3839 ait
693 3804 704 3836 :
735 3783 1046 3854 Cogitabam
1102 3784 1343 3851 bestiam,
1379 3795 1428 3840 et
1473 3804 1588 3842 ecce
1620 3804 1818 3842 cornua
1857 3790 2029 3844 decem

441 3883 593 3970 ‘retro
619 3891 756 3942 eam,
787 3875 927 3929 inter
960 3892 1076 3946 qua:
1105 3887 1282 3947 surget
1312 3878 1641 3932 minusculus
1689 3879 1824 3934 stolo
1863 3882 2026 3946 alius,

449 3976 501 4021 et
526 3969 652 4031 tria,
687 3983 803 4037 qua:
843 3978 964 4022 ante
995 3969 1171 4038 ipsum
1205 3979 1378 4036 erant,
1433 3985 1630 4023 cornua
1657 3973 1858 4026 evellet.
1912 3973 2031 4039 Quo

453 4076 562 4115 non
586 4061 756 4126 aliud,
788 4076 953 4130 quam
988 4061 1359 4116 Antichristus
1418 4071 1757 4118 monstratus
1780 4072 1884 4128 est,
1934 4065 2029 4134 qui

451 4165 504 4207 et
533 4154 646 4222 ipse
692 4152 1008 4208 Judworum
1065 4169 1292 4223 regnum
1327 4154 1694 4209 suscitaturus
1744 4167 1871 4210 est:
1927 4157 2028 4211 tria

453 4261 658 4300 cornua
706 4262 801 4315 per
841 4262 966 4300 eum
1004 4247 1191 4302 evulsa
1233 4257 1342 4303 tres
1369 4265 1525 4317 reges
1573 4257 1753 4313 vocat,
1785 4248 2028 4321 lEgypti,

452 4336 636 4408 Lybiae
691 4347 746 4392 et
823 4337 1147 4409 Aithiopiae,
1215 4356 1354 4409 quos
1432 4339 1720 4395 interfieict
1785 4342 1837 4394 in
1903 4341 2029 4396 belli

453 4446 588 4484 aete.
613 4449 633 4482 ι

2121 1956 2292 2013 erant,
2325 1946 2579 2016 iujnriam
2608 1947 2756 2000 illam
2798 1950 3067 2003 incessura
3099 1960 3241 2005 sunt.

2193 2038 2384 2095 Postea
2415 2039 2675 2094 describit
2697 2040 2754 2095 S.
2784 2039 2964 2108 Pater,
3009 2043 3284 2112 quomodo
3320 2058 3379 2099 se
3423 2043 3702 2099 Antichria

2125 2141 2240 2186 stus
2279 2141 2336 2185 ut
2359 2130 2528 2186 Deum
2565 2133 2840 2187 exhibebit
2871 2134 2948 2203 (4)
2971 2135 3344 2204 populumque
3371 2135 3436 2189 ad
3477 2151 3535 2190 se
3561 2151 3704 2190 con-

2124 2224 2367 2294 gregabit
2419 2223 2495 2295 (5)
2535 2234 2698 2293 atque
2724 2236 3113 2296 persecuturus
3146 2227 3217 2282 sit
3260 2226 3558 2282 Ecclesiam
3589 2228 3694 2298 (6).

2125 2315 2352 2372 Mortem
2382 2317 2702 2373 Antichristi
2735 2320 2953 2374 tandem
2985 2320 3174 2374 statuit
3223 2329 3345 2390 post
3380 2320 3497 2375 dies
3541 2321 3699 2391 regni

2125 2410 2298 2480 ipsius
2329 2411 2476 2466 mille
2504 2411 2768 2467 ducentos
2799 2421 2853 2466 et
2885 2414 3186 2483 sexaginta.
3223 2409 3319 2467 IIis
3348 2420 3526 2466 autem
3546 2427 3704 2467 com-

2125 2503 2286 2573 pletis
2328 2503 2486 2558 docet
2540 2503 2776 2558 futuram
2828 2504 3015 2558 mundi
3067 2503 3304 2558 universi
3339 2493 3698 2559 consummas

2125 2594 2358 2658 tionem,
2417 2594 2682 2662 judicium
2737 2605 3076 2660 extremum,
3133 2611 3469 2667 regnumque
3523 2597 3701 2652 casio—

2126 2698 2248 2740 t'um
2281 2686 2380 2755 (7).

2201 2779 2445 2850 Denique
2485 2778 2543 2833 S.
2606 2777 2926 2851 Hippolytus
2972 2796 3126 2835 suam
3179 2779 3699 2835 demonstrationem

2128 2873 2481 2942 sequentibus
2515 2873 2826 2928 concludit:
2884 2893 2901 2922 ε
2934 2871 3058 2926 Ilzec
3095 2873 3190 2928 tibi
3225 2873 3414 2943 paucis
3446 2871 3700 2942 exposui,

2129 2959 2450 3033 'I‘beophile,
2499 2979 2566 3017 ex
2621 2963 2820 3019 divinis
2867 2963 3164 3033 Scripturis
3211 2963 3429 3030 hausta,
3478 2971 3539 3015 ut
3585 2976 3706 3016 ser-

2127 3055 2306 3110 vando
2339 3055 2465 3120 fide,
2501 3071 2622 3126 quze
2657 3055 2860 3124 scripta
2915 3064 3061 3120 sunt,
3112 3054 3557 3124 prospiciensque
3608 3050 3705 3106 fu-

2129 3156 2272 3212 tura,
2310 3147 2632 3200 inoffensum
2660 3155 2710 3201 te
2740 3145 2847 3200 Deo
2877 3162 2941 3201 ac
2997 3147 3309 3201 hominibus
3363 3161 3566 3209 serves,
3607 3161 3704 3199 ex-

2130 3238 2620 3307 spectansobeatam
2657 3252 2806 3306 spem
2848 3247 2902 3292 et
2931 3237 3346 3293 illustrationem
3378 3236 3471 3292 Dei
3497 3245 3550 3291 et
3577 3235 3699 3290 Sal-

2130 3329 2340 3385 vatoris
2371 3330 2566 3396 nostri,
2597 3329 2651 3384 in
2680 3345 2786 3400 qua
2817 3330 3093 3384 suscitatis
3121 3331 3325 3386 sanctis
3350 3330 3551 3385 nostris
3573 3345 3699 3384 cum

2128 3424 2209 3476 eis
2246 3421 2519 3476 laetabitur
2539 3421 2847 3492 glorificans
2880 3421 3126 3488 Patrem;
3159 3421 3259 3492 ipsi
3284 3421 3453 3493 gloria
3475 3421 3529 3477 in
3559 3435 3704 3477 sem~

2130 3512 2338 3582 piterna
2375 3512 2572 3567 smcula
2606 3513 2950 3569 saeculorum.
2979 3513 3204 3568 Amen.»

2656 3643 3053 3701 ARTICULUS
3084 3645 3169 3701 III.

2207 3786 2250 3825 S.
2274 3785 2551 3826 IIIPPOLY'I'I
2591 3785 2897 3825 OPUSCULUM
2949 3786 3016 3824 DE
3061 3784 3313 3825 HISTORIA
3352 3786 3617 3826 SUSANNE.

2205 3876 2736 3936 Demonstrationem
2775 3882 2842 3935 de
2889 3880 3113 3936 Christo
3150 3891 3205 3936 et
3248 3882 3584 3938 Antichristo
3610 3891 3709 3936 ex-

2133 3968 2265 4038 cipit
2294 3969 2618 4039 opusculum
2645 3969 2702 4023 in
2733 3967 3061 4031 Susannam,
3099 3986 3127 4023 a
3159 3970 3487 4025 Combefisio
3518 3969 3707 4025 Graece

2133 4077 2198 4115 ac
2241 4059 2430 4116 Latine
2453 4061 2731 4134 vulgatum
2797 4060 2916 4132 (8):
2956 4062 3081 4116 hinc
3123 4077 3252 4116 vero
3282 4076 3312 4116 a
3370 4060 3620 4116 Fabricio
3648 4061 3706 4115 in

2133 4167 2288 4206 suam
2313 4152 2606 4208 editionem
2633 4153 2941 4222 conjectum
2997 4153 3110 4223 (9):
3145 4155 3323 4208 versio
3358 4163 3540 4208 autem
3601 4152 3708 4208 Las

2132 4245 2246 4297 tina
2264 4243 2324 4298 in
2355 4243 2682 4299 Bibliotheca
2735 4241 2836 4298 SS.
2878 4242 3099 4297 Patrum
3161 4243 3508 4314 Lugdunensi
3553 4259 3709 4313 rcpw

2134 4338 2229 4392 tita
2266 4338 2397 4407 (10).
2429 4338 2695 4408 chujus
2745 4338 2992 4407 opusculi
3050 4338 3357 4409 integritate
3401 4351 3563 4392 nemo
3583 4337 3710 4407 jure

2134 4430 2391 4500 ambigat,
2429 4430 2522 4484 ubi
2563 4429 2806 4485 conferat
2861 4430 2989 4484 illud
3027 4446 3151 4484 cum
3197 4429 3550 4500 praecedentis
3581 4443 3704 4498 cap.

524 4520 726 4574 Eodem
763 4518 874 4574 fere
926 4521 1091 4576 modo
1133 4520 1192 4575 S.
1245 4521 1564 4595 Hippolytus
1599 4525 1872 4578 somnium
1922 4522 2030 4578 Na-
2058 4541 2101 4598 α
2136 4525 2224 4579 59.
2261 4523 2539 4594 Siquidem
2571 4525 2859 4595 utrobique
2889 4539 3070 4596 parem
3101 4524 3409 4595 Scripturas
3436 4524 3708 4592 interpre-

453 4613 928 4670 buchodonosoris
960 4616 1027 4670 de
1058 4618 1260 4686 ingenti
1320 4633 1386 4672 ac
1446 4619 1552 4671 alta
1611 4627 1808 4683 statua,
1859 4633 2023 4688 quam

454 4705 641 4761 Daniel
671 4707 976 4777 descripsit,
1028 4709 1413 4778 interpretatur
1443 4710 1540 4780 (9.).
1575 4710 1812 4766 Aureum
1840 4723 2024 4783 caput,

455 4799 652 4869 inquit,
686 4799 986 4865 simulacri,
1038 4802 1238 4866 leaenae,
1303 4822 1321 4854 ε
1351 4801 1629 4874 Babylonii
1683 4813 1875 4870 erant;
1918 4805 2026 4858 hu-

454 4890 592 4943 meri
621 4899 675 4944 et
709 4891 931 4946 brachia
975 4902 1252 4962 argentea,
1303 4910 1488 4958 ursus,
1543 4894 1725 4950 Persa:
1753 4905 1807 4950 et
1851 4895 2023 4961 Medi;

452 4990 644 5037 venter
687 4981 974 5053 femurque
1001 4999 1235 5049 aeneum,
1285 4986 1509 5056 pardus,
1543 4989 1636 5058 qui
1674 4989 1743 5043 ab
1793 4988 2026 5041 Alexan-

453 5075 554 5128 dro
583 5073 756 5130 Graeci
814 5091 995 5130 rerum
1047 5077 1198 5146 potiti
1262 5089 1420 5146 sunt;
1470 5096 1632 5134 crura
1679 5079 1875 5145 ferrea,
1906 5091 2026 5134 stu-

453 5168 629 5237 penda
656 5167 826 5222 bestia
852 5184 915 5222 ac
937 5169 1216 5234 terribilis,
1259 5167 1513 5234 Romani,
1547 5173 1639 5242 qui
1673 5187 1816 5226 nunc
1841 5186 2024 5224 rerum

454 5255 768 5324 potiuntur;
794 5257 1018 5328 vestigia
1053 5259 1272 5327 pedum,
1299 5270 1433 5316 testa
1462 5261 1795 5331 ferrumque,
1824 5274 1888 5314 ac
1935 5260 2028 5315 de-

527 5456 603 5528 (1)
631 5453 912 5529 _Hippolyt.
941 5460 977 5514 I.
1007 5477 1083 5524 c.,
1117 5477 1268 5515 num.
1299 5461 1370 5515 25
1403 5493 1419 5501 -
1444 5461 1533 5515 98.

527 5529 604 5598 (2)
631 5527 798 5595 Idem,
833 5527 987 5597 ibid.,
1019 5548 1172 5586 num.
1198 5532 1286 5585 ‘28.

528 5599 606 5667 (ὅ)
638 5598 801 5663 Idem,
833 5599 988 5665 ibid.,
1015 5602 1050 5654 Ι.
1075 5617 1125 5656 c.
1156 5618 1308 5656 num.
1337 5603 1426 5655 45.

526 5670 604 5736 (4)
629 5667 770 5721 Idem
797 5670 893 5734 ib.,
919 5688 1070 5726 num.
1103 5672 1190 5726 5‘2.

531 5739 606 5806 (5)
638 5737 715 5808 Id.
754 5739 910 5808 ibid.,
945 5758 1096 5796 num.
1129 5743 1218 5796 54.

531 5808 607 5880 (6)
635 5807 710 5864 ld.
740 5809 896 5882 ibid.,
937 5826 1088 5871 num.
1123 5813 1192 5866 56
1215 5823 1266 5868 et
1300 5829 1416 5882 seq.

2136 4616 2286 4670 tandi
2322 4617 2585 4671 rationem
2623 4615 2779 4672 facile
2803 4625 3079 4688 agnoscet.
3113 4615 3210 4672 His
3251 4616 3460 4671 accedit
3489 4613 3708 4686 Georgii

2138 4706 2373 4777 Syncelli
2405 4709 2804 4775 testimonium,
2841 4711 2932 4779 qui
2954 4709 3216 4779 scriptum
3249 4708 3707 4779 bujusmodiper—

2134 4797 2332 4868 legisse
2357 4799 2593 4854 videtur.
2650 4800 2742 4856 Sic
2769 4801 2912 4856 enim
2941 4802 3128 4857 scribit
3160 4803 3270 4872 (11)
3298 4820 3312 4856 :
3363 4820 3382 4852 ι
3423 4799 3586 4855 Sacer
3614 4817 3708 4854 au-

2137 4899 2244 4944 tem
2271 4889 2591 4962 Hippolytus
2620 4893 2674 4947 in
2710 4894 2913 4962 scripto
2964 4895 3031 4949 de
3089 4893 3340 4948 Susanna
3375 4902 3429 4947 et
3459 4892 3702 4956 Daniele,

2135 4981 2383 5038 Ioacbim
2418 4982 2648 5039 Joacimi
2706 4985 2914 5053 ﬁlium,
2959 4987 3066 5042 alio
3097 4986 3315 5040 nomine
3361 4985 3703 5049 Jechoniam,

2135 5090 2260 5130 Cum
2294 5083 2402 5129 tres
2438 5092 2612 5131 annos
2654 5086 2777 5147 post
2809 5089 3016 5148 patrem
3077 5078 3417 5148 imperasset,
3477 5078 3708 5149 Babylo-

2137 5181 2259 5220 nem
2287 5182 2409 5222 cum
2465 5167 2690 5238 reliquis
2747 5169 3107 5237 translatum;
3163 5169 3440 5226 Danielem
3485 5186 3613 5226 vero
3643 5186 3707 5226 ac

2137 5269 2247 5314 tres
2289 5275 2489 5329 pueros
2517 5261 2846 5331 captivitatis
2873 5263 3036 5333 hujus
3059 5273 3381 5330 consortes;
3413 5278 3536 5319 eum
3577 5278 3708 5318 vero

2208 5461 2286 5526 (7)
2316 5459 2394 5516 Id.
2433 5461 2590 5525 ibid.,
2624 5477 2775 5516 num.
2809 5461 2897 5516 61.
2929 5460 3018 5527 62,
3051 5461 3139 5524 65,
3163 5460 3252 5526 64,
3285 5459 3374 5521 65,
3403 5459 3491 5514 66.

2138 5531 2652 5656 50(85))600111beiisq
2718 5533 2937 5584 Auctor.
3003 5533 3221 5594 κονίει,
3285 5541 3418 5583 tom.
3477 5528 3519 5596 I,
3581 5543 3706 5599 pag.

2210 5642 2500 5746 “ibam”
2523 5670 2794 5746 Ilippolyt.
2812 5681 2961 5746 _tom.
2985 5671 3008 5726 I
3039 5669 3355 5746 Opp_.,__pag_.
3385 5669 3490 5725 273
3507 5677 3576 5746 et_
3587 5683 3705 5746 seq.

2209 5743 2322 5808 (10)
2347 5741 2490 5796 Bibl.
2531 5740 2647 5796 ΡῬζ
2681 5740 2949 5812 l.ugdun.,
2989 5752 3120 5794 tom.
3150 5741 3361 5812 XXVII,
3388 5755 3508 5811 pag.
3548 5740 3638 5796 62.

2213 5812 2326 5882 (11)
2352 5812 2745 5883 Chronograph.
2767 5811 2902 5883 pag.
2927 5813 3054 5880 218,
3083 5812 3152 5865 al.
3183 5811 3300 5865 174.
