4034 6404
519 349 628 408 295

1501 345 1589 401 DE
1626 343 1789 400 νιΤΑ
1821 343 1911 399 ΕΤ
1952 341 2270 399 SCRIPTIS
2307 341 2366 398 S.
2402 339 2788 396 lllPPOLYTl.

3661 340 3774 398 296

519 469 616 541 lyti
648 468 734 524 sui
761 468 1072 535 volumine;
1112 467 1203 538 qui
1227 476 1412 538 postea
1436 466 1653 522 'codicis
1687 465 1936 522 Vaticani
1973 481 2106 535 apo-
2138 470 2176 526 Α
2207 465 2320 529 ire;
2345 464 2477 534 quid
2510 463 2658 518 aliud
2699 462 2804 517 sibi
2844 461 2976 525 vult,
3013 460 3114 515 nisi
3161 460 3306 530 quod
3354 457 3514 514 Lucze
3545 474 3657 524 svr,
3713 457 3793 514 26

523 560 788 631 graphum
817 569 1030 626 nactus,
1059 559 1206 628 quod
1232 574 1355 613 cum
1382 573 1449 612 eo
1487 557 1909 612 communicavit
1935 555 2112 610 Mont-

522 651 812 706 fauconius
838 649 903 704 γ.
936 649 1024 716 C.,
1056 651 1108 703 in
1141 649 1442 719 posteriore
1472 648 1658 703 Graece
1689 658 1744 704 et
1786 648 1978 704 Latine
2017 665 2111 704 eo-

523 745 648 800 dem
711 743 981 799 Turriano
1026 743 1319 812 interprete
1364 756 1504 811 opus
1549 741 1808 812 vulgavit.
1854 741 1996 796 Idem
2035 741 2106 796 cl.

527 838 705 892 editor
740 835 1049 907 suspicatur
1081 833 1358 888 laudatam
1389 833 1901 888 Demonstrationem
1923 834 2110 888 adver-

523 915 612 984 sus
659 928 876 983 Judaros
934 942 1054 983 esse
1092 926 1436 997 particulam
1484 928 1984 981 commentariorum
2045 925 2106 981 S.

447 1007 462 1028 κ
525 1021 802 1092 Hippolyti
843 1023 898 1074 in
932 1019 1198 1083 Psalmos,
1228 1036 1354 1097 cum
1415 1021 1488 1076 sit
1535 1021 1704 1076 veluti
1756 1023 2108 1092 paraphrasis

522 1115 726 1171 Psalmi
773 1131 966 1180 vam,
993 1115 1148 1185 juxta
1201 1111 1461 1168 Hebraeos
1485 1129 1635 1180 LXIX,
1663 1115 1720 1168 in
1765 1129 1877 1184 quo
1925 1113 2106 1182 passio

521 1207 737 1263 Christo
791 1223 822 1262 a
867 1205 1071 1264 Judeis
1101 1207 1384 1263 inferenda
1410 1207 1812 1278 praenuntiatur
1841 1219 1871 1260 a
1906 1205 2107 1261 Davide

524 1300 671 1374 regio
701 1301 897 1371 psalle.

1069 1429 1470 1487 AliTlCULUS
1511 1429 1573 1486 V.

524 1563 590 1603 DE
618 1562 777 1604 LIBBO
813 1565 834 1600 ε
862 1562 1133 1602 Αυνιειιευε
1169 1561 1410 1608 (πίεσθε,
1437 1562 1534 1601 SEU
1577 1557 1788 1600 CONTRA
1825 1553 2104 1601 ῐιιΑτοΝεκ

1001 1632 1067 1673 νε
1098 1631 1267 1673 CAUSA
1298 1633 1562 1672 UNWERSI.
1596 1637 1615 1668 ι

594 1730 802 1798 Quarto
830 1731 950 1784 loco
987 1728 1403 1784 memorandum
1439 1729 1681 1784 occurrit
1714 1727 1928 1799 insigne
1961 1727 2104 1798 frag-

2215 557 2478 612 Dominus
2495 557 2971 627 pronuntiaverat:
2995 551 3062 606 Et
3091 554 3143 606 in
3173 553 3253 605 his
3274 551 3514 605 omnibus
3533 551 3793 604 inter—nos

2208 659 2258 704 et
2287 665 2372 703 vos
2399 649 2556 702 chaos
2581 663 2828 718 magnum
2852 647 3123 716 ﬁrmatum
3145 653 3244 709 est,
3261 644 3598 716 ἐστήρικται,
3627 653 3684 697 ut
3707 644 3794 710 hi,

2208 742 2298 812 qui
2323 740 2502 795 volunt
2521 741 2644 793 hinc
2671 739 2898 793 transire
2918 738 2987 791 ad
3011 753 3119 801 vos,
3147 753 3251 790 non
3275 736 3500 807 possint,
3518 751 3677 806 neque
3701 735 3796 788 in-

2208 832 2272 886 de
2295 833 2396 885 huc
2421 842 2747 885 transmeare
2766 831 2791 885 ?

2285 941 2304 973 ‹
2335 921 2442 976 Eos
2495 921 2673 977 dedita
2723 934 2888 991 opera
2936 934 3044 974 non
3092 916 3303 986 refello,
3345 917 3440 988 qui
3496 925 3793 972 tractatum

2171 1011 2577 1083 -istuijaio,
2632 1010 2880 1079 Justino,
2931 1011 3156 1072 Irenzeo,
3207 1007 3431 1080 Origeni
3474 1018 3530 1063 et
3574 1007 3798 1064 Meletio

2207 1104 2599 1173 ascripserunt.
2650 1102 2837 1158 Satius
2865 1102 2936 1159 sit
2966 1103 3146 1167 nobis,
3183 1102 3234 1156 in
3268 1102 3624 1172 inscriptione
3652 1101 3799 1172 lapi-

2206 1198 2305 1252 dea
2333 1197 2722 1260 vetustissima,
2745 1211 2868 1266 quae
2895 1195 3194 1251 etiamnum
3225 1204 3424 1258 exstat.
3453 1196 3594 1250 inter
3622 1210 3796 1264 opera

2209 1289 2482 1362 Hippolyti
2509 1290 2827 1346 Portuensis
2846 1289 3088 1361 episcopi
3117 1291 3387 1345 recenseri
3421 1290 3620 1344 librum
3648 1288 3794 1360 πρὸς

2208 1383 2490 1446 Πλάτωνα,
2527 1382 2559 1454 ἢ
2605 1384 2737 1456 περὶ
2779 1383 2871 1438 τοῦ
2923 1381 3140 1446 παντός,
3172 1380 3296 1451 ad.(
3315 1380 3605 1451 adversus)
3654 1381 3797 1434 Pla—

2209 1487 2402 1540 (onem,
2429 1494 2518 1532 seu
2563 1477 2626 1532 de
2664 1479 2928 1539 universo,
2961 1483 3023 1530 ut
3064 1475 3298 1530 alterum
3327 1476 3476 1531 illius
3507 1485 3794 1545 parentem

2207 1587 2316 1626 non
2349 1586 2680 1641 quaeramus.
2721 1570 2992 1630 Nimirum
3037 1573 3305 1630 accidisse
3353 1580 3568 1644 oportet
3612 1572 3696 1625 ut’
3725 1571 3796 1624 li-

2207 1663 2445 1727 brarius,
2488 1679 2612 1719 cum
2657 1665 2711 1719 in
2756 1667 2964 1733 codice,
2989 1682 3153 1736 quem
3183 1681 3295 1735 pra:
3317 1664 3491 1745 oculis
3531 1663 3794 1728 habebat,

2209 1752 2417 1822 primas
2452 1752 2718 1808 duntaxat
2756 1754 2998 1810 nominis
3028 1753 3300 1824 Hippolyti
3331 1752 3540 1807 litteras
3572 1750 3798 1807 Grmcus

523 1834 769 1879 mentum
816 1823 1059 1891 exlibro
1102 1823 1351 1877 adversus
1395 1819 1634 1886 Graecos,
1663 1822 1754 1891 qui
1800 1820 2107 1874 inscribitur

2210 1819 2626 1909 legeret,"11:no,
2650 1842 2838 1898 deletis
2861 1843 2946 1898 vel
2965 1819 3290 1914 compandio
3315 1833 3626 1912 suppressis
3645 1842 3796 1907 aliis,

523 1918 772 1972 adversus
846 1915 1148 1983 Platonem,
1203 1916 1266 1970 de
1303 1931 1466 1970 causa
1495 1916 1761 1980 uniuersi;
1793 1930 1954 1985 quem
1981 1915 2106 1984 qui-

523 2013 646 2068 dem
682 2013 738 2066 in
772 2011 1037 2065 laterculo
1081 2011 1294 2082 lapideo
1336 2020 1695 2065 memoratum
1726 2008 1934 2072 videas,
1968 2008 2105 2080 πρὸς

526 2103 793 2175 Ἕλληνας
832 2103 926 2158 καὶ
973 2103 1109 2176 πρὸς
1150 2104 1430 2170 Πλάτωνα,
1462 2101 1495 2175 ἢ
1531 2103 1625 2157 καὶ
1669 2102 1796 2173 περὶ
1827 2101 1919 2155 τοῦ
1965 2119 2104 2155 παν-

525 2196 636 2260 τός.
669 2195 832 2250 Plura
863 2195 930 2251 de
958 2209 1024 2251 eo
1049 2196 1260 2250 erudite
1288 2195 1573 2250 Fabricius
1600 2194 1735 2265 (22).
1773 2191 1971 2263 Scripti
2004 2192 2108 2246 hu-

528 2287 614 2354 ius
644 2284 948 2358 Hippolytel
991 2286 1305 2358 praestantia
1354 2286 1464 2342 duo
1496 2294 1772 2355 excerpta,
1797 2293 1857 2352 et
1884 2283 2105 2354 quidem

523 2379 684 2434 editis
720 2377 1110 2447 emendatiora,
1145 2387 1362 2435 exstant
1393 2379 1448 2432 in
1483 2376 1772 2432 Parallelis
1817 2375 2108 2431 Damasce-

527 2467 666 2524 nicis
716 2467 1162 2538 Rupefucaldinis
1211 2485 1334 2540 pag.
1373 2466 1478 2524 755
1525 2477 1580 2524 et
1625 2468 1746 2532 789,
1778 2467 2106 2538 quibuscum

525 2571 811 2630 propterea
842 2561 1048 2616 editum
1084 2559 1471 2618 Fabricianum
1508 2560 1744 2618 contulit
1789 2561 1857 2617 cl.
1886 2561 2109 2617 Callan-

525 2653 670 2706 dius.

595 2767 1048 2839 Quandoquidem
1083 2783 1215 2824 vero
1246 2769 1314 2824 de
1339 2768 1503 2840 hujus
1541 2768 1723 2839 operis
1759 2776 1984 2823 auctore
2011 2783 2109 2821 va-

527 2861 610 2914 ria
655 2873 768 2916 tum
822 2870 1104 2927 veterum,
1153 2871 1269 2916 tum
1308 2861 1672 2916 recentiorum
1723 2857 2109 2916 circumfertur

529 2954 735 3022 opinio,
784 2954 838 3008 in
873 2954 1111 3007 medium
1148 2954 1420 3009 adducere
1451 2953 1629 3023 placet
1652 2953 1938 3025 Lequienii
1963 2953 2108 3024 judi-

527 3043 703 3110 cium;
740 3043 898 3114 cujus
941 3035 1159 3114 quidem
1206 3044 1309 3098 viri
1357 3043 1659 3099 doctissimi
1686 3044 2011 3098 sententiam
2044 3043 2110 3096 li—

528 3138 719 3192 benter
753 3137 1150 3207 amplectimur.
1205 3136 1299 3190 Sic
1351 3135 1517 3206 igitur
1560 3137 1650 3190 ille
1677 3137 1835 3206 (23):
1880 3155 1898 3187 ‹
1928 3134 2109 3190 Lucu-

527 3228 795 3284 brationis
839 3228 1000 3298 hujus
1030 3227 1167 3299 Περὶ
1211 3227 1307 3280 τοῦ
1351 3227 1573 3290 παντός,
1611 3225 1684 3280 De
1718 3227 1980 3291 universo,
2008 3242 2105 3280 ex-

528 3333 772 3390 cerptum
816 3320 962 3374 aliud
993 3319 1223 3373 habetur
1255 3319 1309 3372 in
1349 3318 1433 3373 his
1460 3316 1746 3372 Parallelis
1780 3317 2109 3389 Rupefucal-

528 3412 693 3474 diuis,
743 3411 844 3464 litt.
895 3427 946 3474 a,
980 3409 1062 3464 tit.
1096 3408 1184 3474 Ἡ,
1237 3408 1328 3462 ubi
1375 3407 1586 3462 Meletio
1636 3409 1958 3464 Antiocheno
2011 3409 2108 3464 tri-

530 3499 737 3553 buitur.
804 3497 1030 3552 Photius
1084 3497 1196 3569 (24)
1257 3499 1359 3552 hoc
1403 3499 1542 3554 idem
1601 3515 1738 3570 opus
1773 3503 2107 3571 assignatum

461 3605 465 3610 '
530 3591 700 3645 fuisse
728 3601 916 3644 narrat
941 3592 1144 3646 sanctis
1165 3589 1404 3658 Justino,
1439 3591 1646 3647 [remeo
1671 3602 1724 3648 et
1749 3591 1883 3648 Caio
1908 3592 2112 3648 Roma-

529 3698 615 3736 nae
660 3681 917 3737 Ecclesia:
945 3680 1282 3754 presbytero.
1328 3683 1551 3754 Josephi
1596 3685 1814 3755 quidem
1847 3699 1953 3738 non
1987 3699 2111 3740 esse

531 3775 701 3828 fetum
730 3775 854 3829 inde
879 3776 1185 3832 certissime
1212 3789 1465 3832 constare
1485 3779 1740 3842 arbitror,
1765 3780 1907 3848 quod
1937 3778 2111 3833 amba:

467 3926 473 3930 _
532 3867 649 3922 istze
701 3868 930 3936 laciniae,
969 3869 1080 3923 imo
1131 3878 1304 3924 totum
1347 3869 1733 3940 fragmentum,
1784 3871 1928 3941 quod
1983 3869 2110 3925 ιιωο

531 3961 768 4017 schelius
792 3961 844 4016 in
878 3963 1021 4017 notis
1051 3963 1118 4018 ad
1147 3962 1405 4019 Photium
1439 3963 1625 4019 Graece
1656 3965 1842 4029 edidit,
1870 3979 1934 4018 ac
1957 3963 2108 4018 Grae—

528 4069 591 4110 ce
619 4054 914 4126 Latinequc
939 4055 1245 4127 Stephanus
1266 4057 1341 4112 Le
1361 4057 1555 4128 Moyne
1578 4058 1719 4111 inter
1755 4055 1916 4110 Varia
1931 4073 2108 4123 sacra,

527 4148 922 4216 Christianum,
948 4165 1058 4204 non
1092 4148 1338 4207 Judaeum
1375 4159 1652 4205 auctorem
1686 4149 1938 4219 prodant.
1971 4147 2109 4204 Nam

527 4240 808 4297 Christum
836 4257 958 4298 esse
984 4241 1157 4298 Deum
1188 4241 1432 4298 Verbum
1466 4243 1645 4305 docet,
1674 4243 1784 4296 imo
1820 4240 1991 4296 Deum
2025 4242 2108 4297 fa-

529 4349 676 4390 ctum
707 4335 1006 4403 hominem,
1032 4335 1164 4390 Θεὸν
1192 4335 1707 4410 ὲνανθρωπήσαντα.
1758 4334 2110 4405 Evangelicas

530 4427 755 4496 insuper
781 4427 1084 4484 locutiones
1130 4435 1185 4484 et
1231 4428 1527 4484 sententias
1563 4438 1807 4496 usurpat.
1841 4427 1930 4482 Sic
1962 4429 2107 4482 enim

2211 1931 2339 1987 hinc
2371 1934 2670 1989 arbitratus
2699 1935 2792 1999 sit,
2823 1935 2992 1992 fuisse
3020 1937 3285 2006 scriptum
3331 1933 3617 1989 Ἰωσίππου
3651 1934 3798 2004 (9.5),

2209 2023 2352 2078 umle
2395 2039 2532 2094 opus
2561 2023 2799 2094 Josepho
2841 2027 3240 2082 restituendum
3275 2026 3540 2082 intulerit.
3581 2025 3796 2080 Aucto-

2209 2131 2321 2170 rem
2352 2132 2514 2186 porro
2545 2133 2649 2171 non
2675 2117 2918 2173 Platonis
2947 2118 3234 2189 opiniones
3261 2133 3656 2188 propugnasse,
3694 2117 3796 2171 sed

2209 2208 2386 2278 potius
2415 2209 2784 2279 impugnasse,
2807 2210 3054 2280 adeoque
3087 2210 3374 2281 legendum
3404 2225 3526 2264 esse
3561 2210 3648 2279 (in
3683 2209 3797 2263 Pa—

2208 2299 2409 2354 rallelis
2451 2311 2504 2354 et
2535 2301 2590 2355 in
2633 2301 2814 2371 operis
2857 2301 3254 2372 inscriptione)
3301 2301 3443 2355 κατὰ
3478 2301 3793 2365 Πλάτωνος,

2210 2400 2266 2446 et
2296 2407 2403 2446 non
2438 2393 2578 2446 κατὰ
2610 2391 2896 2456 Πλάτωνα,
2923 2393 3036 2462 jam
3070 2393 3173 2447 viri
3215 2393 3361 2447 docti
3407 2394 3794 2448 observarunt.

2212 2483 2279 2539 Et
2302 2496 2447 2541 certe
2471 2487 2523 2540 iu
2548 2487 2633 2541 his
2659 2486 2978 2556 fragmentis
3003 2484 3408 2542 Platonicorum
3439 2485 3800 2556 philosopho-

2212 2594 2334 2634 rum
2386 2579 2453 2634 de
2500 2578 2714 2633 inferno
2747 2579 2941 2633 fabula:
2983 2594 3048 2633 ac
3082 2577 3272 2633 nanis:
3298 2576 3474 2632 dedita
3510 2591 3672 2647 opera
3701 2593 3796 2630 re-

2209 2671 2468 2727 felluntur
2500 2672 2996 2742 cxplodunturquc,
3031 2671 3228 2726 horum
3287 2671 3410 2727 loco
3459 2669 3797 2736 substitutis,

2209 2782 2331 2836 qua:
2362 2765 2672 2820 Christiana
2709 2766 2841 2820 fides
2880 2765 3064 2829 tradit,
3091 2765 3137 2820 si
3168 2779 3340 2834 pauca
3367 2764 3578 2828 demas,
3608 2777 3739 2833 quae
3767 2778 3798 2815 a

2209 2859 2486 2915 communi
2508 2857 2905 2913 catholicorum
2926 2858 3175 2913 doctrina
3203 2858 3533 2926 discrepant.
3567 2855 3800 2912 Photius

2209 2953 2461 3007 observat
2483 2966 2622 3022 opus
2644 2951 2788 3006 istud
2815 2951 2869 3004 iu
2900 2950 3038 3006 duas
3061 2959 3243 3020 partes
3274 2949 3628 3004 distributum
3659 2949 3799 3004 fuis-

2210 3060 2290 3109 se,
2330 3047 2389 3098 ἐν
2418 3045 2538 3098 δυσὶ
2566 3043 2852 3112 λογιδίοις·
2885 3044 3020 3114 quin
3047 3043 3212 3098 etiam
3245 3042 3302 3098 in
3339 3042 3670 3112 quibusdam
3697 3057 3796 3096 co-

2209 3134 2423 3190 dicibus
2453 3133 2723 3203 ejusmodi
2771 3133 3181 3203 inscriptionem
3225 3133 3506 3197 habuisse,
3536 3132 3666 3202 περὶ
3699 3133 3799 3203 τῆς

2210 3225 2305 3280 τοῦ
2337 3225 2534 3290 παντὸς
2560 3225 2760 3289 αἰτίας,
2795 3225 2858 3279 de
2885 3242 3049 3280 causa
3079 3227 3331 3291 universi,
3353 3235 3409 3282 et
3439 3226 3492 3279 in
3518 3225 3640 3280 aliis
3665 3225 3801 3297 περὶ

2210 3321 2308 3392 τῆς
2341 3321 2434 3374 τοῦ
2462 3320 2661 3382 παντὸς
2687 3319 2896 3383 οὐσίας,
2925 3320 2990 3374 de
3020 3319 3321 3376 substantia
3347 3320 3596 3374 universi.
3631 3317 3800 3373 Plura

2211 3415 2413 3467 videsis
2447 3414 2587 3483 apud
2615 3413 2865 3466 eumdem
2901 3412 3173 3468 Photium.
3208 3431 3227 3463 ι
3265 3410 3540 3468 Hactenus
3571 3409 3638 3465 ν.
3669 3410 3738 3465 C.

2282 3503 2467 3574 Neque
2522 3505 2611 3559 hic
2664 3504 2939 3574 praeterire
2991 3503 3074 3560 fas
3120 3512 3206 3559 est
3258 3504 3438 3560 locum
3486 3518 3555 3558 ex
3603 3503 3797 3558 eodem

2210 3613 2372 3667 opere
2406 3597 2482 3650 De
2514 3615 2677 3651 causa
2716 3597 2946 3652 universi
2976 3607 3314 3668 excerptum,
3347 3596 3443 3668 qui
3475 3611 3583 3650 non
3619 3603 3800 3651 exstat

2211 3690 2265 3744 in
2313 3705 2380 3744 eo
2413 3690 2736 3759 fragmento,
2763 3691 2910 3762 quod
2941 3690 3103 3745 hodie
3133 3697 3401 3759 superest.
3438 3686 3608 3742 Nobis
3641 3687 3798 3742 illum

2211 3780 2703 3836 servavitJoaunes
2732 3781 3092 3853 Philoponus,
3109 3782 3237 3836 licet
3271 3781 3406 3850 ipse,
3438 3780 3528 3852 uti.
3549 3787 3603 3833 et
3631 3778 3799 3834 Joan-

2211 3890 2308 3928 nes
2345 3872 2590 3929 Zonaras
2629 3873 2741 3944 (26)
2793 3889 3100 3944 perperam,
3136 3882 3196 3926 ut
3239 3873 3498 3932 vidimus,
3529 3857 3798 3940 tioscpho

2211 3966 2507 4021 ascribunt.
2540 3964 2638 4020 Est
2675 3976 2855 4038 autem
2885 3965 3156 4036 ejusmodi
3189 3965 3303 4035 (27)
3334 3983 3349 4020 :
3378 3961 3450 4016 Τὸ
3481 3957 3594 4027 οὖν,
3619 3979 3796 4031 γενη-

2211 4060 2366 4126 θήτω
2383 4060 2683 4128 στερέωμα
2699 4059 2768 4112 ἑν
2791 4059 2959 4128 μέσῳ
2998 4059 3103 4113 τοῦ
3132 4059 3370 4126 ὕδατος,
3407 4060 3469 4112 οὐ
3492 4054 3692 4129 μεταξὺ
3711 4055 3798 4108 λέ-

2210 4170 2296 4222 γει
2339 4151 2432 4205 τοῦ
2466 4153 2616 4206 κάτω
2647 4151 2839 4214 ὓδατος
2870 4151 2967 4222 τὴν
2987 4151 3079 4204 τοῦ
3116 4151 3493 4224 στερεώματος
3542 4147 3797 4218 γενέσθαι

2211 4241 2480 4314 etiamm;
2497 4243 2756 4314 Ἰώσηπος
2785 4244 3075 4314 ὀἘϐραῖος
3099 4245 3155 4297 ἐν
3182 4242 3261 4314 τῷ
3283 4242 3422 4311 Περὶ
3448 4241 3553 4295 τοῦ
3569 4240 3797 4304 παντὸς

2208 4341 2401 4406 αἰτίας
2428 4340 2819 4412 συγγράμματι
2851 4338 3116 4403 βούλεται,
3157 4339 3237 4399 εἰς
3279 4335 3428 4407 τρία,
3452 4335 3648 4403 λέγων,
3681 4333 3796 4403 διη-

2213 4431 2411 4503 ρῆσθαι
2445 4432 2505 4486 τὸ
2539 4431 2702 4503 ὕδωρ,
2739 4431 2833 4484 καὶ
2865 4431 2927 4484 τὸ
2959 4431 3058 4500 μὲν
3091 4431 3272 4499 τρίτον
3315 4426 3479 4481 αὑτοῦ
3524 4426 3603 4487 εἰς
3642 4424 3796 4492 γένε-

531 4519 599 4572 de
624 4517 732 4573 Deo
763 4517 944 4574 Verbo
972 4536 1135 4576 carne
1161 4519 1306 4576 facto
1333 4520 1577 4591 loquitur
1605 4539 1618 4574 :
1647 4520 1834 4591 Τούτῳ
1855 4522 1884 4573 ὁ
1917 4521 2106 4594 Πατὴρ

2210 4542 2293 4578 σιν
2320 4526 2674 4596 συμπαγῆναι
2705 4523 2800 4577 τοῦ
2835 4522 3214 4596 στερεώματος
3237 4562 3254 4588 ,
3285 4521 3348 4574 τὸ
3377 4520 3433 4574 δὲ
3462 4518 3646 4590 τρίτον
3678 4517 3796 4569 ἐνα-

531 4613 711 4666 πᾶσαν
761 4613 942 4684 κρίσιν
991 4612 1212 4679 δέδωκε,
1261 4613 1402 4666 Huic
1444 4612 1610 4666 Pater
1650 4629 1799 4667 onme
1837 4613 2106 4681 judicium

531 4705 675 4757 dedit
708 4719 727 4758 :
754 4705 1212 4774 quemadmodum
1243 4704 1449 4759 scilicet
1476 4703 1633 4760 Joan.
1667 4720 1718 4768 ν,
1744 4705 1834 4771 22,
1865 4705 2063 4776 legerat
2089 4724 2104 4760 :

533 4795 716 4868 Neque
759 4800 899 4851 enim
949 4796 1114 4852 Pater
1161 4797 1362 4859 iudicat
1407 4814 1750 4868 quemquam,
1802 4801 1892 4854 sed
1947 4814 2100 4857 omne

532 4883 798 4957 judicium
837 4893 981 4947 dedit
1019 4889 1181 4944 Filio.
1225 4889 1466 4960 Itemque
1497 4891 1588 4945 ubi
1613 4890 1745 4945 dicit
1773 4910 1786 4946 :
1818 4892 1965 4954 Χάος
1997 4889 2107 4962 γὰρ

532 4983 668 5054 βαθὺ
690 4985 782 5038 καὶ
804 4983 947 5055 μέγα
968 4983 1072 5037 ἀνὰ
1097 4983 1260 5054 μέσον
1286 4985 1623 5056 ἐστήρικται,
1643 4984 1784 5038 ὥστε
1809 4984 1882 5056 μὴ
1903 4985 2108 5038 δίκαιον

532 5077 964 5148 συμπαθήσαντα
993 5074 1404 5149 προσδέξασθαι,
1435 5078 1570 5150 μήτε
1599 5077 1780 5131 ἄδικον
1805 5077 2108 5148 τολμήσαν-

529 5182 596 5220 τα
620 5167 866 5221 διελθεῖν.
887 5166 1055 5222 Chaos
1079 5169 1398 5238 profundum
1419 5178 1469 5223 et
1498 5184 1747 5239 magnum
1772 5169 1909 5221 inter
1934 5177 2122 5248 utros;

529 5277 626 5331 que
650 5264 920 5330 ﬁrmatum
949 5271 1045 5326 est,
1083 5271 1140 5314 ut
1181 5279 1343 5332 neque
1378 5262 1560 5331 justus
1600 5261 1720 5315 illos
1748 5261 2106 5314 miserationis

530 5353 720 5421 affectu
761 5356 999 5424 recipiat,
1037 5369 1198 5425 neque
1224 5355 1453 5424 injustas
1479 5354 1548 5407 ad
1579 5353 1669 5406 hos
1712 5354 1904 5406 audeat
1931 5364 2107 5406 trans-

603 5507 717 5576 (9.2)
755 5507 1059 5573 Fabricius,
1089 5508 1288 5565 Delect.
1320 5524 1527 5578 argum.
1572 5517 1622 5561 et
1668 5504 1872 5576 Syllub.
1919 5509 2102 5577 script.

532 5578 682 5636 cccl..
719 5595 772 5649 [ιἒ
801 5579 946 5649 (Silet
974 5596 1091 5649 seq.

604 5646 728 5713 (ἐξῆ
755 5647 827 5701 Le
854 5646 1072 5714 Quien.;
1107 5647 1244 5718 Opp.
1271 5647 1590 5702 Damascen.
1626 5654 1758 5702 tom.
1794 5646 1859 5714 ll,
1893 5662 1947 5716 p.
1979 5647 2101 5703 789.

605 5718 717 5785 (24)
758 5719 939 5781 Phot.,
972 5719 1112 5772 Bibl.
1146 5720 1267 5773 cod.
1308 5734 1492 5773 XLVIII.

603 5788 716 5861 (“25)
758 5786 1024 5846 Scribitur
1079 5790 1334 5860 Ἰώσηπος
1387 5799 1443 5845 ct.
1488 5788 1825 5864 ’1ὠσηππος,
1889 5791 1983 5847 scd
2051 5800 2102 5846 et

2210 4620 2467 4687 πομεῖναι
2507 4618 2690 4681 κάτω,
2725 4616 2786 4669 τὸ
2823 4616 2880 4668 δὲ
2924 4616 3108 4668 λοιπὸν
3144 4615 3324 4686 τρίτον
3357 4615 3416 4667 ὲν
3453 4615 3564 4675 τοῖς
3606 4609 3793 4672 νώτοις

2209 4711 2290 4773 εἰς
2331 4709 2464 4779 ὕψος
2516 4709 3078 4780 συνανακουφισθῆναι
3134 4707 3212 4779 τῷ
3265 4704 3620 4779 στερεώματι.
3680 4699 3793 4754 lloc

2207 4809 2323 4854 est:
2356 4819 2373 4852 I
2391 4799 2525 4854 Illud
2551 4800 2736 4870 igitur,
2763 4799 2890 4854 Fiat
2919 4802 3314 4870 ﬁrmamentum
3344 4799 3399 4851 in
3427 4795 3596 4848 medio
3617 4809 3789 4862 aqua',

2209 4907 2318 4946 non
2356 4893 2536 4964 arguit
2564 4901 2814 4948 naturam
2865 4891 3193 4948 firmamenti
3225 4887 3486 4944 exsistere
3518 4885 3571 4939 in
3610 4886 3790 4938 medio

2209 4999 2366 5053 aquae
2420 4986 2585 5056 hujus
2636 4985 2938 5049 inferioris,
2967 4994 3027 5039 ut
3059 4983 3335 5053 Josephus
3381 4978 3642 5034 Hebraeus
3675 4979 3791 5032 vnit

2209 5077 2262 5131 in
2297 5078 2457 5140 libro,
2491 5093 2652 5147 quem
2678 5078 3005 5148 conscripsit
3032 5076 3108 5130 De
3132 5091 3297 5129 causa
3321 5071 3574 5136 universi,
3600 5070 3787 5126 dicens

2208 5185 2407 5240 aquam
2450 5169 2775 5237 tripertitam
2820 5185 2964 5234 esse,
3003 5177 3062 5220 et
3092 5182 3258 5220 uuam
3308 5164 3528 5235 quidem
3573 5163 3786 5217 tertiam

2207 5259 2326 5330 ejus
2355 5261 2407 5312 in
2432 5260 2759 5314 I‘irmamcnti
2790 5259 3194 5330 generationem
3216 5257 3487 5313 coaluisse
3512 5273 3526 5314 :
3558 5256 3784 5309 alteram

2206 5366 2336 5406 vero
2359 5353 2573 5406 tertiam
2596 5351 2824 5430 inferius
2854 5350 3217 5417 remansisse;
3248 5349 3480 5419 denique
3513 5347 3784 5402 residuam

2217 5509 2463 5572 Ἰώσιπος
2492 5525 2556 5564 ac
2599 5507 2904 5574 Ίὼσιππος.

2205 5581 2390 5703 2θίξξϐ)
2431 5575 2628 5636 Zonar.
2665 5583 2718 5634 in
2751 5579 2943 5634 Annal.
2977 5581 3072 5636 lib.
3105 5597 3183 5648 vI,
3237 5580 3265 5652 §
3297 5582 3350 5650 9,
3395 5599 3517 5655 pag.
3548 5581 3673 5649 267’
3707 5578 3780 5637 al.

2206 5805 2257 5860 Ρ.
2431 5720 2744 5793 Philopon.,
2791 5721 2862 5778 De
2888 5723 3072 5778 mundi
3099 5735 3261 5779 creat.
3291 5723 3383 5782 lib.
3419 5739 3504 5793 III,
3535 5738 3657 5794 cap.
3691 5721 3778 5792 l6,
