4034 6454
327 423 435 479 297

1319 424 1408 480 DE
1448 423 1612 478 YlTA
1649 420 1736 476 ET
1772 419 2085 476 SCRIPTIS
2120 420 2178 477 S.
2221 419 2606 476 HlPPOLYTI.

3475 416 3583 473 298

323 543 492 595 aliam
527 541 770 604 tertiam,
796 557 896 612 per
939 541 1355 596 rarelaetiouem
1404 542 1458 596 in
1502 541 1734 596 sublime
1805 555 1910 592 una
1935 546 1977 600 Α
2007 537 2216 606 primus
2255 539 2496 606 vulgavit
2532 537 2813 594 Fabricius
2840 553 2906 593 ex
2939 536 3142 593 codicis
3181 537 3424 593 Vaticani
3454 554 3583 607 apo-

326 646 455 683 cum
491 630 840 684 ﬁrmamento
868 629 1128 684 elevatam
1156 643 1296 682 esse.
1328 647 1346 679 ι

400 723 673 775 Caeterum
708 739 822 777 rem
852 739 952 778 acu
980 723 1220 793 tetigisse
1249 721 1518 785 videntur,
1545 721 1637 790 qui
1671 720 1734 773 ad
1765 719 1907 772 istud

327 829 470 882 opus
523 812 908 884 Hippolyteum
960 813 1207 866 adversus
1258 812 1468 866 Gra’ms
1514 823 1563 865 et
1609 796 1906 874 Platonem,

321 903 648 972 existimant
701 904 1006 972 respexisse
1055 905 1328 958 doctorem
1381 903 1722 965 maximum,
1776 901 1906 953 dum

322 965 413 1050 ait,
434 995 547 1066 (28)
581 1016 593 1050 :
629 965 856 1065 Scripsit
889 1007 938 1049 et
966 995 1240 1049 Miltiades
1263 1005 1443 1048 contra
1474 1004 1645 1063 gentes
1668 992 1906 1046 volumen

315 1089 612 1157 egregium.
643 1086 961 1156 Hippolytus
989 1103 1210 1156 quoque,
1239 1097 1286 1139 et
1315 1087 1621 1155 Apollonius
1659 1083 1907 1138 Romanae

317 1177 474 1230 urbis
520 1188 754 1240 senator,
786 1178 1001 1247 propria
1031 1178 1287 1255 opuscula
1320 1177 1686 1230 condiderunt.
1719 1175 1907 1231 Imita-

317 1277 415 1323 tus
445 1284 642 1338 nempe
685 1268 850 1324 fuerit
877 1278 1100 1324 sanctus
1129 1270 1290 1323 Pater
1318 1269 1464 1323 viros
1494 1285 1556 1323 ea
1587 1278 1906 1338 tempestate

313 1361 487 1431 longe
528 1361 900 1426 doctissimos,
933 1362 1028 1430 qui
1059 1357 1402 1416 ethnicorum
1447 1360 1641 1430 placita
1689 1361 1904 1431 scriptis

311 1454 440 1508 suis
491 1463 736 1509 evertere
769 1455 1012 1524 aggressi
1064 1465 1226 1521 sunt;
1261 1453 1617 1518 Clementem,
1655 1456 1899 1525 inquam,

310 1546 778 1610 Alexandrinum,
811 1547 1005 1603 Caium
1034 1548 1272 1602 sodalem
1298 1563 1478 1613 suum,
1511 1546 1765 1603 Ecclesia:
1796 1547 1904 1601 Ro-

310 1652 503 1693 mana:
530 1638 933 1710 presbyterum,
963 1648 1019 1695 et
1053 1640 1213 1695 alios.

476 1801 504 1842 τ
848 1750 1248 1807 ARTICULUS
1283 1750 1371 1807 Vl.
1458 1797 1461 1799 _

439 1859 761 1902 TBAC'I'A'I‘US
792 1860 840 1901 8.
872 1861 1157 1901 IIIPPOLYTI
1195 1865 1214 1897 (
1246 1863 1455 1902 CONTRA
1487 1862 1722 1902 NOE'I'UI.
1758 1867 1778 1898 ι

345 1957 378 2031 §
411 1959 450 2012 l.
498 1957 786 2018 Tractatus
814 1949 1007 2034 contra
1041 1960 1270 2034 Nectum
1297 1971 1376 2016 est
1409 1964 1664 2034 genuinus
1691 1964 1864 2016 sancti

882 2031 1158 2102 Hippolyti
1189 2033 1344 2100 fetus.

389 2144 660 2211 Quintum
690 2145 871 2200 locum
916 2154 1146 2217 occupat
1175 2148 1387 2218 egregia
1423 2163 1555 2202 sane
1598 2147 1902 2203 lucubratio

309 2250 503 2293 contra
525 2239 766 2292 hwresim
795 2237 976 2293 Noeti.
1005 2239 1070 2294 Et
1097 2241 1385 2311 scripsisse
1411 2241 1627 2310 quidem
1648 2239 1901 2312 Hippoly-

311 2341 430 2383 tum
464 2338 656 2383 contra
685 2344 880 2385 omnes
912 2331 1165 2396 haereses,
1201 2340 1470 2387 testantur
1494 2331 1763 2388 Eusebius
1791 2332 1898 2404 (29)

309 2432 480 2491 atque
509 2421 874 2493 Hieronymus
902 2423 1046 2495 (50);
1080 2436 1136 2477 at
1166 2422 1417 2490 Pbotius,
1447 2425 1539 2494 qui
1585 2440 1723 2494 opus
1755 2425 1900 2481 istud

310 2515 513 2585 legisse
546 2515 902 2585 comperitur,
927 2531 1028 2571 nos
1055 2516 1245 2572 edocet
1268 2517 1381 2586 (5|)
1405 2515 1676 2588 Hippolyti
1697 2517 1896 2571 librum

311 2609 580 2663 adversus
611 2607 843 2664 haereses
870 2610 1006 2664 duas
1042 2619 1098 2664 et
1123 2609 1342 2680 triginta
1377 2619 1658 2664 exaratum
1691 2609 1894 2675 fuisse;

311 2693 406 2747 ubi
441 2694 500 2748 S.
537 2693 697 2750 Pater
722 2695 934 2750 initium
960 2712 992 2750 a
1019 2697 1361 2752 Dositbeanis
1389 2699 1614 2764 ducens,
1646 2700 1697 2752 in
1728 2698 1899 2753 Noeto

312 2787 630 2851 desinebat;
684 2787 779 2857 qui
833 2788 1090 2842 nimirum
1126 2789 1345 2857 prodire
1374 2790 1542 2858 coepit
1590 2790 1895 2860 imperante

310 2877 626 2931 Alexandro
671 2877 775 2932 sub
825 2892 1032 2932 annum
1063 2877 1186 2941 250,
1230 2886 1292 2932 ut
1335 2878 1586 2947 proinde,
1611 2880 1754 2949 quod
1802 2897 1898 2934 su-

309 2977 495 3035 perest
523 2969 672 3024 illius
706 2969 909 3040 operis,
941 2986 1069 3040 pars
1096 2969 1500 3026 ultima'fuerit.
1535 2971 1618 3026 Ad
1651 2970 1772 3042 ejus
1797 2989 1896 3027 au-

310 3068 418 3114 tem
473 3062 842 3132 integritatem
890 3062 1266 3129 astruendam,
1298 3061 1429 3117 illud
1464 3063 1518 3117 in
1553 3064 1745 3134 primis
1799 3064 1894 3118 ob-

306 3167 534 3208 servare
555 3161 802 3223 praestat,
831 3153 1015 3209 locum
1047 3154 1317 3225 insignem
1352 3155 1595 3224 satisque
1620 3136 1888 3224 prolixum

2011 631 2236 701 grapho,
2259 633 2404 701 quod
2431 634 2552 688 viro
2574 632 3028 703 praestantissimo
3054 630 3462 687 Montfauconio
3492 646 3584 685 ac-

2009 734 2226 794 ceptum
2256 726 2460 781 retulit.
2492 726 2728 782 Alterius
2753 726 2958 782 codicis
2986 725 3158 781 Graeci
3187 725 3465 794 exemplar
3489 725 3581 779 de-

2010 817 2142 871 texit
2185 817 2241 870 in
2273 817 2656 886 antiquissimo
2687 816 2743 872 S.
2780 816 2962 872 Basilii
2990 817 3324 871 monasterio
3355 815 3586 871 Guiliel-

2009 924 2131 962 mus
2148 908 2440 964 cardinalis
2462 907 2691 964 Sirletus
2706 948 2721 973 ,
2755 909 2982 978 ejusque
3006 907 3254 962 meminit
3277 907 3332 961 in
3353 903 3585 976 epistola

2008 998 2263 1070 Liturgiae
2289 999 2346 1054 S.
2371 1000 2537 1056 Marci
2565 986 2907 1071 evangelista:
2935 998 3211 1069 prmmissa
3249 996 3382 1066 (54).

2077 1095 2342 1149 Caeterum
2394 1092 2574 1161 operis
2622 1091 2908 1160 inscriptio
2939 1090 3084 1160 apud
3123 1088 3456 1142 Turrianum
3500 1087 3580 1142 sic

2006 1185 2200 1255 legitur
2226 1203 2238 1239 :
2269 1183 2599 1253 Homiliaae
2623 1183 2731 1237 Deo
2764 1185 2902 1236 trino
2931 1191 2978 1236 et
3006 1198 3132 1247 uno,
3156 1192 3204 1234 et
3236 1181 3299 1234 de
3331 1180 3578 1249 mysterio

2009 1273 2401 1328 Incarnationis
2425 1283 2610 1327 contra
2633 1273 2874 1328 hwresim
2903 1272 3081 1328 Nocti.
3108 1272 3166 1326 In
3194 1274 3378 1327 codice
3395 1283 3577 1329 autem

2011 1363 2268 1427 Vaticano
2311 1371 2393 1418 est
2442 1363 2754 1432 bujusmodi
2801 1382 2814 1418 :
2873 1364 3084 1434 Ὀμιλία
3140 1365 3453 1418 Ἱππολύτου
3500 1366 3581 1424 εἱς

2005 1457 2102 1526 τὴν
2145 1457 2356 1526 αἵρεσιν
2378 1457 2590 1528 Νοήτου
2615 1473 2777 1520 τινος.
2810 1455 2881 1524 ,Ιη
2909 1473 2974 1511 eo
3013 1457 3288 1510 enimvero
3329 1455 3387 1510 S.
3419 1454 3580 1510 Pater

2006 1549 2190 1608 lideles
2207 1548 2478 1602 interdum
2502 1549 2821 1618 alloquitur,
2845 1558 2905 1603 ut
2932 1549 2986 1602 in
3012 1548 3252 1603 bomiliis
3278 1547 3392 1601 fieri
3417 1548 3576 1603 solet.

2006 1630 2110 1688 Sed
2151 1635 2206 1688 in
2243 1636 2366 1690 aliis
2411 1651 2631 1706 quoque
2660 1636 2880 1706 scriptis
2919 1635 3108 1691 eadem
3147 1639 3402 1693 methodo
3445 1653 3579 1695 usos

2004 1724 2175 1782 fuisse
2200 1739 2408 1784 veteres
2441 1729 2577 1789 satis
2617 1728 2812 1799 liquet,
2843 1739 2902 1784 ut
2929 1729 3160 1785 advertit
3183 1731 3436 1787 laudatus
3467 1731 3574 1786 Fa-

2005 1816 2228 1872 bricius.
2329 1851 2335 1856 -

2348 1911 2376 1983 §
2403 1911 2466 1966 ll.
2497 1901 2746 1982 Amilysis
2769 1913 2926 1983 hujus
2955 1922 3232 1979 tractatus.

2071 2045 2280 2103 Noetus
2319 2046 2477 2118 juxta
2516 2046 2580 2104 S.
2611 2048 2959 2121 Hippolytum
3017 2048 3119 2105 fuit
3153 2065 3350 2120 genere
3383 2050 3577 2122 Smyr-

2002 2153 2153 2194 narus
2187 2139 2321 2212 (55).
2358 2139 2504 2194 Dixit
2528 2140 2618 2196 hic
2650 2141 2939 2197 haereticus
2967 2141 3247 2198 Christum
3281 2159 3402 2200 esse
3422 2161 3578 2200 eum—

2000 2233 2122 2288 dem
2172 2230 2411 2296 Patrem,
2465 2231 2755 2304 ipsumque
2809 2233 3025 2290 Patrem
3082 2237 3325 2305 genitum
3373 2252 3494 2294 esse
3523 2249 3577 2293 et

2001 2339 2291 2394 passum...
2321 2323 2503 2379 aiebat
2526 2339 2587 2379 se
2615 2339 2738 2381 esse
2771 2324 3042 2397 Moysem,
3076 2337 3131 2381 et
3164 2312 3385 2381 fratrem
3414 2344 3574 2383 suum

2001 2431 2120 2470 esse
2151 2416 2354 2470 Aaron.
2385 2414 2502 2472 Hoc
2521 2431 2644 2471 cum
2667 2417 2811 2472 beati
2836 2418 3136 2490 presbyteri
3166 2406 3449 2484 audirent,
3484 2436 3578 2475 ac-

1999 2503 2261 2558 cersitum
2302 2517 2490 2559 coram
2532 2503 2777 2561 Ecclesia
2809 2507 3296 2574 examinaverunt;
3331 2510 3421 2565 ille
3447 2526 3574 2565 vero

2001 2594 2232 2663 negabat
2275 2594 2564 2664 principio,
2607 2595 2688 2652 sic
2733 2611 2792 2651 se
2838 2597 3079 2664 sentire;
3127 2609 3314 2668 postea
3349 2616 3478 2656 vero
3517 2603 3574 2656 in

1998 2683 2323 2752 quibusdam
2357 2685 2700 2753 delitescens,
2733 2693 2789 2741 et
2814 2687 3060 2743 collectis
3088 2689 3230 2756 aliis,
3261 2689 3355 2759 qui
3390 2689 3443 2744 in
3476 2705 3577 2745 eo-

1997 2773 2117 2827 dem
2148 2789 2334 2830 errore
2361 2785 2553 2842 erant,
2590 2777 2807 2832 volebat
2843 2787 3028 2848 aperte
3055 2779 3250 2848 dogma
3283 2796 3442 2835 suum
3478 2783 3574 2838 de-

1997 2863 2256 2931 fendere;
2290 2881 2453 2936 quem
2483 2883 2678 2923 rursus
2710 2869 3030 2924 accersitum
3064 2871 3362 2941 presbyteri
3387 2871 3574 2926 redar-

1997 2965 2265 3024 guerunt;
2301 2959 2393 3013 ille
2422 2974 2553 3014 vero
2585 2960 2897 3025 resistebat,
2938 2962 3221 3032 inquiens,
3250 2963 3379 3033 quid
3409 2964 3574 3034 igitur

1998 3051 2124 3105 mali
2181 3050 2340 3115 facio,
2393 3053 2441 3107 si
2483 3051 2762 3109 Christum
2803 3053 3052 3108 honoro?
3098 3055 3228 3111 huic
3273 3055 3571 3127 presbyteri

1995 3145 2394 3210 responderunt
2455 3165 2468 3200 :
2520 3145 2592 3199 Et
2640 3163 2734 3200 nos
2786 3162 2949 3200 unum
2997 3145 3167 3200 Deum
3214 3163 3327 3202 vere
3375 3149 3572 3202 scimus

304 3259 372 3298 ex
402 3260 470 3299 eo
497 3245 856 3315 descripsisse
879 3254 1132 3301 sanctum
1163 3246 1462 3311 Gelasium,
1483 3247 1571 3301 cui
1593 3263 1728 3316 opus
1753 3247 1888 3316 ejus-

1996 3234 2286 3303 Christum,
2327 3239 2519 3292 scimus
2551 3237 2753 3292 Filium
2783 3250 2995 3308 passum
3017 3279 3033 3306 ,
3077 3240 3214 3294 sicut
3247 3257 3436 3310 passus
3465 3249 3564 3303 est.

305 3335 455 3388 modi
484 3334 773 3390 brevitatis
799 3351 928 3406 ergo
961 3335 1222 3389 Memoria
1249 3337 1506 3390 hwresum
1538 3335 1760 3391 dicitur.
1799 3336 1891 3392 Sic

302 3425 452 3478 enim
483 3425 594 3490 ille,
627 3439 920 3480 recensens
955 3426 1254 3479 testimonia
1300 3435 1529 3479 veterum
1577 3425 1642 3478 de
1686 3426 1890 3480 duabus

302 3519 362 3570 in
397 3516 614 3573 Christo
646 3519 854 3572 naturis
883 3519 996 3588 (52)
1027 3537 1038 3572 :
1070 3518 1348 3589 Hippolyti
1369 3518 1598 3588 episcopi
1620 3528 1671 3572 et
1697 3529 1892 3588 marty-

301 3609 380 3661 ris
426 3609 663 3663 Arabum
693 3611 994 3679 metropolis
1022 3613 1077 3663 in
1104 3609 1364 3663 Memoria
1405 3610 1660 3664 Izwresum
1682 3625 1700 3662 :
1729 3629 1747 3661 ε
1785 3608 1891 3662 Hic
1924 3682 1926 3684 ν

299 3700 590 3768 procedens
619 3702 670 3754 in
693 3701 965 3765 mundum,
998 3701 1138 3756 Deus
1155 3711 1204 3756 et
1233 3703 1386 3756 homo
1416 3703 1685 3771 apparuit,
1725 3723 1742 3752 ο
1777 3711 1884 3758 etc.

299 3791 438 3857 Quae
471 3793 692 3862 quidem
725 3794 888 3848 verba
909 3834 926 3859 ,
959 3795 1210 3864 pauculis
1244 3794 1562 3859 immutatis,
1595 3803 1891 3848 occurrunt

300 3885 450 3953 apud
501 3894 752 3941 sanctum
793 3884 1141 3957 Hippolytum
1177 3901 1297 3956 cap.
1333 3885 1417 3938 18.
1449 3883 1589 3950 Quid
1631 3885 1776 3956 quod
1805 3886 1887 3939 vel

301 3975 538 4045 ipsemet
585 3975 843 4042 Sandius,
885 3978 1108 4047 reliquis
1137 3976 1472 4048 Hippolytcis
1503 3985 1759 4047 tanquam
1789 3993 1888 4030 no-

301 4068 417 4122 this
464 4068 706 4138 rejectis,
755 4069 858 4123 hoc
892 4085 1059 4122 unum
1107 4080 1292 4123 contra
1321 4069 1545 4123 Ita’resin
1580 4068 1738 4124 Nocti
1768 4085 1887 4139 ger-

301 4173 531 4212 manum
563 4159 973 4230 agnoscendum
1004 4160 1288 4214 exiStimat
1324 4161 1460 4230 (55).

371 4248 706 4304 Praeclarum
750 4259 931 4304 autem
965 4251 1110 4304 hunc
1149 4250 1598 4305 commentarium
1630 4251 1680 4303 in
1709 4253 1881 4304 lucem

297 4343 498 4395 extulit
522 4341 798 4397 Gerardus
826 4339 1057 4396 Vossius
1080 4339 1414 4410 Tungreltsis
1445 4341 1584 4393 inter
1617 4340 1886 4393 llis-cella-

299 4447 400 4484 nea
425 4443 731 4486 sanctorum
757 4433 959 4501 aliquot
996 4431 1226 4485 Patrum
1254 4431 1556 4485 ercorum
1582 4441 1631 4485 et
1663 4431 1884 4485 Latino-

297 4539 443 4586 rum,
483 4523 551 4576 ad
597 4523 800 4579 calcem
839 4523 1075 4592 Operum
1113 4521 1171 4576 S.
1203 4521 1447 4593 Gregorii
1489 4520 1881 4593 Thaumaturgi
1913 4537 1922 4547 ί

1995 3339 2278 3396 mortuum,
2305 3330 2444 3383 sicut
2474 3338 2713 3384 mortuus
2735 3341 2845 3394 est;
2867 3340 2916 3384 et
2942 3332 3256 3386 suscitatam
3285 3333 3446 3386 tertia
3473 3333 3559 3386 die

1988 3431 2040 3475 et
2072 3422 2332 3476 sedentem
2386 3423 2456 3476 ad
2497 3423 2764 3477 dexteram
2816 3423 3022 3490 Patris,
3076 3432 3451 3494 venturumque
3497 3425 3568 3478 ad

1982 3514 2332 3583 judicandum
2378 3515 2517 3568 vivos
2559 3524 2609 3570 et
2637 3515 2869 3569 mortuos
2896 3514 3044 3586 (36);
3091 3524 3257 3586 atque
3287 3517 3401 3572 hmo
3431 3518 3569 3574 dici-

1992 3623 2113 3662 mus
2147 3623 2268 3676 quaa
2304 3609 2616 3664 didicimus.
2647 3607 2803 3663 Tunc
2843 3607 3006 3664 istum
3039 3612 3352 3666 convictum
3393 3611 3569 3679 ejece-

1989 3708 2118 3754 runt
2143 3715 2210 3754 ex
2234 3699 2505 3766 Ecclesia,
2534 3702 2627 3772 qui
2659 3717 2724 3756 eo
2757 3702 3054 3757 inﬂationis
3078 3708 3244 3770 venit,
3279 3712 3338 3757 ut
3371 3704 3570 3760 docere

1991 3792 2316 3848 institueret.
3243 3861 3246 3863 Α
3492 3854 3506 3864 ,

2057 3882 2359 3952 Antequam
2399 3881 2458 3937 S.
2499 3881 2818 3955 Hippolytus
2853 3885 3256 3939 distinctionem
3293 3884 3567 3940 Persona-

1988 3988 2107 4028 rum
2153 3973 2207 4027 in
2241 3973 2450 4029 unitate
2476 3974 2673 4029 divina:
2699 3984 2907 4030 natura:
2937 3977 2990 4029 in
3027 3974 3127 4028 SS.
3167 3974 3432 4030 Trinitate
3463 3976 3563 4030 de-

1988 4072 2276 4132 monstret,
2300 4066 2454 4136 prius
2481 4076 2799 4144 argumenta
2825 4065 2984 4121 Noeti
3011 4077 3201 4120 contra
3219 4065 3562 4132 Trinitatem,

1987 4173 2084 4212 seu
2110 4157 2516 4214 distinctionem
2541 4159 2848 4214 divinarum
2872 4157 3239 4212 Personarum
3284 4159 3560 4227 preponit,

1985 4260 2034 4305 et
2069 4249 2321 4305 dissolvit
2351 4250 2757 4318 interpretando
2790 4266 2975 4303 verum
3014 4249 3112 4303 SS.
3152 4250 3559 4319 Scripturarum

1987 4357 2229 4407 sensum,
2263 4344 2462 4412 quibus
2500 4341 2749 4397 Noetiani
2781 4343 3176 4406 abutebantur,
3214 4343 3298 4396 vel
3324 4359 3556 4412 quarum

1984 4444 2188 4488 textum
2223 4434 2493 4488 malitiose
2529 4435 2944 4488 detruncabant.
2989 4432 3256 4487 Refutatis
3289 4431 3442 4486 Nocti
3470 4447 3561 4487 ar-

1986 4524 2256 4594 gumentis
2286 4523 2343 4578 S.
2376 4522 2695 4593 Hippolytus
2722 4523 3040 4577 Trinitatem
3070 4531 3124 4577 et
3152 4523 3556 4578 distinctionem

295 4616 430 4670 edit.
456 4615 791 4687 Moguntina:
830 4615 989 4680 1604,
1015 4617 1072 4681 4,
1113 4630 1175 4670 ex
1223 4614 1412 4669 Latina
1441 4614 1690 4669 versione
1710 4613 1884 4668 Fran-
1919 4610 1962 4664 D
1990 4619 2296 4672 divinarum
2338 4613 2701 4672 Personarum
2742 4617 3119 4671 tlemOnstrare
3153 4617 3464 4686 aggreditur
3489 4632 3559 4672 ex

293 4708 433 4765 cisci
482 4707 758 4774 Turriani,
813 4707 1072 4777 subjectis
1119 4707 1281 4762 etiam
1315 4707 1878 4763 animadversionibus

296 4806 544 4870 ejusdem
582 4807 892 4875 interpretis
930 4822 1052 4876 pag.
1077 4805 1264 4860 58-7l.
1311 4804 1519 4860 Exinde
1556 4821 1683 4859 vero
1709 4804 1879 4860 editio

295 4898 525 4963 repetita
553 4900 606 4953 in
634 4899 982 4954 Bibliothecis
1004 4897 1226 4952 Patrum
1251 4898 1561 4952 Coloniensi
1595 4897 1750 4963 1618,
1779 4896 1880 4951 Pa-

295 4989 522 5043 risiensi
551 4989 709 5054 1644,
741 5003 797 5046 et
832 4989 1181 5061 Lugdunensi
1212 4990 1370 5054 1677,
1393 5006 1492 5046 nec
1521 5006 1626 5044 non
1654 4994 1708 5044 in
1738 4991 1879 5060 Sup-

291 5079 556 5150 plementi
578 5081 885 5138 Morelliani
913 5094 1062 5139 tomo
1082 5085 1127 5147 Ι,
1147 5098 1273 5152 pag.
1303 5080 1425 5136 620.
1446 5081 1631 5138 Graece
1656 5082 1875 5137 demum

523 5235 868 5312 Hieronyrn_.,
900 5241 1059 5312 epist.
1095 5237 1162 5292 70
1191 5239 1256 5292 ad
1286 5238 1487 5312 Magn.,
1518 5251 1659 5294 orat.
1692 5239 1719 5311 §
1747 5241 1798 5293 4.

522 5307 749 5391 E29881»,
780 5309 854 5364 H.
993 5312 1084 5391 lib.
1112 5327 1196 5391 vi,
1221 5325 1339 5391 cap.
1374 5309 1462 5364 22,

521 5377 862 5462 Liieronylrr.2
895 5381 970 5434 De
1003 5383 1103 5462 vir.
1135 5379 1359 5442 illustr.,
1401 5394 1519 5448 cap.
1548 5380 1636 5432 6|.

364 5449 480 5515 (5t)
523 5448 705 5515 Pbot.,
728 5448 879 5504 'Bibl.
916 5453 1038 5505 cod.
1074 5467 1220 5505 CXXI.

350 5518 726 5602 'Ge'las"
761 5522 834 5602 lle
877 5520 1083 5602 cluullas
1106 5521 1334 5602 naturis,
1375 5529 1505 5602 Ioni:
1535 5518 1628 5585 ιν,
1658 5529 1796 5589 part.
1833 5535 1869 5585 ι,

287 5587 551 5644 Biblioth.
577 5588 694 5646 PP.
725 5592 854 5646 edit.
884 5591 1060 5646 Paris.
1117 5591 1275 5657 1644,
1307 5607 1360 5659 p.
1396 5589 1520 5643 424.

363 5661 475 5726 (-55)
502 5659 672 5717 Sand.
717 5661 880 5716 Nurl.
933 5662 1077 5718 Hist.
1113 5660 1265 5728 eccl.,
1294 5658 1349 5715 in
1395 5668 1551 5714 tract.
1599 5658 1672 5713 De
1710 5669 1866 5713 veter.

293 5730 627 5814 ὀνέινξτεςρέο
656 5734 893 5814 Pas-ﬁ?
988 5801 1074 5814 η..
1160 5801 1197 5814 η
1271 5803 1284 5814 ο

297 5790 927 5934 Ρὲξςδὲίξέιδιῖῗὺιὶυιή.
980 5801 1095 5857 PP.
1152 5801 1330 5858 Paris.
1378 5798 1536 5867 1644,
1587 5807 1721 5856 tom.
1756 5797 1867 5866 xu,

587 5964 854 6023 Parnm"
882 5972 995 6029 Gn.
1031 5971 1111 6029 Χ.

1983 4711 2116 4779 ipsis
2144 4690 2321 4765 sacris
2348 4708 2663 4778 Scripturis,
2708 4718 2761 4762 et
2785 4709 2836 4761 in
2859 4708 3052 4778 primis
3087 4717 3241 4762 notat
3271 4707 3382 4777 (57)
3412 4709 3552 4779 quod

1982 4818 2116 4855 unus
2131 4802 2198 4853 sit
2219 4801 2378 4864 Deus,
2401 4817 2548 4870 quem
2571 4817 2673 4854 non
2698 4800 2910 4853 aliunde
2926 4801 3279 4870 agnoscimus,
3297 4817 3460 4870 quam
3487 4817 3554 4856 ex

1981 4892 2152 4947 sacris
2186 4890 2546 4961 Scripturis...
2598 4890 2946 4960 Quaecunque
2984 4908 3114 4962 ergo
3149 4891 3206 4946 S.
3257 4891 3554 4962 Scriptum

1979 4985 2294 5054 praadicaut,
2351 4983 2620 5050 sciamus;
2657 4993 2709 5038 et
2749 4999 3091 5054 quaecunque
3131 4985 3345 5048 docent,
3381 5000 3551 5054 agno-

1979 5093 2218 5143 scamus,
2255 5086 2310 5130 et
2342 5077 2480 5131 sicut
2512 5078 2626 5131 vult
2649 5076 2806 5132 l’atcr
2835 5077 3017 5141 credi,
3039 5078 3118 5130 sic
3146 5077 3470 5141 credamus;
3497 5087 3550 5129 et

2049 5240 2161 5311 ('55)
2189 5238 2461 5311 llippolyt.
2495 5246 2682 5311 contra
2723 5234 3062 5311 Noet._num.
3220 5228 3543 5311 Theodoret.

1976 5299 2071 5366 lib:
2114 5299 2174 5364 iii
2204 5299 2628 5381 Hie-retlfabul”
2659 5323 2778 5375 cap.
2804 5307 2857 5369 ’5,
2891 5306 3050 5381 idem.
3069 5301 3298 5381 allii-inut
3337 5299 3374 5350 S
3427 5299 3548 5381 Epi-

1975 5383 2211 5452 phanius
2230 5395 2363 5452 vero
2383 5369 2739 5452 Ephesinum'
2764 5375 2951 5452 sta_t_uit
2985 5391 2996 5425 :
3022 5370 3082 5424 In
3111 5371 3237 5452 A_.sia
3264 5369 3542 5435 oriundus,

1974 5442 2100 5505 urbe
2134 5451 2358 5519 Epheso.
2382 5442 2790 5519 EpiphJimrcs.
2819 5445 2908 5506 57,
2945 5458 3096 5494 num.

2001 5553 2010 5562 -
2045 5521 2159 5590 (56)
2183 5508 2193 5519 ’
2216 5519 2282 5573 Hi
2325 5508 2538 5590 articuli
2587 5515 2919 5590 coinciduntA
2945 5509 3378 5590 cuniuSymbolo
3410 5527 3439 5563 a
3477 5508 3544 5590 ρ.

1972 5578 2178 5646 Irenaeo
2206 5591 2434 5644 recitato
2458 5589 2560 5652 lib.
2612 5603 2664 5646 ι,
2712 5599 2831 5652 cap.
2887 5578 2942 5646 2,
2992 5593 3045 5635 et
3082 5578 3175 5635 lib;
3207 5598 3286 5646 ιιι,
3320 5597 3441 5652 cap:
3473 5579 3540 5645 4;

1974 5663 2245 5716 habentur
2265 5661 2430 5713 etiam
2455 5649 2606 5728 ‘apud
2640 5649 3030 5708 Tertullianum
3061 5652 3156 5708 lib.
3191 5661 3370 5705 contra
3405 5649 3540 5704 Pra-

1971 5747 2146 5791 xeant,
2173 5746 2291 5797 eap.
2321 5732 2375 5781 2.

2043 5801 2155 5874 (57)
2185 5791 2452 5870 ΙΙῖρροΙγι.
2486 5803 2669 5850 contra
2704 5791 2859 5847 Noet.
2881 5833 2896 5859 ,
2927 5809 3081 5850 num.
3112 5793 3165 5848 9.

3147 5953 3222 6012 10
