4034 6416
446 381 554 435 999

1432 378 1515 431 DE
1553 377 1714 432 VITA
1756 379 1841 432 ΕΤ
1887 376 2196 433 SCRIPTIS
2239 379 2292 432 S.
2338 376 2722 435 HIPPOLYTI.

3576 384 3681 438 500

450 493 728 549 sicutvult
759 492 928 549 Filius
953 492 1263 564 gloriﬁcari,
1297 494 1374 548 sic
1402 495 1802 563 glorificeuius;
1833 505 1884 551 et
1907 498 2010 551 sic-
2039 505 2081 559 Α
2115 507 2328 562 varunt,
2369 498 2553 552 Graece
2605 499 2822 568 quidem
2873 496 3206 567 Nicephorus
3248 495 3356 552 (ΣΡ.
3397 498 3448 550 in
3504 499 3683 551 Antir-

450 596 511 640 ut
557 587 669 640 vult
701 587 891 640 donari
922 587 1180 655 Spiritum
1231 596 1500 650 sanctum,
1553 586 1632 640 sic
1654 589 2011 657 accipiamus,

449 693 558 732 non
597 678 895 732 secandum
931 678 1200 747 propriam
1231 678 1585 743 voluntatem,
1619 696 1792 748 neque
1820 696 2017 734 secun-

451 770 578 823 dum
606 771 883 838 proprium
910 785 1154 835 sensum,
1186 786 1359 838 neque
1385 771 1488 823 vim
1521 771 1810 826 inferentes
1838 773 1890 825 in
1929 789 1990 828 ea

451 878 571 932 qua:
621 862 688 915 ab
723 878 788 916 eo
831 864 952 918 data
988 873 1149 928 sunt,
1205 864 1298 918 sed
1345 865 1619 932 quomodo
1656 865 1767 934 ipse
1815 881 1909 934 per
1955 866 2012 920 S.

451 955 758 1023 Seripturas
785 954 977 1008 docere
1006 953 1196 1018 voluit,
1239 953 1317 1008 sic
1347 954 1732 1023 intelligamus.

539 1041 794 1096 Posthzec
810 1042 875 1096 de
899 1042 1243 1112 generatione
1273 1051 1470 1094 aeterna
1500 1052 1552 1095 et
1574 1042 1985 1097 consubstantia
2009 1073 2016 1081 -

447 1134 596 1188 litate
616 1133 731 1187 Filii
759 1136 978 1189 disserit
1000 1134 1302 1205 (58),atque
1322 1134 1693 1188 incarnatione
1706 1133 1865 1189 Verbi
1881 1137 2013 1204 (59).

450 1227 613 1280 Docet
644 1230 820 1281 solum
853 1227 1094 1281 Verbum
1129 1229 1472 1282 incarnatum
1492 1226 1601 1298 (40)
1627 1228 1876 1297 idemque
1897 1244 2018 1282 esse

446 1321 637 1374 Filium
680 1321 768 1376 Dei
797 1322 930 1391 (41),
964 1323 1125 1391 idque
1157 1337 1221 1375 ex
1257 1321 1581 1391 Apocalypsi
1611 1321 1771 1374 etiam
1804 1320 2016 1390 probat,

444 1429 605 1481 quam
635 1413 737 1467 sub
767 1414 990 1466 nomine
1019 1411 1248 1466 Joannis
1277 1413 1624 1480 evangelista;
1660 1413 1860 1467 laudat.
1899 1413 2016 1468 Non

443 1503 677 1567 Patrem,
713 1504 804 1559 sed
842 1503 1050 1557 Filium
1084 1503 1258 1558 solum
1284 1505 1623 1557 inearnatum
1654 1502 1820 1557 fuisse
1841 1504 2018 1557 deela-

443 1605 524 1648 rat
561 1595 672 1666 (42)
721 1600 1011 1664 monetque
1065 1596 1438 1650 curiositatem
1485 1596 1537 1647 in
1591 1595 1860 1665 mysteriis
1906 1609 2020 1662 per-

441 1686 752 1740 scrutandis
783 1687 1059 1739 vitandam
1092 1701 1230 1739 esse.
1275 1684 1516 1738 Tandem
1551 1685 1714 1737 tradit
1742 1683 1877 1737 duas
1917 1698 2016 1735 na-

440 1786 592 1830 turas
637 1777 881 1845 duasque
926 1777 1270 1844 Operatioues
1319 1778 1370 1830 in
1423 1775 1643 1830 Christo
1685 1773 2016 1842 proﬁtendas

2118 592 2328 644 rheticis
2373 598 2560 644 contra
2597 589 3018 656 Iconomachos;
3051 589 3375 644 Anastasius
3400 605 3526 644 vero
3555 605 3686 658 apo-

2114 682 2395 736 crisiarius
2438 683 2488 735 in
2538 681 2654 736 suis
2693 680 3036 735 Collectaneis
3095 680 3285 734 Latine
3323 679 3553 733 reddita.
3606 678 3684 734 Ex

2116 772 2366 826 Turriani
2399 773 2648 825 versione
2670 771 2875 840 primus
2904 772 2993 824 illa
3027 771 3268 839 vulgavit
3291 768 3557 824 Henricus
3579 768 3685 823 Ca-

2115 865 2309 918 nisius.
2347 863 2529 917 Grzeca
2569 863 2821 931 deinceps
2852 879 2917 916 ex
2949 863 3191 930 ejusdem
3217 861 3470 916 Turriani
3500 859 3688 914 codice

2115 955 2318 1008 addidit
2364 953 2738 1007 Anastasiana:
2787 953 3022 1007 versioni
3075 951 3421 1005 Sirmondus.
3497 950 3687 1004 Gneee

2117 1046 2241 1099 item
2270 1057 2320 1099 et
2347 1044 2532 1098 Latine
2557 1042 2793 1114 Operum
2828 1044 2884 1098 S.
2913 1043 3133 1098 Maximi
3173 1053 3319 1097 tomo
3353 1041 3373 1095 I
3407 1043 3685 1112 praemissa

2116 1139 2284 1198 edidit
2318 1137 2701 1200 (Iombelisius,
2741 1137 2832 1206 qui
2873 1147 2926 1191 et
2956 1135 3229 1190 Anastasii
3264 1136 3569 1188 versionem
3602 1147 3689 1187 re-

2115 1229 2347 1284 censuit.
2392 1227 2586 1281 Eadem
2618 1227 2813 1281 exinde
2839 1227 2892 1280 in
2934 1242 3093 1280 suum
3128 1224 3470 1295 Hippolytum
3507 1231 3689 1275 trans-

2119 1321 2240 1373 tulit
2285 1318 2589 1373 Fabricius.
2657 1317 2906 1372 Posthaee
2957 1333 3020 1371 ex
3070 1316 3379 1370 Combefisii
3428 1314 3682 1376 editione.

2117 1411 2300 1465 Gneca
2338 1409 2637 1478 desumpsit
2691 1407 3014 1478 Basnagius,
3051 1423 3115 1461 ac
3153 1405 3406 1460 Turriani
3448 1404 3687 1459 versionl

2117 1502 2360 1571 adjunxit
2398 1509 2533 1554 tom.
2579 1499 2597 1554 I
2637 1499 2890 1552 Thesauri
2928 1497 3239 1561 Canisiani;
3276 1499 3341 1550 ad
3377 1496 3536 1562 cujus
3575 1494 3689 1547 cal-

2117 1609 2235 1648 cem
2287 1601 2546 1662 praeterea
2595 1589 2658 1644 ν.
2705 1590 2766 1644 C.
2821 1589 3030 1644 Claudii
3073 1587 3513 1658 Cappcronnier-ii
3569 1585 3688 1639 ani-

2119 1685 2523 1740 madversiones
2574 1683 2628 1736 iu
2676 1681 2948 1736 Anastasii
2990 1681 3293 1734 versionem
3329 1692 3453 1733 eum
3485 1675 3689 1731 Graecis

2119 1777 2369 1830 collatam
2418 1775 2633 1844 adjecit.
2687 1772 2784 1826 Ilis
2834 1772 3094 1826 subsidiis
3126 1771 3424 1825 instructus
3455 1769 3525 1824 cl.
3558 1767 3689 1822 Gal-

441 1881 564 1921 esse
598 1865 707 1934 (45)
732 1905 747 1926 ,
781 1874 835 1919 et
856 1881 977 1919 eum
1001 1866 1289 1935 doxologia
1328 1866 1597 1920 concludit
1627 1881 1784 1919 suum
1819 1874 2015 1917 tracta-
2046 1836 2090 1894 Β
2121 1867 2333 1920 landius
2395 1867 2684 1920 editionem
2748 1879 2902 1918 suam
2968 1862 3213 1932 paravit;
3269 1859 3684 1930 praecedentium

440 1965 579 2009 tum.
615 1953 882 2008 Caeterum
917 1955 1336 2018 observandum,
1375 1955 1518 2024 quod
1555 1963 1772 2009 notante
1807 1954 1876 2008 cl.
1908 1951 2018 2006 Til-

441 2045 704 2100 lemontio
747 2046 858 2115 (4t)
908 2044 1245 2115 Epiphanius
1275 2047 1462 2100 haeresi
1493 2046 1582 2111 57,
1623 2061 1746 2114 quae
1770 2056 1851 2100 est
1881 2043 2020 2099 Noe-

444 2139 739 2204 tianorum,
772 2153 838 2191 ex
866 2135 1172 2208 Hippolyto,
1201 2137 1328 2191 licet
1361 2154 1468 2190 non
1501 2137 1803 2202 nominato,
1845 2137 2014 2189 multa

444 2230 510 2282 ad
537 2229 762 2283 verbum
788 2237 992 2296 repetat
1017 2243 1117 2297 pro
1153 2227 1453 2282 refutandis
1477 2229 1582 2282 illis
1614 2227 1901 2292 haereticis,
1934 2235 2018 2279 at-

443 2320 752 2388 quejudice
780 2317 1055 2372 Ceilllerio
1085 2319 1194 2388 (45)
1223 2319 1516 2374 verisimile
1545 2320 1706 2374 etiam
1739 2327 1841 2380 est,
1874 2317 2017 2388 quod

444 2408 780 2478 Epiphanius
822 2423 886 2462 ex
932 2409 1033 2462 hoe
1064 2406 1383 2480 Hippolyteo
1423 2409 1728 2479 fragmento
1758 2411 1906 2463 illum
1937 2411 2018 2462 lo-

443 2516 566 2554 cum
614 2499 930 2554 historicum
977 2499 1042 2553 de
1090 2500 1652 2554 excommunicatione
1697 2500 1846 2554 Noeti
1894 2516 2017 2554 mu-

442 2601 634 2646 tuatus
670 2590 850 2645 fuerit.
885 2589 1123 2644 Tandem
1172 2593 1274 2646 hoc
1318 2590 1602 2663 Hyppolyti
1635 2591 2017 2662 fragmentum,

441 2689 631 2734 contra
684 2679 976 2750 Dupinium
1023 2680 1136 2751 (46)
1199 2682 1331 2735 illud
1387 2683 1736 2745 inficiantem,
1807 2682 2020 2751 egregie

439 2773 719 2827 vindicant
790 2782 1039 2828 auctores
1106 2773 1362 2828 Historia
1427 2774 1704 2827 litterario:
1783 2773 2021 2828 Franco-

455 2863 725 2934 ωωμη.

992 2954 1388 3010 ARTICULUS
1429 2953 1542 3008 VII.

441 3061 512 3103 υς
554 3063 840 3102 TRACTATU
875 3065 920 3103 S.
965 3063 1248 3102 HIPPOLYTI
1298 3064 1362 3101 DE
1411 3061 1708 3101 THEOLOGIA
1741 3062 1809 3099 ΕΤ
1844 3062 2024 3100 INCAB-

640 3134 868 3172 NATIONE
897 3135 1163 3173 ADVERSUS
1188 3133 1432 3172 BERONEI
1466 3134 1536 3170 ΕΤ
1567 3132 1816 3170 ιιειιεει.

445 3204 540 3280 51.
565 3206 830 3277 Excerpta
864 3206 1004 3260 VIII
1025 3223 1089 3260 ea:
1125 3223 1360 3280 sermone
1389 3211 1453 3260 de
1478 3206 1737 3274 theologia
1769 3216 1817 3260 et
1840 3206 2014 3259 incar-
2046 3180 2087 3238 δ

828 3281 1038 3331 natione
1061 3279 1177 3347 quis
1203 3277 1351 3330 nobis
1377 3281 1621 3330 servarit.

515 3390 837 3443 Anastasius
880 3388 1162 3458 presbyter
1193 3403 1256 3443 ac
1303 3386 1561 3442 Romanae
1595 3386 1849 3442 Ecclesia:
1883 3404 2015 3458 apo-

443 3480 727 3534 crisiarius
761 3480 907 3533 circa
924 3480 1161 3532 medium
1180 3480 1361 3533 saeculi
1384 3480 1597 3547 septimi
1629 3487 1856 3534 testatur
1881 3480 2016 3550 (48),

443 3572 589 3640 quod
637 3586 762 3625 cum
809 3571 1296 3640 Constantinopoli
1331 3583 1699 3626 commoratus
1742 3587 1908 3636 esset,
1949 3573 2016 3627 ad

444 3663 623 3730 ipsum
676 3661 886 3716 delatus
926 3661 1091 3715 fuerit
1142 3663 1281 3716 liber
1342 3662 1398 3717 S.
1456 3664 1724 3734 tlippolyti
1777 3665 2016 3734 episcopi

446 3751 640 3808 Portus
677 3752 910 3807 Romani
958 3769 1023 3807 ac
1061 3755 1336 3825 martyris,
1382 3756 1434 3809 in
1470 3772 1579 3824 quo
1610 3757 1909 3826 anticipate
1930 3774 2019 3812 re-

452 3843 588 3898 fellit
622 3845 868 3899 Iiseresim
912 3843 1418 3912 Monothelitarum;
1469 3863 1629 3916 quem
1675 3864 1796 3903 cum
1850 3858 2020 3902 totum

445 3935 750 3991 describere
778 3937 955 4002 vellet,
1003 3938 1090 3990 vix
1127 3938 1294 3993 valuit
1321 3955 1386 3992 ex
1418 3939 1536 4008 ipso
1561 3940 1679 4008 plus
1707 3955 1869 4008 quam
1897 3948 2019 3994 octo

445 4029 564 4084 loca
598 4045 694 4084 seu
727 4030 1037 4084 testimonia
1064 4032 1370 4096 extrahere,
1409 4032 1610 4085 invidia
1647 4031 2020 4086 Monothelita-

445 4122 694 4192 rum,qui
715 4122 964 4176 eumdem
991 4123 1186 4176 librum
1213 4139 1242 4177 e
1261 4123 1630 4192 manibusipsi
1655 4123 2017 4193 diripuerunt.

445 4209 579 4266 Octo
603 4213 716 4266 haac
739 4212 1039 4282 fragmenta
1066 4229 1132 4266 ex
1169 4209 1421 4268 sermone
1459 4212 1532 4267 De
1569 4214 1827 4283 theologia
1857 4225 1903 4268 et
1935 4216 2018 4268 in-

446 4301 750 4354 carnatione
780 4309 970 4355 contra
1022 4300 1287 4356 Beronem
1313 4312 1367 4356 et
1418 4301 1656 4357 Helieem
1690 4305 1848 4359 nobis
1903 4321 2018 4360 ser-

521 4535 633 4610 (3j8)
657 4536 1136 4610 Hippolyt.vcoutra
1171 4541 1324 4596 Noet.
1363 4558 1511 4596 num.
1547 4543 1734 4610 I0,II.

520 4608 630 4675 (59)
660 4607 734 4662 Id.
762 4607 917 4676 ihid.,
942 4627 1090 4664 nnln.
1126 4612 1212 4665 12.

521 4676 630 4745 (40)
662 4676 738 4731 Id.
764 4679 918 4744 ibid.,
948 4697 1100 4734 num.
1137 4683 1223 4734 14.

521 4747 634 4814 (41)
665 4747 743 4802 Id.
775 4749 929 4815 ibid.,
965 4767 1116 4804 num.
1143 4752 1224 4804 15.

521 4817 633 4884 (42)
663 4815 739 4871 Id.
761 4818 914 4881 ibid.,
946 4836 1098 4874 num.
1129 4821 1216 4882 16,
1246 4822 1333 4874 17.

523 4887 632 4957 (45)
662 4887 738 4957 ῳ.
769 4888 899 4942 ibid.
923 4931 937 4954 ,
972 4906 1123 4943 num.
1155 4891 1218 4944 l7
1251 4901 1304 4945 et
1331 4893 1416 4948 IS.

661 4955 1010 5034 'In‘illetnont._,_
1039 4959 1304 5034 Μέηινοὶνη
1342 4973 1473 5017 tom.
1501 4963 1593 5028 'III,
1626 4981 1748 5034 pag.
1779 4966 1905 5019 107.

664 5026 1317 5106 geilliet',_l_ii_st._génér.,
1358 5044 1488 5087 tom.
1524 5026 1588 5106 II,
1771 5035 1894 5106 549..

661 5096 1138 5173 Qupin,_Bthlioth.
1174 5113 1339 5173 auctr
1368 5114 1502 5159 tom.
1531 5096 1581 5168 Ι,⁷
1601 5096 1719 5173 pagi
1743 5105 1863 5158 177.

523 5165 814 5293 (ἐρθέω.
858 5169 1023 5222 liuor.
1065 5171 1130 5224 de
1178 5171 1232 5225 la
1280 5165 1506 5239 France,
1547 5165 1766 5240 ίοίιιζί,
1812 5185 1948 5242 part.
1981 5192 2018 5238 ι,

488 5256 570 5307 ag.
597 5256 720 5293 om.

488 5256 570 5292 an.
597 5255 630 5289 τ»
666 5255 720 5290 4.

450 5255 484 5308 Ρ
522 5255 687 5378 ita)".
722 5307 1004 5384 Praeterea
1025 5313 1146 5384 misi
1171 5312 1239 5366 ad
1259 5330 1499 5384 praesens
1524 5329 1648 5368 cum
1670 5313 1771 5367 hac
1792 5313 2022 5384 epistola

453 5393 640 5433 mea...
701 5379 940 5433 notulam
992 5379 1277 5437 habenten]
1323 5384 1632 5437 testimonia
1673 5399 1739 5436 ex
1773 5379 1931 5436 dictis
1964 5385 2020 5437 ὃ.

454 5447 733 5529 Hippolyti
773 5450 1022 5529 .episcOpi
1089 5451 1283 5507 Portus
1341 5453 1571 5508 Romani
1635 5467 1698 5506 ac
1751 5455 2023 5529 martyris

452 5516 667 5573 Christi
697 5516 786 5570 Dei
813 5516 1020 5592 nostri,
1069 5538 1176 5590 quo
1207 5535 1260 5576 et
1296 5539 1391 5592 per
1432 5539 1494 5577 ea
1542 5536 1707 5576 nosse
1751 5516 2020 5592 habeatis,

454 5603 621 5658 quant
651 5589 994 5642 concorditer
1032 5589 1154 5644 cum
1182 5589 1309 5646 aliis
1339 5593 1594 5646 omnibus
1618 5594 1820 5646 sanctis
1850 5590 2025 5646 Patri-

453 5656 556 5714 bus
592 5656 890 5732 Salvatoris
919 5662 1087 5732 nostri
1111 5660 1237 5716 Jesu
1277 5659 1482 5715 Christi
1518 5662 1773 5732 praedicet
1799 5671 2024 5718 naturas

453 5740 508 5802 et
533 5728 895 5796 operatioues.
922 5729 1129 5784 refellat
1158 5740 1484 5802 autemeos,
1505 5728 1599 5802 qui
1632 5747 1797 5787 unam
1826 5747 2018 5801 opera-

453 5799 657 5854 tionem
688 5809 739 5854 et
774 5809 1021 5854 naturam
1055 5815 1217 5853 unam
1252 5799 1549 5856 divinitatis
1579 5809 1633 5857 et
1672 5799 2021 5858 humanitatis

2116 1958 2382 2012 editorum
2418 1957 2825 2011 observationes
2867 1953 3116 2022 subjecit,
3155 1967 3330 2022 neque
3364 1960 3520 2006 notas
3545 1951 3689 2004 omi-

2118 2051 2206 2114 sit,
2251 2066 2386 2120 quas
2417 2049 2660 2104 eruditus
2708 2045 3216 2100 Sirmondianorum
3248 2044 3424 2098 editor
3458 2042 3688 2112 margini

2119 2142 2330 2204 alb-vit;
2366 2139 2640 2194 Anastasii
2689 2138 2929 2192 versioni
2975 2137 3409 2191 testimoniorum
3439 2133 3691 2204 Hippoly-

2119 2243 2351 2296 teorum,
2394 2229 2850 2286 Combeﬁsianam
2891 2227 3266 2282 recensionem
3303 2227 3572 2295 apposuit,
3605 2236 3692 2280 at-

2118 2342 2223 2394 que
2269 2325 2505 2394 integras
2544 2320 2984 2392 Cappcronnierii
3025 2319 3525 2373 animadversiones
3557 2318 3690 2373 sub-

2117 2418 2270 2474 didit.

2192 2507 2263 2562 De
2313 2505 2492 2576 operis
2539 2504 2844 2575 integritate
2889 2517 2996 2556 non
3026 2510 3111 2557 est
3141 2500 3386 2571 profecto
3421 2515 3520 2555 cur
3565 2497 3691 2568 jure

2119 2598 2368 2652 dubitare
2396 2597 2519 2666 quis
2550 2596 2745 2650 valeat.
2780 2593 2926 2648 Nihil
2953 2593 3153 2662 quippe
3179 2593 3233 2646 in
3260 2593 3344 2648 his
3373 2592 3693 2663 fragmentis

2119 2689 2295 2756 legere
2344 2697 2444 2749 est,
2489 2686 2636 2756 quod
2672 2683 3018 2754 Hippolytum
3054 2683 3295 2752 apprime
3329 2697 3432 2737 non
3463 2685 3688 2747 deceat;

2120 2780 2368 2849 quinimo
2403 2779 2514 2831 sive
2555 2785 2938 2846 argumentum
2973 2781 3205 2844 spectes,
3239 2774 3352 2828 sive
3377 2773 3690 2842 disputandi

2122 2872 2420 2937 rationem;
2487 2869 2667 2923 omnia
2731 2883 2867 2936 pene
2919 2866 3130 2935 gemina
3184 2880 3306 2919 cum
3368 2864 3688 2934 precedenti

2122 2964 2385 3032 Opusenlo
2419 2971 2605 3016 contra
2639 2960 2867 3013 Noetum
2901 2958 3138 3027 reperias
3166 2975 3181 3023 ;
3226 2965 3286 3011 ut
3321 2957 3546 3026 proinde
3578 2958 3690 3011 fra-

2123 3064 2339 3122 gmenta
2390 3053 2658 3122 ejusmodi
2708 3053 2900 3104 merito
2946 3050 3216 3103 vindicent
3265 3047 3551 3119 Hippolyto
3585 3049 3687 3101 viri

2123 3146 2445 3210 doctissimi,
2477 3145 2665 3200 Bullus
2693 3144 2802 3213 (49)
2844 3143 2896 3196 in
2914 3143 3128 3211 primis,
3166 3140 3544 3195 Tillemontius
3575 3137 3691 3210 (50)

2122 3235 2339 3305 aliique.

2192 3328 2295 3382 Sed
2346 3328 2427 3379 vir
2483 3326 2836 3380 doctissimus
2864 3324 3028 3380 Ellies
3055 3325 3301 3394 Dupinus
3327 3324 3578 3387 dubitat,
3621 3339 3692 3378 an

2121 3419 2208 3472 illa
2239 3427 2490 3487 excerpta
2527 3417 2582 3470 S.
2612 3418 2949 3488 Hippolytum
2986 3417 3220 3470 habeant
3245 3424 3520 3470 auctorem
3540 3416 3689 3488 (5|);

2127 3509 2334 3564 Natalis
2356 3520 2535 3563 autem
2566 3509 2889 3574 Alexander,
2935 3507 3208 3572 Petavius,
3238 3507 3472 3562 Sandius
3498 3508 3610 3580 (5‘2)
3637 3519 3696 3562 et

2120 3600 2418 3672 Basnagius
2448 3601 2557 3670 (55)
2582 3602 2809 3671 probare
2837 3600 3317 3654 conanturlibrum
3337 3600 3411 3654 De
3432 3599 3693 3669 theologia

2120 3704 2169 3748 et
2190 3693 2553 3746 incarnatione
2571 3708 2678 3744 non
2695 3675 2814 3746 esse
2833 3691 2890 3746 S.
2925 3691 3192 3763 Hippolyti
3220 3709 3357 3760 opus
3373 3690 3691 3761 genuinum.

2121 3785 2420 3839 Audiamus
2455 3784 2632 3852 ipsum
2664 3781 2907 3837 Natalem
2945 3783 3311 3837 Alexandrum
3347 3783 3461 3853 (54)
3505 3791 3694 3837 contra

2120 3877 2234 3930 hlPC
2264 3884 2514 3944 excerpta
2539 3876 2640 3929 ista
2663 3876 3019 3929 disserentem
3050 3893 3063 3928 :
3095 3894 3112 3926 ι
3146 3873 3305 3928 Liber
3329 3873 3404 3928 De
3434 3873 3696 3942 theologia

2120 3978 2169 4022 et
2197 3969 2558 4021 incarnatione
2600 3975 2788 4021 contra
2830 3966 3092 4021 Beronem
3123 3977 3178 4021 et
3204 3965 3442 4022 Helicem
3476 3968 3694 4021 haereti-

2121 4074 2284 4114 cos...
2317 4073 2426 4113 non
2476 4058 2688 4111 videtur
2715 4073 2836 4112 esse
2878 4058 3050 4112 sancti
3083 4055 3375 4128 Hippolyti,
3406 4057 3563 4126 cujus
3593 4071 3694 4110 no-

2122 4167 2244 4204 men
2276 4149 2511 4219 praefert.
2546 4147 2656 4205 Nec
2683 4149 2826 4202 enim
2856 4149 2974 4217 ejus
3001 4149 3298 4203 meminere
3321 4157 3551 4215 veteres,
3590 4163 3695 4203 nec

2122 4241 2374 4310 congruit
2409 4239 2744 4309 temporibus
2776 4237 3070 4309 Hippolyti.
3107 4237 3324 4293 Refellit
3357 4239 3501 4294 enim
3540 4254 3696 4292 erro-

2123 4349 2235 4387 rem
2265 4332 2594 4399 Apollinaris
2627 4341 2683 4386 et
2722 4330 3037 4402 Eutychetis
3057 4331 3124 4386 de
3160 4332 3464 4386 mutatione
3497 4331 3696 4386 divini-

2125 4547 2244 4615 ejus
2300 4548 2735 4622 dogmatizant...
2788 4547 2943 4610 Hunc
2995 4549 3190 4622 librum
3229 4549 3469 4622 Byzantii
3515 4551 3694 4612 nobis.

2123 4627 2412 4688 antequam
2458 4620 2602 4686 passi
2647 4617 2961 4682 fuissemus,
2992 4621 3251 4686 delatum,
3274 4617 3412 4674 'cum
3450 4621 3594 4674 hunc
3623 4632 3700 4674 to-

2125 4699 2236 4740 tum
2305 4689 2563 4742 vellemus
2624 4691 3013 4754 transcribere,
3059 4691 3241 4744 subito
3275 4690 3432 4758 juxta
3466 4705 3698 4745 e0nsue-

2125 4758 2363 4811 tudinem
2391 4773 2546 4811 suam
2573 4759 2894 4840 insistentes.
2919 4761 3215 4840 adversarii
3245 4762 3518 4840 latronum
3545 4777 3700 4815 more

2123 4837 2442 4894 rapuerunt,
2494 4838 2547 4881 et
2598 4845 2704 4881 non
2758 4831 3025 4884 valuimus
3080 4846 3146 4884 ex
3201 4831 3319 4899 ipso
3367 4831 3488 4900 plus
3529 4843 3694 4895 quam

2123 4907 2247 4949 oeto
2296 4898 2410 4951 haec
2451 4899 2754 4952 testimonia
2786 4901 2992 4953 tollere.
3049 4918 3066 4950 ι
3115 4901 3391 4963 Anastas.,
3441 4898 3598 4964 epist.
3625 4900 3692 4949 ad

2123 4964 2393 5094 gillegdlzs.
2407 4969 2661 5094 tKp7rgsbyt.
2697 4970 3020 5039 Gangrens.,
3045 4979 3175 5024 tom.
3202 4968 3269 5022 III
3290 4971 3428 5039 Opp.
3455 4968 3698 5022 Sirmon-

2586 5107 2796 5176 Defens.
2827 5109 2922 5177 βα.
2964 5109 3194 5176 Niciam,
3226 5119 3360 5165 sect.
3389 5125 3448 5174 ιι,
3480 5123 3598 5178 cap.
3640 5108 3696 5171 8.

2201 5193 2660 5352 ἰξὲῗὲἰῖίἶῖἓῆῖοηι,
2687 5246 2932 5303 Mémoir.
2958 5250 3110 5316 eccl.,
3147 5263 3281 5306 tom.
3309 5249 3398 5312 III,
3430 5263 3553 5320 pag.
3597 5246 3699 5299 108

2124 5325 2177 5370 et
2212 5319 2328 5371 tot).

2197 5387 2311 5459 (51)
2343 5387 2539 5457 Dupin,
2566 5387 2704 5459 βὶὀι.
2741 5399 2907 5456 auch,
2935 5405 3058 5459 pag.
3087 5390 3207 5444 I78.

2197 5458 2307 5531 (ξξὲ)
2335 5460 2529 5531 §and.,
2565 5457 2677 5531 νει.
2712 5463 2899 5531 script.
2937 5457 3144 5523 coclea,
3177 5477 3298 5531 pag.
3326 5460 3417 5514 Ἦ.

2334 5527 2594 5649 ξδῧδὲιθξςὲ,
2623 5529 2999 5649 ιῗὶιὶωθιινθτε.
3017 5533 3084 5586 ad
3117 5527 3369 5586 Thesaur.
3394 5528 3698 5591 Canisiau.,

2125 5605 2259 5668 tom.
2283 5599 2323 5660 I,
2346 5613 2476 5668 pag.
2511 5600 2597 5662 10,
2626 5599 2711 5651 11.

2199 5667 2312 5739 (54)
2342 5666 2518 5721 Natal.
2554 5668 2868 5737 Alexandr.,
2898 5668 3040 5727 Hist.
3071 5672 3279 5739 eodem,
3306 5683 3432 5725 smc.
3467 5683 3549 5732 tn,
3574 5679 3694 5737 cap.

2126 5737 2182 5802 4,
2211 5738 2426 5793 articul.
2467 5740 2517 5804 1,
2553 5754 2670 5808 pag.
2709 5739 2791 5794 63.
