4034 6430
302 428 401 484 30!

1287 425 1373 480 ne
1412 423 1573 482 VITA
1612 421 1699 478 cr
1737 423 2046 481 scrupus
2086 424 2142 478 s.
2181 410 2581 481 marcum:

2370 316 2383 343 Ι

3436 429 3542 485 502

304 544 431 598 tatis
467 544 521 597 in
553 557 776 599 carnem
797 585 812 609 ,
855 545 935 599 vel
963 545 1142 599 carnis
1170 544 1222 598 in
1257 544 1425 600 Deum
1462 546 1545 610 (ut
1568 554 1784 601 constat
1810 560 1872 597 ex
1907 554 1950 608 Α
1979 544 2240 599 adversus
2282 542 2650 615 Eutychianos
2683 543 2998 612 protulisset
3050 543 3105 599 in
3165 544 3340 601 tribus
3371 547 3544 604 dialor

304 638 416 691 illis
444 637 625 690 verbis
641 636 832 706 cap.4)
871 655 885 690 :
923 636 1092 701 Quam
1118 638 1419 703 essentiam,
1444 639 1642 707 inquit,
1671 638 1877 691 habebit

297 729 757 797 eorumzopiuione
774 729 946 798 factus
962 729 1115 782 homo
1142 740 1342 783 mutata
1371 731 1646 784 divinitate
1674 731 1727 784 in
1759 746 1879 783 car-

305 836 425 873 nem
445 821 471 874 1’
490 819 558 872 Et
587 838 748 889 quam
772 821 977 875 habebit
998 821 1135 876 Deus
1162 832 1368 881 mutata
1399 838 1553 876 carne
1582 824 1639 875 in
1666 821 1829 876 Deum
1855 824 1879 876 .’

307 912 547 969 Mutatio
561 916 702 970 enim
724 916 951 969 duarum
968 916 1424 970 naturaruminter
1438 933 1511 978 se,
1537 916 1779 969 interitus
1799 925 1877 969 est

304 1009 614 1059 ambarum.
671 1004 779 1059 Nec
826 1004 1002 1060 solum
1044 1013 1167 1074 post
1198 1005 1427 1058 haereses
1463 1003 1790 1073 Apollinaris
1823 1011 1879 1057 et

304 1093 637 1166 Eutychetis
662 1096 775 1164 jam
800 1104 971 1159 ortas,
1003 1110 1188 1149 verum
1219 1094 1380 1147 etiam
1409 1106 1533 1163 post
1558 1092 1878 1148 Monotheli-

304 1195 490 1239 tarum
515 1185 766 1239 hmresitn
792 1184 1017 1239 elfusam
1040 1229 1056 1251 ,
1089 1184 1428 1253 conscriptus
1460 1184 1668 1239 videtur
1691 1184 1791 1239 iste
1813 1186 1877 1238 li-

301 1275 422 1331 ber.
459 1274 594 1329 Nam
629 1278 682 1329 in
711 1290 777 1331 eo
800 1276 1037 1329 maxima
1066 1291 1194 1345 pars
1218 1275 1336 1345 ejus
1363 1286 1625 1342 versatur,
1664 1287 1721 1330 ut
1741 1276 1877 1332 duas

296 1368 362 1422 in
402 1369 628 1423 Christo
654 1368 998 1438 operationes
1026 1369 1250 1438 probet;
1282 1368 1521 1439 alioquin
1558 1379 1874 1423 naturarum

300 1459 688 1569 confusiot‘m
735 1470 1076 1529 secuturam;
1121 1462 1200 1516 sic
1241 1477 1434 1531 nempe
1465 1463 1625 1517 habet
1648 1478 1767 1532 cap.
1798 1465 1829 1517 5
1859 1482 1871 1516 :

302 1550 536 1607 Carnem
567 1550 631 1605 α’
650 1551 815 1608 Verbo
842 1563 1186 1622 assumptum,
1218 1570 1379 1607 unam
1413 1565 1461 1607 et
1491 1554 1726 1607 eamdem
1758 1571 1878 1623 ope-

296 1644 569 1698 rationem
598 1644 806 1711 habere,
838 1661 994 1714 quam
1022 1645 1295 1712 divinitas;
1322 1657 1535 1715 propter
1555 1648 1876 1716 assumptio-

295 1751 459 1797 nem;
483 1735 811 1788 divinitatem
826 1752 951 1790 .vero
980 1738 1216 1791 eamdem
1235 1741 1552 1806 passionem,
1575 1756 1733 1810 quam
1749 1757 1873 1794 caro

297 1837 521 1898 propter
551 1829 995 1892 exinanitionem;
1033 1831 1112 1883 sic
1138 1833 1481 1885 mutationem
1511 1833 1672 1886 simul
1697 1843 1749 1889 et
1775 1837 1875 1887 mi-

295 1922 534 1974 stionem
573 1937 637 1974 ac
671 1921 1063 1989 confusionem,
1096 1933 1145 1978 et
1185 1924 1459 1978 ambarum
1481 1936 1796 1979 naturarum
1820 1928 1875 1981 in

296 2012 511 2079 “ipsas
538 2014 922 2067 conuersionem
946 2016 1185 2068 tradunt.
1224 2014 1284 2070 Si
1342 2018 1482 2070 enim
1510 2034 1632 2071 caro
1666 2035 1875 2072 assum-

296 2114 398 2173 pta
423 2104 663 2158 eamdem
694 2108 1050 2174 operationem
1072 2107 1229 2161 liabet
1247 2148 1262 2172 ,
1289 2125 1451 2179 quam
1485 2110 1734 2165 divinitas
1760 2129 1779 2175 ;
1809 2113 1878 2165 Ii-

296 2206 427 2266 quet
480 2196 680 2266 factam
730 2213 841 2252 esse
877 2209 1072 2253 natura
1122 2199 1289 2254 Deum
1337 2201 1624 2273 habereque
1678 2206 1875 2270 omnia,

296 2307 428 2344 eum
455 2289 646 2360 quibus
679 2290 999 2346 naturaliter
1030 2292 1348 2363 intelligitur
1372 2293 1546 2359 Deus;
1576 2304 1625 2348 et
1655 2296 1702 2347 si
1738 2297 1875 2349 divi—

302 2380 447 2435 nitas
470 2381 753 2436 exinanita
772 2383 1011 2437 eamdem
1028 2385 1327 2452 passionem
1347 2383 1467 2437 subi
1475 2395 1516 2448 t,
1532 2402 1689 2455 quam
1716 2404 1875 2455 caro;

298 2474 470 2546 liquet
514 2475 720 2545 [actam
756 2492 874 2531 esse
924 2487 1118 2532 natura
1164 2492 1396 2542 carnem,
1446 2478 1732 2550 habereque
1780 2481 1878 2534 illa

297 2567 505 2633 omnia,
559 2582 679 2621 cum
732 2566 918 2638 quibus
963 2569 1285 2622 naturaliter
1321 2570 1468 2623 nosci
1519 2580 1688 2639 potest
1731 2589 1874 2627 caro.

305 2657 439 2723 Quae
463 2659 604 2712 enim
636 2660 777 2713 inter
800 2676 855 2713 se
890 2669 1013 2714 sunt
1033 2660 1265 2730 ejusdem
1293 2662 1632 2730 operationis,
1678 2675 1725 2715 et
1773 2664 1877 2733 elﬁ-

297 2753 537 2818 cientice,
588 2770 652 2806 ac
702 2754 1041 2824 cognitionis.
1084 2763 1135 2809 et
1166 2757 1379 2810 omnino
1406 2756 1549 2810 idem
1575 2759 1871 2826 patiuntur,

301 2842 514 2897 nullam
555 2856 763 2898 natura
797 2844 1151 2913 cli/Terentiam
1184 2847 1493 2901 admittunt.
1523 2846 1589 2901 Et
1626 2864 1746 2917 cap.
1787 2850 1820 2903 6
1856 2866 1870 2903 :

306 2933 415 2998 Qui
459 2934 700 2988 eamdem
756 2937 1109 2989 operationem
1156 2937 1377 2993 diversis
1431 2940 1640 2993 naturis
1679 2940 1877 2994 Christi

306 3023 531 3089 tribuit,
563 3026 927 3095 confusionem
958 3037 1271 3082 naturarum
1302 3030 1462 3083 simul
1492 3032 1806 3100 introducit,
1829 3045 1876 3087 et

298 3117 620 3173 diuisionem
649 3135 1029 3188 personarum;
1075 3138 1190 3175 cum
1229 3123 1491 3177 naturalis
1518 3126 1743 3178 essentia
1774 3142 1876 3180 na-

1980 635 2083 705 gis,
2105 650 2245 704 quos
2276 644 2465 690 contra
2492 636 2638 704 ipsos
2661 636 2998 706 composuit:
3033 636 3266 691 maxime
3288 653 3410 692 cum
3437 640 3543 694 alia

1978 741 2044 780 ex
2076 722 2339 794 Oper-ibus
2372 724 2637 797 Hippolyti
2680 726 2799 781 loca
2841 736 3137 794 recenseat,
3176 728 3434 784 nimirum
3479 746 3547 784 ea;

1979 817 2215 869 oratione
2245 816 2307 870 de
2340 817 2709 871 distributione
2739 816 3078 883 talentorum,
3121 833 3185 871 ea:
3217 818 3442 888 epistola
3473 818 3544 872 ad

1978 908 2260 976 quamdam
2292 910 2546 978 reginam,
2586 926 2650 963 ea:
2680 926 2916 980 sermone
2948 911 3003 963 in
3035 908 3328 964 Helcanam
3358 922 3408 965 et
3434 913 3546 966 An-

1980 1015 2134 1064 nam,
2182 1016 2302 1069 quae
2330 1001 2511 1055 minus
2542 1002 2817 1070 splendida
2850 1014 2978 1056 sunt
3008 1010 3063 1056 et
3108 1002 3345 1067 diserta,
3377 1020 3543 1073 quam

1977 1106 2064 1154 ea,
2098 1106 2218 1160 quae
2258 1093 2500 1161 proxime
2539 1096 2884 1150 adduximus.
2920 1095 3036 1151 Non
3075 1097 3352 1153 omisisset
3396 1107 3545 1154 certe

1984 1183 2432 1253 diligentissimus
2481 1186 2714 1254 scriptor
2755 1188 3060 1242 testimonia
3114 1189 3430 1257 deprompta
3474 1205 3544 1246 ex

1979 1274 2117 1327 libro
2142 1274 2214 1328 De
2248 1275 2507 1346 theologia
2539 1287 2587 1330 et
2622 1278 3005 1345 incarnatione,
3041 1289 3096 1335 et
3131 1281 3183 1334 in
3223 1297 3382 1335 suum
3423 1298 3546 1338 sco-

1977 1381 2104 1435 pum
2135 1376 2241 1420 tam
2271 1367 2473 1423 directe
2496 1369 2859 1434 collineantia,
2900 1386 3002 1426 suo
3030 1380 3135 1426 tam
3169 1374 3544 1430 convenientia

1978 1472 2316 1529 argumento,
2347 1460 2391 1514 si
2417 1462 2469 1514 in
2495 1476 2676 1515 rerum
2705 1471 2894 1515 natura
2941 1462 3077 1516 liber
3105 1463 3417 1533 huiusmodi
3457 1484 3547 1520 es-

1977 1551 2223 1605 stitisset.

2051 1659 2069 1692 ι
2104 1640 2347 1711 Denique
2368 1640 2594 1698 Bcronis
2616 1653 2668 1698 et
2701 1643 2906 1700 llelices
2933 1645 3329 1713 haereticorum,
3353 1656 3544 1704 contra

1975 1747 2113 1802 quos
2135 1734 2313 1788 editus
2346 1733 2536 1799 fertur,
2568 1736 2711 1790 nulla
2748 1747 2832 1791 est
2876 1738 2929 1791 in
2973 1747 3084 1792 tota
3122 1747 3267 1793 retro
3302 1740 3545 1810 antiqui—

1979 1834 2087 1880 tate
2121 1827 2405 1881 memoria.
2449 1847 2468 1878 ι
2516 1825 2790 1882 Hactenus
2821 1827 2886 1885 ν.
2913 1830 2977 1885 C.
3010 1828 3118 1885 Nec
3149 1832 3290 1885 valet
3316 1846 3545 1901 respon-

1976 1932 2098 1971 sum
2141 1917 2348 1973 Canisii
2388 1929 2442 1973 et
2472 1918 2795 1988 Possevini,
2844 1936 3082 1976 errorem
3133 1924 3202 1978 de
3249 1926 3548 1980 mutatione

1975 2008 2274 2065 divinitatis
2305 2011 2360 2064 in
2404 2011 2816 2079 humanitatem,
2858 2014 2942 2067 vel
2982 2014 3337 2071 humanitatis
3367 2017 3420 2071 in
3457 2019 3547 2073 di-

1977 2101 2289 2168 trinitatem,
2333 2117 2454 2157 esse
2499 2104 2858 2172 antiquiorem
2892 2103 3187 2177 Eutychete
3232 2123 3296 2162 ac
3345 2110 3549 2178 Apolli—

1977 2194 2115 2259 nari,
2152 2210 2274 2251 cum
2320 2196 2440 2264 ejus
2479 2197 2788 2251 meminerit
2826 2208 3047 2254 sanctus
3079 2197 3328 2255 Justinus
3357 2202 3411 2256 in
3437 2202 3551 2257 Ea:—

1975 2288 2231 2358 positione
2255 2288 2401 2357 ﬁdei,
2432 2288 2674 2359 adeoque
2697 2306 2805 2343 non
2832 2305 2952 2345 esse
2978 2291 3397 2361 abjudicandum
3424 2310 3551 2350 san-

1976 2387 2065 2434 clo
2093 2376 2378 2449 Hippolyto
2406 2379 2603 2434 librum
2649 2381 2717 2434 de
2761 2397 2871 2450 quo
2904 2382 3138 2452 agimus,
3181 2385 3326 2453 quod
3358 2402 3546 2441 eorum

1976 2487 2216 2528 errorem
2247 2471 2475 2527 refellat.
2513 2472 2645 2527 Nam
2676 2474 2856 2528 statim
2888 2477 3180 2545 respondet
3201 2476 3408 2532 Natalis
3444 2478 3552 2531 Ea:-

1976 2565 2287 2633 positionem
2313 2564 2439 2632 ﬁdei
2483 2580 2592 2620 non
2635 2581 2758 2621 esse
2802 2567 3094 2635 genuinum
3140 2570 3314 2624 sancti
3347 2568 3547 2625 Justini

1976 2655 2048 2710 Μ.
2082 2671 2241 2726 opus,
2285 2658 2529 2726 adeoque
2567 2658 2976 2726 responsionem
3016 2657 3228 2714 Canisii
3273 2669 3326 2715 et
3352 2660 3549 2716 Posse-

1975 2748 2084 2804 vini
2122 2749 2176 2803 in
2200 2765 2363 2804 auras
2396 2763 2742 2804 evanescere.

2046 2864 2074 2936 ᾗ
2100 2863 2163 2919 ιι.
2196 2863 2904 2936 Respoudetur_argu‘mentis
2937 2865 3126 2921 Natal.
3153 2866 3467 2936 Alexandri,
3496 2881 3548 2923 et

2219 2935 2518 2989 vindicatur
2544 2933 2594 2987 Η
2602 2933 2832 3005 ἰρίροινιο
2862 2936 2956 2990 hoc
2984 2940 3312 3004 opusculum.

2051 3026 2252 3081 Verum
2299 3027 2414 3081 haec
2444 3024 2650 3082 Natalis
2696 3038 3013 3098 argumenta
3053 3045 3153 3099 pro
3187 3030 3550 3100 abjudicando

1981 3119 2041 3173 S.
2089 3118 2375 3188 Hippolyto
2433 3125 2701 3177 tractatu.
2744 3120 2798 3173 in
2842 3120 3000 3189 cujus
3044 3123 3388 3191 possessione
3427 3126 3552 3196 plus

302 3220 555 3265 turarum
595 3228 688 3280 per
730 3214 1077 3268 mutationem
1113 3217 1493 3283 proprietatum
1521 3218 1728 3284 penitus
1750 3221 1874 3273 sub-
1903 3233 1947 3291 ο
1977 3227 2139 3282 quam
2164 3211 2310 3265 mille
2340 3226 2514 3268 annos
2545 3210 2663 3271 fuit,
2693 3226 2800 3265 non
2822 3221 2948 3267 sunt
2977 3215 3107 3269 satis
3130 3217 3333 3285 gravia.
3366 3217 3552 3273 Primo

297 3303 422 3357 lata
447 3305 539 3359 sit.
572 3303 639 3357 Et
667 3319 786 3374 cap.
821 3305 852 3358 7
885 3305 1154 3360 :~Creator
1185 3307 1419 3360 omnium
1450 3323 1514 3360 ea?
1539 3319 1726 3363 sancta
1764 3309 1876 3363 Vir-

297 3395 425 3465 gine
474 3394 655 3448 Maria
692 3396 745 3448 in
768 3405 1017 3466 conceptu
1048 3413 1203 3465 puro,
1248 3399 1360 3451 sine
1394 3401 1713 3466 mutatione,
1757 3402 1877 3454 ani-

307 3502 451 3539 mam
494 3486 872 3557 intelligentem
920 3503 1040 3541 cum
1073 3504 1287 3557 corpore
1330 3492 1582 3545 sentiente
1608 3493 1711 3547 sibi
1753 3496 1874 3547 sub-

302 3579 641 3634 stantialiter
688 3580 894 3644 aniens,
931 3580 1105 3647 factus
1148 3591 1227 3636 est
1264 3583 1445 3649 homo,
1477 3594 1668 3639 natura
1700 3604 1732 3640 a
1757 3603 1877 3655 pec-

305 3680 429 3725 cato
458 3672 690 3730 alienus.
731 3672 873 3726 Deus
916 3671 1158 3739 Verbum,
1194 3673 1331 3728 idem
1357 3674 1496 3729 Deus
1527 3687 1699 3739 totus,
1740 3679 1876 3732 idem

306 3764 439 3817 item
470 3764 627 3817 homo
660 3772 820 3830 totus,
876 3764 1149 3818 divinitate
1191 3766 1401 3835 quidem
1448 3766 1626 3821 diuina
1655 3784 1877 3837 operans

300 3870 404 3924 per
435 3865 676 3909 sanctam
710 3871 940 3921 carnem,
973 3871 1088 3925 qua:
1119 3867 1314 3910 natura
1351 3873 1455 3911 non
1490 3867 1641 3913 erant
1664 3862 1876 3924 carnis;

308 3945 647 4002 humanitate
672 3962 789 4001 vero
815 3947 1069 4011 humana,
1108 3965 1225 4019 qua:
1258 3962 1452 4005 natura
1489 3967 1592 4004 non
1612 3963 1760 4007 erant
1789 3953 1875 4006 di-

305 4038 588 4101 ciuitatis;
619 4040 824 4106 patiens
858 4042 1236 4094 sustentatione
1270 4041 1598 4109 diuinitatis,
1636 4043 1769 4097 nihil
1795 4045 1881 4097 di-

307 4127 489 4184 uinum
524 4131 726 4183 nudum
774 4146 985 4199 corpore
1029 4146 1268 4198 operans,
1312 4131 1544 4201 nihilque
1590 4134 1881 4187 humanum

308 4239 496 4293 expers
531 4223 866 4289 divinitatis;
893 4240 1103 4278 servans
1131 4226 1234 4279 sibi
1274 4241 1459 4278 novum
1497 4227 1739 4293 modum,
1777 4243 1879 4297 quo

309 4323 557 4384 utraque.
602 4314 783 4368 divina
824 4315 1021 4368 scilicet
1066 4323 1120 4367 et
1161 4314 1392 4367 humana
1420 4326 1661 4382 operatus
1694 4325 1792 4373 est.
1822 4328 1878 4369 ut

310 4406 368 4457 in
396 4415 587 4459 neutra
614 4414 809 4460 natura
832 4406 1055 4459 mutatio
1083 4406 1250 4475 ﬁeret.
1279 4404 1437 4461 Certe
1464 4422 1588 4462 cum
1624 4408 1737 4463 haec
1768 4409 1883 4462 Μυ-

312 4497 705 4551 notbelitarum
765 4512 1029 4560 errorem,
1070 4500 1284 4552 unicam
1312 4501 1363 4551 in
1390 4499 1607 4553 Christo
1628 4500 1879 4553 volunta-

1980 3303 2121 3357 enim
2170 3304 2367 3357 mirum
2412 3303 2570 3358 nobis
2598 3304 2841 3369 videtur,
2872 3321 2971 3360 cur
3007 3322 3115 3360 non
3163 3311 3332 3378 possit
3363 3321 3553 3366 auctor

1979 3395 2282 3463 catholicus
2314 3395 2611 3465 primorum
2658 3395 2817 3450 trium
2848 3398 3164 3453 saeculorum
3200 3400 3341 3455 idem
3384 3405 3553 3471 protl-

1981 3488 2084 3545 teri
2126 3503 2191 3543 ac
2235 3487 2524 3543 defendere
2551 3487 2695 3557 quod
2728 3503 2942 3557 semper
2964 3490 3230 3546 creditum
3272 3492 3374 3547 fuit
3415 3495 3467 3549 in
3500 3506 3555 3550 et

1981 3582 2051 3635 ab
2078 3579 2318 3637 Ecclesia
2365 3588 2473 3634 tam
2516 3588 2644 3634 ante
2666 3619 2682 3643 ,
2716 3595 2876 3649 quam
2909 3591 3033 3651 post
3055 3598 3273 3639 exortas
3297 3586 3549 3643 hmreses.

1981 3670 2241 3726 Fatemur
2270 3670 2487 3741 quidem
2514 3685 2614 3725 eos
2642 3670 2831 3726 Patres
2849 3711 2863 3734 ,
2893 3673 2986 3742 qui
3029 3684 3150 3742 post
3180 3686 3371 3732 enatos
3398 3692 3553 3733 erro-

1984 3779 2094 3830 res,
2123 3777 2264 3833 quos
2294 3763 2457 3818 etiam
2489 3774 2964 3833 oppugnaverunt,
2999 3777 3275 3830 vixerunt,
3317 3770 3555 3838 plerum-

1983 3867 2090 3922 que
2117 3853 2427 3907 accuratius
2457 3850 2603 3906 circa
2635 3855 2893 3909 veritates
2923 3857 2975 3908 in
3002 3859 3431 3912 controversiam
3461 3861 3556 3913 atl-

1983 3944 2177 4000 ductas
2201 3959 2320 3999 sese
2345 3944 2702 4013 expressisse,
2731 3961 2895 4015 quam
2931 3947 3073 4014 illos,
3098 3949 3190 4017 qui
3214 3959 3339 4005 ante
3367 3966 3557 4005 erratas

1983 4036 2360 4092 contentiones
2404 4038 2693 4107 scripsere.
2741 4040 2810 4094 At
2842 4056 2969 4095 vero
3015 4041 3139 4096 inde
3186 4042 3329 4097 haud
3371 4044 3553 4099 statim

1985 4128 2344 4198 colligmtdum
2371 4139 2474 4195 est,
2521 4130 2773 4196 loquendi
2821 4129 3110 4197 formulas,
3148 4149 3271 4202 quae
3308 4142 3429 4203 post
3458 4137 3559 4188 ali-

1987 4215 2143 4284 cujus
2166 4210 2435 4272 hereseos
2456 4219 2716 4289 originem
2738 4220 3153 4284 adhibebantur,
3181 4239 3288 4277 non
3315 4225 3559 4292 potuisse

1984 4306 2239 4375 usurpari
2278 4308 2472 4362 saltem
2502 4308 2570 4362 ab
2599 4307 2873 4377 aliquibus
2920 4323 3048 4365 ante
3095 4313 3241 4368 illius
3287 4308 3558 4370 haereseos

1987 4395 2161 4451 initia.
2200 4397 2358 4452 Certe
2386 4396 2850 4468 S..Atbanasius,
2883 4403 2977 4470 qui
3011 4402 3101 4457 diu
3151 4415 3274 4459 ante
3307 4404 3558 4462 haeresim

1988 4489 2495 4556 Monotbelitarum,
2525 4490 2971 4550 Nestoriauorum
3006 4505 3060 4549 et
3095 4496 3557 4568 Eutychianorum

310 4597 424 4642 tem
451 4588 931 4659 propugnantium,
954 4591 1156 4644 directe
1185 4599 1396 4659 petant;
1431 4591 1881 4645 verisimillimnm
1908 4595 1960 4652 ι’)
1989 4581 2301 4650 scripserat,
2334 4581 2690 4637 nihilominus
2724 4586 3041 4653 mysterium
3069 4585 3464 4645 [incarnationis
3493 4604 3558 4645 ea

310 4690 420 4743 est,
454 4680 654 4734 librum
686 4680 836 4735 illum
868 4693 993 4735 ante
1021 4681 1309 4750 septimum
1345 4681 1624 4744 saeculum,
1654 4698 1763 4751 quo
1792 4698 1886 4736 cx-

311 4772 424 4827 orti
458 4781 587 4827 sunt
619 4772 1017 4838 Monothelitae,
1051 4774 1427 4828 elucubratum
1480 4789 1588 4828 non
1624 4772 1811 4829 fuisse.

392 4880 415 4914 ι
442 4861 650 4919 Deinde
696 4864 743 4918 si
785 4866 1085 4919 exstitisset
1134 4873 1374 4934 tempore
1426 4865 1886 4919 Chalcedonensis

314 4953 571 5019 concilii,
618 4954 991 5011 Tneotloretus
1023 4957 1114 5011 illa
1143 4962 1335 5027 procul
1372 4958 1539 5012 dubio
1577 4959 1886 5013 testimonia

391 5173 509 5245 (55)
555 5194 574 5227 ι
610 5175 858 5248 Cumque
889 5177 1281 5252 aitChristus:
1316 5179 1510 5241 Pater,
1557 5181 1603 5235 si
1647 5180 1891 5252 possibile

314 5255 417 5308 est,
443 5255 680 5301 transeat
710 5264 742 5300 a
770 5263 847 5300 me
883 5248 1027 5303 calix
1055 5252 1186 5302 iste:
1240 5260 1595 5305 verumtamen
1632 5248 1732 5304 non
1775 5269 1891 5305 utea

317 5314 586 5380 voluntas,
612 5318 703 5371 sed
728 5328 820 5372 tua
849 5320 977 5389 ﬁat;
1006 5328 1089 5373 et:
1130 5318 1360 5387 Spiritus
1388 5322 1597 5390 quidem
1623 5319 1891 5390 promplus

316 5397 420 5457 est,
451 5402 576 5439 caro
602 5399 778 5441 autent
815 5389 1062 5457 infirma:
1096 5390 1235 5444 duas
1268 5389 1572 5446 voluntates
1602 5389 1677 5446 tbi
1710 5402 1891 5447 osten-

317 5453 435 5530 dit;
476 5458 701 5511 alteram
742 5453 1069 5530 humanam,
1111 5476 1232 5530 quae
1274 5472 1359 5515 est
1402 5463 1614 5525 carnis;
1668 5463 1890 5515 alteram

321 5526 586 5597 divinam,
620 5544 742 5597 quae
776 5528 866 5584 Dei
894 5540 995 5585 est.
1027 5549 1045 5580 ι
1067 5526 1350 5595 Albanas,
1376 5529 1448 5583 De
1472 5530 1752 5586 lncarnat.‘
1777 5548 1894 5586 con-

324 5601 411 5670 tra
434 5596 704 5670 Arianae,
721 5614 843 5669 pag.
876 5598 1000 5654 887.
1040 5617 1059 5648 ι
1084 5600 1268 5670 Itaque
1292 5614 1453 5654 verus
1479 5611 1563 5657 est
1585 5602 1677 5657 Dei
1700 5603 1892 5665 Filius,

322 5665 857 5739 priusquam_lionio
905 5672 1096 5735 ﬁeret;
1152 5665 1206 5725 et
1250 5677 1537 5739 postquam
1586 5674 1758 5729 factus
1790 5686 1893 5734 est.

328 5735 593 5801 mediator
643 5736 734 5790 Dei
780 5749 834 5792 et
881 5740 1159 5795 hominum
1211 5735 1670 5799 homo'Christus
1714 5744 1891 5801 Jesus-

328 5792 443 5882 μου
470 5806 638 5882 enirn,
667 5816 750 5861 est
770 5792 915 5882 quod
931 5792 1103 5874 dicit,
1121 5792 1175 5882 et
1187 5792 1347 5882 satis
1367 5792 1518 5866 mea
1535 5792 1896 5870 Ῐέξιῖιᾰὸῖιῖσῖἐ

328 5874 497 5936 stum,
528 5875 739 5929 unitum
763 5874 915 5934 Patri
939 5874 1237 5937 secundum
1262 5879 1523 5952 Spiritum
1572 5885 1733 5942 nobis
1763 5893 1894 5941 vero

1985 4672 2196 4727 ratione
2243 4672 2497 4743 exponit,
2544 4690 2652 4744 qua
2697 4690 2888 4730 omnes
2937 4677 3128 4732 horum
3178 4680 3557 4735 haereticorum

1985 4778 2197 4818 errores
2223 4763 2502 4832 aequaliter
2534 4765 2923 4835 impugnantur
2958 4776 3014 4823 et
3042 4764 3379 4839 jugulantur.
3423 4773 3560 4825 Pro-

1986 4854 2171 4908 litetur
2202 4856 2346 4909 enim
2392 4855 2531 4911 duas
2580 4858 2886 4913 voluntates
2917 4859 3031 4930 (55)
3066 4870 3119 4916 et
3158 4862 3295 4916 duas
3336 4873 3561 4918 naturas

1988 4946 2042 4998 in
2067 4942 2192 5000 Jesu
2226 4944 2447 5000 Christo
2478 4947 2596 5002 sine
2620 4947 2941 5005 confusione
2962 4991 2979 5017 ,
3029 4959 3123 5006 aut
3161 4953 3511 5021 permistione
3540 4994 3556 5018 ,

1990 5196 2288 5251 secundum
2315 5212 2571 5265 carnem;
2602 5211 2658 5254 et
2688 5200 2768 5256 sic
2794 5202 3145 5256 mediatorem
3183 5202 3273 5257 Dei
3299 5215 3351 5258 et
3385 5205 3562 5258 hami--

1992 5282 2144 5336 num,
2189 5268 2283 5336 qui
2318 5283 2425 5323 non
2458 5271 2634 5323 solum
2667 5271 2850 5335 homo,
2888 5274 2980 5326 sed
3013 5274 3172 5324 etiam
3209 5273 3350 5327 Deus
3398 5283 3499 5328 est.
3536 5293 3556 5326 ι

1994 5335 2127 5409 Ibid.
2159 5378 2174 5403 ,
2202 5335 2322 5409 pag.
2351 5337 2476 5393 888.
2534 5358 2553 5391 ε
2591 5339 2789 5409 Sicque
2815 5342 3077 5395 dicendus
3107 5340 3270 5396 fuerit
3311 5343 3562 5399 Christus

1992 5405 2263 5481 perfectus
2284 5405 2435 5481 Deus
2459 5417 2515 5462 et
2547 5405 2818 5478 perfectus
2846 5412 3040 5475 homo;
3080 5426 3183 5465 non
3209 5417 3354 5481 quod
3377 5414 3560 5468 divina

1994 5475 2272 5550 perfectio
2306 5478 2358 5531 in
2402 5475 2692 5550 humanam
2745 5481 3127 5547 perfectionem
3186 5475 3390 5539 mutata
3451 5486 3562 5550 sit,

1994 5548 2135 5614 quod
2163 5563 2194 5619 a
2222 5547 2422 5618 pietate
2450 5549 2684 5602 alienum
2712 5559 2823 5614 est;
2856 5564 3029 5618 neque
3053 5566 3146 5619 per
3172 5547 3563 5610 incrementum

1994 5618 2342 5688 virtutis,get
2370 5620 2684 5673 accessione
2717 5620 2964 5688 iustitiae,
2999 5618 3176 5686 absit,
3222 5625 3313 5679 sed
3352 5625 3564 5679 ratione

1995 5686 2325 5760 etsistentite
2352 5686 2731 5760 indeticienti-s,
2764 5697 2825 5742 ut
2850 5701 3079 5760 utraque
3106 5709 3248 5747 unus
3275 5696 3403 5759 sint,
3434 5708 3559 5748 oni-

1996 5756 2127 5808 nino
2157 5754 2425 5831 perfectus
2450 5758 2590 5811 idem
2621 5757 2765 5831 Deus
2793 5768 2845 5813 et
2879 5754 3061 5816 homo.
3097 5782 3116 5817 ι
3157 5754 3441 5831 Athanas.,
3467 5763 3560 5817 lib.

1995 5835 2202 5879 tcontr.
2237 5825 2498 5903 Apollin”
2528 5841 2582 5897 p.
2616 5827 2739 5883 936.
