4034 6428
446 420 563 477 ⁷⁸505

1436 422 1523 476 DE
1561 422 1724 477 VITA
1762 421 1851 476 ET
1894 419 2203 476 SCRIPTIS
2242 420 2299 475 S.
2339 417 2721 473 HIPPOLYTI.

3597 411 3703 466 5οι

454 545 542 598 vel
591 544 888 600 mutatione
916 563 930 611 ;
981 554 1035 600 et
1068 545 1279 600 beatam
1325 543 1600 616 Virginem
1652 544 1877 601 Mariam
1926 545 2035 601 fre-
2062 552 2108 608 Α
2134 553 2324 601 contra
2355 541 2671 614 Eutychetis
2696 539 2968 604 haeresim,
3006 545 3199 608 praeter
3230 535 3355 591 illas
3389 530 3710 589 Tertulliani

455 645 686 708 quenter
710 637 866 691 titulo
895 635 1082 691 Matris
1113 636 1205 691 Dei
1238 636 1471 691 honorat
1501 636 1635 707 (56).
1671 636 2036 692 Tertullianus

456 729 759 783 Athanasio
785 742 848 783 ac
878 727 1078 782 Basilio
1101 728 1262 799 longe
1290 728 1591 797 antiquior,
1629 728 2035 783 distinctionem

457 820 687 873 duarum
738 829 1075 882 naturarum,
1126 834 1191 873 ac
1238 818 1501 873 unitatem
1530 819 1692 874 unius
1736 819 1791 872 in
1819 818 2035 873 Christo

454 908 586 965 Jesu
619 925 862 980 persona:
892 920 999 965 tam
1030 910 1176 966 clare
1205 911 1422 976 astruit,
1472 925 1537 966 ac
1577 912 1623 965 si
1669 911 1782 981 jam
1815 919 1927 965 tum
1979 910 2035 964 in

457 1011 728 1055 certamen
751 1015 875 1054 eum
903 1001 1098 1057 haeresi
1127 999 1362 1057 Nestorii
1393 1010 1446 1055 et
1472 1001 1783 1073 Eutychetis
1812 1000 2037 1055 descen-

458 1090 824 1149 disset.¢Deus
848 1131 863 1157 ,
898 1091 1073 1162 inquit
1106 1090 1258 1162 (57),
1292 1108 1454 1163 neque
1485 1092 1674 1146 desinit
1701 1108 1843 1157 esse,
1878 1107 2038 1162 neque

459 1185 607 1241 aliud
632 1193 797 1255 potest
832 1200 964 1239 esse.
1001 1182 1183 1238 Sermo
1216 1195 1392 1238 autem
1418 1183 1594 1249 Deus;
1636 1193 1685 1238 et
1730 1200 1898 1238 sermo
1928 1183 2038 1237 Do-

460 1278 591 1331 mini
615 1287 787 1331 manet
822 1277 873 1330 in
908 1288 1183 1340 retentum,
1219 1274 1594 1346 perseverando
1622 1274 1820 1329 scilicet
1857 1275 1911 1327 in
1940 1290 2039 1328 sua

458 1371 653 1440 forma.
690 1369 856 1435 Quem
885 1370 931 1424 si
965 1385 1070 1422 non
1099 1369 1241 1439 capit
1289 1368 1686 1437 transﬁgurari,
1726 1382 2037 1436 consequens

459 1470 559 1529 est,
593 1472 649 1515 ut
681 1461 757 1514 sic
781 1476 907 1514 caro
936 1459 1107 1529 factus
1132 1457 1485 1529 intelligatur,
1519 1459 1643 1510 dunt
1675 1458 1735 1527 ﬁt
1772 1458 1827 1509 in
1861 1472 2038 1521 carne,

458 1561 508 1606 et
556 1552 950 1621 manifestatur,
990 1560 1039 1605 et
1082 1550 1307 1614 videtur,
1334 1559 1383 1602 et
1413 1557 1766 1602 contrectatur
1800 1564 1890 1615 per
1920 1563 2040 1600 car—

462 1660 609 1707 nem;
629 1645 754 1714 quia
775 1655 821 1696 et
850 1650 1039 1697 cetera
1066 1643 1142 1694 sic
1171 1641 1337 1710 accipi
1359 1642 1593 1711 exigunt.
1620 1638 1677 1695 Si
1705 1641 1843 1693 enim
1870 1654 2039 1693 sermo

463 1733 929 1803 transﬁguratione
959 1742 1009 1786 et
1042 1731 1401 1786 demutatione
1443 1731 1771 1796 substantia},
1804 1747 1928 1784 caro
1959 1730 2041 1800 fa-

464 1836 579 1881 ctus
603 1834 704 1893 est,
735 1841 839 1878 una
852 1825 969 1894 jam
991 1825 1091 1879 erit
1120 1823 1420 1878 substantia
1446 1820 1602 1876 Iesus
1627 1838 1691 1877 ea:
1716 1821 1943 1888 duobus,
1975 1836 2040 1875 ea:

463 1934 654 1981 carne,
698 1931 764 1971 ea:
812 1916 1006 1986 spiritu
1044 1916 1269 1971 mistura
1319 1914 1708 1984 queedam,.....
1740 1924 1789 1968 et
1834 1914 2042 1967 tertium

461 2011 590 2081 quid
628 2010 864 2080 edicitur.
929 2006 1110 2079 Neque
1156 2023 1279 2078 ergo
1322 2005 1462 2061 Deus
1509 2008 1611 2060 erit
1654 2006 1831 2070 Iesus,
1875 2021 2042 2060 sermo

464 2103 604 2156 enim
629 2101 785 2155 desiit
817 2116 945 2164 esse,
976 2099 1066 2169 qui
1092 2114 1215 2152 caro
1248 2098 1421 2167 factus
1450 2107 1527 2152 est
1546 2138 1561 2163 ,
1604 2115 1762 2168 neque
1793 2114 1917 2151 caro
1937 2139 1951 2163 ,
1986 2098 2041 2150 id

463 2202 541 2246 est
579 2193 733 2247 homo
744 2208 763 2258 ;
789 2208 912 2245 caro
936 2193 1075 2245 enim
1095 2206 1199 2244 non
1226 2190 1434 2259 proprie
1461 2199 1560 2253 est,
1603 2190 1695 2259 qui
1722 2205 1889 2243 sermo
1916 2189 2041 2258 fuit,

464 2286 544 2339 ita
571 2300 637 2338 ea:
667 2292 886 2353 utroque
919 2291 1163 2337 neutrum
1186 2290 1299 2346 est;
1341 2280 1491 2335 aliud
1517 2280 1668 2351 longe
1700 2282 1912 2335 tertium
1941 2291 2042 2343 est,

464 2393 624 2448 quam
662 2385 961 2446 utrumque.
1006 2373 1109 2429 Sed
1145 2374 1284 2428 enim
1313 2373 1601 2427 invenimus
1633 2372 1787 2426 illum
1825 2372 2043 2437 directo,

462 2474 514 2519 et
561 2463 761 2527 Deum,
803 2475 853 2517 et
891 2463 1152 2517 hominem
1192 2463 1485 2532 expositum
1511 2503 1526 2528 ,
1559 2463 1673 2532 ipso
1712 2463 1808 2516 hoc
1841 2462 2045 2532 psalmo

464 2559 1095 2630 suggerente:Quoniam
1126 2557 1270 2614 Deus
1300 2560 1466 2614 homo
1496 2568 1661 2616 natus
1690 2569 1773 2616 est
1801 2559 1854 2613 in
1886 2560 2042 2616 illa...

454 2652 722 2706 .Videmus
767 2652 1028 2723 duplicem
1073 2661 1271 2707 statum
1316 2668 1420 2706 non
1458 2652 1757 2721 confusum,
1786 2654 1875 2705 sed
1926 2668 2048 2705 con-

466 2742 714 2813 junctum
755 2744 812 2797 in
840 2760 945 2797 una
983 2760 1225 2813 persona,
1255 2743 1418 2804 Deum
1463 2752 1513 2797 et
1558 2744 1818 2797 hominem
1839 2742 2041 2798 Iesum.

468 2831 542 2886 Et
573 2833 704 2887 adeo
754 2833 902 2887 salua
930 2842 1007 2887 est
1053 2834 1327 2905 utriusque
1373 2834 1667 2901 proprietas
1702 2834 2045 2901 substantia,

466 2933 601 2980 utet
630 2924 862 2995 Spiritus
899 2942 981 2979 res
1009 2942 1135 2981 suos
1165 2936 1338 2997 ageret
1364 2929 1419 2980 in
1444 2925 1556 2992 illo,
1582 2927 1637 2979 id
1668 2938 1777 2990 est,
1808 2927 2047 2993 uirtutes,

468 3027 519 3071 et
547 3032 725 3087 opera,
754 3026 805 3072 et
837 3018 1011 3086 signa,
1047 3026 1096 3071 et
1139 3034 1261 3072 caro
1293 3020 1565 3089 passiones
1593 3034 1718 3072 suas
1744 3019 1927 3088 functa
1953 3020 2045 3086 sit,

467 3108 700 3162 esuriens
728 3107 824 3162 sub
855 3106 1089 3170 diabolo,
1138 3124 1158 3158 ι
1183 3111 1290 3160 etc.
1326 3105 1586 3178 Origenes
1616 3117 1803 3161 contra
1837 3105 2048 3162 Celsum

458 3192 586 3257 suis
618 3201 674 3255 in
704 3200 877 3266 libris,
910 3198 967 3255 S.
1001 3199 1295 3271 Gregorius
1323 3197 1698 3254 Nazianzenus
1759 3198 1815 3252 in
1856 3198 2047 3254 litteris

460 3284 585 3348 suis
614 3292 683 3347 ad
719 3291 1042 3347 Cledonium
1063 3330 1077 3355 ,
1123 3306 1232 3348 non
1267 3291 1449 3345 minus
1480 3291 1627 3346 clare
1667 3289 1925 3360 rejiciunt
1955 3303 2046 3345 er-

468 3396 621 3438 rores
660 3390 845 3451 postea
892 3396 986 3451 per
1015 3377 1324 3435 Nestorium
1369 3388 1425 3434 et
1472 3377 1826 3450 Eutychetem
1870 3377 2048 3434 disse-

470 3474 728 3530 minatus.
758 3472 823 3528 Et
846 3475 934 3530 cui
961 3487 1199 3542 unquam
1223 3471 1537 3527 criticorum
1565 3471 1711 3526 venit
1732 3470 1786 3525 in
1813 3480 2047 3526 mentem

470 3565 540 3620 de
586 3565 783 3621 borum
835 3579 1154 3635 magnorum
1207 3564 1451 3619 virorum
1499 3562 1718 3632 scriptis
1764 3571 2049 3632 propterea

472 3655 873 3712 contentionem
917 3669 1156 3719 movere,
1181 3655 1308 3725 quia
1348 3654 1464 3725 pari
1499 3655 1712 3709 ratione
1738 3668 1798 3708 se
1823 3667 2047 3723 expres-

472 3756 659 3803 serant
703 3756 758 3801 et
797 3761 1013 3802 errores
1049 3745 1220 3801 multo
1244 3755 1365 3816 post
1396 3745 1517 3800 illos
1551 3745 1804 3801 subortos
1835 3754 1942 3799 tam
1967 3745 2050 3799 di-

471 3845 616 3891 serte
637 3850 703 3890 ac
725 3835 1008 3906 perspicue
1037 3836 1568 3891 condemnaverant?
1598 3834 1745 3890 Falsi
1778 3851 1908 3891 sane
1939 3834 2052 3891 fue-

472 3936 600 3982 runt
621 3926 875 3983 Canisius
903 3936 958 3983 et
993 3927 1324 3983 Possevinus
1366 3927 1421 3982 in
1453 3942 1540 3993 eo,
1573 3928 1718 3998 quod
1745 3926 2051 3997 Expositio-

472 4031 588 4072 :cm
636 4017 764 4087 ﬁdei
814 4015 874 4072 S.
926 4014 1143 4072 Iustino
1183 4018 1404 4087 martyri
1447 4016 1772 4083 tribuerint;
1805 4031 2048 4070 errorem

473 4118 654 4165 tamen
685 4109 754 4165 de
778 4109 1129 4178 permistione
1158 4119 1475 4164 naturarum
1517 4109 1574 4163 in
1604 4108 1822 4164 Christo
1847 4108 2051 4179 Apolli-

472 4200 591 4255 nari
643 4208 698 4255 et
740 4198 1036 4271 Eutychete
1080 4199 1445 4268 antiquiorem
1495 4214 1650 4265 esse,
1696 4199 1830 4269 quin
1879 4207 1934 4253 et
1982 4199 2052 4253 ab

472 4286 727 4345 Ecclesia:
754 4288 1072 4347 doctoribus
1094 4330 1111 4356 ,
1143 4291 1236 4361 qui
1287 4288 1634 4361 Hippolytum
1675 4299 2048 4357 autecessere,

474 4382 849 4451 impugnatum
881 4380 1073 4447 fuisse,
1107 4396 1174 4437 ex
1212 4382 1497 4436 Athanasii
1526 4392 1579 4458 et
1613 4380 1931 4437 Tertulliani
1961 4397 2053 4436 su-

474 4487 572 4541 pra
620 4472 798 4527 allatis
828 4473 963 4529 locis
991 4472 1399 4529 evidentissime
1428 4483 1591 4543 patet.
1644 4473 1711 4528 Et
1753 4488 1885 4529 sane
1918 4471 2052 4527 Ter-

2134 636 2450 691 sententias.
2491 634 2625 701 Quis
2667 642 2849 687 tamen
2894 646 2993 701 pro
3041 629 3256 701 egregio
3289 628 3532 699 sophista
3559 626 3712 680 illum

2135 743 2244 782 non
2278 726 2521 792 haberet,
2555 726 2648 796 qui
2680 725 2808 779 hinc
2838 724 3202 786 concluderet,
3233 722 3431 778 librum
3457 719 3712 775 adversus

2142 819 2406 874 Praxeam
2456 818 2774 873 Tertulliani
2801 832 2908 871 non
2933 832 3071 882 esse,
3103 816 3196 871 sed
3227 815 3466 871 auctoris
3494 816 3587 885 qui
3617 815 3715 869 de—

2136 928 2284 967 mum
2332 922 2452 981 post
2486 909 2836 983 Eutychetem
2880 908 3135 979 scripsit?
3186 908 3289 963 Sed
3323 908 3604 971 nimirum,
3651 914 3716 962 ut

2137 1006 2189 1060 in
2236 1006 2459 1071 mundo,
2509 1005 2578 1059 ita
2629 1005 2683 1058 in
2720 1002 2962 1059 Ecclesia
2990 1001 3177 1057 eadem
3223 1016 3437 1070 semper
3477 1001 3718 1055 recurrit

2144 1098 2351 1161 fabula,
2394 1107 2449 1152 et
2480 1113 2615 1167 quas
2659 1095 2927 1166 posterior
2959 1103 3091 1149 aetas
3135 1108 3304 1148 novas
3345 1093 3577 1147 haereses
3613 1108 3717 1162 ap-

2137 1189 2320 1258 pellat,
2352 1202 2427 1241 eae
2458 1195 2585 1242 sunt
2614 1200 2800 1240 revera
2827 1184 3040 1254 pristini
3065 1190 3274 1237 tantum
3303 1196 3519 1238 errores
3548 1196 3709 1237 reno-

2138 1280 2268 1340 vati,
2306 1289 2465 1349 atque
2496 1279 2565 1333 ab
2595 1276 2736 1332 Orco
2766 1276 3025 1332 revocati.

2205 1368 2392 1440 Neque
2419 1371 2616 1423 mirum
2648 1369 2803 1422 nobis
2831 1367 3000 1422 videri
3030 1366 3209 1431 debet,
3245 1367 3291 1421 sl
3323 1366 3376 1420 in
3404 1372 3556 1419 tanta
3585 1378 3724 1433 ope-

2140 1479 2262 1519 rum
2294 1462 2640 1517 multitudine
2665 1476 2695 1515 a
2731 1458 2791 1515 S.
2820 1458 3108 1531 Hippolyto
3139 1470 3511 1531 exaratorym,
3542 1472 3719 1511 unum

2140 1563 2234 1608 aut
2275 1554 2502 1607 alterum
2539 1524 3174 1622 diligentiam—indefessi
3206 1524 3531 1622 Theodbreti
3564 1547 3723 1616 fuge-

2140 1648 2228 1699 rit.
2290 1644 2434 1700 Sane
2479 1645 2568 1699 hic
2616 1618 2808 1698 auctor
2856 1643 3060 1697 nullam
3107 1642 3175 1697 de
3221 1618 3362 1698 libro
3402 1640 3724 1694 Antichristi

2144 1738 2472 1792 mentionem
2514 1736 2661 1797 facit,
2700 1736 2913 1791 licetris
2952 1743 3214 1790 tractatus
3255 1735 3375 1789 loca
3415 1735 3591 1804 magis
3618 1734 3724 1788 de-

2143 1828 2375 1882 cretoria
2404 1828 2795 1898 complectatur
2835 1843 2995 1897 quam
3028 1827 3118 1880 alii
3163 1827 3286 1879 libri
3311 1824 3368 1880 S.
3418 1824 3722 1896 Hippolyti,

2075 1900 2117 1960 Β
2143 1937 2208 1976 ex
2240 1921 2437 1992 quibus
2465 1922 2778 1975 testimonia
2807 1921 2858 1973 in
2889 1921 3129 1976 medium
3154 1920 3393 1975 adducit.
3427 1917 3564 1973 Num
3589 1933 3726 1988 pro-

2144 2025 2325 2085 pterea
2352 2015 2476 2085 quis
2532 2013 2820 2068 aliirmabit
2849 2013 2995 2082 quod
3044 2013 3132 2066 ille
3178 2021 3441 2066 tractatus
3489 2026 3595 2066 non
3646 2010 3729 2065 sit

2147 2108 2308 2176 hujus
2343 2105 2402 2160 S.
2447 2104 2738 2177 martyris?
2781 2104 3037 2167 Accedit,
3073 2105 3217 2175 quod
3249 2105 3477 2175 ipsemet
3511 2102 3727 2157 Basna-

2144 2197 2284 2267 gius,
2312 2205 2372 2250 ut
2394 2196 2530 2251 bene
2568 2196 2857 2250 observant
2883 2194 3215 2249 Benedictini
3240 2208 3272 2249 e
3302 2193 3728 2265 congregatione

2148 2287 2208 2341 S.
2242 2286 2412 2342 Mauri
2439 2287 2582 2356 (58),
2618 2286 2850 2341 fateatur
2886 2286 2996 2356 (59)
3029 2284 3427 2340 Theodoretum
3455 2285 3558 2339 alia
3594 2300 3730 2354 pro—

2148 2377 2291 2434 ferre
2324 2378 2634 2432 testimonia
2665 2394 2731 2433 ex
2762 2376 2821 2434 S.
2853 2377 3123 2449 Hippolyti
3159 2378 3436 2449 operibus,
3467 2394 3589 2449 quae
3616 2379 3726 2433 ali-

2147 2486 2311 2541 quam
2337 2468 2861 2525 verisimilitudinem
2895 2470 3128 2524 habeant
3165 2486 3293 2525 cum
3344 2471 3413 2525 iis
3440 2511 3456 2537 ,
3493 2470 3562 2525 de
3600 2472 3728 2540 qui-

2147 2566 2251 2620 bus
2278 2564 2368 2619 hic
2411 2563 2607 2634 agitur.
2649 2563 2780 2629 Quae
2816 2562 3087 2617 confessio
3117 2561 3371 2634 Basnagii
3406 2562 3625 2625 sufﬁcit,
3657 2577 3729 2616 ne

2147 2657 2199 2712 ei
2225 2656 2342 2709 haec
2365 2666 2489 2709 octo
2515 2664 2767 2725 excerpta
2798 2653 3194 2722 ahjudicemus.

2220 2744 2353 2800 Dein
2407 2745 2452 2799 si
2504 2743 2678 2799 Beron
2730 2752 2784 2798 et
2816 2741 2976 2796 Helix
3010 2742 3143 2813 (60)
3190 2756 3298 2796 non
3348 2740 3565 2796 fuerant
3608 2741 3727 2795 noti

2149 2837 2348 2895 szeculo
2381 2836 2561 2902 tertio,
2590 2836 2763 2889 multo
2788 2835 2973 2889 minus
3016 2834 3069 2888 id
3116 2844 3279 2888 erunt
3318 2832 3533 2887 saeculis
3574 2832 3726 2887 inse—

2148 2930 2462 3002 quentibus.
2518 2928 2586 2982 Et
2639 2937 2775 2999 quot
2831 2927 2983 2982 fuere
3036 2926 3272 2981 haeretici
3319 2926 3722 2995 particulares,

2148 3023 2393 3094 quinimo
2421 3030 2475 3075 et
2504 3029 2664 3076 sectae
2702 3020 2944 3089 integrae,
2974 3019 3041 3074 de
3077 3018 3276 3088 quibus
3300 3034 3365 3073 ex
3397 3018 3557 3072 unico
3582 3032 3727 3086 saepe

2152 3115 2423 3168 duntaxat
2450 3110 2589 3165 libro
2619 3109 2868 3163 notitiam
2908 3106 3255 3176 accepimus?
3291 3104 3393 3159 Sed
3426 3105 3590 3159 audio
3623 3103 3727 3157 ali-

2152 3218 2315 3274 quem
2360 3202 2633 3256 dicentem
2672 3197 2935 3253 Beronem
2967 3206 3023 3251 et
3063 3195 3300 3251 Helicem
3348 3210 3471 3249 esse
3503 3192 3727 3247 nomina

2154 3295 2297 3349 ﬁcta.
2341 3294 2412 3347 At
2442 3307 2568 3346 vero
2600 3300 2843 3358 tempore
2874 3288 3150 3342 Anastasii
3185 3286 3507 3357 presbyteri,
3538 3284 3592 3338 id
3618 3291 3726 3349 est,

2148 3384 2295 3440 circa
2326 3383 2564 3438 medium
2592 3380 2776 3437 saeculi
2819 3378 3034 3449 septimi
3069 3378 3136 3448 (si
3174 3392 3318 3431 anno
3347 3377 3450 3431 666
3479 3383 3730 3429 mortuus

2153 3476 2255 3533 fuit
2287 3476 2375 3531 hic
2408 3474 2697 3543 scriptor),
2734 3486 2893 3526 nemo
2927 3468 3194 3525 dubitavit
3223 3467 3354 3538 quin
3388 3467 3461 3520 illi
3488 3464 3730 3521 haeretici

2150 3563 2351 3622 saeculo
2381 3562 2542 3618 tertio
2568 3561 2892 3617 exstiterint.
2935 3560 3112 3629 Atque
3149 3566 3359 3621 auctor,
3395 3556 3488 3626 qui
3515 3571 3610 3609 eos
3641 3571 3731 3610 re-

2151 3656 2362 3722 futavit,
2391 3655 2593 3710 diserte
2637 3654 2768 3707 dicit
2811 3651 2924 3723 (6i)
2961 3650 3106 3720 quod
3138 3648 3310 3704 Beron
3342 3664 3450 3702 non
3493 3648 3565 3702 ita
3608 3647 3728 3717 pri-

2150 3748 2273 3802 dem
2298 3755 2500 3802 sectam
2526 3743 3029 3799 Valentinianorum
3051 3739 3380 3806 deseruerit;
3407 3748 3461 3794 et
3486 3738 3732 3809 profecto

2150 3841 2307 3896 valde
2339 3838 2528 3894 dubito
2552 3852 2675 3892 cum
2708 3835 2776 3891 cl.
2807 3832 3157 3888 Tillemontio
3183 3830 3316 3904 (62),
3351 3846 3481 3885 num
3513 3831 3731 3885 ostendi

2151 3932 2327 4003 possit
2371 3930 2515 4002 quod
2562 3930 2785 3984 hwresis
2816 3924 3321 3980 Valentiuianorum
3365 3922 3433 3977 ad
3468 3921 3732 3978 saeculum

2152 4040 2326 4094 usque
2372 4022 2660 4093 septimum
2689 4018 3026 4089 perdurarit,
3060 4031 3169 4086 quo
3200 4023 3488 4071 tractatum
3535 4022 3732 4069 contra

2150 4116 2415 4172 Beronem
2459 4122 2514 4169 et
2539 4112 2776 4168 Helicem
2816 4110 3176 4179 compositum
3224 4106 3393 4161 fuisse
3430 4114 3576 4174 putat
3612 4101 3730 4158 Na-

2150 4211 2276 4265 talis
2308 4207 2632 4263 Alexander.
2684 4205 2813 4258 Erat
2842 4203 2987 4258 enim
3036 4208 3183 4256 secta
3219 4198 3748 4257 Valentinianorum.

2151 4312 2289 4357 teste
2333 4300 2596 4371 Gregorio
2634 4293 3272 4366 Nazianzeno(65),ante
3322 4295 3482 4345 tinem
3540 4287 3731 4343 saeculi

2151 4395 2434 4463 velutjam
2474 4393 2762 4448 exstincta.
2814 4386 3046 4441 Notante
3086 4396 3265 4440 tamen
3310 4380 3734 4451 diligentissimo

2152 4484 2499 4541 Tillemontio
2522 4483 2653 4554 (64),
2674 4480 3086 4551 reperiebantur
3115 4476 3294 4532 adhuc
3320 4475 3533 4543 exiguae
3573 4485 3731 4541 qua:-

476 4563 736 4618 tullianus
764 4564 816 4618 in
848 4564 1067 4620 laudato
1104 4565 1242 4620 libro
1275 4564 1421 4621 circa
1449 4564 1588 4621 duas
1628 4566 1684 4619 in
1707 4564 1927 4621 Christo
1955 4579 2051 4618 na-
2086 4572 2126 4628 ο
2155 4579 2279 4633 (tam
2315 4577 2462 4631 illius
2487 4573 2730 4643 reliquiae
2756 4570 3091 4641 temporibus
3115 4567 3174 4623 S.
3204 4565 3309 4621 Nili
3342 4565 3455 4635 (65)
3477 4572 3532 4618 et
3558 4560 3735 4615 Theo-

480 4665 632 4711 turas
672 4665 907 4710 mentem
946 4672 1101 4712 suam
1137 4658 1324 4713 eodem
1355 4659 1514 4713 modo
1544 4657 1734 4713 Latine
1761 4656 2049 4727 exprimit,

477 4760 588 4815 quo
615 4744 673 4800 S.
705 4744 1023 4818 Hippolytus
1058 4750 1175 4804 suis
1202 4749 1258 4803 in
1289 4748 1607 4819 fragmentis
1634 4748 1849 4816 Grtece;
1885 4748 2050 4802 nihil-

475 4853 586 4910 que
624 4839 938 4909 expressius
979 4848 1073 4895 aut
1118 4838 1389 4895 efﬁcacius
1433 4839 1637 4896 dictum
1684 4854 1924 4909 unquam
1954 4836 2055 4891 fuit

539 5010 666 5095 _(56)
711 5030 731 5065 ι
766 5012 1049 5095 Hincnipse
1077 4996 1347 5095 apparens
1373 5015 1640 5095 a_ngelys,_
1661 5028 1790 5095 se_a
1825 5011 2055 5095 Domino

479 5081 710 5139 missum
742 5100 864 5140 esse
907 5081 1130 5151 fatetur,
1151 5081 1222 5140 'ut
1249 5081 1473 5141 Gabriel
1517 5084 1812 5148 Zachariae,
1840 5093 1895 5136 et
1936 5081 2060 5135 Dei-

479 5169 624 5223 para:
652 5153 939 5277 Sﬁaosdxtp)
969 5155 1171 5218 Mari-aa,
1216 5156 1500 5239 confessus
1551 5165 1653 5210 est.
1695 5173 1713 5206 ι
1750 5153 2053 5213 Athanas.,

482 5234 616 5281 tom.
730 5226 868 5296 Opp.
890 5267 906 5293 ,
934 5242 1056 5298 pag.
1099 5226 1237 5290 565,
1269 5226 1395 5290 5:9,
1422 5225 1546 5288 585,
1582 5223 1709 5290 642,
1742 5222 1867 5286 875,
1901 5230 2031 5289 etc.,

550 5315 667 5387 (57)
705 5262 1062 5385 Τθῑῖυιὶίζηῗ,
1098 5317 1190 5372 lib.
1219 5265 1395 5371 isontr.’
1423 5266 1591 5371 Praic.
1610 5354 1626 5380 ,
1654 5265 1776 5383 cap.
1806 5262 1897 5367 2:1.
2017 5266 2031 5289 ὀ

484 5488 501 5529 1
710 5407 854 5533 ξὲἑι.
877 5410 1042 5465 littér.
1069 5408 1133 5464 de
1156 5409 1212 5463 la
1239 5408 1468 5464 France.
1497 5406 1761 5471 Memoir.,
1783 5413 1825 5462 t.
1851 5407 1893 5473 l,
1917 5413 2058 5476 part.

510 5516 525 5544 ι
668 5518 682 5532 ι
823 5521 837 5536 .

510 5516 525 5544 ι
706 5516 961 5642 ἓξὲξ-6³8..
992 5571 1030 5626 1.
1064 5585 1276 5642 c.,pag.
1306 5571 1393 5625 12.

575 5570 668 5641 59)
706 5570 961 5652 Basnag.,
1064 5585 1276 5693 c.,aag.
1306 5571 1393 5654 ετξ.

578 5640 648 5695 60
709 5640 1105 5707 Tillemontius,
1137 5677 1152 5695 ι
1195 5642 1378 5695 émorr.
1405 5681 1420 5707 ,
1452 5649 1587 5695 tom.
1617 5636 1704 5707 lli,
1775 5654 1859 5710 ag.
1892 5636 2016 5693 109.

553 5570 669 5784 ΞΜ)
716 5731 751 5784 ιΔ
781 5711 919 5767 Bero
960 5712 1356 5784 enimquidam
1387 5726 1577 5784 nuper,
1603 5719 1658 5784 et
1692 5655 1788 5784 agi
1818 5710 2016 5784 quidan

579 5710 669 5781 61)
716 5731 736 5764 ι
781 5711 919 5767 Bero
960 5713 1105 5767 enim
1135 5712 1356 5781 quidam
1387 5726 1577 5778 nuper,
1603 5719 1658 5765 ct
1694 5710 1788 5781 alii
1818 5710 2063 5781 quidam,

2155 4665 2328 4721 dureti
2359 4663 2494 4733 (66).

2224 4755 2371 4809 Nihil
2413 4767 2544 4823 ergo
2581 4766 2683 4807 nos
2719 4750 2942 4820 impedit
2987 4749 3282 4819 quominus
3305 4745 3420 4799 haec
3457 4750 3581 4797 octo
3618 4738 3734 4793 ira-

2156 4857 2371 4919 gmenta
2401 4845 2458 4901 S.
2486 4844 2769 4916 Hippolyto
2798 4843 3191 4914 adjudicemus.
3224 4838 3494 4894 Debemus
3516 4835 3607 4888 illa
3640 4833 3730 4884 in-

2156 5006 2347 5059 lectan.
2376 5000 2648 5056 Anastasii
2675 5015 2795 5071 pag.
2819 4999 2948 5065 225,
2978 5013 3100 5071 cap.
3122 4996 3183 5071 βε

2251 5074 2338 5139 62)
2378 5065 2693 5127 Τὶιιειηοηιῖ
2708 5112 2724 5137 ,
2748 5065 2795 5125 ’1.
2827 5086 2901 5133 c.,
2929 5065 3058 5139 pag.
3082 5065 3204 5119 109.

2251 5080 2321 5129 6‘2
2379 5080 2687 5127 'l‘illemont.
2708 5112 2724 5137 ,
2758 5080 2795 5125 ι.
2827 5086 2901 5133 c.,
2929 5085 3049 5139 pag.
3082 5080 3204 5119 ων.

2229 5080 2517 5217 ξδδξιῖυῃ
2546 5143 2830 5217 quondam
2867 5141 2998 5194 illud
3030 5147 3278 5217 _tetupu§.
3306 5147 3430 5190 cum
3458 5130 3533 5217 ab!

2159 5198 2279 5272 sum
2304 5198 2868 5285 procellis-tranquilla
2896 5208 3078 5285 oinnia
3101 5198 3456 5265 habebamus,
3485 5198 3735 5285 videtiset

2159 5267 2665 5347 Eiiii‘simnnésw
2712 5267 3139 5336 Valentiniani...
3185 5289 3345 5345 atque
3373 5285 3565 5328 omnes
3614 5267 3737 5320 illo—

2160 5372 2281 5412 rum
2307 5371 2528 5423 nugae...
2564 5362 2778 5407 suomet
2808 5352 3044 5424 tandem,
3098 5354 3170 5424 ut
3194 5359 3409 5424 aeqpum
3437 5348 3577 5424 erat,
3602 5351 3736 5424 pro-

2163 5410 2331 5483 fundo
2377 5410 2643 5493 absorpta:
2680 5439 2743 5477 ac
2787 5421 3002 5493 silentio
3032 5410 3515 5493 tradita-luerunt.
3550 5426 3572 5462 ι
3600 5410 3727 5463 Cre-

2163 5514 2286 5571 gor1
2306 5487 2573 5571 ,Νέᾳ-ἧψά.
2596 5535 2611 5561 ,
2647 5503 2785 5571 orat_.
2813 5491 2906 5554 23,
2941 5505 3062 5561 pag.
3090 5487 3213 5542 iis.

2259 5567 2348 5635 64)
2388 5564 2730 5629 Tillemont.,
2764 5563 2798 5616 l.
2833 5578 2882 5635 c.

2259 5570 2348 5635 64)
2388 5570 2730 5629 Tillemont.,
2765 5570 2798 5616 l.
2833 5578 2882 5617 c.

2235 5570 2346 5709 ἑϐῑῇ)
2386 5634 2490 5709 Nil.
2512 5676 2528 5698 ,
2557 5636 2650 5709 lib.
2683 5649 2719 5698 I,
2748 5630 3146 5709 ep.ﬂ234,_pag‘.
3182 5626 3272 5709 βτί
3415 5694 3424 5704 _

2388 5693 2717 5762 Theodoret.
2737 5744 2752 5771 ,
2780 5693 3064 5758 ‘llazretic.
3097 5693 3351 5769 “fabuler.
3390 5693 3484 5749 tib.
3526 5707 3566 5757 ι,
3611 5697 3735 5763 p95-

484 5778 755 5837 Va'len'tini
783 5783 1068 5853 phantasia
1101 5778 1341 5853 deserta,
1375 5781 1629 5853 deteriori
1690 5778 1884 5853 irreti’ti
1937 5789 2068 5853 spat
2167 5778 2293 5834 218.

486 5847 814 5920 pravitatmi
847 5851 1004 5907 Tom.
1040 5851 1061 5904 ι
1105 5850 1242 5921 Opp.
1283 5850 1522 5921 Hippol.,
1555 5867 1674 5922 pag.
1710 5851 1839 5920 2‘28,
1870 5859 1924 5905 et
1950 5847 2067 5904 Col-
