4034 6372
264 343 375 402 505

1257 340 1343 394 DE
1381 339 1541 394 VITA
1575 339 1664 393 ΕΤ
1705 337 2017 394 SCRIPTIS
2056 339 2112 392 S.
2155 337 2539 392 HIPPOLYTI.

3426 344 3530 399 5th

258 465 488 520 dustria:
521 463 832 527 Anastasii,
870 461 1210 530 apocrisiarii
1263 461 1492 516 Romani
1537 460 1840 530 pontificis,
1874 471 1916 524 Α
1947 459 2232 512 humanum
2256 459 2394 512 idem
2434 460 2542 528 ipse
2572 460 2836 524 privatum
2866 460 3142 514 divinitate
3177 477 3377 532 gerens,
3413 479 3532 516 ser-

258 556 356 626 qui
389 571 454 610 ea
491 553 800 625 naufragio,
831 570 942 624 quo
981 555 1254 623 reliquum
1287 554 1467 622 operis
1493 553 1718 616 interiit,
1749 551 1858 606 cri-
1953 567 2082 605 vans
2110 551 2315 604 sibimet
2342 553 2555 606 modum
2586 552 2872 605 secundum
2905 565 3182 624 utrumque
3218 555 3528 609 immutabi-

259 650 397 716 puit.
437 643 670 700 'llustris
700 645 790 699 hic
817 645 939 698 fidei
965 646 1031 698 de
1062 645 1275 699 duabus
1311 644 1685 699 voluntatibus
1711 659 1847 698 con-

261 749 342 792 tra
375 737 768 792 Monothelitas
795 736 1079 791 confessor
1125 745 1179 789 et
1221 736 1444 798 athleta,
1483 752 1605 790 cum
1633 736 1744 804 jam
1794 736 1847 788 in

263 844 330 884 eo
367 839 539 890 esset,
569 840 626 884 ut
657 839 827 883 totum
865 827 1012 881 hunc
1041 826 1098 880 S.
1130 825 1400 898 Hippolyti
1435 835 1724 882 tractatum
1757 826 1849 879 de-

257 923 503 978 scribere
534 922 815 991 inciperet,
861 920 1064 975 invidia
1097 921 1442 975 inimicorum
1473 919 1716 975 veritatis
1746 918 1850 972 im-

257 1016 484 1083 petitus,
528 1029 635 1067 non
684 1013 790 1066 nisi
827 1012 941 1066 haec
986 1021 1109 1066 octo
1153 1013 1273 1066 loca
1316 1026 1607 1081 excerpere
1651 1010 1843 1080 potuit.

252 1106 514 1161 Profecto
561 1107 610 1159 si
657 1106 772 1161 haec
801 1114 1054 1175 excerpta
1089 1106 1236 1159 velut
1266 1114 1470 1175 partem
1502 1104 1682 1174 operis
1713 1102 1844 1174 Hip-

253 1200 460 1271 polytei
496 1215 604 1253 non
648 1199 1076 1269 susciperemus,
1118 1199 1301 1268 injurii
1345 1212 1590 1254 essemus
1621 1198 1674 1250 in
1705 1203 1848 1251 hunc

251 1291 647 1347 doctissimum
676 1292 887 1358 virum;
923 1293 1226 1360 praesertim
1254 1305 1379 1346 cum
1411 1289 1557 1343 nulla
1587 1289 1728 1343 adsit
1752 1303 1848 1358 po-

249 1386 422 1440 sitiva
471 1385 634 1450 ratio,
669 1399 778 1455 qua
807 1385 1114 1439 elevaretur
1145 1383 1444 1438 auctoritas
1470 1391 1581 1435 tam
1622 1395 1847 1434 venera-

248 1481 408 1534 tione
441 1480 592 1549 digni
646 1477 965 1547 scriptoris,
1013 1476 1191 1546 qualis
1236 1483 1321 1529 est
1364 1473 1719 1538 Anastasius,
1751 1471 1843 1541 qui

253 1574 541 1643 integrum
564 1585 703 1640 opus
733 1571 788 1623 in
816 1569 1070 1623 manibus
1098 1568 1307 1623 habuit.

527 1662 554 1733 ς
587 1660 674 1714 lll.
704 1660 953 1730 Analysis
977 1660 1165 1713 horum
1194 1669 1577 1728 excerptorum.

327 1752 556 1806 Initium
589 1753 752 1822 hujus
779 1759 1044 1807 tractatus
1072 1752 1229 1822 juxta
1265 1750 1616 1805 Anastasium
1641 1745 1845 1801 Biblio-

1951 642 2073 705 lem,
2097 659 2188 712 per
2217 659 2368 712 quem
2394 655 2636 713 operatus
2666 656 2742 700 est
2777 656 2997 716 utraque
3020 647 3220 700 decenti
3252 649 3426 711 modo,
3460 649 3528 700 ad

1951 736 2380 805 approbationem
2426 738 2689 806 perfecta,
2727 755 2786 791 ac
2819 755 2970 803 verm,
3018 739 3249 810 nihilque
3291 740 3528 794 habentis

1949 827 2226 896 pravitatis
2256 827 2705 882 inhumanationis
2754 845 2884 882 saw.
2943 827 3132 890 Itaque
3153 829 3289 883 Bero
3319 830 3530 900 quidem

1948 919 2024 973 sic
2063 935 2116 972 se
2149 918 2365 982 habens,
2403 929 2459 972 ut
2491 919 2626 986 dixi,
2669 921 2987 990 operationis
3028 921 3250 974 monade
3278 921 3530 974 deitatem

1950 1009 2148 1066 Christi
2176 1023 2224 1065 et
2245 1013 2628 1066 humanitatem
2654 1013 2968 1067 naturaliter
2993 1013 3151 1066 simul
3181 1014 3527 1083 confundens,

1947 1113 1995 1157 et
2038 1107 2272 1174 partiens
2301 1106 2687 1176 personaliter,
2735 1108 2978 1162 dissolvit
3029 1110 3229 1174 vitam,
3279 1110 3528 1178 ignorans

1948 1197 2112 1250 solius
2148 1197 2574 1252 connaturalium
2605 1214 2954 1266 personarum
2983 1199 3348 1253 connaturalis
3376 1200 3526 1252 iden-

1949 1288 2119 1342 titatis
2169 1289 2404 1342 eamdem
2453 1292 2620 1358 ipsam
2669 1291 3024 1358 operationem
3067 1309 3177 1345 esse
3212 1293 3527 1363 signiﬁcati-

1949 1397 2086 1434 vam.

2458 1473 2856 1531 ABTICULUS
2892 1475 3023 1532 Vlll.

2091 1582 2135 1622 ὃ.
2167 1581 2449 1621 ΒΙΡΡοιΥτΙ
2483 1583 2800 1624 TRACTATUS
2832 1585 2898 1623 DE
2932 1586 3383 1638 CHABISIIATlBllS,

2315 1654 2382 1692 ΕΤ
2420 1653 2638 1692 ιιοωωΑ
2672 1654 2723 1693 IN
2757 1656 3152 1696 THEOPHANIAI.

2051 1723 2079 1796 ᾗ
2119 1722 2163 1780 Ι.
2197 1723 2258 1783 S.
2292 1725 2569 1797 Hippolyti
2599 1737 2858 1783 tractatus
2891 1728 2966 1783 De
2995 1730 3425 1784 charismatibus.

247 1845 564 1899 thecarium
599 1845 671 1898 ita
704 1843 896 1899 habet:
930 1845 1153 1910 Ἄγιος,
1187 1843 1358 1911 ἅγιος,
1395 1842 1548 1910 ἅγιος
1585 1839 1838 1893 Dominus

2017 1841 2134 1897 Non
2163 1843 2340 1898 solum
2375 1859 2440 1898 ex
2478 1844 2802 1899 auctoritate
2835 1846 3177 1900 monumenti
3215 1849 3529 1910 marmorei,

250 1936 518 2000 Sabaoth,
552 1936 839 1990 incessanti
883 1952 1003 1990 voce
1033 1936 1325 1989 clamantes
1375 1933 1639 2003 sernphim
1680 1931 1847 1985 Deum

250 2028 584 2097 gloriﬁcent.

325 2106 505 2174 Beron
535 2130 589 2174 et
615 2119 763 2174 illius
793 2133 1058 2188 sequaces
1090 2116 1444 2171 admittebant
1468 2115 1844 2170 confusionem

251 2216 492 2269 duarum
542 2225 862 2267 naturarum
913 2211 969 2265 in
1013 2210 1253 2276 Christo,
1290 2219 1344 2264 et
1385 2224 1494 2263 non
1531 2209 1636 2264 nisi
1680 2224 1843 2262 unam

250 2308 631 2375 agnoscebant
668 2306 723 2359 in
764 2319 829 2358 eo
870 2305 1262 2374 operationem.
1313 2303 1621 2358 Credebant
1652 2301 1846 2356 divini-

252 2409 421 2452 tatem
457 2412 581 2452 esse
613 2396 954 2466 passibilem,
994 2403 1049 2449 et
1091 2396 1486 2450 humanitatem
1528 2395 1842 2449 earumdem

250 2491 660 2560 operationum,
689 2504 812 2559 quae
835 2489 938 2544 soli
955 2485 1135 2542 Verbo
1163 2495 1556 2558 competerent,
1586 2502 1840 2557 capacem

249 2584 389 2638 fore.
447 2581 573 2638 Haec
610 2582 798 2652 opinio
841 2596 907 2636 eo
950 2580 1071 2635 illos
1111 2579 1359 2643 adduxit.
1401 2589 1458 2634 ut
1494 2579 1842 2636 defenderent

249 2677 499 2732 Verbum
537 2675 817 2731 hominem
864 2676 1067 2730 factum
1111 2688 1235 2731 esse
1274 2674 1574 2728 mutatione
1613 2689 1728 2729 suae
1759 2674 1842 2728 di-

247 2769 500 2823 vinitatis
528 2769 582 2822 in
615 2778 868 2822 naturam
903 2769 1224 2832 humanam,
1254 2775 1308 2820 et
1340 2767 1614 2821 hominem
1634 2765 1837 2820 factum

251 2861 422 2916 fuisse
443 2859 615 2914 Deum
657 2859 960 2914 mutatione
991 2860 1241 2912 humanas
1264 2867 1474 2912 naturae
1502 2858 1558 2912 in
1583 2857 1838 2912 divinita-

251 2964 382 3006 tem.
433 2950 508 3006 Ut
551 2952 883 3021 impietatem
919 2951 1060 3005 hanc
1093 2948 1356 3003 refutaret
1393 2946 1452 3001 S.
1493 2947 1834 3019 Hippolytus,

251 3043 306 3095 i°
341 3043 504 3098 docet
537 3040 776 3096 Verbum
812 3041 946 3111 (67)
976 3041 1220 3096 divinum
1255 3039 1586 3095 assumendo
1613 3055 1834 3094 carnem

247 3148 303 3192 et
333 3147 589 3192 naturam
620 3136 911 3191 humanam
941 3135 1145 3189 nullam
1188 3135 1242 3188 in
1274 3133 1556 3189 divinitate
1580 3149 1677 3189 sua
1707 3149 1832 3188 mu-

248 3229 517 3284 tationem
554 3243 780 3298 passum
812 3227 1012 3292 fuisse;
1040 3228 1097 3280 2°
1136 3226 1274 3281 duas
1300 3234 1527 3281 naturas
1563 3226 1760 3281 astruit
1785 3226 1839 3279 in

246 3323 474 3377 Christo
500 3321 641 3392 (68),
685 3321 918 3375 divinam
969 3331 1024 3375 et
1055 3320 1350 3374 humanam
1398 3320 1747 3384 inconfusus,
1788 3328 1842 3374 et

245 3416 388 3470 duas
414 3414 761 3484 Operationcs
777 3430 841 3468 ac
864 3414 1200 3479 voluntates;
1229 3413 1285 3467 3°
1312 3414 1534 3483 exponit
1566 3414 1841 3483 quomodo

247 3508 394 3562 Deus
428 3523 525 3577 per
557 3521 778 3560 carnem
824 3511 1078 3574 operetur
1113 3503 1272 3574 (69);
1321 3502 1376 3556 4ο
1415 3518 1480 3558 ex
1527 3502 1741 3558 duabus
1784 3504 1839 3556 in

243 3596 474 3652 Christo
513 3594 728 3649 naturis
760 3595 1138 3663 proprietates,
1180 3601 1233 3647 et
1270 3591 1617 3662 operationes
1644 3592 1840 3646 distin-

245 3700 368 3744 ctas
407 3687 641 3743 ulterius
679 3686 874 3756 probat
902 3683 959 3739 S.
988 3683 1311 3756 Hippolytus
1341 3684 1491 3755 (70);
1521 3684 1578 3738 5°
1608 3683 1838 3739 demon~

245 3790 389 3837 strat
440 3792 634 3834 contra
679 3777 945 3833 Bel-onem
984 3786 1039 3832 et
1081 3777 1200 3846 ejus
1253 3793 1517 3847 sequaces
1564 3793 1730 3832 unam
1782 3777 1837 3830 in

241 3875 472 3929 Christo
516 3886 638 3926 esse
680 3885 968 3940 personam
1006 3868 1156 3939 (7i);
1205 3869 1399 3924 deinde
1442 3870 1678 3924 ostendit
1709 3885 1836 3924 car-

242 3978 372 4017 nem
408 3964 463 4016 in
497 3970 751 4015 naturam
791 3961 1030 4014 divinam
1067 3959 1267 4013 mutari
1302 3959 1445 4014 haud
1477 3975 1670 4028 posse;
1703 3973 1837 4028 ope-

243 4057 626 4123 rationemque
649 4053 944 4107 humanam
967 4069 996 4107 a
1017 4053 1200 4108 divina
1223 4053 1538 4107 distinetam
1564 4069 1682 4108 esse
1698 4055 1832 4125 (72).

243 4147 491 4203 Tandem
518 4162 583 4200 ex
620 4146 706 4201 his
739 4144 1016 4199 concludit
1038 4152 1262 4198 sanctus
1282 4141 1442 4196 Pater
1468 4142 1537 4196 ita
1561 4143 1704 4213 ('13):
1742 4143 1836 4197 I’ie

238 4255 364 4310 ergo
410 4238 693 4307 conﬁtetur
739 4235 985 4300 credens,
1035 4234 1159 4305 quia
1207 4245 1419 4304 propter
1470 4233 1696 4287 salutem
1741 4252 1835 4288 no-

244 4339 436 4394 strant,
479 4339 526 4382 et
560 4337 620 4380 ut
658 4326 728 4380 ad
768 4324 1322 4379 inconversibilitatem
1356 4324 1544 4394 ligaret
1580 4327 1836 4380 universi-

245 4434 443 4484 tatem;
485 4421 848 4473 universorum
874 4419 1128 4474 Conditor
1155 4435 1218 4470 ea:
1247 4418 1586 4472 sanctissima
1636 4435 1837 4489 semper

1950 1933 2044 1987 sed
2081 1933 2245 1988 etiam
2281 1949 2348 1989 ex
2385 1934 2702 1989 testimonio
2744 1935 3247 2005 manuscriptorum
3281 1937 3532 1992 codicum

1951 2023 2294 2092 Viennensis,
2333 2041 2429 2080 seu
2479 2024 2939 2092 Vindobonensis,
2991 2036 3046 2080 et
3091 2025 3420 2084 Oxoniensis
3463 2028 3530 2082 ad

1951 2116 2006 2168 S.
2057 2115 2404 2188 Hippolytum
2455 2133 2483 2172 a
2533 2118 2668 2173 viris
2711 2119 2943 2174 eruditis
2982 2118 3279 2175 Pearsonio
3323 2121 3434 2192 (74)
3477 2131 3534 2176 et

1945 2208 2195 2265 Fabricio
2236 2211 2348 2280 (75)
2387 2210 2620 2265 refertur
2663 2210 2804 2278 Περὶ
2851 2211 3232 2281 χαρισμάτων
3274 2213 3532 2268 ἀποστυ-

1944 2301 2084 2369 λικὴ
2119 2301 2481 2370 παράδοσις,
2526 2303 2602 2357 De
2631 2304 3044 2358 charismatibus
3084 2306 3378 2374 apostolica
3422 2316 3531 2359 tra-

1943 2393 2099 2459 ditio,
2141 2408 2249 2447 una
2291 2409 2414 2447 cum
2453 2394 2576 2448 aliis
2627 2396 2938 2456 nonnullis,
2985 2411 3107 2466 qua:
3149 2398 3370 2467 quidem
3416 2399 3530 2468 jam

1943 2484 2150 2554 pridem
2178 2484 2322 2540 edita
2357 2483 2578 2540 fuerunt
2599 2486 2651 2540 in
2675 2487 2814 2541 libro
2841 2497 3034 2541 octavo
3080 2487 3530 2543 Constitutionum

1942 2577 2379 2646 apostolicarum,
2407 2592 2566 2646 quas,
2604 2592 2727 2631 cum
2757 2593 2821 2631 ex
2849 2578 3018 2632 variis
3043 2578 3267 2634 secundi
3299 2587 3355 2634 et
3385 2581 3528 2634 tertii

1941 2670 2126 2724 saeculi
2163 2672 2532 2725 monumentis
2568 2671 2961 2725 consarcinatae
2993 2670 3122 2733 sint,
3156 2669 3529 2726 Clementinas

1941 2762 2102 2831 vulgo
2141 2775 2238 2816 seu
2269 2762 2596 2832 apostolicas
2646 2761 2887 2816 solemus
2926 2761 3219 2830 appellare,
3254 2762 3307 2814 in
3349 2762 3526 2817 lucem

1939 2845 2119 2908 tamen
2164 2854 2486 2924 prodierunt
2527 2854 2646 2909 sine
2684 2853 2905 2907 nomine
2947 2852 3005 2908 S.
3050 2851 3344 2925 Hippolyti.
3388 2853 3530 2920 Quia

1935 2958 2068 2998 vero
2113 2943 2170 2998 in
2215 2943 2404 3000 codice
2433 2960 2566 2999 mss.
2595 2944 2847 2999 Caesareo
2879 2942 3312 3011 Vindobonensi,
3355 2953 3409 2998 et
3447 2945 3527 2998 al-

1936 3051 2053 3104 tero
2082 3033 2400 3104 Oxoniensi,
2446 3038 2501 3091 in
2532 3037 2733 3106 quibus
2774 3035 3047 3108 Hippolyti
3078 3051 3276 3091 nomen
3305 3053 3530 3106 expres-

1942 3142 2063 3182 sum
2091 3136 2194 3193 est,
2225 3129 2474 3198 quaedam
2505 3129 2662 3182 aliter
2690 3128 2963 3198 leguntur,
3005 3143 3170 3198 quam
3202 3129 3257 3183 in
3287 3129 3517 3198 vulgatis

1867 3191 1909 3248 θ
1944 3191 2394 3275 Constitutionum
2442 3219 2616 3279 libris.
2649 3191 2903 3274 Albertus
2933 3191 3218 3275 Fabricius
3251 3219 3359 3275 illis
3380 3191 3530 3275 inter

1942 3327 2106 3382 opera
2136 3309 2194 3366 S.
2230 3311 2502 3383 Hippolyti
2531 3312 2712 3366 locum
2753 3312 3028 3367 concessit
3051 3327 3116 3366 ex
3141 3313 3395 3367 versione
3423 3312 3528 3366 La-

1945 3404 2058 3458 tina
2089 3403 2233 3459 Guil.
2279 3402 2492 3458 Ernesti
2524 3403 2735 3470 Grabe,
2787 3419 2950 3473 quam
3003 3405 3313 3459 versionem
3361 3405 3524 3458 etiam

1939 3495 2178 3552 Joannes
2207 3496 2510 3552 Cotelerius
2550 3498 2855 3552 adornavit.
2885 3498 3080 3567 Agitur
3107 3507 3289 3552 autem
3323 3498 3376 3552 in
3422 3498 3527 3552 hoc

1940 3597 2175 3643 tractatu
2242 3589 2309 3643 de
2371 3589 2795 3644 cbarismatibus
2864 3590 3100 3658 Spiritus
3159 3589 3376 3654 sancti,
3436 3589 3525 3644 cui

1939 3680 2134 3735 deinde
2159 3680 2341 3751 aliqua
2371 3681 2474 3734 alia
2511 3696 2578 3734 ex
2611 3683 2757 3735 dicto
2783 3682 2921 3736 libro
2947 3691 3142 3736 octavo
3173 3679 3526 3736 Constitutio-

1939 3792 2064 3829 num
2098 3774 2511 3844 apostolicarum
2541 3775 2929 3844 subjiciuntur.

2008 3868 2276 3922 Caeterum
2334 3869 2626 3924 observant
2672 3868 2862 3923 Patres
2906 3867 3138 3922 Maurini
3173 3867 3325 3938 (76),
3376 3869 3524 3937 quod

1939 3969 2161 4015 sanctus
2195 3959 2516 4031 Hippolytus
2547 3963 2599 4014 in
2635 3971 2868 4015 tractatu
2896 3959 2972 4013 De
3013 3961 3424 4014 charismatibus
3454 3962 3523 4016 ad

1937 4068 2058 4122 cap.
2110 4069 2186 4106 xu
2233 4055 2460 4122 apostoli
2518 4053 2669 4107 l’auli
2721 4053 2976 4121 Epistula:
3020 4051 3038 4105 Ι
3089 4051 3155 4106 ad
3203 4051 3522 4107 Corinthios

1937 4143 2172 4200 fortasse
2219 4145 2548 4215 respexerit,
2589 4146 2642 4198 iu
2697 4159 2808 4214 quo
2851 4145 3002 4196 varia
3054 4142 3293 4212 Spiritus
3344 4145 3520 4199 sancti

1936 4238 2078 4291 dona
2148 4246 2648 4291 cmnmetnorantur
2704 4239 2757 4289 in
2824 4235 3187 4290 ministerium
3259 4236 3520 4292 Ecclesiae

1935 4331 2082 4384 data.
2121 4329 2358 4398 Indeque
2390 4329 2595 4396 colligit
2627 4327 2917 4397 perdoctus
2950 4327 3193 4398 Scaliger
3229 4327 3286 4383 S.
3319 4327 3520 4400 Hippo-

1937 4421 2105 4491 lytum
2156 4429 2428 4484 nostrum,
2485 4434 2592 4472 non
2638 4420 2692 4472 in
2730 4419 2970 4488 integros
3006 4417 3302 4488 Scriptura:
3348 4437 3520 4477 sacra:

257 4513 471 4585 Virgine
525 4513 701 4566 Maria
749 4527 843 4582 per
884 4512 1269 4580 conceptionem
1317 4509 1674 4564 inviolabilem
1721 4513 1832 4566 sine
1865 4533 1906 4588 ι)
1937 4515 2127 4577 libros,
2177 4511 2272 4567 sed
2325 4514 2379 4565 in
2413 4511 2613 4566 selecta
2641 4512 2905 4566 duntaxat
2933 4513 3051 4566 loca
3089 4515 3518 4571 commentarios

242 4605 693 4661 conversibilitate
745 4603 1106 4657 substantians
1143 4601 1347 4655 sibimet
1387 4603 1622 4655 animam
1672 4603 1828 4657 intel-

229 4686 527 4754 lectualem
582 4713 701 4750 cum
749 4697 997 4750 sensitivo
1048 4711 1283 4762 corpore,
1309 4706 1500 4749 natura
1545 4696 1718 4765 factus
1752 4707 1826 4750 est

241 4795 421 4858 homo,
450 4791 669 4844 malitia:
702 4789 944 4855 alienus;
978 4799 1116 4843 totus
1149 4790 1288 4842 Deus
1319 4791 1462 4858 ipse,
1496 4798 1635 4842 totus
1674 4789 1828 4843 homo

239 4886 382 4940 idem
409 4885 554 4953 ipse;
598 4891 736 4937 totus
783 4882 923 4936 Deus
952 4886 1153 4951 pariter
1189 4893 1405 4946 natura,
1436 4891 1483 4934 et
1511 4881 1662 4933 homo
1690 4881 1828 4934 idem

240 4985 372 5046 ipse.
419 4982 630 5036 Deitate
657 4981 867 5052 quidem
897 4980 1076 5034 divina
1101 4996 1194 5049 per
1221 4995 1373 5033 suam
1400 4979 1570 5048 ipsius
1600 4976 1829 5030 sanctis-

238 5075 439 5127 simam
469 5087 678 5124 carnem
700 5087 802 5124 non.
829 5071 1137 5124 exsistentia
1161 5080 1354 5124 natura
1379 5070 1554 5122 carnis
1583 5083 1823 5136 operans,

238 5167 579 5219 humanitate
607 5181 725 5218 vero
753 5165 986 5218 humana
1013 5181 1117 5218 non
1144 5163 1452 5218 exsisteutt'a
1490 5172 1686 5215 natura
1721 5159 1829 5212 dei-

240 5261 395 5313 tatis.
449 5257 603 5311 Nihil
649 5257 887 5311 divinum
925 5257 1125 5311 nudum
1165 5274 1381 5328 corpore
1418 5265 1666 5328 operatur
1690 5296 1704 5320 ,
1753 5253 1827 5306 nil

313 5395 430 5468 (67)
471 5395 744 5468 llippoly't.
775 5396 1062 5468 fragment.
1092 5396 1138 5451 1.

334 5466 429 5538 ὃς)
470 5466 613 5538 [dem
641 5466 928 5538 fragment.
962 5467 1019 5521 2.

338 5536 434 5600 69)
473 5536 618 5592 Idem
653 5536 940 5608 fragment.
972 5541 1026 5591 5.

342 5608 431 5677 70)
470 5609 616 5662 ldem
648 5607 939 5677 fragment.
972 5608 1027 5661 4.

317 5677 431 5746 (fil)
473 5679 618 5733 Idem
651 5678 938 5746 fragment.
965 5679 1018 5733 5.

319 5744 434 5814 (72)
472 5749 619 5802 idem
654 5744 789 5802 ibid.

322 5814 436 5884 (75)
475 5822 621 5873 Ideni
653 5819 954 5887 fragmento
986 5819 1040 5874 8.

1929 4621 2206 4661 exarasse.
2245 4605 2696 4675 Sapientissimus
2729 4604 3110 4662 Tillcmontius
3142 4607 3306 4678 hujus
3336 4609 3518 4679 operis

1932 4699 2148 4753 titulum
2200 4714 2326 4754 cum
2377 4699 2766 4768 subsequentis
2825 4699 2881 4752 in
2939 4699 3160 4754 laudato
3206 4716 3516 4755 marmoreo

1930 4803 2286 4855 monumento
2329 4793 2454 4847 libri
2491 4793 2650 4847 titulo
2681 4793 2987 4863 conjungit,
3023 4809 3185 4864 quem
3218 4793 3292 4848 ita
3331 4802 3512 4849 trans-

1928 4888 2104 4957 ponit,
2135 4896 2195 4940 ut
2222 4888 2578 4957 posteriorem
2603 4887 2780 4956 primo
2812 4886 2955 4954 loco,
2981 4895 3035 4940 et
3063 4886 3300 4956 primum
3324 4885 3514 4940 ultimo

1929 4979 2050 5034 loco
2082 4989 2268 5049 ponat,
2317 4991 2481 5050 atque
2510 4993 2575 5034 ex
2607 4979 2824 5034 duobus
2860 4995 3030 5034 unum
3074 4979 3338 5033 duntaxat
3381 4978 3512 5030 titu-

1927 5076 2040 5130 lum
2088 5077 2284 5141 faciat,
2341 5077 2431 5132 cui
2497 5075 2644 5131 hunc
2709 5090 2932 5130 sensum
2988 5075 3226 5127 astruit:
3271 5071 3512 5125 Traditio

1929 5169 2222 5238 apostolica
2269 5167 2332 5222 de
2377 5166 2784 5220 charismatibus
2827 5164 3178 5219 uerisimiliter
3214 5180 3308 5233 pro
3365 5164 3512 5232 refu-

1931 5261 2106 5315 tandis
2141 5260 2481 5314 Montanistis
2509 5258 2645 5330 (7'7).
2704 5257 2771 5312 Hi
2805 5258 2945 5313 tituli
2979 5257 3052 5310 ita
3086 5255 3295 5310 aduniti
3341 5254 3514 5310 liabe-

1997 5394 2109 5459 (74)
2149 5391 2434 5459 Pearson.,
2477 5389 2686 5444 Vindic.
2721 5387 2925 5458 Ignat.,
2954 5396 3096 5459 part.
3126 5402 3166 5459 ι,
3194 5403 3314 5459 cap.
3345 5387 3401 5459 4.

2152 5463 2368 5517 Fabric.
2393 5457 2425 5527 ,⁷
2452 5470 2584 5514 tom.
2623 5460 2640 5511 l
2670 5457 2806 5528 (ipp.
2857 5459 2914 5512 S.
2956 5457 3206 5526 llippol.,
3253 5457 3468 5514 Praefat.
3489 5498 3510 5527 ,

1929 5551 2051 5605 pag.
2086 5536 2136 5589 7.

1929 5596 2110 5692 Latini)
2153 5602 2300 5660 Hist.
2332 5602 2597 5657 littéraire
2623 5600 2687 5652 de.
2715 5598 2768 5651 la
2800 5596 2848 5651 F
2853 5615 3028 5664 rauce,
3057 5609 3187 5654 tum.
3218 5599 3306 5656 cit.
3331 5641 3345 5666 ,
3382 5615 3510 5670 pag.

1927 5676 2114 5818 08:37)
2150 5744 2456 5802 Tillcmout.
2481 5782 2497 5807 ,
2527 5742 2563 5796 l.
2597 5755 2670 5808 c.,
2703 5755 2825 5810 pag.
2859 5739 2980 5793 106.
