4034 6382
531 309 633 362 τίη

1509 315 1595 370 DE
1634 317 1791 372 VITA
1831 319 1917 372 ET
1960 321 2268 376 SCRIPTIS
2307 323 2362 378 S.
2407 323 2790 380 HlPPOLYTl.

3661 341 3767 395 308

535 436 656 478 rent
701 441 830 481 sane
860 429 1200 495 aptissimum
1241 429 1600 500 signiﬁcatum
1633 435 1698 488 ad
1733 439 1934 492 multos
1957 439 2096 493 diﬁi-
2126 450 2170 501 Α
2204 441 2358 495 theca
2413 442 2704 498 Bodleiana
2763 445 2904 499 inter
2952 447 3164 502 codices
3202 447 3564 506 Baroccianos
3610 470 3762 509 num.

533 515 794 569 tultatum
820 519 990 572 nodos
1009 521 1292 583 secandos,
1317 523 1614 579 dummodo
1638 527 1749 580 haec
1773 529 2099 585 Tillemontii

532 609 845 687 conjectura
901 621 1008 665 tam
1058 624 1202 669 certa
1233 625 1376 669 esset
1403 632 1466 670 ac
1501 619 1803 687 ingeniosa.
1859 619 2003 675 Ordo
2045 639 2100 674 e-

532 702 664 764 nim,
715 686 875 772 quem
908 706 959 756 in
995 720 1054 757 ea
1087 707 1281 761 tabella
1321 709 1697 773 observamus,
1747 729 1853 767 non
1890 715 2100 769 videtur

530 809 649 846 eam
697 797 1169 862 transpositionem
1214 801 1516 856 admittere.
1567 801 1696 858 Post
1735 805 1947 860 titulum
1991 818 2099 860 tta-

530 895 706 938 ctatus
741 883 812 938 De
839 887 1275 955 charismatibus,
1325 893 1469 947 illico
1510 894 1738 964 legimus
1784 909 2096 967 sequentem

529 973 584 1028 in
618 975 835 1030 laudato
876 977 1089 1047 lapideo
1115 995 1505 1038 monumento:
1545 986 1899 1060 Ἀποστολικὴ
1931 990 2098 1061 παρά-

524 1082 702 1131 ωσις,
757 1073 1045 1137 apostolica
1095 1075 1332 1128 traditio.
1387 1076 1676 1131 Doctorum
1725 1080 1938 1136 animos
1983 1083 2097 1136 haec

526 1161 784 1226 quaestio:
827 1179 988 1231 quem
1039 1165 1233 1220 librum
1267 1169 1313 1222 is
1347 1169 1538 1224 titulus
1575 1174 1887 1238 annuntiet,
1916 1175 2095 1229 varias

526 1250 580 1302 in
611 1252 897 1318 Opiniones
927 1255 1180 1310 detraxit.
1217 1257 1550 1315 Sententiam
1575 1261 1902 1318 Tillcmontii
1935 1267 2094 1334 paulo

524 1352 682 1422 antea
715 1349 1090 1414 exposuimus.
1124 1350 1360 1421 Scaliger
1395 1353 1501 1423 (78)
1533 1365 1719 1409 censet
1748 1354 2091 1429 Hippolytum

525 1419 769 1489 nostrum
809 1437 909 1492 hoc
951 1441 1053 1492 sub
1098 1443 1255 1496 titulo
1303 1444 1443 1498 idem
1475 1457 1849 1514 argumentum
1887 1463 2093 1518 pertra-

524 1535 734 1590 ctasse,
769 1531 914 1596 quod
949 1530 1005 1585 S.
1044 1531 1277 1589 Irenaaus
1314 1535 1452 1589 libro
1493 1539 1648 1591 tertio
1685 1540 1803 1594 adu.
1847 1543 2088 1606 Itwreses,

527 1633 648 1687 cap.
680 1621 713 1672 ‘2
742 1631 794 1673 ct
819 1622 852 1675 5
879 1625 1066 1690 paucis
1087 1623 1351 1680 duntaxat
1375 1639 1690 1697 persecutus
1719 1640 1820 1686 est.
1850 1631 1922 1686 Le
1946 1631 2092 1703 Moy-

523 1709 649 1763 nius
692 1726 798 1765 non
833 1713 1103 1784 discrepat
1137 1717 1205 1770 ab
1237 1718 1338 1772 hac
1365 1721 1646 1788 opinione,
1683 1724 1809 1777 dum
1853 1725 2088 1780 arbitra-

2202 533 2272 586 26
2299 543 2351 587 et
2378 534 2480 586 185
2511 544 2688 590 exstat
2717 551 2878 589 manu
2911 548 3127 591 exarata
3173 547 3306 594 teste
3332 539 3625 596 Pearsonio
3653 545 3765 611 (80)

2201 634 2254 674 et
2285 621 2487 677 Grabio
2515 624 2648 694 (81),
2680 634 2843 694 atque
2885 626 2936 678 in
2987 630 3356 697 manuscripto
3403 630 3591 686 Graeco
3621 637 3762 702 apud

2203 713 2548 769 Lambecium
2568 717 2676 787 (82)
2695 719 2838 772 hunc
2873 734 3050 788 prmsc
3073 719 3176 774 fert
3202 723 3414 776 titulum
3442 743 3454 777 :
3482 727 3766 792 Διατάξεις

2199 806 2306 859 τῶν
2327 809 2496 875 ἁγίων
2529 809 2838 863 ἀποστόλων
2866 810 2954 863 διὰ
2995 812 3326 867 Ἱππολύτου.
3356 812 3679 872 Pcarsonius
3707 830 3766 873 el

2202 896 2512 954 Dotlwellus
2562 910 2876 956 asseverant
2945 903 3047 957 hoc
3115 903 3386 976 Hippolyti
3435 910 3760 975 opusculum

2200 991 2374 1058 quoad
2430 991 2722 1044 maximam
2783 1002 2989 1062 partem
3044 995 3154 1064 jam
3214 997 3490 1065 vulgatum
3547 1013 3670 1052 esse
3701 999 3764 1054 in

2199 1092 2390 1134 octavo
2425 1081 2872 1137 Constitutionum
2905 1086 3316 1154 apostolicarum
3364 1089 3523 1153 libro,
3562 1105 3763 1158 quam-

2198 1174 2279 1228 vis
2303 1175 2561 1228 nonnulla
2589 1175 2744 1229 aliter
2775 1177 3102 1245 quandoque
3134 1177 3406 1244 leguntur,
3444 1189 3501 1232 ut
3525 1179 3764 1236 Grabius

2197 1264 2428 1326 monuit,
2455 1265 2548 1332 qui
2594 1280 2715 1334 pag.
2745 1265 2851 1320 286
2881 1265 2972 1319 illa
3033 1264 3317 1338 Sptcilegta
3358 1268 3581 1321 Patrum
3613 1272 3763 1324 tertii

2195 1356 2377 1410 saeculi
2405 1357 2732 1410 inserturum
2767 1374 2824 1412 se
2862 1358 3137 1427 pollicitus
3164 1369 3248 1414 est
3301 1360 3434 1428 (83).
3471 1363 3538 1414 At
3569 1371 3626 1416 ut
3663 1378 3762 1417 ve-

2194 1464 2315 1502 rum
2368 1448 2656 1511 fateamur,
2708 1449 2970 1518 quidquid
3029 1450 3230 1505 laudati
3265 1452 3439 1505 critici
3490 1454 3764 1507 disserere

2193 1549 2509 1608 potuerunt,
2542 1547 2600 1594 ut
2628 1542 2783 1594 nobis
2809 1541 3096 1609 aliqualem
3129 1541 3304 1596 ideam
3334 1544 3763 1612 suppeditarent,

2193 1631 2323 1700 quid
2361 1632 2538 1686 isthoc
2564 1632 2618 1686 in
2647 1648 2809 1701 opere
2848 1630 2906 1685 S.
2942 1632 3210 1703 Hippolyti
3237 1636 3627 1700 contineretur,
3659 1652 3760 1688 ne-

2192 1739 2467 1791 quaquam
2517 1723 2734 1778 excedit
2782 1725 3045 1793 sphaeratu
3095 1741 3366 1779 merarum
3415 1727 3760 1794 conjectura-

520 1809 615 1852 tur
644 1805 744 1856 hoc
774 1819 912 1873 opus
943 1806 1214 1863 disserere
1259 1811 1326 1864 de
1375 1812 1618 1866 doctrina
1663 1829 1758 1868 seu
1805 1816 2090 1870 traditione
2122 1817 2164 1874 Β
2194 1831 2349 1878 rum;
2378 1830 2553 1883 neque
2598 1815 2752 1869 nobis
2797 1815 2929 1869 satis
2979 1814 3167 1869 eﬁicax
3198 1816 3412 1870 videtur
3461 1831 3764 1885 argumen-

521 1893 848 1959 apostolica;
880 1897 1023 1964 quod
1057 1899 1178 1953 inde
1205 1902 1425 1972 colligit,
1451 1904 1576 1972 quia
1601 1911 1839 1973 tempore
1869 1903 1925 1960 S.
1962 1905 2090 1974 Ilip-

522 1984 692 2054 polyti
725 1986 874 2040 varia
905 1987 1064 2057 hujus
1092 1995 1306 2059 generis
1329 2035 1342 2055 ,
1390 2006 1441 2047 et
1469 1995 1684 2063 quidem
1716 1997 1880 2050 multa
1913 2009 2088 2052 exsta-

524 2073 658 2128 bant
687 2091 871 2145 opera,
905 2088 1067 2148 atque
1097 2083 1275 2137 adhuc
1309 2086 1753 2140 conﬁciebantur.
1793 2086 1927 2142 Nam
1963 2105 2084 2144 cum

524 2165 758 2220 haeretici
785 2166 968 2238 [verba
994 2179 1119 2224 sunt
1140 2171 1440 2228 doctissimi
1465 2175 1514 2228 le
1535 2173 1732 2246 Moynii
1754 2175 1890 2250 (79)]
1920 2180 2087 2233 multa

517 2254 806 2320 jactarent,
843 2274 964 2327 quae
1003 2270 1256 2332 tanquam
1294 2264 1362 2318 ab
1394 2267 1652 2335 apostolis
1683 2269 1876 2323 hausta
1906 2272 2085 2325 omni-

523 2347 623 2399 bus
647 2348 1082 2417 obtruderentur,
1108 2355 1417 2421 orthodoxi,
1456 2366 1513 2412 ut
1538 2363 1808 2429 grassanti
1832 2364 1922 2417 isti
1945 2365 2086 2419 malo

522 2450 741 2504 possent
768 2444 914 2496 viam
955 2446 1340 2512 intercludere,
1393 2459 1447 2506 et
1490 2452 1752 2522 impedire
1793 2457 2086 2525 quominus

517 2534 788 2603 simplices
823 2547 875 2591 et
921 2539 1167 2595 rudiores
1199 2543 1378 2612 specie
1421 2545 1684 2601 doctrinae
1716 2550 2082 2618 apostolorum

516 2622 860 2680 ﬂecterentur
901 2637 954 2682 et
1002 2631 1421 2696 seducerentur,
1457 2650 1640 2689 veram
1692 2645 1746 2692 et
1794 2641 2082 2708 genuinam

517 2715 828 2779 apostolicae
880 2720 1190 2776 traditionis
1237 2725 1431 2780 seriem
1479 2739 1968 2797 repraesentarunt,
2020 2749 2085 2787 ne

517 2807 798 2873 splendida
827 2814 1193 2876 apostolorum
1227 2819 1549 2875 auctoritate
1574 2823 1696 2876 aliis
1731 2823 1887 2878 lucus
1912 2824 2079 2888 ﬁeret,

516 2907 568 2950 et
617 2898 722 2952 illis
769 2900 1107 2958 illuderetur.
1156 2905 1292 2961 Hinc
1337 2911 1554 2964 traditio
1603 2915 1969 2981 apostolorum
2015 2917 2084 2971 ab

519 2987 721 3043 Irenaeo
763 3007 884 3046 vera
927 3006 1303 3062 repraesentata
1340 2999 1478 3054 libro
1513 3017 1594 3065 ιιι,
1627 3018 1746 3072 cap.
1784 3005 1838 3068 5,
1875 3006 1930 3068 4,
1974 3016 2078 3062 etc.

517 3077 662 3131 Nam
711 3098 824 3134 cum
887 3084 1244 3141 Valentiniani
1267 3099 1314 3142 et
1346 3088 1580 3147 Gnostici
1620 3094 1784 3148 multa
1833 3097 2080 3165 ﬁgmenta

2191 1912 2307 1958 tum
2344 1905 2472 1958 illud
2507 1920 2570 1957 ex
2598 1913 2830 1974 utroque
2872 1905 3241 1973 manuscripto
3271 1903 3676 1960 Vindobonensi
3702 1914 3764 1962 et

2190 1993 2483 2051 Oxoniensi
2519 1997 2769 2065 petitum,
2797 1997 2941 2066 quod
2973 1997 3227 2050 nimirum
3261 1998 3315 2050 in
3366 2007 3597 2068 utroque
3620 2014 3760 2053 mss.

2189 2088 2282 2142 lib.
2352 2104 2448 2142 vm
2503 2087 2956 2142 Constitutionum
3013 2089 3425 2156 apostolicarum
3474 2092 3759 2159 praeﬁxum

2188 2180 2385 2234 habeat
2415 2195 2612 2234 nomen
2650 2179 2707 2232 S.
2741 2179 3011 2251 Hippolyti
3066 2183 3168 2236 hoc
3212 2182 3314 2236 sub
3375 2183 3555 2246 titulo,
3592 2181 3761 2236 Διδα-

2187 2273 2413 2325 exalia
2449 2271 2567 2325 τῶν
2625 2272 2806 2341 ἁγίων
2855 2274 3212 2327 ἀποστόλων
3269 2275 3400 2343 περὶ
3463 2275 3757 2344 χαρισμά-

2187 2382 2322 2418 των.
2361 2365 2640 2434 Siquidem
2699 2380 2837 2434 opus
2894 2364 3340 2419 Constitutionum
3387 2383 3417 2420 a
3465 2368 3756 2436 posteriori

2187 2471 2351 2509 manu
2373 2465 2427 2510 et
2459 2456 2527 2510 ab
2557 2464 2780 2512 auctore
2835 2457 3018 2512 saeculi
3051 2458 3232 2528 quarti
3283 2457 3583 2527 profectum
3633 2475 3757 2514 esse

2185 2545 2388 2616 passim
2417 2547 2615 2600 eruditi
2650 2546 3004 2600 arbitrantur.

2189 2657 2216 2729 ᾗ
2254 2657 2316 2710 ll.
2367 2658 2443 2712 De
2474 2675 2709 2713 sermone
2765 2658 2824 2713 S.
2857 2659 3132 2729 Hippolyti
3175 2679 3193 2712 ε
3223 2662 3277 2714 in
3308 2659 3560 2714 Sanctam
3589 2659 3756 2714 Theo-

2798 2732 3068 2798 phaniam.
3097 2750 3116 2780 ι

2255 2817 2544 2874 Homiliam
2576 2821 2629 2874 in
2661 2819 2704 2873 Τ
2710 2822 3092 2890 heophaniam,
3118 2822 3231 2876 sive
3277 2822 3328 2876 in
3367 2821 3574 2876 Christi
3627 2820 3753 2876 Sal-

2187 2910 2397 2966 vatoris
2417 2912 2770 2980 baptismum,
2796 2913 2956 2967 edere
2981 2914 3152 2967 voluit
3181 2914 3250 2968 cl.
3283 2912 3594 2969 Holstenius
3618 2924 3755 2968 teste

2189 2999 2481 3055 Lambecio
2540 3014 2684 3056 tomo
2737 3001 2753 3053 l
2805 3001 3056 3056 Biblioth.
3119 3001 3435 3066 Vindobon.,
3473 3004 3751 3073 pag.lll.

2186 3090 2557 3162 Eamdemque
2592 3093 2868 3147 bomiliam
2921 3094 3232 3150 Christiano
3267 3094 3495 3150 Daumio
3528 3097 3594 3149 ad
3629 3111 3751 3150 ma-

511 3177 564 3222 et
603 3170 788 3225 delirio
837 3176 1090 3230 credenda
1125 3180 1464 3242 venditorem.
1502 3189 1681 3252 utpote
1721 3185 1786 3238 ab
1829 3190 2078 3256 apostolis

2185 3199 2286 3238 nus
2310 3183 2479 3239 fuisse
2509 3193 2659 3239 notat
2681 3186 2890 3256 Ittigius
2932 3186 2985 3240 in
3019 3186 3401 3242 dissertatiOne
3437 3187 3510 3241 οε
3539 3185 3755 3244 Notiti-

511 3263 637 3329 tpsis
672 3268 989 3320 annuntiata
1024 3282 1074 3321 et
1122 3271 1389 3336 derivata;
1439 3272 1674 3330 Iremeus
1713 3295 1885 3332 veram
1933 3293 2077 3351 urget

512 3349 870 3414 apostolorum
891 3352 1225 3409 traditionem
1250 3366 1298 3410 et
1329 3358 1644 3424 doctrinam,
1675 3378 1835 3431 quam
1874 3364 1937 3416 ab
1971 3349 2079 3431 epi-

511 3440 680 3505 scopis
726 3443 1083 3510 apostolorum
1135 3451 1517 3504 successOribus
1567 3460 1617 3504 et
1657 3450 1940 3522 Ecclesiis,
1989 3458 2078 3510 ubi

512 3530 868 3596 apostolorum
909 3532 1158 3604 discipuli
1190 3539 1498 3606 docuerunt,
1529 3547 1809 3599 eruendam
1842 3557 1892 3600 et
1937 3549 2079 3601 deri-

511 3619 737 3672 vandam
762 3625 1049 3682 contendit.
1079 3625 1148 3678 Et
1182 3629 1350 3693 primo
1377 3644 1522 3702 urget
1549 3634 1796 3691 Romana:
1829 3637 2080 3695 Ecclesia:

511 3709 877 3773 traditionem,
912 3714 999 3766 ubi
1029 3718 1240 3785 praefuit
1286 3719 1556 3788 Clemens;
1589 3723 1942 3795 Smyrnensis,
1986 3731 2074 3784 ubi

509 3800 690 3853 docuit
724 3801 1083 3874 Polycat-pus;
1113 3807 1408 3877 Ephesium,
1436 3815 1522 3868 ubi
1557 3818 1824 3886 apostolus
1845 3819 2075 3876 Joannes

511 3891 853 3964 Euangelium
886 3906 959 3951 tot
991 3902 1142 3952 annis
1170 3913 1216 3954 et
1244 3911 1389 3957 tanto
1420 3922 1536 3959 cum
1561 3908 1736 3975 fructu
1758 3913 2076 3979 praedicave-

509 3994 593 4036 ναι
622 3995 669 4038 et
699 4001 1049 4056 promoverat.
1095 3991 1184 4045 Sic
1211 3995 1369 4062 paulo
1395 4009 1509 4064 post
1542 3997 1827 4067 Irenaeum,
1873 4003 2077 4073 Hippo-

509 4077 647 4145 lytus
681 4081 839 4131 etiam
861 4082 1070 4151 scripsit
1099 4101 1251 4137 suam
1272 4087 1612 4155 Παράὸοσιν
1640 4094 2072 4165 ἀποστολικήν,

507 4178 565 4222 ut
608 4170 971 4227 hereticorum
1011 4175 1205 4230 delirio
1247 4188 1296 4232 et
1341 4183 1547 4236 somnia
1579 4185 1850 4252 refutaret,
1885 4199 1934 4242 et
1979 4191 2075 4244 do-

506 4261 732 4314 ctrinam
768 4275 1066 4333 perpetuam
1108 4271 1489 4338 apostolorum,
1536 4275 1592 4327 in
1631 4277 1936 4343 ﬂorentibus
1966 4281 2072 4334 Ec-

505 4351 677 4406 clesiis
705 4360 1035 4424 superstitem
1063 4371 1110 4414 et
1144 4363 1400 4418 sinceram
1435 4369 1673 4423 omnibus
1714 4372 1830 4425 istis
1871 4374 2071 4429 deliriis

503 4454 552 4495 ct
594 4447 856 4500 erroribus
903 4464 1291 4519 opponeret.....
1353 4455 1492 4511 Hinc
1532 4461 1693 4514 etiam
1732 4465 2032 4532 Παράὃοσι

502 4533 869 4606 ἁποστολιλιή
909 4540 973 4593 ab
1006 4540 1288 4613 Hippolyto
1318 4547 1597 4616 adornata,
1641 4555 1694 4607 id
1730 4565 1806 4608 est
1828 4561 2066 4611 narratio

503 4625 837 4695 dogntatum,
869 4648 985 4702 qua:
1009 4639 1232 4704 apostoli
1275 4644 1653 4698 successoribus
1690 4649 1797 4701 suis
1837 4651 2069 4704 tradide-

505 4727 650 4783 rant,
690 4722 932 4790 posteris,
983 4727 1051 4778 ad
1097 4727 1284 4784 ultima
1326 4735 1508 4788 mundi
1552 4737 1687 4805 fata,
1734 4741 1989 4795 tradenda
2019 4753 2068 4795 et

503 4813 962 4869 communicanda.
991 4815 1264 4876 Hactenus
1296 4823 1641 4882 doctissimus
1680 4830 1728 4884 le
1761 4831 2028 4903 Moynius.

574 4902 677 4954 Alii
705 4918 1032 4963 censuerunt
1068 4927 1162 4980 per
1184 4924 1472 4972 tractatum
1516 4921 1618 4975 sub
1641 4921 1796 4977 titulo
1830 4902 2068 4978 Traditio

501 4997 794 5063 apostolica
850 5006 1233 5061 annuutiatum
1300 5010 1521 5083 intelligi
1584 5031 1746 5084 posse
1811 5017 2067 5072 διδασκα-

501 5084 640 5152 λίαν,
673 5104 768 5143 seu
798 5089 1094 5146 doctrinam
1123 5101 1295 5152 sancti
1329 5100 1621 5174 Hippolyti,
1653 5121 1773 5175 quae
1797 5107 1849 5160 in
1875 5109 2069 5162 biblio-

501 5262 683 5386 nng)
726 5263 988 5338 Scaliger,
1035 5272 1114 5325 De
1161 5276 1418 5330 emendat.
1465 5287 1620 5348 temp.
1668 5281 1759 5333 lib.
1798 5298 1893 5347 vn,
1944 5300 2064 5390 pag.

573 5402 682 5493 (ξφ
722 5403 798 5460 Le
829 5406 1052 5481 Moyne,
1097 5411 1258 5468 Varia
1290 5433 1464 5482 sacra,
1493 5429 1625 5473 tom.
1677 5420 1740 5488 ll,
1779 5438 1900 5493 pag.
1930 5426 2067 5479 1069.

499 5481 547 5528 ﬂ
571 5487 694 5604 (ἶϐίν.
716 5545 996 5612 Pearson.,
1043 5553 1244 5609 Vindic.
1278 5555 1480 5625 lgnat.,
1544 5575 1628 5629 ag.
1665 5561 1733 5614 60
1758 5573 1808 5618 et
1836 5563 1922 5620 62.

569 5550 680 5684 (Mi
721 5616 919 5684 Grabe,
958 5633 1064 5676 tom
1124 5623 1162 5684 l,
1221 5623 1467 5684 Spict'leq.
1501 5575 1744 5684 Butram.
1779 5649 1898 5684 nae.

721 5616 919 5704 ('irabe,
958 5633 1097 5704 ton_t__
1124 5623 1162 5687 l,
1221 5612 2062 5704 Spi‘cilegsijallrujn,ripagj'285.

498 5683 686 5809 (logi).
719 5683 1000 5756 Lambec.,
1045 5683 1290 5760 ttbqvui,
1322 5683 1444 5768 pagi
1475 5699 1612 5766 tea,
1644 5683 1897 5758 Βίιὶιῶὶὶἱζ
1940 5683 2066 5759 ﬁlii

2039 4488 2144 4568 σι)

2184 3277 2307 3330 tatis
2338 3276 2534 3331 Christi
2566 3277 2719 3346 festo,
2753 3293 2872 3348 pag.
2921 3278 3046 3342 395,
3083 3288 3204 3348 post
3234 3279 3586 3348 appendicem
3610 3280 3750 3335 diss.

2182 3368 2259 3422 De
2289 3368 2676 3422 hteresiarcltis.
2720 3367 2893 3434 Quam
2922 3368 3113 3423 habuit
3155 3370 3318 3423 etiam
3379 3368 3618 3425 Thomas
3641 3368 3754 3424 Ga-

2181 3461 2302 3516 leus
2339 3469 2475 3515 teste
2524 3459 2702 3515 Caveo
2735 3460 2870 3528 (84).
2915 3458 3108 3529 Incipit
3156 3469 3378 3516 autem:
3427 3460 3611 3513 Πάντα
3649 3459 3753 3529 μὲν

2183 3551 2321 3605 καλὰ
2353 3553 2446 3606 καὶ
2479 3551 2619 3605 καλὰ
2643 3551 2784 3606 λίαν.
2812 3551 2889 3604 Ex
2913 3551 3100 3606 codice
3130 3551 3353 3606 Thomas
3388 3550 3536 3606 Galei
3563 3550 3755 3606 Gmce

2181 3644 2505 3713 descriptam
2530 3644 2736 3713 accepit
2762 3643 3006 3697 eamdem
3055 3643 3332 3697 bomiliam
3366 3659 3396 3697 a
3427 3643 3621 3698 Wolﬁo
3653 3644 3756 3697 Al-

2180 3737 2367 3791 bertus
2418 3735 2721 3798 Fabricius,
2767 3751 2998 3804 eamque
3048 3736 3352 3790 collectioni
3407 3751 3632 3806 Operum
3681 3733 3748 3791 S.

2180 3825 2447 3898 Hippolyti
2487 3827 2734 3882 inseruit.
2768 3825 2968 3881 Sancto
3020 3826 3146 3882 huic
3187 3828 3410 3898 martyri
3459 3827 3751 3882 ascriben-

2178 3920 2299 3974 dam
2327 3935 2447 3974 esse
2469 3935 2534 3973 ex
2581 3919 2700 3973 solo
2735 3917 2846 3972 fere
2899 3915 3054 3972 titulo
3104 3919 3325 3988 probari
3374 3927 3571 3988 potest,
3622 3935 3751 3988 qua:

2177 4009 2524 4078 conjectura,
2586 4025 2709 4064 cum
2765 4007 3134 4064 omnimodam
3194 4009 3572 4065 certitudinem
3632 4025 3747 4062 non

2177 4103 2446 4171 praebeat,
2500 4101 2744 4157 ulteriori
2794 4103 2923 4156 crisi
2991 4103 3327 4157 eruditorum
3393 4103 3746 4172 relinquitur.

2181 4192 2323 4248 Sane
2357 4195 2488 4248 nihil
2525 4194 2584 4248 S.
2624 4194 2911 4265 Hippolyto
2951 4197 3308 4267 incongruum
3345 4196 3745 4264 complectitur,

2177 4295 2230 4339 et
2262 4285 2602 4354 praesentiain
2631 4285 2725 4340 Dei
2781 4284 3080 4342 Salvatoris
3117 4287 3288 4341 nostri
3321 4301 3417 4357 per
3464 4303 3617 4342 suam
3655 4288 3742 4340 in-

2179 4378 2548 4432 carnationem
2577 4377 2815 4431 maxime
2861 4379 2914 4431 in
2973 4379 3242 4448 baptismo
3286 4394 3387 4433 suo
3417 4395 3512 4449 per
3551 4393 3744 4434 vocem

2176 4467 2356 4522 Patris
2412 4469 2479 4522 de
2525 4469 2666 4524 coelo
2723 4469 2998 4539 delapsam
3065 4469 3464 4527 manifestatam
3514 4471 3746 4525 demon-

2171 4569 2327 4615 Strat.

2242 4651 2543 4708 Observant
2601 4654 2905 4710 doctissimi
2979 4656 3212 4711 Maurini
3273 4656 3384 4726 (85)
3458 4656 3742 4710 bomiliam

2169 4748 2314 4798 hanc
2343 4746 2442 4800 abs
2473 4744 2529 4800 S.
2561 4745 2848 4820 Hippolyto
2892 4751 3294 4821 pronuntiatam
3354 4751 3521 4805 fuisse
3551 4765 3740 4804 coram

2175 4839 2484 4907 gentilibus.
2518 4839 2640 4895 Haec
2668 4842 2980 4912 singillatim
3036 4853 3330 4914 pertractat
3354 4845 3419 4898 de
3467 4843 3742 4912 baptismo

2171 4929 2300 4984 Jesu
2327 4929 2549 5000 Cltri'sti,
2586 4935 2814 5004 ejusque
2871 4935 3152 4991 effectibus
3181 4936 3348 4991 relate
3375 4936 3441 4990 ad
3489 4935 3743 4990 homines

2171 5027 2492 5092 praesertim.
2533 5027 2734 5082 Auctor
2764 5029 3063 5082 orationem
3110 5044 3265 5083 suam
3297 5028 3458 5083 modo
3480 5029 3544 5083 ad
3572 5043 3739 5082 unam

2173 5116 2457 5183 duntaxat,
2494 5119 2656 5173 modo
2702 5121 2767 5173 ad
2820 5121 3001 5191 plures
3035 5121 3216 5190 dirigit
3254 5138 3536 5191 personas.
3591 5119 3738 5173 Nihil

2244 5297 2474 5372 (85)(11.
2539 5299 2771 5356 Grabius
2827 5312 3000 5356 morte
3050 5311 3369 5372 prmventus
3408 5301 3733 5370 promissum

2169 5370 2446 5422 exsolvere
2490 5385 2598 5422 non
2639 5372 2840 5439 potuit;
2880 5370 3067 5426 verum
3100 5373 3298 5425 Albert.
3332 5371 3612 5425 Fabricius
3638 5386 3733 5423 na-

2170 5445 2292 5508 ctus
2320 5439 2504 5491 eadem
2536 5441 2601 5492 ad
2646 5441 2758 5508 jam
2799 5442 2974 5496 dictos
3012 5458 3143 5497 mss.
3195 5443 3361 5495 libros
3411 5443 3674 5495 recensita
3703 5455 3734 5494 a

2171 5505 2404 5572 Grabio,
2458 5510 2552 5577 qui
2597 5505 2784 5564 Latina
2838 5513 3085 5566 versione
3126 5513 3286 5566 etiam
3336 5513 3422 5567 illa
3476 5510 3736 5575 donavit,

2172 5577 2361 5651 tom_o_l
2390 5578 2633 5651 Qperunl
2653 5579 2919 5651 Hippolyti
2952 5582 3200 5636 inseruit.

2244 5647 2356 5714 (84)
2391 5647 2551 5711 Cave,
2589 5647 2737 5702 Hist:
2758 5647 2926 5703 Vlitt'ér.
2946 5691 2962 5716 ,
2989 5660 3120 5705 tom.
3154 5651 3194 5704 ι.

2242 5712 2353 5786 (85)
2393 5717 2536 5772 Hist.
2573 5718 2728 5773 litter.
2766 5721 2830 5776 de
2859 5720 2910 5775 la
2944 5712 3166 5789 France,
3204 5729 3334 5778 tom.
3377 5721 3418 5788 1,
3453 5736 3577 5791 pag.
3601 5712 3731 5772 370-
