4034 6388
285 370 396 426 309

1271 370 1358 424 DE
1397 369 1557 425 Vl'l‘A
1597 369 1684 424 ΕΤ
1725 364 2032 422 SC-RIPTIS
2070 366 2126 418 S.
2168 360 2547 417 HlPPOLYTl.

3326 357 3334 368 “
3411 355 3515 409 510

291 505 522 558 quoque
551 488 604 542 in
641 490 749 544 hoc
799 491 1048 544 discursu
1087 499 1181 544 aut
1226 492 1522 557 doctrinae,
1581 500 1675 545 aut
1724 492 1866 544 tetati
1897 495 1938 549 Α
1969 486 2180 542 Domini
2213 486 2372 551 1551,
2400 500 2463 539 ex
2526 497 2654 554 agro
2681 480 2896 536 Verano
2936 496 3041 534 non
3089 479 3278 548 procul
3305 477 3372 531 ab
3415 477 3527 531 aede

295 581 356 636 8.
387 580 659 651 Hippolyti
720 582 1104 637 inconveniens
1141 583 1446 653 reperitur;
1484 583 1730 652 quinimo
1755 583 1868 636 sive

295 671 499 742 stylum
525 681 758 742 spectes,
784 674 896 727 sive
924 674 1133 728 dicendi
1158 675 1374 728 modum
1409 675 1461 727 in
1480 675 1608 728 aliis
1636 689 1871 742 opuscu-

295 762 390 828 lis,
427 778 550 835 qua:
578 763 801 817 indubie
833 764 1004 832 ipsius
1059 773 1205 826 sunt,
1254 765 1573 828 adhibitum,
1622 765 1870 817 eumdem

299 855 641 923 ipsissimum
687 856 741 909 in
799 857 900 910 hac
928 857 1152 910 homilia
1191 857 1564 913 observamus.
1603 855 1872 910 Notatin-

296 960 470 1014 super
495 946 848 1001 doctissimus
878 946 1156 1016 Remigius
1187 948 1402 1001 Ceillier
1448 947 1562 1018 (86)
1596 949 1868 1003 laudatam

299 1035 586 1090 homiliam
621 1052 742 1092 esse
783 1037 1030 1103 nitidam,
1089 1039 1515 1102 mdiﬁcatoriam,
1548 1039 1874 1110 dignamque

303 1137 501 1182 sancto
521 1128 799 1197 episcopo,
829 1143 1040 1182 necnon
1073 1137 1125 1183 et
1171 1130 1302 1183 satis
1329 1130 1682 1193 elaboratam,
1715 1142 1875 1200 atque

297 1220 469 1290 longe
513 1221 818 1290 politiorem
845 1222 1056 1276 caeteris
1096 1223 1458 1277 communiter
1502 1231 1744 1277 veterum
1775 1222 1875 1277 Pa-

298 1321 454 1367 trum
480 1313 740 1392 homiliis.

377 1405 602 1460 Addunt
632 1415 889 1474 praeterea
929 1406 1159 1461 Maurini
1189 1406 1324 1476 (87),
1376 1404 1641 1476 quosdam
1691 1404 1877 1460 erudi-

297 1508 394 1554 tos
421 1498 768 1552 existimasse
817 1498 1092 1552 laudatam
1147 1498 1421 1552 homiliam
1473 1497 1716 1550 eamdem
1759 1511 1879 1552 esse

298 1604 475 1658 quam
525 1587 582 1641 8.
622 1587 986 1660 Hieronymus
1038 1589 1176 1642 inter
1224 1589 1333 1644 divi
1387 1587 1659 1659 Hippolyti
1717 1605 1877 1658 opera

305 1681 413 1733 hoc
444 1680 546 1733 sub
570 1681 726 1733 titulo
751 1681 1031 1734 denotavit
1065 1699 1078 1733 :
1108 1679 1347 1733 Homilia
1387 1680 1593 1735 scilicet
1623 1681 1686 1734 de
1726 1680 1882 1733 laude

302 1769 636 1825 Saluatoris.
673 1770 873 1825 Verum
924 1771 978 1824 in
1029 1771 1253 1842 prmfata
1287 1771 1510 1825 homilia
1543 1788 1648 1825 non
1684 1771 1880 1841 legitur

303 1863 464 1928 illud,
527 1863 673 1933 quod
741 1864 804 1918 D.
857 1861 1216 1934 Hieronymus
1267 1863 1564 1933 subjungit,
1619 1864 1873 1917 nimirum

307 1964 567 2012 sanctum
616 1965 862 2010 nostrum
912 1955 965 2008 in
1011 1955 1294 2025 praesentia
1327 1955 1572 2024 Origenis
1629 1956 1876 2010 eamdem

304 2049 718 2118 pronuntiasse.
749 2047 1004 2102 Fatemur
1031 2046 1274 2117 quidem,
1329 2048 1472 2116 quod
1507 2047 1571 2102 ad
1595 2047 1880 2103 dilliculta—

303 2148 419 2194 tem
457 2139 602 2192 hanc
625 2138 995 2193 extricandam
1049 2138 1270 2208 quidam
1315 2138 1630 2201 obtendant,
1679 2137 1879 2193 factum

306 2232 416 2286 hoc
441 2229 542 2285 abs
571 2229 634 2285 Ι).
667 2228 998 2300 Hieronymo
1055 2230 1329 2299 proditum
1375 2245 1584 2284 merum
1633 2245 1753 2285 esse
1796 2246 1882 2286 er-

306 2308 494 2375 rarem
517 2336 588 2376 ex
622 2321 762 2375 male
792 2321 1061 2375 intellecto
1109 2323 1284 2390 capite
1318 2322 1387 2375 25
1428 2322 1550 2375 libri
1600 2337 1652 2376 vt
1709 2321 1882 2377 Eusc—

309 2413 387 2466 bii
412 2421 661 2479 enatum,
693 2427 969 2482 quemque
991 2412 1278 2467 clarissimi
1305 2414 1406 2467 viri
1444 2413 1670 2469 Huetius
1700 2423 1753 2468 et
1779 2414 1884 2467 \‘a—

310 2503 487 2558 lesius
532 2504 858 2558 refdtarunt.
921 2503 1120 2559 Verum
1178 2506 1282 2559 hoc
1327 2520 1437 2559 non
1496 2515 1605 2560 tam
1651 2517 1882 2568 certum,

242 2631 248 2635 -
310 2595 774 2664 quemadmodum
805 2596 1130 2660 vcnditatur,
1157 2597 1462 2650 habendum
1487 2607 1587 2653 est.
1607 2598 1883 2668 Siquidem

313 2683 684 2763 Hieronymus
711 2686 798 2740 hic
825 2703 931 2740 non
962 2688 1258 2742 secundum
1291 2688 1582 2743 Eusebium
1625 2689 1884 2758 loquitur.

317 2774 436 2842 lpse
468 2777 614 2829 enim
644 2777 709 2829 de
743 2776 897 2831 libris
934 2793 963 2830 a
989 2779 1166 2847 seipso
1201 2780 1353 2833 lectis
1373 2779 1623 2845 disserit;
1655 2795 1889 2849 quaproo

316 2876 440 2935 pter
468 2867 839 2922 verosimilius
868 2869 981 2922 haec
1019 2871 1116 2923 abs
1167 2879 1356 2924 sancto
1411 2871 1631 2925 doctore
1674 2871 1889 2926 laudata

319 2956 550 3010 homilia
578 2972 701 3012 cum
756 2959 1004 3027 pluribus
1050 2959 1170 3013 aliis
1215 2961 1459 3028 ejusdem
1519 2961 1758 3016 auctoris
1811 2963 1892 3016 in-

311 3046 508 3114 teriit,
586 3049 1044 3119 quemadmodum
1123 3051 1284 3120 paulo
1364 3051 1592 3107 inferius
1669 3051 1889 3107 docebi-

314 3152 463 3193 mus.

843 3229 1240 3287 ARTICULUS
1271 3231 1361 3286 lX.

604 3357 671 3397 DE
703 3358 904 3399 CANONE
926 3363 1176 3402 PASCHALI
1219 3364 1264 3403 S.
1309 3365 1610 3404 HIPPOLYTI.

323 3433 353 3500 ᾗ
393 3431 435 3485 l.
463 3432 525 3487 S.
561 3432 839 3506 Hippolyti
863 3437 1046 3510 Conon
1078 3457 1169 3492 seu
1216 3439 1404 3510 Cyclas
1445 3441 1721 3498 Paschalis
1755 3452 1891 3497 inte-

781 3524 871 3577 gre
896 3509 1134 3563 inuentus
1169 3509 1271 3564 an.’
1296 3511 1454 3565 1551.

395 3594 668 3651 Canonem
714 3597 1036 3665 paschalem,
1091 3617 1186 3656 seu
1243 3601 1461 3671 Cyclum
1509 3604 1826 3673 paschalem,
1863 3620 1894 3658 a

323 3686 386 3741 8.
424 3685 716 3760 Hippolyto
753 3691 1138 3759 compositum,
1185 3693 1344 3762 cujus
1369 3695 1658 3751 Anatolius
1692 3694 1892 3751 Laodi-

323 3781 512 3835 censis
547 3781 685 3850 (88),
721 3781 988 3838 Eusebius
1041 3784 1154 3855 (89)
1189 3793 1243 3840 et
1295 3785 1353 3840 8.
1398 3785 1757 3858 Hieronymus
1785 3788 1895 3859 (90)

324 3872 720 3935 meminerunt,
747 3872 945 3929 Graece
990 3883 1046 3928 et
1090 3874 1281 3930 Latine
1314 3878 1606 3946 interprete
1641 3879 1896 3934 eruditis-

325 3963 471 4019 simo
519 3963 816 4021 Francisco
868 3966 1204 4034 Blanchinio,
1239 3969 1492 4038 notisque
1535 3969 1735 4040 Egidii
1792 3969 1898 4025 Bu-

326 4056 504 4111 cherii
531 4066 586 4111 et
615 4058 848 4112 aliorum
883 4060 1125 4114 virorum
1170 4061 1611 4117 doctissimorum
1654 4063 1898 4118 illustra-

328 4153 467 4209 tum,
495 4144 688 4200 ultimo
719 4147 934 4201 tandem
976 4148 1115 4212 loco,
1168 4149 1293 4204 licet
1329 4151 1400 4205 ob
1447 4167 1600 4206 suam
1633 4161 1899 4221 praestan-

327 4236 462 4289 tiam
496 4244 550 4289 et
585 4237 948 4305 integritatem
999 4238 1138 4292 inter
1159 4237 1478 4309 Hippolytea
1531 4241 1705 4309 primo
1734 4242 1900 4297 collo—

327 4327 542 4382 candus
563 4337 711 4382 esset
737 4327 879 4392 loco,
913 4344 1282 4384 recensemus.
1325 4329 1565 4384 Perierat
1593 4332 1694 4386 iste
1719 4331 1902 4387 Canon

328 4435 456 4474 cum
492 4419 705 4474 caeteris
769 4420 1010 4489 ejusdem
1048 4419 1317 4492 Hippolyti
1361 4424 1749 4489 monumentis,
1801 4441 1900 4480 nec

1974 579 2031 634 S.
2055 578 2330 632 Laurentii
2359 575 2426 630 ad
2455 573 2651 628 Urbem
2682 589 2711 628 e
2742 571 3017 628 memoriae
3063 569 3332 640 Hippolyti
3383 568 3528 622 anti-

1971 686 2090 740 qua:
2122 668 2412 723 ruderibus
2441 665 2637 722 effossa
2672 665 2872 736 prodiit
2907 664 3128 733 antiqua
3183 677 3213 715 e
3255 675 3529 715 marmore

1973 771 2170 824 statua,
2229 761 2366 816 solio
2425 758 2697 824 insidens,
2756 755 2958 812 Graecis
3028 755 3282 822 utrinque
3337 751 3532 805 litteris

1974 853 2250 922 inscripta.
2293 851 2510 905 Litterae
2547 851 2601 903 in
2637 849 2781 904 binis
2834 848 3104 903 cathedrae
3136 844 3412 900 laterculis
3436 858 3532 914 cy-

1973 947 2088 1000 clos
2144 943 2426 1014 paschales
2497 955 2764 996 annorum
2823 937 3095 994 sexdecim
3171 935 3532 997 exhibebant;

1975 1045 2290 1105 quartarum
2307 1033 2643 1088 decimarum
2664 1031 2875 1095 dextro,
2892 1027 3296 1083 Dominicarum
3315 1025 3538 1095 pascha-

1975 1127 2108 1181 lium
2167 1126 2410 1190 sinistro,
2463 1133 2727 1192 utrosque
2764 1129 2982 1176 centum
3037 1117 3324 1172 duodecim
3377 1115 3536 1170 annis

1977 1217 2273 1270 universim
2329 1213 2775 1283 comprehensos,
2838 1226 2946 1280 qua
2995 1222 3265 1262 annorum
3310 1203 3536 1274 periodo

1978 1310 2144 1363 ferias
2176 1308 2394 1363 easdem
2421 1308 2475 1360 in
2499 1307 2682 1360 orbem
2713 1303 2889 1358 redire
2934 1300 3162 1356 credidit
3196 1297 3534 1368 Hippolytus.

1979 1399 2095 1454 Non
2120 1410 2238 1454 erat
2269 1398 2488 1468 quidem
2517 1409 2837 1465 expressum
2896 1392 3167 1462 Hippolyti
3195 1404 3415 1449 nomen,
3444 1386 3537 1442 sed

1981 1490 2138 1545 facile
2170 1491 2286 1560 ipsa
2314 1486 2864 1544 heccaedecaetcridos
2888 1483 3161 1546 methodo,
3193 1491 3249 1536 et
3277 1480 3539 1534 librorum

1980 1580 2254 1646 lemmate,
2315 1577 2462 1648 quod
2516 1577 2766 1631 dextrum
2824 1573 3142 1628 laterculum
3195 1569 3537 1631 continebat,

1985 1674 2258 1744 proditum
2299 1681 2415 1737 est;
2445 1684 2634 1724 eorum
2664 1668 2808 1721 enim
2849 1665 3093 1721 omnium
3126 1675 3402 1718 auctorem
3432 1659 3540 1712 Eu-

1983 1765 2191 1828 sebius,
2225 1762 2603 1831 Hieronymus,
2631 1758 2830 1827 aliique
2857 1755 3201 1826 Hippolytum
3228 1753 3543 1822 episcopum

1979 1856 2204 1912 iaciunt.
2234 1855 2366 1908 Tam
2391 1853 2618 1915 illustre,
2644 1859 2756 1903 tam
2783 1865 2966 1903 rarum
2988 1846 3274 1918 primitivae
3295 1843 3547 1898 Ecclesia:

1979 1957 2394 2004 monumentum
2425 1943 2679 1999 Marcello
2708 1943 2943 1997 Cervino
2979 1951 3112 1995 tunc
3139 1938 3197 1994 8.
3234 1937 3298 1991 li.
3333 1936 3394 1989 E.
3421 1951 3546 1990 car-

1979 2038 2172 2101 dinali,
2196 2044 2386 2106 postea
2413 2035 2576 2089 etiam
2605 2033 2848 2101 ejusdem
2877 2028 3117 2084 nominis
3163 2041 3314 2098 papae
3360 2022 3427 2084 ll,
3461 2023 3548 2077 di-

1982 2128 2310 2198 gnissimum
2344 2127 2523 2180 visum
2557 2121 2703 2191 quod
2736 2120 2961 2175 Romam
3003 2120 3125 2173 inde
3169 2115 3470 2172 deferretur
3497 2121 3552 2167 et

1981 2222 2035 2276 in
2074 2220 2328 2274 Vaticana
2385 2218 2708 2272 bibliotheca
2757 2214 3112 2272 conderetur;
3144 2209 3312 2264 edidit
3359 2207 3552 2261 deinde

1983 2313 2190 2375 Graece,
2216 2318 2278 2364 ut
2298 2319 2438 2372 erat,
2489 2323 2610 2361 cum
2663 2303 2902 2373 antiquis
2955 2302 3070 2356 suis
3106 2295 3552 2366 inscriptionibus

1984 2403 2285 2467 Gruterus;
2351 2399 2588 2464 Scaliger
2644 2396 2806 2449 etiam
2862 2393 3004 2447 notis
3041 2388 3351 2444 illustravit.
3415 2384 3548 2454 Ego,

1930 2498 1945 2504 “
1985 2495 2163 2564 inquit
2215 2490 2551 2553 Eucherius,
2599 2489 2682 2540 hic
2736 2485 2923 2539 Latine
2980 2481 3208 2552 ﬁdeliter
3264 2477 3551 2541 redditum,

1986 2604 2088 2641 non
2116 2596 2222 2640 tam
2268 2585 2330 2638 de
2384 2598 2512 2636 novo
2565 2580 2848 2648 explicare,
2902 2591 3058 2646 quam
3087 2571 3421 2643 paschalibus
3458 2566 3552 2620 Vi-

1988 2678 2143 2732 ctorii
2192 2675 2362 2730 nostri
2417 2671 2831 2737 Latinorumque
2900 2667 3190 2736 primorum
3258 2658 3552 2714 rationibus

1990 2769 2331 2838 conformem,
2383 2765 2565 2834 paucis
2622 2761 2889 2815 ostendere
2947 2754 3216 2811 constitui.
3279 2750 3554 2806 Hactenus

1989 2859 2338 2916 doctissimus
2369 2855 2618 2927 Egidius
2645 2850 2944 2906 Bucherius
2967 2847 3101 2919 (9|).

2065 2970 2175 3026 Hos
2221 2977 2401 3024 autem
2456 2966 2613 3020 binos
2657 2961 3077 3019 sexdecennales
3109 2971 3345 3012 canones
3383 2954 3436 3007 in
3465 2969 3556 3008 ea-

1991 3060 2112 3116 dem
2145 3059 2403 3113 cathedra
2452 3055 2662 3125 lapidea
2711 3052 3009 3120 iusculptos
3065 3048 3254 3110 fuisse,
3290 3061 3396 3100 non
3449 3060 3555 3098 una

1921 3157 1963 3212 C
1997 3155 2157 3223 plane
2207 3152 2349 3207 ratio
2391 3149 2601 3215 suadet,
2652 3157 2714 3202 ut
2767 3155 2910 3201 recte
2949 3141 3332 3198 animadvertit
3384 3137 3449 3192 ν.
3492 3138 3552 3192 (Ξ.

1994 3241 2232 3298 Joannes
2263 3241 2545 3312 Vignolius
2580 3238 2714 3308 (92).
2767 3237 2891 3290 Prae
2942 3234 3165 3296 ca'teris,
3209 3229 3403 3300 inquit,
3440 3243 3558 3298 qua

1993 3335 2104 3405 ejus
2153 3333 2385 3388 creditur
2407 3341 2618 3394 statua;
2673 3345 2830 3399 quant
2855 3337 2910 3380 ut
2952 3325 3116 3379 eidem
3167 3323 3338 3376 adhuc
3371 3321 3558 3374 viventi

1992 3428 2218 3497 positam
2250 3424 2629 3487 existimemus,
2660 3436 2764 3474 non
2815 3418 2960 3471 illitts
3004 3417 3100 3470 aevi
3153 3413 3367 3466 humilis
3403 3409 3555 3465 Chri-

1994 3519 2290 3572 stianorum
2328 3513 2581 3578 conditio,
2626 3527 2786 3581 neque
2818 3509 2984 3579 ipsius
3025 3507 3124 3561 viri
3155 3506 3409 3559 sanctitas
3441 3517 3556 3555 om-

1995 3611 2122 3663 nino
2143 3608 2257 3677 pati
2297 3606 2522 3661 videtur.
2551 3605 2719 3674 Atque
2742 3603 2854 3671 ejus
2883 3601 3070 3654 deinde
3101 3599 3355 3651 librorum
3393 3594 3568 3659 tituli,

1996 3715 2216 3770 quorum
2267 3699 2325 3751 in
2361 3697 2597 3766 margine
2664 3694 2927 3748 cathedra:
2976 3691 3168 3744 mentio
3220 3696 3424 3750 exstat;
3473 3687 3570 3756 qui?

1999 3790 2207 3844 nonnisi
2236 3795 2352 3858 post
2373 3787 2522 3840 illius
2569 3785 2768 3840 obitum
2797 3783 2861 3837 ab
2904 3781 3009 3835 alio
3033 3781 3258 3848 appositi
3285 3779 3447 3847 fuisse
3488 3777 3568 3830 vi-

1996 3881 2208 3947 dentur,
2238 3888 2300 3933 ut
2345 3879 2401 3933 in
2447 3879 2612 3947 ipsius
2660 3877 2904 3929 honorem
2955 3873 3264 3941 laudemque
3307 3869 3561 3923 cederent.

2000 3969 2154 4033 Quod
2187 3983 2305 4021 cum
2353 3969 2432 4020 ita
2466 3967 2556 4031 sit,
2614 3963 2896 4019 verisimile
2937 3961 3219 4015 admodum
3266 3976 3376 4013 esse
3422 3974 3559 4017 reor.

2001 4061 2205 4130 aliquid
2254 4061 2311 4113 in
2335 4060 2515 4113 eodem
2565 4073 2763 4111 canone
2820 4055 3159 4109 commissum
3193 4053 3373 4121 fuisse,
3427 4051 3563 4120 quod

2001 4151 2148 4203 nullo
2176 4159 2331 4220 pacto
2353 4157 2536 4202 sancto
2568 4145 2855 4215 Hippolyto
2883 4153 2961 4197 est
2985 4141 3372 4197 ascribendum.
3410 4139 3563 4193 Non-

2002 4243 2149 4295 nulla
2177 4243 2278 4296 riri
2307 4240 2602 4294 doctissimi
2643 4240 2760 4308 jam
2796 4245 3184 4306 prwnotarunt,
3217 4250 3333 4304 qua:
3369 4235 3564 4304 partim

2001 4333 2283 4403 sculptoris
2332 4333 2622 4397 inscitiam,
2673 4331 2872 4399 partim
2906 4328 3125 4381 alterius
3171 4327 3434 4380 incuriam
3472 4343 3566 4377 ar-

2003 4437 2189 4496 guunt.
2219 4425 2480 4480 Ceterum
2535 4437 2785 4476 canonent
2816 4418 3210 4490 Hippolyteum,
3256 4427 3373 4487 post
3421 4416 3570 4471 Iose-

327 4511 454 4580 ejus
483 4513 782 4580 Quidquam
816 4521 1012 4580 praeter
1041 4528 1237 4566 nomen
1272 4522 1591 4582 supererat;
1627 4531 1750 4569 cum
1778 4532 1902 4572 ecce
1935 4493 1979 4547 Β
2003 4493 2159 4588 phum
2195 4515 2522 4585 Scaligerum
2577 4513 2712 4583 (93),
2753 4513 3068 4582 Dionysium
3131 4510 3404 4564 Petavium
3451 4508 3565 4579 (94)

329 4605 478 4657 bono
505 4603 624 4668 Dei,
651 4611 706 4657 et
742 4618 938 4668 magna
967 4605 1305 4658 eruditorum
1339 4605 1582 4659 omnium
1607 4607 1814 4673 laetitia,
1847 4620 1905 4664 ut
2004 4620 2052 4665 et
2079 4609 2356 4680 zEgidium
2397 4606 2716 4662 Eucherium
2768 4604 2900 4673 (95),
2923 4603 3020 4656 alii
3068 4618 3269 4672 quoque
3323 4601 3569 4653 recentio-

329 4696 623 4764 Baronius,
677 4697 937 4770 Scaliger,
1001 4699 1375 4770 Gruterusque
1426 4711 1716 4769 testantur,
1764 4720 1906 4758 anno
2007 4719 2086 4757 res
2137 4701 2270 4770 (96),
2323 4709 2378 4753 at
2426 4699 2653 4752 maxime
2713 4697 2946 4750 omnium
3007 4694 3070 4749 V.
3123 4693 3186 4750 C.
3245 4691 3565 4746 Franciscus

404 4811 520 4882 (86)
579 4811 736 4866 Remi
771 4813 1027 4884 rCeillicr,
1090 4815 1231 4869 Hist.
1288 4816 1462 4884 génér.
1523 4819 1612 4870 des
1667 4827 1902 4878 auteurs,

332 4893 468 4937 tom.
507 4885 569 4948 Il,
607 4899 729 4953 pag.
767 4883 892 4939 529.

403 4953 697 5026 (87_)_I_Iist.
745 4953 850 5007 litt.
905 4955 968 5008 de
1023 4953 1078 5007 la
1116 4953 1342 5020 France,
1401 4964 1535 5009 tom.
1600 4957 1644 5022 l,
1686 4965 1826 5026 part.
1861 4973 1899 5022 ι,

2006 4830 2128 4884 pag.
2155 4812 2249 4864 721
2289 4821 2340 4865 et
2369 4826 2517 4932 seqz.
3132 4875 3142 4886 .

2082 4883 2194 4932 (SM)
2226 4880 2431 4932 Petav..
2513 4896 2538 4932 e
2567 4879 2811 4932 doctrina
2841 4889 3085 4932 tempor..
3109 4875 3142 4928 lt

2082 4875 2194 4952 (97s)
2220 4875 2538 4952 Ρεωνηόθ
2567 4879 2811 4952 doctrina
2841 4889 3085 4947 tempor.,
3109 4875 3204 4929 lib.
3229 4892 3290 4940 ιι,
3314 4890 3435 4945 pag.
3466 4876 3560 4929 61.

2081 4949 2193 5022 (9'0)
2219 4950 2474 5022 Bucher.,
2494 4951 2597 5022 lo_c.
2633 4949 2726 5022 cit.

329 5012 456 5092 μὲι
483 5022 609 5077 570-
1328 5012 1340 5020 ’
1576 5037 1581 5042 ·
1631 5012 1643 5022 ’
1689 5012 1704 5026 ³
1887 5012 1899 5022 ’
2080 5012 2194 5092 (96)
2221 5019 2322 5092 .lo.
2340 5012 2494 5074 Dom.
2521 5019 2782 5092 (lassinus
2811 5019 2864 5070 in
2889 5014 3366 5092 academiaﬁegia
3387 5012 3562 5092 Paris.

407 5083 552 5165 ("373),
586 5093 801 5147 Anatol.
866 5092 1033 5148 Laod.
1079 5096 1270 5165 episc.,
1308 5094 1518 5165 praefat.
1577 5095 1645 5150 ad
1702 5093 1905 5151 Canon~
2011 5083 2156 5148 anno
2175 5083 2328 5145 ’1696
2367 5089 2866 5165 animadversiones
2901 5103 3029 5165 suas
3090 5083 3569 5165 in_l_lippo|yti£a-

329 5151 575 5231 Ραέεθάιίο
1113 5151 1126 5165 ⁸
1258 5151 1269 5160 ’
1310 5151 1325 5165 ⁸
2012 5178 2196 5217 nonem
2217 5178 2248 5215 e
2277 5162 2478 5231 scripto
2504 5159 2770 5231 recitavit,
2792 5159 2866 5231 de
2883 5158 3083 5231 quibus
3115 5151 3427 5231 vide—Joan‘.
3464 5151 3566 5231 Ba-

407 5231 521 5303 (89)
556 5231 778 5303 Euseb"
806 5234 900 5286 lib.
933 5250 984 5286 νι
1026 5233 1094 5287 H.
1134 5234 1223 5296 Ε..
1255 5249 1373 5303 cap.
1407 5234 1498 5288 22.

407 5300 892 5374 (90)_Hieronym.
929 5306 982 5358 in
1019 5304 1261 5374 Catalog.
1322 5300 1386 5358 de
1457 5306 1640 5374 script.
1684 5306 1868 5359 eccles.
1894 5347 1909 5371 ,

332 5371 842 5509 “fi-iiglhucher"
884 5442 957 5497 De
1004 5445 1170 5497 doctr.
1210 5454 1454 5513 tempor.,
1508 5459 1626 5512 par.
1681 5444 1812 5508 292,
1855 5445 1909 5497 in

333 5512 734 5594 commentario
769 5527 869 5566 suo
919 5515 994 5568 ad-
1045 5512 1318 5569 Cononem
1350 5514 1649 5583 paschalem
1678 5513 1904 5568 Victorii

334 5581 825 5720 Aq(l£'i|2u)""\lignol.,
869 5652 1154 5708 Dissertat.
1195 5654 1262 5709 de
1303 5668 1448 5709 anno
1489 5667 1504 5705 ι
1541 5651 1727 5708 Severi
1784 5653 1908 5707 Ale-

338 5721 558 5790 landri,
589 5737 717 5790 pag.
759 5724 848 5777 94,
1519 5739 1522 5746 .
1558 5738 1575 5746 ..

411 5789 522 5859 (93)
578 5789 864 5863 Scaliger.,
922 5791 999 5847 De
1047 5792 1305 5848 emendat.
1359 5803 1598 5863 tempor.,
1658 5792 1751 5846 lib.
1810 5802 1904 5855 vn,

2011 5235 2229 5302 ptistam
2257 5231 2328 5302 du
2355 5222 2545 5302 Hamel
2573 5229 2628 5282 in
2675 5227 2850 5302 Regia;
2901 5222 3239 5302 scientiarum
3268 5222 3566 5302 academite

2013 5292 2280 5364 'Ilistoria,
2313 5301 2405 5354 lib.
2465 5315 2538 5363 tv,
2595 5313 2713 5367 pag.
2751 5292 2858 5350 lli
2905 5292 3564 5367 seq.AAdenndusetiam

2012 5362 2270 5426 Norisius
2291 5362 2567 5424 disset‘tat.
2591 5362 2626 5420 2
2666 5362 2754 5420 ’Βε
2793 5366 2998 5434 epochis
3030 5362 3564 5434 Syro-Macedonum,

2010 5459 2064 5511 p.
2102 5441 2379 5511 ii7-il9;
2418 5440 2684 5511 Antonius
2730 5432 3311 5511 PagiﬁCrit.;_Annal.
3347 5432 3567 5511 Baronti

2011 5502 2077 5566 ad
2111 5527 2309 5564 annum
2339 5510 2466 5570 222,
2501 5517 2556 5562 et
2599 5502 2830 5560 Samuel
2868 5504 3168 5571 Basnagius
3201 5504 3267 5557 ad
3317 5502 3564 5558 eumdem

2011 5596 2248 5643 annum;
2307 5578 2523 5632 Samuel
2569 5576 2806 5638 Petitus;
2852 5572 3157 5642 Stephanus
3195 5575 3244 5627 le
3274 5574 3485 5644 Moyne,
3517 5579 3571 5622 et

2011 5651 2462 5720 praeclarissimus
2496 5646 2836 5720 Stephanus
2871 5644 3154 5720 ‘Evodius
3235 5645 3570 5720 Assemanus

2013 5711 2449 5788 archiepiscopus
2480 5711 2754 5784 Apameae,
2871 5712 3188 5788 gradatione
3234 5712 3469 5788 generali
3497 5711 3564 5763 ad

2011 5781 2325 5859 Catulo-gum
2355 5781 2602 5841 codicum
2627 5799 2748 5837 mss.
2780 5781 3102 5844 bibliotheca:
3141 5783 3426 5838 Vaticana.
