4034 6418
516 356 614 412 311

1498 357 1585 412 DE
1628 357 1786 413 VITA
1821 357 1910 413 ET
1947 358 2258 413 SCRIPTIS
2293 359 2350 413 S.
2395 356 2776 414 l-HPPOLYTI.

3651 355 3758 407 31‘!

517 475 863 531 Blanchinius
895 477 1031 544 (97).
1085 478 1373 532 luculenter
1407 480 1764 531 illustrarunt.
1816 477 2087 532 Hactenus
2117 484 2159 536 Α
2190 488 2382 547 quarta
2404 479 2615 532 decima
2639 478 2766 531 luna
2789 449 3005 530 evenire
3032 471 3236 540 possit;
3266 469 3544 524 revolutio
3567 471 3763 523 sexde-

519 567 766 621 eru’ditus
798 566 1101 638 Vignolius.

588 660 944 715 Occasionem
975 661 1246 715 scribendi
1279 660 1510 714 Cononis
1539 661 1652 716 sive
1699 661 2087 731 Cyclipasclra—

521 751 611 812 lis,
683 752 868 820 judice
928 751 1169 820 Basnage
1223 752 1367 817 (98),
1429 752 1518 806 cui
1570 752 1863 807 subscribit
1932 751 2084 804 Hemi

517 843 737 897 Ceillier
771 844 906 910 (99),
930 843 1160 913 praebuit
1186 840 1243 896 S.
1278 841 1563 913 Hippolyto
1615 843 1980 898 controversia
2005 843 2089 894 in-

516 945 600 989 ter
626 935 919 997 Ecclesias,
969 934 1036 988 de
1088 933 1176 988 die
1230 934 1539 988 celebrandi
1571 933 1855 988 Paschatis
1899 933 1990 988 diu
2021 950 2086 988 ea

517 1029 930 1095 attateagitata,
961 1027 1106 1093 quod
1132 1027 1258 1080 luna
1292 1027 1502 1080 decima
1531 1035 1725 1096 quarta
1777 1025 2003 1089 mensis,
2032 1025 2085 1077 in

522 1135 904 1188 quemcunque
930 1121 1149 1174 demum
1204 1119 1560 1173 hebdomadis
1605 1118 1747 1171 diem
1804 1118 2084 1178 incideret,

516 1222 667 1260 more
718 1204 944 1261 Judaico
995 1206 1182 1260 Asiani
1237 1207 1632 1261 celebrabant:
1691 1221 1812 1260 cum
1867 1216 2085 1259 econtra

517 1293 711 1349 Latina
743 1295 986 1351 Ecclesia
1014 1313 1138 1351 cum
1179 1297 1301 1351 aliis
1350 1297 1607 1351 omnibus
1651 1295 1908 1351 Ecclesiis
1942 1295 2082 1349 diem

516 1384 860 1440 Dominicum
887 1388 1054 1442 ﬁxum
1081 1388 1364 1442 baberent.

589 1477 858 1533 Caeterum
894 1479 1032 1533 bene
1071 1480 1363 1534 observant
1421 1478 1654 1532 Maurini
1701 1477 1896 1542 nostri,
1940 1478 2084 1530 hunc

514 1571 724 1640 cyclum
754 1571 1027 1626 sexdecim
1057 1586 1323 1625 annorum
1356 1580 1562 1640 partem
1593 1577 1921 1624 constituere
1949 1568 2084 1622 duo-

515 1679 636 1716 rum
682 1665 766 1718 vel
799 1664 962 1718 trium
1017 1664 1248 1718 aliorum
1298 1663 1684 1732 opusculorum
1726 1659 1783 1712 S.
1816 1658 2080 1732 Hippolyti

513 1751 581 1806 de
601 1751 869 1807 Paschate
919 1751 1021 1821 (ι),
1069 1753 1137 1807 de
1187 1752 1387 1821 quibus
1433 1752 1595 1820 paulo
1637 1751 1863 1805 inferius
1904 1767 2082 1806 sermo

515 1844 732 1898 redibit.
763 1843 839 1898 Ex
873 1843 1093 1898 Eusebii
1131 1858 1350 1912 quoque
1379 1844 1558 1897 verbis
1590 1845 1944 1911 sequentibus
1965 1842 2078 1910 (:2):

517 1935 718 1989 Eodem
749 1945 976 2004 tempore
996 1944 1045 1987 et
1081 1933 1401 2004 Hippolytus
1432 1934 1570 1987 inter
1603 1934 1834 2002 plurima
1855 1934 1965 1986 alia
1996 1935 2078 1986 in-

516 2029 654 2098 genii
691 2029 772 2081 sui
808 2037 1139 2081 monumenta
1181 2027 1374 2081 librum
1416 2027 1480 2080 de
1506 2026 1717 2081 Pascha
1751 2027 2079 2095 composuit;

516 2122 572 2174 in
600 2137 701 2190 quo
730 2130 1020 2189 temporum
1041 2121 1228 2174 seriem
1268 2120 1583 2182 describens,
1615 2134 1864 2172 canonem
1906 2135 2081 2188 quem-

515 2213 640 2264 dam
691 2212 990 2281 paschalem
1042 2228 1133 2280 per
1181 2212 1440 2265 sexdecim
1492 2226 1752 2264 annorum
1801 2209 2079 2262 circuitum

514 2304 780 2370 exhibens,
806 2320 945 2357 anno
968 2305 1138 2371 primo
1191 2303 1522 2371 imperatoris
1552 2301 1842 2356 Alexandri
1869 2317 2082 2368 compu-

517 2395 765 2448 tationem
797 2404 1085 2462 temporum
1117 2393 1498 2446 circumscribit
1525 2408 1543 2456 ;
1592 2392 1704 2462 jam
1735 2391 1952 2458 collegit
1984 2390 2081 2443 do-

517 2485 800 2539 ctissimus
849 2484 1136 2538 Fabricius
1188 2484 1290 2556 (5),
1357 2483 1481 2538 inde
1525 2498 1788 2552 apparere
1814 2481 2078 2535 Cononem

516 2581 663 2634 hunc
694 2579 866 2634 fuisse
894 2578 1195 2633 clausulam
1251 2578 1432 2647 operis
1470 2574 1548 2629 De
1574 2574 1856 2637 Paschate,
1891 2575 1944 2628 iu
1972 2589 2083 2642 quo

513 2681 757 2742 tempora
795 2670 1120 2742 Hippolytus
1168 2671 1470 2740 digesserat
1513 2683 1688 2737 usque
1739 2667 1806 2720 ad
1845 2666 2080 2736 primum

514 2763 1057 2818 Alexandri-Severi
1089 2778 1338 2823 annum,
1394 2779 1423 2814 a
1480 2775 1591 2830 quo
1636 2760 1816 2814 Cancri
1872 2757 2079 2826 incipit.

512 2855 658 2910 Idem
687 2856 745 2910 S.
779 2856 1051 2926 Hippolyti
1079 2855 1286 2926 cyclus,
1338 2861 1477 2908 teste
1510 2851 1574 2906 [Ι.
1622 2850 1951 2921 Hieronymo
1983 2849 2080 2918 (4),

478 2943 858 3003 occasionem
922 2947 1152 3017 praebuit
1200 2945 1434 3001 Eusebio
1491 2944 1656 2998 alium
1713 2942 2082 2998 novemdecim

513 3057 781 3096 annorum
807 3040 1146 3096 conficiendi.
1173 3037 1460 3092 Anatolius
1505 3034 1846 3090 Laodicenus
1876 3033 2087 3102 episco-

2189 571 2295 622 cim
2328 586 2596 624 annorum
2633 569 2832 637 septies
2891 567 2945 618 in
2980 580 3038 619 se
3088 565 3271 626 ducta,
3315 563 3654 616 determinat
3684 560 3764 614 fe-

2188 672 2333 716 stum
2367 662 2652 716 Paschalis
2698 676 2796 730 pro
2826 669 3042 713 centum
3074 667 3128 711 et
3172 656 3461 710 duodecim
3489 654 3676 717 annis,
3709 653 3761 706 id

2191 763 2273 806 est
2305 768 2336 808 a
2382 754 2558 822 ptimo
2588 767 2732 806 anno
2759 751 3049 804 Alexandri
3108 747 3314 811 Severi,
3352 746 3450 815 qui
3504 746 3763 812 congruit

2187 861 2308 899 cum
2345 861 2493 900 anno
2515 845 2620 898 222
2645 843 2774 897 Jesu
2820 843 3044 908 Christi,
3078 857 3252 910 usque
3282 839 3348 894 ad
3383 853 3596 892 annum
3633 836 3759 890 555.

2188 936 2263 990 Ex
2297 938 2455 992 titulo
2499 937 2726 991 exordio
2801 935 2950 1006 Cycli
3001 932 3266 1004 paschalis
3323 930 3555 999 przetixo
3608 939 3762 981 extra

2186 1029 2544 1084 dubitationis
2569 1029 2740 1082 aleam
2772 1037 2993 1096 ponttur
3023 1025 3236 1080 initium
3270 1022 3486 1091 imperii
3515 1021 3760 1074 Alexan-

2186 1118 2268 1171 dri
2315 1117 2501 1172 Severi
2553 1133 2697 1171 anno
2747 1117 2875 1180 222,
2924 1132 2989 1171 ex
3027 1132 3137 1186 quo
3181 1113 3570 1184 potentissimo
3595 1126 3760 1180 argu-

2187 1216 2366 1261 mento
2399 1206 2619 1260 Baronii
2677 1206 3033 1275 chronologia
3077 1212 3133 1258 et
3180 1201 3453 1270 Onuphrii
3490 1199 3762 1253 refellitur

2185 1309 2345 1367 atque
2378 1299 2692 1367 corrigitur.
2746 1297 2839 1352 Ille
2891 1313 3015 1352 cum
3060 1312 3205 1350 anno
3249 1293 3471 1348 Domini
3507 1292 3639 1356 224,
3670 1290 3760 1345 hic

2183 1405 2306 1442 cum
2335 1389 2441 1443 225
2471 1390 2707 1457 primum
2753 1389 3045 1442 Alexandri
3094 1387 3332 1456 copulat.
3362 1383 3486 1438 Jam
3520 1396 3652 1436 vero
3702 1382 3756 1435 in

2185 1477 2362 1544 primo
2417 1478 2712 1533 Alexandri
2771 1479 3113 1547 imperatoris
3158 1492 3326 1540 anno,
3354 1475 3565 1544 Aprilis
3611 1474 3759 1528 deci-

2186 1584 2308 1623 mus
2349 1571 2542 1624 tertius
2576 1570 2726 1624 ferite
2772 1585 2848 1623 vn
2895 1570 3219 1635 coluerebat,
3274 1578 3414 1622 teste
3478 1565 3756 1637 Hippolyti

2185 1659 2417 1721 Canone,
2459 1676 2623 1724 quam
2660 1660 2862 1715 frustra
2894 1661 3085 1714 feriam
3129 1660 3429 1726 qmerimus
3465 1659 3613 1712 an'no
3645 1658 3758 1713 sive

2183 1752 2308 1817 225,
2340 1754 2454 1806 sive
2479 1753 2603 1806 223.
2641 1755 2767 1807 ldus
2817 1753 3026 1822 Apriles
3072 1752 3124 1805 in
3161 1753 3394 1820 primam
3447 1749 3644 1803 feriam
3677 1750 3758 1802 in-

2181 1845 2370 1898 cidunt
2403 1860 2548 1898 anno
2587 1844 2711 1910 225,
2743 1845 2871 1914 quia
2901 1845 3076 1898 littera
3109 1841 3470 1896 Dominicalis
3505 1840 3572 1907 E,
3621 1856 3752 1910 epa-

2181 1946 2266 1990 cta
2292 1937 2485 1990 solaris
2509 1937 2574 2000 5;
2603 1952 2747 1991 anno
2767 1951 2897 1990 vero
2917 1937 3043 1999 224,
3069 1937 3160 2005 qui
3185 1945 3269 1990 est
3289 1935 3613 1999 bissextilis,
3632 1933 3756 1987 ldus

2179 2027 2410 2096 Apriles,
2433 2029 2498 2082 ad
2531 2028 2721 2082 feriam
2773 2029 2986 2082 tertiam
3033 2030 3323 2098 pertinent,
3347 2028 3675 2097 jubentihus
3702 2037 3757 2079 et

2181 2121 2375 2174 litteris
2407 2120 2837 2175 Dominicalibus
2863 2119 2927 2183 D,
2963 2120 3027 2185 C,
3051 2131 3105 2175 et
3130 2122 3335 2191 epactis
3380 2121 3659 2175 solaribus
3698 2120 3756 2186 4,

2181 2211 2234 2264 5.
2268 2210 2333 2264 Et
2363 2227 2495 2266 sane
2520 2211 2578 2264 S.
2607 2209 2928 2281 Hippolytus
2964 2211 3172 2274 scribit.
3215 2211 3364 2281 quod
3400 2212 3583 2281 primo
3613 2226 3756 2264 anno

2182 2305 2396 2373 imperii
2428 2305 2718 2358 Alexandri
2756 2305 2884 2358 luna
2945 2305 3154 2358 decima
3189 2313 3384 2373 quarta
3423 2305 3480 2358 in
3517 2302 3754 2359 Sabbato

2181 2397 2490 2466 contigerit,
2525 2397 2617 2465 qui
2643 2394 2746 2449 fuit
2775 2397 2902 2451 ldus
2951 2396 3237 2464 Aprilium,
3283 2395 3332 2450 id
3382 2406 3468 2450 est
3507 2397 3756 2451 decimus

2182 2489 2374 2544 tertius
2399 2489 2602 2543 mensis
2626 2488 2827 2557 Aprilis
2854 2487 2952 2555 (8).
2982 2486 3100 2540 Jam
3124 2503 3253 2542 vero
3275 2496 3488 2541 certum
3524 2498 3610 2542 est
3629 2488 3753 2542 ldus

2180 2581 2471 2650 Aprilium,
2505 2595 2598 2634 seu
2637 2579 2908 2634 decimum
2947 2581 3165 2631 tertium
3203 2579 3367 2646 hujus
3405 2580 3614 2634 mensis
3643 2594 3752 2633 non

2183 2673 2442 2727 incidisse
2475 2673 2529 2725 in
2560 2670 2858 2726 Sabbatum
2892 2671 2996 2724 nisi
3033 2671 3193 2724 annis
3239 2669 3372 2732 216,
3404 2670 3517 2724 222
3543 2679 3599 2724 et
3625 2670 3751 2724 25L

2181 2763 2480 2820 Observato
2523 2763 2596 2818 ita
2650 2763 2875 2832 dignum
2939 2771 3021 2816 est
3080 2762 3133 2815 in
3185 2761 3289 2816 hac
3350 2763 3752 2830 inscriptione:

2184 2859 2237 2912 1ο
2265 2858 2414 2929 quod
2465 2856 2522 2912 S.
2573 2855 2894 2926 Hippolytus
2951 2855 3124 2923 primo
3183 2863 3307 2923 post
3357 2853 3651 2909 Paschalis
3681 2852 3757 2907 fe-

2183 2960 2327 3006 stum
2362 2949 2595 3020 primum
2629 2947 2908 3018 regimiuis
2935 2946 3229 3000 Alexandri
3291 2947 3524 3002 inchoet
3557 2961 3761 2999 annum

2185 3044 2261 3114 (9)
2289 3062 2303 3108 ;
2346 3044 2403 3097 2°
2429 3044 2573 3112 quod
2608 3042 2710 3096 hoc
2733 3056 2878 3095 anno
2907 3040 3108 3094 mensis
3153 3039 3354 3108 Aprilis
3394 3039 3564 3094 fuerit
3588 3039 3754 3093 inter-

514 3150 615 3202 pus
646 3133 701 3187 in
740 3132 932 3205 Syria,
980 3133 1077 3202 qui
1133 3131 1385 3186 eumdem
1443 3130 1653 3200 cyclum
1705 3127 2080 3198 Hippolyten!"
2110 3153 2151 3208 (ς
2185 3138 2382 3193 calaris
2441 3135 2595 3205 (l0);
2661 3135 2717 3186 5ο
2767 3134 2912 3204 quod
2960 3133 3121 3187 tinem
3164 3132 3436 3200 jejunium
3502 3131 3751 3202 paschale

511 3225 744 3288 viderat,
769 3225 968 3279 fatetur
997 3223 1142 3292 quod
1177 3221 1235 3278 S.
1267 3221 1591 3292 Hippolytus
1618 3235 1727 3274 non
1777 3231 1952 3274 certas
1985 3234 2082 3288 p:o

511 3317 926 3372 determinando
979 3314 1251 3370 Paschate
1301 3313 1519 3384 regulas
1559 3311 1844 3366 tradiderit
1895 3311 1994 3379 (5).
2023 3308 2079 3364 S.

514 3409 755 3464 Isidorus
778 3407 1116 3478 Hispalensis
1141 3407 1431 3477 episcopus
1457 3405 1532 3459 ait
1554 3404 1631 3475 (6)
1655 3404 1890 3474 primum
1916 3402 2085 3457 fuisse

515 3500 574 3556 S.
632 3501 974 3572 Hippolytum
1035 3507 1307 3563 nostrum,
1363 3496 1457 3566 qui
1504 3497 1715 3567 cyclum
1773 3495 2081 3565 paschalem

513 3590 808 3647 confecerit
830 3609 846 3657 ;
871 3601 1056 3661 atque,
1075 3590 1259 3659 judice
1296 3588 1702 3659 sapientissimo
1727 3597 1780 3642 et
1810 3585 2085 3642 indefesso

513 3683 858 3753 antiquitatis
885 3690 1192 3738 scrutatore
1222 3680 1588 3748 Tillemontio,
1610 3678 1962 3750 Hippolyteus
1987 3693 2082 3749 cy-

515 3777 638 3832 t'lIJS
665 3777 908 3833 omnium
939 3777 1348 3832 vetustissimus
1378 3777 1608 3831 habetur
1633 3775 1733 3842 (7).

823 3868 848 3939 §
878 3869 941 3923 ll.
1001 3867 1249 3937 Analysis
1279 3867 1427 3938 Cycli
1457 3866 1780 3936 Hippolytei.

589 3959 643 4012 In
679 3959 818 4013 duas
860 3967 1044 4030 partes
1094 3959 1303 4014 divisus
1345 3968 1430 4014 est
1493 3958 1684 4028 Cyclns
1726 3955 1991 4026 paschalis
2024 3956 2081 4009 S.

516 4050 811 4123 Hippolyti.
851 4051 906 4105 In
958 4053 1131 4122 prima
1179 4059 1333 4121 parte
1365 4059 1590 4106 sanctus
1645 4049 1966 4120 Hippolytus
1998 4050 2087 4102 de-

513 4139 712 4208 signat,
745 4139 801 4193 in
829 4140 1030 4209 quibus
1075 4139 1268 4194 diebus
1294 4140 1566 4194 mensium
1600 4138 1778 4193 Martii
1805 4148 1860 4194 et
1882 4138 2085 4208 Aprilis

585 4377 716 4447 (97),
738 4376 1048 4444 Blanchin.,
1077 4375 1338 4447 Diatriba,
1363 4394 1468 4447 qua
1500 4376 1764 4430 Canonem
1785 4377 2082 4444 pose/talem

515 4445 976 4516 hunc'Scaligero
1025 4455 1081 4501 et
1110 4445 1392 4516 iBucherio‘
1425 4447 1604 4501 minus
1653 4447 1981 4516 intellectum
2019 4448 2084 4500 il-

2187 3228 2438 3284 habuerit
2469 3227 2750 3281 Dominica
2779 3227 2867 3280 die
2893 3224 3176 3278 Paschalis
3204 3224 3316 3294 (Η)
3345 3243 3359 3291 ;
3393 3225 3450 3278 4ο
3493 3223 3638 3294 quod
3669 3239 3753 3294 cy-

2185 3323 2303 3376 clus
2340 3321 2613 3392 paschalis
2649 3318 2706 3373 S.
2767 3317 3036 3388 Hippolyti
3072 3333 3179 3371 non
3225 3318 3296 3371 sit
3347 3320 3567 3386 penitus
3609 3318 3750 3372 illius

2185 3415 2500 3480 inventum,
2563 3411 2656 3467 sed
2717 3411 2861 3481 quod
2917 3419 3176 3478 sequatur
3223 3411 3420 3478 praxin
3459 3410 3575 3480 jam
3631 3418 3752 3464 ante

2188 3510 2361 3578 ipsum
2395 3505 2687 3560 stabilitam
2723 3503 2854 3571 (12).

2256 3599 2315 3653 1η
2354 3597 2590 3653 secunda
2637 3605 2788 3666 parte
2832 3593 3031 3647 indicat
3079 3591 3195 3646 dies
3227 3592 3431 3661 quibus
3469 3593 3750 3647 celebran-

2185 3692 2314 3745 dum
2363 3699 2447 3744 est
2495 3688 2727 3743 Pascha.
2779 3685 2892 3740 Hoc
2925 3683 3121 3739 festum
3168 3699 3385 3752 semper
3421 3693 3641 3739 notatur
3668 3683 3753 3737 die

2191 3787 2487 3842 Dominica.
2523 3783 2753 3851 Quando
2800 3783 2927 3836 luna
2974 3779 3183 3834 decima
3225 3790 3420 3846 quarta
3467 3779 3656 3832 incidit
3700 3777 3750 3828 in

2189 3878 2504 3943 Sabbatum,
2548 3875 2756 3929 Pascha
2798 3871 3176 3927 celebrandum
3207 3886 3313 3923 non
3356 3880 3441 3925 est
3477 3867 3752 3923 Dominica

2187 3969 2453 4040 sequenti,
2491 3982 2612 4037 quae
2635 3975 2718 4020 est
2745 3964 2955 4018 decima
2987 3963 3172 4032 quinta
3201 3962 3363 4027 lunze,
3391 3961 3486 4016 sed
3521 3959 3752 4016 transle-

2187 4061 2416 4115 rendum
2446 4069 2529 4114 est
2558 4057 2623 4111 ad
2653 4054 2989 4110 Dominicam
3019 4063 3142 4122 post
3172 4057 3327 4116 hanc,
3364 4054 3415 4106 id
3444 4061 3547 4116 est,
3577 4050 3644 4104 ad
3673 4047 3752 4100 vi-

2187 4155 2443 4209 cesimam
2473 4150 2764 4208 secundam
2792 4149 2933 4202 luna:
2958 4146 3120 4201 diem.
3153 4143 3310 4199 Ratio
3333 4144 3500 4214 hujus
3529 4153 3755 4213 praxeos

2259 4374 2334 4441 (6)
2390 4394 2407 4423 ι
2442 4355 3050 4441 ιάδςῆαιεηιρῃειωή
3089 4365 3409 4441 Hippolytus
3467 4365 3752 4441 episcopus

2192 4439 2527 4514 temporibus
2551 4439 2844 4514 Alexandri
2881 4439 3216 4514 imperatoris
3273 4439 3484 4514 primus
3511 4439 3751 4514 conscii.-

517 4490 1081 4572 Ῐὶὶξίῖειιῖέεῖἓὲῖἐὲίὶηέἶ
1107 4490 1981 4577 noli;ﬁdi:"iii..r6il"‘r'iiinii§'
2017 4490 2084 4570 ii.
2121 4490 2161 4543 ο
2192 4490 2823 4587 [is'ilfﬁisiii6r21’116,51:
2899 4490 3352 4587 Qiigittum,.__cép-
3384 4507 3632 4587 κίχῃς·
3663 4500 3746 4552 77-

515 4588 597 4656 bri
648 4599 768 4641 est:
828 4587 899 4641 De
952 4587 1268 4656 Calendario
1314 4597 1363 4640 et
1406 4587 1564 4656 Cyclo
1607 4586 1859 4650 Ctesaris,
1910 4603 1974 4639 ac
2023 4588 2087 4640 de

519 4655 770 4710 Paschnli
803 4657 1012 4710 Conone
1046 4655 1103 4709 S.
1136 4656 1408 4726 Hippolyti
1429 4655 1676 4726 martyris
1694 4656 2087 4710 dissertationes

513 4726 655 4786 duce.
698 4730 766 4780 ad
798 4727 1112 4780 Clementem
1145 4726 1226 4780 XI
1259 4728 1556 4796 pontificem
1593 4728 1902 4780 maximum.

592 4798 992 4920 (E98gsliasnagq
1045 4795 1436 4866 AnnalJpolit.
1487 4798 1638 4861 cccl.,
1691 4797 1756 4850 ad
1787 4813 1915 4850 ann.
1948 4795 2078 4860 222,

553 4882 637 4920 ae.
675 4871 800 4920 28‘4.

514 4881 889 5059 ῒῇἱεῆδιῖἐφὲ
910 4935 1148 5004 Ceillicr,
1184 4935 1328 4990 Hist.
1355 4939 1529 5006 génér.
1558 4937 1648 4990 des
1672 4946 1908 5003 auteurs,‘
1953 4944 2082 4989 tom.

563 5051 579 5059 .,
632 5025 748 5059 nan.
784 5017 874 5059 οδ*
896 5047 909 5059 .

563 5051 579 5070 ν
632 5025 748 5075 pag.
784 5017 909 5060 552.

632 5025 748 5078 pag.
784 5025 909 5060 ana.

587 5082 661 5148 (ι)
725 5078 864 5130 Hist.
923 5077 1033 5130 litt.
1071 5079 1137 5132 de
1181 5079 1236 5131 la
1285 5076 1517 5140 France,
1582 5088 1713 5130 tom.
1765 5075 1807 5136 1,
1862 5085 2007 5144 part.
2044 5089 2082 5135 ι,

551 5163 636 5204 au.
671 5149 797 5204 566.

515 5163 636 5216 pa-r.
671 5163 797 5204 oon.

587 5193 663 5290 (ἢ)
698 5219 920 5290 Euseb"
960 5216 1162 5290 tria,
1187 5217 1381 5290 lib._vt.
1409 5231 1532 5284 cap.
1559 5215 1648 5269 22.

585 5281 665 5360 (5)
700 5281 943 5360 Fabric,
971 5281 1227 5360 Bibliotlt.
1273 5281 1626 5349 Crwcq'toun.
1649 5282 1736 5360 _V_’,
1771 5299 1892 5354 pag.
1918 5281 2046 5336 205.

588 5355 666 5426 (4)
703 5358 1018 5430 Ινιὶεγοιιγιιι.
1071 5361 1126 5430 in
1179 5357 1448 5426 Catalog.,
1486 5371 1604 5423 cap.
1641 5355 1730 5408 6|.

590 5422 668 5500 (5)
707 5448 726 5479 ί
754 5422 812 5500 Ε
835 5422 1037 5499 quibus
1083 5422 1400 5500 Hippolytus
1435 5441 1525 5478 xu
1556 5422 1843 5500 annorum
1900 5422 2084 5500 circn-

517 5494 974 5568 lnmqnibusdam
1012 5494 1167 5553 lunai
1190 5494 1407 5568 ignotis
1449 5494 1702 5548 cursibus
1752 5494 2081 5568 composuit.

519 5569 626 5621 Alii
668 5562 796 5631 xxv,
829 5570 918 5622 alii
955 5586 1084 5632 xxx,
1139 5562 1382 5622 nonnulli
1439 5579 1639 5619 Lxxxtv
1674 5578 1938 5616 annorum
1977 5562 2085 5613 cir-

519 5639 701 5692 culum
743 5649 1140 5707 computantes,
1199 5650 1481 5706 nunquam
1530 5633 1595 5686 ad
1641 5632 2084 5707 yeratnl’asclne

523 5702 884 5778 computandi
900 5702 1163 5763 rationem
1193 5702 1607 5778 pervéncrunt.»
1630 5703 1911 5758 Anatolius
1940 5702 2080 5770 apud

521 5775 776 5845 Bucbcr.,
805 5794 926 5851 pag.
958 5779 1083 5834 459.

2261 4586 2337 4656 (7)
2365 4582 2655 4656 Tilletnont
2683 4578 2988 4656 ,_Méntoir._,
3022 4576 3256 4656 tomJll,
3293 4591 3434 4656 pag."

2261 4643 2337 4725 (8)
2365 4672 2410 4725 -ι
2443 4654 2598 4704 Anno
2649 4643 2826 4725 primo
2876 4648 3152 4725 regiminis
3184 4643 3477 4725 Alexandri
3529 4646 3756 4725 imp‘erav

2188 4711 2330 4780 tor‘isv
2359 4723 2497 4776 facta
2542 4729 2625 4773 est
2652 4711 2746 4772 ’Χιν
2791 4711 3011 4771 Ρίιςοιῖεε
3046 4716 3225 4770 Idibus
3286 4715 3586 4783 Aprilibus,
3618 4711 3750 4764 Sab-

2189 4798 2337 4860 bato,
2361 4808 2482 4846 cunt
2513 4789 2717 4843 mensis
2747 4789 3132 4860 cmbolymzeus
3153 4786 3360 4860 inisset.
3383 4784 3499 4838 Erit
3526 4795 3750 4860 sequen-

2190 4852 2336 4920 tibus
2371 4863 2548 4922 annis,
2573 4861 2715 4914 sicut
2742 4861 2794 4911 in
2837 4852 3018 4911 tabula
3054 4857 3358 4925 subjectum
3416 4863 3520 4907 est.
3557 4852 3744 4904 Evenit

2187 4952 2316 4990 vero
2346 4933 2398 4985 in
2435 4930 2740 4999 praeteritis,
2769 4929 2909 4982 sicut
2935 4927 3243 4999 indicatum
3264 4935 3382 4999 cst;
3409 4925 3618 4999 solvere
3648 4934 3746 4999 an:

2189 4986 2537 5069 tentioportet
2577 4986 2866 5070 jejunium,
2916 4997 3004 5070 ubi
3035 4996 3309 5070 Dominica
3357 4986 3656 5048 inciderit.)
3690 4986 3746 5039 S.

2188 5067 2510 5144 Hippolytus
2545 5067 2596 5122 in
2620 5067 2830 5144 Conone
2857 5067 3114 5144 pascltali.

2254 5131 2330 5214 (9)
2375 5131 2405 5192 ι’
2433 5144 2590 5194 Anno
2615 5139 2789 5214 primo
2815 5131 3091 5214 regiminis
3130 5133 3420 5214 Alexandri
3447 5131 3747 5214 imperato-

2185 5193 2529 5268 ris‘l‘actaest
2575 5193 2666 5263 xiv
2708 5193 2931 5261 Pascha:
2958 5206 3142 5259 Idibus
3186 5206 3356 5272 April.
3394 5221 3413 5253 ι
3447 5193 3592 5272 [dein
3619 5193 3744 5249 ibid.

2255 5284 2366 5354 (l0)
2395 5302 2411 5333 ι
2439 5281 2698 5354 Sabbato,
2719 5294 2843 5333 cum
2863 5277 3065 5332 mensis
3079 5269 3467 5346 embo—lymzeus
3490 5269 3696 5322 luisset.
3721 5279 3742 5312 ι

2185 5352 2327 5408 Idem
2366 5353 2497 5406 ibid.

2255 5401 2693 5493 (lift-rSolvere
2722 5427 2908 5493 autem
2941 5422 3153 5493 oportet
3193 5411 3484 5484 jejunium,
3523 5405 3614 5461 ubi
3643 5401 3750 5456 Do-

2184 5486 2385 5546 mihiea
2414 5490 2682 5545 inciderit.
2722 5507 2740 5539 ι
2775 5488 2917 5540 Idem
2945 5486 3076 5539 ibid.

2401 5538 2994 5630 i"iirii"éé¢jué’niii.us
3023 5538 3224 5630 annis,
3271 5554 3416 5630 sicut
3461 5550 3514 5630 i_n
3567 5538 3746 5630 tabula

2183 5613 2615 5700 subjecitumest;
2649 5613 2825 5700 evenit
2847 5641 2985 5700 Δνει-ο
3023 5626 3076 5680 in
3112 5613 3421 5695 praeteritis,
3447 5621 3585 5675 sicut
3611 5613 3748 5668 indi-

2182 5696 2361 5760 catum
2387 5711 2489 5757 est.
2529 5718 2548 5752 ι
2578 5697 2721 5753 Idem
2753 5696 2883 5750 ibid.
