4034 6374
318 354 438 407 515

1319 349 1407 404 DE
1447 347 1610 403 VITA
1648 346 1738 403 ET
1776 344 2086 402 SCRIPTIS
2121 345 2179 400 S.
2220 339 2603 398 HIPPOLYTI.

3466 334 3574 389 δη

315 479 429 536 est,
456 469 585 540 quia
635 467 693 522 S.
743 466 1082 539 Hippolytus,
1129 467 1587 537 quemadmodum
1622 474 1677 522 et
1704 465 1904 530 Latini,
1935 472 1981 527 Α
2005 462 2294 534 explicatio
2326 462 2392 515 ad
2430 467 2667 514 mentem
2709 455 2767 510 8.
2811 453 3086 525 Hippolyti
3115 468 3259 525 aegre
3286 457 3575 525 cognosci-

317 578 433 616 non
468 561 757 615 voluerunt
783 568 845 614 ut
881 559 1091 613 Pascha
1119 573 1184 613 eo
1234 559 1322 613 die
1371 566 1623 628 ageretur
1650 572 1760 626 quo
1794 555 1903 610 Do-

315 652 511 705 minus
535 657 720 704 noster
741 650 1040 705 cruciﬁxus
1077 648 1197 704 fuit.
1230 647 1526 703 Christiani
1554 646 1901 702 Alexandrini

319 742 495 795 alium
533 741 912 810 sequebantur
941 741 1208 795 calculum
1229 778 1245 802 ,
1284 740 1337 793 bi
1371 739 1515 792 enim
1559 738 1905 793 celebrabant

319 832 537 888 Pascha
581 848 611 887 a
651 833 862 887 decima
888 833 1076 902 quinta
1123 832 1284 895 luna;
1329 845 1454 884 cum
1492 838 1714 885 econtra
1749 829 1904 899 juxta

319 924 540 994 cyclum
577 923 635 979 S.
665 922 937 994 Hippolyti
966 931 1018 977 et
1052 921 1275 977 Victorii
1307 921 1420 993 (l3)
1460 920 1676 975 nonnisi
1701 934 1732 974 ει
1760 919 1906 975 deci~

318 1032 414 1071 ma
442 1024 594 1071 sexta
634 1015 1018 1071 celebrandum
1073 1022 1240 1069 esset.
1292 1011 1600 1067 Notandum
1658 1010 1903 1079 insuper,

318 1108 472 1177 quod
502 1108 659 1178 juxta
679 1107 931 1162 eumdem
964 1106 1110 1160 hunc
1147 1104 1357 1175 cyclum
1392 1102 1604 1158 Pascha
1650 1102 1906 1158 omnibus

320 1198 687 1253 Dominicisa
733 1197 947 1252 decima
993 1195 1152 1250 tertia
1201 1194 1565 1250 Kalendarum
1615 1192 1905 1263 Aprilium,

319 1304 422 1344 seu
449 1305 480 1343 a
512 1287 769 1343 vicesima
802 1285 982 1341 Martii
1011 1300 1189 1355 usque
1217 1285 1285 1340 ad
1316 1283 1658 1339 undecimam
1701 1282 1904 1337 Kalen-

319 1380 523 1434 darum
563 1377 711 1439 Maii,
742 1392 840 1433 seu
876 1377 1197 1431 vicesimam
1239 1374 1442 1444 Aprilis
1483 1372 1746 1429 celebrari
1784 1387 1910 1441 pos-

320 1481 428 1527 set.
460 1469 591 1526 Inde
621 1470 897 1539 colligitur
926 1467 985 1522 8.
1012 1465 1356 1536 Hippolytum
1376 1463 1783 1534 aequinoctium,
1812 1476 1906 1517 seu

321 1565 462 1620 solis
486 1564 545 1617 in
573 1563 813 1643 Arietem
856 1563 1163 1632 ingressum
1194 1573 1302 1613 non
1330 1571 1455 1612 cum
1488 1572 1581 1610 ιιι
1617 1554 1815 1621 Martii,
1852 1564 1910 1607 ut

321 1654 535 1710 Nicami
563 1652 776 1720 Patres,
807 1668 985 1722 neque
1012 1667 1136 1706 cum
1175 1667 1311 1715 xxu,
1343 1661 1403 1704 ut
1424 1648 1627 1718 passim
1655 1646 1910 1701 Anatolio

321 1748 607 1812 tribuunt;
634 1746 728 1802 sed
760 1759 884 1822 cum
925 1759 1061 1797 xviu
1092 1742 1269 1796 Martii
1296 1748 1644 1810 comparasse
1671 1753 1738 1792 ex
1763 1752 1901 1791 non-

326 1841 610 1894 nullorum
640 1819 884 1892 veterum
912 1846 968 1891 et
1000 1835 1298 1891 celebrium
1341 1832 1736 1901 astrologorum
1783 1842 1908 1883 sen-
1938 1817 1980 1871 Β

323 1930 653 2000 ιειιιὶει(14),
690 1929 989 1999 praesertim
1040 1924 1270 1981 Metonis
1300 1934 1354 1980 et
1383 1922 1617 1987 Eudoxi,
1660 1920 1753 1991 qui
1792 1920 1904 1990 jam

322 2036 459 2082 ante
486 2038 667 2078 annos
716 2022 841 2092 plus
872 2036 1036 2091 quam
1082 2019 1189 2075 400
1233 2028 1360 2074 ante
1407 2014 1741 2072 nativitatem
1778 2010 1908 2067 Jesu

319 2117 533 2173 Christi
581 2115 971 2187 aequinoctium
1024 2113 1245 2167 vernale
1299 2110 1368 2166 ad
1413 2125 1544 2163 xvui
1596 2106 1774 2162 Martii
1823 2121 1911 2160 re-

320 2213 688 2269 strinxerunt.
728 2207 868 2263 Cum
901 2207 1100 2278 quibus
1126 2204 1341 2260 Iudaeos
1373 2202 1720 2258 consensisse
1757 2198 1912 2255 Jose-

321 2304 474 2373 phus
500 2318 695 2357 eorum
750 2301 1046 2356 historicus
1094 2298 1357 2352 insinuat.
1386 2292 1539 2350 Adeo
1575 2307 1763 2349 verum
1805 2299 1910 2354 est,

325 2409 510 2465 neque
536 2392 740 2449 Iudaeis
770 2391 1060 2457 veteribus,
1095 2404 1273 2458 neque
1306 2384 1635 2442 Christianis
1677 2398 1771 2455 per
1802 2383 1913 2437 duo

327 2487 520 2556 priora
551 2484 753 2539 saecula
790 2481 1220 2537 astronomicum
1243 2477 1557 2549 aequinoctii
1584 2476 1727 2531 diem
1761 2472 1915 2542 agni-

325 2589 472 2643 tum,
504 2591 616 2632 non
661 2583 808 2631 certe
843 2582 994 2629 tanto
1040 2572 1299 2641 scrupulo
1348 2569 1692 2625 observatum
1729 2585 1744 2621 :
1787 2579 1914 2620 cum

324 2672 385 2726 hi
417 2671 573 2725 nullo
598 2668 668 2724 ad
693 2684 788 2724 eas
825 2666 995 2722 tricas
1022 2666 1157 2730 otio,
1194 2664 1281 2719 vix
1315 2663 1424 2718 ulla
1457 2678 1487 2718 a
1520 2669 1600 2717 tot
1654 2672 1915 2730 persecu-

327 2764 578 2820 tionibus
606 2760 992 2830 respiratione,
1036 2758 1175 2812 nihil
1220 2771 1386 2827 supra
1434 2756 1511 2822 id,
1545 2752 1693 2824 quod
1733 2751 1917 2807 hacte-

325 2873 437 2913 nus
467 2872 498 2913 a
531 2852 817 2926 Synagoga
859 2858 1180 2921 uSurpatum
1210 2849 1486 2915 videbant,
1524 2844 1910 2916 inquirendum

323 2955 607 3020 putarent,
659 2954 998 3010 curarentve,
1036 2956 1136 2997 nec
1167 2956 1398 2995 mensem
1424 2953 1701 3002 novorum,
1739 2936 1916 2992 solum

324 3059 362 3096 a
420 3040 708 3109 Scriptura
764 3034 1272 3101 memoratum,alio
1314 3047 1480 3103 quam
1526 3030 1701 3087 Judaei
1747 3045 1916 3085 sensu

328 3136 853 3203 interpretarentur.

399 3226 513 3294 nec
538 3224 671 3280 illud
705 3224 795 3279 hic
829 3221 1213 3284 omittendum,
1256 3216 1605 3290 Hippolytum
1632 3215 1915 3272 constituti

328 3336 360 3373 a
396 3317 611 3389 synodo
647 3313 975 3370 Caesariensi
1020 3311 1210 3367 limitis
1261 3309 1538 3380 paschalis
1593 3308 1756 3362 linem
1806 3320 1915 3360 non

328 3411 619 3475 excedere,
667 3408 792 3464 licet
828 3407 1046 3461 initium
1079 3405 1248 3461 biduo
1301 3409 1626 3458 antevertat.
1656 3399 1731 3454 Ea
1769 3400 1915 3455 enim

329 3506 582 3577 synodus
624 3504 696 3558 ab
750 3518 802 3555 χι
848 3499 1077 3554 Kalend.
1111 3497 1310 3568 April.,
1337 3513 1434 3552 seu
1466 3511 1580 3555 xxii
1617 3494 1816 3557 Martii,
1850 3493 1917 3549 ad

330 3615 392 3653 x1
429 3596 703 3651 Kalendas
738 3593 883 3660 Maii,
919 3608 1017 3647 seu
1059 3607 1151 3645 xxi
1195 3588 1397 3660 Aprilis
1430 3587 1697 3643 inclusive
1717 3601 1813 3656 per
1850 3585 1913 3640 51

330 3690 453 3745 dies
480 3686 692 3741 Pascha
728 3684 1121 3754 ἀναττάσιμον,
1157 3697 1252 3737 seu
1286 3679 1604 3734 Dominicas
1634 3678 1919 3747 paschales

330 3782 632 3847 concludit,
690 3778 1014 3850 Hippolytus
1060 3777 1129 3831 ab
1187 3790 1286 3829 xm
1326 3772 1552 3829 Kalend.
1593 3770 1789 3841 April.,
1823 3785 1918 3825 seu

330 3874 518 3931 Martii
548 3890 640 3939 xx,
677 3873 746 3927 ad
789 3888 847 3926 ιι
889 3869 1163 3925 Kalendas
1227 3866 1357 3922 Maii
1396 3880 1493 3937 per
1539 3864 1658 3921 dies
1697 3864 1921 3920 omnino

331 3970 408 4023 '55
441 3965 709 4022 extendit.

391 4076 421 4149 ς
462 4073 550 4132 Ill.
586 4073 732 4128 Nata
755 4072 825 4149 ad
861 4066 1128 4149 Cenonent
1155 4067 1460 4149 paschalem
1489 4066 1549 4123 S.
1596 4062 1877 4136 Hippolyti

796 4143 1009 4214 facilius
1044 4138 1463 4210 intelligendum.

2003 567 2111 623 tur,
2145 570 2292 619 cum,
2320 553 2398 608 uti
2423 553 2628 609 dictum
2676 549 2799 616 fuit,
2844 557 3127 614 tractatus,
3176 562 3337 618 quem
3380 548 3446 601 de
3486 547 3577 601 illo

2003 650 2118 720 ipse
2144 647 2412 713 exaravit,
2466 645 2781 716 deperditus
2821 642 2958 709 fuit;
3013 644 3134 698 ideo
3176 641 3335 696 multi
3379 641 3577 695 eruditi

2004 739 2128 804 viri,
2153 738 2230 792 uti
2266 736 2531 807 Scaliger,
2574 734 2850 801 Petavius,
2896 732 3219 797 Bncherins,
3269 730 3576 800 Vignolius.

2003 833 2054 887 le
2081 830 2330 902 Moynius
2360 839 2416 885 et
2450 828 2823 895 Blancbinius,
2857 827 2911 881 in
2942 827 3037 883 illo
3073 825 3394 895 explicando
3427 824 3581 878 labo-

2004 935 2215 993 rarunt,
2235 939 2466 994 quorum
2503 924 2704 992 scripta
2730 931 2784 976 et
2816 930 2976 975 notas
3010 919 3267 974 Albertus
3295 917 3579 972 Fabricius

2006 1017 2317 1075 collectioni
2367 1030 2591 1085 operum
2641 1013 2814 1068 sancti
2861 1011 3132 1081 Hippolyti
3187 1008 3438 1064 inseruit.
3474 1006 3582 1061 Pro

2008 1120 2198 1165 nostro
2238 1116 2420 1163 autem
2474 1107 2725 1162 instituto
2773 1104 3000 1160 sufﬁciet
3033 1118 3097 1157 ea
3161 1102 3252 1155 hic
3292 1102 3578 1164 adnotare,

2006 1217 2129 1272 qua:
2148 1200 2215 1255 ad
2248 1208 2457 1255 rectum
2488 1198 2653 1267 hujus
2678 1197 2911 1251 Cononis
2942 1194 3272 1249 intellectum
3304 1207 3369 1246 ex
3399 1190 3581 1246 citatis

2008 1291 2326 1349 auctoribus
2350 1288 2531 1358 colligi
2566 1296 2816 1358 possunt.

2073 1382 2227 1438 Non
2266 1381 2329 1435 ll.
2370 1380 2525 1434 Prior
2555 1380 2721 1451 igitur
2763 1377 2945 1433 tabula
2984 1377 3038 1430 1ο
3074 1375 3308 1430 ostendit
3348 1374 3584 1443 plenilu-

2008 1477 2097 1531 nia
2128 1472 2426 1544 paschalia,
2456 1471 2765 1542 incipiendo
2797 1470 2866 1525 ab
2890 1485 3036 1525 anno
3066 1468 3269 1524 Christi
3304 1467 3430 1539 222,
3462 1468 3581 1537 qui,

2010 1566 2086 1621 uti
2121 1563 2402 1636 Vignolius
2429 1564 2484 1618 in
2522 1562 2904 1618 dissertatione
2936 1560 3013 1613 De
3042 1576 3180 1613 anno
3212 1559 3383 1628 primo
3418 1558 3586 1628 impe-

2010 1658 2079 1711 rii
2125 1656 2303 1712 Severi
2350 1654 2668 1718 Alexandri,
2719 1651 3074 1707 Valsecchius
3127 1659 3180 1705 et
3232 1649 3514 1719 Philippus
3551 1666 3582 1704 a

2010 1748 2185 1804 Turre
2214 1747 2612 1809 demonstrant,
2660 1752 2746 1799 est
2788 1757 2966 1797 annus
2994 1742 3205 1811 primus
3244 1740 3429 1794 Severi
3458 1737 3585 1793 Ale-

2008 1839 2203 1895 xandri
2244 1837 2606 1908 imperatoris.

2078 1930 2134 1983 2°
2173 1928 2392 1984 Litterae
2435 1926 2708 1997 alphabeti
2752 1923 3015 1979 denotant
3051 1921 3247 1977 seriem
3287 1920 3585 1973 hebdoma-

2010 2021 2112 2085 da,
2144 2020 2197 2074 in
2218 2036 2382 2091 quam
2405 2019 2608 2074 dictum
2629 2015 2983 2087 plenilunium
3009 2013 3215 2067 incidit.
3259 2010 3323 2065 ν.
3354 2027 3405 2081 g.
3443 2024 3589 2064 anno

2010 2114 2215 2169 Christi
2243 2113 2371 2177 222,
2402 2112 2760 2183 plenilunium
2795 2111 3048 2180 paschale
3095 2108 3442 2178 contingebat
3483 2104 3592 2159 ldi-

2012 2207 2115 2262 bus
2152 2204 2373 2276 Aprilis,
2397 2212 2450 2259 et
2468 2203 2647 2257 littera
2674 2202 2718 2256 G
2747 2202 2992 2272 apposita
3034 2201 3165 2255 illud
3196 2202 3251 2255 in
3286 2201 3426 2255 diem
3454 2198 3592 2253 Sabr

2013 2299 2123 2353 bati
2153 2297 2412 2352 incidisse
2433 2294 2658 2350 indicat.

2083 2388 2141 2443 3°
2196 2387 2252 2441 ln
2306 2387 2480 2457 prima
2531 2386 2787 2441 columna
2843 2382 3223 2438 descendendo
3286 2388 3591 2451 sequuntur

2014 2480 2286 2537 sexdecim
2319 2478 2446 2532 anni
2487 2476 2792 2547 incipiendo
2831 2476 2899 2529 ab
2933 2488 3077 2528 anno
3108 2473 3232 2537 222,
3268 2488 3364 2541 per
3393 2488 3590 2527 nume-

2013 2586 2109 2625 ros
2137 2569 2422 2639 designati,
2445 2576 2500 2624 et
2525 2567 2775 2622 similiter
2802 2567 2858 2620 in
2895 2563 3119 2633 reliquis
3150 2578 3245 2617 sex
3282 2562 3589 2623 columnis.

2015 2680 2137 2735 qua:
2168 2672 2373 2733 septem
2391 2658 2954 2725 heccaedecaeterides,
2982 2672 3079 2712 seu
3095 2655 3440 2721 sedecennia,
3480 2669 3585 2709 an-

2017 2773 2118 2812 nos
2149 2756 2253 2811 112
2274 2754 2531 2811 elﬁciunt.

2089 2850 2147 2904 4ο
2207 2847 2339 2903 Post
2392 2848 2628 2918 primum
2681 2841 3063 2899 sedecennium
3124 2839 3481 2910 plenilunium
3536 2838 3590 2891 in

2018 2940 2269 2997 eumdem
2296 2939 2514 3009 quidem
2551 2937 2720 3001 diem,
2750 2934 2961 2990 scilicet
2988 2931 3116 2987 ldus
3145 2930 3350 3001 Aprilis
3378 2928 3590 2992 incidit,

2014 3035 2169 3105 juxta
2204 3032 2526 3104 hypothesin
2555 3029 2614 3084 S.
2650 3027 2945 3098 Hippolyti,
2967 3040 3074 3079 non
3104 3039 3232 3078 vero
3260 3023 3313 3076 in
3346 3022 3593 3076 eamdem

1946 3143 1988 3200 ο
2021 3127 2235 3193 feriam,
2262 3124 2355 3179 sed
2378 3139 2485 3179 una
2510 3122 2645 3178 feria
2673 3121 2834 3176 citius
2854 3116 3115 3174 occurrit.
3150 3114 3210 3170 V.
3243 3130 3296 3185 g.
3331 3113 3386 3167 in
3417 3113 3594 3182 primo

2017 3215 2342 3273 sedecennio
2374 3212 2734 3284 plenilunium
2778 3210 2832 3262 iu
2864 3206 2931 3274 G,
2977 3206 3030 3260 id
3083 3213 3187 3269 est,
3235 3202 3476 3257 Sabbato
3502 3214 3596 3256 oc-

2014 3309 2213 3373 currit;
2241 3308 2295 3361 in
2330 3305 2573 3360 secundo
2604 3299 2930 3358 sedecennio
2955 3298 3062 3352 erit
3090 3297 3143 3350 in
3188 3293 3249 3361 F,
3279 3294 3332 3348 id
3371 3300 3474 3350 est.
3510 3291 3595 3346 fe-

2014 3400 2096 3453 ria
2120 3396 2376 3464 sexta;in
2421 3395 2582 3449 tertio
2624 3392 2679 3446 in
2715 3389 2777 3457 E,
2828 3404 2925 3443 seu
2969 3386 3106 3440 feria
3155 3382 3373 3454 Quinta,
3409 3391 3464 3436 et
3513 3381 3595 3436 sic

2014 3491 2272 3558 deinceps
2300 3504 2318 3555 ;
2353 3485 2620 3541 absolutis
2640 3493 2822 3538 autem
2858 3487 3064 3550 septem
3106 3473 3463 3538 sedecenniis,
3497 3487 3594 3527 seu

2017 3581 2120 3634 112
2151 3580 2331 3645 annis,
2360 3577 2416 3631 in
2454 3576 2706 3631 eumdem
2731 3572 2874 3628 diem
2914 3578 2969 3625 et
2995 3567 3243 3624 eamdem
3284 3564 3477 3619 feriam
3509 3577 3595 3617 re-

2015 3680 2216 3729 curret.

2090 3770 2146 3825 5°
2180 3768 2283 3823 Per
2306 3779 2468 3822 voces
2495 3762 2617 3817 illas
2665 3758 2887 3822 Eadras,
2931 3754 3146 3810 Genesis
3196 3751 3416 3817 Christi,
3457 3747 3596 3802 Eze-

2016 3863 2188 3928 chias,
2224 3868 2353 3923 etc.,
2401 3857 2558 3927 juxta
2589 3850 2971 3906 Blanchinium
3006 3845 3279 3916 praecipua
3329 3842 3596 3897 Paschata

2017 3956 2396 4026 designantur,
2419 3948 2651 4019 quorum
2678 3943 2739 3998 S.
2771 3941 3051 4010 Scriptura
3089 3935 3355 4001 meminit,
3388 3932 3598 3988 scilicet

2020 4023 2193 4105 Exodi
2231 4059 2332 4099 ιιι.
2385 4041 2632 4095 Primum
2688 4034 2900 4090 Pascha
2952 4046 3007 4085 tv
3064 4026 3205 4083 Non.
3260 4026 3460 4096 April.,
3506 4023 3592 4077 vcl

2012 4144 2170 4211 juxta
2205 4135 2504 4198 Danielem,
2552 4129 2722 4185 Nonis
2757 4126 2931 4196 April.
2966 4121 3277 4178 Secundum
3308 4120 3363 4171 in
3405 4132 3592 4211 eremo

408 4233 566 4289 Non
595 4235 637 4288 ἰ.
673 4202 858 4287 Canon
891 4229 1159 4302 paschalis
1314 4225 1588 4297 Hippolyti
1635 4223 1915 4280 hodiernis

2013 4202 2180 4286 Num.
2206 4246 2282 4284 ix.
2317 4226 2561 4284 Tertium
2584 4222 2687 4277 sub
2710 4219 2896 4281 Josue,
2933 4231 3028 4271 seu
3054 4213 3204 4278 Jesu,
3235 4210 3350 4266 Jos.
3392 4225 3474 4273 Ill,
3514 4202 3595 4263 xu

334 4326 559 4399 quidem
601 4326 795 4381 usibus
822 4338 920 4394 pro
949 4321 1275 4377 inveniendo
1320 4332 1450 4373 vero
1498 4315 1782 4372 Pascbatis
1830 4314 1933 4385 die,

335 4419 549 4477 servire
572 4418 664 4474 vix
690 4424 886 4488 potest,
912 4430 1037 4470 cum
1063 4412 1232 4468 modo
1258 4419 1384 4482 post
1406 4417 1690 4465 accuratas
1725 4407 1919 4463 obser-

2016 4323 2140 4379 Kal.
2164 4320 2334 4391 April.
2355 4318 2485 4372 Item
2511 4314 2716 4370 Pascha
2736 4311 2840 4367 sub
2856 4307 3107 4371 Ezechia,
3127 4304 3170 4358 ll
3185 4303 3425 4372 Paralip.
3446 4317 3554 4356 xxx
3578 4318 3598 4366 ς

2019 4416 2122 4471 sub
2156 4411 2328 4477 Josia,
2376 4409 2442 4463 IV
2476 4406 2609 4477 Reg.
2632 4419 2807 4469 xxm;
2838 4401 2940 4456 sub
2990 4398 3186 4462 Esdra,
3221 4394 3244 4449 Ι
3287 4394 3477 4449 Esdra'e
3519 4407 3599 4452 vt.

334 4511 591 4566 vationes
618 4507 1052 4572 astronomicas,
1083 4501 1445 4575 mquinoctio,
1487 4509 1541 4556 et
1568 4499 1733 4572 cyclis
1779 4498 1912 4554 solis

2016 4507 2152 4562 Item
2208 4504 2263 4559 in
2320 4500 2540 4563 Genesi,
2591 4504 2645 4551 et
2688 4494 2951 4550 Passione
2983 4490 3207 4546 Christi.
3254 4486 3430 4542 Verba
3472 4498 3605 4539 vero

334 4612 395 4658 et
425 4602 590 4668 lunae,
613 4601 841 4669 epactis,
866 4607 921 4652 et
940 4595 1132 4651 litteris
1154 4592 1585 4650 Dominicalibus
1614 4593 1716 4647 rite
1744 4590 1918 4645 deter-

337 4695 590 4758 minatis,
624 4701 679 4748 et
732 4689 1129 4750 correctionem
1169 4685 1556 4755 Gregorianam
1610 4680 1919 4739 Calendarii

337 4786 546 4842 factam
576 4784 774 4839 tabulae
828 4780 1109 4852 paschales
1144 4778 1419 4833 moderna:
1465 4776 1535 4830 ab
1573 4775 1676 4829 hoc
1709 4772 1919 4828 Canone

339 4893 454 4933 non
486 4891 681 4948 parum
711 4873 986 4929 diﬂerant.
1033 4869 1173 4938 Quia
1225 4878 1405 4924 tamen
1444 4867 1537 4922 hic
1584 4863 1789 4930 Canan,
1833 4876 1922 4917 ut-

339 4979 469 5042 pote
495 4970 550 5023 in
581 4966 825 5022 Ecclesia
865 4964 1076 5035 primus
1124 4971 1178 5017 et
1213 4957 1651 5030 antiquissimus,
1693 4970 1920 5010 venera-

341 5065 453 5119 bile
479 5070 568 5118 est
594 5058 938 5130 antiquitatis
965 5063 1398 5119 monumentum,
1423 5060 1478 5106 et
1515 5058 1771 5106 accurata
1801 5048 1922 5118 ejus

417 5240 533 5311 (l3)
599 5236 874 5292 Victorius
934 5232 1379 5311 Lemovicensis,
1448 5228 1681 5311 scriptor
1738 5223 1921 5280 saeculi

342 5297 526 5382 quinti
556 5318 791 5382 testatur
841 5307 987 5382 quod
1028 5306 1074 5382 is
1114 5301 1455 5382 eratbatina:
1473 5297 1919 5382 Ecclesiaepnos‘:

350 5366 377 5434 ἶ
398 5382 497 5436 Sin
531 5388 706 5433 autem
732 5377 817 5430 die
849 5366 1069 5430 Sabbati
1111 5372 1457 5444 plenilunium
1489 5366 1921 5444 essecpnligerit,

342 5463 395 5506 et
430 5447 768 5519 consequenti
815 5436 1319 5519 Dominico'lunam
1357 5439 1711 5519 xvfepeLirii
1739 5436 1923 5517 eadem

345 5521 442 5576 heb
464 5506 673 5574 :oma'de
704 5516 1041 5578 transmissa,
1061 5515 1115 5568 in
1141 5513 1364 5567 alterunt
1396 5510 1538 5578 diem
1562 5506 1922 5578 Dorninicam,

347 5575 403 5647 id
429 5599 536 5658 est,
579 5590 763 5658 lunam
802 5601 919 5640 xxu
959 5575 1246 5658 transferri
1291 5576 1726 5658 debereﬂasch‘a
1767 5575 1924 5658 dixe—

348 5644 556 5717 iniu".
591 5657 798 5713 Victor.
831 5655 973 5724 apud
1016 5654 1245 5709 Bucbcr.
1282 5651 1358 5705 De
1381 5646 1527 5719 ενοι.
1558 5645 1762 5724 ραδερη
1784 5659 1839 5714 p.
1865 5644 1921 5724 ἦ.

353 5713 497 5787 iis;
526 5713 712 5799 praxis
755 5713 934 5781 adhuc
961 5726 1038 5799 _in
1083 5739 1185 5799 usu
1224 5729 1362 5799 erat
1407 5713 1647 5799 tempore
1678 5713 1925 5799 Gregorii

353 5786 715 5866 Turonensis,
744 5794 1202 5868 quemadmodum
1223 5791 1312 5849 ille
1337 5786 1533 5848 scribit
1552 5786 1644 5843 lib.
1693 5802 1727 5840 x
1779 5786 1925 5838 Hist.

2020 4600 2132 4665 illa,
2160 4595 2443 4651 secundum
2482 4587 2779 4651 .Danielem,
2823 4584 3137 4656 signiﬁcant
3172 4580 3333 4635 aliam
3359 4578 3598 4633 chrono-

2017 4690 2218 4761 logiam
2276 4687 2476 4741 horum
2524 4680 2875 4744 Paschatum,
2911 4691 3035 4749 cum
3070 4689 3137 4729 ex
3176 4670 3415 4726 Daniclis
3458 4668 3610 4723 libro:

2019 4760 2374 4855 ejusdemque
2407 4772 2841 4832 hebdomadibus
2883 4764 3253 4824 diversimode
3297 4760 3600 4818 numeratis

2019 4854 2281 4946 epocham
2305 4866 2605 4940 superioris
2621 4865 2794 4920 aetatis
2817 4877 2847 4917 a
2861 4870 2967 4917 tem
2974 4860 3062 4930 plo
3078 4857 3297 4914 condito
3310 4854 3376 4909 ad
3391 4863 3602 4908 restau-

2019 4943 2194 5018 ratum
2223 4976 2253 5015 a
2279 4958 2423 5031 Cyro
2458 4955 2623 5027 paulo
2665 4954 2935 5009 diversam
2966 4946 3284 5017 chronologi
3323 4943 3598 5031 colligant.

2090 5050 2245 5107 Non
2269 5029 2359 5103 Ill.
2380 5047 2567 5102 Altera
2594 5044 2777 5100 tabula
2798 5040 3017 5098 exhibet
3035 5035 3347 5092 Dominicas
3365 5029 3602 5085 Pascha-

2022 5229 2377 5290 Francorum,
2401 5242 2551 5281 num.
2580 5223 2671 5278 22.
2708 5221 3079 5292 Observantur
3106 5215 3158 5292 i_n
3182 5208 3345 5292 Cyclo
3374 5205 3432 5261 S.
3468 5203 3607 5292 Hip?

2060 5276 2663 5372 dGii'pidiié'giémﬁla
2696 5290 2955 5372 translati
2986 5276 3286 5343 Paschalis,
3310 5294 3435 5372 cum
3466 5276 3596 5329 illud

2022 5361 2080 5426 in
2118 5361 2261 5425 diem
2294 5382 2364 5423 xv
2416 5361 2886 5420 lunze'incideret.
2915 5373 2993 5411 sc.
3028 5366 3173 5408 anno
3190 5367 3240 5426 Δι,
3285 5365 3360 5414 iv,
3387 5362 3442 5413 x,
3476 5361 3601 5426 xui,

2023 5417 2260 5501 inihi:
2296 5417 2794 5505 'Nunc—peragimus
2840 5426 3055 5505 Pascha
3083 5438 3154 5476 xv
3188 5422 3349 5505 lunae,
3383 5417 3609 5505 quando

2024 5488 2754 5568 iin—Dﬁominicamﬂn
2787 5512 2897 5569 quo
2926 5495 3162 5550 rationes
3206 5488 3607 5546 Alexandrino-

2024 5596 2145 5636 rum
2178 5595 2234 5634 se
2279 5591 2479 5631 mmur.

2036 5650 2207 5722 ηυξ)
2232 5595 2352 5722 aid.
2379 5640 2643 5722 Columell.
2674 5638 2771 5722 lip.
2795 5651 2878 5722 .tx,
2903 5649 3023 5722 cap.
3049 5629 3344 5722 litetgllip.
3372 5644 3449 5694 xl,
3479 5639 3605 5694 cap.

2024 5702 2116 5776 2οῘ
2148 5702 2380 5775 Hucher.
2412 5712 2486 5769 De
2515 5711 2663 5781 cyclo
2697 5702 3033 5771 Judteorurn,
3066 5719 3186 5777 pag.
3212 5702 3336 5758 545.

3638 5722 3645 5739 l
