  <div class='ocr_page' id='page_1' title='image "/cluster/home/n/w/nwhite01/storage/ocr_20150623/10/coo.31924054872894/169.png"; bbox 0 0 4034 6412; ppageno 0'>
   <div class='ocr_carea' id='block_1_1' title="bbox 444 330 552 389">
    <p class='ocr_par' dir='ltr' id='par_1_1' title="bbox 444 330 552 389">
     <span class='ocr_line' id='line_1_1' title="bbox 444 330 552 389; baseline -0.019 0"><span class='ocrx_word' id='word_1_1' title='bbox 444 330 552 389; x_wconf 64' lang='grc'><strong>515</strong></span> 
     </span>
    </p>
   </div>
   <div class='ocr_carea' id='block_1_2' title="bbox 1443 302 2731 413">
    <p class='ocr_par' dir='ltr' id='par_1_2' title="bbox 1443 302 2731 413">
     <span class='ocr_line' id='line_1_2' title="bbox 1443 302 2731 413; baseline 0.002 -27"><span class='ocrx_word' id='word_1_2' title='bbox 1443 302 1528 388; x_wconf 76' lang='lat' dir='ltr'><strong>et:</strong></span> <span class='ocrx_word' id='word_1_3' title='bbox 1567 322 1733 413; x_wconf 69' lang='lat' dir='ltr'><strong>vmt</strong></span> <span class='ocrx_word' id='word_1_4' title='bbox 1773 330 1859 388; x_wconf 77' lang='lat' dir='ltr'><strong>ET</strong></span> <span class='ocrx_word' id='word_1_5' title='bbox 1900 331 2212 391; x_wconf 79' lang='lat' dir='ltr'><strong>SCRlP’l&#39;IS</strong></span> <span class='ocrx_word' id='word_1_6' title='bbox 2248 334 2312 391; x_wconf 89' lang='lat' dir='ltr'><strong>s.</strong></span> <span class='ocrx_word' id='word_1_7' title='bbox 2346 333 2731 391; x_wconf 80' lang='lat' dir='ltr'><strong>lllPPOLY‘l&#39;l.</strong></span> 
     </span>
    </p>
   </div>
   <div class='ocr_carea' id='block_1_3' title="bbox 3598 333 3701 388">
    <p class='ocr_par' dir='ltr' id='par_1_3' title="bbox 3598 333 3701 388">
     <span class='ocr_line' id='line_1_3' title="bbox 3598 333 3701 388; baseline 0.01 -1"><span class='ocrx_word' id='word_1_8' title='bbox 3598 333 3701 388; x_wconf 78' lang='lat' dir='ltr'><strong>3l6</strong></span> 
     </span>
    </p>
   </div>
   <div class='ocr_carea' id='block_1_4' title="bbox 450 451 3699 527">
    <p class='ocr_par' dir='ltr' id='par_1_4' title="bbox 450 451 3699 527">
     <span class='ocr_line' id='line_1_4' title="bbox 450 451 3699 527; baseline 0.001 -20"><span class='ocrx_word' id='word_1_9' title='bbox 450 456 533 513; x_wconf 80' lang='lat' dir='ltr'><strong>les</strong></span> <span class='ocrx_word' id='word_1_10' title='bbox 594 469 689 522; x_wconf 79' lang='lat' dir='ltr'><strong>p-r</strong></span> <span class='ocrx_word' id='word_1_11' title='bbox 741 463 949 524; x_wconf 77' lang='lat' dir='ltr'><strong>septem</strong></span> <span class='ocrx_word' id='word_1_12' title='bbox 1005 453 1332 511; x_wconf 84' lang='lat' dir='ltr'><strong>sedecettnia</strong></span> <span class='ocrx_word' id='word_1_13' title='bbox 1381 494 1394 507; x_wconf 94' lang='lat'><strong>.</strong></span> <span class='ocrx_word' id='word_1_14' title='bbox 1440 455 1749 525; x_wconf 90' lang='lat' dir='ltr'><strong>incipiendo</strong></span> <span class='ocrx_word' id='word_1_15' title='bbox 1788 456 1857 511; x_wconf 85' lang='lat' dir='ltr'><strong>ab</strong></span> <span class='ocrx_word' id='word_1_16' title='bbox 1880 471 2024 510; x_wconf 91' lang='lat' dir='ltr'><strong>anno</strong></span> <span class='ocrx_word' id='word_1_17' title='bbox 2052 464 2097 519; x_wconf 78' lang='grc' dir='ltr'><strong>Α</strong></span> <span class='ocrx_word' id='word_1_18' title='bbox 2127 473 2178 512; x_wconf 93' lang='lat' dir='ltr'><strong>tv</strong></span> <span class='ocrx_word' id='word_1_19' title='bbox 2206 456 2390 513; x_wconf 81' lang='lat' dir='ltr'><strong>Nonas</strong></span> <span class='ocrx_word' id='word_1_20' title='bbox 2429 457 2654 527; x_wconf 81' lang='lat' dir='ltr'><strong>Aprilis,</strong></span> <span class='ocrx_word' id='word_1_21' title='bbox 2696 455 3105 526; x_wconf 77' lang='lat' dir='ltr'><strong>l&#39;eriathtarta,</strong></span> <span class='ocrx_word' id='word_1_22' title='bbox 3141 451 3422 508; x_wconf 88' lang='lat' dir='ltr'><strong>Dominica</strong></span> <span class='ocrx_word' id='word_1_23' title='bbox 3471 454 3699 523; x_wconf 78' lang='lat' dir='ltr'><strong>pascha-</strong></span> 
     </span>
    </p>
   </div>
   <div class='ocr_carea' id='block_1_5' title="bbox 447 541 2028 618">
    <p class='ocr_par' dir='ltr' id='par_1_5' title="bbox 447 541 2028 618">
     <span class='ocr_line' id='line_1_5' title="bbox 447 541 2028 618; baseline 0.003 -20"><span class='ocrx_word' id='word_1_24' title='bbox 447 541 656 598; x_wconf 83' lang='lat' dir='ltr'><strong>Christi</strong></span> <span class='ocrx_word' id='word_1_25' title='bbox 683 544 811 611; x_wconf 82' lang='lat'><strong>222,</strong></span> <span class='ocrx_word' id='word_1_26' title='bbox 837 545 1027 599; x_wconf 88' lang='lat' dir='ltr'><strong>eodem</strong></span> <span class='ocrx_word' id='word_1_27' title='bbox 1058 546 1219 601; x_wconf 88' lang='lat' dir='ltr'><strong>modo</strong></span> <span class='ocrx_word' id='word_1_28' title='bbox 1260 560 1369 614; x_wconf 86' lang='lat' dir='ltr'><strong>quo</strong></span> <span class='ocrx_word' id='word_1_29' title='bbox 1414 546 1708 616; x_wconf 87' lang='lat' dir='ltr'><strong>plenilunia</strong></span> <span class='ocrx_word' id='word_1_30' title='bbox 1751 547 2028 618; x_wconf 80' lang='lat' dir='ltr'><strong>paschalia</strong></span> 
     </span>
    </p>
   </div>
   <div class='ocr_carea' id='block_1_6' title="bbox 450 632 2032 704">
    <p class='ocr_par' dir='ltr' id='par_1_6' title="bbox 450 632 2032 704">
     <span class='ocr_line' id='line_1_6' title="bbox 450 632 2032 704; baseline 0.003 -16"><span class='ocrx_word' id='word_1_31' title='bbox 450 633 508 688; x_wconf 85' lang='lat' dir='ltr'><strong>in</strong></span> <span class='ocrx_word' id='word_1_32' title='bbox 546 634 717 704; x_wconf 85' lang='lat' dir='ltr'><strong>priori</strong></span> <span class='ocrx_word' id='word_1_33' title='bbox 751 636 935 690; x_wconf 89' lang='lat' dir='ltr'><strong>tabula</strong></span> <span class='ocrx_word' id='word_1_34' title='bbox 966 644 1096 691; x_wconf 89' lang='lat' dir='ltr'><strong>sunt</strong></span> <span class='ocrx_word' id='word_1_35' title='bbox 1135 635 1435 704; x_wconf 85' lang='lat' dir='ltr'><strong>disposita;</strong></span> <span class='ocrx_word' id='word_1_36' title='bbox 1480 636 1570 691; x_wconf 91' lang='lat' dir='ltr'><strong>ubi</strong></span> <span class='ocrx_word' id='word_1_37' title='bbox 1622 632 1802 692; x_wconf 81' lang='lat' dir='ltr'><strong>tamen</strong></span> <span class='ocrx_word' id='word_1_38' title='bbox 1833 646 2032 692; x_wconf 87' lang='lat' dir='ltr'><strong>notan-</strong></span> 
     </span>
    </p>
   </div>
   <div class='ocr_carea' id='block_1_7' title="bbox 449 727 2026 799">
    <p class='ocr_par' dir='ltr' id='par_1_7' title="bbox 449 727 2026 799">
     <span class='ocr_line' id='line_1_7' title="bbox 449 727 2026 799; baseline 0.004 -20"><span class='ocrx_word' id='word_1_39' title='bbox 449 727 603 792; x_wconf 91' lang='lat' dir='ltr'><strong>dum,</strong></span> <span class='ocrx_word' id='word_1_40' title='bbox 643 727 789 797; x_wconf 93' lang='lat' dir='ltr'><strong>quod</strong></span> <span class='ocrx_word' id='word_1_41' title='bbox 819 730 864 784; x_wconf 91' lang='lat' dir='ltr'><strong>si</strong></span> <span class='ocrx_word' id='word_1_42' title='bbox 915 729 1274 799; x_wconf 83' lang='lat' dir='ltr'><strong>plenilunium</strong></span> <span class='ocrx_word' id='word_1_43' title='bbox 1329 731 1380 783; x_wconf 89' lang='lat' dir='ltr'><strong>in</strong></span> <span class='ocrx_word' id='word_1_44' title='bbox 1415 730 1712 785; x_wconf 83' lang='lat' dir='ltr'><strong>Sabbatum</strong></span> <span class='ocrx_word' id='word_1_45' title='bbox 1756 730 2026 797; x_wconf 90' lang='lat' dir='ltr'><strong>inciderit,</strong></span> 
     </span>
    </p>
   </div>
   <div class='ocr_carea' id='block_1_8' title="bbox 448 817 2029 893">
    <p class='ocr_par' dir='ltr' id='par_1_8' title="bbox 448 817 2029 893">
     <span class='ocr_line' id='line_1_8' title="bbox 448 817 2029 893; baseline 0.004 -21"><span class='ocrx_word' id='word_1_46' title='bbox 448 817 733 874; x_wconf 90' lang='lat' dir='ltr'><strong>Dominica</strong></span> <span class='ocrx_word' id='word_1_47' title='bbox 762 835 997 893; x_wconf 89' lang='lat' dir='ltr'><strong>sequens</strong></span> <span class='ocrx_word' id='word_1_48' title='bbox 1019 836 1126 875; x_wconf 89' lang='lat' dir='ltr'><strong>non</strong></span> <span class='ocrx_word' id='word_1_49' title='bbox 1147 822 1214 877; x_wconf 83' lang='lat' dir='ltr'><strong>sit</strong></span> <span class='ocrx_word' id='word_1_50' title='bbox 1246 824 1542 892; x_wconf 84' lang='lat' dir='ltr'><strong>paschalis,</strong></span> <span class='ocrx_word' id='word_1_51' title='bbox 1564 824 1643 878; x_wconf 92' lang='lat' dir='ltr'><strong>uti</strong></span> <span class='ocrx_word' id='word_1_52' title='bbox 1673 822 2029 879; x_wconf 76' lang='lat' dir='ltr'><strong>Alexandrini</strong></span> 
     </span>
    </p>
   </div>
   <div class='ocr_carea' id='block_1_9' title="bbox 447 912 2026 980">
    <p class='ocr_par' dir='ltr' id='par_1_9' title="bbox 447 912 2026 980">
     <span class='ocr_line' id='line_1_9' title="bbox 447 912 2026 980; baseline 0.004 -16"><span class='ocrx_word' id='word_1_53' title='bbox 447 912 832 980; x_wconf 72' lang='lat' dir='ltr'><strong>observabant,</strong></span> <span class='ocrx_word' id='word_1_54' title='bbox 888 915 983 969; x_wconf 92' lang='lat' dir='ltr'><strong>sed</strong></span> <span class='ocrx_word' id='word_1_55' title='bbox 1037 929 1188 970; x_wconf 86' lang='lat' dir='ltr'><strong>more</strong></span> <span class='ocrx_word' id='word_1_56' title='bbox 1238 914 1558 971; x_wconf 86' lang='lat' dir='ltr'><strong>Latinorum</strong></span> <span class='ocrx_word' id='word_1_57' title='bbox 1604 916 1815 972; x_wconf 81' lang='lat' dir='ltr'><strong>Pascha</strong></span> <span class='ocrx_word' id='word_1_58' title='bbox 1858 917 2026 972; x_wconf 88' lang='lat' dir='ltr'><strong>altera</strong></span> 
     </span>
    </p>
   </div>
   <div class='ocr_carea' id='block_1_10' title="bbox 447 1003 2015 1079">
    <p class='ocr_par' dir='ltr' id='par_1_10' title="bbox 447 1003 2015 1079">
     <span class='ocr_line' id='line_1_10' title="bbox 447 1003 2015 1079; baseline 0.006 -21"><span class='ocrx_word' id='word_1_59' title='bbox 447 1003 729 1063; x_wconf 88' lang='lat' dir='ltr'><strong>Dominica</strong></span> <span class='ocrx_word' id='word_1_60' title='bbox 763 1024 883 1062; x_wconf 91' lang='lat' dir='ltr'><strong>eam</strong></span> <span class='ocrx_word' id='word_1_61' title='bbox 911 1010 1279 1079; x_wconf 84' lang='lat' dir='ltr'><strong>subsequente</strong></span> <span class='ocrx_word' id='word_1_62' title='bbox 1308 1012 1641 1067; x_wconf 86' lang='lat' dir='ltr'><strong>celebratum</strong></span> <span class='ocrx_word' id='word_1_63' title='bbox 1672 1013 1803 1066; x_wconf 90' lang='lat' dir='ltr'><strong>olim</strong></span> <span class='ocrx_word' id='word_1_64' title='bbox 1831 1011 2015 1067; x_wconf 83' lang='lat' dir='ltr'><strong>luerit.</strong></span> 
     </span>
    </p>
   </div>
   <div class='ocr_carea' id='block_1_11' title="bbox 447 1088 2020 1171">
    <p class='ocr_par' dir='ltr' id='par_1_11' title="bbox 447 1088 2020 1171">
     <span class='ocr_line' id='line_1_11' title="bbox 447 1088 2020 1171; baseline 0.005 -20"><span class='ocrx_word' id='word_1_65' title='bbox 447 1095 561 1163; x_wconf 87' lang='lat' dir='ltr'><strong>Sic,</strong></span> <span class='ocrx_word' id='word_1_66' title='bbox 598 1114 651 1153; x_wconf 93' lang='lat' dir='ltr'><strong>v.</strong></span> <span class='ocrx_word' id='word_1_67' title='bbox 684 1116 761 1169; x_wconf 91' lang='lat' dir='ltr'><strong>g.,</strong></span> <span class='ocrx_word' id='word_1_68' title='bbox 790 1115 935 1155; x_wconf 84' lang='lat' dir='ltr'><strong>anno</strong></span> <span class='ocrx_word' id='word_1_69' title='bbox 964 1100 1091 1163; x_wconf 83' lang='lat'><strong>222.</strong></span> <span class='ocrx_word' id='word_1_70' title='bbox 1119 1102 1476 1170; x_wconf 88' lang='lat' dir='ltr'><strong>plenilunium</strong></span> <span class='ocrx_word' id='word_1_71' title='bbox 1502 1104 1774 1171; x_wconf 74' lang='lat' dir='ltr'><strong>incidebat</strong></span> <span class='ocrx_word' id='word_1_72' title='bbox 1803 1104 1856 1158; x_wconf 93' lang='lat' dir='ltr'><strong>in</strong></span> <span class='ocrx_word' id='word_1_73' title='bbox 1893 1088 2020 1159; x_wconf 80' lang='lat' dir='ltr'><strong>ldus</strong></span> 
     </span>
    </p>
   </div>
   <div class='ocr_carea' id='block_1_12' title="bbox 441 1188 2015 1265">
    <p class='ocr_par' dir='ltr' id='par_1_12' title="bbox 441 1188 2015 1265">
     <span class='ocr_line' id='line_1_12' title="bbox 441 1188 2015 1265; baseline 0.006 -23"><span class='ocrx_word' id='word_1_74' title='bbox 441 1188 645 1256; x_wconf 83' lang='lat' dir='ltr'><strong>Aprilis</strong></span> <span class='ocrx_word' id='word_1_75' title='bbox 682 1190 956 1259; x_wconf 88' lang='lat' dir='ltr'><strong>Sabbato;</strong></span> <span class='ocrx_word' id='word_1_76' title='bbox 999 1192 1283 1249; x_wconf 90' lang='lat' dir='ltr'><strong>Dominica</strong></span> <span class='ocrx_word' id='word_1_77' title='bbox 1310 1197 1583 1265; x_wconf 82' lang='lat' dir='ltr'><strong>paschalis</strong></span> <span class='ocrx_word' id='word_1_78' title='bbox 1606 1213 1714 1252; x_wconf 83' lang='lat' dir='ltr'><strong>non</strong></span> <span class='ocrx_word' id='word_1_79' title='bbox 1740 1205 1855 1251; x_wconf 90' lang='lat' dir='ltr'><strong>erat</strong></span> <span class='ocrx_word' id='word_1_80' title='bbox 1883 1212 2015 1251; x_wconf 83' lang='lat' dir='ltr'><strong>xvnt</strong></span> 
     </span>
    </p>
   </div>
   <div class='ocr_carea' id='block_1_13' title="bbox 443 1277 2015 1361">
    <p class='ocr_par' dir='ltr' id='par_1_13' title="bbox 443 1277 2015 1361">
     <span class='ocr_line' id='line_1_13' title="bbox 443 1277 2015 1361; baseline 0.004 -27"><span class='ocrx_word' id='word_1_81' title='bbox 443 1277 564 1335; x_wconf 83' lang='lat' dir='ltr'><strong>Kal.</strong></span> <span class='ocrx_word' id='word_1_82' title='bbox 596 1280 742 1342; x_wconf 84' lang='lat' dir='ltr'><strong>Maii.</strong></span> <span class='ocrx_word' id='word_1_83' title='bbox 788 1299 939 1338; x_wconf 91' lang='lat' dir='ltr'><strong>more</strong></span> <span class='ocrx_word' id='word_1_84' title='bbox 979 1284 1493 1361; x_wconf 87' lang='lat' dir='ltr'><strong>Alexandrinorum,</strong></span> <span class='ocrx_word' id='word_1_85' title='bbox 1536 1289 1629 1343; x_wconf 89' lang='lat' dir='ltr'><strong>sed</strong></span> <span class='ocrx_word' id='word_1_86' title='bbox 1674 1303 1827 1343; x_wconf 88' lang='lat' dir='ltr'><strong>more</strong></span> <span class='ocrx_word' id='word_1_87' title='bbox 1867 1285 2015 1342; x_wconf 87' lang='lat' dir='ltr'><strong>Lati-</strong></span> 
     </span>
    </p>
   </div>
   <div class='ocr_carea' id='block_1_14' title="bbox 443 1375 2016 1459">
    <p class='ocr_par' dir='ltr' id='par_1_14' title="bbox 443 1375 2016 1459">
     <span class='ocr_line' id='line_1_14' title="bbox 443 1375 2016 1459; baseline 0.004 -30"><span class='ocrx_word' id='word_1_88' title='bbox 443 1388 640 1430; x_wconf 89' lang='lat' dir='ltr'><strong>norum</strong></span> <span class='ocrx_word' id='word_1_89' title='bbox 686 1375 899 1432; x_wconf 64' lang='lat' dir='ltr'><strong>xt&#39;Kal.</strong></span> <span class='ocrx_word' id='word_1_90' title='bbox 944 1377 1091 1435; x_wconf 82' lang='lat' dir='ltr'><strong>Maii.</strong></span> <span class='ocrx_word' id='word_1_91' title='bbox 1141 1381 1303 1435; x_wconf 76' lang='lat' dir='ltr'><strong>Anno</strong></span> <span class='ocrx_word' id='word_1_92' title='bbox 1327 1380 1457 1449; x_wconf 76' lang='lat'><strong>223,</strong></span> <span class='ocrx_word' id='word_1_93' title='bbox 1500 1381 1857 1459; x_wconf 87' lang='lat' dir='ltr'><strong>plenilunium</strong></span> <span class='ocrx_word' id='word_1_94' title='bbox 1898 1390 2016 1436; x_wconf 88' lang='lat' dir='ltr'><strong>erat</strong></span> 
     </span>
    </p>
   </div>
   <div class='ocr_carea' id='block_1_15' title="bbox 2133 546 3698 619">
    <p class='ocr_par' dir='ltr' id='par_1_15' title="bbox 2133 546 3698 619">
     <span class='ocr_line' id='line_1_15' title="bbox 2133 546 3698 619; baseline -0.003 -13"><span class='ocrx_word' id='word_1_95' title='bbox 2133 552 2203 606; x_wconf 90' lang='lat' dir='ltr'><strong>lis</strong></span> <span class='ocrx_word' id='word_1_96' title='bbox 2241 567 2335 605; x_wconf 87' lang='lat' dir='ltr'><strong>vnt</strong></span> <span class='ocrx_word' id='word_1_97' title='bbox 2370 550 2494 605; x_wconf 90' lang='lat' dir='ltr'><strong>ldus</strong></span> <span class='ocrx_word' id='word_1_98' title='bbox 2518 550 2740 619; x_wconf 80' lang='lat' dir='ltr'><strong>Aprilis.</strong></span> <span class='ocrx_word' id='word_1_99' title='bbox 2777 546 2908 603; x_wconf 84' lang='lat' dir='ltr'><strong>Item</strong></span> <span class='ocrx_word' id='word_1_100' title='bbox 2937 548 2991 602; x_wconf 90' lang='lat' dir='ltr'><strong>in</strong></span> <span class='ocrx_word' id='word_1_101' title='bbox 3027 547 3269 603; x_wconf 82' lang='lat' dir='ltr'><strong>secunda</strong></span> <span class='ocrx_word' id='word_1_102' title='bbox 3299 546 3575 611; x_wconf 87' lang='lat' dir='ltr'><strong>columna,</strong></span> <span class='ocrx_word' id='word_1_103' title='bbox 3603 561 3698 601; x_wconf 86' lang='lat' dir='ltr'><strong>seu</strong></span> 
     </span>
    </p>
   </div>
   <div class='ocr_carea' id='block_1_16' title="bbox 2134 635 3702 705">
    <p class='ocr_par' dir='ltr' id='par_1_16' title="bbox 2134 635 3702 705">
     <span class='ocr_line' id='line_1_16' title="bbox 2134 635 3702 705; baseline -0.003 -10"><span class='ocrx_word' id='word_1_104' title='bbox 2134 642 2375 696; x_wconf 86' lang='lat' dir='ltr'><strong>secundo</strong></span> <span class='ocrx_word' id='word_1_105' title='bbox 2409 639 2750 703; x_wconf 88' lang='lat' dir='ltr'><strong>sedecennio,</strong></span> <span class='ocrx_word' id='word_1_106' title='bbox 2776 639 2889 694; x_wconf 90' lang='lat' dir='ltr'><strong>sive</strong></span> <span class='ocrx_word' id='word_1_107' title='bbox 2913 653 3058 693; x_wconf 84' lang='lat' dir='ltr'><strong>anno</strong></span> <span class='ocrx_word' id='word_1_108' title='bbox 3082 635 3287 692; x_wconf 80' lang='lat' dir='ltr'><strong>Christi</strong></span> <span class='ocrx_word' id='word_1_109' title='bbox 3315 635 3441 702; x_wconf 78' lang='lat'><strong>258,</strong></span> <span class='ocrx_word' id='word_1_110' title='bbox 3471 635 3702 705; x_wconf 85' lang='lat' dir='ltr'><strong>plenilu-</strong></span> 
     </span>
    </p>
   </div>
   <div class='ocr_carea' id='block_1_17' title="bbox 2135 727 3701 801">
    <p class='ocr_par' dir='ltr' id='par_1_17' title="bbox 2135 727 3701 801">
     <span class='ocr_line' id='line_1_17' title="bbox 2135 727 3701 801; baseline -0.003 -13"><span class='ocrx_word' id='word_1_111' title='bbox 2135 736 2286 788; x_wconf 88' lang='lat' dir='ltr'><strong>nium</strong></span> <span class='ocrx_word' id='word_1_112' title='bbox 2330 743 2448 787; x_wconf 89' lang='lat' dir='ltr'><strong>erat</strong></span> <span class='ocrx_word' id='word_1_113' title='bbox 2496 732 2681 786; x_wconf 87' lang='lat' dir='ltr'><strong>Idibus</strong></span> <span class='ocrx_word' id='word_1_114' title='bbox 2713 731 2935 801; x_wconf 85' lang='lat' dir='ltr'><strong>Aprilis,</strong></span> <span class='ocrx_word' id='word_1_115' title='bbox 2963 730 3093 786; x_wconf 79' lang='lat' dir='ltr'><strong>feria</strong></span> <span class='ocrx_word' id='word_1_116' title='bbox 3135 739 3310 795; x_wconf 72' lang='lat' dir='ltr'><strong>sexta,</strong></span> <span class='ocrx_word' id='word_1_117' title='bbox 3340 738 3396 784; x_wconf 90' lang='lat' dir='ltr'><strong>et</strong></span> <span class='ocrx_word' id='word_1_118' title='bbox 3420 727 3701 783; x_wconf 84' lang='lat' dir='ltr'><strong>Dominica</strong></span> 
     </span>
    </p>
   </div>
   <div class='ocr_carea' id='block_1_18' title="bbox 2135 821 3702 897">
    <p class='ocr_par' dir='ltr' id='par_1_18' title="bbox 2135 821 3702 897">
     <span class='ocr_line' id='line_1_18' title="bbox 2135 821 3702 897; baseline -0.006 -14"><span class='ocrx_word' id='word_1_119' title='bbox 2135 828 2409 897; x_wconf 81' lang='lat' dir='ltr'><strong>paschalis</strong></span> <span class='ocrx_word' id='word_1_120' title='bbox 2453 842 2564 882; x_wconf 83' lang='lat' dir='ltr'><strong>xvn</strong></span> <span class='ocrx_word' id='word_1_121' title='bbox 2607 824 2727 879; x_wconf 82' lang='lat' dir='ltr'><strong>Kal.</strong></span> <span class='ocrx_word' id='word_1_122' title='bbox 2756 823 2922 891; x_wconf 75' lang='lat' dir='ltr'><strong>Maii;</strong></span> <span class='ocrx_word' id='word_1_123' title='bbox 2951 831 3007 878; x_wconf 91' lang='lat' dir='ltr'><strong>et</strong></span> <span class='ocrx_word' id='word_1_124' title='bbox 3037 823 3111 877; x_wconf 88' lang='lat' dir='ltr'><strong>ita</strong></span> <span class='ocrx_word' id='word_1_125' title='bbox 3155 821 3413 891; x_wconf 85' lang='lat' dir='ltr'><strong>deinceps</strong></span> <span class='ocrx_word' id='word_1_126' title='bbox 3450 836 3544 890; x_wconf 89' lang='lat' dir='ltr'><strong>per</strong></span> <span class='ocrx_word' id='word_1_127' title='bbox 3574 821 3702 875; x_wconf 85' lang='lat' dir='ltr'><strong>reli-</strong></span> 
     </span>
    </p>
   </div>
   <div class='ocr_carea' id='block_1_19' title="bbox 2131 914 3700 990">
    <p class='ocr_par' dir='ltr' id='par_1_19' title="bbox 2131 914 3700 990">
     <span class='ocr_line' id='line_1_19' title="bbox 2131 914 3700 990; baseline -0.004 -15"><span class='ocrx_word' id='word_1_128' title='bbox 2131 934 2238 990; x_wconf 86' lang='lat' dir='ltr'><strong>qus</strong></span> <span class='ocrx_word' id='word_1_129' title='bbox 2290 918 2633 985; x_wconf 87' lang='lat' dir='ltr'><strong>sedeeennia,</strong></span> <span class='ocrx_word' id='word_1_130' title='bbox 2672 917 2875 988; x_wconf 84' lang='lat' dir='ltr'><strong>quibus</strong></span> <span class='ocrx_word' id='word_1_131' title='bbox 2924 915 3186 970; x_wconf 84' lang='lat' dir='ltr'><strong>absolutis</strong></span> <span class='ocrx_word' id='word_1_132' title='bbox 3236 914 3592 983; x_wconf 89' lang='lat' dir='ltr'><strong>plenilunium</strong></span> <span class='ocrx_word' id='word_1_133' title='bbox 3643 914 3700 968; x_wconf 91' lang='lat' dir='ltr'><strong>in</strong></span> 
     </span>
    </p>
   </div>
   <div class='ocr_carea' id='block_1_20' title="bbox 2128 1003 3703 1083">
    <p class='ocr_par' dir='ltr' id='par_1_20' title="bbox 2128 1003 3703 1083">
     <span class='ocr_line' id='line_1_20' title="bbox 2128 1003 3703 1083; baseline -0.004 -18"><span class='ocrx_word' id='word_1_134' title='bbox 2128 1010 2376 1083; x_wconf 88' lang='lat' dir='ltr'><strong>eumdem</strong></span> <span class='ocrx_word' id='word_1_135' title='bbox 2412 1010 2554 1065; x_wconf 88' lang='lat' dir='ltr'><strong>diem</strong></span> <span class='ocrx_word' id='word_1_136' title='bbox 2598 1008 2757 1078; x_wconf 92' lang='lat' dir='ltr'><strong>primi</strong></span> <span class='ocrx_word' id='word_1_137' title='bbox 2800 1006 3131 1066; x_wconf 86' lang='lat' dir='ltr'><strong>sedecennii.</strong></span> <span class='ocrx_word' id='word_1_138' title='bbox 3170 1014 3225 1058; x_wconf 85' lang='lat' dir='ltr'><strong>et</strong></span> <span class='ocrx_word' id='word_1_139' title='bbox 3259 1003 3471 1069; x_wconf 81' lang='lat' dir='ltr'><strong>feriam,</strong></span> <span class='ocrx_word' id='word_1_140' title='bbox 3495 1013 3550 1058; x_wconf 88' lang='lat' dir='ltr'><strong>et</strong></span> <span class='ocrx_word' id='word_1_141' title='bbox 3568 1017 3703 1058; x_wconf 80' lang='lat' dir='ltr'><strong>con-</strong></span> 
     </span>
    </p>
   </div>
   <div class='ocr_carea' id='block_1_21' title="bbox 2127 1097 3699 1173">
    <p class='ocr_par' dir='ltr' id='par_1_21' title="bbox 2127 1097 3699 1173">
     <span class='ocr_line' id='line_1_21' title="bbox 2127 1097 3699 1173; baseline -0.004 -16"><span class='ocrx_word' id='word_1_142' title='bbox 2127 1111 2422 1173; x_wconf 90' lang='lat' dir='ltr'><strong>sequenter</strong></span> <span class='ocrx_word' id='word_1_143' title='bbox 2464 1103 2629 1157; x_wconf 91' lang='lat' dir='ltr'><strong>etiam</strong></span> <span class='ocrx_word' id='word_1_144' title='bbox 2693 1101 2974 1156; x_wconf 83' lang='lat' dir='ltr'><strong>Dominica</strong></span> <span class='ocrx_word' id='word_1_145' title='bbox 3023 1098 3295 1170; x_wconf 87' lang='lat' dir='ltr'><strong>paschalis</strong></span> <span class='ocrx_word' id='word_1_146' title='bbox 3344 1098 3398 1153; x_wconf 93' lang='lat' dir='ltr'><strong>in</strong></span> <span class='ocrx_word' id='word_1_147' title='bbox 3447 1097 3699 1152; x_wconf 89' lang='lat' dir='ltr'><strong>eumdem</strong></span> 
     </span>
    </p>
   </div>
   <div class='ocr_carea' id='block_1_22' title="bbox 2123 1187 3701 1263">
    <p class='ocr_par' dir='ltr' id='par_1_22' title="bbox 2123 1187 3701 1263">
     <span class='ocr_line' id='line_1_22' title="bbox 2123 1187 3701 1263; baseline -0.004 -14"><span class='ocrx_word' id='word_1_148' title='bbox 2123 1195 2268 1250; x_wconf 89' lang='lat' dir='ltr'><strong>diem</strong></span> <span class='ocrx_word' id='word_1_149' title='bbox 2303 1194 2554 1250; x_wconf 87' lang='lat' dir='ltr'><strong>recurrit.</strong></span> <span class='ocrx_word' id='word_1_150' title='bbox 2573 1192 2760 1263; x_wconf 62' lang='lat' dir='ltr'><strong>rAtque</strong></span> <span class='ocrx_word' id='word_1_151' title='bbox 2781 1193 2887 1247; x_wconf 90' lang='lat' dir='ltr'><strong>hoc</strong></span> <span class='ocrx_word' id='word_1_152' title='bbox 2930 1192 3145 1247; x_wconf 87' lang='lat' dir='ltr'><strong>videtur</strong></span> <span class='ocrx_word' id='word_1_153' title='bbox 3176 1207 3297 1248; x_wconf 87' lang='lat' dir='ltr'><strong>esse</strong></span> <span class='ocrx_word' id='word_1_154' title='bbox 3338 1199 3572 1262; x_wconf 73' lang='lat' dir='ltr'><strong>systema</strong></span> <span class='ocrx_word' id='word_1_155' title='bbox 3600 1187 3701 1245; x_wconf 74' lang='lat' dir='ltr'><strong>Ca-</strong></span> 
     </span>
    </p>
   </div>
   <div class='ocr_carea' id='block_1_23' title="bbox 2122 1283 3702 1358">
    <p class='ocr_par' dir='ltr' id='par_1_23' title="bbox 2122 1283 3702 1358">
     <span class='ocr_line' id='line_1_23' title="bbox 2122 1283 3702 1358; baseline -0.004 -15"><span class='ocrx_word' id='word_1_156' title='bbox 2122 1289 2272 1343; x_wconf 76' lang='lat' dir='ltr'><strong>nonis</strong></span> <span class='ocrx_word' id='word_1_157' title='bbox 2318 1286 2584 1358; x_wconf 77' lang='lat' dir='ltr'><strong>paschalis</strong></span> <span class='ocrx_word' id='word_1_158' title='bbox 2626 1283 2686 1340; x_wconf 90' lang='lat' dir='ltr'><strong>S.</strong></span> <span class='ocrx_word' id='word_1_159' title='bbox 2732 1283 3023 1356; x_wconf 74' lang='lat' dir='ltr'><strong>Hippolyti.</strong></span> <span class='ocrx_word' id='word_1_160' title='bbox 3071 1283 3237 1340; x_wconf 85' lang='lat' dir='ltr'><strong>Plura</strong></span> <span class='ocrx_word' id='word_1_161' title='bbox 3265 1284 3435 1342; x_wconf 84' lang='lat' dir='ltr'><strong>videri</strong></span> <span class='ocrx_word' id='word_1_162' title='bbox 3469 1291 3702 1354; x_wconf 86' lang='lat' dir='ltr'><strong>possunt</strong></span> 
     </span>
    </p>
   </div>
   <div class='ocr_carea' id='block_1_24' title="bbox 2120 1380 2837 1452">
    <p class='ocr_par' dir='ltr' id='par_1_24' title="bbox 2120 1380 2837 1452">
     <span class='ocr_line' id='line_1_24' title="bbox 2120 1380 2837 1452; baseline 0 -17"><span class='ocrx_word' id='word_1_163' title='bbox 2120 1380 2262 1452; x_wconf 91' lang='lat' dir='ltr'><strong>apud</strong></span> <span class='ocrx_word' id='word_1_164' title='bbox 2284 1380 2534 1436; x_wconf 85' lang='lat' dir='ltr'><strong>laudatos</strong></span> <span class='ocrx_word' id='word_1_165' title='bbox 2566 1387 2837 1435; x_wconf 81' lang='lat' dir='ltr'><strong>auctores.</strong></span> 
     </span>
    </p>
   </div>
   <div class='ocr_carea' id='block_1_25' title="bbox 833 1866 3399 1993">
    <p class='ocr_par' dir='ltr' id='par_1_25' title="bbox 833 1866 3399 1993">
     <span class='ocr_line' id='line_1_25' title="bbox 833 1866 3399 1993; baseline 0 -15"><span class='ocrx_word' id='word_1_166' title='bbox 833 1918 932 1979; x_wconf 86' lang='lat' dir='ltr'><strong>DE</strong></span> <span class='ocrx_word' id='word_1_167' title='bbox 980 1917 1495 1981; x_wconf 75' lang='lat' dir='ltr'><strong>FHAGMENTIS</strong></span> <span class='ocrx_word' id='word_1_168' title='bbox 1557 1919 1882 1982; x_wconf 81' lang='lat' dir='ltr'><strong>OPERUM</strong></span> <span class='ocrx_word' id='word_1_169' title='bbox 1936 1920 1998 1981; x_wconf 92' lang='lat' dir='ltr'><strong>S.</strong></span> <span class='ocrx_word' id='word_1_170' title='bbox 2051 1919 2484 1981; x_wconf 84' lang='lat' dir='ltr'><strong>HIPPOLYTI</strong></span> <span class='ocrx_word' id='word_1_171' title='bbox 2531 1919 2633 1980; x_wconf 83' lang='lat' dir='ltr'><strong>ET</strong></span> <span class='ocrx_word' id='word_1_172' title='bbox 2678 1917 2784 1979; x_wconf 90' lang='lat' dir='ltr'><strong>DE</strong></span> <span class='ocrx_word' id='word_1_173' title='bbox 2832 1866 3329 1993; x_wconf 26' lang='lat' dir='ltr'><strong>DEPERD&#39;iLI‘lS.</strong></span> <span class='ocrx_word' id='word_1_174' title='bbox 3386 1902 3399 1923; x_wconf 39' lang='grc' dir='ltr'><strong>ί</strong></span> 
     </span>
    </p>
   </div>
   <div class='ocr_carea' id='block_1_26' title="bbox 992 2042 1465 2098">
    <p class='ocr_par' dir='ltr' id='par_1_26' title="bbox 992 2042 1465 2098">
     <span class='ocr_line' id='line_1_26' title="bbox 992 2042 1465 2098; baseline 0 -1"><span class='ocrx_word' id='word_1_175' title='bbox 992 2042 1390 2098; x_wconf 72' lang='lat' dir='ltr'><strong>Aﬁ&#39;l&#39;lllULUS</strong></span> <span class='ocrx_word' id='word_1_176' title='bbox 1429 2043 1465 2097; x_wconf 91' lang='grc' dir='ltr'><strong>Ι.</strong></span> 
     </span>
    </p>
   </div>
   <div class='ocr_carea' id='block_1_27' title="bbox 440 2187 2016 2234">
    <p class='ocr_par' dir='ltr' id='par_1_27' title="bbox 440 2187 2016 2234">
     <span class='ocr_line' id='line_1_27' title="bbox 440 2187 2016 2234; baseline 0.002 -3"><span class='ocrx_word' id='word_1_177' title='bbox 440 2187 512 2231; x_wconf 65' lang='grc' dir='ltr'><strong>»ε</strong></span> <span class='ocrx_word' id='word_1_178' title='bbox 551 2190 945 2233; x_wconf 62' lang='grc' dir='ltr'><strong>εοωιεκτλῐυιδ</strong></span> <span class='ocrx_word' id='word_1_179' title='bbox 987 2193 1032 2231; x_wconf 72' lang='grc' dir='ltr'><strong>ε.</strong></span> <span class='ocrx_word' id='word_1_180' title='bbox 1069 2193 1349 2232; x_wconf 74' lang='lat' dir='ltr'><strong>HIPPOLY&#39;I&#39;I</strong></span> <span class='ocrx_word' id='word_1_181' title='bbox 1393 2194 1443 2231; x_wconf 75' lang='lat' dir='ltr'><strong>IN</strong></span> <span class='ocrx_word' id='word_1_182' title='bbox 1485 2194 1668 2234; x_wconf 74' lang='lat' dir='ltr'><strong>LIBROS</strong></span> <span class='ocrx_word' id='word_1_183' title='bbox 1695 2190 1919 2234; x_wconf 69' lang='lat' dir='ltr'><strong>\‘ETEHLS</strong></span> <span class='ocrx_word' id='word_1_184' title='bbox 1948 2196 2016 2234; x_wconf 74' lang='grc' dir='ltr'><strong>ΕΤ</strong></span> 
     </span>
    </p>
   </div>
   <div class='ocr_carea' id='block_1_28' title="bbox 964 2262 1493 2302">
    <p class='ocr_par' dir='ltr' id='par_1_28' title="bbox 964 2262 1493 2302">
     <span class='ocr_line' id='line_1_28' title="bbox 964 2262 1493 2302; baseline 0 -1"><span class='ocrx_word' id='word_1_185' title='bbox 964 2262 1085 2301; x_wconf 72' lang='lat' dir='ltr'><strong>NOV!</strong></span> <span class='ocrx_word' id='word_1_186' title='bbox 1128 2264 1493 2302; x_wconf 73' lang='lat' dir='ltr'><strong>TES&#39;I&#39;AIENTI.</strong></span> 
     </span>
    </p>
   </div>
   <div class='ocr_carea' id='block_1_29' title="bbox 480 2383 1980 2455">
    <p class='ocr_par' dir='ltr' id='par_1_29' title="bbox 480 2383 1980 2455">
     <span class='ocr_line' id='line_1_29' title="bbox 480 2383 1980 2455; baseline 0.003 -18"><span class='ocrx_word' id='word_1_187' title='bbox 480 2383 509 2450; x_wconf 73' lang='lat'><strong>5</strong></span> <span class='ocrx_word' id='word_1_188' title='bbox 541 2383 579 2439; x_wconf 9' lang='lat' dir='ltr'><strong>li.</strong></span> <span class='ocrx_word' id='word_1_189' title='bbox 623 2385 1043 2440; x_wconf 70' lang='lat' dir='ltr'><strong>Commentaries</strong></span> <span class='ocrx_word' id='word_1_190' title='bbox 1070 2385 1129 2440; x_wconf 87' lang='lat' dir='ltr'><strong>S.</strong></span> <span class='ocrx_word' id='word_1_191' title='bbox 1163 2385 1441 2455; x_wconf 81' lang='lat' dir='ltr'><strong>Hippolyti</strong></span> <span class='ocrx_word' id='word_1_192' title='bbox 1480 2387 1536 2439; x_wconf 81' lang='lat' dir='ltr'><strong>in</strong></span> <span class='ocrx_word' id='word_1_193' title='bbox 1568 2383 1789 2441; x_wconf 67' lang='lat' dir='ltr'><strong>Caussin</strong></span> <span class='ocrx_word' id='word_1_194' title='bbox 1835 2399 1885 2441; x_wconf 82' lang='lat' dir='ltr'><strong>et</strong></span> <span class='ocrx_word' id='word_1_195' title='bbox 1926 2390 1980 2441; x_wconf 81' lang='lat' dir='ltr'><strong>in</strong></span> 
     </span>
    </p>
   </div>
   <div class='ocr_carea' id='block_1_30' title="bbox 722 2455 1397 2538">
    <p class='ocr_par' dir='ltr' id='par_1_30' title="bbox 920 2455 1397 2510">
     <span class='ocr_line' id='line_1_30' title="bbox 920 2455 1397 2510; baseline -0.004 -1"><span class='ocrx_word' id='word_1_196' title='bbox 920 2460 927 2464; x_wconf 86' lang='grc'><em>’</em></span> <span class='ocrx_word' id='word_1_197' title='bbox 1017 2455 1397 2510; x_wconf 72' lang='lat' dir='ltr'><strong>Hexaemeron.</strong></span> 
     </span>
    </p>
   </div>
   <div class='ocr_carea' id='block_1_31' title="bbox 511 2568 2019 2644">
    <p class='ocr_par' dir='ltr' id='par_1_31' title="bbox 511 2568 2019 2644">
     <span class='ocr_line' id='line_1_31' title="bbox 511 2568 2019 2644; baseline 0.005 -22"><span class='ocrx_word' id='word_1_198' title='bbox 511 2568 753 2640; x_wconf 87' lang='lat' dir='ltr'><strong>Exiguus</strong></span> <span class='ocrx_word' id='word_1_199' title='bbox 778 2579 866 2625; x_wconf 89' lang='lat' dir='ltr'><strong>est</strong></span> <span class='ocrx_word' id='word_1_200' title='bbox 903 2570 1256 2641; x_wconf 88' lang='lat' dir='ltr'><strong>scriptorum,</strong></span> <span class='ocrx_word' id='word_1_201' title='bbox 1297 2587 1420 2641; x_wconf 64' lang='lat' dir='ltr'><strong>quae</strong></span> <span class='ocrx_word' id='word_1_202' title='bbox 1446 2580 1682 2639; x_wconf 81' lang='lat' dir='ltr'><strong>exstant,</strong></span> <span class='ocrx_word' id='word_1_203' title='bbox 1725 2571 1783 2627; x_wconf 93' lang='lat' dir='ltr'><strong>S.</strong></span> <span class='ocrx_word' id='word_1_204' title='bbox 1822 2572 2019 2644; x_wconf 89' lang='lat' dir='ltr'><strong>Hippo-</strong></span> 
     </span>
    </p>
   </div>
   <div class='ocr_carea' id='block_1_32' title="bbox 435 2658 2018 2734">
    <p class='ocr_par' dir='ltr' id='par_1_32' title="bbox 435 2658 2018 2734">
     <span class='ocr_line' id='line_1_32' title="bbox 435 2658 2018 2734; baseline 0.004 -18"><span class='ocrx_word' id='word_1_205' title='bbox 435 2658 532 2733; x_wconf 71' lang='lat' dir='ltr'><strong>lyti</strong></span> <span class='ocrx_word' id='word_1_206' title='bbox 563 2678 848 2728; x_wconf 90' lang='lat' dir='ltr'><strong>numerus,</strong></span> <span class='ocrx_word' id='word_1_207' title='bbox 889 2665 934 2718; x_wconf 89' lang='lat' dir='ltr'><strong>si</strong></span> <span class='ocrx_word' id='word_1_208' title='bbox 967 2679 1091 2719; x_wconf 89' lang='lat' dir='ltr'><strong>cum</strong></span> <span class='ocrx_word' id='word_1_209' title='bbox 1125 2664 1193 2719; x_wconf 91' lang='lat' dir='ltr'><strong>iis</strong></span> <span class='ocrx_word' id='word_1_210' title='bbox 1247 2662 1522 2727; x_wconf 81' lang='lat' dir='ltr'><strong>conferas,</strong></span> <span class='ocrx_word' id='word_1_211' title='bbox 1567 2679 1690 2734; x_wconf 67' lang='lat' dir='ltr'><strong>quae</strong></span> <span class='ocrx_word' id='word_1_212' title='bbox 1734 2666 2018 2722; x_wconf 69' lang='lat' dir='ltr'><strong>inter&#39;de—</strong></span> 
     </span>
    </p>
   </div>
   <div class='ocr_carea' id='block_1_33' title="bbox 438 2754 2019 2827">
    <p class='ocr_par' dir='ltr' id='par_1_33' title="bbox 438 2754 2019 2827">
     <span class='ocr_line' id='line_1_33' title="bbox 438 2754 2019 2827; baseline 0.003 -19"><span class='ocrx_word' id='word_1_213' title='bbox 438 2756 647 2823; x_wconf 79' lang='lat' dir='ltr'><strong>perdita</strong></span> <span class='ocrx_word' id='word_1_214' title='bbox 681 2772 1056 2811; x_wconf 87' lang='lat' dir='ltr'><strong>numeramus.</strong></span> <span class='ocrx_word' id='word_1_215' title='bbox 1083 2754 1209 2811; x_wconf 70' lang='lat' dir='ltr'><strong>Haec</strong></span> <span class='ocrx_word' id='word_1_216' title='bbox 1247 2766 1394 2811; x_wconf 87' lang='lat' dir='ltr'><strong>certe</strong></span> <span class='ocrx_word' id='word_1_217' title='bbox 1420 2756 1654 2826; x_wconf 80' lang='lat' dir='ltr'><strong>jactura,</strong></span> <span class='ocrx_word' id='word_1_218' title='bbox 1691 2772 1812 2827; x_wconf 64' lang='lat' dir='ltr'><strong>qua:</strong></span> <span class='ocrx_word' id='word_1_219' title='bbox 1850 2759 2019 2813; x_wconf 80' lang='lat' dir='ltr'><strong>senti-</strong></span> 
     </span>
    </p>
   </div>
   <div class='ocr_carea' id='block_1_34' title="bbox 436 2847 2029 2917">
    <p class='ocr_par' dir='ltr' id='par_1_34' title="bbox 436 2847 2029 2917">
     <span class='ocr_line' id='line_1_34' title="bbox 436 2847 2029 2917; baseline 0.002 -15"><span class='ocrx_word' id='word_1_220' title='bbox 436 2858 527 2902; x_wconf 88' lang='lat' dir='ltr'><strong>tur</strong></span> <span class='ocrx_word' id='word_1_221' title='bbox 555 2848 729 2917; x_wconf 79' lang='lat' dir='ltr'><strong>magis</strong></span> <span class='ocrx_word' id='word_1_222' title='bbox 765 2864 862 2917; x_wconf 91' lang='lat' dir='ltr'><strong>per</strong></span> <span class='ocrx_word' id='word_1_223' title='bbox 892 2847 1190 2915; x_wconf 77' lang='lat' dir='ltr'><strong>subiectam</strong></span> <span class='ocrx_word' id='word_1_224' title='bbox 1222 2848 1597 2903; x_wconf 87' lang='lat' dir='ltr'><strong>collectionem</strong></span> <span class='ocrx_word' id='word_1_225' title='bbox 1630 2849 1937 2917; x_wconf 86' lang='lat' dir='ltr'><strong>titulorum,</strong></span> <span class='ocrx_word' id='word_1_226' title='bbox 1963 2849 2029 2906; x_wconf 82' lang='lat' dir='ltr'><strong>et‘</strong></span> 
     </span>
    </p>
   </div>
   <div class='ocr_carea' id='block_1_35' title="bbox 435 2926 2018 3012">
    <p class='ocr_par' dir='ltr' id='par_1_35' title="bbox 435 2926 2018 3012">
     <span class='ocr_line' id='line_1_35' title="bbox 435 2926 2018 3012; baseline 0.004 -19"><span class='ocrx_word' id='word_1_227' title='bbox 435 2942 840 2995; x_wconf 88' lang='lat' dir='ltr'><strong>enarrationem</strong></span> <span class='ocrx_word' id='word_1_228' title='bbox 905 2943 1240 2997; x_wconf 83' lang='lat' dir='ltr'><strong>succinctam</strong></span> <span class='ocrx_word' id='word_1_229' title='bbox 1307 2957 1473 3011; x_wconf 91' lang='lat' dir='ltr'><strong>quam</strong></span> <span class='ocrx_word' id='word_1_230' title='bbox 1526 2952 1651 3012; x_wconf 85' lang='lat' dir='ltr'><strong>post</strong></span> <span class='ocrx_word' id='word_1_231' title='bbox 1691 2926 1910 3001; x_wconf 71' lang='lat' dir='ltr'><strong>veteres</strong></span> <span class='ocrx_word' id='word_1_232' title='bbox 1949 2944 2018 2999; x_wconf 87' lang='lat' dir='ltr'><strong>de</strong></span> 
     </span>
    </p>
   </div>
   <div class='ocr_carea' id='block_1_36' title="bbox 436 3024 2017 3093">
    <p class='ocr_par' dir='ltr' id='par_1_36' title="bbox 436 3024 2017 3093">
     <span class='ocr_line' id='line_1_36' title="bbox 436 3024 2017 3093; baseline 0.003 -6"><span class='ocrx_word' id='word_1_233' title='bbox 436 3033 653 3087; x_wconf 90' lang='lat' dir='ltr'><strong>cunctis</strong></span> <span class='ocrx_word' id='word_1_234' title='bbox 677 3033 777 3086; x_wconf 89' lang='lat' dir='ltr'><strong>viri</strong></span> <span class='ocrx_word' id='word_1_235' title='bbox 816 3033 992 3088; x_wconf 86' lang='lat' dir='ltr'><strong>sancti</strong></span> <span class='ocrx_word' id='word_1_236' title='bbox 1030 3024 1589 3091; x_wconf 85' lang='lat' dir='ltr'><strong>commentationibus</strong></span> <span class='ocrx_word' id='word_1_237' title='bbox 1620 3036 1782 3092; x_wconf 89' lang='lat' dir='ltr'><strong>hodie</strong></span> <span class='ocrx_word' id='word_1_238' title='bbox 1805 3037 2017 3093; x_wconf 79' lang='lat' dir='ltr'><strong>deside-</strong></span> 
     </span>
    </p>
   </div>
   <div class='ocr_carea' id='block_1_37' title="bbox 436 3124 2013 3195">
    <p class='ocr_par' dir='ltr' id='par_1_37' title="bbox 436 3124 2013 3195">
     <span class='ocr_line' id='line_1_37' title="bbox 436 3124 2013 3195; baseline 0.005 -19"><span class='ocrx_word' id='word_1_239' title='bbox 436 3124 573 3178; x_wconf 87' lang='lat' dir='ltr'><strong>ratis</strong></span> <span class='ocrx_word' id='word_1_240' title='bbox 611 3124 1012 3190; x_wconf 76' lang='lat' dir='ltr'><strong>exhibebimus,</strong></span> <span class='ocrx_word' id='word_1_241' title='bbox 1058 3140 1246 3195; x_wconf 65' lang='lat' dir='ltr'><strong>quaeve</strong></span> <span class='ocrx_word' id='word_1_242' title='bbox 1280 3126 1545 3195; x_wconf 89' lang='lat' dir='ltr'><strong>stupenda</strong></span> <span class='ocrx_word' id='word_1_243' title='bbox 1591 3127 1825 3183; x_wconf 88' lang='lat' dir='ltr'><strong>videtur.</strong></span> <span class='ocrx_word' id='word_1_244' title='bbox 1858 3125 2013 3184; x_wconf 87' lang='lat' dir='ltr'><strong>Nulla</strong></span> 
     </span>
    </p>
   </div>
   <div class='ocr_carea' id='block_1_38' title="bbox 435 3214 2015 3289">
    <p class='ocr_par' dir='ltr' id='par_1_38' title="bbox 435 3214 2015 3289">
     <span class='ocr_line' id='line_1_38' title="bbox 435 3214 2015 3289; baseline 0.006 -22"><span class='ocrx_word' id='word_1_245' title='bbox 435 3229 606 3285; x_wconf 91' lang='lat' dir='ltr'><strong>prope</strong></span> <span class='ocrx_word' id='word_1_246' title='bbox 631 3214 928 3286; x_wconf 67' lang='lat' dir='ltr'><strong>Scriptura:</strong></span> <span class='ocrx_word' id='word_1_247' title='bbox 959 3232 1108 3287; x_wconf 90' lang='lat' dir='ltr'><strong>pars,</strong></span> <span class='ocrx_word' id='word_1_248' title='bbox 1140 3218 1229 3272; x_wconf 88' lang='lat' dir='ltr'><strong>cui</strong></span> <span class='ocrx_word' id='word_1_249' title='bbox 1260 3234 1370 3273; x_wconf 90' lang='lat' dir='ltr'><strong>non</strong></span> <span class='ocrx_word' id='word_1_250' title='bbox 1397 3220 1733 3289; x_wconf 64' lang='lat' dir='ltr'><strong>explicandae</strong></span> <span class='ocrx_word' id='word_1_251' title='bbox 1761 3230 1857 3276; x_wconf 90' lang='lat' dir='ltr'><strong>aut</strong></span> <span class='ocrx_word' id='word_1_252' title='bbox 1881 3235 2015 3276; x_wconf 80' lang='lat' dir='ltr'><strong>eno-</strong></span> 
     </span>
    </p>
   </div>
   <div class='ocr_carea' id='block_1_39' title="bbox 433 3306 2009 3389">
    <p class='ocr_par' dir='ltr' id='par_1_39' title="bbox 433 3306 2009 3389">
     <span class='ocr_line' id='line_1_39' title="bbox 433 3306 2009 3389; baseline 0.006 -31"><span class='ocrx_word' id='word_1_253' title='bbox 433 3306 633 3363; x_wconf 85' lang='lat' dir='ltr'><strong>dandis</strong></span> <span class='ocrx_word' id='word_1_254' title='bbox 690 3308 744 3362; x_wconf 91' lang='lat' dir='ltr'><strong>in</strong></span> <span class='ocrx_word' id='word_1_255' title='bbox 797 3324 860 3364; x_wconf 89' lang='lat' dir='ltr'><strong>ea</strong></span> <span class='ocrx_word' id='word_1_256' title='bbox 909 3307 1317 3365; x_wconf 76' lang='lat' dir='ltr'><strong>difﬁcultatibus</strong></span> <span class='ocrx_word' id='word_1_257' title='bbox 1363 3311 1639 3382; x_wconf 83' lang='lat' dir='ltr'><strong>ingenium</strong></span> <span class='ocrx_word' id='word_1_258' title='bbox 1685 3313 2009 3389; x_wconf 61' lang='lat' dir='ltr'><strong>exercuerit.</strong></span> 
     </span>
    </p>
   </div>
   <div class='ocr_carea' id='block_1_40' title="bbox 2051 2038 3697 2116">
    <p class='ocr_par' dir='ltr' id='par_1_40' title="bbox 2051 2038 3697 2116">
     <span class='ocr_line' id='line_1_40' title="bbox 2051 2038 3697 2116; baseline -0.004 -17"><span class='ocrx_word' id='word_1_259' title='bbox 2051 2047 2095 2107; x_wconf 83' lang='grc' dir='ltr'><strong>Β</strong></span> <span class='ocrx_word' id='word_1_260' title='bbox 2124 2046 2404 2116; x_wconf 85' lang='lat' dir='ltr'><strong>designent</strong></span> <span class='ocrx_word' id='word_1_261' title='bbox 2425 2042 2694 2114; x_wconf 85' lang='lat' dir='ltr'><strong>Hippolyti</strong></span> <span class='ocrx_word' id='word_1_262' title='bbox 2726 2042 3132 2098; x_wconf 86' lang='lat' dir='ltr'><strong>lucubrationes</strong></span> <span class='ocrx_word' id='word_1_263' title='bbox 3176 2038 3257 2104; x_wconf 72' lang='lat' dir='ltr'><strong>sic;</strong></span> <span class='ocrx_word' id='word_1_264' title='bbox 3297 2048 3368 2094; x_wconf 67' lang='grc' dir='ltr'><strong>τὰ</strong></span> <span class='ocrx_word' id='word_1_265' title='bbox 3420 2039 3555 2111; x_wconf 79' lang='grc' dir='ltr'><strong>μετὰ</strong></span> <span class='ocrx_word' id='word_1_266' title='bbox 3595 2038 3697 2111; x_wconf 68' lang='grc' dir='ltr'><strong>τὴν</strong></span> 
     </span>
    </p>
   </div>
   <div class='ocr_carea' id='block_1_41' title="bbox 2119 2130 3696 2208">
    <p class='ocr_par' dir='ltr' id='par_1_41' title="bbox 2119 2130 3696 2208">
     <span class='ocr_line' id='line_1_41' title="bbox 2119 2130 3696 2208; baseline -0.003 -17"><span class='ocrx_word' id='word_1_267' title='bbox 2119 2137 2441 2208; x_wconf 79' lang='grc' dir='ltr'><strong>ἑξαήμερον,</strong></span> <span class='ocrx_word' id='word_1_268' title='bbox 2476 2143 2530 2189; x_wconf 92' lang='lat' dir='ltr'><strong>et</strong></span> <span class='ocrx_word' id='word_1_269' title='bbox 2577 2137 2658 2198; x_wconf 72' lang='lat' dir='ltr'><strong>sic</strong></span> <span class='ocrx_word' id='word_1_270' title='bbox 2686 2134 2787 2205; x_wconf 79' lang='grc' dir='ltr'><strong>τὴν</strong></span> <span class='ocrx_word' id='word_1_271' title='bbox 2816 2132 3137 2205; x_wconf 75' lang='grc' dir='ltr'><strong>ἑξαήμερον.</strong></span> <span class='ocrx_word' id='word_1_272' title='bbox 3167 2130 3329 2187; x_wconf 81' lang='lat' dir='ltr'><strong>Juxta</strong></span> <span class='ocrx_word' id='word_1_273' title='bbox 3365 2132 3507 2187; x_wconf 87' lang='lat' dir='ltr'><strong>hanc</strong></span> <span class='ocrx_word' id='word_1_274' title='bbox 3530 2132 3696 2202; x_wconf 88' lang='lat' dir='ltr'><strong>igitur</strong></span> 
     </span>
    </p>
   </div>
   <div class='ocr_carea' id='block_1_42' title="bbox 2118 2208 3709 2296">
    <p class='ocr_par' dir='ltr' id='par_1_42' title="bbox 2118 2208 3709 2296">
     <span class='ocr_line' id='line_1_42' title="bbox 2118 2208 3709 2296; baseline -0.004 -14"><span class='ocrx_word' id='word_1_275' title='bbox 2118 2214 2612 2296; x_wconf 83' lang='lat' dir='ltr'><strong>interpretationem</strong></span> <span class='ocrx_word' id='word_1_276' title='bbox 2656 2226 2705 2280; x_wconf 92' lang='lat' dir='ltr'><strong>le</strong></span> <span class='ocrx_word' id='word_1_277' title='bbox 2748 2222 2955 2295; x_wconf 78' lang='lat' dir='ltr'><strong>Moynii</strong></span> <span class='ocrx_word' id='word_1_278' title='bbox 2988 2208 3295 2293; x_wconf 72' lang='lat' dir='ltr'><strong>scripsisset</strong></span> <span class='ocrx_word' id='word_1_279' title='bbox 3338 2223 3397 2291; x_wconf 75' lang='lat' dir='ltr'><strong>S.</strong></span> <span class='ocrx_word' id='word_1_280' title='bbox 3437 2221 3709 2293; x_wconf 43' lang='lat' dir='ltr'><strong>Hippolya</strong></span> 
     </span>
    </p>
   </div>
   <div class='ocr_carea' id='block_1_43' title="bbox 2119 2315 3696 2385">
    <p class='ocr_par' dir='ltr' id='par_1_43' title="bbox 2119 2315 3696 2385">
     <span class='ocr_line' id='line_1_43' title="bbox 2119 2315 3696 2385; baseline -0.002 -13"><span class='ocrx_word' id='word_1_281' title='bbox 2119 2328 2208 2373; x_wconf 88' lang='lat' dir='ltr'><strong>tus</strong></span> <span class='ocrx_word' id='word_1_282' title='bbox 2238 2317 2628 2373; x_wconf 89' lang='lat' dir='ltr'><strong>commentaria</strong></span> <span class='ocrx_word' id='word_1_283' title='bbox 2672 2316 2725 2369; x_wconf 93' lang='lat' dir='ltr'><strong>in</strong></span> <span class='ocrx_word' id='word_1_284' title='bbox 2772 2316 3010 2385; x_wconf 70' lang='lat' dir='ltr'><strong>primum</strong></span> <span class='ocrx_word' id='word_1_285' title='bbox 3062 2324 3115 2369; x_wconf 87' lang='lat' dir='ltr'><strong>et</strong></span> <span class='ocrx_word' id='word_1_286' title='bbox 3173 2315 3472 2370; x_wconf 89' lang='lat' dir='ltr'><strong>secundum</strong></span> <span class='ocrx_word' id='word_1_287' title='bbox 3529 2323 3696 2384; x_wconf 89' lang='lat' dir='ltr'><strong>caput</strong></span> 
     </span>
    </p>
   </div>
   <div class='ocr_carea' id='block_1_44' title="bbox 2117 2403 3691 2478">
    <p class='ocr_par' dir='ltr' id='par_1_44' title="bbox 2117 2403 3691 2478">
     <span class='ocr_line' id='line_1_44' title="bbox 2117 2403 3691 2478; baseline -0.001 -16"><span class='ocrx_word' id='word_1_288' title='bbox 2117 2407 2408 2478; x_wconf 77' lang='lat' dir='ltr'><strong>Geneseos,</strong></span> <span class='ocrx_word' id='word_1_289' title='bbox 2425 2422 2518 2461; x_wconf 91' lang='lat' dir='ltr'><strong>seu</strong></span> <span class='ocrx_word' id='word_1_290' title='bbox 2534 2409 2587 2460; x_wconf 91' lang='lat' dir='ltr'><strong>in</strong></span> <span class='ocrx_word' id='word_1_291' title='bbox 2602 2404 3016 2470; x_wconf 87' lang='lat' dir='ltr'><strong>Hexaemerum,</strong></span> <span class='ocrx_word' id='word_1_292' title='bbox 3036 2412 3090 2458; x_wconf 88' lang='lat' dir='ltr'><strong>et</strong></span> <span class='ocrx_word' id='word_1_293' title='bbox 3110 2406 3178 2460; x_wconf 91' lang='lat' dir='ltr'><strong>de</strong></span> <span class='ocrx_word' id='word_1_294' title='bbox 3204 2405 3272 2459; x_wconf 90' lang='lat' dir='ltr'><strong>iis</strong></span> <span class='ocrx_word' id='word_1_295' title='bbox 3287 2420 3409 2475; x_wconf 53' lang='lat' dir='ltr'><strong>quae</strong></span> <span class='ocrx_word' id='word_1_296' title='bbox 3433 2403 3576 2460; x_wconf 88' lang='lat' dir='ltr'><strong>Deus</strong></span> <span class='ocrx_word' id='word_1_297' title='bbox 3596 2419 3691 2460; x_wconf 89' lang='lat' dir='ltr'><strong>sex</strong></span> 
     </span>
    </p>
   </div>
   <div class='ocr_carea' id='block_1_45' title="bbox 2115 2496 3695 2568">
    <p class='ocr_par' dir='ltr' id='par_1_45' title="bbox 2115 2496 3695 2568">
     <span class='ocr_line' id='line_1_45' title="bbox 2115 2496 3695 2568; baseline -0.002 -14"><span class='ocrx_word' id='word_1_298' title='bbox 2115 2500 2309 2555; x_wconf 91' lang='lat' dir='ltr'><strong>diebus</strong></span> <span class='ocrx_word' id='word_1_299' title='bbox 2335 2498 2670 2561; x_wconf 87' lang='lat' dir='ltr'><strong>condiderat,</strong></span> <span class='ocrx_word' id='word_1_300' title='bbox 2692 2505 2745 2551; x_wconf 88' lang='lat' dir='ltr'><strong>et</strong></span> <span class='ocrx_word' id='word_1_301' title='bbox 2768 2496 2835 2551; x_wconf 80' lang='lat' dir='ltr'><strong>de</strong></span> <span class='ocrx_word' id='word_1_302' title='bbox 2856 2497 2922 2551; x_wconf 89' lang='lat' dir='ltr'><strong>iis</strong></span> <span class='ocrx_word' id='word_1_303' title='bbox 2947 2512 3067 2567; x_wconf 67' lang='lat' dir='ltr'><strong>qua:</strong></span> <span class='ocrx_word' id='word_1_304' title='bbox 3091 2498 3307 2568; x_wconf 86' lang='lat' dir='ltr'><strong>proprie</strong></span> <span class='ocrx_word' id='word_1_305' title='bbox 3337 2498 3614 2552; x_wconf 89' lang='lat' dir='ltr'><strong>hominem</strong></span> <span class='ocrx_word' id='word_1_306' title='bbox 3637 2508 3695 2551; x_wconf 86' lang='lat' dir='ltr'><strong>et</strong></span> 
     </span>
    </p>
   </div>
   <div class='ocr_carea' id='block_1_46' title="bbox 2118 2585 3691 2658">
    <p class='ocr_par' dir='ltr' id='par_1_46' title="bbox 2118 2585 3691 2658">
     <span class='ocr_line' id='line_1_46' title="bbox 2118 2585 3691 2658; baseline -0.001 -15"><span class='ocrx_word' id='word_1_307' title='bbox 2118 2590 2265 2644; x_wconf 92' lang='lat' dir='ltr'><strong>illius</strong></span> <span class='ocrx_word' id='word_1_308' title='bbox 2297 2590 2351 2644; x_wconf 90' lang='lat' dir='ltr'><strong>in</strong></span> <span class='ocrx_word' id='word_1_309' title='bbox 2382 2589 2695 2658; x_wconf 87' lang='lat' dir='ltr'><strong>paradisum</strong></span> <span class='ocrx_word' id='word_1_310' title='bbox 2738 2588 3154 2643; x_wconf 88' lang='lat' dir='ltr'><strong>collocationem</strong></span> <span class='ocrx_word' id='word_1_311' title='bbox 3186 2585 3534 2657; x_wconf 71' lang='lat' dir='ltr'><strong>spectabant;</strong></span> <span class='ocrx_word' id='word_1_312' title='bbox 3569 2602 3691 2653; x_wconf 87' lang='lat' dir='ltr'><strong>seu,</strong></span> 
     </span>
    </p>
   </div>
   <div class='ocr_carea' id='block_1_47' title="bbox 2117 2680 3696 2752">
    <p class='ocr_par' dir='ltr' id='par_1_47' title="bbox 2117 2680 3696 2752">
     <span class='ocr_line' id='line_1_47' title="bbox 2117 2680 3696 2752; baseline -0.004 -15"><span class='ocrx_word' id='word_1_313' title='bbox 2117 2691 2178 2737; x_wconf 91' lang='lat' dir='ltr'><strong>ut</strong></span> <span class='ocrx_word' id='word_1_314' title='bbox 2207 2683 2394 2752; x_wconf 90' lang='lat' dir='ltr'><strong>paucis</strong></span> <span class='ocrx_word' id='word_1_315' title='bbox 2420 2682 2621 2749; x_wconf 89' lang='lat' dir='ltr'><strong>dicam,</strong></span> <span class='ocrx_word' id='word_1_316' title='bbox 2647 2682 2803 2752; x_wconf 86' lang='lat' dir='ltr'><strong>juxta</strong></span> <span class='ocrx_word' id='word_1_317' title='bbox 2829 2682 2879 2736; x_wconf 90' lang='lat' dir='ltr'><strong>le</strong></span> <span class='ocrx_word' id='word_1_318' title='bbox 2901 2680 3178 2751; x_wconf 82' lang='lat' dir='ltr'><strong>Moynium</strong></span> <span class='ocrx_word' id='word_1_319' title='bbox 3208 2680 3518 2749; x_wconf 88' lang='lat' dir='ltr'><strong>scripsisset</strong></span> <span class='ocrx_word' id='word_1_320' title='bbox 3547 2693 3696 2732; x_wconf 89' lang='lat' dir='ltr'><strong>com-</strong></span> 
     </span>
    </p>
   </div>
   <div class='ocr_carea' id='block_1_48' title="bbox 2060 2756 3693 2844">
    <p class='ocr_par' dir='ltr' id='par_1_48' title="bbox 2060 2756 3693 2844">
     <span class='ocr_line' id='line_1_48' title="bbox 2060 2756 3693 2844; baseline -0.003 -16"><span class='ocrx_word' id='word_1_321' title='bbox 2060 2820 2067 2828; x_wconf 83' lang='lat'><strong>.</strong></span> <span class='ocrx_word' id='word_1_322' title='bbox 2116 2778 2444 2829; x_wconf 86' lang='lat' dir='ltr'><strong>mentarinm</strong></span> <span class='ocrx_word' id='word_1_323' title='bbox 2495 2776 2562 2830; x_wconf 90' lang='lat' dir='ltr'><strong>de</strong></span> <span class='ocrx_word' id='word_1_324' title='bbox 2606 2782 2751 2830; x_wconf 90' lang='lat' dir='ltr'><strong>statu</strong></span> <span class='ocrx_word' id='word_1_325' title='bbox 2798 2782 3264 2844; x_wconf 89' lang='lat' dir='ltr'><strong>protoparentum,</strong></span> <span class='ocrx_word' id='word_1_326' title='bbox 3311 2756 3379 2827; x_wconf 78' lang='lat' dir='ltr'><strong>de</strong></span> <span class='ocrx_word' id='word_1_327' title='bbox 3417 2771 3693 2826; x_wconf 79' lang='lat' dir='ltr'><strong>creatione</strong></span> 
     </span>
    </p>
   </div>
   <div class='ocr_carea' id='block_1_49' title="bbox 2116 2863 3691 2933">
    <p class='ocr_par' dir='ltr' id='par_1_49' title="bbox 2116 2863 3691 2933">
     <span class='ocr_line' id='line_1_49' title="bbox 2116 2863 3691 2933; baseline -0.003 -12"><span class='ocrx_word' id='word_1_328' title='bbox 2116 2868 2327 2933; x_wconf 85' lang='lat' dir='ltr'><strong>mundi,</strong></span> <span class='ocrx_word' id='word_1_329' title='bbox 2376 2876 2430 2923; x_wconf 91' lang='lat' dir='ltr'><strong>et</strong></span> <span class='ocrx_word' id='word_1_330' title='bbox 2479 2869 2548 2923; x_wconf 89' lang='lat' dir='ltr'><strong>de</strong></span> <span class='ocrx_word' id='word_1_331' title='bbox 2596 2868 2759 2923; x_wconf 88' lang='lat' dir='ltr'><strong>rebus</strong></span> <span class='ocrx_word' id='word_1_332' title='bbox 2785 2866 3117 2921; x_wconf 82' lang='lat' dir='ltr'><strong>viventibus.</strong></span> <span class='ocrx_word' id='word_1_333' title='bbox 3162 2865 3383 2930; x_wconf 83' lang='lat' dir='ltr'><strong>Verum,</strong></span> <span class='ocrx_word' id='word_1_334' title='bbox 3414 2863 3541 2918; x_wconf 89' lang='lat' dir='ltr'><strong>licet</strong></span> <span class='ocrx_word' id='word_1_335' title='bbox 3574 2865 3691 2917; x_wconf 68' lang='lat' dir='ltr'><strong>haec</strong></span> 
     </span>
    </p>
   </div>
   <div class='ocr_carea' id='block_1_50' title="bbox 2115 2956 3688 3031">
    <p class='ocr_par' dir='ltr' id='par_1_50' title="bbox 2115 2956 3688 3031">
     <span class='ocr_line' id='line_1_50' title="bbox 2115 2956 3688 3031; baseline -0.001 -18"><span class='ocrx_word' id='word_1_336' title='bbox 2115 2960 2298 3030; x_wconf 76' lang='lat' dir='ltr'><strong>opinio</strong></span> <span class='ocrx_word' id='word_1_337' title='bbox 2321 2961 2393 3015; x_wconf 86' lang='lat' dir='ltr'><strong>sit</strong></span> <span class='ocrx_word' id='word_1_338' title='bbox 2422 2961 2754 3031; x_wconf 88' lang='lat' dir='ltr'><strong>ingeniosior</strong></span> <span class='ocrx_word' id='word_1_339' title='bbox 2783 2966 2838 3014; x_wconf 90' lang='lat' dir='ltr'><strong>et</strong></span> <span class='ocrx_word' id='word_1_340' title='bbox 2875 2958 3049 3029; x_wconf 90' lang='lat' dir='ltr'><strong>magis</strong></span> <span class='ocrx_word' id='word_1_341' title='bbox 3090 2957 3353 3012; x_wconf 81' lang='lat' dir='ltr'><strong>naturalis</strong></span> <span class='ocrx_word' id='word_1_342' title='bbox 3392 2971 3555 3027; x_wconf 82' lang='lat' dir='ltr'><strong>quam</strong></span> <span class='ocrx_word' id='word_1_343' title='bbox 3595 2956 3688 3012; x_wconf 86' lang='lat' dir='ltr'><strong>illa</strong></span> 
     </span>
    </p>
   </div>
   <div class='ocr_carea' id='block_1_51' title="bbox 2116 3050 3689 3123">
    <p class='ocr_par' dir='ltr' id='par_1_51' title="bbox 2116 3050 3689 3123">
     <span class='ocr_line' id='line_1_51' title="bbox 2116 3050 3689 3123; baseline -0.003 -15"><span class='ocrx_word' id='word_1_344' title='bbox 2116 3051 2377 3123; x_wconf 82' lang='lat' dir='ltr'><strong>Scaligeri</strong></span> <span class='ocrx_word' id='word_1_345' title='bbox 2414 3054 2481 3109; x_wconf 91' lang='lat' dir='ltr'><strong>de</strong></span> <span class='ocrx_word' id='word_1_346' title='bbox 2509 3052 2742 3109; x_wconf 87' lang='lat' dir='ltr'><strong>Psalmis</strong></span> <span class='ocrx_word' id='word_1_347' title='bbox 2773 3050 3255 3122; x_wconf 74' lang='lat' dir='ltr'><strong>ptenitentialibus,</strong></span> <span class='ocrx_word' id='word_1_348' title='bbox 3293 3051 3569 3105; x_wconf 79' lang='lat' dir='ltr'><strong>latendum</strong></span> <span class='ocrx_word' id='word_1_349' title='bbox 3602 3060 3689 3104; x_wconf 86' lang='lat' dir='ltr'><strong>ta-</strong></span> 
     </span>
    </p>
   </div>
   <div class='ocr_carea' id='block_1_52' title="bbox 2113 3141 3686 3216">
    <p class='ocr_par' dir='ltr' id='par_1_52' title="bbox 2113 3141 3686 3216">
     <span class='ocr_line' id='line_1_52' title="bbox 2113 3141 3686 3216; baseline -0.002 -18"><span class='ocrx_word' id='word_1_350' title='bbox 2113 3160 2238 3199; x_wconf 85' lang='lat' dir='ltr'><strong>men</strong></span> <span class='ocrx_word' id='word_1_351' title='bbox 2284 3144 2536 3200; x_wconf 66' lang='lat' dir='ltr'><strong>n‘eutram</strong></span> <span class='ocrx_word' id='word_1_352' title='bbox 2592 3144 2704 3216; x_wconf 90' lang='lat' dir='ltr'><strong>(l8)</strong></span> <span class='ocrx_word' id='word_1_353' title='bbox 2748 3143 3035 3200; x_wconf 86' lang='lat' dir='ltr'><strong>certiorem</strong></span> <span class='ocrx_word' id='word_1_354' title='bbox 3065 3159 3207 3199; x_wconf 89' lang='lat' dir='ltr'><strong>esse.</strong></span> <span class='ocrx_word' id='word_1_355' title='bbox 3253 3141 3494 3211; x_wconf 85' lang='lat' dir='ltr'><strong>Utraque</strong></span> <span class='ocrx_word' id='word_1_356' title='bbox 3539 3143 3686 3196; x_wconf 87' lang='lat' dir='ltr'><strong>enim</strong></span> 
     </span>
    </p>
   </div>
   <div class='ocr_carea' id='block_1_53' title="bbox 2112 3235 3693 3309">
    <p class='ocr_par' dir='ltr' id='par_1_53' title="bbox 2112 3235 3693 3309">
     <span class='ocr_line' id='line_1_53' title="bbox 2112 3235 3693 3309; baseline -0.001 -19"><span class='ocrx_word' id='word_1_357' title='bbox 2112 3236 2271 3291; x_wconf 89' lang='lat' dir='ltr'><strong>unice</strong></span> <span class='ocrx_word' id='word_1_358' title='bbox 2298 3237 2563 3307; x_wconf 89' lang='lat' dir='ltr'><strong>dependet</strong></span> <span class='ocrx_word' id='word_1_359' title='bbox 2591 3238 2659 3292; x_wconf 86' lang='lat' dir='ltr'><strong>ab</strong></span> <span class='ocrx_word' id='word_1_360' title='bbox 2687 3238 3099 3309; x_wconf 88' lang='lat' dir='ltr'><strong>imaginatione;</strong></span> <span class='ocrx_word' id='word_1_361' title='bbox 3141 3246 3197 3292; x_wconf 92' lang='lat' dir='ltr'><strong>et</strong></span> <span class='ocrx_word' id='word_1_362' title='bbox 3221 3237 3302 3292; x_wconf 91' lang='lat' dir='ltr'><strong>sic</strong></span> <span class='ocrx_word' id='word_1_363' title='bbox 3334 3235 3551 3305; x_wconf 90' lang='lat' dir='ltr'><strong>quidem</strong></span> <span class='ocrx_word' id='word_1_364' title='bbox 3563 3245 3693 3293; x_wconf 87' lang='lat' dir='ltr'><strong>.ter-</strong></span> 
     </span>
    </p>
   </div>
   <div class='ocr_carea' id='block_1_54' title="bbox 2112 3325 3691 3410">
    <p class='ocr_par' dir='ltr' id='par_1_54' title="bbox 2112 3325 3691 3410">
     <span class='ocr_line' id='line_1_54' title="bbox 2112 3325 3691 3410; baseline 0.001 -30"><span class='ocrx_word' id='word_1_365' title='bbox 2112 3326 2243 3391; x_wconf 89' lang='lat' dir='ltr'><strong>tius,</strong></span> <span class='ocrx_word' id='word_1_366' title='bbox 2291 3326 2388 3405; x_wconf 73' lang='lat' dir='ltr'><strong>qui</strong></span> <span class='ocrx_word' id='word_1_367' title='bbox 2431 3326 2521 3380; x_wconf 89' lang='lat' dir='ltr'><strong>hic</strong></span> <span class='ocrx_word' id='word_1_368' title='bbox 2568 3326 2785 3410; x_wconf 83' lang='lat' dir='ltr'><strong>ingenio</strong></span> <span class='ocrx_word' id='word_1_369' title='bbox 2834 3342 2936 3382; x_wconf 89' lang='lat' dir='ltr'><strong>suo</strong></span> <span class='ocrx_word' id='word_1_370' title='bbox 2981 3326 3260 3396; x_wconf 80' lang='lat' dir='ltr'><strong>indulgere</strong></span> <span class='ocrx_word' id='word_1_371' title='bbox 3295 3325 3473 3391; x_wconf 83' lang='lat' dir='ltr'><strong>vellet,</strong></span> <span class='ocrx_word' id='word_1_372' title='bbox 3508 3325 3691 3381; x_wconf 87' lang='lat' dir='ltr'><strong>adhuc</strong></span> 
     </span>
    </p>
   </div>
   <div class='ocr_carea' id='block_1_55' title="bbox 435 3385 2013 3489">
    <p class='ocr_par' dir='ltr' id='par_1_55' title="bbox 435 3385 2013 3489">
     <span class='ocr_line' id='line_1_55' title="bbox 435 3385 2013 3489; baseline 0.007 -40"><span class='ocrx_word' id='word_1_373' title='bbox 435 3398 606 3489; x_wconf 84' lang='lat' dir='ltr'><strong>multa</strong></span> <span class='ocrx_word' id='word_1_374' title='bbox 630 3413 849 3468; x_wconf 90' lang='lat' dir='ltr'><strong>quoque</strong></span> <span class='ocrx_word' id='word_1_375' title='bbox 894 3400 1035 3455; x_wconf 90' lang='lat' dir='ltr'><strong>idem</strong></span> <span class='ocrx_word' id='word_1_376' title='bbox 1084 3400 1153 3456; x_wconf 91' lang='lat' dir='ltr'><strong>de</strong></span> <span class='ocrx_word' id='word_1_377' title='bbox 1184 3403 1349 3457; x_wconf 87' lang='lat' dir='ltr'><strong>rebus</strong></span> <span class='ocrx_word' id='word_1_378' title='bbox 1375 3402 1500 3458; x_wconf 89' lang='lat' dir='ltr'><strong>aliis</strong></span> <span class='ocrx_word' id='word_1_379' title='bbox 1532 3385 1809 3487; x_wconf 75' lang='lat' dir='ltr'><strong>religionis</strong></span> <span class='ocrx_word' id='word_1_380' title='bbox 1829 3413 1883 3459; x_wconf 91' lang='lat' dir='ltr'><strong>et</strong></span> <span class='ocrx_word' id='word_1_381' title='bbox 1910 3401 2013 3460; x_wconf 83' lang='lat' dir='ltr'><strong>Ec-</strong></span> 
     </span>
    </p>
   </div>
   <div class='ocr_carea' id='block_1_56' title="bbox 2111 3385 3692 3489">
    <p class='ocr_par' dir='ltr' id='par_1_56' title="bbox 2113 3392 3692 3489">
     <span class='ocr_line' id='line_1_56' title="bbox 2113 3392 3692 3489; baseline 0 -17"><span class='ocrx_word' id='word_1_382' title='bbox 2113 3419 2260 3473; x_wconf 88' lang='lat' dir='ltr'><strong>aliud</strong></span> <span class='ocrx_word' id='word_1_383' title='bbox 2291 3392 2478 3488; x_wconf 74' lang='lat' dir='ltr'><strong>posset</strong></span> <span class='ocrx_word' id='word_1_384' title='bbox 2497 3402 2712 3483; x_wconf 84' lang='lat' dir='ltr'><strong>eruere,</strong></span> <span class='ocrx_word' id='word_1_385' title='bbox 2742 3418 2887 3489; x_wconf 90' lang='lat' dir='ltr'><strong>quod</strong></span> <span class='ocrx_word' id='word_1_386' title='bbox 2923 3417 3062 3473; x_wconf 79' lang='lat' dir='ltr'><strong>forte</strong></span> <span class='ocrx_word' id='word_1_387' title='bbox 3091 3418 3266 3488; x_wconf 85' lang='lat' dir='ltr'><strong>magis</strong></span> <span class='ocrx_word' id='word_1_388' title='bbox 3287 3417 3352 3472; x_wconf 88' lang='lat' dir='ltr'><strong>ad</strong></span> <span class='ocrx_word' id='word_1_389' title='bbox 3376 3432 3566 3471; x_wconf 91' lang='lat' dir='ltr'><strong>verum</strong></span> <span class='ocrx_word' id='word_1_390' title='bbox 3596 3432 3692 3472; x_wconf 87' lang='lat' dir='ltr'><strong>ac-</strong></span> 
     </span>
    </p>
   </div>
   <div class='ocr_carea' id='block_1_57' title="bbox 433 3487 2014 3559">
    <p class='ocr_par' dir='ltr' id='par_1_57' title="bbox 433 3487 2014 3559">
     <span class='ocr_line' id='line_1_57' title="bbox 433 3487 2014 3559; baseline 0.006 -16"><span class='ocrx_word' id='word_1_391' title='bbox 433 3487 617 3543; x_wconf 75' lang='lat' dir='ltr'><strong>clesite</strong></span> <span class='ocrx_word' id='word_1_392' title='bbox 646 3490 983 3559; x_wconf 76' lang='lat' dir='ltr'><strong>gravissimis</strong></span> <span class='ocrx_word' id='word_1_393' title='bbox 1011 3492 1363 3550; x_wconf 80' lang='lat' dir='ltr'><strong>elucubratus</strong></span> <span class='ocrx_word' id='word_1_394' title='bbox 1396 3504 1503 3551; x_wconf 90' lang='lat' dir='ltr'><strong>est.</strong></span> <span class='ocrx_word' id='word_1_395' title='bbox 1544 3494 1797 3552; x_wconf 87' lang='lat' dir='ltr'><strong>lneamus</strong></span> <span class='ocrx_word' id='word_1_396' title='bbox 1825 3511 2014 3552; x_wconf 86' lang='lat' dir='ltr'><strong>nume-</strong></span> 
     </span>
    </p>
   </div>
   <div class='ocr_carea' id='block_1_58' title="bbox 435 3593 603 3635">
    <p class='ocr_par' dir='ltr' id='par_1_58' title="bbox 435 3593 603 3635">
     <span class='ocr_line' id='line_1_58' title="bbox 435 3593 603 3635; baseline 0.018 -3"><span class='ocrx_word' id='word_1_397' title='bbox 435 3593 557 3632; x_wconf 83' lang='lat' dir='ltr'><strong>l&#39;llm</strong></span> <span class='ocrx_word' id='word_1_398' title='bbox 588 3598 603 3635; x_wconf 74' lang='grc' dir='ltr'><strong>ἶ</strong></span> 
     </span>
    </p>
   </div>
   <div class='ocr_carea' id='block_1_59' title="bbox 508 3667 2011 3751">
    <p class='ocr_par' dir='ltr' id='par_1_59' title="bbox 508 3667 2011 3751">
     <span class='ocr_line' id='line_1_59' title="bbox 508 3667 2011 3751; baseline 0.009 -29"><span class='ocrx_word' id='word_1_399' title='bbox 508 3667 774 3728; x_wconf 85' lang='lat' dir='ltr'><strong>Eusebius</strong></span> <span class='ocrx_word' id='word_1_400' title='bbox 799 3673 912 3745; x_wconf 83' lang='lat' dir='ltr'><strong>(l5)</strong></span> <span class='ocrx_word' id='word_1_401' title='bbox 941 3684 996 3729; x_wconf 87' lang='lat' dir='ltr'><strong>et</strong></span> <span class='ocrx_word' id='word_1_402' title='bbox 1033 3674 1091 3731; x_wconf 91' lang='lat' dir='ltr'><strong>S.</strong></span> <span class='ocrx_word' id='word_1_403' title='bbox 1130 3675 1494 3751; x_wconf 86' lang='lat' dir='ltr'><strong>Hieronymus</strong></span> <span class='ocrx_word' id='word_1_404' title='bbox 1530 3678 1643 3751; x_wconf 87' lang='lat' dir='ltr'><strong>(l6)</strong></span> <span class='ocrx_word' id='word_1_405' title='bbox 1675 3695 1773 3736; x_wconf 89' lang='lat' dir='ltr'><strong>uos</strong></span> <span class='ocrx_word' id='word_1_406' title='bbox 1811 3680 2011 3735; x_wconf 68' lang='lat' dir='ltr'><strong>certioo</strong></span> 
     </span>
    </p>
   </div>
   <div class='ocr_carea' id='block_1_60' title="bbox 431 3762 2011 3840">
    <p class='ocr_par' dir='ltr' id='par_1_60' title="bbox 431 3762 2011 3840">
     <span class='ocr_line' id='line_1_60' title="bbox 431 3762 2011 3840; baseline 0.007 -26"><span class='ocrx_word' id='word_1_407' title='bbox 431 3774 520 3815; x_wconf 88' lang='lat' dir='ltr'><strong>res</strong></span> <span class='ocrx_word' id='word_1_408' title='bbox 549 3762 782 3818; x_wconf 89' lang='lat' dir='ltr'><strong>reddunt</strong></span> <span class='ocrx_word' id='word_1_409' title='bbox 809 3775 1059 3821; x_wconf 90' lang='lat' dir='ltr'><strong>sanctum</strong></span> <span class='ocrx_word' id='word_1_410' title='bbox 1085 3767 1428 3840; x_wconf 86' lang='lat' dir='ltr'><strong>Hippolytum</strong></span> <span class='ocrx_word' id='word_1_411' title='bbox 1450 3785 1709 3826; x_wconf 88' lang='lat' dir='ltr'><strong>exarasse</strong></span> <span class='ocrx_word' id='word_1_412' title='bbox 1735 3785 2011 3826; x_wconf 90' lang='lat' dir='ltr'><strong>commen-</strong></span> 
     </span>
    </p>
   </div>
   <div class='ocr_carea' id='block_1_61' title="bbox 431 3852 2011 3924">
    <p class='ocr_par' dir='ltr' id='par_1_61' title="bbox 431 3852 2011 3924">
     <span class='ocr_line' id='line_1_61' title="bbox 431 3852 2011 3924; baseline 0.01 -22"><span class='ocrx_word' id='word_1_413' title='bbox 431 3852 634 3907; x_wconf 88' lang='lat' dir='ltr'><strong>tarium</strong></span> <span class='ocrx_word' id='word_1_414' title='bbox 673 3854 728 3907; x_wconf 89' lang='lat' dir='ltr'><strong>in</strong></span> <span class='ocrx_word' id='word_1_415' title='bbox 760 3852 1151 3924; x_wconf 81' lang='lat' dir='ltr'><strong>Hexaemeron,</strong></span> <span class='ocrx_word' id='word_1_416' title='bbox 1185 3875 1280 3915; x_wconf 90' lang='lat' dir='ltr'><strong>seu</strong></span> <span class='ocrx_word' id='word_1_417' title='bbox 1314 3871 1607 3918; x_wconf 88' lang='lat' dir='ltr'><strong>tractatum</strong></span> <span class='ocrx_word' id='word_1_418' title='bbox 1650 3863 1717 3918; x_wconf 90' lang='lat' dir='ltr'><strong>de</strong></span> <span class='ocrx_word' id='word_1_419' title='bbox 1761 3878 1857 3918; x_wconf 89' lang='lat' dir='ltr'><strong>sex</strong></span> <span class='ocrx_word' id='word_1_420' title='bbox 1896 3864 2011 3918; x_wconf 88' lang='lat' dir='ltr'><strong>die-</strong></span> 
     </span>
    </p>
   </div>
   <div class='ocr_carea' id='block_1_62' title="bbox 428 3939 2010 4024">
    <p class='ocr_par' dir='ltr' id='par_1_62' title="bbox 428 3939 2010 4024">
     <span class='ocr_line' id='line_1_62' title="bbox 428 3939 2010 4024; baseline 0.009 -29"><span class='ocrx_word' id='word_1_421' title='bbox 428 3939 534 3997; x_wconf 84' lang='lat' dir='ltr'><strong>bus</strong></span> <span class='ocrx_word' id='word_1_422' title='bbox 564 3945 858 4001; x_wconf 87' lang='lat' dir='ltr'><strong>creationis</strong></span> <span class='ocrx_word' id='word_1_423' title='bbox 882 3949 1090 4003; x_wconf 88' lang='lat' dir='ltr'><strong>mundi.</strong></span> <span class='ocrx_word' id='word_1_424' title='bbox 1122 3950 1205 4004; x_wconf 82' lang='lat' dir='ltr'><strong>Cl.</strong></span> <span class='ocrx_word' id='word_1_425' title='bbox 1235 3951 1284 4005; x_wconf 89' lang='lat' dir='ltr'><strong>le</strong></span> <span class='ocrx_word' id='word_1_426' title='bbox 1314 3950 1566 4024; x_wconf 78' lang='lat' dir='ltr'><strong>Moynius</strong></span> <span class='ocrx_word' id='word_1_427' title='bbox 1592 3953 1878 4023; x_wconf 68' lang='lat' dir='ltr'><strong>praetendit</strong></span> <span class='ocrx_word' id='word_1_428' title='bbox 1905 3954 2010 4009; x_wconf 87' lang='lat' dir='ltr'><strong>hoc</strong></span> 
     </span>
    </p>
   </div>
   <div class='ocr_carea' id='block_1_63' title="bbox 429 4038 2007 4113">
    <p class='ocr_par' dir='ltr' id='par_1_63' title="bbox 429 4038 2007 4113">
     <span class='ocr_line' id='line_1_63' title="bbox 429 4038 2007 4113; baseline 0.009 -26"><span class='ocrx_word' id='word_1_429' title='bbox 429 4048 568 4103; x_wconf 87' lang='lat' dir='ltr'><strong>opus</strong></span> <span class='ocrx_word' id='word_1_430' title='bbox 597 4051 716 4091; x_wconf 88' lang='lat' dir='ltr'><strong>esse</strong></span> <span class='ocrx_word' id='word_1_431' title='bbox 745 4038 981 4107; x_wconf 88' lang='lat' dir='ltr'><strong>primtnn</strong></span> <span class='ocrx_word' id='word_1_432' title='bbox 1021 4041 1164 4096; x_wconf 85' lang='lat' dir='ltr'><strong>inter</strong></span> <span class='ocrx_word' id='word_1_433' title='bbox 1204 4058 1289 4109; x_wconf 90' lang='lat' dir='ltr'><strong>ea,</strong></span> <span class='ocrx_word' id='word_1_434' title='bbox 1320 4059 1444 4113; x_wconf 70' lang='lat' dir='ltr'><strong>quae</strong></span> <span class='ocrx_word' id='word_1_435' title='bbox 1479 4045 1533 4098; x_wconf 90' lang='lat' dir='ltr'><strong>in</strong></span> <span class='ocrx_word' id='word_1_436' title='bbox 1571 4044 1756 4100; x_wconf 87' lang='lat' dir='ltr'><strong>tabula</strong></span> <span class='ocrx_word' id='word_1_437' title='bbox 1797 4044 2007 4108; x_wconf 74' lang='lat' dir='ltr'><strong>Graeca.</strong></span> 
     </span>
    </p>
   </div>
   <div class='ocr_carea' id='block_1_64' title="bbox 429 4132 2008 4202">
    <p class='ocr_par' dir='ltr' id='par_1_64' title="bbox 429 4132 2008 4202">
     <span class='ocr_line' id='line_1_64' title="bbox 429 4132 2008 4202; baseline 0.008 -23"><span class='ocrx_word' id='word_1_438' title='bbox 429 4143 552 4181; x_wconf 86' lang='lat' dir='ltr'><strong>cum</strong></span> <span class='ocrx_word' id='word_1_439' title='bbox 581 4138 759 4185; x_wconf 84' lang='lat' dir='ltr'><strong>statua</strong></span> <span class='ocrx_word' id='word_1_440' title='bbox 791 4132 962 4187; x_wconf 84' lang='lat' dir='ltr'><strong>nostri</strong></span> <span class='ocrx_word' id='word_1_441' title='bbox 1006 4135 1178 4190; x_wconf 85' lang='lat' dir='ltr'><strong>saneti</strong></span> <span class='ocrx_word' id='word_1_442' title='bbox 1211 4150 1243 4189; x_wconf 91' lang='lat' dir='ltr'><strong>e</strong></span> <span class='ocrx_word' id='word_1_443' title='bbox 1279 4137 1441 4191; x_wconf 90' lang='lat' dir='ltr'><strong>terris</strong></span> <span class='ocrx_word' id='word_1_444' title='bbox 1470 4137 1690 4202; x_wconf 80' lang='lat' dir='ltr'><strong>eﬂossa,</strong></span> <span class='ocrx_word' id='word_1_445' title='bbox 1734 4145 1790 4193; x_wconf 90' lang='lat' dir='ltr'><strong>et</strong></span> <span class='ocrx_word' id='word_1_446' title='bbox 1835 4138 2008 4193; x_wconf 78' lang='lat' dir='ltr'><strong>conti-</strong></span> 
     </span>
    </p>
   </div>
   <div class='ocr_carea' id='block_1_65' title="bbox 428 4223 2005 4299">
    <p class='ocr_par' dir='ltr' id='par_1_65' title="bbox 428 4223 2005 4299">
     <span class='ocr_line' id='line_1_65' title="bbox 428 4223 2005 4299; baseline 0.01 -29"><span class='ocrx_word' id='word_1_447' title='bbox 428 4229 590 4273; x_wconf 76' lang='lat' dir='ltr'><strong>nente</strong></span> <span class='ocrx_word' id='word_1_448' title='bbox 628 4223 867 4290; x_wconf 87' lang='lat' dir='ltr'><strong>plurium</strong></span> <span class='ocrx_word' id='word_1_449' title='bbox 910 4226 1142 4281; x_wconf 90' lang='lat' dir='ltr'><strong>aliorum</strong></span> <span class='ocrx_word' id='word_1_450' title='bbox 1200 4228 1373 4297; x_wconf 91' lang='lat' dir='ltr'><strong>ipsius</strong></span> <span class='ocrx_word' id='word_1_451' title='bbox 1407 4230 1732 4299; x_wconf 90' lang='lat' dir='ltr'><strong>scriptorum</strong></span> <span class='ocrx_word' id='word_1_452' title='bbox 1789 4229 2005 4296; x_wconf 89' lang='lat' dir='ltr'><strong>titulos,</strong></span> 
     </span>
    </p>
   </div>
   <div class='ocr_carea' id='block_1_66' title="bbox 428 4309 2008 4393">
    <p class='ocr_par' dir='ltr' id='par_1_66' title="bbox 428 4309 2008 4393">
     <span class='ocr_line' id='line_1_66' title="bbox 428 4309 2008 4393; baseline 0.011 -31"><span class='ocrx_word' id='word_1_453' title='bbox 428 4309 811 4381; x_wconf 54' lang='lat' dir='ltr'><strong>designantur;</strong></span> <span class='ocrx_word' id='word_1_454' title='bbox 854 4324 1019 4386; x_wconf 88' lang='lat' dir='ltr'><strong>atque</strong></span> <span class='ocrx_word' id='word_1_455' title='bbox 1050 4319 1364 4387; x_wconf 89' lang='lat' dir='ltr'><strong>suspicatur</strong></span> <span class='ocrx_word' id='word_1_456' title='bbox 1401 4320 1623 4377; x_wconf 90' lang='lat' dir='ltr'><strong>ultimas</strong></span> <span class='ocrx_word' id='word_1_457' title='bbox 1650 4320 1887 4393; x_wconf 85' lang='lat' dir='ltr'><strong>syllabas</strong></span> <span class='ocrx_word' id='word_1_458' title='bbox 1913 4338 2008 4379; x_wconf 85' lang='lat' dir='ltr'><strong>vo-</strong></span> 
     </span>
    </p>
   </div>
   <div class='ocr_carea' id='block_1_67' title="bbox 427 4403 2007 4484">
    <p class='ocr_par' dir='ltr' id='par_1_67' title="bbox 427 4403 2007 4484">
     <span class='ocr_line' id='line_1_67' title="bbox 427 4403 2007 4484; baseline 0.012 -30"><span class='ocrx_word' id='word_1_459' title='bbox 427 4416 553 4455; x_wconf 89' lang='lat' dir='ltr'><strong>cqu</strong></span> <span class='ocrx_word' id='word_1_460' title='bbox 583 4403 743 4460; x_wconf 86' lang='lat' dir='ltr'><strong>lOYC</strong></span> <span class='ocrx_word' id='word_1_461' title='bbox 773 4416 826 4460; x_wconf 91' lang='lat' dir='ltr'><strong>et</strong></span> <span class='ocrx_word' id='word_1_462' title='bbox 853 4406 1033 4473; x_wconf 80' lang='lat' dir='ltr'><strong>NIAC,</strong></span> <span class='ocrx_word' id='word_1_463' title='bbox 1082 4427 1148 4464; x_wconf 84' lang='lat' dir='ltr'><strong>ex</strong></span> <span class='ocrx_word' id='word_1_464' title='bbox 1178 4413 1380 4481; x_wconf 89' lang='lat' dir='ltr'><strong>quibus</strong></span> <span class='ocrx_word' id='word_1_465' title='bbox 1420 4411 1663 4484; x_wconf 79' lang='lat' dir='ltr'><strong>Scaliger</strong></span> <span class='ocrx_word' id='word_1_466' title='bbox 1706 4424 1762 4470; x_wconf 89' lang='lat' dir='ltr'><strong>et</strong></span> <span class='ocrx_word' id='word_1_467' title='bbox 1796 4413 2007 4472; x_wconf 85' lang='lat' dir='ltr'><strong>Buche—</strong></span> 
     </span>
    </p>
   </div>
   <div class='ocr_carea' id='block_1_68' title="bbox 425 4494 2006 4574">
    <p class='ocr_par' dir='ltr' id='par_1_68' title="bbox 425 4494 2006 4574">
     <span class='ocr_line' id='line_1_68' title="bbox 425 4494 2006 4574; baseline 0.011 -26"><span class='ocrx_word' id='word_1_468' title='bbox 425 4494 546 4548; x_wconf 86' lang='lat' dir='ltr'><strong>rius</strong></span> <span class='ocrx_word' id='word_1_469' title='bbox 605 4494 811 4551; x_wconf 82' lang='lat' dir='ltr'><strong>faciunt</strong></span> <span class='ocrx_word' id='word_1_470' title='bbox 861 4499 1204 4558; x_wconf 77' lang='grc' dir='ltr'><strong>ΨΛΛΜΟΥΟ</strong></span> <span class='ocrx_word' id='word_1_471' title='bbox 1276 4503 1711 4574; x_wconf 81' lang='lat' dir='ltr'><strong>METANOIAC,</strong></span> <span class='ocrx_word' id='word_1_472' title='bbox 1760 4508 2006 4566; x_wconf 83' lang='lat' dir='ltr'><strong>Psalmos</strong></span> 
     </span>
    </p>
   </div>
   <div class='ocr_carea' id='block_1_69' title="bbox 425 4582 2007 4670">
    <p class='ocr_par' dir='ltr' id='par_1_69' title="bbox 425 4582 2007 4670">
     <span class='ocr_line' id='line_1_69' title="bbox 425 4582 2007 4670; baseline 0.012 -37"><span class='ocrx_word' id='word_1_473' title='bbox 425 4582 831 4651; x_wconf 71' lang='lat' dir='ltr'><strong>ptenitentiales</strong></span> <span class='ocrx_word' id='word_1_474' title='bbox 866 4590 1000 4660; x_wconf 82' lang='grc'>(17),</span> <span class='ocrx_word' id='word_1_475' title='bbox 1028 4607 1149 4647; x_wconf 82' lang='lat' dir='ltr'><strong>esse</strong></span> <span class='ocrx_word' id='word_1_476' title='bbox 1179 4594 1437 4664; x_wconf 88' lang='lat' dir='ltr'><strong>reliquias</strong></span> <span class='ocrx_word' id='word_1_477' title='bbox 1478 4610 1672 4652; x_wconf 90' lang='lat' dir='ltr'><strong>vocum</strong></span> <span class='ocrx_word' id='word_1_478' title='bbox 1704 4600 1784 4662; x_wconf 86' lang='grc' dir='ltr'><strong>εἰς</strong></span> <span class='ocrx_word' id='word_1_479' title='bbox 1812 4616 2007 4670; x_wconf 78' lang='grc' dir='ltr'>προτο-</span> 
     </span>
    </p>
   </div>
   <div class='ocr_carea' id='block_1_70' title="bbox 2110 3508 3691 3566">
    <p class='ocr_par' dir='ltr' id='par_1_70' title="bbox 2110 3508 3691 3566">
     <span class='ocr_line' id='line_1_70' title="bbox 2110 3508 3691 3566; baseline 0 -2"><span class='ocrx_word' id='word_1_480' title='bbox 2110 3510 2341 3565; x_wconf 88' lang='lat' dir='ltr'><strong>cederet.</strong></span> <span class='ocrx_word' id='word_1_481' title='bbox 2373 3508 2440 3564; x_wconf 89' lang='lat' dir='ltr'><strong>Et</strong></span> <span class='ocrx_word' id='word_1_482' title='bbox 2468 3524 2600 3565; x_wconf 87' lang='lat' dir='ltr'><strong>sane</strong></span> <span class='ocrx_word' id='word_1_483' title='bbox 2624 3510 2906 3566; x_wconf 90' lang='lat' dir='ltr'><strong>doctorum</strong></span> <span class='ocrx_word' id='word_1_484' title='bbox 2931 3510 3171 3565; x_wconf 89' lang='lat' dir='ltr'><strong>virorum</strong></span> <span class='ocrx_word' id='word_1_485' title='bbox 3205 3508 3429 3564; x_wconf 61' lang='lat' dir='ltr'><strong>Thomas</strong></span> <span class='ocrx_word' id='word_1_486' title='bbox 3457 3509 3608 3565; x_wconf 85' lang='lat' dir='ltr'><strong>Galei</strong></span> <span class='ocrx_word' id='word_1_487' title='bbox 3632 3520 3691 3564; x_wconf 86' lang='lat' dir='ltr'><strong>et</strong></span> 
     </span>
    </p>
   </div>
   <div class='ocr_carea' id='block_1_71' title="bbox 2109 3587 3692 3678">
    <p class='ocr_par' dir='ltr' id='par_1_71' title="bbox 2109 3587 3692 3678">
     <span class='ocr_line' id='line_1_71' title="bbox 2109 3587 3692 3678; baseline 0.001 -19"><span class='ocrx_word' id='word_1_488' title='bbox 2109 3587 2349 3662; x_wconf 78' lang='lat' dir='ltr'><strong>Eduardi</strong></span> <span class='ocrx_word' id='word_1_489' title='bbox 2388 3605 2690 3662; x_wconf 88' lang='lat' dir='ltr'><strong>Bernhardi</strong></span> <span class='ocrx_word' id='word_1_490' title='bbox 2734 3608 3084 3678; x_wconf 72' lang='lat' dir='ltr'><strong>conjectum,</strong></span> <span class='ocrx_word' id='word_1_491' title='bbox 3116 3606 3211 3677; x_wconf 89' lang='lat' dir='ltr'><strong>qui</strong></span> <span class='ocrx_word' id='word_1_492' title='bbox 3238 3621 3305 3662; x_wconf 90' lang='lat' dir='ltr'><strong>ex</strong></span> <span class='ocrx_word' id='word_1_493' title='bbox 3336 3606 3583 3677; x_wconf 86' lang='lat' dir='ltr'><strong>reliquiis</strong></span> <span class='ocrx_word' id='word_1_494' title='bbox 3606 3606 3692 3660; x_wconf 91' lang='lat' dir='ltr'><strong>lit-</strong></span> 
     </span>
    </p>
   </div>
   <div class='ocr_carea' id='block_1_72' title="bbox 2108 3698 3689 3765">
    <p class='ocr_par' dir='ltr' id='par_1_72' title="bbox 2108 3698 3689 3765">
     <span class='ocr_line' id='line_1_72' title="bbox 2108 3698 3689 3765; baseline 0 -11"><span class='ocrx_word' id='word_1_495' title='bbox 2108 3708 2348 3754; x_wconf 87' lang='lat' dir='ltr'><strong>terarum</strong></span> <span class='ocrx_word' id='word_1_496' title='bbox 2380 3698 2539 3754; x_wconf 76' lang='grc' dir='ltr'><strong>ΙΟΥο</strong></span> <span class='ocrx_word' id='word_1_497' title='bbox 2579 3698 2894 3756; x_wconf 87' lang='lat' dir='ltr'><strong>divinantur</strong></span> <span class='ocrx_word' id='word_1_498' title='bbox 2933 3700 3237 3765; x_wconf 80' lang='grc' dir='ltr'><strong>Ἰουδαίους,</strong></span> <span class='ocrx_word' id='word_1_499' title='bbox 3278 3699 3354 3754; x_wconf 89' lang='lat' dir='ltr'><strong>ita</strong></span> <span class='ocrx_word' id='word_1_500' title='bbox 3397 3707 3458 3754; x_wconf 89' lang='lat' dir='ltr'><strong>ut</strong></span> <span class='ocrx_word' id='word_1_501' title='bbox 3488 3713 3689 3754; x_wconf 88' lang='lat' dir='ltr'><strong>sensus</strong></span> 
     </span>
    </p>
   </div>
   <div class='ocr_carea' id='block_1_73' title="bbox 2107 3789 3688 3865">
    <p class='ocr_par' dir='ltr' id='par_1_73' title="bbox 2107 3789 3688 3865">
     <span class='ocr_line' id='line_1_73' title="bbox 2107 3789 3688 3865; baseline -0.003 -18"><span class='ocrx_word' id='word_1_502' title='bbox 2107 3793 2321 3864; x_wconf 76' lang='lat' dir='ltr'><strong>integer</strong></span> <span class='ocrx_word' id='word_1_503' title='bbox 2345 3793 2413 3848; x_wconf 86' lang='lat' dir='ltr'><strong>sit</strong></span> <span class='ocrx_word' id='word_1_504' title='bbox 2457 3791 2752 3858; x_wconf 73' lang='grc' dir='ltr'>Ἀπόδειξις</span> <span class='ocrx_word' id='word_1_505' title='bbox 2779 3793 2916 3865; x_wconf 86' lang='grc' dir='ltr'>πρὸς</span> <span class='ocrx_word' id='word_1_506' title='bbox 2936 3795 3060 3856; x_wconf 77' lang='grc' dir='ltr'>τοὺς</span> <span class='ocrx_word' id='word_1_507' title='bbox 3104 3791 3407 3855; x_wconf 77' lang='grc' dir='ltr'>Ἰουδαίους,</span> <span class='ocrx_word' id='word_1_508' title='bbox 3436 3789 3520 3844; x_wconf 93' lang='lat' dir='ltr'><strong>vel</strong></span> <span class='ocrx_word' id='word_1_509' title='bbox 3543 3791 3688 3843; x_wconf 70' lang='grc' dir='ltr'><strong>κατὰ</strong></span> 
     </span>
    </p>
   </div>
   <div class='ocr_carea' id='block_1_74' title="bbox 2107 3866 3689 3949">
    <p class='ocr_par' dir='ltr' id='par_1_74' title="bbox 2107 3866 3689 3949">
     <span class='ocr_line' id='line_1_74' title="bbox 2107 3866 3689 3949; baseline -0.001 -12"><span class='ocrx_word' id='word_1_510' title='bbox 2107 3885 2234 3948; x_wconf 79' lang='grc' dir='ltr'>τοὺς</span> <span class='ocrx_word' id='word_1_511' title='bbox 2276 3866 2580 3949; x_wconf 76' lang='grc' dir='ltr'>Ἰουδαίους,</span> <span class='ocrx_word' id='word_1_512' title='bbox 2606 3884 2983 3940; x_wconf 80' lang='lat' dir='ltr'><strong>demonstratio</strong></span> <span class='ocrx_word' id='word_1_513' title='bbox 3015 3886 3262 3938; x_wconf 81' lang='lat' dir='ltr'><strong>adversus</strong></span> <span class='ocrx_word' id='word_1_514' title='bbox 3289 3882 3527 3946; x_wconf 70' lang='lat' dir='ltr'><strong>Iudaeos,</strong></span> <span class='ocrx_word' id='word_1_515' title='bbox 3560 3896 3689 3936; x_wconf 86' lang='lat' dir='ltr'><strong>eru-</strong></span> 
     </span>
    </p>
   </div>
   <div class='ocr_carea' id='block_1_75' title="bbox 2109 3974 3689 4048">
    <p class='ocr_par' dir='ltr' id='par_1_75' title="bbox 2109 3974 3689 4048">
     <span class='ocr_line' id='line_1_75' title="bbox 2109 3974 3689 4048; baseline -0.002 -16"><span class='ocrx_word' id='word_1_516' title='bbox 2109 3978 2239 4034; x_wconf 89' lang='lat' dir='ltr'><strong>ditis</strong></span> <span class='ocrx_word' id='word_1_517' title='bbox 2273 3976 2525 4048; x_wconf 88' lang='lat' dir='ltr'><strong>pluribus</strong></span> <span class='ocrx_word' id='word_1_518' title='bbox 2558 3991 2666 4031; x_wconf 92' lang='lat' dir='ltr'><strong>non</strong></span> <span class='ocrx_word' id='word_1_519' title='bbox 2700 3976 2989 4047; x_wconf 88' lang='lat' dir='ltr'><strong>displicent</strong></span> <span class='ocrx_word' id='word_1_520' title='bbox 3012 3976 3149 4048; x_wconf 82' lang='lat' dir='ltr'><strong>(l9).</strong></span> <span class='ocrx_word' id='word_1_521' title='bbox 3187 3974 3257 4031; x_wconf 88' lang='lat' dir='ltr'><strong>Ut</strong></span> <span class='ocrx_word' id='word_1_522' title='bbox 3280 3983 3340 4031; x_wconf 89' lang='lat' dir='ltr'><strong>ut</strong></span> <span class='ocrx_word' id='word_1_523' title='bbox 3361 3984 3540 4030; x_wconf 89' lang='lat' dir='ltr'><strong>autem</strong></span> <span class='ocrx_word' id='word_1_524' title='bbox 3570 3976 3689 4030; x_wconf 66' lang='lat' dir='ltr'><strong>haec</strong></span> 
     </span>
    </p>
   </div>
   <div class='ocr_carea' id='block_1_76' title="bbox 2108 4067 3686 4139">
    <p class='ocr_par' dir='ltr' id='par_1_76' title="bbox 2108 4067 3686 4139">
     <span class='ocr_line' id='line_1_76' title="bbox 2108 4067 3686 4139; baseline -0.003 -13"><span class='ocrx_word' id='word_1_525' title='bbox 2108 4070 2237 4136; x_wconf 87' lang='lat' dir='ltr'><strong>sint,</strong></span> <span class='ocrx_word' id='word_1_526' title='bbox 2274 4070 2380 4126; x_wconf 89' lang='lat' dir='ltr'><strong>hoc</strong></span> <span class='ocrx_word' id='word_1_527' title='bbox 2418 4069 2776 4125; x_wconf 89' lang='lat' dir='ltr'><strong>nihilominus</strong></span> <span class='ocrx_word' id='word_1_528' title='bbox 2820 4085 3009 4125; x_wconf 87' lang='lat' dir='ltr'><strong>verum</strong></span> <span class='ocrx_word' id='word_1_529' title='bbox 3068 4077 3179 4135; x_wconf 88' lang='lat' dir='ltr'><strong>est,</strong></span> <span class='ocrx_word' id='word_1_530' title='bbox 3230 4067 3289 4124; x_wconf 89' lang='lat' dir='ltr'><strong>S.</strong></span> <span class='ocrx_word' id='word_1_531' title='bbox 3332 4069 3686 4139; x_wconf 75' lang='lat' dir='ltr'><strong>Hippolytum</strong></span> 
     </span>
    </p>
   </div>
   <div class='ocr_carea' id='block_1_77' title="bbox 2107 4160 3686 4232">
    <p class='ocr_par' dir='ltr' id='par_1_77' title="bbox 2107 4160 3686 4232">
     <span class='ocr_line' id='line_1_77' title="bbox 2107 4160 3686 4232; baseline -0.001 -15"><span class='ocrx_word' id='word_1_532' title='bbox 2107 4163 2486 4232; x_wconf 90' lang='lat' dir='ltr'><strong>composuisse</strong></span> <span class='ocrx_word' id='word_1_533' title='bbox 2507 4161 2901 4219; x_wconf 65' lang='lat' dir='ltr'><strong>Besaemeron.</strong></span> <span class='ocrx_word' id='word_1_534' title='bbox 2943 4161 3175 4219; x_wconf 80' lang='lat' dir='ltr'><strong>Sanctus</strong></span> <span class='ocrx_word' id='word_1_535' title='bbox 3217 4160 3457 4217; x_wconf 80' lang='lat' dir='ltr'><strong>Joannes</strong></span> <span class='ocrx_word' id='word_1_536' title='bbox 3486 4160 3686 4216; x_wconf 88' lang='lat' dir='ltr'><strong>Dama-</strong></span> 
     </span>
    </p>
   </div>
   <div class='ocr_carea' id='block_1_78' title="bbox 2105 4251 3685 4324">
    <p class='ocr_par' dir='ltr' id='par_1_78' title="bbox 2105 4251 3685 4324">
     <span class='ocr_line' id='line_1_78' title="bbox 2105 4251 3685 4324; baseline -0.001 -14"><span class='ocrx_word' id='word_1_537' title='bbox 2105 4265 2304 4310; x_wconf 72' lang='lat' dir='ltr'><strong>3cenus</strong></span> <span class='ocrx_word' id='word_1_538' title='bbox 2332 4255 2447 4309; x_wconf 88' lang='lat' dir='ltr'><strong>suis</strong></span> <span class='ocrx_word' id='word_1_539' title='bbox 2484 4254 2538 4309; x_wconf 90' lang='lat' dir='ltr'><strong>in</strong></span> <span class='ocrx_word' id='word_1_540' title='bbox 2574 4251 2860 4308; x_wconf 81' lang='lat' dir='ltr'><strong>Parallelis</strong></span> <span class='ocrx_word' id='word_1_541' title='bbox 2891 4254 3051 4309; x_wconf 91' lang='lat' dir='ltr'><strong>nobis</strong></span> <span class='ocrx_word' id='word_1_542' title='bbox 3073 4253 3432 4324; x_wconf 81' lang='lat' dir='ltr'><strong>fragmentum</strong></span> <span class='ocrx_word' id='word_1_543' title='bbox 3463 4253 3685 4322; x_wconf 87' lang='lat' dir='ltr'><strong>aliquod</strong></span> 
     </span>
    </p>
   </div>
   <div class='ocr_carea' id='block_1_79' title="bbox 2107 4342 3686 4415">
    <p class='ocr_par' dir='ltr' id='par_1_79' title="bbox 2107 4342 3686 4415">
     <span class='ocr_line' id='line_1_79' title="bbox 2107 4342 3686 4415; baseline -0.001 -16"><span class='ocrx_word' id='word_1_544' title='bbox 2107 4344 2271 4414; x_wconf 85' lang='lat' dir='ltr'><strong>hujus</strong></span> <span class='ocrx_word' id='word_1_545' title='bbox 2295 4345 2483 4415; x_wconf 87' lang='lat' dir='ltr'><strong>scripti</strong></span> <span class='ocrx_word' id='word_1_546' title='bbox 2515 4343 2885 4410; x_wconf 87' lang='lat' dir='ltr'><strong>conservavit,</strong></span> <span class='ocrx_word' id='word_1_547' title='bbox 2933 4344 3077 4413; x_wconf 90' lang='lat' dir='ltr'><strong>quod</strong></span> <span class='ocrx_word' id='word_1_548' title='bbox 3117 4343 3498 4414; x_wconf 88' lang='lat' dir='ltr'><strong>complectitur</strong></span> <span class='ocrx_word' id='word_1_549' title='bbox 3534 4342 3686 4397; x_wconf 79' lang='lat' dir='ltr'><strong>refu-</strong></span> 
     </span>
    </p>
   </div>
   <div class='ocr_carea' id='block_1_80' title="bbox 2104 4434 3684 4505">
    <p class='ocr_par' dir='ltr' id='par_1_80' title="bbox 2104 4434 3684 4505">
     <span class='ocr_line' id='line_1_80' title="bbox 2104 4434 3684 4505; baseline -0.001 -16"><span class='ocrx_word' id='word_1_550' title='bbox 2104 4436 2363 4491; x_wconf 90' lang='lat' dir='ltr'><strong>tationem</strong></span> <span class='ocrx_word' id='word_1_551' title='bbox 2386 4451 2580 4494; x_wconf 82' lang='lat' dir='ltr'><strong>eorum</strong></span> <span class='ocrx_word' id='word_1_552' title='bbox 2610 4436 2704 4505; x_wconf 91' lang='lat' dir='ltr'><strong>qui</strong></span> <span class='ocrx_word' id='word_1_553' title='bbox 2746 4435 3058 4505; x_wconf 89' lang='lat' dir='ltr'><strong>paradisum</strong></span> <span class='ocrx_word' id='word_1_554' title='bbox 3101 4443 3407 4488; x_wconf 87' lang='lat' dir='ltr'><strong>terrestrem</strong></span> <span class='ocrx_word' id='word_1_555' title='bbox 3450 4434 3504 4487; x_wconf 92' lang='lat' dir='ltr'><strong>in</strong></span> <span class='ocrx_word' id='word_1_556' title='bbox 3541 4434 3684 4488; x_wconf 72' lang='lat' dir='ltr'><strong>caelo</strong></span> 
     </span>
    </p>
   </div>
   <div class='ocr_carea' id='block_1_81' title="bbox 2104 4526 3681 4596">
    <p class='ocr_par' dir='ltr' id='par_1_81' title="bbox 2104 4526 3681 4596">
     <span class='ocr_line' id='line_1_81' title="bbox 2104 4526 3681 4596; baseline -0.001 -15"><span class='ocrx_word' id='word_1_557' title='bbox 2104 4528 2481 4592; x_wconf 88' lang='lat' dir='ltr'><strong>collocabant,</strong></span> <span class='ocrx_word' id='word_1_558' title='bbox 2537 4537 2701 4596; x_wconf 88' lang='lat' dir='ltr'><strong>atque</strong></span> <span class='ocrx_word' id='word_1_559' title='bbox 2739 4526 2935 4580; x_wconf 90' lang='lat' dir='ltr'><strong>exinde</strong></span> <span class='ocrx_word' id='word_1_560' title='bbox 2991 4526 3373 4580; x_wconf 83' lang='lat' dir='ltr'><strong>inliciabantur</strong></span> <span class='ocrx_word' id='word_1_561' title='bbox 3428 4526 3681 4580; x_wconf 87' lang='lat' dir='ltr'><strong>eumdem</strong></span> 
     </span>
    </p>
   </div>
   <div class='ocr_carea' id='block_1_82' title="bbox 2104 4615 3679 4686">
    <p class='ocr_par' dir='ltr' id='par_1_82' title="bbox 2104 4615 3679 4686">
     <span class='ocr_line' id='line_1_82' title="bbox 2104 4615 3679 4686; baseline 0 -15"><span class='ocrx_word' id='word_1_562' title='bbox 2104 4632 2225 4672; x_wconf 85' lang='lat' dir='ltr'><strong>esse</strong></span> <span class='ocrx_word' id='word_1_563' title='bbox 2255 4632 2284 4671; x_wconf 90' lang='lat' dir='ltr'><strong>e</strong></span> <span class='ocrx_word' id='word_1_564' title='bbox 2338 4630 2566 4671; x_wconf 89' lang='lat' dir='ltr'><strong>numero</strong></span> <span class='ocrx_word' id='word_1_565' title='bbox 2614 4627 2991 4671; x_wconf 90' lang='lat' dir='ltr'><strong>creaturarum</strong></span> <span class='ocrx_word' id='word_1_566' title='bbox 3035 4616 3201 4686; x_wconf 84' lang='lat' dir='ltr'><strong>hujus</strong></span> <span class='ocrx_word' id='word_1_567' title='bbox 3257 4616 3498 4670; x_wconf 84' lang='lat' dir='ltr'><strong>universi</strong></span> <span class='ocrx_word' id='word_1_568' title='bbox 3542 4615 3679 4685; x_wconf 87' lang='lat'><strong>(20).</strong></span> 
     </span>
    </p>
   </div>
   <div class='ocr_carea' id='block_1_83' title="bbox 425 4671 2013 4785">
    <p class='ocr_par' dir='ltr' id='par_1_83' title="bbox 425 4671 2006 4761">
     <span class='ocr_line' id='line_1_83' title="bbox 425 4671 2006 4761; baseline 0.014 -36"><span class='ocrx_word' id='word_1_569' title='bbox 425 4671 718 4742; x_wconf 84' lang='grc' dir='ltr'>πλάστους,</span> <span class='ocrx_word' id='word_1_570' title='bbox 747 4686 802 4733; x_wconf 88' lang='lat' dir='ltr'><strong>et</strong></span> <span class='ocrx_word' id='word_1_571' title='bbox 828 4683 954 4753; x_wconf 81' lang='grc' dir='ltr'>περὶ</span> <span class='ocrx_word' id='word_1_572' title='bbox 986 4687 1359 4758; x_wconf 67' lang='grc' dir='ltr'>κοομογονίοις,</span> <span class='ocrx_word' id='word_1_573' title='bbox 1411 4690 1495 4745; x_wconf 88' lang='lat' dir='ltr'><strong>vel</strong></span> <span class='ocrx_word' id='word_1_574' title='bbox 1532 4690 1840 4759; x_wconf 77' lang='grc' dir='ltr'>ζωογονίας,</span> <span class='ocrx_word' id='word_1_575' title='bbox 1885 4707 2006 4761; x_wconf 63' lang='lat' dir='ltr'><strong>quae</strong></span> 
     </span>
    </p>
   </div>
   <div class='ocr_carea' id='block_1_84' title="bbox 2111 4671 3681 4785">
    <p class='ocr_par' dir='ltr' id='par_1_84' title="bbox 2111 4671 3681 4778">
     <span class='ocr_line' id='line_1_84' title="bbox 2111 4671 3681 4778; baseline -0.002 -16"><span class='ocrx_word' id='word_1_576' title='bbox 2111 4708 2365 4774; x_wconf 85' lang='lat' dir='ltr'><strong>Quinimo</strong></span> <span class='ocrx_word' id='word_1_577' title='bbox 2424 4716 2646 4763; x_wconf 83' lang='lat' dir='ltr'><strong>sanctus</strong></span> <span class='ocrx_word' id='word_1_578' title='bbox 2693 4722 2911 4778; x_wconf 88' lang='lat' dir='ltr'><strong>quoque</strong></span> <span class='ocrx_word' id='word_1_579' title='bbox 2951 4671 3278 4762; x_wconf 42' lang='lat' dir='ltr'><strong>Ambdosius</strong></span> <span class='ocrx_word' id='word_1_580' title='bbox 3316 4671 3681 4776; x_wconf 46' lang='lat' dir='ltr'><strong>partem‘ali-</strong></span> 
     </span>
    </p>
   </div>
   <div class='ocr_carea' id='block_1_85' title="bbox 499 4839 2056 4914">
    <p class='ocr_par' dir='ltr' id='par_1_85' title="bbox 499 4839 2056 4914">
     <span class='ocr_line' id='line_1_85' title="bbox 499 4839 2056 4914; baseline 0 -18"><span class='ocrx_word' id='word_1_581' title='bbox 499 4841 611 4914; x_wconf 76' lang='grc'>(15)</span> <span class='ocrx_word' id='word_1_582' title='bbox 648 4839 924 4914; x_wconf 74' lang='lat' dir='ltr'><strong>t_Eodem</strong></span> <span class='ocrx_word' id='word_1_583' title='bbox 973 4852 1215 4911; x_wconf 88' lang='lat' dir='ltr'><strong>tempore</strong></span> <span class='ocrx_word' id='word_1_584' title='bbox 1251 4852 1307 4898; x_wconf 90' lang='lat' dir='ltr'><strong>et</strong></span> <span class='ocrx_word' id='word_1_585' title='bbox 1344 4843 1730 4914; x_wconf 68' lang='lat' dir='ltr'><strong>Hippolytus...</strong></span> <span class='ocrx_word' id='word_1_586' title='bbox 1781 4842 2056 4912; x_wconf 42' lang='lat' dir='ltr'><strong>scripsit‘</strong></span> 
     </span>
    </p>
   </div>
   <div class='ocr_carea' id='block_1_86' title="bbox 423 4902 1999 4986">
    <p class='ocr_par' dir='ltr' id='par_1_86' title="bbox 423 4902 1999 4986">
     <span class='ocr_line' id='line_1_86' title="bbox 423 4902 1999 4986; baseline 0.001 -23"><span class='ocrx_word' id='word_1_587' title='bbox 423 4902 624 4986; x_wconf 53' lang='grc' dir='ltr'>οἰέτὴῦ</span> <span class='ocrx_word' id='word_1_588' title='bbox 654 4910 973 4986; x_wconf 61' lang='grc' dir='ltr'><strong>ἐξαήμερον,</strong></span> <span class='ocrx_word' id='word_1_589' title='bbox 998 4902 1111 4986; x_wconf 53' lang='grc' dir='ltr'><strong>καί</strong></span> <span class='ocrx_word' id='word_1_590' title='bbox 1130 4915 1212 4977; x_wconf 79' lang='grc' dir='ltr'><strong>εἰς</strong></span> <span class='ocrx_word' id='word_1_591' title='bbox 1254 4914 1323 4967; x_wconf 81' lang='grc' dir='ltr'><strong>τὰ</strong></span> <span class='ocrx_word' id='word_1_592' title='bbox 1351 4902 1504 4986; x_wconf 72' lang='grc' dir='ltr'><strong>1μέἑὰ</strong></span> <span class='ocrx_word' id='word_1_593' title='bbox 1537 4902 1634 4986; x_wconf 56' lang='grc' dir='ltr'><strong>ἑὴν</strong></span> <span class='ocrx_word' id='word_1_594' title='bbox 1678 4902 1999 4985; x_wconf 69' lang='grc' dir='ltr'><strong>ἑξαήμερον,</strong></span> 
     </span>
    </p>
   </div>
   <div class='ocr_carea' id='block_1_87' title="bbox 424 4983 2004 5055">
    <p class='ocr_par' dir='ltr' id='par_1_87' title="bbox 424 4983 2004 5055">
     <span class='ocr_line' id='line_1_87' title="bbox 424 4983 2004 5055; baseline 0.003 -21"><span class='ocrx_word' id='word_1_595' title='bbox 424 4984 479 5034; x_wconf 82' lang='lat' dir='ltr'><strong>in</strong></span> <span class='ocrx_word' id='word_1_596' title='bbox 504 4999 632 5051; x_wconf 81' lang='lat' dir='ltr'><strong>opus</strong></span> <span class='ocrx_word' id='word_1_597' title='bbox 659 4998 750 5035; x_wconf 69' lang='lat' dir='ltr'><strong>sex</strong></span> <span class='ocrx_word' id='word_1_598' title='bbox 776 4983 1001 5055; x_wconf 53' lang='lat' dir='ltr'><strong>dierum,</strong></span> <span class='ocrx_word' id='word_1_599' title='bbox 1025 4985 1238 5055; x_wconf 15' lang='lat' dir='ltr'><strong>etgt&#39;ttiea</strong></span> <span class='ocrx_word' id='word_1_600' title='bbox 1263 4983 1380 5055; x_wconf 71' lang='lat' dir='ltr'><strong>quaé</strong></span> <span class='ocrx_word' id='word_1_601' title='bbox 1410 4995 1526 5055; x_wconf 82' lang='lat' dir='ltr'><strong>post</strong></span> <span class='ocrx_word' id='word_1_602' title='bbox 1571 4983 1663 5038; x_wconf 60' lang='lat' dir='ltr'><strong>seat</strong></span> <span class='ocrx_word' id='word_1_603' title='bbox 1684 4983 1803 5038; x_wconf 79' lang='lat' dir='ltr'><strong>dies</strong></span> <span class='ocrx_word' id='word_1_604' title='bbox 1819 4983 2004 5055; x_wconf 63' lang='lat' dir='ltr'><strong>conse-</strong></span> 
     </span>
    </p>
   </div>
   <div class='ocr_carea' id='block_1_88' title="bbox 423 5050 1899 5125">
    <p class='ocr_par' dir='ltr' id='par_1_88' title="bbox 423 5050 1899 5125">
     <span class='ocr_line' id='line_1_88' title="bbox 423 5050 1899 5125; baseline 0.003 -21"><span class='ocrx_word' id='word_1_605' title='bbox 423 5050 548 5125; x_wconf 81' lang='lat' dir='ltr'><strong>cuta</strong></span> <span class='ocrx_word' id='word_1_606' title='bbox 574 5051 1005 5125; x_wconf 72' lang='lat' dir='ltr'><strong>sunt._t_Ettseb..</strong></span> <span class='ocrx_word' id='word_1_607' title='bbox 1039 5053 1109 5108; x_wconf 83' lang='grc' dir='ltr'><em>Η.</em></span> <span class='ocrx_word' id='word_1_608' title='bbox 1133 5054 1200 5109; x_wconf 85' lang='grc' dir='ltr'><strong>Ε.</strong></span> <span class='ocrx_word' id='word_1_609' title='bbox 1238 5050 1331 5110; x_wconf 86' lang='lat' dir='ltr'><strong>lib.</strong></span> <span class='ocrx_word' id='word_1_610' title='bbox 1363 5050 1437 5118; x_wconf 81' lang='lat' dir='ltr'><strong>vt,</strong></span> <span class='ocrx_word' id='word_1_611' title='bbox 1466 5071 1584 5125; x_wconf 88' lang='lat' dir='ltr'><strong>cap.</strong></span> <span class='ocrx_word' id='word_1_612' title='bbox 1615 5055 1704 5108; x_wconf 90' lang='lat'><strong>22.</strong></span> 
     </span>
    </p>
   </div>
   <div class='ocr_carea' id='block_1_89' title="bbox 496 5121 2000 5195">
    <p class='ocr_par' dir='ltr' id='par_1_89' title="bbox 496 5121 2000 5195">
     <span class='ocr_line' id='line_1_89' title="bbox 496 5121 2000 5195; baseline -0.011 -2"><span class='ocrx_word' id='word_1_613' title='bbox 496 5123 607 5193; x_wconf 69' lang='grc'>(16)</span> <span class='ocrx_word' id='word_1_614' title='bbox 653 5141 673 5174; x_wconf 74' lang='grc' dir='ltr'>ί</span> <span class='ocrx_word' id='word_1_615' title='bbox 730 5121 1118 5195; x_wconf 76' lang='lat' dir='ltr'><strong>Hippolytus...</strong></span> <span class='ocrx_word' id='word_1_616' title='bbox 1156 5125 1376 5194; x_wconf 86' lang='lat' dir='ltr'><strong>scripsit</strong></span> <span class='ocrx_word' id='word_1_617' title='bbox 1422 5121 1708 5181; x_wconf 78' lang='lat' dir='ltr'><strong>nonnullos</strong></span> <span class='ocrx_word' id='word_1_618' title='bbox 1753 5126 1805 5180; x_wconf 91' lang='lat' dir='ltr'><strong>in</strong></span> <span class='ocrx_word' id='word_1_619' title='bbox 1853 5121 2000 5195; x_wconf 71' lang='lat' dir='ltr'><strong>Scri-</strong></span> 
     </span>
    </p>
   </div>
   <div class='ocr_carea' id='block_1_90' title="bbox 462 5193 1995 5266">
    <p class='ocr_par' dir='ltr' id='par_1_90' title="bbox 462 5193 1995 5266">
     <span class='ocr_line' id='line_1_90' title="bbox 462 5193 1995 5266; baseline 0.002 -20"><span class='ocrx_word' id='word_1_620' title='bbox 462 5203 615 5266; x_wconf 84' lang='lat' dir='ltr'><strong>tttras</strong></span> <span class='ocrx_word' id='word_1_621' title='bbox 661 5193 1103 5266; x_wconf 80' lang='lat' dir='ltr'><strong>commentarios,</strong></span> <span class='ocrx_word' id='word_1_622' title='bbox 1154 5211 1186 5250; x_wconf 93' lang='lat' dir='ltr'><strong>e</strong></span> <span class='ocrx_word' id='word_1_623' title='bbox 1245 5193 1445 5266; x_wconf 78' lang='lat' dir='ltr'><strong>quibus</strong></span> <span class='ocrx_word' id='word_1_624' title='bbox 1494 5196 1595 5249; x_wconf 91' lang='lat' dir='ltr'><strong>hos</strong></span> <span class='ocrx_word' id='word_1_625' title='bbox 1643 5197 1819 5265; x_wconf 88' lang='lat' dir='ltr'><strong>reperi</strong></span> <span class='ocrx_word' id='word_1_626' title='bbox 1872 5215 1885 5249; x_wconf 89' lang='lat'><strong>:</strong></span> <span class='ocrx_word' id='word_1_627' title='bbox 1937 5193 1995 5249; x_wconf 89' lang='lat' dir='ltr'><strong>ln</strong></span> 
     </span>
    </p>
   </div>
   <div class='ocr_carea' id='block_1_91' title="bbox 452 5262 1997 5331">
    <p class='ocr_par' dir='ltr' id='par_1_91' title="bbox 452 5262 1997 5331">
     <span class='ocr_line' id='line_1_91' title="bbox 452 5262 1997 5331; baseline 0.003 -17"><span class='ocrx_word' id='word_1_628' title='bbox 452 5262 821 5328; x_wconf 81' lang='lat' dir='ltr'><strong>lexaemeron,</strong></span> <span class='ocrx_word' id='word_1_629' title='bbox 856 5274 910 5319; x_wconf 70' lang='lat' dir='ltr'><strong>et</strong></span> <span class='ocrx_word' id='word_1_630' title='bbox 937 5267 991 5319; x_wconf 91' lang='lat' dir='ltr'><strong>in</strong></span> <span class='ocrx_word' id='word_1_631' title='bbox 1023 5262 1293 5331; x_wconf 46' lang='lat' dir='ltr'><strong>Exodum’,</strong></span> <span class='ocrx_word' id='word_1_632' title='bbox 1338 5267 1393 5320; x_wconf 90' lang='lat' dir='ltr'><strong>in</strong></span> <span class='ocrx_word' id='word_1_633' title='bbox 1432 5262 1719 5320; x_wconf 71' lang='lat' dir='ltr'><strong>Canticum</strong></span> <span class='ocrx_word' id='word_1_634' title='bbox 1755 5267 1997 5321; x_wconf 87' lang='lat' dir='ltr'><strong>cantico-</strong></span> 
     </span>
    </p>
   </div>
   <div class='ocr_carea' id='block_1_92' title="bbox 421 5333 1992 5459">
    <p class='ocr_par' dir='ltr' id='par_1_92' title="bbox 421 5333 1992 5459">
     <span class='ocr_line' id='line_1_92' title="bbox 421 5333 1992 5459; baseline 0.001 -72"><span class='ocrx_word' id='word_1_635' title='bbox 421 5349 568 5459; x_wconf 58' lang='lat' dir='ltr'><strong>lall‘n,</strong></span> <span class='ocrx_word' id='word_1_636' title='bbox 685 5333 938 5407; x_wconf 84' lang='lat' dir='ltr'><strong>Genesitn</strong></span> <span class='ocrx_word' id='word_1_637' title='bbox 990 5338 1125 5391; x_wconf 86' lang='lat' dir='ltr'><strong>etin</strong></span> <span class='ocrx_word' id='word_1_638' title='bbox 1160 5336 1501 5392; x_wconf 88' lang='lat' dir='ltr'><strong>Zachariam.</strong></span> <span class='ocrx_word' id='word_1_639' title='bbox 1537 5355 1556 5387; x_wconf 78' lang='grc' dir='ltr'><strong><em>ι</em></strong></span> <span class='ocrx_word' id='word_1_640' title='bbox 1597 5334 1910 5408; x_wconf 86' lang='lat' dir='ltr'><strong>Hieronym.</strong></span> <span class='ocrx_word' id='word_1_641' title='bbox 1940 5337 1992 5389; x_wconf 92' lang='lat' dir='ltr'><strong>in</strong></span> 
     </span>
     <span class='ocr_line' id='line_1_93' title="bbox 470 5422 686 5459; baseline 0.009 -2"><span class='ocrx_word' id='word_1_642' title='bbox 470 5422 500 5457; x_wconf 90' lang='lat' dir='ltr'><strong>a</strong></span> <span class='ocrx_word' id='word_1_643' title='bbox 532 5444 569 5459; x_wconf 79' lang='grc' dir='ltr'>ο.</span> <span class='ocrx_word' id='word_1_644' title='bbox 673 5445 686 5459; x_wconf 89' lang='grc'><strong>.</strong></span> 
     </span>
    </p>
   </div>
   <div class='ocr_carea' id='block_1_93' title="bbox 470 5415 686 5465">
    <p class='ocr_par' dir='ltr' id='par_1_93' title="bbox 470 5415 686 5465">
     <span class='ocr_line' id='line_1_94' title="bbox 470 5415 686 5465; baseline 0.009 -8"><span class='ocrx_word' id='word_1_645' title='bbox 470 5415 569 5465; x_wconf 83' lang='lat' dir='ltr'><strong>at.,</strong></span> <span class='ocrx_word' id='word_1_646' title='bbox 598 5415 686 5459; x_wconf 73' lang='grc'><strong>61.</strong></span> 
     </span>
    </p>
   </div>
   <div class='ocr_carea' id='block_1_94' title="bbox 518 5472 1992 5546">
    <p class='ocr_par' dir='ltr' id='par_1_94' title="bbox 518 5472 1992 5546">
     <span class='ocr_line' id='line_1_95' title="bbox 518 5472 1992 5546; baseline 0.004 -20"><span class='ocrx_word' id='word_1_647' title='bbox 518 5474 606 5536; x_wconf 87' lang='lat' dir='ltr'><strong>l7)</strong></span> <span class='ocrx_word' id='word_1_648' title='bbox 648 5472 840 5530; x_wconf 79' lang='lat' dir='ltr'><strong>Merito</strong></span> <span class='ocrx_word' id='word_1_649' title='bbox 885 5476 976 5530; x_wconf 91' lang='lat' dir='ltr'><strong>alii</strong></span> <span class='ocrx_word' id='word_1_650' title='bbox 1012 5477 1211 5532; x_wconf 90' lang='lat' dir='ltr'><strong>eruditi</strong></span> <span class='ocrx_word' id='word_1_651' title='bbox 1250 5477 1390 5532; x_wconf 89' lang='lat' dir='ltr'><strong>hanc</strong></span> <span class='ocrx_word' id='word_1_652' title='bbox 1420 5475 1681 5546; x_wconf 85' lang='lat' dir='ltr'><strong>Scaligeri</strong></span> <span class='ocrx_word' id='word_1_653' title='bbox 1714 5476 1992 5546; x_wconf 86' lang='lat' dir='ltr'><strong>conjectu-</strong></span> 
     </span>
    </p>
   </div>
   <div class='ocr_carea' id='block_1_95' title="bbox 420 5546 1991 5616">
    <p class='ocr_par' dir='ltr' id='par_1_95' title="bbox 420 5546 1991 5616">
     <span class='ocr_line' id='line_1_96' title="bbox 420 5546 1991 5616; baseline 0.001 -17"><span class='ocrx_word' id='word_1_654' title='bbox 420 5559 538 5599; x_wconf 85' lang='lat' dir='ltr'><strong>ram</strong></span> <span class='ocrx_word' id='word_1_655' title='bbox 591 5556 874 5613; x_wconf 85' lang='lat' dir='ltr'><strong>respuunt,</strong></span> <span class='ocrx_word' id='word_1_656' title='bbox 925 5549 1053 5616; x_wconf 89' lang='lat' dir='ltr'><strong>quia</strong></span> <span class='ocrx_word' id='word_1_657' title='bbox 1095 5549 1149 5602; x_wconf 89' lang='lat' dir='ltr'><strong>in</strong></span> <span class='ocrx_word' id='word_1_658' title='bbox 1205 5549 1366 5603; x_wconf 86' lang='lat' dir='ltr'><strong>tertio</strong></span> <span class='ocrx_word' id='word_1_659' title='bbox 1420 5546 1787 5615; x_wconf 87' lang='lat' dir='ltr'><strong>inscriptionis</strong></span> <span class='ocrx_word' id='word_1_660' title='bbox 1834 5563 1991 5601; x_wconf 87' lang='lat' dir='ltr'><strong>versu</strong></span> 
     </span>
    </p>
   </div>
   <div class='ocr_carea' id='block_1_96' title="bbox 420 5616 1993 5683">
    <p class='ocr_par' dir='ltr' id='par_1_96' title="bbox 420 5616 1993 5683">
     <span class='ocr_line' id='line_1_97' title="bbox 420 5616 1993 5683; baseline 0.001 -15"><span class='ocrx_word' id='word_1_661' title='bbox 420 5616 624 5669; x_wconf 82' lang='lat' dir='ltr'><strong>mentio</strong></span> <span class='ocrx_word' id='word_1_662' title='bbox 644 5623 728 5669; x_wconf 83' lang='lat' dir='ltr'><strong>est</strong></span> <span class='ocrx_word' id='word_1_663' title='bbox 760 5616 941 5683; x_wconf 88' lang='lat' dir='ltr'><strong>operis</strong></span> <span class='ocrx_word' id='word_1_664' title='bbox 973 5618 1027 5672; x_wconf 88' lang='lat' dir='ltr'><strong>in</strong></span> <span class='ocrx_word' id='word_1_665' title='bbox 1052 5616 1321 5683; x_wconf 89' lang='lat' dir='ltr'><strong>Psalmos,</strong></span> <span class='ocrx_word' id='word_1_666' title='bbox 1348 5627 1403 5674; x_wconf 92' lang='lat' dir='ltr'><strong>et</strong></span> <span class='ocrx_word' id='word_1_667' title='bbox 1431 5618 1626 5673; x_wconf 89' lang='lat' dir='ltr'><strong>divisio</strong></span> <span class='ocrx_word' id='word_1_668' title='bbox 1651 5618 1993 5673; x_wconf 88' lang='lat' dir='ltr'><strong>Psalmorum</strong></span> 
     </span>
    </p>
   </div>
   <div class='ocr_carea' id='block_1_97' title="bbox 419 5683 1791 5759">
    <p class='ocr_par' dir='ltr' id='par_1_97' title="bbox 419 5683 1791 5759">
     <span class='ocr_line' id='line_1_98' title="bbox 419 5683 1791 5759; baseline 0.002 -20"><span class='ocrx_word' id='word_1_669' title='bbox 419 5686 479 5739; x_wconf 85' lang='lat' dir='ltr'><strong>in</strong></span> <span class='ocrx_word' id='word_1_670' title='bbox 499 5683 904 5759; x_wconf 56' lang='lat' dir='ltr'><strong>pmnitentiales</strong></span> <span class='ocrx_word' id='word_1_671' title='bbox 927 5689 1190 5759; x_wconf 84' lang='lat' dir='ltr'><strong>posterior</strong></span> <span class='ocrx_word' id='word_1_672' title='bbox 1215 5697 1298 5745; x_wconf 89' lang='lat' dir='ltr'><strong>est</strong></span> <span class='ocrx_word' id='word_1_673' title='bbox 1318 5698 1474 5743; x_wconf 69' lang='lat' dir='ltr'><strong>anate</strong></span> <span class='ocrx_word' id='word_1_674' title='bbox 1500 5686 1791 5759; x_wconf 81' lang='lat' dir='ltr'><strong>Hippolyti.</strong></span> 
     </span>
    </p>
   </div>
   <div class='ocr_carea' id='block_1_98' title="bbox 491 5699 1993 5830">
    <p class='ocr_par' dir='ltr' id='par_1_98' title="bbox 491 5699 1993 5830">
     <span class='ocr_line' id='line_1_99' title="bbox 545 5699 1791 5759; baseline 0.006 -24"><span class='ocrx_word' id='word_1_675' title='bbox 545 5699 904 5741; x_wconf 77' lang='lat' dir='ltr'><strong>mnttenttates</strong></span> <span class='ocrx_word' id='word_1_676' title='bbox 927 5699 1190 5754; x_wconf 82' lang='lat' dir='ltr'><strong>posterior</strong></span> <span class='ocrx_word' id='word_1_677' title='bbox 1215 5699 1298 5745; x_wconf 89' lang='lat' dir='ltr'><strong>est</strong></span> <span class='ocrx_word' id='word_1_678' title='bbox 1318 5699 1474 5743; x_wconf 71' lang='lat' dir='ltr'><strong>anate</strong></span> <span class='ocrx_word' id='word_1_679' title='bbox 1500 5699 1791 5759; x_wconf 76' lang='lat' dir='ltr'><strong>ﬂlpptllyll.</strong></span> 
     </span>
     <span class='ocr_line' id='line_1_100' title="bbox 491 5699 1993 5830; baseline 0.007 -25"><span class='ocrx_word' id='word_1_680' title='bbox 491 5699 604 5823; x_wconf 53' lang='grc'><strong>⁸8)</strong></span> <span class='ocrx_word' id='word_1_681' title='bbox 643 5752 715 5807; x_wconf 85' lang='lat' dir='ltr'><strong>Ea</strong></span> <span class='ocrx_word' id='word_1_682' title='bbox 753 5756 801 5810; x_wconf 85' lang='lat' dir='ltr'><strong>le</strong></span> <span class='ocrx_word' id='word_1_683' title='bbox 830 5755 1029 5826; x_wconf 71' lang='grc' dir='ltr'><strong>Μογηῆ</strong></span> <span class='ocrx_word' id='word_1_684' title='bbox 1072 5761 1385 5830; x_wconf 83' lang='lat' dir='ltr'><strong>conjectura</strong></span> <span class='ocrx_word' id='word_1_685' title='bbox 1422 5761 1489 5815; x_wconf 90' lang='lat' dir='ltr'><strong>cl.</strong></span> <span class='ocrx_word' id='word_1_686' title='bbox 1524 5757 1792 5829; x_wconf 83' lang='lat' dir='ltr'><strong>Basnagio</strong></span> <span class='ocrx_word' id='word_1_687' title='bbox 1831 5758 1993 5814; x_wconf 81' lang='lat' dir='ltr'><strong>etiam</strong></span> 
     </span>
    </p>
   </div>
   <div class='ocr_carea' id='block_1_99' title="bbox 2108 4842 3683 4913">
    <p class='ocr_par' dir='ltr' id='par_1_99' title="bbox 2108 4842 3683 4913">
     <span class='ocr_line' id='line_1_101' title="bbox 2108 4842 3683 4913; baseline -0.001 -17"><span class='ocrx_word' id='word_1_688' title='bbox 2108 4858 2216 4897; x_wconf 93' lang='lat' dir='ltr'><strong>non</strong></span> <span class='ocrx_word' id='word_1_689' title='bbox 2265 4842 2750 4913; x_wconf 34' lang='lat' dir='ltr'><strong>arridet.“Quippe</strong></span> <span class='ocrx_word' id='word_1_690' title='bbox 2783 4859 2914 4898; x_wconf 89' lang='lat' dir='ltr'><strong>vero</strong></span> <span class='ocrx_word' id='word_1_691' title='bbox 2961 4844 3271 4913; x_wconf 86' lang='lat' dir='ltr'><strong>proximum</strong></span> <span class='ocrx_word' id='word_1_692' title='bbox 3321 4849 3425 4903; x_wconf 85' lang='lat' dir='ltr'><strong>est,</strong></span> <span class='ocrx_word' id='word_1_693' title='bbox 3476 4857 3683 4911; x_wconf 83' lang='lat' dir='ltr'><strong>germa-</strong></span> 
     </span>
    </p>
   </div>
   <div class='ocr_carea' id='block_1_100' title="bbox 2107 4910 3682 4985">
    <p class='ocr_par' dir='ltr' id='par_1_100' title="bbox 2107 4910 3682 4985">
     <span class='ocr_line' id='line_1_102' title="bbox 2107 4910 3682 4985; baseline -0.002 -18"><span class='ocrx_word' id='word_1_694' title='bbox 2107 4928 2209 4985; x_wconf 88' lang='lat' dir='ltr'><strong>nos</strong></span> <span class='ocrx_word' id='word_1_695' title='bbox 2240 4929 2461 4985; x_wconf 77' lang='lat' dir='ltr'><strong>cperunt</strong></span> <span class='ocrx_word' id='word_1_696' title='bbox 2495 4910 2765 4985; x_wconf 75' lang='lat' dir='ltr'><strong>Hippolyti</strong></span> <span class='ocrx_word' id='word_1_697' title='bbox 2811 4910 2999 4969; x_wconf 78' lang='lat' dir='ltr'><strong>titulos</strong></span> <span class='ocrx_word' id='word_1_698' title='bbox 3032 4922 3225 4985; x_wconf 70' lang='lat' dir='ltr'><strong>statua:</strong></span> <span class='ocrx_word' id='word_1_699' title='bbox 3252 4910 3568 4985; x_wconf 67' lang='lat' dir='ltr'><strong>marmorea:</strong></span> <span class='ocrx_word' id='word_1_700' title='bbox 3595 4913 3682 4985; x_wconf 78' lang='lat' dir='ltr'><strong>in-</strong></span> 
     </span>
    </p>
   </div>
   <div class='ocr_carea' id='block_1_101' title="bbox 2108 4982 3680 5053">
    <p class='ocr_par' dir='ltr' id='par_1_101' title="bbox 2108 4982 3680 5053">
     <span class='ocr_line' id='line_1_103' title="bbox 2108 4982 3680 5053; baseline -0.003 -15"><span class='ocrx_word' id='word_1_701' title='bbox 2108 4982 2341 5053; x_wconf 83' lang='lat' dir='ltr'><strong>scriptos</strong></span> <span class='ocrx_word' id='word_1_702' title='bbox 2387 4982 2579 5039; x_wconf 75' lang='lat' dir='ltr'><strong>fuisse.</strong></span> <span class='ocrx_word' id='word_1_703' title='bbox 2608 4982 2735 5038; x_wconf 74' lang='lat' dir='ltr'><strong>llos</strong></span> <span class='ocrx_word' id='word_1_704' title='bbox 2783 4999 2911 5038; x_wconf 88' lang='lat' dir='ltr'><strong>vero</strong></span> <span class='ocrx_word' id='word_1_705' title='bbox 2958 4984 3091 5053; x_wconf 18' lang='lat' dir='ltr'><strong>suis,</strong></span> <span class='ocrx_word' id='word_1_706' title='bbox 3122 4982 3468 5053; x_wconf 88' lang='lat' dir='ltr'><strong>Hippolytum</strong></span> <span class='ocrx_word' id='word_1_707' title='bbox 3498 4984 3680 5051; x_wconf 85' lang='lat' dir='ltr'><strong>operi-</strong></span> 
     </span>
    </p>
   </div>
   <div class='ocr_carea' id='block_1_102' title="bbox 2108 5052 3676 5125">
    <p class='ocr_par' dir='ltr' id='par_1_102' title="bbox 2108 5052 3676 5125">
     <span class='ocr_line' id='line_1_104' title="bbox 2108 5052 3676 5125; baseline -0.002 -17"><span class='ocrx_word' id='word_1_708' title='bbox 2108 5052 2522 5119; x_wconf 32' lang='lat' dir='ltr'><strong>bus’indidisse,</strong></span> <span class='ocrx_word' id='word_1_709' title='bbox 2549 5070 2686 5124; x_wconf 82' lang='lat' dir='ltr'><strong>quos</strong></span> <span class='ocrx_word' id='word_1_710' title='bbox 2714 5054 2940 5109; x_wconf 88' lang='lat' dir='ltr'><strong>adduxit</strong></span> <span class='ocrx_word' id='word_1_711' title='bbox 2967 5054 3019 5125; x_wconf 71' lang='lat' dir='ltr'><strong>le</strong></span> <span class='ocrx_word' id='word_1_712' title='bbox 3044 5052 3314 5125; x_wconf 83' lang='lat' dir='ltr'><strong>Moyuius,</strong></span> <span class='ocrx_word' id='word_1_713' title='bbox 3347 5068 3454 5125; x_wconf 83' lang='lat' dir='ltr'><strong>non</strong></span> <span class='ocrx_word' id='word_1_714' title='bbox 3486 5054 3676 5121; x_wconf 86' lang='lat' dir='ltr'><strong>liquet,</strong></span> 
     </span>
    </p>
   </div>
   <div class='ocr_carea' id='block_1_103' title="bbox 2107 5123 3679 5195">
    <p class='ocr_par' dir='ltr' id='par_1_103' title="bbox 2107 5123 3679 5195">
     <span class='ocr_line' id='line_1_105' title="bbox 2107 5123 3679 5195; baseline 0.001 -18"><span class='ocrx_word' id='word_1_715' title='bbox 2107 5139 2283 5195; x_wconf 82' lang='lat' dir='ltr'><strong>neque</strong></span> <span class='ocrx_word' id='word_1_716' title='bbox 2306 5126 2491 5195; x_wconf 82' lang='lat' dir='ltr'><strong>etiam</strong></span> <span class='ocrx_word' id='word_1_717' title='bbox 2541 5123 2599 5179; x_wconf 85' lang='lat' dir='ltr'><strong>tit</strong></span> <span class='ocrx_word' id='word_1_718' title='bbox 2629 5125 2906 5180; x_wconf 89' lang='lat' dir='ltr'><strong>credibile.</strong></span> <span class='ocrx_word' id='word_1_719' title='bbox 2960 5123 3224 5195; x_wconf 78' lang='lat' dir='ltr'><strong>Basnage,</strong></span> <span class='ocrx_word' id='word_1_720' title='bbox 3256 5123 3450 5180; x_wconf 80' lang='lat' dir='ltr'><strong>Annal.</strong></span> <span class='ocrx_word' id='word_1_721' title='bbox 3487 5125 3554 5179; x_wconf 87' lang='lat' dir='ltr'><strong>ad</strong></span> <span class='ocrx_word' id='word_1_722' title='bbox 3584 5139 3679 5179; x_wconf 87' lang='lat' dir='ltr'><strong>an-</strong></span> 
     </span>
    </p>
   </div>
   <div class='ocr_carea' id='block_1_104' title="bbox 2105 5194 2697 5263">
    <p class='ocr_par' dir='ltr' id='par_1_104' title="bbox 2105 5194 2697 5263">
     <span class='ocr_line' id='line_1_106' title="bbox 2105 5194 2697 5263; baseline 0.003 -17"><span class='ocrx_word' id='word_1_723' title='bbox 2105 5210 2234 5248; x_wconf 90' lang='lat' dir='ltr'><strong>num</strong></span> <span class='ocrx_word' id='word_1_724' title='bbox 2257 5194 2384 5259; x_wconf 87' lang='lat'><strong>222,</strong></span> <span class='ocrx_word' id='word_1_725' title='bbox 2412 5210 2533 5263; x_wconf 73' lang='lat' dir='ltr'><strong>pag.</strong></span> <span class='ocrx_word' id='word_1_726' title='bbox 2572 5195 2697 5249; x_wconf 85' lang='lat'><strong>289.</strong></span> 
     </span>
    </p>
   </div>
   <div class='ocr_carea' id='block_1_105' title="bbox 2175 5263 3678 5336">
    <p class='ocr_par' dir='ltr' id='par_1_105' title="bbox 2175 5263 3678 5336">
     <span class='ocr_line' id='line_1_107' title="bbox 2175 5263 3678 5336; baseline 0.002 -19"><span class='ocrx_word' id='word_1_727' title='bbox 2175 5263 2284 5335; x_wconf 82' lang='lat' dir='ltr'><strong>(l9)</strong></span> <span class='ocrx_word' id='word_1_728' title='bbox 2318 5263 2504 5336; x_wconf 9' lang='lat' dir='ltr'><strong>VNIAC.</strong></span> <span class='ocrx_word' id='word_1_729' title='bbox 2569 5265 2854 5321; x_wconf 88' lang='lat' dir='ltr'><strong>Eduardus</strong></span> <span class='ocrx_word' id='word_1_730' title='bbox 2901 5265 3207 5321; x_wconf 89' lang='lat' dir='ltr'><strong>Bernardus</strong></span> <span class='ocrx_word' id='word_1_731' title='bbox 3246 5265 3374 5333; x_wconf 75' lang='lat' dir='ltr'><strong>legit</strong></span> <span class='ocrx_word' id='word_1_732' title='bbox 3418 5264 3548 5336; x_wconf 81' lang='grc' dir='ltr'><strong>περὶ</strong></span> <span class='ocrx_word' id='word_1_733' title='bbox 3580 5281 3678 5320; x_wconf 79' lang='grc' dir='ltr'><strong>κο-</strong></span> 
     </span>
    </p>
   </div>
   <div class='ocr_carea' id='block_1_106' title="bbox 2102 5335 3677 5406">
    <p class='ocr_par' dir='ltr' id='par_1_106' title="bbox 2102 5335 3677 5406">
     <span class='ocr_line' id='line_1_108' title="bbox 2102 5335 3677 5406; baseline -0.001 -20"><span class='ocrx_word' id='word_1_734' title='bbox 2102 5335 2416 5406; x_wconf 75' lang='grc' dir='ltr'>σμογονίας,</span> <span class='ocrx_word' id='word_1_735' title='bbox 2452 5344 2509 5388; x_wconf 90' lang='lat' dir='ltr'><strong>ut</strong></span> <span class='ocrx_word' id='word_1_736' title='bbox 2539 5337 2867 5406; x_wconf 83' lang='lat' dir='ltr'><strong>intelligatur</strong></span> <span class='ocrx_word' id='word_1_737' title='bbox 2894 5339 3035 5406; x_wconf 82' lang='lat' dir='ltr'><strong>quod</strong></span> <span class='ocrx_word' id='word_1_738' title='bbox 3070 5351 3275 5391; x_wconf 75' lang='lat' dir='ltr'><strong>veteres</strong></span> <span class='ocrx_word' id='word_1_739' title='bbox 3304 5338 3441 5389; x_wconf 87' lang='lat' dir='ltr'><strong>inter</strong></span> <span class='ocrx_word' id='word_1_740' title='bbox 3475 5335 3677 5405; x_wconf 83' lang='lat' dir='ltr'><strong>Hippo-</strong></span> 
     </span>
    </p>
   </div>
   <div class='ocr_carea' id='block_1_107' title="bbox 2099 5405 3675 5476">
    <p class='ocr_par' dir='ltr' id='par_1_107' title="bbox 2099 5405 3675 5476">
     <span class='ocr_line' id='line_1_109' title="bbox 2099 5405 3675 5476; baseline 0.001 -18"><span class='ocrx_word' id='word_1_741' title='bbox 2099 5405 2191 5476; x_wconf 84' lang='lat' dir='ltr'><strong>lyti</strong></span> <span class='ocrx_word' id='word_1_742' title='bbox 2224 5408 2422 5475; x_wconf 87' lang='lat' dir='ltr'><strong>scripta</strong></span> <span class='ocrx_word' id='word_1_743' title='bbox 2459 5406 2678 5461; x_wconf 86' lang='lat' dir='ltr'><strong>laudant</strong></span> <span class='ocrx_word' id='word_1_744' title='bbox 2705 5405 2999 5461; x_wconf 77' lang='lat' dir='ltr'><strong>Comment.</strong></span> <span class='ocrx_word' id='word_1_745' title='bbox 3025 5408 3078 5460; x_wconf 87' lang='lat' dir='ltr'><strong>itt</strong></span> <span class='ocrx_word' id='word_1_746' title='bbox 3112 5406 3523 5476; x_wconf 81' lang='lat' dir='ltr'><strong>Hexaemeron,</strong></span> <span class='ocrx_word' id='word_1_747' title='bbox 3578 5418 3675 5459; x_wconf 87' lang='lat' dir='ltr'><strong>aut</strong></span> 
     </span>
    </p>
   </div>
   <div class='ocr_carea' id='block_1_108' title="bbox 2095 5474 3676 5547">
    <p class='ocr_par' dir='ltr' id='par_1_108' title="bbox 2095 5474 3676 5547">
     <span class='ocr_line' id='line_1_110' title="bbox 2095 5474 3676 5547; baseline 0.003 -20"><span class='ocrx_word' id='word_1_748' title='bbox 2095 5474 2226 5547; x_wconf 72' lang='lat' dir='ltr'><strong>vero</strong></span> <span class='ocrx_word' id='word_1_749' title='bbox 2262 5474 2387 5547; x_wconf 63' lang='grc' dir='ltr'>πεζαὶ</span> <span class='ocrx_word' id='word_1_750' title='bbox 2433 5476 2636 5547; x_wconf 77' lang='grc' dir='ltr'>κόσμου</span> <span class='ocrx_word' id='word_1_751' title='bbox 2671 5476 2998 5542; x_wconf 78' lang='grc' dir='ltr'><strong>συντελείας.</strong></span> <span class='ocrx_word' id='word_1_752' title='bbox 3033 5477 3269 5533; x_wconf 87' lang='lat' dir='ltr'><strong>Thomas</strong></span> <span class='ocrx_word' id='word_1_753' title='bbox 3308 5474 3513 5532; x_wconf 85' lang='lat' dir='ltr'><strong>Galeus</strong></span> <span class='ocrx_word' id='word_1_754' title='bbox 3548 5476 3676 5547; x_wconf 85' lang='lat' dir='ltr'><strong>legit</strong></span> 
     </span>
    </p>
   </div>
   <div class='ocr_carea' id='block_1_109' title="bbox 2096 5546 2983 5618">
    <p class='ocr_par' dir='ltr' id='par_1_109' title="bbox 2096 5546 2983 5618">
     <span class='ocr_line' id='line_1_111' title="bbox 2096 5546 2983 5618; baseline 0.001 -20"><span class='ocrx_word' id='word_1_755' title='bbox 2096 5546 2222 5618; x_wconf 73' lang='grc' dir='ltr'>περὶ</span> <span class='ocrx_word' id='word_1_756' title='bbox 2255 5546 2570 5618; x_wconf 59' lang='grc' dir='ltr'>ήγξμονίας,</span> <span class='ocrx_word' id='word_1_757' title='bbox 2612 5546 2684 5601; x_wconf 87' lang='lat' dir='ltr'><strong>De</strong></span> <span class='ocrx_word' id='word_1_758' title='bbox 2715 5546 2983 5618; x_wconf 66' lang='lat' dir='ltr'><strong>regimine.</strong></span> 
     </span>
    </p>
   </div>
   <div class='ocr_carea' id='block_1_110' title="bbox 2123 5615 3674 5697">
    <p class='ocr_par' dir='ltr' id='par_1_110' title="bbox 2123 5615 3674 5697">
     <span class='ocr_line' id='line_1_112' title="bbox 2123 5615 3674 5697; baseline -0.001 -25"><span class='ocrx_word' id='word_1_759' title='bbox 2123 5687 2133 5697; x_wconf 84' lang='lat'>_</span> <span class='ocrx_word' id='word_1_760' title='bbox 2169 5615 2284 5697; x_wconf 67' lang='lat'><strong>(20)</strong></span> <span class='ocrx_word' id='word_1_761' title='bbox 2319 5615 2477 5672; x_wconf 82' lang='lat' dir='ltr'><strong>Joan.</strong></span> <span class='ocrx_word' id='word_1_762' title='bbox 2514 5615 2925 5675; x_wconf 45' lang='lat' dir='ltr'><strong>Damascitom.</strong></span> <span class='ocrx_word' id='word_1_763' title='bbox 2959 5616 3024 5685; x_wconf 93' lang='lat' dir='ltr'><strong>ll,</strong></span> <span class='ocrx_word' id='word_1_764' title='bbox 3052 5633 3171 5689; x_wconf 80' lang='lat' dir='ltr'><strong>pag.</strong></span> <span class='ocrx_word' id='word_1_765' title='bbox 3192 5617 3296 5673; x_wconf 88' lang='lat'><strong>787</strong></span> <span class='ocrx_word' id='word_1_766' title='bbox 3323 5617 3528 5675; x_wconf 86' lang='lat' dir='ltr'><strong>noviss.</strong></span> <span class='ocrx_word' id='word_1_767' title='bbox 3562 5618 3674 5672; x_wconf 67' lang='lat' dir='ltr'><strong>edi.</strong></span> 
     </span>
    </p>
   </div>
   <div class='ocr_carea' id='block_1_111' title="bbox 2098 5688 2283 5742">
    <p class='ocr_par' dir='ltr' id='par_1_111' title="bbox 2098 5688 2283 5742">
     <span class='ocr_line' id='line_1_113' title="bbox 2098 5688 2283 5742; baseline 0.005 -1"><span class='ocrx_word' id='word_1_768' title='bbox 2098 5688 2283 5742; x_wconf 80' lang='lat' dir='ltr'><strong>licttis.</strong></span> 
     </span>
    </p>
   </div>
  </div>
