4034 6428
398 329 501 383 519

1372 327 1458 381 DE
1496 326 1657 382 VITA
1692 324 1780 380 ET
1817 324 2130 382 SCRIPTIS
2169 324 2227 380 S.
2269 320 2652 378 lllPPOLYTI.

3535 321 3640 376 520

396 443 627 509 Basilii,
678 443 967 515 Epiphanii
1019 453 1075 499 et
1118 444 1348 498 aliorum
1390 441 1646 505 Patrum,
1692 457 1834 512 quos
1888 443 1975 496 hic
2006 451 2047 499 Α
2077 440 2281 495 ultima:
2311 439 2533 510 syllabae
2560 437 2670 491 sint
2697 435 2847 491 vocis
2879 434 3240 500 ‘P‘AAMUTC,
3275 443 3436 505 atque
3459 436 3653 506 Proin‘.
3721 455 3735 463 -

396 537 549 601 citat,
603 537 725 591 ideo
774 539 1039 591 duntaxat
1068 544 1346 590 mutuatus
1384 534 1570 598 fuerit,
1617 543 1675 588 ut
1700 535 1847 603 operi
1874 549 1973 589 suo

396 627 636 697 aliquam
662 630 1003 700 dignitatem,
1050 644 1216 698 quam
1250 629 1302 681 in
1329 642 1387 682 se
1414 643 1522 680 non
1554 627 1804 691 habebat,
1837 643 1971 683 con-

398 718 635 773 ciliarct.

468 808 579 865 Nec
632 810 829 864 desunt
880 819 1199 878 argumenta
1250 826 1349 881 pro
1403 811 1725 866 ascribendo
1780 818 1971 864 sancto

396 900 684 972 Hippolyto
731 901 948 970 aliquod
997 902 1322 970 opusculum
1373 916 1469 956 seu
1513 900 1970 955 commentarium

394 991 449 1046 in
482 993 724 1061 quaedam
771 991 933 1061 primi
962 990 1170 1062 Regum
1203 992 1325 1046 libri
1362 992 1506 1057 loca,
1547 992 1600 1046 in
1626 992 1827 1061 quibus
1856 1007 1971 1046 ser-

392 1096 484 1136 mo
533 1082 760 1136 haizetur
802 1082 869 1136 de
916 1081 1154 1137 Helcana
1202 1092 1454 1152 patreet
1479 1098 1621 1136 anna
1656 1080 1827 1136 Matre
1870 1080 1969 1136 Sa-

392 1171 587 1226 muelis
619 1172 754 1242 (56).
797 1170 1171 1229 Theodoretus
1217 1174 1332 1228 suis
1361 1174 1413 1227 in
1450 1172 1693 1243 Dialogis
1719 1174 1966 1243 quaedam

393 1260 556 1328 hujus
606 1261 794 1331 scripti
848 1262 967 1317 loca
1027 1264 1184 1318 nobis
1229 1264 1577 1318 conservavit
1623 1280 1743 1334 qua:
1789 1280 1820 1318 a
1866 1263 1971 1319 Fa-

389 1348 564 1405 bricio
612 1351 665 1405 in
714 1352 953 1409 editione
998 1370 1223 1424 operum
1278 1356 1450 1410 nostri
1498 1356 1681 1411 Sancti
1725 1355 1970 1411 referun-

388 1449 480 1495 tur
514 1441 647 1511 (57).

391 1526 420 1600 §
472 1528 560 1587 Ill.
638 1531 1061 1605 Commentarius
1128 1532 1186 1588 S.
1240 1533 1510 1605 Hippolyti
1570 1539 1626 1589 in
1676 1533 1887 1591 Saulem
1918 1545 1969 1590 et

972 1603 1369 1673 Pytliouissani.

455 1714 602 1768 Idem
633 1713 690 1768 S.
725 1714 1047 1788 Hippolytus
1102 1720 1411 1789 composuit
1439 1719 1585 1773 aliud
1627 1677 1793 1775 etiam
1830 1733 1965 1790 opu-

384 1805 599 1860 sculum
636 1807 689 1861 in
721 1808 826 1863 alia
860 1787 1024 1880 hujus
1059 1809 1117 1865 S.
1155 1787 1452 1881 Scriptum
1500 1812 1623 1866 libri
1652 1812 1792 1879 loca,
1843 1787 1964 1881 qua:
1996 1787 2035 1842 Β

387 1898 688 1967 respiciunt
721 1897 936 1957 Saulem
965 1912 1015 1956 et
1047 1901 1438 1973 Pythonissam.
1499 1902 1853 1960 Observatum
1880 1917 1965 1963 est

384 1998 564 2043 autem
616 2005 647 2045 a
690 1992 825 2047 viris
872 1994 1047 2049 doctis
1076 1996 1189 2065 (58)
1225 1995 1571 2067 Hippolytum
1618 2012 1743 2052 raro
1772 2013 1961 2052 susce-

384 2082 532 2148 pisse
578 2082 851 2154 integrum
911 2086 1108 2141 librum
1148 2086 1443 2157 Scriptura:
1477 2089 1959 2159 interpretandum,

385 2172 481 2227 sed
516 2174 773 2230 selectum
813 2190 1216 2249 argumentum,
1268 2183 1726 2251 quemadmodum
1756 2199 1822 2238 ex
1845 2183 1960 2253 jam

381 2276 551 2333 supra
577 2267 757 2334 dictis,
812 2278 977 2339 atque
1002 2271 1183 2327 adhuc
1213 2272 1481 2339 dicendis,
1534 2274 1734 2330 invicte
1761 2275 1961 2330 contir-

383 2366 586 2415 matur.
645 2359 1087 2418 Commentarius
1117 2365 1184 2419 de
1214 2364 1379 2420 Saule
1408 2382 1473 2421 ac
1502 2365 1828 2438 Pythouissa
1856 2385 1959 2423 no-

379 2458 531 2502 tatur
578 2450 646 2503 :lb
694 2449 1028 2523 Hieronymo
1078 2452 1190 2523 (59)
1234 2455 1375 2509 inter
1433 2455 1539 2509 alia
1578 2455 1755 2511 sancti
1782 2458 1957 2513 nostri

380 2538 625 2596 doctoris
657 2558 842 2612 Opera.
1454 2604 1467 2611 _

449 2633 794 2688 Conveniunt
815 2637 978 2689 etiam
1011 2636 1110 2689 viri
1140 2635 1308 2702 docti,
1346 2639 1490 2707 quod
1525 2639 1785 2709 praefatus
1813 2640 1952 2711 Hip-

378 2723 547 2794 polyti
600 2727 1026 2782 commentarius
1057 2728 1110 2781 in
1142 2729 1322 2783 tabula
1355 2730 1541 2787 Greca
1590 2747 1687 2802 per
1715 2735 1955 2789 vocabu~

379 2816 493 2868 lum
520 2815 621 2870 hoc
649 2814 806 2872 l'l‘AC
836 2819 1194 2875 ΤΡΙΜΥΘΟΝ
1220 2820 1558 2892 designetur,
1579 2840 1643 2879 ex
1668 2839 1778 2893 quo
1802 2840 1952 2879 com-

379 2922 582 2976 ponere
614 2909 804 2963 volunt
835 2911 1432 2981 ΕΓΓΔΟΤΡΙΜΥΘΟΝ,
1457 2916 1603 2985 quod
1632 2931 1833 2971 nomen
1859 2915 1956 2972 Se-
1986 2950 1999 2958 ~

378 2998 658 3068 ptuaginta
699 2999 1023 3070 lnterpretes
1067 3003 1408 3075 Pythonissae
1440 3006 1493 3060 in
1520 3004 1703 3062 Endor
1741 3007 1951 3063 indide-

378 3102 527 3155 runt,
572 3106 695 3160 quae
739 3109 768 3146 a
807 3093 971 3147 Saule
1003 3095 1356 3166 interrogata,
1408 3097 1617 3153 artibus
1661 3108 1717 3153 et
1742 3100 1953 3169 praest‘i-
1980 3123 2022 3177 ρ

377 3184 482 3253 giis
550 3186 705 3248 suis,
767 3186 1038 3242 Samuelis
1107 3178 1359 3244 umbram
1429 3190 1709 3245 excitavit.
1791 3190 1956 3247 Extra

378 3289 594 3328 omnem
629 3275 987 3331 dubitationis
1032 3278 1205 3332 aleam
1255 3280 1496 3350 positum
1534 3282 1691 3337 nobis
1722 3283 1954 3350 videtur,

378 3375 669 3420 tractatum
721 3366 781 3421 S.
827 3366 1100 3440 Hippolyti
1157 3382 1431 3440 spectasse
1462 3373 1647 3443 potius
1676 3375 1818 3431 hanc
1854 3375 1957 3448 Py-

378 3456 706 3526 thonissam,
750 3476 913 3530 quam
954 3462 1125 3526 illam,
1166 3465 1234 3518 de
1274 3480 1383 3533 qua
1412 3465 1672 3520 Actorum
1702 3482 1823 3538 cap.
1856 3485 1946 3523 xvr

376 3549 582 3601 mentio
615 3549 880 3618 habetur;
915 3553 1039 3609 licet
1070 3553 1312 3624 Scaliger
1341 3557 1550 3626 putarit
1579 3558 1721 3614 hanc
1747 3561 1952 3616 intelli-

376 3637 613 3708 gendam
645 3656 788 3695 esse.

637 3730 664 3801 §
703 3730 789 3784 IV.
868 3730 1289 3789 Commentarius
1320 3737 1377 3790 in
1407 3736 1675 3794 Psalmos.

447 3817 506 3874 S.
543 3817 927 3893 Hieronymus,
962 3826 1267 3896 catalogum
1296 3844 1520 3897 operum
1573 3830 1630 3884 S.
1676 3829 1948 3903 Hippolyti

374 3931 732 3986 prosequens,
767 3930 1013 3975 recenset
1041 3923 1205 3977 etiam
1246 3923 1694 3980 Commentariun:
1716 3929 1771 3982 in
1790 3925 1947 3982 Psal-

374 4024 485 4061 mos
513 4009 648 4079 (40).
694 4011 905 4068 Asserit
936 4015 1004 4069 cl.
1037 4014 1086 4069 le
1116 4015 1366 4087 Moynius
1403 4018 1695 4074 Eusebium
1729 4037 1948 4091 quoque

370 4098 521 4155 hunc.
561 4108 1016 4160 commentarium
1061 4106 1119 4162 S.
1145 4106 1434 4181 Hippolyto
1463 4113 1804 4182 ascripsisse.
1841 4116 1946 4173 Sed

370 4192 438 4245 de
463 4191 567 4248 hoc
590 4194 704 4249 sive
728 4193 1035 4251 Eusebiann
1069 4208 1238 4265 textu,
1277 4201 1391 4255 sive
1423 4203 1476 4255 in
1523 4203 1669 4258 illius
1693 4207 1945 4261 versione

372 4282 521 4337 nulla
561 4284 682 4338 vola
714 4284 943 4341 habetur
969 4289 1102 4357 (41).
1162 4289 1220 4344 ld
1248 4306 1376 4345 vero
1424 4304 1577 4348 extra
1627 4306 1944 4352 controver-

370 4378 533 4440 siam,
584 4377 731 4446 quod
764 4378 817 4432 in
845 4381 1027 4435 tabula
1052 4380 1240 4439 Graeca
1274 4385 1357 4440 hae
1390 4386 1611 4458 syllabae
1635 4387 1940 4454 ΑΛΜΟΥΣ,

386 4522 397 4528 ‘
596 4509 904 4589 _'l:il_lernont,
936 4513 1381 4589 Memoires,__tom
1414 4518 1500 4589 lll,
1534 4534 1659 4589 pag.
1688 4520 1811 4576 108.

595 4580 833 4658 Ealiric.,
870 4593 1001 4658 tom.
1032 4584 1209 4655 lOpp.
1242 4580 1564 4658 llippol.,p.
1603 4580 1727 4644 267.

598 4651 884 4726 Scaliger.,
916 4650 1197 4726 observat.
1228 4658 1281 4710 in
1312 4650 1583 4711 Cononem
1611 4660 1942 4726 Paschalem,

368 4721 510 4843 apud
532 4720 922 4802 F:}liric.,tont.
948 4722 966 4775 l
993 4722 1131 4810 Opp.
1159 4725 1393 4794 Hippol.,
1414 4744 1535 4798 pag.
1562 4728 1623 4783 81
1649 4720 1939 4798 ;Maurini,

428 4799 517 4842 tst.
559 4791 820 4843 lutératre
863 4793 926 4843 de
977 4798 1031 4843 la
1084 4795 1310 4843 lvi-unca-
1378 4808 1510 4843 mm-
1566 4797 1600 4843 Ι,
1657 4816 1762 4843 nats
1813 4802 1919 4843 37A

428 4791 820 4872 is_t:nli.t'teraire
863 4793 926 4847 de
962 4791 1311 4872 _la'_'lj'ran'ce,
1378 4791 1511 4852 tam“.
1563 4797 1614 4872 l_,7
1652 4791 1781 4872 pag.
1813 4791 1939 4856 574.

442 4860 559 4940 (591).
593 4859 906 4940 Hieronym.
960 4865 1013 4940 in
1058 4859 1331 4940 _Catalog.,
1382 4884 1502 4940 cap.
1557 4859 1674 4936 6.1,.
1705 4859 1797 4940 ιιυυὶ
1852 4888 1941 4926 re-

367 4927 855 5009 ferthllippolytﬁum
878 4936 1164 5009 scripsisse
1194 4927 1329 5009 m'pt
1354 4927 1497 4992 Σαΰλ
1525 4927 1926 5008 καὶᾟῦθωνος,

366 5001 430 5053 de
453 4998 615 5054 Saule
644 4998 711 5054 et’
729 4998 1069 5070 Pytltonissa.

459 5071 547 5141 40)
592 5070 933 5141 Hicronym.,
969 5076 1003 5128 Ι.
1033 5091 1083 5129 c.

461 5141 900 5235 dijlil‘usebius“,
924 5157 1145 5235 nqtante
1168 5146 1239 5235 cl.
1262 5146 1556 5235 ﬁeillieri‘o
1587 5149 1729 5206 Hist.
1760 5154 1937 5235 gener.

366 5210 456 5265 des
500 5210 926 5292 autenm-mlum.
970 5214 1041 5292 _ll,
1091 5233 1212 5288 pag.
1261 5219 1387 5283 522,
1440 5229 1551 5276 not.
1579 5236 1648 5292 ε,
1680 5210 1938 5292 exiguam

366 5296 589 5349 operum
630 5284 686 5336 S.
714 5282 981 5356 Hippolyti
1028 5282 1232 5354 partc'm
1273 5282 1535 5354 recenset,
1589 5282 1837 5347 addendo
1868 5304 1941 5347 ta-

364 5363 487 5431 men
505 5360 753 5408 notanter
775 5356 889 5431 hate
916 5357 1078 5411 verba
1109 5372 1122 5409 :
1151 5375 1177 5431 ι
1195 5359 1297 5414 Sed
1324 5370 1377 5414 et
1403 5361 1506 5414 alia
1538 5361 1770 5431 plurima
1796 5364 1939 5431 apud

359 5424 822 5546 aliznasggrvata
854 5426 979 5481 licet
1010 5429 1264 5495 reperire.
1305 5449 1323 5482 ι
1377 5424 1603 5496 Euseb.,
1636 5429 1709 5485 ΙΙ.
1736 5433 1804 5487 Ε.
1830 5424 1935 5488 111).

362 5504 419 5555 v,
448 5506 565 5559 cap.
595 5504 686 5547 22.

436 5561 551 5638 (42)
592 5561 904 5638 Hieronym.
940 5567 991 5638 in
1022 5567 1291 5637 Catalog.,
1326 5584 1446 5638 cap.
1479 5568 1568 5624 6l.

437 5629 549 5709 (Ii?!)
693 5629 908 5709 Moync,
954 5636 1076 5690 Var.
1110 5629 1246 5701 εαεῖ,
1281 5629 1412 5693 tom:
1448 5639 1511 5702 ll,
1543 5656 1667 5709 pag.
1700 5641 1825 5697 992.

439 5657 549 5701 (ιω)
590 5657 664 5687 ne
693 5657 908 5705 uluyltc,
958 5657 1076 5718 V'ar.
1110 5657 1246 5701 sac.,
1281 5657 1412 5693 tum.
1449 5657 1511 5702 ιι,
1543 5657 1667 5765 pag.
1700 5657 1825 5723 39?...

439 5700 551 5770 (44)
593 5702 919 5780 Theodoret.
950 5708 1156 5780 tlialog_.
1194 5709 1214 5761 1
1249 5721 1302 5763 et
1329 5710 1385 5772 2,
1425 5725 1547 5778 pag.
1575 5713 1607 5765 8
1672 5729 1686 5776 ;
1743 5711 1938 5780 Hippo-

369 5769 461 5840 lyt.
501 5781 630 5827 tom.
674 5776 689 5828 l
741 5772 878 5844 Opp.
930 5779 1068 5846 apud
1099 5769 1540 5849 'E'abric.,pag'.-
1587 5769 1710 5837 268.
1749 5769 1935 5839 Fabri-

2071 532 2138 586 de
2154 530 2485 601 originarius
2500 529 2689 584 titulus
2715 528 2877 583 fuerit
2903 532 2981 593 εἰς
2997 529 3125 591 τοὺς
3138 526 3423 598 Ψαλμούς.
3458 526 3533 580 Ex
3561 528 3644 581 lo-
3706 588 3711 597 δ

2070 624 2267 692 qttcndi
2329 622 2492 677 modo
2551 620 2614 675 Ι).
2674 620 2987 692 Hieronymi
3046 620 3340 675 verisimile
3402 619 3637 681 videtur.

2069 710 2215 778 quod
2272 710 2360 764 ille
2414 709 2740 763 intellexerit
2785 708 3241 763 commentarium
3286 707 3341 761 in
3373 708 3640 778 integrum

2068 799 2424 862 Psalterium;
2457 801 2534 853 ait
2567 800 2712 854 enim
2749 817 2763 853 :
2793 798 3110 868 Hippolytus
3139 836 3153 852 .
3182 838 3198 853 .
3223 838 3238 852 .
3274 799 3482 867 scripsit
3512 798 3643 852 noti-

2070 890 2240 943 nnllos
2271 890 2324 942 in
2357 888 2665 959 Scripturas
2691 890 3118 953 commentarios,
3157 904 3185 942 e
3218 888 3407 958 quibus
3436 891 3528 942 hos
3562 905 3646 943 ro-

2069 982 2179 1050 peri
2206 996 2225 1033 :
2252 982 2309 1035 in
2335 980 2701 1036 Hexaemeron
2725 1022 2742 1036 .
2768 1021 2783 1034 .
2812 1019 2827 1034 .
2858 982 2921 1036 de
2945 981 3178 1035 Psalmis
3206 980 3341 1052 (42).
3395 978 3645 1050 Quapro-

2067 1081 2190 1142 pter
2240 1071 2484 1143 Scaliger
2532 1083 2587 1127 et
2637 1074 2686 1129 le
2728 1072 2978 1144 Moynius
3031 1073 3342 1128 nullatenus
3367 1071 3641 1135 dubitant,

2067 1154 2198 1233 quin
2256 1162 2314 1218 S.
2342 1162 2666 1235 Hippolytus
2712 1174 2897 1220 noster
2941 1165 2997 1220 in
3045 1164 3368 1220 enarrandis
3409 1164 3641 1220 Psalmis

2066 1270 2287 1327 operam
2341 1272 2496 1313 suam
2547 1258 2848 1313 collocarit.
2900 1257 3066 1312 Addit
3097 1267 3358 1328 praeterea
3401 1257 3450 1311 le
3489 1255 3641 1327 Moy-

2066 1351 2193 1405 nius
2215 1348 2328 1422 (43)
2355 1352 2406 1404 id
2435 1359 2584 1405 certo
2613 1349 2814 1404 martius
2855 1348 3036 1418 colligi
3065 1364 3225 1418 posse
3252 1365 3319 1403 ex
3348 1349 3554 1406 Catena
3581 1352 3637 1405 in

2066 1438 2331 1506 Psalmos,
2382 1455 2507 1509 quae
2534 1441 2718 1495 codice
2744 1438 2847 1494 Ms.
2877 1448 3193 1495 asservatur
3218 1440 3275 1494 in
3309 1440 3637 1496 bibliotheca

2066 1531 2302 1595 Medicea
2357 1532 2667 1587 Florentia.
2742 1530 3118 1587 Theodoretus
3167 1532 3294 1587 bina
3337 1531 3638 1604 fragmenta

2065 1621 2260 1675 exinde
2303 1623 2467 1677 etiam
2496 1622 2718 1677 exhibet
2746 1620 2883 1692 (44),
2927 1621 3163 1689 primum
3203 1637 3270 1676 ex
3292 1622 3639 1678 Commenta-

2066 1711 2163 1766 riis
2218 1712 2270 1766 in
2305 1713 2576 1783 psalmum
2642 1728 2716 1778 ιι,
2764 1712 3063 1769 secundum
3101 1728 3170 1767 ex
3219 1712 3638 1772 Commentariis

2064 1802 2117 1855 in
2163 1804 2428 1874 psalmum
2484 1821 2654 1871 xxnt,
2700 1820 2794 1860 seu
2836 1821 2983 1860 xxiv.
3045 1803 3205 1860 Teste
3261 1807 3484 1862 Alberto
3533 1807 3637 1864 Fa-

2066 1894 2237 1950 bricio
2260 1896 2371 1966 (45)
2416 1898 2581 1951 etiam
2622 1896 2893 1970 Hippolyti
2928 1897 3194 1966 expositio
3228 1899 3418 1966 psalmi
3452 1915 3509 1953 lx
3534 1900 3637 1955 ha—

2064 1985 2223 2039 betur
2271 1987 2413 2041 inter
2460 2003 2595 2042 mss.
2645 1988 2983 2044 bibliotheca:
3032 1988 3358 2044 Bodleianae.
3444 1989 3637 2061 Operis

2064 2078 2227 2148 hujus
2257 2080 2584 2150 hypothesin
2621 2082 2735 2137 sive
2766 2082 3139 2153 praefationem
3186 2100 3319 2138 mss.
3349 2099 3410 2139 se
3435 2085 3638 2141 habere

2062 2176 2291 2224 testatus
2347 2178 2431 2224 est
2470 2168 2710 2226 Thomas
2740 2170 2961 2227 Galcus.
3006 2172 3206 2227 Habuit
3246 2183 3300 2229 et
3330 2160 3636 2231 Alexander

2061 2258 2266 2326 Morus,
2319 2262 2413 2330 qui
2442 2261 2625 2317 laudat
2651 2264 2794 2318 notis
2818 2264 2887 2317 ad
2914 2261 3125 2318 Novum
3153 2263 3374 2329 Foedus,
3415 2266 3480 2320 ad
3528 2264 3636 2321 He-

2059 2351 2237 2407 braeos
2273 2370 2327 2416 x,
2356 2355 2409 2407 5.
2460 2353 2769 2424 Stephanus
2800 2356 2849 2411 le
2876 2355 3068 2427 Moyne
3109 2368 3162 2412 et
3181 2358 3485 2413 Alexander
3514 2360 3634 2412 Mo-

2060 2460 2157 2500 rus
2189 2445 2292 2500 hoc
2320 2444 2594 2518 Hippolyti
2627 2458 3005 2518 argumentum
3032 2451 3367 2505 cnarrationi
3400 2452 3453 2503 in
3478 2449 3634 2506 Psal-

2058 2555 2177 2595 mos
2207 2541 2547 2606 praemissum
2591 2542 2752 2612 primi
2792 2544 3186 2612 produxerunt,
3214 2545 3307 2600 sed
3332 2545 3513 2601 minus
3541 2547 3631 2601 in-

2057 2638 2289 2702 tegrum,
2332 2632 2624 2704 minusque
2664 2636 3011 2691 emendatum
3045 2636 3180 2707 (46),
3210 2635 3490 2692 Fabricius
3531 2652 3633 2693 au-

2060 2732 2164 2777 tem
2185 2732 2240 2777 et
2259 2723 2578 2780 Gallandius
2598 2743 2629 2780 e
2651 2742 2785 2781 mss.
2810 2730 2880 2782 cl.
2905 2729 3009 2783 viri
3032 2729 3252 2784 Thema:
3274 2728 3421 2784 Galei
3445 2745 3633 2785 emen-

2056 2814 2237 2871 datius
2287 2816 2556 2872 dederunt
2600 2817 2737 2889 (47).
2785 2817 2978 2875 Iudice
3043 2821 3301 2891 perdocte
3360 2820 3632 2877 Ceillierio

2058 2904 2193 2976 (48),
2241 2904 2638 2962 Demonstratio
2680 2920 2865 2963 contra
2911 2908 3132 2967 Iudaeos
3175 2928 3205 2966 a
3237 2911 3505 2967 Turriano
3524 2912 3631 2968 La-

2059 2997 2168 3051 tine
2187 3010 2242 3053 et
2265 2999 2363 3054 abs
2393 2998 2643 3055 Fabricio
2673 3000 2785 3071 (49)
2818 3000 3005 3057 Graece
3031 3004 3197 3070 edita,
3229 3007 3627 3060 consectarium

2056 3104 2176 3143 esse
2205 3091 2418 3145 videtur
2452 3090 2830 3146 Commentarii
2863 3091 2922 3149 S.
2961 3092 3232 3166 Hippolyti
3261 3097 3315 3149 in
3342 3095 3628 3163 Psalmos;

2061 3198 2185 3238 nam
2236 3184 2454 3253 proprie
2503 3184 2774 3254 loquendo
2820 3186 2909 3240 illa
2959 3186 3353 3243 demonstratio
3383 3205 3490 3243 non
3521 3199 3628 3259 est,

2059 3281 2165 3335 nisi
2207 3281 2555 3350 paraphrasis
2602 3280 2795 3350 psalmi
2827 3282 3151 3351 sexagesimi
3183 3284 3381 3337 octavi.
3441 3282 3630 3354 Neque

2058 3371 2147 3426 hic
2188 3370 2408 3441 aliquod
2460 3371 2782 3426 observatur
2833 3371 3096 3441 judicium
3131 3374 3311 3443 operis
3342 3374 3629 3444 cujusdam

2055 3463 2180 3517 data
2229 3478 2393 3533 opera
2434 3461 2689 3518 confecti.
2752 3461 2856 3517 Sed
2879 3478 2945 3518 ex
2970 3465 3279 3532 occasione,
3309 3482 3412 3535 qua
3437 3476 3630 3522 auctor

2054 3555 2334 3610 veritatem
2387 3556 2668 3626 religionis
2717 3556 3042 3613 Christianae
3091 3558 3355 3614 adversus
3402 3558 3622 3615 Iudaeos

2053 3646 2264 3716 probat,
2313 3647 2380 3702 ad
2423 3647 2585 3702 verba
2632 3648 2799 3717 hujus
2825 3648 3019 3718 psalmi
3062 3648 3264 3704 ludatis
3306 3650 3627 3719 exponenda

2052 3740 2374 3794 naturaliter
2436 3739 2806 3808 trahebatur;
2878 3750 3043 3810 atque
3103 3750 3385 3812 propterea
3468 3742 3625 3810 juxta

2051 3813 2269 3885 omnem
2304 3831 2837 3886 verisimilitudincm
2870 3834 3091 3903 quidam
3121 3834 3342 3903 copistaa
3365 3834 3493 3888 huic
3517 3835 3628 3889 tra-

2051 3934 2269 3994 gmento
2297 3925 2668 3994 ascripserunt
2700 3926 2918 3979 titulum
2950 3925 3028 3980 De
3055 3926 3499 3981 demonstratione
3527 3926 3626 3980 ad-

2047 4029 2221 4067 versus
2249 4012 2484 4068 Judtros.
2512 4033 2530 4065 ι
2561 4013 2792 4081 Quidam
2818 4015 3172 4070 nihilominus
3195 4016 3294 4069 viri
3322 4015 3463 4070 docti
3498 4030 3626 4086 per-

2047 4105 2359 4160 suasionem
2418 4105 2699 4173 habentes,
2755 4107 2929 4176 pergit
2978 4106 3301 4176 Ceillierius,
3353 4112 3501 4179 quod
3555 4108 3616 4163 S.

2047 4196 2364 4270 Hippolytus
2414 4207 2703 4253 tractatum
2760 4200 3028 4269 integrum
3094 4200 3354 4257 adversus
3402 4202 3620 4257 Judaeos

2044 4293 2357 4357 elaborarit,
2408 4292 2659 4348 eumdem
2717 4292 3056 4363 designatum
3104 4295 3396 4348 credebant
3443 4295 3497 4347 in
3532 4303 3615 4348 ta-

2044 4386 2172 4440 bula
2205 4400 2428 4455 operum
2478 4384 2689 4452 lapidea
2731 4384 2882 4439 hisce
2927 4394 3162 4454 quatuor
3187 4385 3390 4440 Graecis
3415 4386 3612 4441 litteris

1972 4486 2018 4540 ι)
2049 4475 2231 4544 lOYC,
2256 4493 2394 4547 quas
2425 4476 2645 4532 ultimas
2674 4490 2797 4532 esse
2817 4477 3067 4533 vocabuli
3108 4477 3397 4542 Ἰουδαίους
3427 4479 3620 4533 existi-

2045 4617 2164 4672 cius
2190 4617 2380 4683 etiam,
2427 4632 2548 4687 pag.
2587 4613 2714 4687 269,
2767 4614 2965 4685 allegat
3001 4631 3066 4687 ex
3098 4615 3436 4671 Theodoreto
3478 4632 3622 4672 eom-

2045 4689 2372 4741 mentarium
2408 4685 2460 4741 in
2494 4685 2760 4755 psalmum
2789 4701 2978 4751 cxvm,
3025 4685 3179 4754 juxta
3213 4703 3332 4753 nos,
3380 4696 3434 4742 et
3467 4703 3619 4751 cxlx,

2040 4757 2197 4826 juxta
2224 4757 2512 4823 Hebraeos;
2542 4757 2636 4811 sed
2665 4765 2724 4809 ut
2752 4768 2980 4826 censent
3004 4755 3234 4811 Maurini
3266 4758 3435 4813 nostri
3469 4756 3617 4813 Hist.

2044 4824 2210 4882 littér.
2257 4829 2321 4881 de
2351 4831 2405 4880 la
2434 4826 2665 4891 France,
2720 4836 2851 4895 tom.
2881 4824 2921 4889 1,
2956 4843 3077 4895 pag.
3130 4826 3252 4891 574,
3296 4837 3410 4882 not.
3450 4828 3501 4893 l,
3550 4843 3619 4882 ex

2044 4898 2186 4967 male
2217 4897 2529 4967 intellectis
2552 4896 2713 4964 hujus
2742 4894 2919 4951 Patris
2946 4894 3145 4960 verbis,
3193 4913 3315 4967 qua:
3339 4914 3443 4951 non
3475 4901 3620 4953 hunc

2041 4965 2343 5033 Psalmum,
2376 4968 2470 5024 sed
2499 4965 2784 5021 Canticum
2816 4968 3153 5021 canticorum
3190 4965 3441 5021 innuunt.
3496 4967 3616 5022 Vid.

2044 5036 2262 5093 llenric.
2294 5037 2495 5104 Vales.,
2530 5046 2643 5092 not.
2674 5053 2724 5092 c.
2750 5037 2805 5090 in
2832 5034 3032 5092 Euseh.
3065 5036 3140 5091 H.
3171 5037 3238 5092 E.
3264 5038 3362 5093 lib.
3392 5054 3466 5105 vi,
3494 5053 3615 5107 cap.

2041 5108 2132 5165 22.
2160 5123 2282 5165 Dan.
2310 5109 2435 5165 249.

2116 5148 2132 5174 ,
2160 5124 2282 5174 pag.
2310 5124 2435 5165 249.

2114 5123 2685 5303 {ipsiiiglzltmi‘abricn
2747 5178 2998 5234 Biblioth.
3049 5176 3258 5242 Gram,
3313 5187 3445 5231 tom.
3493 5177 3614 5242 cit.,

2115 5265 2165 5303 ιι.
2316 5289 2331 5303 .

2081 5250 2165 5305 att.
2204 5250 2331 5305 209.

2042 5265 2337 5392 Ρθῖᾇδῗυιῗὲ
2369 5320 2582 5392 Moyne,
2626 5318 2753 5392 Var_.
2789 5334 2921 5392 sua,
2946 5326 3089 5392 tom.
3144 5314 3220 5392 ll,.
3243 5330 3366 5387 pag.
3399 5315 3524 5392 977ἒ

2115 5385 2227 5459 (47)
2268 5385 2507 5454 Fabric},
2561 5387 2743 5459 tom._l
2801 5385 3287 5459 Opp.’Hippolyt_.._,g
3313 5385 3433 5456 pag.
3464 5385 3612 5451 267;

2042 5456 2313 5519 Galland..
2345 5460 2597 5515 Biblioth.
2636 5457 2749 5515 PP.
2781 5456 2911 5512 tom'.
2946 5456 3009 5521 ll,
3038 5456 3317 5525 puga-€86.

2111 5530 2224 5600 (48)
2263 5529 2417 5584 Remi
2465 5530 2702 5594 Ceillier,
2755 5540 2890 5584 tom.
2921 5530 2966 5580 ll
3020 5525 3161 5582 Hist.
3195 5532 3369 5598 génér.
3399 5527 3488 5579 des
3517 5541 3617 5577 au-

2044 5599 2210 5670 teurs,
2238 5616 2361 5670 pag.
2393 5599 2520 5654 522.

2110 5663 2503 5740 (49j'Fahric.,
2547 5666 2686 5738 Opp.
2732 5666 2791 5723 S.
2833 5666 3107 5740 Hippolyt.
3145 5677 3278 5724 tom.
3316 5663 3380 5732 ll,
3423 5680 3547 5736 pag.
3576 5663 3617 5719 2

2040 5748 2092 5796 et
2121 5755 2237 5811 seq.
