4034 6382
308 430 412 482 511

1285 422 1370 476 DE
1410 420 1570 477 VlTA
1604 417 1693 473 ET
1734 415 2049 471 SCRIPTIS
2090 413 2151 467 S.
2191 411 2577 468 HLPPOLYTI.

3437 419 3548 475 39.92

311 559 490 613 r‘ant,
523 515 583 602 ut
613 547 750 602 adeo
785 547 911 602 inde
937 547 1152 600 laudata
1200 546 1254 598 in
1284 544 1465 598 tabula
1497 545 1780 613 legendum
1814 541 1882 594 sit
1912 545 1956 600 Α
1984 535 2100 590 sius
2147 534 2326 588 locum
2371 533 2506 588 satis
2537 531 2986 586 considerahilem
3013 545 3078 586 ex
3113 547 3178 586 eo
3221 532 3376 588 nobis
3411 550 3547 587 con-

324 640 628 706 ’Δπύδειξις
648 641 784 712 πρὸς
801 643 926 702 τοὺς
954 639 1253 701 Ἰουδαίους.
1273 653 1365 692 seu
1378 636 1518 690 κατὰ
1531 635 1653 698 τοὺς
1669 633 1884 687 Ἰουδαί-

315 753 450 799 ους,
511 733 902 787 Dcmonstralio
947 732 1192 784 adversus
1220 728 1454 782 Jadwos.
1515 727 1715 781 Verum
1774 728 1886 780 tunc

317 827 636 895 conjectura
663 824 810 877 omni
843 822 1196 876 fundamento
1230 819 1562 873 destituitur.
1598 821 1774 886 Atque
1799 832 1887 872 sa-

321 921 430 973 tius
453 926 738 987 propterea
769 925 851 970 est
879 917 1108 984 ingenue
1137 913 1290 966 fateri
1323 911 1680 981 ignorantiam
1705 909 1884 978 quoad

319 1010 640 1063 relationem
687 1015 918 1077 quatuor
947 1008 1135 1060 harum
1168 1005 1488 1068 litterarum,
1548 1019 1707 1074 quam
1743 1003 1796 1057 in
1828 1018 1886 1056 re

320 1102 456 1155 adeo
499 1100 730 1152 obscura
783 1098 1010 1152 divinari
1043 1097 1194 1152 velle.
1234 1117 1254 1151 ι
1285 1095 1556 1151 Hactenus
1585 1096 1654 1150 cl.
1704 1094 1887 1150 Remi-

321 1194 444 1263 gius
471 1190 794 1246 Ceillierius.
878 1187 882 1192 ’

326 1303 352 1375 §
389 1301 454 1358 ν.
487 1300 907 1356 ϐοηυηεη.αι·ἱιιε
955 1301 1008 1352 in
1041 1297 1195 1375 ,1⁷11
1220 1297 1462 1375 Psalmos
1505 1297 1884 1368 paenitentiam

805 1386 904 1422 non
935 1380 1008 1422 est
1034 1367 1090 1423 S.
1122 1369 1413 1438 Hippolyti.

344 1472 346 1474 '
392 1463 598 1517 Praeter
629 1463 773 1516 hunc
818 1462 1262 1515 Commentarium
1302 1462 1355 1514 in
1386 1475 1574 1516 omnes
1617 1459 1881 1521 Psalmos,

323 1553 677 1608 doctissimus
713 1551 985 1621 Iosephus
1011 1552 1250 1620 Scaliger
1278 1553 1450 1607 eidem
1483 1562 1670 1607 sancto
1700 1561 1888 1607 nostro

324 1647 614 1718 Hippolyto
639 1647 913 1716 sigillatim
945 1645 1169 1700 ascribit
1197 1646 1418 1713 insuper
1440 1644 1886 1698 Commentarium

323 1742 378 1792 in
413 1748 606 1808 septem
634 1737 877 1791 Psalmos
903 1737 1284 1805 pwnitentiales
1311 1735 1443 1808 (50).
1491 1734 1691 1790 Verum
1744 1750 1883 1804 quo-

326 1831 473 1882 niam
506 1829 856 1883 doctissimus
892 1829 975 1880 vir
1015 1828 1278 1882 duntaxat
1326 1827 1518 1881 nititur
1558 1827 1883 1896 interpreta-

1988 624 2222 679 servavit
2257 624 2402 691 (56);
2434 638 2595 691 quem
2640 620 2824 675 Graece
2852 638 2917 676 ac
2957 622 3146 676 Latine
3178 622 3457 680 Fabricius
3495 632 3549 679 et

1987 713 2303 768 Gallandius
2345 714 2488 766 inter
2529 712 2585 766 S.
2630 712 2898 782 Hippolyti
2931 729 3092 781 opera
3133 715 3371 768 referunt
3411 715 3547 787 (57).

1986 806 2099 860 Hoc
2144 807 2443 876 fragmento
2487 804 2542 858 S.
2578 805 2735 859 Pater
2782 806 2976 858 librum
3012 804 3299 874 Sapientize
3328 823 3358 861 a
3394 807 3552 864 Salo-

1987 913 2146 951 mone
2185 897 2544 966 perscriptum
2591 898 2856 967 agnoscit,
2911 898 3364 966 quemadmodum
3409 898 3551 955 Pro-

1986 988 2190 1050 verbia,
2249 986 2609 1042 Ecclesiasten
2665 997 2718 1040 et
2771 987 2993 1041 Cantica
3046 989 3406 1042 canticorum.
3459 990 3552 1046 Ait

1984 1079 2149 1132 etiam
2195 1077 2560 1142 Salomonem,
2593 1079 2824 1133 dicendo
2865 1078 3147 1133 Canticum
3187 1082 3546 1145 canticorum,

1985 1168 2289 1239 signiﬁcare
2336 1169 2572 1224 voluisse
2619 1185 2676 1224 sc
2725 1169 2798 1231 id,
2852 1170 2998 1238 quod
3039 1171 3420 1226 continebatur
3467 1183 3548 1228 ter

1985 1261 2132 1314 mille
2177 1260 2299 1316 odis
2343 1275 2436 1315 seu
2463 1260 2715 1322 canticis,
2760 1261 2865 1313 hoc
2898 1276 3006 1313 uno
3047 1264 3546 1331 comprehendisse.

1986 1352 2099 1408 Hac
2121 1368 2336 1422 quoque
2363 1352 2648 1406 occasione
2674 1352 2803 1406 dum
2841 1352 2897 1408 S.
2927 1353 3246 1424 Hippolytus
3275 1356 3549 1424 explicare

1985 1445 2312 1514 aggreditur,
2345 1444 2489 1513 quod
2533 1441 2812 1511 Scriptura
2858 1445 3022 1499 refert
3065 1446 3132 1500 de
3162 1447 3358 1500 selectu
3408 1447 3546 1502 seri-

1985 1545 2200 1604 ptorum
2221 1535 2794 1591 omnium-Salomonis
2816 1539 2884 1590 ab
2911 1538 3102 1592 amicis
3133 1537 3374 1592 Ezechiae
3405 1539 3550 1608 regis

1987 1627 2146 1690 facto,
2186 1636 2410 1682 testatur
2446 1628 2568 1683 illos
2617 1629 2889 1698 sapientes
2929 1630 3075 1684 viros
3104 1645 3166 1683 ea
3214 1630 3480 1684 duntaxat
3517 1646 3550 1685 e

1985 1719 2200 1788 scriptis
2235 1719 2540 1774 Salomonis
2569 1720 2846 1789 selegisse,
2876 1736 2996 1788 qua:
3036 1721 3101 1773 ad
3134 1720 3548 1774 aediﬁcationem

1987 1811 2240 1866 Ecclesiae
2266 1812 2548 1865 servirent.
2579 1811 2773 1866 Libros
2821 1827 2947 1865 vero
2976 1810 3282 1865 Salomonis
3305 1810 3549 1866 Parabo-

325 1921 460 1974 uoni
505 1920 720 1988 longius
763 1920 1040 1974 accersita;
1079 1919 1310 1972 duarum
1359 1920 1692 1990 Syllabarum
1722 1934 1887 1974 νοω,
1921 1887 1959 1943 Β
1991 1901 2164 1954 larum
2199 1910 2253 1954 et
2275 1902 2648 1964 Canticorum,
2679 1903 2730 1952 in
2757 1901 2956 1970 quibus
2987 1901 3277 1969 scripserat
3301 1901 3368 1954 de
3401 1902 3552 1967 (lan-

323 2012 578 2065 bulorum
647 2009 806 2064 IOYC
858 2019 910 2065 et
959 2009 1113 2064 NIAC
1179 2010 1233 2063 in
1307 2010 1488 2064 tabula
1557 2011 1761 2076 Grzeca,
1823 2011 1889 2064 il-

323 2105 430 2158 lius
497 2103 750 2172 Opinione
798 2113 944 2159 stare
990 2118 1097 2157 non
1144 2118 1450 2173 possumus.
1504 2101 1641 2156 Cum
1683 2112 1735 2156 et
1775 2103 1888 2171 ipse

314 2195 569 2266 Scaliger
601 2197 736 2251 bene
769 2197 1050 2267 agnoverit
1071 2196 1356 2250 lectionem
1389 2211 1542 2250 suam
1581 2193 1884 2266 μετανοίας,

320 2289 665 2357 ρωηὶιεηιὶω,
717 2288 1006 2342 admodum
1057 2297 1296 2342 coactam
1337 2303 1476 2353 esse,
1530 2287 1680 2341 nullo
1729 2287 1890 2341 modo

322 2390 506 2433 autem
540 2379 815 2449 vulgarem
841 2399 854 2446 ;
881 2381 1008 2434 hinc
1039 2381 1201 2434 etiam
1231 2380 1508 2434 insimulat
1535 2380 1885 2448 sculptorem,

321 2483 377 2527 et
408 2475 476 2527 de
506 2473 804 2528 commisso
831 2488 1014 2527 errore
1045 2472 1243 2542 arguit,
1272 2472 1490 2542 quando
1523 2470 1707 2540 posuit
1731 2468 1887 2524 ΝΙΑο

325 2581 425 2634 pro
452 2565 678 2620 NOIAC.
712 2565 933 2620 Accedit
965 2565 1107 2634 quod
1141 2565 1289 2619 nulla
1315 2566 1538 2620 omnino
1574 2565 1714 2620 adsit
1750 2566 1890 2618 veri-

325 2658 652 2723 similitudo,
687 2657 1146 2726 quemadmodum
1195 2657 1467 2726 sapienter
1511 2655 1891 2711 animadvertit

323 2749 394 2801 cl.
442 2749 492 2801 le
536 2748 787 2820 Moynius
819 2748 928 2818 (5|)
963 2748 1129 2817 quod,
1161 2763 1282 2802 cum
1312 2749 1490 2803 tabula
1536 2747 1720 2803 Graeca
1755 2748 1889 2803 satis

325 2843 614 2911 perspicue
658 2842 798 2895 linea
847 2843 1002 2896 tertia
1049 2843 1104 2896 in
1145 2840 1392 2896 Psalmos
1435 2842 1699 2912 designet,
1748 2841 1912 2896 linea

326 2933 504 3002 prima
530 2933 677 2987 aliud
707 2947 843 3002 opus
871 2933 925 2986 in
959 2932 1205 2988 Psalmos
1245 2933 1432 2987 eadem
1461 2933 1641 2988 tabula
1669 2934 1884 2988 indicet.

325 3023 462 3078 Nam
519 3034 703 3093 postea
751 3025 968 3078 additur
1017 3025 1203 3094 (verba
1241 3033 1368 3079 sunt
1419 3025 1489 3079 cl.
1548 3025 1596 3079 le
1645 3024 1884 3098 Moynii),

325 3118 477 3186 quod
530 3118 588 3172 S.
626 3117 942 3189 Hippolytus
991 3117 1269 3188 scripserit
1327 3117 1383 3171 in
1430 3116 1707 3185 Psalmos;
1742 3119 1888 3188 quod

324 3211 463 3264 satis
494 3209 693 3272 innuit,
726 3208 883 3264 IOYC
911 3209 1068 3263 NIAC
1101 3225 1206 3264 non
1250 3225 1372 3264 esse
1407 3210 1663 3278 reliquias
1695 3223 1887 3264 vocum

323 3297 574 3369 ψαλμοὺς
609 3299 914 3370 μετανοίας.
952 3298 1122 3354 Secus
1172 3299 1276 3363 bis,
1311 3300 1365 3353 in
1411 3299 1559 3353 brevi
1610 3300 1888 3365 laterculo,

324 3392 713 3446 observaretur
764 3389 1110 3461 Hippolytum
1157 3390 1444 3459 scripsisse
1503 3391 1555 3444 in
1610 3389 1889 3458 Psalmos;

326 3483 509 3552 primo
539 3483 594 3536 in
637 3481 887 3536 Psalmos
935 3481 1356 3551 pmnitentiales.
1392 3481 1584 3537 deinde
1615 3482 1668 3536 in
1704 3497 1893 3538 omnes

325 3572 612 3637 Psalmos;
644 3573 789 3641 quod
831 3587 862 3625 a
896 3572 1048 3625 nullo
1078 3579 1342 3636 veterum,
1375 3571 1468 3642 qui
1499 3571 1566 3626 de
1607 3570 1893 3643 Hippolyto

255 3680 267 3692 '
329 3666 662 3720 mentionem
689 3664 954 3730 fecerunt,
992 3664 1093 3718 fuit
1115 3681 1354 3734 unquam
1388 3667 1756 3721 observatum.
1788 3665 1892 3720 Sed

328 3759 478 3828 quod
529 3757 754 3812 omnino
803 3757 994 3810 evertit
1043 3756 1412 3826 conjecturam
1462 3755 1740 3828 Scaligeri,
1787 3766 1888 3822 est,

328 3847 476 3916 quod
505 3855 746 3915 tempore
783 3846 839 3901 S.
875 3845 1144 3918 Hippolyti
1172 3849 1316 3902 nulla
1347 3850 1526 3904 adhuc
1555 3859 1672 3903 erat
1692 3850 1893 3904 mentio

329 3936 673 3991 Psalmorum
717 3937 1171 4006 ptenitentialium
1213 3938 1347 4008 (52).
1376 3939 1526 3994 Adeo
1557 3949 1618 3994 ut
1659 3955 1767 3993 non
1799 3954 1894 4008 po-

330 4027 500 4082 tuerit
531 4027 860 4096 peculiarem
897 4041 1091 4098 parare
1136 4028 1587 4082 commentarium
1639 4028 1692 4081 in
1743 4027 1894 4082 Psal-

330 4133 453 4173 mos
483 4119 618 4173 istos
647 4119 970 4188 peculiares,
1011 4118 1107 4187 qui
1145 4118 1306 4174 hodie
1352 4119 1750 4188 ptenitentiales
1793 4134 1894 4173 vo-

330 4221 548 4277 cantur,
581 4220 634 4266 et
665 4211 808 4280 apud
840 4220 1050 4266 veteres
1077 4211 1226 4265 nulla
1269 4226 1495 4280 prorsus
1525 4209 1752 4280 ψαλμῶν
1794 4210 1894 4279 τῆς

335 4304 622 4374 μετανοίας
653 4305 935 4358 memoria.
969 4301 1095 4358 Haec
1122 4303 1192 4357 c1.
1218 4303 1266 4356 le
1295 4301 1505 4373 Moyne.

428 4395 456 4466 §
487 4395 573 4449 Vl.
605 4394 1026 4449 Commentarius
1058 4393 1118 4448 S.
1151 4393 1424 4464 Hippolyti
1452 4397 1508 4447 in
1559 4393 1800 4448 Cantica.

405 4486 675 4543 Eusebius
709 4495 764 4541 et
786 4485 1148 4557 Hieronymus
1169 4487 1308 4542 inter
1338 4501 1500 4556 opera
1529 4485 1586 4540 S.
1623 4485 1893 4556 Hippolyti

1988 2002 2167 2046 tarum
2196 1993 2262 2046 ’et
2303 1992 2483 2046 omnis
2529 1993 2744 2060 generis
2786 1993 3102 2046 animalium
3139 2005 3333 2046 natura
3379 2002 3551 2047 terre-

1988 2082 2202 2141 strium.
2220 2081 2541 2142 volatilium,
2558 2080 2881 2144 natatilium,
2898 2088 2950 2132 et
2968 2079 3032 2133 de
3054 2080 3255 2132 morbis
3269 2077 3549 2143 sanandis,

1987 2173 2246 2228 Ezechias
2279 2173 2534 2238 abolevit,
2563 2165 2664 2242 seu
2688 2172 2904 2240 penitus
2936 2171 3254 2239 suppressit,
3286 2171 3428 2238 quod
3452 2185 3551 2238 po-

1989 2265 2148 2334 pulus
2192 2267 2395 2319 crudus
2440 2271 2494 2318 et
2537 2277 2727 2331 parum
2775 2261 3073 2315 instructus
3123 2259 3317 2313 exinde
3371 2270 3552 2327 petere

1987 2365 2169 2426 posset
2204 2357 2439 2410 medelas
2485 2356 2822 2416 morborum,
2875 2367 3169 2420 eorumque
3211 2351 3550 2405 sanationem

1989 2463 2018 2500 a
2051 2446 2156 2501 Deo
2184 2455 2362 2516 petere
2391 2448 2702 2517 negligeret.
2752 2445 2949 2498 Eadem
2988 2444 3229 2496 referunt
3265 2442 3461 2495 Suidas
3493 2442 3550 2495 in

2003 2537 2261 2608 Ἐζεχίας,
2300 2537 2582 2610 Syncellus
2615 2547 2668 2592 et
2715 2537 2805 2591 alii
2836 2534 3202 2589 verisimiliter
3244 2548 3311 2586 ex
3360 2544 3549 2586 sancto

1992 2640 2176 2684 nostro
2197 2628 2483 2700 Hippolyto
2509 2630 2849 2698 deprompta.

1993 2743 2021 2815 §
2057 2743 2170 2799 Vll.
2199 2743 2574 2800 Commentarii
2607 2742 2663 2815 S.
2714 2741 2988 2811 Hippolyti
3027 2742 3083 2794 in
3110 2737 3411 2803 Proverbia,
3446 2735 3551 2790 Ec-
3634 2775 3638 2778 -

2615 2813 2909 2867 clesiasten.

2059 2927 2225 2983 Divus
2275 2926 2634 2995 Hieronymus
2685 2936 2958 2981 asseverat
2997 2937 3214 2993 quoque
3257 2937 3316 2976 se
3350 2921 3550 2974 vidisse

1990 3017 2437 3074 Commentarium
2475 3018 2648 3074 sancti
2693 3018 2863 3072 nostri
2892 3017 2946 3070 in
2986 3011 3553 3068 ProverbiaSalomo—

1989 3112 2075 3166 nis
2109 3111 2242 3180 (58).
2271 3109 2416 3166 Idem
2455 3109 2740 3165 conﬁrmat
2765 3109 2927 3162 etiam
2968 3105 3163 3160 Suidas
3201 3104 3335 3176 (59).
3361 3103 3552 3157 Alber-

1947 3249 1958 3268 ,
1993 3211 2078 3257 tus
2107 3203 2389 3257 Fabricius
2410 3217 2477 3256 ex
2498 3201 2702 3255 Catena
2724 3199 3036 3255 Graecorum
3059 3197 3282 3268 Patrum
3306 3196 3552 3266 quinque

1992 3295 2110 3349 loca
2150 3293 2339 3349 Latina
2368 3294 2528 3362 hujus
2545 3290 2933 3347 Commentarii
2969 3289 3190 3344 editioni
3222 3287 3456 3356 Operum
3485 3289 3547 3342 Ι).

1992 3384 2261 3457 hippolyti
2311 3385 2557 3446 inseruit,
2608 3382 3062 3452 quemadmodum
3112 3389 3166 3435 et
3207 3381 3275 3434 cl.
3324 3379 3548 3433 Gallam-

1991 3475 2114 3529 dius
2143 3473 2277 3545 (60).
2317 3472 2377 3527 In
2408 3473 2494 3528 his
2520 3473 2808 3542 exponitur
2836 3471 3025 3526 titulus
3057 3471 3179 3524 libri
3223 3470 3549 3524 Proverbia-

1991 3580 2137 3630 rum,
2159 3573 2212 3620 et
2235 3564 2554 3620 undecimus
2569 3578 2664 3618 seu
2694 3563 3046 3617 duodecimu-s
3068 3577 3260 3618 versus
3281 3559 3471 3630 capitis
3509 3575 3548 3612 ι.

1989 3656 2256 3713 Praeterea
2296 3665 2484 3711 notatu
2525 3656 2704 3710 adhuc
2743 3655 2959 3725 dignius
2986 3655 3347 3724 fragmentum
3385 3653 3550 3721 hujus

1981 3748 2366 3805 Commentarii
2390 3748 2528 3803 idem
2557 3749 2628 3802 cl.
2651 3748 2826 3802 editor
2840 3748 3092 3802 Albertus
3121 3745 3403 3800 Fabricius
3424 3746 3548 3800 sub-

1987 3842 2137 3912 jectt,
2159 3841 2303 3910 quod
2329 3837 2512 3896 Gr'aece
2537 3841 2821 3911 descripsit
2843 3855 2873 3896 e
2898 3841 3084 3895 codice
3104 3838 3427 3892 Taurinensi
3457 3839 3548 3902 82,

1991 3942 2243 4002 excerpta
2292 3932 2440 3985 varia
2494 3941 2738 3986 veterum
2786 3931 3111 4000 scriptorum
3161 3929 3551 3997 complectente

1985 4021 2058 4088 .V.
2094 4023 2155 4078 C.
2194 4023 2476 4078 Mattbaeus
2519 4021 2760 4077 Pfaﬂius.
2811 4022 2867 4076 lu
2903 4023 3008 4076 hoc
3041 4029 3260 4075 sanctus
3294 4018 3548 4088 Hippoly-

1995 4124 2082 4171 tus
2117 4117 2310 4185 capitis
2353 4131 2406 4169 ιι
2437 4115 2856 4172 Proverbiorum
2900 4115 3014 4168 haec
3046 4112 3208 4165 verba
3245 4126 3439 4165 versus
3473 4110 3498 4162 1
3533 4128 3546 4162 ;

1994 4207 2266 4277 Sapientia
2291 4209 2572 4278 aediﬁcavit
2599 4207 2698 4262 sibi
2723 4207 2957 4272 domum,
2984 4203 3196 4276 egregie
3225 4202 3474 4258 illustrat.

2063 4299 2307 4353 Meminit
2336 4298 2698 4370 Hieronymus
2713 4308 2766 4354 et
2796 4315 2861 4353 ex
2891 4314 2956 4354 eo
2980 4297 3252 4354 Honorius
3272 4298 3550 4353 Commen-

1999 4391 2122 4444 tarii
2158 4393 2214 4444 in
2247 4390 2616 4458 Ecclesiasten,
2644 4392 2800 4460 cujus
2830 4389 3125 4460 fragmenta
3149 4391 3200 4444 in
3225 4391 3549 4445 bibliotheca

1993 4481 2283 4538 Bodleiana
2316 4482 2570 4538 dicuntur
2606 4484 2864 4539 exsistere
2893 4483 2947 4536 in
2987 4483 3324 4539 Ecclesiaste
3353 4498 3412 4546 ll,
3455 4481 3547 4546 24,

334 4578 516 4633 adhuc
565 4585 852 4633 recensent
905 4576 1018 4649 (5'5)
1072 4577 1516 4631 Commentarium
1565 4577 1621 4630 in
1648 4576 1892 4647 _Cantica
1925 4587 1968 4640 ι)
1996 4573 2448 4644 quemadmodum
2492 4583 2546 4630 et
2579 4575 2709 4630 illud
2741 4573 3160 4630 Proverbiorum
3185 4591 3240 4630 ix
3275 4592 3289 4629 :
3324 4574 3550 4642 Sapien-

333 4671 682 4738 canticorum,
731 4685 894 4740 quem
930 4668 1306 4725 Theodoretus
1354 4669 1468 4740 (54)
1500 4669 1659 4724 etiam
1704 4670 1898 4739 allegat

334 4761 391 4814 in
420 4760 641 4831 dialogo
679 4762 773 4831 qui
815 4759 1092 4815 Eranistes
1124 4761 1457 4816 inscribitur.
1493 4760 1591 4818 Hic
1623 4776 1899 4816 commen-

336 4854 512 4910 tarius
556 4854 758 4910 saeculo
788 4869 864 4908 vn
909 4853 1220 4909 adhucdum
1253 4853 1583 4921 habebatur;
1627 4853 1894 4922 siquidem

332 4945 659 5000 Anastasius
685 4943 895 4999 Sinaita
922 4943 1036 5015 (55)
1064 4944 1218 4999 illum
1246 4945 1466 5016 legerat.
1495 4942 1640 5000 Idem
1667 4943 1897 5000 Anasta-

413 5150 522 5220 (50)
552 5149 900 5220 Scalig.,ﬂlib.
923 5165 998 5203 vn
1024 5148 1102 5204 De
1123 5150 1648 5220 cmendat._tempor.,
1675 5159 1728 5204 et
1756 5152 1896 5220 apud

332 5216 730 5291 Fabric._inter
761 5219 1032 5291 Hippolyt.
1068 5235 1192 5289 Opp.
1222 5229 1354 5275 tom.
1387 5216 1586 5291 apag.
1619 5220 1688 5291 79_
1706 5216 1894 5291 get'80.

407 5283 523 5358 (51)
558 5289 633 5360 [ιθ
659 5283 883 5360 Μογηὲξ
911 5283 1227 5360 vagata,
1261 5301 1392 5344 tom.
1424 5283 1487 5354 ll',
1529 5283 1789 5358 pag.970.

411 5359 524 5430 (52)
573 5357 866 5430 Possidius
903 5359 957 5430 in
1012 5358 1130 5412 Vita
1183 5357 1241 5414 S.
1281 5357 1582 5430 Augustini,
1635 5374 1754 5426 cap.
1790 5359 1894 5430 751,

335 5428 668 5484 mentionem
694 5428 825 5483 facit
838 5428 1177 5483 Psalmorum
1204 5429 1677 5498 pceniteutialium,
1702 5436 1754 5481 et
1781 5429 1895 5482 ier-

336 5510 483 5553 tasse
512 5499 614 5552 hoc
646 5500 881 5568 primum
910 5508 965 5553 et
996 5499 1432 5567 antiquissimum
1463 5499 1775 5553 earumdem
1801 5514 1892 5552 ve-

335 5570 557 5690 itigium
583 5579 688 5635 est,
718 5568 866 5638 quod
887 5584 1020 5625 sane
1051 5569 1190 5623 ultra
1217 5568 1474 5623 saeculum
1502 5582 1536 5621 v
1567 5583 1674 5622 non
1707 5580 1898 5622 ascen-

376 5648 436 5690 ιι.

376 5656 436 5692 ιι.

409 5707 522 5779 (55)
553 5708 649 5770 Εἰς
677 5708 740 5761 τὸ
768 5703 941 5779 ᾇομα.
966 5705 1189 5779 Euseb,
1227 5705 1300 5760 H.
1329 5704 1394 5761 E.
1414 5705 1508 5761 lib.
1541 5721 1611 5772 v1,
1643 5721 1762 5775 cap.
1794 5706 1894 5775 22;

339 5774 398 5832 S.
421 5774 654 5847 'llieron.
692 5779 746 5830 in
778 5774 1020 5847 Catalog.
1053 5792 1106 5844 p.
1139 5777 1225 5830 61.

409 5847 524 5918 (54)
551 5846 874 5904 Theodoret.
904 5843 1098 5916 dialog.
1127 5847 1181 5916 2,
1219 5847 1362 5902 hunc
1395 5847 1592 5902 librum
1623 5843 1895 5916 Hippolyti

1999 4666 2075 4718 tia
2101 4665 2385 4733 tediﬁcavit
2412 4665 2772 4719 sibisdomum.
2809 4664 3004 4720 Fertur
3033 4666 3197 4719 etiam
3234 4663 3366 4735 (61),
3402 4664 3548 4733 quod

2000 4754 2052 4808 in
2087 4755 2410 4810 bibliotheca
2453 4752 2856 4828 Vindobonensi
2895 4755 3268 4826 augustissimi
3317 4755 3548 4823 impera-

2000 4846 2133 4902 toris
2178 4854 2485 4901 asservetur
2532 4853 2668 4903 msc.
2727 4849 3093 4917 complectens
3152 4845 3210 4900 S.
3274 4845 3545 4916 Hippolyti

1999 4939 2419 4994 commentarios
2443 4939 2498 4993 in
2533 4940 2699 4996 libros
2731 4939 3058 4996 Salomonis.

1999 5149 2070 5202 ita
2097 5149 2270 5222 citat:
2302 5149 2396 5212 Εἰς
2426 5149 2535 5222 τὴν
2550 5149 2695 5222 (ᾠδὴν
2723 5152 2822 5222 τὴν
2852 5149 3107 5222 μεγάλην,
3135 5147 3368 5222 ρθεὲξδ.

2068 5219 2180 5291 (55)
2209 5218 2728 5291 ᾼιιεειεείδίὺεῑὼ,
2759 5218 2949 5291 quaest.
2979 5218 3070 5285 4|,
3098 5235 3218 5287 pag.
3247 5218 3368 5271 554.

2067 5288 2178 5356 (56)
2209 5288 2351 5352 Idem
2382 5291 2510 5344 ibid.

2068 5353 2180 5428 (57)
2227 5358 2466 5422 Fabric.,
2517 5368 2650 5414 tom.
2683 5359 2705 5412 l
2749 5359 2884 5428 Opp.
2925 5373 3046 5427 pag.
3080 5355 3222 5424 270;
3263 5353 3544 5420 Gallaud.,

1995 5427 2256 5499 Bonam:
2276 5428 2391 5482 PP.
2425 5439 2555 5484 tom.
2584 5427 2811 5499 ll,7pag.’
2833 5427 2961 5483 189.
3095 5493 3144 5499 Δ-
3333 5471 3341 5480 ..

2212 5497 2525 5572 Hieronyut.
2564 5501 2617 5552 in
2638 5493 2911 5572 Catalogq
2943 5510 3060 5566 cap.
3088 5493 3176 5548 61.

2069 5567 2183 5639 (59)
2219 5567 2485 5639 ξιιὶἀαεἸ,
2512 5585 2632 5639 pag.
2655 5567 2790 5639 144.

2069 5574 2158 5639 (59
2219 5574 2413 5622 Suidas
2443 5574 2485 5631 Ι,
2512 5585 2632 5638 pag.
2668 5574 2790 5622 144.

2069 5574 2183 5708 (60)
2217 5637 2402 5702 Fabr.,
2434 5650 2565 5693 tom.
2597 5636 2778 5706 lOpp.
2811 5634 3048 5708 Hippol.,
3078 5649 3197 5708 pag.
3245 5633 3386 5701 282;
3423 5629 3547 5688 Gai-

1999 5707 2143 5762 land.
2173 5709 2210 5762 l.
2241 5724 2290 5762 c.
2323 5725 2440 5762 Daa.
2474 5708 2595 5761 488.
2627 5699 2649 5730 ί

2021 5724 2143 5762 ano.
2173 5724 2210 5762 ι.
2228 5724 2290 5778 ρ.
2323 5725 2440 5778 pag.
2474 5724 2595 5778 46o.

2071 5780 2181 5848 (6|)
2215 5776 2424 5844 Canisf,
2461 5778 2522 5836 B.
2563 5776 2629 5831 Τ.
2663 5792 2702 5844 ι,
2732 5790 2854 5845 pag.
2887 5776 2943 5832 9.
