4034 6380
380 1432 385 1436 ’
465 1443 652 1497 codice
705 1456 838 1495 mss.
893 1439 1081 1494 Graeco
1134 1439 1234 1492 195

467 1537 611 1603 (quae
643 1533 773 1586 olim
805 1531 1199 1600 Seguieriana),
1219 1539 1354 1584 teste
1383 1529 1599 1584 clariss.
1637 1528 2051 1592 Montfaueonio,

474 400 580 455 525

566 515 596 588 §
629 514 763 571 VIII.
802 513 1177 573 Comritrntarii
1207 513 1260 567 in
1291 512 1495 567 Isaiam
1523 523 1571 566 et
1609 513 1952 568 Ezechielem.

543 608 600 684 In
635 608 831 663 Isaiam
882 610 1167 676 scripsisse
1199 606 1516 678 Hippolytus
1560 616 1767 677 martyr
1808 609 2040 662 traditur

470 701 540 754 ab
573 693 904 770 Hieronymo
944 699 1055 769 (62)
1102 709 1154 752 ct
1197 698 1502 768 Nicephoro
1531 698 1666 769 (65),
1701 707 1758 752 ut
1791 699 2039 753 Graecum

470 788 786 862 Hieronymi
817 792 1162 859 interpretem
1196 799 1250 844 et
1279 791 1632 854 recentiores,
1666 789 1758 858 qui
1797 790 1917 857 ejus
1953 807 2038 842 ca-

473 886 709 955 talogum
762 885 1108 946 exscribunt,
1163 881 1408 946 Latinos,
1454 881 1776 948 Honorium,
1819 882 2040 937 Frecul-

472 977 608 1043 funi,
643 977 886 1045 aliosque
922 975 1169 1043 juniores
1196 975 1466 1028 omittam.
1498 972 1574 1026 Ex
1619 974 1722 1029 hoc
1753 973 1806 1027 in
1844 973 2038 1028 Isaiam

389 1057 395 1070 ’
470 1070 656 1122 sivein
687 1068 884 1122 selecta
913 1067 1066 1121 Isaia:
1110 1068 1228 1121 loca
1272 1066 1667 1120 commentario
1721 1067 2039 1136 deprompta

467 1176 589 1215 esse
617 1170 770 1230 puto,
804 1161 979 1230 inquit
1010 1161 1080 1215 cl.
1112 1158 1400 1214 Fabricius
1429 1159 1562 1228 (64),
1598 1175 1719 1228 quae
1748 1160 1814 1214 de
1856 1161 2040 1230 gradi-

466 1254 569 1310 bus
603 1255 655 1308 in
696 1256 973 1323 horologio
1003 1253 1202 1307 Hiskia:
1231 1253 1365 1323 (65),
1399 1253 1513 1306 sive
1546 1251 1792 1306 Ezechire
1823 1269 1885 1306 ex
1912 1251 2040 1322 Hip.

465 1348 648 1420 polyto
679 1347 846 1402 refert
871 1347 1099 1401 Michael
1129 1346 1325 1417 Glycas
1352 1360 1473 1415 pag.
1514 1345 1616 1399 I94
1644 1344 1951 1399 Annalium.
1983 1346 2036 1399 In

1295 1437 1636 1491 bibliotheca:
1692 1438 2039 1492 Coislinianae

463 1642 518 1696 p.
561 1625 690 1691 245,
737 1635 915 1680 exstat
949 1623 1246 1694 Hippolyti,
1295 1623 1387 1693 qui
1434 1622 1529 1682 ibi.
1574 1632 1634 1676 ut
1672 1623 1913 1677 solemne
1957 1634 2038 1676 est

464 1719 669 1774 Graacis
708 1717 1087 1787 scriptoribus,
1130 1718 1422 1786 episcopus
1477 1714 1663 1770 Romae
1700 1715 2034 1784 appellatur,

465 1813 829 1880 fragmentum
861 1810 924 1862 de
954 1808 1204 1872 Ezechia,
1249 1807 1395 1876 quod
1432 1807 1623 1877 incipit
1659 1825 1672 1859 :
1707 1807 1827 1858 Ἔτι
1865 1824 2037 1877 μακα-

1451 397 1537 452 DE
1575 395 1738 452 VITA
1775 395 1864 449 ET
1899 392 2210 449 SCRIPTIS
2249 395 2308 448 S.
2348 390 2736 448 lIlPPOLYTl.

3618 396 3719 450 5?.l

2080 521 2120 576 Α
2153 516 2318 586 polyti
2361 515 2434 568 De
2472 518 2800 572 dimensione
2832 518 3009 587 templi
3056 514 3356 572 Salomonis
3392 527 3721 570 commenta-

2145 605 2284 656 rium
2339 606 2483 675 (69),
2532 607 2782 661 eumdem
2829 608 3110 674 hucusque
3140 607 3194 660 in
3227 604 3502 675 publicam
3545 605 3719 659 lucem

2142 695 2388 750 emittere
2423 698 2780 767 neglexerint.
2819 697 3117 767 Sigillatius
3162 695 3484 768 Hippolytus
3539 697 3594 751 in
3621 714 3720 751 ex-

2143 789 2398 854 ponendo
2448 786 2666 843 Daniele
2719 789 3005 843 laboravit.
3059 789 3118 844 S.
3187 789 3552 861 Hieronymus
3605 788 3721 860 (το)

2141 875 2261 942 ejus
2293 874 2741 930 Commentarinm
2786 880 2840 932 in
2888 879 3158 933 Danielem
3192 880 3490 950 generatim
3537 890 3715 939 notat.

2143 966 2369 1023 Photius
2408 969 2502 1038 qui
2537 972 2788 1026 eumdem
2825 975 3277 1027 commentarium
3327 974 3566 1042 legerat,
3601 976 3717 1029 sin-

2142 1059 2268 1130 gula
2301 1061 2420 1130 ejus
2470 1063 2649 1131 capita
2695 1064 2954 1132 expendit
3007 1075 3172 1134 atque
3223 1066 3352 1119 dicit
3383 1065 3536 1137 (7i):
3595 1063 3716 1119 Etsi

2141 1150 2643 1220 interpretationem
2679 1152 2918 1209 Danielis
2944 1155 3001 1209 S.
3046 1155 3362 1226 Hippolytus
3403 1163 3470 1210 ad
3503 1159 3715 1212 verbum

2139 1258 2243 1296 non
2292 1244 2534 1314 explicet,
2567 1248 2880 1299 sententiam
2931 1259 3124 1310 tamen,
3159 1261 3214 1301 ut
3265 1252 3343 1302 ita
3377 1251 3574 1314 dicam,
3609 1267 3717 1305 non

2137 1338 2516 1404 prwtercurrit.
2573 1338 2744 1391 Multa
2799 1357 2976 1406 porro,
3028 1342 3204 1410 pergit
3250 1341 3500 1406 Photius,
3554 1343 3714 1397 reteri

2141 1445 2302 1493 more,
2331 1446 2434 1482 non
2462 1439 2533 1497 gut
2561 1440 2740 1499 postea
2769 1431 2912 1499 fuere
2941 1434 3241 1485 aecuratius
3264 1449 3505 1493 excussa,
3535 1451 3714 1504 perse-

2137 1521 2337 1589 quitur.
2373 1521 2689 1592 Quanquam
2715 1540 2893 1577 eorum
2917 1525 3060 1592 posci
3090 1526 3345 1578 rationem
3375 1542 3582 1595 azquum
3609 1543 3714 1580 non

2136 1626 2233 1666 est.
2270 1611 2452 1683 Neque
2496 1617 2634 1668 enim
2669 1617 2752 1685 fas
2783 1621 2845 1669 ab
2875 1617 2962 1679 iis,
2994 1617 3083 1686 qui
3133 1617 3478 1684 fundamenta
3505 1619 3579 1672 rei
3605 1620 3710 1672 ali-

2137 1705 2286 1772 cujus
2320 1705 2707 1760 consideranda
2746 1711 3034 1776 posuerint,
3071 1711 3325 1762 rationem
3361 1721 3586 1779 repetere
3614 1727 3706 1764 eo-

2137 1812 2278 1862 rum,
2301 1815 2417 1868 qute
2443 1802 2766 1867 praeteriere,
2799 1804 2888 1855 sed
2918 1802 3092 1870 favere
3130 1804 3304 1872 potius
3334 1805 3546 1858 conatui
3572 1805 3705 1874 ipsi,

467 1903 741 1975 ρισθέντος
796 1903 1093 1973 (mendose
1137 1916 1398 1955 excusum
1437 1915 1535 1969 pro
1579 1899 2033 1970 μαλακισθέντος)

2137 1891 2652 1961 quantulumcunque
2681 1893 2736 1946 in
2752 1910 2924 1947 rerum
2942 1895 3460 1964 contemplandarum
3476 1912 3711 1965 compre-

463 1995 558 2048 τοῦ
602 1993 861 2065 Ἐζεχίου,
893 2003 1180 2064 aegrotante
1227 1993 1472 2056 Ezechia,
1508 2003 1673 2064 atque
1703 1992 1902 2047 Contra
1947 1993 2034 2062 fa-

467 2097 599 2140 tum.
631 2087 887 2142 Albertus
924 2085 1207 2141 Fabricius
1237 2095 1391 2148 tomo,
1411 2084 1455 2138 II
1486 2082 1721 2155 Operum
1751 2084 1802 2138 S.
1839 2083 2038 2153 Hippo-

464 2179 557 2250 lyti
592 2179 694 2232 hoc
727 2177 914 2233 Graece
947 2193 1010 2232 ac
1051 2176 1240 2231 Latine
1276 2177 1499 2232 inseruit
1534 2194 1656 2248 pag.
1690 2177 1778 2237 8|,
1819 2187 1873 2230 et
1905 2177 2026 2230 Gul-

465 2270 681 2325 Iandins
730 2279 880 2324 tomo
928 2269 971 2324 Il
1017 2269 1360 2324 Bibliothecce
1395 2269 1537 2335 PP.,
1577 2286 1698 2340 pag.
1727 2269 1852 2324 489.
1891 2269 2032 2323 Idem

466 2380 691 2434 prorsus
715 2371 799 2418 est
826 2379 948 2418 cum
976 2379 1064 2429 eo,
1113 2364 1256 2431 quod
1286 2379 1315 2417 a
1345 2362 1511 2430 Glyca
1560 2362 1810 2417 refertur.
1841 2363 2037 2433 Agitur

466 2465 645 2509 autem
679 2455 781 2509 hoc
809 2455 862 2507 in
894 2455 1289 2509 commentario
1323 2455 1389 2509 de
1435 2455 1760 2509 miraculosa
1794 2453 2035 2509 Ezechias

464 2546 606 2616 regis
623 2545 926 2609 sanatione,
950 2555 1004 2600 et
1023 2546 1088 2600 de
1111 2546 1571 2616 retrogradatione
1586 2546 1716 2600 solis
1734 2547 1786 2599 in
1815 2547 2033 2599 horolo-

465 2636 554 2705 gio
586 2639 768 2690 Achaz
797 2638 964 2691 relata
991 2638 1088 2691 abs
1124 2636 1261 2691 Isaia
1295 2638 1471 2704 capite
1506 2652 1733 2701 xxxvm,
1760 2653 1812 2690 ν.
1845 2637 1899 2690 5.
1934 2635 2036 2689 Vo-

465 2737 554 2783 cat
583 2727 773 2782 Isaiam
803 2730 1117 2798 prophetam
1148 2729 1422 2799 angelum,
1447 2729 1606 2783 docet
1641 2730 1786 2799 quod
1817 2745 1922 2783 non
1947 2745 2036 2783 so-

465 2822 577 2876 lum
616 2823 721 2887 sol,
772 2822 868 2876 sed
901 2823 1028 2875 luna
1059 2821 1223 2874 etiam
1267 2822 1662 2886 retrocesserit,
1718 2823 1770 2874 in
1818 2822 2032 2891 signum

466 2917 732 2985 proxima:
777 2915 920 2984 regis
969 2913 1304 2978 sanationis;
1360 2921 1523 2982 atque
1571 2913 1718 2983 quod
1763 2913 1879 2966 dies
1931 2914 2034 2966 ista

467 3006 631 3061 fuerit
664 3007 921 3060 horarum
957 3004 1042 3057 32.
1083 2987 1378 3072 Subjungit
1422 3003 1620 3067 adhuc,
1674 3007 1817 3071 quod
1860 3000 2036 3054 Maro-

465 3099 675 3154 dachus
701 3097 991 3152 Chaldaeus
1021 3096 1437 3167 Babyloniorum
1476 3110 1588 3154 rex.
1620 3096 1714 3164 qui
1751 3095 2036 3156 astrologi-

467 3209 586 3248 cam
633 3201 802 3245 artem
853 3190 1056 3260 optime
1103 3189 1335 3243 callebat
1383 3195 1765 3256 astrorumque
1811 3202 2031 3242 cursum
2063 3223 2104 3280 ο

466 3293 720 3340 accurate
760 3283 1163 3347 dimetiebatur,
1200 3281 1303 3336 hoc
1343 3279 1591 3351 prodigio
1641 3281 1874 3348 primum
1913 3293 2036 3347 per-

466 3378 670 3439 eulsus,
689 3390 854 3428 causa
883 3376 1227 3444 postmodum
1258 3371 1794 3444 cognita,epistolam
1821 3379 1875 3425 et
1895 3372 2035 3425 dona

467 3468 533 3522 ad
574 3466 858 3520 Ezechiam
891 3466 1121 3520 miserit.
1158 3465 1344 3519 Sancti
1378 3463 1650 3534 Hippolyti
1675 3479 1738 3517 ex
1786 3478 2036 3518 sermone

470 3555 524 3608 in
559 3555 840 3609 exordium
871 3555 1023 3608 Isaiae
1046 3553 1292 3624 quaedam
1322 3552 1693 3607 Theodoretus
1713 3553 1876 3606 etiam
1909 3551 2036 3605 alle-

471 3655 562 3716 gat
587 3645 722 3715 (66).
762 3643 1058 3713 Scripsisse
1101 3643 1421 3714 Hippolytus
1455 3643 1509 3696 in
1548 3641 1834 3698 Jeremiam
1867 3659 1896 3696 a
1937 3659 2034 3696 ne-

471 3739 618 3792 mine
648 3747 912 3799 veterum,
939 3737 1081 3806 quod
1113 3737 1304 3804 sciam,
1329 3736 1579 3791 traditur.
1611 3734 1746 3790 Nam
1775 3751 1894 3804 quae
1916 3737 2036 3804 ejus

469 3828 781 3884 referuntur
809 3829 860 3882 in
885 3827 1085 3882 Catena
1107 3828 1328 3882 Patrum
1352 3827 1664 3883 Graecorum
1697 3828 1761 3882 ad
1791 3825 2037 3882 Jeremia‘.

468 3937 590 3992 cap.
642 3937 777 3985 xv",
816 3921 902 3987 II,
936 3920 1100 3990 petita
1137 3931 1360 3976 suntex
1392 3920 1536 3975 libro
1569 3919 1646 3974 De
1683 3919 2033 3986 Antichristo,

368 4060 373 4069 .
468 4029 588 4082 cap.
624 4013 712 4067 55.

539 4103 808 4158 Eusebius
840 4102 1080 4171 loquitur
1099 4102 1167 4157 de
1189 4099 1580 4156 Commentario
1604 4103 1662 4157 S.
1685 4100 1952 4173 Hippolyti
1982 4103 2038 4155 in

472 4197 763 4251 Ezechielis
796 4196 906 4267 (67)
937 4195 1183 4266 quaedam
1217 4195 1416 4264 capita.
1451 4194 1718 4266 Georgius
1755 4193 2037 4265 Syncellus

471 4289 637 4344 refert
667 4288 914 4342 eamdem
947 4302 1085 4350 rem,
1119 4287 1214 4340 sed
1243 4285 1495 4341 dissimili
1528 4285 1924 4354 aliquantulum
1951 4300 2038 4339 ra-

472 4383 640 4435 tione.
675 4380 815 4435 Dicit
847 4381 992 4433 enim
1023 4377 1374 4450 Hippolytum
1405 4386 1830 4432 commentatum
1868 4375 2038 4432 fuisse

471 4476 527 4529 in
561 4474 726 4528 multa
757 4473 1141 4541 prophetarum
1186 4471 1327 4536 loca,
1365 4471 1456 4524 sed
1497 4469 1774 4540 sigillatim
1818 4469 1872 4523 in
1904 4467 2038 4523 Eze-

2138 1981 2380 2036 hensione
2406 1987 2772 2052 processerint.
2808 1987 2950 2041 Vitio
2977 1997 3155 2042 tamen
3184 1987 3357 2043 eidem
3391 1992 3707 2044 vertendum

2138 2081 2308 2139 putat,
2336 2077 2480 2143 quod
2519 2077 2682 2130 linem
2723 2079 2909 2132 mundi
2941 2079 3308 2134 determinare
3347 2095 3517 2135 ausus
3544 2079 3712 2137 fuerit

2135 2150 2240 2217 hoc
2284 2163 2336 2217 in
2367 2174 2623 2218 tractatu.
2656 2164 3008 2238 Persequitur
3038 2171 3183 2223 enim
3234 2168 3461 2224 Photius
3491 2189 3503 2224 :
3552 2173 3710 2224 Anti-

2136 2255 2322 2308 christi
2352 2272 2468 2309 vero
2510 2256 2814 2321 adventum,
2860 2260 2944 2311 cui
2972 2261 3133 2312 etiam
3165 2261 3501 2328 aspectabilis
3547 2261 3706 2330 hujus

2137 2347 2320 2400 mundi
2347 2349 2730 2401 consummatio
2746 2349 3012 2419 jungitur,
3050 2369 3167 2405 cum
3197 2370 3260 2408 ne
3293 2354 3570 2422 discipulis
3587 2355 3707 2424 qui-

2134 2440 2251 2492 dem
2286 2443 2616 2509 rogantibus,
2650 2444 3061 2512 manifestaverit
3097 2445 3365 2514 Salvator,
3398 2449 3462 2500 ab
3505 2446 3709 2516 Hippo.

2135 2529 2244 2598 lyto
2277 2531 2463 2585 deinde
2492 2534 2561 2586 ad
2595 2536 2901 2603 quingentos
2927 2553 2957 2588 a
2990 2535 3198 2591 Christo
3225 2555 3389 2591 annos
3417 2539 3612 2591 adduci
3641 2555 3706 2591 ac

2135 2623 2519 2688 circumscribi,
2551 2627 2705 2694 quasi
2733 2644 2764 2678 a
2798 2629 2969 2696 prima
2997 2629 3181 2682 mundi
3218 2629 3585 2683 constitutione
3613 2646 3706 2684 sex

2136 2716 2370 2770 millibus
2398 2733 2658 2770 annorum
2689 2728 2800 2771 tum
2831 2721 3053 2785 exactis,
3080 2725 3193 2789 ejus
3222 2721 3503 2776 dissolutio
3537 2725 3707 2776 insta-

2114 2816 2233 2868 .ret,
2268 2807 2364 2860 hoc
2397 2807 2673 2864 calidior-is
2703 2811 2935 2880 quidem,
2967 2829 3124 2882 quam
3155 2814 3391 2876 decebat,
3419 2814 3582 2866 animi
3605 2823 3703 2877 est,

2136 2907 2290 2967 atque
2323 2903 2637 2952 asseveratio
2666 2901 2776 2954 Iure
2805 2902 3089 2956 humanam
3134 2905 3486 2973 ignorantiam
3528 2903 3706 2973 potius

2134 3006 2292 3060 quam
2317 2990 2574 3044 caelestem
2600 2993 3001 3062 inspirationem
3031 2997 3226 3065 arguit.

2206 3080 2350 3136 Idem
2387 3081 2614 3139 Photius
2660 3095 2888 3139 testatur
2931 3087 3079 3151 alibi,
3125 3087 3271 3156 quod
3322 3092 3708 3148 commentarii

2138 3170 2462 3228 Theodoreti
2493 3175 2546 3228 in
2573 3173 2848 3230 Danielem
2878 3177 3004 3232 licet
3034 3181 3220 3234 multis
3239 3183 3562 3236 antecellant
3582 3184 3708 3252 qui-

2136 3263 2260 3318 dem
2297 3263 2570 3336 Ilippolyti
2601 3268 3014 3335 expositionem,
3039 3278 3094 3323 et
3121 3270 3174 3323 in
3208 3271 3456 3340 pluribus
3481 3273 3707 3328 discon-

2139 3356 2380 3418 veniant,
2411 3356 2463 3408 in
2491 3357 2814 3426 quibusdam
2843 3368 3023 3412 tamen
3059 3361 3376 3430 conspirent
3400 3361 3537 3431 (7‘2).
3566 3361 3710 3417 San-

2137 3456 2258 3501 ctus
2291 3446 2654 3518 Hieronymus
2678 3450 2731 3502 in
2761 3449 3035 3505 Danielem
3065 3454 3330 3518 scribens,
3355 3454 3521 3509 refert
3544 3471 3712 3514 sensa

2139 3536 2196 3592 S.
2223 3536 2492 3610 Hippolyti
2521 3538 2589 3593 de
2617 3541 2956 3611 septuaginta
2987 3543 3420 3600 hebdomadibus
3445 3547 3710 3616 Danieiis,

2137 3629 2232 3684 sed
2261 3646 2322 3683 ea
2355 3631 2631 3700 reprobat,
2663 3641 2846 3701 utpote
2888 3649 3011 3688 cum
3060 3637 3413 3707 chronologia
3447 3649 3500 3693 et
3530 3639 3710 3695 histo-

2137 3724 2218 3776 ria
2261 3721 2551 3777 Persarum
2598 3739 2661 3778 ac
2708 3723 3148 3781 Macedoniorum
3197 3728 3705 3785 irreconciliabilia.

2137 3813 2216 3868 En
2250 3815 2395 3869 illius
2425 3814 2589 3870 verba
2625 3815 2738 3887 (75)
2766 3835 2781 3872 :
2807 3816 3124 3887 Hippolytus
3153 3819 3216 3872 de
3243 3823 3578 3889 septuaginta
3601 3822 3713 3876 eis—

2137 3908 2253 3960 dem
2280 3907 2695 3961 hebdomadibus
2731 3909 2975 3978 opinatus
3016 3919 3093 3962 est
3127 3912 3223 3964 ita.
3254 3909 3460 3980 Septem
3507 3911 3710 3968 hebdo-

2138 4002 2318 4054 mades
2348 4011 2467 4055 ante
2521 4001 2745 4056 reditum
2792 4004 2968 4071 populi
3018 4014 3290 4073 supputat,
3338 4016 3388 4058 et
3429 4009 3710 4077 sexaginta

2135 4092 2270 4145 duas
2315 4103 2429 4161 post
2477 4093 2725 4158 reditum,
2776 4110 2935 4164 usque
2973 4096 3043 4148 ad
3089 4097 3416 4150 nativitatem
3459 4096 3708 4154 Christi:

2137 4201 2359 4254 quorum
2391 4196 2625 4254 tempora
2656 4186 2866 4239 omnino
2889 4203 2991 4238 non
3013 4200 3326 4257 congruunt,
3349 4191 3608 4260 siquidm
3625 4207 3710 4245 re-

2138 4280 2227 4349 gni
2251 4277 2536 4332 Persarum
2566 4279 2780 4333 ducenti
2805 4289 2855 4333 et
2895 4281 3112 4350 triginta
3145 4293 3500 4351 supputantur
3543 4291 3708 4352 anni,

2137 4379 2186 4421 et
2214 4368 2558 4423 Macedonum
2591 4371 2827 4435 trecenti,
2867 4381 2916 4423 et
2943 4381 3058 4440 post
3086 4373 3206 4427 illos
3232 4391 3390 4443 usque
3419 4377 3489 4429 ad
3513 4380 3712 4433 nativi-

2140 4470 2300 4515 tatem
2335 4462 2550 4515 Domini
2584 4463 2711 4515 anni
2745 4466 2997 4534 triginta;
3029 4465 3127 4517 hoc
3157 4476 3254 4529 est,
3289 4467 3352 4519 ab
3383 4468 3537 4521 initio
3575 4469 3709 4540 Cyri

469 4565 694 4621 chielem
734 4579 794 4618 ac
828 4562 1101 4616 Danielem
1133 4560 1265 4632 (68).
1315 4561 1510 4614 Mirum
1562 4559 1708 4630 quod
1745 4561 1798 4614 in
1832 4559 2034 4613 Catena
2068 4561 2111 4615 D
2141 4556 2275 4624 regis
2305 4554 2593 4608 Persarum
2627 4572 2788 4624 usque
2822 4557 2890 4608 ad
2930 4559 3208 4610 adventum
3252 4558 3547 4616 Saluatoris
3579 4566 3709 4618 anni

470 4654 781 4710 Graecorum
816 4653 1038 4708 Patrum
1089 4654 1143 4707 in
1174 4653 1532 4717 Ezechielcm,
1559 4668 1624 4707 ex
1649 4667 1754 4721 qua
1783 4660 2036 4720 excerpta

469 4748 621 4802 dedit
645 4745 1042 4816 Villalpandus,
1066 4747 1211 4800 nulla
1239 4745 1510 4816 Hippolyti
1537 4754 1790 4798 occurrat
1808 4743 2034 4798 mentio.

473 4839 578 4893 Sed
607 4839 777 4910 magis
815 4839 993 4892 adhuc
1025 4838 1356 4902 mirandum,
1387 4838 1530 4906 quod
1565 4836 1665 4890 viri
1699 4836 1919 4899 eruditi,
1945 4835 2038 4904 qui

469 4939 687 4986 exstare
721 4931 907 4986 dicunt
940 4932 993 4984 in
1025 4929 1354 4984 bibliotheca
1379 4929 1672 4985 Bodleiana
1699 4929 1875 4986 sancti
1904 4927 2037 4997 Hip-

565 5085 654 5157 69)
685 5083 1001 5157 llieronym.
1032 5083 1085 5157 in
1117 5081 1358 5157 Qetelog-
1393 5096 1512 5150 cap-
1542 5080 1634 5157 9!-

564 5150 653 5219 65)
685 5150 996 5224 Nicephor.,
1031 5152 1100 5207 Η.
1223 5150 1422 5224 Iib._|_v,
1455 5152 1630 5224 c.75l.

543 5221 652 5296 (64)
689 5221 925 5288 Fabric.,
963 5235 1092 5278 tom.
1125 5222 1143 5275 Ι
1173 5225 1306 5292 Opp.
1337 5221 1576 5292 Hippol.,
1609 5237 1730 5292 pag.
1765 5221 1894 5275 27!.

545 5295 654 5364 (65)
684 5295 788 5349 lsa.
821 5310 1050 5350 xxxvm.

545 5360 657 5432 (66)
708 5365 1102 5430 Theodoretus,
1134 5363 1264 5433 dial.
1295 5362 1345 5429 I,
1376 5378 1498 5433 pag.
1525 5361 1613 5424 56,
1636 5360 1690 5433 in
1715 5360 1985 5433 ἀτρέπτῳ.

548 5431 659 5505 (6'1)
694 5437 786 5499 Εἰς
822 5437 961 5507 μέρη
1004 5432 1422 5507 τοῦηἰεςξκι-ήλ,
1456 5431 1529 5484 ‘in
1572 5431 1750 5507 capita
1757 5431 2035 5507 Jquiedam

477 5499 793 5560 Ezechielis.
822 5499 1049 5570 Euseb,
1102 5504 1172 5557 ll.
1223 5504 1290 5557 Ε.
1328 5499 1421 5556 lib.
1455 5517 1532 5567 vr,
1563 5499 1684 5570 cap.
1715 5499 1817 5554 26.
1853 5499 1944 5554 Sic
1985 5509 2039 5554 et

475 5574 812 5644 Nicephorus
849 5575 920 5628 Η.
950 5575 1016 5628 Ε.
1047 5576 1139 5629 lib.
1173 5591 1243 5641 Iv,
1275 5589 1395 5642 cap.
1425 5572 1513 5644 31A.

546 5639 659 5728 (βε)
692 5647 803 5728 EB-
823 5644 992 5728 πολὶά
1019 5663 1081 5728 τὲ
1111 5639 1564 5728 reverenter,
1602 5639 2036 5728 Wet???-

474 5712 751 5789 κιῆλ,’καὶ
778 5715 974 5789 Δανιὴλ
1003 5716 1111 5789 etim
1147 5712 1427 5789 peyalwv,
1452 5732 1492 5789 s_
1517 5713 1571 5766 in
1602 5712 1771 5789 multa
1806 5712 2036 5789 prophe-

476 5780 651 5841 tar'nm
687 5780 978 5856 iuniorum,
1000 5780 1319 5856 ,Esec'hielis
1352 5783 1587 5856 maxime
1629 5791 1683 5837 et
1720 5780 1977 5836 Daniehs.
2011 5799 2029 5831 ι

477 5855 733 5930 Synoell.,
766 5854 890 5928 pag.
918 5855 1024 5913 558
1052 5854 1425 5926 Chrouograph

2141 4647 2409 4715 quingenti
2451 4646 2748 4716 sexaginta.
2801 4644 3160 4702 Nouissimam
3193 4666 3392 4720 quoque
3423 4653 3709 4706 hebdoma-

2139 4741 2257 4792 dem
2291 4738 2437 4807 ponit
2461 4741 2512 4790 in
2539 4739 2984 4792 consummatione
3009 4740 3216 4805 mundi,
3241 4757 3398 4811 quam
3423 4743 3612 4798 dividit
3651 4746 3710 4798 in

2143 4830 2277 4884 Elite
2305 4839 2543 4898 tempora
2569 4839 2618 4882 et
2644 4829 2979 4897 Antichristi,
3008 4840 3065 4885 ut
3092 4833 3258 4886 tribus
3283 4843 3331 4886 et
3355 4837 3513 4889 semis
3549 4840 3705 4891 annis

2139 4922 2339 4976 ultimm
2362 4919 2698 4974 hebdomadis
2718 4920 2811 4974 Dei
2836 4923 3024 4975 notitia
3051 4925 3407 4992 conﬁrmetur,
3424 4926 3486 4980 de
3501 4943 3605 4995 qua
3631 4928 3712 4982 di-

2211 5076 2570 5151 (99)_Fa_bric.
2598 5075 2734 5145 Opp.
2858 5074 3128 5151 Hippolyt.
3173 5085 3303 5132 tom.
3339 5079 3381 5147 Ι,
3410 5097 3532 5150 pag.
3562 5081 3707 5151 2H;

2139 5160 2190 5203 et
2220 5147 2364 5201 Bibl.
2399 5146 2568 5201 (ἔναιε.
2605 5144 2834 5216 ιοιὶὶκν,
2868 5144 2988 5216 pag.
3022 5144 3146 5204 2⁷10.

2209 5217 2320 5288 (70)
2353 5215 2689 5288 Hieronym.,
2719 5213 2963 5288 Catalog'.
2996 5233 3116 5287 cap.
3146 5222 3233 5275 6t.

2210 5287 2319 5358 (Η)
2362 5287 2539 5358 Phot.,
2564 5287 2854 5358 'cod._t_:cu.

2210 5353 2319 5433 (12')
2360 5385 2385 5433 t
2415 5357 2583 5433 Lecta
2603 5365 2688 5410 est
2710 5353 3034 5433 Theodoreti
3062 5360 3303 5433 episcopi
3336 5360 3461 5433 Cyri
3489 5364 3711 5431 exposi-

2139 5427 2226 5483 tio
2256 5427 2514 5482 Danielis.
2565 5427 2752 5504 Longe
2794 5427 2989 5504 doctus
3021 5427 3112 5485 hic
3137 5433 3220 5484 vir
3246 5427 3708 5504 incli'llippolyto

2141 5507 2324 5565 modo,
2354 5514 2541 5572 verum
2585 5506 2638 5549 et
2663 5497 2788 5572 aliis
2812 5500 3017 5572 .multis
3051 5503 3324 5555 antecellit
3354 5497 3707 5572 prophetico—

2141 5567 2934 5644 rum__verborumelocutione
2962 5579 3016 5644 et
3047 5567 3494 5644 explanatione;
3540 5575 3708 5644 igitur

2140 5641 2193 5693 in
2224 5639 2498 5709 aliquibus
2527 5636 2746 5709 quidem
2777 5639 2866 5691 ille
2911 5640 2964 5693 in
2999 5636 3299 5696 hac'divini
3330 5636 3587 5697 Danielis'
3607 5658 3704 5697 ex—

2139 5705 2412 5782 positione
2461 5705 2588 5782 cutit
2648 5705 2936 5782 Hippolyto
2989 5719 3228 5782 martyre
3284 5713 3558 5777 convenit,
3609 5714 3705 5768 sed

2141 5777 2317 5850 plura,
2344 5781 2402 5850 in
2433 5778 2635 5849 quibus
2659 5777 2931 5850 dissentit.
2967 5799 2986 5833 ι
3021 5777 3269 5846 Ριιοὶίιιε,
3302 5783 3423 5838 cod.
3451 5797 3602 5840 cem.

2213 5850 2326 5920 (75)
2357 5847 2670 5918 Hieronym.
2699 5848 2752 5903 in
2781 5863 2900 5919 cap.
2935 5866 2990 5904 ix
3025 5853 3280 5907 Danielis.
