4034 6390
293 412 401 469 325

1275 412 1362 468 DE
1401 412 1564 468 VITA
1604 414 1692 468 ET
1735 413 2045 469 SCRIPTIS
2085 416 2140 470 S.
2189 416 2570 475 HlPPOLYTl.

3435 427 3540 482 526

285 539 431 583 ctum
459 537 537 582 est
567 527 733 598 (Dan.
771 545 848 595 rx,
884 529 976 600 27)
1019 548 1033 584 :
1088 531 1452 587 Confirmabit
1481 543 1698 603 pactum
1730 536 1870 588 mul-
1899 550 1940 603 Α
1973 530 2256 605 cujusdam
2291 539 2552 604 auctoris,
2585 539 2677 607 qui
2707 538 2775 593 de
2805 547 3047 609 tempore
3077 541 3404 610 captivitatis
3431 543 3539 598 Ba-

285 621 360 674 tis
387 621 724 675 hebdomade
750 637 856 676 una
877 641 891 688 ;
916 633 966 676 et
986 623 1154 677 tribus
1171 624 1294 678 aliis
1307 627 1460 678 armis
1477 626 1572 679 sub
1589 627 1864 680 Antichri-

285 716 374 759 διο
405 707 620 776 deﬁciat
648 708 825 762 hostia
853 720 901 764 et
947 712 1268 780 sacriﬁcium
1283 730 1305 777 ;
1354 715 1656 769 adveniente
1687 727 1866 770 autem

286 795 505 851 Christo
517 809 566 851 et
587 799 826 870 iniquum
853 801 1042 870 spiritu
1072 806 1177 856 oris
1202 807 1286 858 sui
1315 808 1681 877 interﬁciente,
1707 826 1866 880 usque

283 890 358 942 ad
397 894 901 946 consummationem
934 906 983 948 et
1005 896 1161 963 ﬁnem
1182 911 1468 966 perseveret
1490 903 1770 960 desolatio.
1800 905 1866 961 Et

284 994 481 1034 revera
499 982 713 1035 videtur
729 981 786 1036 S.
807 983 1130 1057 Hippolytus
1161 999 1440 1047 coarctare
1466 1002 1698 1063 tempus,
1717 999 1863 1066 quod

280 1084 314 1123 a
343 1072 527 1139 primo
560 1088 704 1128 anno
733 1074 950 1146 Cyri,et
977 1095 1008 1132 a
1035 1081 1210 1135 reditu
1245 1099 1310 1136 ex
1341 1086 1652 1154 captivitate
1692 1105 1866 1159 usque

279 1163 350 1216 ad
397 1161 743 1221 Nativitatem
791 1170 1060 1240 dilapsum
1111 1183 1213 1238 est,
1249 1187 1302 1230 et
1358 1177 1518 1231 tinem
1568 1181 1866 1249 prophetia

278 1268 308 1306 a
347 1256 570 1311 residua
614 1261 964 1328 pradictione
1011 1265 1178 1322 nimis
1212 1267 1518 1340 sejungere.
1572 1270 1865 1327 Exorditur

278 1346 433 1400 enim
477 1351 921 1418 supputationem
969 1371 1126 1410 suam
1171 1360 1515 1428 septuaginta
1568 1361 1863 1416 hebdoma-

275 1437 417 1491 dum
463 1454 492 1492 a
530 1441 987 1514 quinquagesimo
1019 1463 1166 1502 anno
1210 1459 1336 1503 ante
1369 1451 1533 1504 tinem
1575 1454 1862 1522 captivita-

276 1529 392 1596 tis;
424 1539 480 1584 et
512 1547 578 1585 ex
609 1533 676 1588 iis
698 1546 980 1606 computat
1008 1541 1288 1610 sexaginta
1312 1541 1448 1596 duas
1480 1552 1604 1612 post
1627 1545 1860 1599 reditum

273 1619 602 1678 Judaorum
634 1625 691 1679 in
741 1628 972 1697 patriam
1006 1645 1184 1698 suam,
1220 1648 1393 1703 usque
1423 1635 1490 1687 ad
1529 1635 1859 1689 nativitatem

270 1709 416 1766 Jesu
449 1712 676 1780 Christi,
717 1728 881 1788 atque
909 1719 1311 1776 absolutionem
1360 1739 1455 1779 seu
1497 1725 1860 1794 expletionem

279 1807 470 1876 rejicit
514 1810 834 1865 immediate
893 1823 1019 1868 ante
1067 1817 1256 1871 mundi
1309 1818 1858 1872 consummationem.

275 1899 658 1956 (Ecumenius
691 1905 956 1972 proamio
1003 1905 1057 1958 in
1086 1906 1450 1978 Apocalypsin
1483 1909 1668 1963 laudat
1702 1912 1864 1964 etiam

277 1996 682 2064 expositionem
708 1996 980 2069 Hippolyti
1012 1998 1065 2053 in
1091 1999 1367 2056 Danielem
1401 2001 1537 2070 (74).
1573 2001 1628 2055 In
1655 2003 1863 2058 Catena

277 2084 512 2142 Patrum
574 2087 890 2144 Gracorum
940 2093 994 2145 in
1040 2090 1290 2148 Psalmos
1331 2103 1384 2148 et
1432 2095 1642 2149 cantica
1697 2110 1865 2150 sacra

277 2177 585 2248 Scriptura
631 2180 746 2249 (75)
781 2183 1052 2252 reperitur
1087 2183 1446 2254 fragmentum
1486 2185 1544 2240 S.
1589 2185 1862 2260 Hippolyti

277 2271 333 2323 in
364 2277 644 2325 canticum
678 2273 843 2327 trium
871 2289 1166 2343 puerorum
1193 2274 1544 2332 Hebraorum
1569 2279 1624 2332 in
1648 2280 1864 2335 camino

276 2361 448 2430 ignis,
481 2363 627 2431 quod
659 2365 933 2419 canticum
966 2366 1253 2421 constituit
1285 2379 1497 2438 partem
1529 2371 1722 2441 capitis
1752 2387 1862 2426 xxx

277 2451 547 2509 Danielis.
594 2453 668 2509 De
699 2455 890 2510 eodem
946 2457 1124 2527 capite
1162 2457 1329 2515 refert
1370 2459 1702 2530 Eustratius,
1740 2479 1862 2533 prec

277 2545 464 2616 sbyter
507 2544 1148 2618 Constantinopolitanus
1188 2552 1374 2606 saculi
1406 2569 1504 2618 vn,
1548 2554 1713 2609 breve
1750 2554 1863 2608 fra-

276 2636 698 2706 gmentum.(76)
721 2637 777 2691 iu
795 2638 961 2692 alium
987 2639 1168 2695 locum
1197 2643 1440 2712 ejusdem
1475 2646 1672 2700 cantici
1694 2646 1858 2700 trium

275 2745 600 2798 puerorum,
652 2732 924 2803 simulque
956 2741 1205 2797 testatur,
1257 2738 1401 2806 quod
1451 2738 1583 2792 illud
1621 2753 1688 2793 ex
1735 2754 1860 2794 ora-

277 2822 429 2877 tione
463 2825 728 2890 secunda,
763 2840 858 2879 seu
891 2833 1124 2882 tractatu
1172 2827 1231 2881 S.
1263 2829 1533 2902 Hippolyti
1568 2831 1622 2884 in
1658 2830 1856 2886 Danie-

276 2916 385 2970 lem
420 2917 840 2986 deprompserit.
872 2916 1005 2973 Post
1033 2917 1346 2974 Fabricium
1399 2920 1715 2976 Gallandius
1746 2922 1856 2994 (77)

274 3022 503 3078 quoque
534 3009 681 3062 aliud
713 3008 1077 3078 fragmentum
1113 3013 1285 3066 nostri
1314 3014 1491 3068 sancti
1520 3015 1574 3067 in
1605 3015 1856 3070 eumdem

274 3102 607 3168 prophetam
642 3115 708 3154 ex
743 3100 1036 3156 Anastasio
1090 3100 1296 3157 Sinaita
1326 3103 1440 3174 (78)
1470 3103 1708 3159 adducit.
1760 3103 1858 3159 Ve-

275 3210 405 3248 rum
437 3211 563 3250 cum
598 3195 740 3250 idem
773 3197 926 3252 locus
959 3197 1016 3252 S.
1051 3197 1325 3272 Hippolyti
1357 3202 1549 3256 iisdem
1585 3202 1764 3258 verbis
1800 3203 1853 3256 in

272 3295 516 3341 tractatu
547 3303 648 3342 suo
679 3289 734 3343 in
770 3291 1167 3346 Antichristum
1211 3294 1456 3349 numeris
1489 3293 1558 3349 26
1596 3305 1650 3350 et
1679 3296 1746 3350 45
1785 3297 1859 3350 le-

275 3388 470 3448 gatur,
525 3382 722 3437 merito
763 3383 891 3439 hinc
919 3385 1234 3455 ambigitur,
1277 3401 1344 3441 ex
1393 3403 1631 3458 quonam
1663 3389 1857 3444 horum

278 3489 508 3544 operum
534 3475 860 3532 Anastasius
894 3474 1100 3531 Sinaita
1130 3479 1280 3533 illum
1304 3479 1714 3548 deprompserit.

349 3563 522 3620 Paulo
557 3567 810 3634 superius
845 3567 913 3622 de
945 3567 1142 3638 exiguo
1196 3576 1428 3624 tractatu
1481 3567 1540 3624 S.
1584 3569 1854 3643 Hippolyti

278 3659 335 3711 in
368 3657 659 3713 historiam
693 3657 978 3724 Susanna,
1016 3660 1108 3730 qui
1140 3657 1281 3714 forte
1311 3675 1439 3729 pars
1472 3660 1637 3717 fuerit
1671 3665 1852 3734 magni

280 3751 469 3819 operis
511 3765 611 3806 seu
641 3749 1023 3806 Commentarii
1055 3754 1111 3806 in
1143 3752 1432 3817 Danielem,
1472 3755 1852 3810 disseruimus.

279 3841 382 3896 llic
413 3843 762 3898 solummodo
791 3843 1042 3898 addimus
1095 3845 1287 3899 testari
1320 3843 1498 3899 Hebed
1534 3844 1658 3900 Jesu
1699 3863 1850 3902 non).

279 3934 350 3989 16
382 3934 634 4006 Catalogi
665 3935 802 4006 (79),
837 3937 978 4006 apud
1001 3935 1284 3992 Chaldaos
1313 3952 1532 4008 quoque
1564 3937 1694 3994 ferri
1721 3939 1853 4010 Hip-

276 4029 447 4100 polyti
472 4029 868 4099 expositionem
898 4030 954 4084 in
977 4027 1253 4084 Danielem
1275 4029 1541 4084 minorem
1564 4037 1618 4084 et
1641 4029 1852 4086 Susan-

278 4140 429 4178 nam.
465 4123 595 4179 Post
622 4124 876 4195 exiguum
905 4123 1052 4178 hunc
1076 4123 1526 4179 commentarium
1569 4123 1623 4177 in
1656 4123 1855 4178 Biblio-

279 4217 431 4270 theca
474 4215 703 4270 Patrum
751 4216 997 4286 sequitur
1028 4215 1394 4287 fragmentum
1440 4214 1695 4270 Latinum
1737 4216 1850 4287 (80)

278 4309 508 4362 alterius
555 4307 844 4377 cujusdam
897 4305 1170 4378 Hippolyti
1204 4305 1411 4376 Operis.
1459 4306 1619 4376 cujus
1663 4307 1852 4363 titulus

275 4411 362 4455 est
391 4424 402 4455 ;
445 4399 787 4455 Sanctissimi
815 4398 996 4454 Roma
1034 4399 1283 4468 episcopi.
1330 4397 1612 4453 Fabricius
1639 4408 1693 4454 et
1725 4398 1853 4454 Gal-

276 4493 498 4546 .audius
538 4491 724 4546 Grace
762 4506 827 4545 ac
873 4489 1064 4546 Latine
1113 4491 1220 4545 hoc
1259 4490 1621 4562 fragmentum
1668 4491 1853 4546 edide-

275 4594 410 4640 runt
437 4584 573 4658 (81).
604 4582 701 4639 Est
730 4592 909 4638 autem
949 4582 1051 4638 hoc
1083 4583 1365 4639 exordium
1406 4600 1502 4640 seu
1532 4585 1852 4654 praludium
1889 4584 1930 4639 D

351 4763 796 4836 (74)7(Ecumen.
836 4759 1188 4836 iapjblioth.
1230 4757 1454 4814 Coislin.
1497 4773 1530 4812 a
1565 4758 1634 4814 cl.
1676 4757 1852 4814 Mont-

277 4831 538 4912 miseria
566 4831 1016 4912 citharas-.2751-
1098 4901 1113 4912 .
1182 4901 1195 4912 .

349 4905 467 4981 (75)
495 4904 652 4960 Tom.
686 4898 757 4956 Ill
797 4898 927 4984 cidit.
975 4901 1340 4962 Corderiana,
1383 4914 1506 5022 pag.
1541 4898 1665 4962 951,
1696 4899 1763 4954 ad
1795 4917 1847 4955 v.

358 5017 374 5022 -
413 4986 470 5022 et
505 4978 644 5022 anud
677 4974 894 5022 Fahrlc.
947 4981 1078 5022 tom.
1111 4971 1294 5022 Ilion.
1335 4969 1392 5022 S.
1442 4969 1468 5022 1
1495 4972 1681 5022 Innol..
1727 4985 1847 5022 nae.

279 4969 378 5052 87,
413 4969 470 5030 et
505 4978 657 5052 apud
676 4973 905 5052 liabric.
947 4981 1078 5027 tom.
1111 4969 1392 5052 l_(_)pp‘._.S.
1421 4969 1681 5052 llippol.,
1725 4985 1849 5052 pag.

279 4987 374 5038 at,
413 4987 470 5030 et
505 4987 645 5045 apud
668 4987 894 5072 I’r‘abrtc.
947 4987 1078 5027 tom.
1111 4987 1130 5024 ι
1157 4987 1302 5052 Upp._
1335 4987 1392 5024 δ.
1442 4987 1681 5040 rttpp0t.,
1725 4987 1848 5094 pag.

275 5046 492 5121 280,9
511 5041 1191 5121 apudjballandq_t0tn._ll
1237 5039 1378 5121 Βιινίζ
1411 5039 1550 5121 Pl},
1577 5057 1698 5111 pag.
1722 5040 1792 5121 ηιξ)
1811 5079 1848 5121 σ.

218 5160 220 5162 .
350 5109 469 5191 (⁸76)
511 5109 1029 5191 E_ustrat.,__cap.l§)
1083 5114 1298 5191 advers.
1339 5109 1854 5191 Psychopan‘nycbi-

276 5181 386 5241 tas.
422 5181 504 5241 Ex
543 5185 725 5240 Leone
756 5187 954 5239 Allatio
979 5184 1047 5239 de
1075 5183 1361 5252 utriusque
1392 5181 1658 5252 (Ecclesia
1691 5181 1853 5235 Occi-

276 5257 518 5312 dentalis
546 5259 726 5333 aliine
756 5255 1046 5333 Orientalis
1077 5262 1337 5333 perpetua
1463 5322 1476 5333 _
1495 5253 1746 5333 dogmate
1786 5251 1853 5333 de

278 5328 599 5398 purgatorio
637 5319 1026 5398 consensione,
1063 5319 1195 5394 pag.
1229 5322 1353 5377 492.
1385 5319 1622 5387 Fabric},
1649 5330 1784 5375 tom.
1810 5319 1853 5373 11

278 5395 420 5468 Οριῐ.
454 5398 693 5468 llippol.,
724 5412 844 5468 pag.
882 5395 967 5468 52.

354 5415 420 5467 ιρ.
455 5415 516 5451 ιιι
560 5415 693 5468 p0t.,
724 5415 844 5467 pag.
882 5415 967 5449 oz.

354 5469 468 5542 (7-7)
495 5415 708 5522 Fabric.
751 5465 996 5542 Opp._gS_.
1039 5463 1255 5536 Hippo].
1303 5473 1436 5518 tom.
1473 5459 1514 5526 1,
1554 5477 1677 5533 pag.
1713 5459 1850 5526 272;

280 5536 530 5594 Galland.
568 5541 607 5594 l.
636 5553 688 5593 ς.
724 5553 848 5607 pag.
883 5536 1007 5592 490.

350 5609 466 5680 (78)
495 5601 758 5664 Anastas.
776 5601 1004 5688 ‘Sinaitq
1033 5616 1226 5691 quast.
1254 5603 1344 5671 48,
1364 5617 1485 5726 pavg.
1515 5601 1639 5656 527.

350 5679 464 5726 1791
500 5680 711 5726 Fabric.
753 5677 1005 5726 Brblmth.
1038 5679 1232 5726 (.rtzcn
1267 5677 1372 5726 vol.
1457 5713 1473 5726 .
1501 5688 1624 5726 nae.

349 5669 464 5751 (79)
498 5680 720 5751 Fabric._
751 5669 1005 5751 Biblioth.
1038 5669 1232 5741 Gram,
1267 5669 1381 5731 vol.’
1406 5669 1779 5751 V,'pag_._206.

349 5688 464 5751 (79)
498 5688 711 5734 Fabric.
751 5688 1005 5733 mnuum.
1038 5688 1232 5741 eum,
1267 5688 1372 5731 vot.
1413 5688 1473 5738 ν,
1610 5688 1667 5726 .:

349 5751 463 5827 (86)
495 5749 755 5827 B_ib_tioth.
793 5747 944 5827 Patr:
981 5748 1256 5827 L‘ugdun...
1287 5757 1422 5827 tom.
1454 5688 1667 5796 Χῗθθιι.

348 5811 459 5946 (Si)
515 5821 684 5875 Fahr.
741 5830 873 5872 tom.
929 5817 946 5868 1
993 5811 1129 5888 Opp.
1177 5815 1486 5886 Hippolyt.,
1540 5829 1663 5883 pag.
1707 5811 1852 5878 278;

281 5888 354 5946 Ga
379 5894 527 5949 land.
562 5892 598 5947 1.
626 5904 704 5958 c.,
734 5905 854 5961 pag.
887 5887 1016 5961 446.

327 5909 527 5949 auanu.
562 5909 598 5947 ι.
626 5909 704 5958 c.,
734 5909 854 5961 pag.
887 5909 1016 5963 no.)

1969 628 2232 698 bylonica
2262 630 2510 699 promisit
2539 630 2778 686 scribere
2810 641 2974 701 atque
3013 633 3176 686 simul
3217 634 3268 687 in
3307 636 3540 704 prophe-

1969 728 2076 774 tam
2098 721 2368 775 Dauielem
2395 724 2772 776 commentari.
2793 727 2969 791 Αιςυυ
2997 725 3108 779 lucc
3126 727 3312 779 omnia
3335 728 3541 794 optime

1969 823 2283 882 congruunt
2318 812 2624 884 Hippolyto.
2681 813 3130 883 Sapientissimus
3172 818 3335 871 etiam
3372 816 3540 872 Tille-

1970 902 2215 956 mootius
2243 902 2355 973 (82)
2372 903 2578 971 judicat
2598 907 2701 957 hoc
2723 903 3086 972 fragtuentum
3115 909 3247 962 satis
3259 908 3542 965 conforme

1966 1009 2086 1050 esse
2129 1009 2391 1061 censura,
2425 1012 2588 1065 quam
2637 996 2865 1052 Photius
2897 999 2964 1054 de
2999 1003 3397 1056 commentario
3442 1020 3540 1058 no-

1967 1087 2066 1141 stri
2111 1088 2286 1142 sancti
2341 1089 2395 1141 in
2446 1088 2721 1144 Danielem
2778 1092 2937 1146 nobis
2989 1095 3232 1162 reliquit.
3270 1095 3538 1166 Dupinius

1965 1195 2094 1234 vero
2125 1181 2432 1234 econtrario
2461 1194 2644 1237 censet
2681 1200 2855 1254 neque
2887 1187 2990 1240 hoc
3019 1184 3404 1256 fragmentum,
3441 1205 3538 1244 ue-

1965 1284 2071 1338 que
2096 1271 2488 1340 expositionem
2522 1277 2736 1329 brevem
2772 1277 3015 1331 historia
3036 1279 3102 1332 de
3127 1278 3380 1334 Susanna
3403 1296 3540 1336 con-

1965 1359 2147 1413 venire
2190 1362 2333 1415 atati
2381 1374 2434 1417 et
2467 1363 2772 1419 characteri
2809 1367 2917 1420 divi
2949 1366 3220 1439 Hippolyti
3263 1370 3396 1440 (85).
3435 1371 3539 1426 Ve-

1967 1462 2086 1499 rum
2117 1449 2427 1519 quicunque
2459 1452 2698 1507 laborem
2735 1455 2788 1508 in
2821 1472 2878 1510 se
2924 1459 3039 1512 vult
3079 1460 3353 1528 suscipere
3383 1477 3536 1516 com-

1963 1541 2191 1607 parandi
2237 1542 2345 1596 hoc
2379 1543 2630 1598 ultimum
2680 1549 3040 1617 fragmentum
3075 1566 3200 1604 cum
3233 1552 3340 1605 alio
3375 1555 3539 1622 paulo

1965 1631 2392 1718 longiorisuper
2422 1634 2668 1690 lsaacum
2705 1648 2758 1693 et
2792 1638 3091 1695 Rebeccam
3123 1660 3152 1696 a
3179 1643 3243 1698 D.
3267 1643 3535 1718 Hierony-

1966 1736 2054 1774 mo
2085 1713 2414 1793 (SM-relato,
2446 1737 2592 1782 certe
2623 1731 2991 1788 omnimodam
3027 1745 3081 1788 et
3101 1736 3305 1806 ingenii
3332 1746 3385 1793 et
3409 1713 3533 1808 styli

1963 1811 2330 1880 deprehendet
2362 1819 2831 1877 conformitatem.

1897 1895 1938 1948 Β
2040 1902 2400 1961 Doctissimus
2428 1906 2668 1964 Joannes
2696 1910 3042 1970 Mabillonius
3088 1917 3142 1970 in
3185 1916 3383 1974 Itinere
3421 1919 3541 1974 Ita-

1966 1992 2086 2057 lico,
2117 2008 2240 2063 pag.
2274 1994 2361 2060 9-5,
2398 1995 2565 2050 refert
2594 1998 2646 2050 in
2683 2000 3008 2056 bibliotheca
3047 2003 3312 2074 Chigiana
3351 2006 3540 2064 Roma

1963 2095 2180 2139 exstare
2209 2083 2455 2140 Gracum
2484 2089 2728 2143 codicem
2755 2092 3022 2162 insignem
3043 2135 3057 2160 ,
3085 2097 3153 2149 ab
3185 2098 3344 2153 annis
3375 2101 3542 2154 mini-

1965 2190 2113 2229 mum
2161 2177 2488 2248 octingentis
2533 2180 2826 2248 scriptum,
2883 2185 3251 2240 continentem
3302 2198 3542 2257 quatuor

1963 2269 2252 2336 prophetas
2281 2269 2537 2339 majores,
2571 2271 2702 2326 item
2741 2273 2959 2328 brevem
2998 2281 3453 2334 commentarium
3483 2281 3539 2336 in

1962 2360 2237 2413 somnium
2256 2359 2833 2427 Nabuchodonosoris,
2849 2381 2878 2418 a
2897 2366 2953 2420 S.
2973 2364 3263 2439 Hippolyto
3302 2383 3540 2443 martyre

1959 2459 2016 2506 et
2041 2453 2292 2522 episcopo
2344 2452 2534 2508 Roma
2575 2459 2962 2524 compositum,
2999 2460 3092 2528 qui
3143 2462 3266 2514 ideo
3304 2473 3538 2517 vocatur

1962 2542 2148 2598 Roma
2173 2546 2482 2616 episcopus,
2508 2561 2575 2601 eo
2601 2549 2744 2617 quod
2771 2549 2957 2604 Roma
2977 2551 3267 2622 episcopus
3293 2556 3536 2619 gentium

1959 2636 2262 2700 ordinatus,
2297 2645 2352 2690 et
2398 2646 2587 2707 postea
2635 2639 2922 2694 Portuensi
2955 2640 3208 2698 Ecclesia:
3250 2647 3540 2713 praefectus

1960 2724 2143 2781 fuerit.
2181 2725 2240 2782 ln
2273 2731 2376 2784 hac
2399 2731 2762 2798 explicatione
2794 2733 2948 2802 plura
2980 2746 3293 2802 occurrunt,
3328 2755 3448 2808 qua
3469 2742 3539 2794 de

1957 2817 2142 2871 eadem
2178 2820 2386 2874 visione
2438 2821 2493 2874 in
2547 2830 2784 2877 tractatu
2826 2825 2885 2878 S.
2938 2824 3210 2898 Hippolyti
3255 2828 3331 2882 De
3374 2832 3534 2883 Auti-

1958 2911 2154 2965 clm'sto
2199 2913 2490 2981 habentur,
2537 2932 2605 2971 ex
2637 2933 2746 2987 quo
2785 2930 3038 2990 excerpta
3084 2937 3205 2978 esse
3248 2924 3538 3012 videntur;

1957 3004 2204 3070 quadam
2252 3013 2432 3061 tamen
2471 3009 2726 3076 specialia
2769 3022 3089 3078 occurrunt,
3122 3030 3243 3084 qua
3272 3017 3325 3070 in
3365 3004 3535 3072 citato

1958 3103 2190 3149 tractatu
2210 3113 2318 3151 non
2343 3099 2614 3168 leguntur.
2641 3100 3026 3173 lnterpretatio
3048 3106 3162 3160 hac
3184 3123 3247 3161 ex
3266 3107 3538 3179 Chigiano

1957 3188 2144 3242 codice
2174 3187 2363 3244 Roma
2392 3207 2537 3245 anno
2581 3192 2741 3260 1772,
2773 3202 2827 3249 et
2860 3196 3055 3251 deinde
3091 3197 3357 3269 Gottingae
3393 3216 3540 3255 anno

1963 3280 2122 3347 1774,
2158 3283 2300 3337 edita
2333 3284 2435 3338 fuit
2465 3284 2650 3342 Graec
2687 3303 2750 3343 ac
2781 3288 2974 3345 Latine
3020 3307 3141 3346 cum
3186 3292 3404 3348 Daniele
3452 3313 3537 3350 se-

1963 3379 2193 3433 cundum
2213 3379 2581 3452 Septuaginta.
2616 3381 2883 3456 Georgius
2917 3385 3199 3458 Syncellus
3223 3390 3416 3459 allegat
3447 3392 3534 3446 in-

1961 3489 2128 3544 super
2176 3475 2356 3529 locum
2409 3477 2700 3546 quemdam
2750 3476 2806 3532 S.
2861 3478 3134 3552 Hippolyti
3185 3482 3239 3534 in
3281 3484 3535 3538 eumdem

1959 3566 2279 3636 prophetam
2331 3565 2646 3634 Danielem,
2700 3586 2884 3627 verum
2941 3573 3358 3630 indeterminate
3411 3584 3536 3629 tan-

1957 3667 2073 3712 tum
2105 3657 2240 3729 (85).

2029 3747 2088 3804 S.
2121 3748 2487 3823 Hieronymus
2525 3753 2705 3809 adhuc
2749 3755 3202 3809 commentarium
3237 3755 3290 3810 in
3327 3755 3538 3810 Zacha-

1958 3843 2094 3898 riam
2148 3841 2206 3897 S.
2256 3841 2546 3915 Hippolyto
2577 3847 2803 3900 ascribit
2854 3847 3002 3916 (86);
3038 3849 3130 3902 sed
3183 3847 3318 3900 nihil
3357 3864 3423 3901 ex
3467 3863 3537 3903 eo

1957 3935 2114 3990 nobis
2172 3939 2531 3991 conservavit.
2585 3936 2840 3993 Scriberis
2891 3947 3070 3993 autem
3113 3939 3303 3992 doctor
3354 3941 3532 3992 maxi-

1955 4044 2079 4083 mus
2123 4029 2176 4082 in
2217 4027 2561 4093 Zachariam,
2593 4046 2765 4100 eaque
2798 4032 3088 4086 occasione
3119 4032 3186 4086 de
3239 4033 3343 4088 hoc
3380 4049 3536 4090 com-

1955 4121 2224 4174 mentario
2264 4129 2427 4190 atque
2459 4122 2582 4176 aliis
2608 4120 2871 4191 _0rigenis
2912 4131 2966 4176 et
3013 4121 3223 4193 Didymi
3263 4123 3529 4192 loquens,

1955 4210 2206 4266 observat
2237 4213 2560 4280 hos_omnes
2611 4213 2733 4282 plus
2767 4227 2945 4282 opera
2979 4214 3310 4284 impendisse
3341 4217 3531 4271 sensui

1953 4302 2248 4373 allegorico
2269 4306 2533 4370 eruendo,
2563 4320 2728 4374 quam
2759 4306 2976 4359 litterali
3007 4322 3071 4360 ac
3101 4308 3364 4363 historico
3389 4310 3526 4383 (87).

1955 4399 2082 4454 Hac
2111 4397 2330 4452 fuerunt
2357 4411 2519 4466 opera
2555 4397 2614 4450 D.
2646 4395 2918 4469 Hippolyti
2945 4413 3042 4466 pro
3072 4398 3168 4452 illu
3183 4403 3408 4457 strando
3433 4400 3533 4459 Ve-

1954 4495 2056 4550 teri
2087 4493 2436 4549 Testamento
2467 4493 2749 4548 adornata.

2025 4744 2136 4816 (82)
2170 4739 2819 4816 '_I‘illemou_t,_§_{émoires,
2850 4748 2982 4794 tom.
3023 4738 3111 4804 Ill,
3139 4754 3262 4816 pag.
3294 4741 3416 4796 108.

2024 4809 2135 4885 (85)
2170 4812 2391 4885 Dupin.,
2411 4810 2673 4885 Biblioth.
2727 4819 2959 4876 auctor.,
3000 4818 3132 4865 tom.
3179 4809 3227 4873 l,’
3263 4827 3384 4880 pag.
3422 4812 3527 4865 177

1954 4883 2086 4944 edit.
2118 4883 2296 4938 Latin.
2328 4883 2519 4937 Colon.

2025 4957 2136 5028 (84)
2180 4955 2518 5024 Hieronym.,
2561 4951 2737 5022 Epist.
2762 4953 2957 5016 critic.,
2991 4965 3114 5022 pag.
3147 4950 3250 5006 569
3277 4951 3405 5006 edit.
3423 4949 3523 5004 Bc-

2026 5027 2213 5076 dictin.
2247 5023 2423 5076 Paris.

2065 5038 2213 5080 lCIln.
2251 5038 2423 5080 I’aI'IS.

1955 5031 2213 5084 nedictin.
2248 5031 2423 5080 Paris.
3453 5089 3463 5099 .

2026 5097 2138 5167 (85)
2168 5094 2379 5167 ,Georg.
2415 5093 2675 5167 Syncell..
2706 5109 2830 5164 pag.
2854 5093 2989 5167 _2_l_8,
3030 5101 3084 5147 et
3128 5091 3270 5163 apud
3304 5087 3523 5145 Fabric.

1953 5163 2416 5240 Op'p.7Htppolyt.,
2448 5163 2580 5240 tom.
2617 5163 2655 5240 |_,
2687 5163 2808 5240 pag.
2846 5163 2973 5217 272.

2025 5231 2136 5310 (86)
2168 5231 2480 5310 Ηίςιὼιγω.
2501 5236 2573 5310 Δ1η
2603 5231 2866 5310 βαὶαιόθη
2901 5248 3020 5310 cap.
3046 5231 3135 5284 61.
3158 5301 3209 5310 Μ
3281 5299 3295 5310 .
3386 5283 3418 5309 ὀ

2025 5299 2138 5382 (87)
2181 5328 2198 5360 ι
2241 5299 2472 5382 Scripsit
2499 5305 2748 5382 in_hunc
2793 5299 3106 5382 prophetam
3150 5299 3520 5382 (Zachariam)

1953 5372 2217 5452 Origenes
2244 5372 2662 5452 duo'volumina
2692 5389 2862 5444 usque
2894 5375 2959 5426 ad
2989 5373 3201 5452 tertiam
3225 5379 3430 5439 partem
3459 5372 3524 5424 li-

1955 5441 2100 5506 bri'a
2127 5448 2413 5520 principio.
2450 5441 3016 5520 Hippolytus'quoque
3041 5441 3209 5520 edidit
3243 5455 3523 5520 commen-

1955 5511 2146 5587 tarios;
2191 5530 2246 5575 et
2278 5511 2536 5588 Didymus
2556 5511 3274 5588 quinqueexplanationum
3301 5511 3518 5588 libros,

1957 5577 2044 5649 me
2072 5577 2319 5653 rogante,
2349 5577 2601 5648 dictavit,-
2621 5577 2760 5653 quos
2789 5577 2919 5638 cuni
2948 5583 3069 5653 aliis
3100 5582 3277 5653 tribus
3299 5581 3354 5653 in
3382 5577 3522 5633 Osee

1956 5675 2010 5718 et
2061 5649 2193 5717 milii
2224 5649 2661 5732 πρὸσεςρώνηᾳενῖ
2700 5651 2984 5732 ,δείμιοιιι
3019 5649 3523 5732 ἱΙΙοτμτῃὲξήγηο-ις

1957 5735 2245 5804 allegorica
2271 5722 2484 5804 't'ui‘t,'e__t
2524 5722 2763 5804 historia
2802 5722 2902 5804 vix_
2934 5736 3106 5804 pauca
3153 5722 3514 5804 tetigerunt.)

1959 5791 2295 5872 Hieronym”
2328 5791 2540 5852 Prat'at.
2573 5796 2643 5872 Δἰξι
2673 5808 2804 5848 suos
2839 5792 2905 5847 ad
2939 5791 3177 5855 Zacltar.
3223 5791 3514 5844 Comment.

1958 5885 2012 5929 et
2037 5875 2092 5928 in
2119 5863 2385 5940 Cbtalog.,
2416 5883 2535 5936 cap.
2567 5863 2626 5918 61
