4034 6376
505 366 611 423 5‘17

581 488 606 556 ᾗ
648 485 739 540 IX.
783 483 1164 541 Commentarii
1205 484 1261 540 S.
1293 485 1564 556 Hippolyti
1624 489 1680 540 in
1713 488 1786 542 Ν.
1814 489 1900 554 Τ.,
1929 507 2005 542 ac.

902 556 962 613 S.
989 559 1324 621 Matt/urunt,
1353 555 1575 617 Lucam,
1594 569 1699 612 etc.

579 671 854 740 Quantum
901 674 966 726 ad
1008 672 1205 741 scripta
1249 671 1368 740 ejus
1414 672 1466 725 in
1511 670 1720 724 Novum
1758 671 2076 727 Testamen-

509 778 644 828 tum,
682 765 946 819 Eusebius
975 780 1041 817 ne
1077 780 1244 818 unum
1275 764 1492 832 quidem
1530 774 1824 830 memorat;
1859 777 2079 821 sanctus

507 874 635 912 vero
663 857 1022 927 Hieronymus
1050 857 1116 909 de
1146 855 1262 909 solo
1295 855 1441 910 illius
1467 856 1519 908 in
1545 856 1895 924 Apocalypsin
1919 857 2076 910 Com—

507 950 763 1004 mentario
799 948 1125 1001 mentionem
1156 946 1306 1010 facit,
1338 947 1466 1000 dum
1498 947 1550 1000 in
1581 956 1814 1002 tractatu
1847 949 1922 1001 De
1951 951 2076 1003 viris

504 1035 802 1090 illustribus
848 1050 1012 1103 opera
1075 1035 1132 1088 S.
1176 1034 1446 1106 Hippolyti
1502 1043 1748 1090 recenset
1779 1037 1912 1106 (88).
1970 1037 2076 1092 Sed

501 1127 797 1182 verisimile
841 1134 945 1190 est,
992 1126 1134 1194 quod
1187 1125 1242 1179 S.
1279 1125 1638 1196 Hieronymus
1692 1128 1784 1182 illo
1837 1138 2078 1198 tempore

501 1235 565 1272 ea
603 1219 658 1271 S.
700 1217 969 1288 Hippolyti
1019 1218 1219 1286 scripta
1271 1217 1324 1271 in
1377 1217 1434 1271 S.
1472 1218 1784 1274 Matthteum
1835 1223 2074 1275 nondum

504 1309 718 1372 viderit,
750 1309 815 1362 de
844 1309 1044 1377 quibus
1081 1309 1133 1362 in
1173 1324 1333 1376 Opere
1376 1311 1663 1377 posteriori
1691 1310 1805 1380 (89)
1839 1315 2076 1366 mentio-

503 1417 625 1455 nem
673 1400 816 1454 fecit.
847 1399 1218 1453 Theodoretus
1274 1400 1403 1454 citat
1455 1402 1619 1454 etiam
1671 1411 1934 1458 tractatus
1979 1419 2074 1458 seu

503 1506 785 1547 sermones
827 1490 882 1544 S.
907 1490 1174 1562 Hippolyti
1231 1491 1304 1544 De
1340 1491 1713 1545 distributione
1757 1493 2076 1547 talentorum

499 1593 554 1637 et
587 1583 661 1636 De
688 1582 888 1636 duobus
918 1582 1212 1635 latronibus
1243 1582 1374 1651 (90).
1404 1581 1540 1637 llinc
1569 1583 1861 1638 verisimile
1887 1595 2078 1654 putant

498 1674 605 1728 viri
631 1675 772 1727 docti
803 1673 915 1743 (91)
944 1684 1197 1728 sanctum
1229 1682 1474 1728 nostrum
1504 1675 1557 1727 in
1587 1675 1852 1743 quasdam
1884 1677 2072 1730 saltem

501 1775 683 1834 partes
708 1764 982 1833 Evangelii
1029 1763 1366 1830 S.Matthzei,
1417 1774 1582 1835 alque
1635 1768 1754 1823 sine
1803 1770 1970 1823 dubio
2019 1772 2074 1824 in

501 1857 748 1925 quaedam
799 1856 917 1909 loca
962 1855 1235 1923 Evangelii
1297 1855 1353 1911 8.
1381 1856 1562 1923 Lucae,
1614 1859 1808 1930 inquo
1851 1863 2076 1917 historia

502 1949 571 2002 de
603 1949 817 2002 duobus
846 1947 1149 2002 latronibus
1181 1950 1403 2004 uberius
1456 1960 1763 2017 enarratur,
1801 1969 2078 2009 commen-

503 2040 672 2093 tarios
717 2055 991 2094 exarasse.
1045 2039 1366 2111 Quanquam
1419 2050 1603 2096 autem
1659 2043 1748 2097 hic
1786 2047 2075 2111 terminus,

501 2128 712 2196 λόγους,
735 2138 914 2197 posset
937 2130 1129 2184 deuota
1140 2147 1195 2183 re
1221 2131 1361 2199 apud
1387 2130 1784 2190 Theodoretum
1801 2136 2077 2203 bomilias,

503 2220 858 2275 nihilominus
890 2231 1067 2275 tamen
1106 2219 1170 2275 D.
1205 2221 1570 2294 Hieronymus
1624 2225 1764 2281 inter
1793 2243 2076 2283 commen-

503 2312 672 2365 tarios
722 2311 776 2363 in
822 2309 1244 2379 S.Scripturam
1297 2320 1547 2366 recenset
1595 2313 1832 2383 aliquem
1882 2315 2076 2370 horum

500 2400 673 2469 λόγων
703 2417 795 2455 seu
826 2417 1140 2455 sermonum
1184 2418 1213 2455 a
1244 2401 1589 2458 Theodoreto
1623 2405 1915 2460 citatorum
1942 2407 2076 2477 (92).

499 2495 556 2548 lu
583 2495 785 2549 Catena
811 2493 1028 2548 Patrum
1054 2495 1365 2550 Graecorum
1393 2512 1558 2568 super
1583 2497 1784 2553 Lucam
1815 2499 2080 2568 reperitur

499 2587 662 2642 etiam
689 2587 887 2657 aliquis
918 2586 974 2641 S.
1001 2585 1272 2659 Hippolyti
1313 2588 1467 2644 locus
1494 2589 1632 2657 (95).

503 2699 533 2768 5
569 2700 638 2754 Χ.
681 2702 1062 2774 Commentarii
1103 2700 1157 2754 S.
1193 2701 1466 2770 Hippolyti
1504 2703 1559 2754 in
1581 2701 1809 2756 Joannis
1837 2701 2079 2774 Evange-

971 2772 1102 2823 liutn
1140 2782 1187 2824 cl
1215 2774 1591 2842 Apocalypsin.

569 2861 628 2915 In
678 2861 860 2915 tabula
907 2860 1093 2916 Graeca
1151 2878 1295 2932 saepe
1333 2864 1446 2933 jam
1497 2865 1713 2918 laudata
1765 2879 1888 2919 cum
1919 2864 2079 2934 Cyclo

497 2953 738 3022 paschali
776 2953 975 3008 elIossa
1016 2955 1302 3024 perspicue
1345 2965 1587 3019 notatur,
1619 2958 1763 3026 quod
1795 2955 1852 3011 S.
1877 2956 2080 3027 Hippo-

500 3045 644 3117 lytus
681 3045 962 3115 scripserit
1010 3047 1062 3100 in
1097 3046 1446 3117 Evangelium
1487 3049 1786 3102 secundum
1833 3048 2080 3103 S.Joan-

1487 366 1573 421 DE
1613 367 1770 422 VlTA
1811 367 1900 422 ET
1939 366 2250 422 SCRIPTIS
2289 367 2346 424 S.
2387 365 2772 421 HIPPOLYTI.

3653 369 3762 426 528

2109 496 2155 550 Α
2185 503 2368 543 reseos
2393 487 2703 543 consultum
2735 486 2799 540 iri
2827 486 3298 550 existimaverunt,
3324 501 3488 556 quam
3516 491 3764 560 negando

2183 580 2594 644 auctoritatem,
2654 585 2709 632 et
2756 577 3072 646 Evangelii,
3132 587 3187 632 et
3235 579 3661 650 Apocalypseos,
3704 591 3765 636 et

2182 669 2548 738 Epistolarum
2621 668 2686 723 D.
2714 667 2963 723 Joannis.
3035 668 3188 733 Quod
3235 680 3385 723 tanta
3443 687 3565 726 cum
3615 673 3768 727 inve-

2179 761 2435 814 recundia
2484 760 2857 814 fecerunt'isti
2909 760 3164 823 haeretici,
3203 768 3258 814 et
3286 771 3437 816 tanto
3469 778 3592 816 cum
3624 764 3766 816 divi-'-

2179 850 2367 904 nitatis
2387 852 2556 918 Λόγου
2582 851 2728 910 odio,
2759 860 2816 904 ut
2838 850 3225 919 quamplurimi
3262 852 3399 906 inter
3427 854 3765 909 orthodoxos

2178 943 2507 1007 exstiterint,
2553 943 2646 1012 qui
2699 941 2964 996 vi’ndicias
3015 942 3155 996 1:95:13
3206 944 3509 998 divinitatis
3557 945 3764 1000 Christi

2179 1035 2432 1087 alacriter
2491 1035 2834 1102 paraverint,
2901 1045 2953 1087 et
3009 1032 3401 1103 Evangelium,
3463 1036 3762 1105 Epistolas,

2177 1123 2538 1194 Apocalypsin
2573 1123 2767 1178 Joanni
2817 1126 3163 1193 evangelista:
3206 1129 3542 1181 asserueriut
3567 1170 3580 1192 ,
3618 1130 3767 1183 inter

2178 1233 2317 1284 quos
2361 1218 2712 1272 eminuerunt
2767 1216 2825 1272 S.
2851 1217 3102 1273 Justinus
3146 1231 3372 1290 martyr,
3411 1218 3468 1272 S.
3498 1222 3762 1285 lrenteus,

2182 1308 2518 1377 Theophilus
2572 1309 2964 1374 Antioeheuus,
3021 1308 3272 1364 Clemens
3333 1310 3763 1377 Alexandrinus,

2181 1399 2239 1455 S.
2265 1399 2446 1455 Melite
2491 1400 2811 1463 Sardeusis,
2861 1409 2916 1454 et
2965 1402 3023 1456 S.
3059 1400 3400 1474 Hippolytus.
3443 1401 3565 1459 Htec
3607 1407 3676 1460 cl.
3713 1407 3766 1460 le

2177 1491 2429 1564 Moynius
2463 1493 2601 1561 (95),
2629 1492 2721 1562 qui
2754 1493 2950 1547 deinde
2988 1495 3286 1557 concludit.
3327 1498 3474 1565 quod
3522 1499 3642 1551 ideo
3674 1499 3766 1553 di—

2179 1595 2334 1638 catur
2365 1583 2454 1638 hic
2486 1584 2586 1653 (sc.
2613 1581 2958 1653 Hippolytus)
2987 1585 3274 1654 scripsisse
3315 1586 3370 1640 in
3401 1585 3761 1656 Evangelium

2175 1685 2230 1727 et
2251 1673 2635 1744 Apocalypsin,
2669 1683 2727 1726 ut
2759 1672 2863 1725 ista
2897 1687 3060 1742 Opera
3089 1689 3210 1729 esse
3240 1674 3480 1742 ejusdem
3512 1676 3766 1732 auctoris

2178 1767 2530 1835 persuaderet
2559 1774 2613 1819 et
2640 1765 3007 1820 conﬁrmaret.
3043 1767 3242 1821 Verum
3273 1768 3586 1838 quicunque
3619 1785 3767 1839 prae—

2182 1855 2400 1910 tendere
2426 1855 2605 1917 vellet,
2632 1863 2691 1908 ut
2719 1857 2990 1924 sapienter
3015 1856 3268 1911 observat
3291 1857 3593 1928 Basnagius
3619 1859 3762 1929 (96),

2182 1947 2285 2002 hoc
2342 1962 2409 2000 ex
2471 1947 2678 2000 motivo
2763 1956 3012 2002 sanctum
3081 1947 3428 2020 Hippolytum
3508 1960 3764 2006 nostrum

2178 2053 2397 2108 operam
2459 2038 2793 2109 impendisse
2839 2041 2905 2095 ad
2936 2041 3280 2096 scribendum
3320 2058 3482 2112 super
3516 2043 3661 2099 hunc
3692 2045 3768 2099 li-

2180 2132 2361 2195 hrum,
2405 2132 2452 2187 is
2496 2149 2685 2187 revera
2731 2134 3087 2189 divinaretur.
3129 2136 3368 2205 Scaliger
3402 2138 3768 2194 nihilominus

2177 2223 2391 2278 videtur
2439 2224 2604 2293 hujus
2675 2227 2956 2280 sententia:
3021 2226 3187 2282 fuisse
3235 2228 3378 2297 (97),
3441 2229 3568 2283 dum
3617 2232 3768 2285 seri-

2177 2315 2258 2370 bit
2316 2332 2454 2386 opus
2517 2318 2692 2372 sancti
2742 2316 3013 2389 Hippolyti
3074 2321 3129 2373 in
3187 2321 3544 2392 Apocalypsin
3623 2324 3770 2378 nihil

2179 2408 2327 2462 aliud
2369 2407 2538 2463 fuisse
2566 2424 2732 2478 quam
2766 2411 3069 2480 apologiam
3115 2427 3213 2480 pro
3251 2413 3397 2467 illius
3436 2415 3769 2470 auctoritate

2179 2499 2515 2554 defendenda
2566 2513 2761 2555 contra
2798 2502 3022 2570 A'logos.
3075 2500 3258 2556 llebed
3301 2501 3428 2557 Jesu
3461 2503 3574 2574 (98)
3625 2521 3769 2561 sane

2181 2599 2433 2654 testatur,
2468 2591 2928 2659 quemadmodum
2976 2590 3278 2659 Basuagius
3327 2591 3437 2661 (99)
3486 2602 3540 2646 et
3567 2591 3769 2648 Fabri-

2177 2683 2296 2738 cius
2315 2683 2388 2752 (1)
2409 2682 2669 2748 referunt,
2689 2691 2833 2750 quod
2861 2682 3097 2736 Chaldzei
3127 2683 3420 2738 ostendant
3442 2685 3765 2756 Apologiam

2180 2773 2238 2827 S.
2266 2773 2533 2844 Hippolyti
2567 2790 2666 2843 pro
2694 2773 3019 2843 Apocalypsi
3053 2783 3106 2826 et
3135 2772 3426 2844 Evangelia
3455 2777 3628 2830 sancti
3657 2774 3759 2830 Jo-

2178 2863 2356 2918 annis.
2412 2863 2516 2918 Sed
2551 2880 2693 2933 quin.
2727 2863 2956 2916 amabo!
2983 2862 3116 2917 ﬁdes
3149 2863 3395 2918 habenda
3443 2867 3764 2920 testimonio

2178 2956 2436 3010 rabbini?
2509 2954 2566 3008 In
2616 2955 2946 3010 bibliotheca
3010 2954 3302 3010 Bodleiana
3379 2957 3518 3012 inter
3588 2958 3764 3013 libros

2179 3048 2672 3118 Huntingtonianos
2699 3057 2876 3102 exstat
2907 3049 3134 3102 Arabice
3161 3049 3463 3118 exploratio
3490 3051 3759 3122 Apocaly-

499 3155 622 3193 nem
664 3149 718 3194 et
765 3141 816 3194 in
841 3139 1201 3209 Apocalypsin
1235 3159 1247 3193 :
1287 3139 1456 3212 ’Υπὲρ
1493 3141 1588 3194 τοῦ
1639 3141 1781 3196 κατὰ
1825 3142 2074 3213 Ἰωάννην

2179 3156 2338 3212 pseos
2380 3155 2446 3194 ex
2477 3138 2698 3203 Severo,
2731 3139 3020 3208 Hippolyto
3072 3149 3125 3193 et
3168 3140 3310 3205 aliis,
3361 3157 3524 3210 quam
3565 3141 3761 3197 Latine

498 3229 828 3300 Εὑαγγελίου
879 3224 972 3286 καὶ
1009 3229 1447 3300 Ἀποκαλύψεως.
1498 3231 1736 3302 ldipsum
1788 3236 2074 3289 conﬁrmat

2177 3247 2390 3286 versam
2444 3230 2892 3300 praestantissimo
2927 3230 3044 3283 viro
3075 3228 3268 3285 Joanni
3303 3231 3594 3301 Gagnierio
3637 3232 3760 3288 for-

501 3324 558 3378 S.
585 3322 946 3394 Hieronymus
978 3331 1242 3394 quantum
1277 3325 1343 3378 ad
1371 3324 1735 3397 Apocalypsin
1775 3327 1910 3396 (94).
1961 3326 2073 3380 No-

499 3427 614 3473 tum
654 3426 736 3472 est
776 3418 1052 3484 omnibus,
1087 3418 1266 3486 qualis
1300 3429 1612 3488 quantaque
1655 3421 1721 3474 de
1765 3421 1886 3475 istis
1921 3421 2076 3477 libris

499 3511 698 3579 agitata
741 3507 902 3562 fuerit
930 3491 1298 3565 controversia
1329 3519 1562 3565 exeunte
1606 3512 1806 3566 sazculo
1837 3513 2075 3567 secundo

501 3611 552 3655 et
592 3603 812 3655 ineunte
854 3603 1046 3667 tertio,
1085 3618 1192 3656 non
1239 3610 1445 3656 tantum
1481 3612 1702 3672 propter
1728 3603 2071 3667 Cerinthum,

500 3694 594 3749 sed
641 3708 766 3746 cum
793 3693 1049 3748 Artemon
1106 3702 1158 3747 et
1190 3694 1293 3746 sibi
1337 3694 1544 3749 similes
1575 3695 1912 3749 divinitatem
1947 3694 2074 3750 Jesu

497 3783 703 3840 Christi
739 3794 1026 3853 negarent,
1062 3796 1114 3840 et
1147 3787 1328 3855 arma;
1345 3786 1545 3854 quibus
1586 3787 1875 3841 orthodoxi
1928 3788 2073 3841 illam

500 3877 848 3941 asserebant,
897 3877 1002 3931 illis
1041 3878 1249 3946 eripere
1293 3886 1647 3937 conarentur.
1689 3879 1867 3947 primo
1893 3877 2068 3932 Evanv

497 3968 696 4039 gelium
710 3967 938 4022 Joannis
971 3977 1025 4022 et
1053 3969 1194 4022 illius
1221 3968 1578 4039 Apocalypsin
1612 3967 1824 4037 profani
1852 3970 2073 4024 invase-

499 4069 647 4125 runt,
676 4074 730 4116 et
761 4077 886 4116 cum
922 4061 1088 4115 variis
1129 4061 1266 4115 locis
1298 4077 1360 4113 ex
1400 4059 1688 4130 Evangelio
1722 4069 1776 4114 et
1803 4059 2072 4132 Apocaly-

497 4152 579 4220 psi
615 4151 794 4220 petitis
827 4151 893 4206 ad
924 4151 1097 4219 Λόγου
1132 4151 1468 4205 divinitatem
1508 4151 1936 4206 conﬁrmandam
1965 4167 2072 4206 non

497 4253 724 4314 possent
768 4245 1116 4312 respondere,
1167 4253 1222 4298 et
1261 4245 1425 4319 verba
1467 4244 1814 4314 evangelista:
1854 4253 1908 4297 et
1940 4258 2075 4312 apo--

499 4336 622 4391 stoli
668 4336 741 4390 ita
786 4337 1051 4406 stringere
1096 4336 1614 4399 animadverterent,
1661 4345 1723 4390 ut
1768 4337 1916 4391 nulla
1959 4347 2076 4392 arte

501 4427 772 4494 mutisque
803 4427 1337 4495 interpretationibus
1368 4429 1550 4498 pravis
1579 4428 1660 4483 vis
1691 4428 1911 4484 illorum
1948 4443 2074 4497 pos-

2175 3335 2321 3380 tasse
2377 3324 2652 3379 debebunt
2702 3324 2924 3386 eruditi,
2976 3323 3167 3378 scribit
3212 3324 3282 3378 cl.
3339 3323 3620 3379 Fabricius
3651 3325 3753 3395 (2).

2176 3415 2280 3470 Sed
2317 3425 2581 3486 quantum
2633 3429 2735 3484 ego
2778 3414 2925 3478 seio,
2980 3415 3154 3469 lucem
3197 3413 3464 3484 publicam
3514 3417 3754 3469 nondum

2171 3508 2324 3564 vidit.
2375 3507 2638 3562 Caeterum
2669 3523 2760 3576 per
2793 3507 3214 3560 commentarios
3266 3507 3318 3560 in
3353 3507 3750 3577 Apocalypsin,

2176 3601 2331 3655 Sixto
2358 3599 2582 3655 Senensi
2609 3602 2770 3653 etiam
2810 3607 3163 3662 memoratos,
3196 3596 3418 3652 Rivetus
3447 3599 3522 3666 (5)
3557 3600 3757 3654 intelli-

2173 3695 2250 3763 git
2281 3693 2478 3747 librum
2514 3692 2579 3745 de
2614 3691 2969 3746 Antichristo.
3004 3689 3285 3744 Fabricius
3323 3691 3562 3759 imprimi
3588 3709 3754 3746 cura-

2178 3787 2251 3839 vit
2304 3783 2669 3856 fragmentum
2731 3784 2876 3837 haud
2925 3783 3215 3852 exiguum,
3274 3784 3324 3835 in
3377 3800 3486 3852 quo
3531 3793 3754 3840 sanctus

2176 3876 2496 3947 Hippolytus
2553 3876 2776 3945 exponit
2841 3875 2956 3929 hzec
3042 3873 3460 3928 Proverbiorum
3535 3892 3653 3944 cap.
3701 3893 3755 3930 Ix

2174 3964 2338 4016 verba
2383 3980 2396 4014 :
2448 3963 2720 4031 Sapientia
2770 3963 3053 4032 ludiﬁcat-it
3099 3963 3202 4015 sibi
3249 3965 3499 4026 domum;
3543 3966 3756 4033 sibique

2177 4054 2467 4122 persuasit,
2516 4055 2568 4106 in
2596 4052 2823 4107 Joannis
2860 4052 3212 4122 Evangelistze
3254 4054 3431 4108 locum
3463 4056 3754 4124 quemdam

2177 4145 2291 4198 haec
2341 4146 2408 4199 ab
2441 4144 2728 4215 Hippolyto
2797 4145 2978 4214 potius
3026 4145 3227 4214 scripta
3279 4161 3430 4209 esse,
3481 4162 3644 4215 quam
3700 4150 3754 4200 iu

2175 4234 2592 4290 Proverbiorum
2622 4237 2766 4297 loca,
2795 4236 2921 4290 licet
2951 4244 3005 4290 et
3048 4236 3101 4289 in
3131 4235 3244 4290 hinc
3277 4238 3441 4290 etiam
3475 4252 3758 4291 commen-

2181 4337 2327 4382 tatus
2383 4328 2547 4382 fuerit
2591 4328 2688 4396 (Δ).
2757 4326 2813 4380 1η
2871 4328 3056 4383 tabula
3107 4344 3333 4397 operum
3388 4327 3444 4382 S.
3482 4327 3756 4400 Hippolyti

2179 4421 2372 4490 legitur
2422 4421 2644 4488 insuper
2673 4417 3019 4490 Hippolytum
3069 4431 3314 4473 nostrum
3347 4418 3491 4473 Otlas
3533 4428 3586 4472 et
3617 4418 3758 4473 Car-

499 4527 583 4571 set
618 4517 906 4582 declinari;
944 4532 1052 4571 non
1082 4518 1236 4574 aliter
1267 4519 1390 4583 sibi,
1428 4529 1482 4574 et
1513 4519 1765 4588 pravitati
1813 4535 1926 4574 sua:
1957 4519 2064 4573 hae—
2101 4521 2145 4574 D
2172 4513 2319 4565 mina
2352 4511 2637 4580 scripsisse
2673 4511 2729 4564 in
2753 4526 2942 4566 omnes
2971 4509 3028 4566 S.
3060 4509 3358 4581 Scripturte
3383 4511 3552 4565 libros
3582 4509 3680 4580 (5).

569 4685 682 4756 (88)
722 4684 1034 4756 Hieronym.
1069 4687 1123 4740 in
1157 4685 1423 4755 Calalog.,
1459 4702 1578 4756 cap.
1615 4688 1706 4742 6|.

571 4755 683 4822 (89)
724 4776 740 4807 ι
769 4755 991 4826 ιρείδξε
1027 4773 1113 4810 me
1143 4756 1314 4810 fateor
1347 4769 1471 4812 ante
1512 4755 1686 4813 annos
1717 4758 1987 4826 plurimos
2019 4759 2073 4811 in

497 4823 878 4898 Matth-seum":
908 4825 1180 4898 Hippolyti
1206 4827 1459 4896 martyris
1506 4823 1765 4897 opuscula
1893 4844 1923 4882 e
1951 4830 2074 4898 qui-

499 4895 602 4949 bus
645 4898 859 4968 ettamsi
913 4913 1082 4965 pauca
1110 4895 1423 4968 'carpe‘rein,
1456 4895 1678 4968 dignum
1719 4899 1925 4968 aliquid
1960 4895 2075 4952 me-

497 4982 670 5039 morta
745 4967 1093 5020 scriberetur.
1155 4987 1173 5018 ι
1274 4965 1634 5039 Hieronym.,
1730 4965 1949 5022 Prazt'at.
2019 4970 2072 5021 in

498 5035 690 5090 Matth.

573 5106 684 5177 (90)
719 5105 1016 5178 Theodon.
1052 5107 1252 5178 dialog.
1283 5107 1338 5172 2,
1372 5124 1492 5178 pag.
1527 5109 1562 5162 2
1590 5118 1640 5162 et
1670 5109 1758 5178 79,
1787 5116 1841 5161 et
1867 5107 2070 5178 dialog.

573 5125 684 5177 (νυ)
730 5125 1016 5164 tneouor..
1052 5125 1252 5175 dialog.
1283 5125 1338 5172 z,
1372 5125 1436 5177 pa
1479 5149 1492 5161 .
1527 5125 1562 5162 Ζ
1590 5125 1640 5162 et
1679 5125 1758 5172 tu,
1787 5125 1841 5161 et
1867 5125 2069 5178 dialog.

497 5175 560 5248 '5,
582 5191 714 5248 pag.
743 5176 875 5248 156.
908 5175 1043 5248 Vide
1099 5177 1257 5232 Fabr.
1291 5189 1420 5232 tom.
1443 5125 1474 5230 ἦ
1501 5177 1638 5248 Opp.
1673 5177 1912 5247 Hippol.,
1949 5194 2069 5246 pag.

496 5245 626 5318 28f,
654 5245 972 5318 étGalland.
1005 5258 1134 5302 tom.
1167 5249 1207 5300 ll
1236 5248 1488 5304 Biblioth.
1517 5245 1658 5314 I‘P.,
1687 5245 1808 5318 pag.
1838 5245 1962 5301 498.

569 5316 682 5386 (91)
723 5318 866 5384 Hist.
902 5317 1070 5372 liuér.
1109 5319 1174 5371 de
1205 5318 1257 5370 la
1285 5318 1512 5385 France,
1550 5316 1912 5386 tom.'l,'pag.
1943 5317 2068 5370 379.

570 5386 680 5456 (92)
721 5406 740 5439 ι
781 5386 1193 5458 Hippolytus....
1233 5390 1455 5458 scripsit
1504 5389 1795 5442 nonnullos
1841 5389 1893 5441 in
1924 5387 2073 5458 Scri-

498 5465 686 5524 pturas
733 5456 1176 5524 commentarios,
1217 5474 1247 5512 e
1273 5456 1471 5528 quibus
1510 5460 1612 5528 hos
1641 5459 1851 5526 reperi:
1887 5458 1940 5528 in
1975 5456 2074 5509 He-

498 5541 858 5580 xaemeron...
890 5529 944 5582 in
974 5527 1192 5590 Isaiam,
1232 5527 1425 5582 nam.
1453 5548 1471 5580 ι
1508 5527 1845 5592 Hieronym.,
1880 5527 1955 5580 De
1972 5528 2069 5581 vir.

497 5596 720 5680 igitur?
749 5611 872 5680 cap.
895 5598 983 5680 61.
1125 5599 1165 5651 Τ
1174 5600 1500 5680 beodoretus
1542 5600 1596 5652 iu
1627 5596 1828 5679 dialog.
1863 5597 2065 5680 1,.pag.

499 5667 599 5789 ‘56,.
625 5667 731 5722 ait:
751 5685 771 5718 ‹
799 5667 980 5723 Sancti
1016 5668 1290 5738 Hippolyti
1317 5681 1384 5724 ex
1413 5684 1667 5725 sermone
1696 5669 1753 5723 iu
1782 5667 2070 5724 exordium

525 5751 670 5789 satae.
703 5755 722 5788 ι

525 5751 670 5789 5312.
703 5755 722 5788 ι

567 5806 678 5876 (95)
717 5807 1116 5881 Catenaj’atr.
1161 5808 1508 5864 Corderiana‘.
1559 5809 1627 5866 ad
1679 5807 1842 5866 Lucze
1891 5807 2066 5876 11,15,

2178 4702 2300 4755 pag.
2328 4686 2418 4739 55.

2249 4757 2360 4820 (94)
2403 4756 2715 4826 Hieronym.
2752 4754 3104 4826 inCatalog..
3143 4771 3265 4824 cap.
3299 4755 3388 4808 61.

2249 4827 2361 4894 (95)
2402 4825 2477 4880 Le
2526 4825 2738 4898 Moyne,
2803 4825 2926 4880 Var.
2988 4844 3122 4890 sua,
3179 4844 3301 4896 pag.
3350 4825 3487 4879 1010
3515 4835 3570 4879 et
3608 4842 3756 4896 seq.,

2183 4899 2614 5033 l0[(19.6;|.Canis.,
2644 4963 2791 5022 Lcct.
2822 4966 3013 5036 antiq.,
3045 4975 3175 5020 tom.
3206 4966 3246 5032 1,
3286 4983 3408 5036 pag.
3444 4966 3494 5020 7.

2249 5037 2360 5104 (97)
2401 5036 2683 5107 Scaliger.,
2706 5038 2858 5101 ibid.,
2879 5053 3000 5106 pag.
3020 5037 3105 5100 M,
3133 5046 3186 5091 et
3205 5039 3345 5106 apud
3379 5036 3589 5090 Fabric.
3617 5045 3753 5090 tom.

2176 5107 2218 5173 l’
2247 5122 2372 5247 (8.3188).
2398 5106 2580 5248 figlgehed
2614 5173 2742 5230 Jesu
2789 5177 2841 5230 in
2869 5176 3414 5248 Calalogqlibrorum
3446 5176 3753 5248 Clmldazor.

2247 5245 2358 5315 (99)
2398 5245 2641 5317 Basuagc
2690 5249 2832 5316 apud
2885 5245 3082 5304 Cauisf
3117 5247 3263 5301 Lect.
3298 5249 3492 5316 antiq.,
3545 5256 3679 5300 tum.
3710 5245 3751 5309 l,

2176 5318 2851 5468 magiiiabricp'llippol.
2881 5386 3018 5460 Opp.
3054 5397 3186 5442 tom.
3222 5387 3262 5455 1,
3295 5403 3418 5458 pag.
3447 5387 3572 5440 280.

2249 5458 2304 5525 (2
2368 5458 2512 5510 Idem
2545 5458 2674 5510 ibid.
2969 5458 2982 5460 ί

2363 5525 2752 5609 Εἰγεξηϐνὶιὶε.
3007 5529 3179 5609 1⁵1³11.

2267 5536 2321 5596 5)
2364 5536 2752 5588 litvet.,(;ritic.
2793 5536 2850 5583 δ.
2877 5536 2971 5582 lth.
3007 5544 3069 5590 ll,
3096 5536 3179 5582 11.

2243 5536 2320 5738 Ξι)
2346 5597 2604 5700 ’Fab‘ric?
2635 5598 2818 5702 tom.)
2849 5598 2985 5668 Opp.
3021 5597 3314 5702 Hippplyt.,
3331 5613 3469 5719 ἕεις.
3495 5596 3622 5650 282.
3689 5665 3700 5675 .

2266 5667 2320 5736 5)
2362 5667 2488 5738 ῼδαι
2506 5670 2593 5738 εἰ,
2623 5669 2801 5732 πάσα..
2829 5667 2925 5732 τὰς
2951 5670 3193 5738 Γραφα,.
3225 5671 3300 5722 Ita
3373 5667 3570 5738 ealiger
3600 5667 3700 5738 legi

2266 5667 2320 5736 5)
2346 5667 2488 5740 ’ῼδαὶ
2506 5670 2595 5740 εἰς
2623 5669 2804 5732 πάσας
2829 5667 2925 5732 τὰς
2951 5667 3193 5740 Γραφᾶς.
3220 5667 3300 5722 lta
3330 5667 3570 5740 Scaliger
3600 5667 3747 5740 legit.

2176 5734 2445 5792 Edmund.
2501 5734 2810 5794 Bernardus
2858 5734 3440 5793 omittit'vocabulum
3482 5734 3753 5806 ‘Qbal,et

2174 5808 2303 5880 legit
2345 5809 2428 5879 εἰς
2468 5807 2685 5872 ἁπάσας
2734 5809 2832 5874 τὰς
2877 5809 3132 5879 Γραφάς,
3182 5810 3264 5864 vel
3311 5810 3388 5871 εἰς
3421 5804 3620 5873 Δαύιὴλ
3651 5804 3752 5858 καὶ
