4034 6380
283 326 392 387 $29

292 449 313 455 “
831 448 1230 506 ARTICULUS
1278 451 1343 505 11.

381 556 457 598 νε
493 556 636 598 aurs
670 557 1006 598 FRAGIENTIS
1052 560 1120 599 ΕΤ
1160 560 1414 602 OPERIBUS
1449 562 1765 603 DEPEHDITIS

879 629 927 669 8.
957 630 1261 669 HIPPOLYTI.
1338 659 1344 664 .

348 719 381 796 ᾗ
418 720 463 777 Ι.
502 720 629 778 Alia
658 724 763 779 duo
806 724 1060 796 opuscula
1087 724 1146 781 S.
1167 720 1443 796 Hippolyti
1484 726 1550 779 de
1580 726 1805 779 Pascha.

353 812 562 869 Prazter
582 813 801 885 Cyclum
831 816 1151 887 paschalem,
1178 816 1246 871 de
1274 832 1385 887 quo
1409 818 1570 886 paulo
1603 815 1855 886 superius

282 903 686 974 disseruimus,
717 906 984 964 Eusebius
1032 917 1088 963 et
1133 909 1190 963 S.
1217 907 1576 981 Hieronymus
1626 908 1703 979 (6)
1749 908 1854 964 alia

281 999 452 1054 etiam
500 1000 611 1055 duo
661 1000 922 1070 opuscula
973 1008 1162 1056 sancto
1203 998 1493 1071 Hippolyto
1551 1001 1618 1055 de
1668 1000 1855 1055 eadem

281 1092 519 1146 materia
552 1091 849 1146 ascribunt.
872 1090 1334 1156 Quemadmodum
1363 1091 1417 1145 hi
1446 1093 1738 1161 scriptores
1766 1091 1855 1145 illa

285 1183 362 1238 ab
394 1182 627 1238 invicem
671 1183 848 1252 palam
884 1182 1245 1253 distinguunt,
1280 1183 1356 1237 ita
1398 1192 1451 1238 et
1478 1198 1578 1238 nos
1605 1193 1727 1254 post
1752 1199 1850 1240 eos

280 1276 623 1346 distinguere
639 1276 917 1331 debemus.
935 1274 991 1330 In
1006 1277 1180 1345 primo
1195 1276 1385 1331 borum
1405 1290 1626 1346 cperum
1639 1286 1858 1332 sanctus

282 1361 615 1435 Hippolytus
636 1365 865 1420 adornat
887 1365 1314 1435 chronologiam,
1340 1381 1501 1435 quam
1529 1366 1594 1421 ad
1624 1367 1856 1436 primum

282 1471 463 1525 usque
498 1456 708 1526 imperii
734 1457 1022 1512 Alexandri
1053 1457 1235 1512 Severi
1274 1472 1474 1513 annum
1530 1457 1768 1522 deducit,
1805 1458 1857 1512 id

280 1556 368 1601 est
408 1562 580 1617 usque
615 1548 682 1603 ad
732 1556 935 1603 annum
979 1548 1083 1602 222
1129 1563 1249 1602 cerae
1287 1549 1631 1605 Christianae.
1694 1548 1855 1604 Juxta

282 1635 581 1692 Eusebium
616 1638 899 1693 constituit
932 1637 987 1691 in
1012 1653 1078 1692 eo
1102 1637 1410 1693 describere
1438 1638 1513 1708 (7)
1547 1648 1853 1709 temporum

280 1729 504 1795 seriem,
552 1729 739 1783 habito
784 1739 967 1784 tamen
1013 1745 1227 1800 semper
1273 1740 1518 1800 respectu
1557 1731 1623 1786 ad
1648 1730 1856 1788 Pascha

282 1836 387 1892 pro
452 1820 775 1876 inveniendo
843 1823 1103 1878 nimirum
1164 1823 1522 1878 determinato
1587 1834 1844 1893 tempore,

281 1927 396 1982 quo
439 1911 572 1966 illud
620 1913 1002 1969 celebrandum
1049 1924 1212 1970 esset.
1263 1915 1439 1985 Atque
1477 1928 1759 1986 prepterea
1791 1917 1846 1971 in

280 2005 478 2057 eodem
514 2019 676 2074 opere
709 2007 990 2075 proposuit
1018 2007 1227 2077 cyclum
1254 2006 1524 2062 sexdecim
1556 2021 1841 2063 annorum.

283 2093 413 2149 ﬂare
450 2094 590 2150 forte
618 2094 972 2168 Chronologia
1005 2098 1135 2153 illud
1179 2099 1439 2167 scriptum
1472 2108 1582 2165 est,
1614 2099 1759 2169 quod
1793 2100 1847 2154 in

283 2187 470 2241 tabula
521 2186 707 2242 Graeca
764 2188 850 2244 his
904 2189 1151 2244 terminis
1209 2199 1428 2245 notatur
1477 2208 1490 2244 :
1553 2191 1848 2258 Ἀπόδειξις

280 2277 493 2350 χρόνων
523 2276 615 2331 τοῦ
641 2278 853 2348 Πάσχα,
882 2277 1267 2334 Demonstratio
1299 2289 1583 2349 temporum
1608 2280 1842 2336 Pascluc.

356 2367 811 2439 Sapientissimus
844 2369 1220 2427 Tillemontius
1254 2372 1329 2444 (8)
1374 2374 1514 2428 hanc
1557 2372 1847 2428 Chronolo-

283 2459 428 2530 giam
453 2459 524 2513 ab
547 2458 656 2513 alio
688 2459 892 2530 scripto
920 2459 987 2515 de
1012 2462 1200 2517 eadem
1235 2463 1457 2517 materia
1489 2462 1847 2534 distinguens,

283 2553 371 2607 cui
401 2560 456 2607 et
487 2552 682 2608 indidit
715 2566 913 2607 nomen
927 2551 1195 2621 Chronici,
1229 2554 1405 2625 inquit
1456 2557 1599 2626 quod
1629 2564 1849 2612 sanctus

282 2639 617 2714 Hippolytus,
651 2642 895 2714 designet
941 2645 1044 2699 hoc
1086 2644 1139 2698 in
1185 2660 1346 2715 opere
1378 2644 1644 2702 Paschata
1694 2647 1849 2716 juxta

282 2734 505 2804 regulas
550 2734 688 2805 cycli
737 2735 861 2797 sui;
916 2736 1098 2790 subdit
1146 2751 1362 2806 quoque
1420 2738 1565 2807 quod
1628 2748 1849 2795 sanctus

280 2830 472 2878 noster
513 2824 758 2893 posuerit
785 2823 853 2879 ad
884 2827 1043 2879 linem
1083 2826 1319 2880 tabulam
1359 2826 1601 2893 dierum,
1651 2829 1850 2899 quibus

282 2914 540 2971 credebat
585 2914 940 2985 imposterum
990 2916 1256 2986 agendum
1305 2932 1427 2973 esse
1451 2916 1678 2985 Pascha,
1723 2933 1848 2988 pcr-

282 3005 513 3062 durante
564 3006 789 3062 deﬁnito
848 3021 1112 3063 annorum
1167 3023 1415 3062 numero.
1497 3005 1612 3064 Hoc
1670 3008 1849 3079 ipsum

282 3096 425 3154 forte
475 3097 536 3151 S.
581 3096 945 3172 Hieronymus
1002 3098 1080 3171 (9)
1137 3100 1489 3169 sequentibus
1563 3100 1851 3172 indigitare

281 3193 455 3247 voluit
491 3191 672 3247 verbis
707 3208 721 3244 :
770 3191 1048 3246 Rationem
1070 3191 1292 3249 Pascha:
1333 3202 1720 3263 temporumque
1752 3209 1846 3246 ca-
1873 3170 1920 3233 ο

280 3298 445 3338 nones
470 3284 683 3352 scripsit
713 3283 814 3355 (se.
846 3282 1223 3355 Hippolytus);
1257 3285 1362 3338 hoc
1389 3284 1570 3353 itaque
1594 3299 1730 3353 opus
1758 3285 1847 3339 in-

281 3386 501 3443 tegrum
546 3376 931 3433 verosimiliter
980 3375 1435 3445 complectebatur
1480 3388 1619 3445 opus
1648 3375 1715 3430 de
1740 3372 1846 3430 Pa-

280 3470 438 3525 scha.

352 3578 649 3650 Postquam
697 3578 961 3635 Eusebius
1006 3585 1060 3633 et
1104 3587 1326 3633 sanctus
1374 3575 1736 3648 Hieronymus
1781 3577 1848 3634 de

278 3671 471 3727 labore
522 3669 579 3727 S.
612 3669 882 3741 Hippolyti
929 3671 983 3723 in
1024 3669 1342 3723 adornando
1392 3670 1601 3723 calculo
1646 3680 1851 3740 tempo-

278 3778 404 3816 rum
438 3762 604 3817 relate
632 3762 697 3816 ad
724 3761 930 3816 Pascha
979 3760 1146 3815 locuti
1195 3758 1364 3825 fuere,
1410 3769 1573 3830 atque
1612 3762 1849 3831 plurium

277 3853 518 3907 aliorum
558 3867 783 3922 operum
834 3851 1009 3906 sancti
1057 3852 1229 3906 nostri
1292 3851 1476 3907 titulos
1528 3853 1848 3922 retulerunt,

275 3928 573 4000 observant
633 3943 811 3997 adhuc
855 3942 1002 3997 aliud
1052 3942 1296 4012 ejusdem
1339 3945 1602 4014 scriptum
1653 3945 1721 4001 de
1748 3944 1852 4001 Pa-

278 4040 448 4106 scha;
483 4052 554 4092 an
593 4051 723 4092 vero
767 4037 871 4090 hoc
917 4035 1058 4090 idem
1108 4037 1179 4091 sit
1226 4051 1350 4092 cum
1379 4036 1658 4104 Chronico,
1708 4039 1854 4109 quod

277 4129 665 4186 Tillemontius
715 4143 746 4182 a
777 4125 1130 4198 Chronologia
1175 4127 1496 4198 distinguit?
1549 4130 1631 4184 vel
1672 4131 1854 4200 potius

280 4229 551 4279 tractatus
610 4218 807 4290 aliquis
865 4220 1089 4275 moralis
1145 4219 1213 4274 de
1255 4219 1567 4276 Paschate‘.‘
1628 4222 1855 4278 historia

278 4314 418 4370 nihil
458 4312 617 4367 nobis
651 4310 920 4382 peculiare
943 4310 1010 4366 de
1041 4310 1145 4365 hoc
1184 4311 1651 4377 subministrante,
1675 4313 1854 4368 deter-

276 4405 483 4462 minari
510 4404 717 4475 nequit.
744 4400 858 4459 Hoc
881 4400 1227 4459 solummodo
1260 4400 1487 4465 scimus,
1517 4402 1662 4471 quod
1716 4418 1853 4459 con-

1261 332 1348 387 DE
1388 330 1547 387 VITA
1582 331 1669 386 ET
1705 329 2011 387 SCRIPTIS
2046 331 2104 387 S.
2145 330 2527 388 HIPPOLYTI.

3402 336 3506 393 530

1893 459 1941 515 Α
1968 451 2254 507 cilium-in
2290 451 2559 507 Laterano
2601 467 2746 507 anno
2796 451 2900 507 649
2948 451 3277 508 celebratum
3329 454 3525 519 allegat

1963 542 2249 611 quemdam
2286 542 2465 598 locum
2487 542 2727 598 homilia:
2756 542 2929 599 sancti
2959 541 3229 614 Hippolyti
3260 544 3314 599 in
3344 542 3529 616 mei-

1964 634 2141 688 nicum
2164 632 2386 689 Pascha}
2412 635 2544 703 (10).

2062 740 2091 810 ᾗ
2133 742 2193 797 ll.
2213 743 2288 796 De
2320 746 2717 806 resurrectione,
2753 742 3101 815 S.Hippolyti
3133 756 3416 803 tractatus.

2028 832 2263 890 Sanctus
2293 832 2656 906 Hieronymus
2690 836 2801 905 (11)
2860 840 3323 893 enumerationem
3384 842 3525 897 scri-

1958 934 2173 996 ptorum
2224 924 2282 981 S.
2309 926 2581 999 Hippolyti
2619 927 2927 994 instituens,
2975 928 3146 982 eidem
3181 931 3402 986 ascribit
3454 933 3525 986 li-

1956 1018 2116 1073 brum
2168 1018 2245 1074 De
2276 1028 2680 1074 resurrectione.
2751 1017 2865 1073 Hoc
2898 1021 3216 1088 opusculum
3256 1022 3309 1075 in
3341 1023 3525 1088 tabula

1956 1108 2143 1163 Grrcea
2199 1118 2445 1164 notatum
2511 1108 2780 1176 reperitur
2833 1108 2941 1163 hoc
2995 1109 3325 1191 sub__titulo,
3380 1114 3525 1171 unde

1958 1197 2177 1251 uberior
2210 1196 2398 1251 notitia
2429 1196 2634 1250 hauriri
2663 1203 2877 1265 potest:
2910 1196 3043 1268 Περὶ
3076 1198 3167 1250 ΘΓ
3198 1199 3289 1251 καὶ
3323 1200 3525 1269 σαρκὸς

1958 1288 2322 1353 ἀναστάσεως,
2357 1287 2435 1342 De
2460 1287 2567 1341 Deo
2601 1298 2648 1340 ct
2677 1288 2851 1341 carnis
2900 1272 3293 1344 resurrectione.
3330 1285 3521 1345 Fabri:

1958 1378 2077 1432 eius
2100 1376 2211 1448 (12)
2244 1385 2297 1432 et
2326 1376 2642 1432 Gallaudius
2676 1375 2915 1431 referunt
2957 1375 3318 1446 fragmentum
3348 1380 3521 1434 sancti

1957 1466 2234 1538 Hippolyti
2271 1467 2339 1522 de
2380 1466 2485 1521 hac
2542 1464 2790 1531 materia,
2835 1466 2981 1534 quod
3025 1482 3092 1520 ex
3122 1466 3406 1522 Anastasio
3438 1467 3524 1521 Si-

1957 1560 2104 1612 naita
2144 1559 2594 1627 desumpserunt,
2628 1557 2721 1628 qui
2768 1558 2898 1612 illud
2940 1558 3043 1612 sub
3070 1558 3173 1612 hoc
3204 1559 3357 1614 titulo
3389 1559 3521 1614 alle—

1957 1647 2104 1717 gavit
2147 1666 2159 1702 :
2194 1646 2270 1701 De
2289 1648 2663 1699 resurrectione
2687 1656 2735 1700 et
2758 1647 3141 1718 incorruptione
3184 1649 3316 1719 (15).
3366 1649 3524 1704 lluuc

1959 1748 2249 1795 tractatum
2273 1738 2349 1792 De
2372 1738 2480 1813 Deo
2508 1750 2555 1793 et
2589 1739 2762 1793 carnis
2796 1741 3169 1794 resurrectione
3197 1750 3384 1795 contra
3419 1740 3521 1795 Be-

1885 1804 1928 1861 B
1955 1832 2135 1887 rillum
2166 1841 2219 1887 et
2247 1808 2474 1901 Arabas.
2494 1831 2856 1901 compositum
2903 1832 3078 1901 primo
3115 1832 3416 1887 crediderat
3450 1834 3519 1889 cl.

1947 1922 1999 1978 le
2026 1919 2278 1993 Moyuius
2321 1896 2436 1994 (14)
2467 1960 2484 1987 ,
2532 1896 2936 1977 (ΞΩ-3611101111άῖ
2994 1921 3199 1976 incerta
3268 1922 3523 1979 inductus

1956 2015 2232 2085 npinione,
2269 2014 2409 2084 quod
2444 2024 2667 2071 sanctus
2698 2023 2885 2071 uoster
2907 2014 3197 2083 episcopus
3243 2014 3297 2067 in
3324 2015 3524 2069 Arabia

1954 2106 2325 2176 episcopatum
2354 2105 2599 2176 gesserit,
2628 2104 2808 2175 ibique
2832 2106 2921 2160 diu
2954 2105 3164 2159 vixerit.
3223 2104 3327 2158 Sed
3357 2107 3519 2173 paulo

1947 2197 2088 2252 infra
2130 2197 2242 2266 (15)
2293 2204 2498 2250 mutata
2530 2196 2816 2262 sententia,
2853 2197 3063 2251 censuit
3106 2212 3200 2264 per
3226 2206 3519 2250 tractatum

1947 2284 2214 2358 Hippolyti
2237 2286 2372 2356 Περὶ
2402 2283 2534 2337 Θεοῦ
2568 2284 2662 2339 καὶ
2692 2286 3037 2348 ἀναστάσεως
3068 2285 3289 2356 σαρκός,
3322 2287 3521 2339 intelli-

1948 2379 2179 2449 gendum
2225 2392 2347 2433 esse
2394 2376 2539 2432 illius
2592 2392 2729 2447 opus
2786 2376 2923 2447 πρὸς
2966 2376 3288 2447 Μαρκίωνα,
3339 2392 3523 2431 contra

1952 2466 2298 2522 Marcionem.
2377 2465 2618 2538 Scaliger
2679 2476 2902 2521 econtra
2953 2468 3209 2537 Opinatur
3263 2483 3361 2537 per
3419 2469 3522 2522 hoc

1951 2570 2093 2627 Opus
2137 2557 2407 2627 indigitari
2453 2558 2654 2612 librum
2690 2556 2767 2611 De
2809 2556 3014 2610 duabus
3059 2559 3263 2611 naturis
3299 2557 3521 2623 Christi,

1951 2662 2113 2718 quem
2159 2648 2229 2701 ah
2260 2645 2547 2718 Hippolyto
2593 2645 2961 2714 Conscriptum
3006 2643 3176 2699 fuisse
3208 2653 3398 2698 auctor
3432 2658 3517 2699 est

1953 2738 2329 2794 'l’heodoretus
2360 2737 2492 2808 (16).
2527 2735 2727 2791 Verum
2758 2736 2902 2791 haud
2956 2735 3088 2792 satis
3135 2739 3518 2805 perspicimus,

1949 2846 2185 2901 quanam
2253 2830 2576 2898 cognatione
2643 2827 2828 2898 opinio
2897 2826 3155 2899 Scaligeri
3228 2836 3282 2882 et
3330 2829 3520 2884 titulus

1949 2921 2116 2991 hujus
2140 2920 2344 2990 operis,
2367 2920 2434 2975 de
2464 2936 2573 2990 quo
2613 2918 2845 2989 agimus,
2897 2919 3303 2974 contineantur.
3334 2919 3520 2974 Potius

1953 3010 2263 3066 verosimile
2309 3010 2465 3065 nobis
2497 3009 2712 3064 videtur
2759 3009 2826 3064 cl.
2865 3010 3189 3080 Basnagium
3242 3010 3519 3066 laudatum

1951 3118 2088 3173 opus
2119 3119 2241 3158 cum
2270 3102 2377 3157 alio
2404 3103 2471 3157 de
2498 3102 2874 3157 incarnatione
2903 3102 3236 3173 confudisse.

2106 3229 2112 3235 ‘
2163 3216 2192 3288 ᾗ
2231 3216 2320 3273 lli.
2364 3217 2644 3272 Tractatus
2680 3227 3071 3275 contruromnes
3100 3216 3340 3271 hereses.

2016 3327 2308 3386 Teslantur
2362 3329 2632 3386 Eusebius
2667 3330 2777 3400 (17)
2805 3341 2971 3400 atque
3015 3328 3374 3401 Hieronymus
3406 3330 3518 3401 (18)
3556 3382 3561 3387 .

1945 3417 2228 3486 scripsisse
2273 3417 2330 3474 S.
2356 3417 2710 3489 Hippolytum
2770 3427 3063 3474 tractatqu
3110 3431 3295 3473 contra
3343 3437 3520 3473 omnes

1951 3508 2194 3575 luci-eses,
2233 3510 2339 3565 hoc
2380 3519 2463 3565 est
2500 3511 2618 3566 sine
2656 3510 2844 3573 dubio,
2875 3521 2934 3566 ut
2976 3512 3265 3566 observant
3290 3510 3522 3566 Mani-ini

1945 3601 2117 3655 nostri
2153 3600 2289 3671 (19),
2336 3611 2524 3657 contra
2576 3617 2765 3658 omnes
2813 3602 3048 3658 haereses
3103 3618 3225 3673 quae
3257 3618 3325 3657 ex
3381 3599 3524 3657 Orco

1946 3694 2269 3762 prodierunt
2321 3708 2352 3747 a
2397 3703 2638 3763 tempore
2687 3692 2959 3748 S.1ren:ci
3020 3709 3190 3763 usque
3245 3695 3313 3749 ad
3364 3709 3522 3763 suam
3568 3730 3571 3735 -

1949 3792 2183 3837 aetatem.
2217 3786 2262 3836 A
2290 3784 2474 3839 multis
2503 3784 2624 3838 aliis
2648 3785 2886 3854 antiquis
2919 3785 3235 3840 auctoribus
3260 3784 3373 3854 (20)
3410 3785 3517 3839 hoc

1949 3885 2086 3939 opus
2124 3871 2227 3926 sub
2266 3873 2485 3927 nomine
2540 3871 2596 3927 S.
2624 3871 2897 3944 Hippolyti
2949 3875 3174 3929 citatum
3224 3874 3518 3943 reperitur,

1949 3959 2238 4030 Photiique
2278 3968 2436 4015 aetate
2469 3960 2647 4017 adhuc
2682 3975 2900 4030 quoque
2943 3962 3212 4025 exstabat,
3251 3960 3343 4030 qui
3376 3959 3522 4014 istud

1952 4050 2147 4121 legisse
2174 4051 2528 4120 comperitur.
2562 4049 2637 4107 De
2678 4051 2772 4106 illo
2800 4051 2946 4106 enim
2983 4065 3083 4121 pro
3113 4065 3262 4105 more
3303 4065 3405 4104 suo
3427 4050 3521 4118 ju-

1954 4141 2154 4195 dicium
2200 4157 2357 4195 suum
2402 4141 2525 4195 tulit
2556 4141 2642 4195 his
2672 4142 2853 4196 verbis
2880 4140 2990 4211 (21)
3015 4157 3032 4193 :
3059 4140 3243 4195 Lectus
3276 4150 3352 4193 est
3386 4139 3524 4210 Hip-

1955 4233 2117 4302 polyti
2152 4232 2381 4297 libellus,
2421 4233 2513 4302 qui
2541 4230 2734 4285 Irenaei
2777 4230 3070 4301 discipulus
3116 4231 3238 4299 fuit.
3286 4230 3384 4285 Est
3427 4231 3524 4286 hoc

1958 4322 2197 4374 volumen
2230 4320 2475 4374 adversus
2513 4304 2732 4375 luereses
2769 4322 2900 4374 duas
2938 4330 2989 4374 et
3027 4321 3277 4391 triginta,
3323 4321 3522 4390 faciens

1961 4408 2177 4463 initium
2220 4424 2253 4462 α
2277 4407 2638 4476 Dositheanis,
2666 4418 2717 4463 et
2753 4411 2810 4463 in
2834 4408 3004 4464 Noeto
3039 4408 3101 4462 ac
3125 4408 3405 4465 Noetianis
3433 4411 3526 4466 dc-

278 4544 464 4606 πάσας
495 4540 862 4613 carpam.
895 4540 1133 4607 Thomas
1161 4539 1361 4595 Galeus
1390 4556 1522 4613 vero
1557 4540 1704 4612 ᾠδὰς
1749 4557 1836 4596 am

2031 4543 2111 4612 (8)
2146 4540 2461 4613 Iillemont,
2486 4539 2758 4607 Μέηιοὶν..
2799 4550 2930 4597 tom.
2958 4540 3048 4605 lll,
3080 4557 3203 4611 pag.
3233 4541 3356 4594 105.
3436 4568 3439 4569 ν

279 4613 557 4683 plectitur,
605 4611 962 4682 intelligitque
1010 4620 1066 4683 et
1105 4614 1222 4683 ipse
1261 4626 1383 4665 cum
1406 4611 1682 4683 Scaliger-0
1714 4613 1845 4665 edas

277 4680 335 4738 et
375 4682 623 4737 carmina
678 4682 733 4736 in
779 4680 967 4751 omnes
1021 4680 1078 4734 S.
1107 4681 1398 4750 Scriptum:
1445 4680 1635 4751 libros.
1666 4683 1845 4751 qualia

280 4754 457 4807 multa
488 4767 636 4807 nunc
666 4759 883 4821 exstant
908 4750 1103 4821 Graece
1138 4752 1408 4821 praecipue
1453 4751 1509 4805 in
1536 4750 1846 4821 Evangelia,

277 4832 335 4878 et
362 4820 656 4892 Epistolas,
689 4820 1032 4892 etPsaImos.
1083 4820 1434 4892 LeiMoyuius
1479 4830 1634 4892 putat
1675 4820 1851 4892 legen-

277 4890 423 4947 dum'
459 4907 582 4947 esse
614 4893 695 4961 ei;
730 4891 910 4954 πάσας
941 4890 1039 4954 τὰς
1067 4890 1336 4961 αἱρέσειζ,
1377 4910 1395 4943 ‹
1427 4890 1614 4947 contra
1657 4890 1850 4947 omnes

280 4962 538 5017 haereses.
576 4979 595 5013 ι
628 4960 755 5025 Sed,
782 4961 965 5030 judice
996 4960 1193 5025 Cayco,
1235 4962 1308 5015 ita
1341 4963 1551 5015 ratione
1586 4961 1852 5030 quidlibet

277 5046 347 5087 ex
376 5031 622 5104 quolibet
656 5031 804 5104 nullo
839 5031 1056 5104 negotio
1084 5032 1349 5099 essculpi,
1378 5039 1434 5086 et
1460 5031 1728 5104 quadrata
1755 5047 1848 5087 ro-

279 5099 468 5171 tundis
496 5101 791 5171 permutari
832 5099 1344 5171 facillime‘queunt.
1440 5099 1482 5171 y:

352 5170 430 5241 (6)
451 5169 713 5243 _¢'Eod_em
744 5180 984 5243 tempore
1017 5179 1071 5225 et
1100 5169 1418 5243 Hippolytus
1447 5169 1588 5243 inter
1616 5174 1848 5243 plurima

278 5242 391 5296 alia
448 5241 652 5306 ingenii
704 5240 809 5296 sui.
838 5250 1233 5304 monumenta,
1285 5242 1483 5295 librum
1533 5240 1852 5298 De'Pasclta

279 5311 615 5380 composuit,
649 5310 704 5364 in
736 5325 847 5380 quo
879 5319 1184 5380 temporum
1224 5314 1422 5365 seriem
1452 5311 1765 5370 describens
1797 5324 1852 5370 et

281 5396 549 5438 sationem
581 5382 872 5449 quemdam
906 5380 1214 5451 paschalem
1250 5382 1646 5450 per-sexdecim
1673 5398 1850 5438 anno-

283 5467 405 5522 rum
451 5452 720 5522 circulum
766 5451 1054 5522 exhibens,
1101 5465 1248 5505 anno
1294 5451 1472 5520 primo
1507 5453 1852 5522 imperatoris

283 5519 578 5590 Alexandri
627 5520 1088 5589 computationem
1139 5519 1444 5590 temperum
1498 5519 1850 5578 circumscri-

284 5589 405 5661 bitt
436 5590 519 5646 Ex
545 5590 771 5661 reliquis
801 5598 996 5661 autern
1019 5590 1165 5661 ilﬁus
1207 5589 1427 5661 seriptis
1460 5592 1575 5647 haic
1604 5600 1849 5661 sunt.....

286 5660 354 5716 de
381 5659 615 5731 Pascha.
652 5657 681 5712 ί
711 5659 910 5731 Euseb.
947 5657 1019 5715 Η.
1051 5658 1135 5731 Ε.
1155 5660 1249 5731 lib.
1276 5657 1359 5731 vi,
1387 5675 1505 5731 cap.
1532 5661 1623 5728 22;
1658 5658 1852 5720 Hiero-

288 5746 507 5801 nymus,
541 5730 621 5784 De
649 5730 837 5797 script.
887 5730 1095 5797 eccles.,
1125 5730 1180 5783 in
1207 5728 1472 5802 ϐαπτίσας
1507 5747 1625 5803 cap.
1656 5731 1746 5789 61.

358 5800 437 5862 l7)
472 5800 679 5857 Euseb.
716 5798 754 5853 1.
785 5813 835 5853 c.
1634 5840 1637 5845 .

382 5804 437 5859 7l
472 5804 679 5857 Euseb.
717 5804 754 5853 ι.
785 5813 835 5853 c.
1634 5840 1637 5845 .

604 5895 876 5955 ΡΑτειοι..
926 5891 1041 5953 Gn.
1089 5890 1170 5953 Χ.

2025 4613 2105 4684 (9)
2145 4611 2487 4684 Hieronyni.,
2528 4613 2566 4666 1.
2599 4627 2650 4684 e_._

2028 4679 2141 4823 (10)
2179 4679 2420 4761 Fabrie.,
2451 4681 2590 4764 Opp.
2620 4679 2892 4753 Hippolyt.
2928 4690 3064 4736 tom.
3095 4680 3137 4744 l,
3168 4696 3292 4749 pag.
3319 4681 3418 4735 281

2028 4753 2105 4823 (11
2179 4752 2495 4823 Hieronym.
2531 4768 2587 4806 In
2620 4751 2890 4823 Catalﬁog”
2931 4766 3053 4823 cap.
3083 4751 3172 4806 61.
3250 4822 3257 4823 γ

2179 4752 2495 4823 llieronym.
2531 4751 2587 4806 i-n
2620 4751 2890 4874 Catalop”
2931 4766 3050 4821 cap.
3083 4751 3172 4806 61.

2179 4820 2415 4887 Fabrie.,
2452 4822 2489 4878 l.
2518 4836 2593 4887 c.,
2626 4822 2798 4887 Μελ
2835 4821 2902 4887 ι1;
2940 4818 3167 4877 Galland

2049 4753 2136 4823 11)
2179 4753 2495 4823 llieronym.
2531 4753 2587 4806 i-n
2620 4753 2890 4874 Catalop”
2931 4766 3050 4821 cap.
3083 4753 3172 4806 61.

1947 4754 2135 4949 49ἒ2)
2175 4820 2415 4890 Fabrie.,
2452 4822 2489 4878 l.
2518 4836 2593 4889 c.,
2626 4822 2798 4892 pag.2
2835 4821 2902 4887 4;
2940 4818 3214 4884 Galland.,
3246 4822 3283 4875 Ι.
3312 4834 3366 4876 c.
3398 4838 3521 4895 pag.

2039 4962 2154 5032 (15)
2176 4962 2442 5032 riAnastas.
2476 4959 2704 5032 Sinaita,
2747 4960 2802 5015 in
2828 4958 3082 5032 Hodego,
3101 4975 3223 5031 pag.
3257 4963 3380 5018 55o.

2021 5028 2141 5100 (14)
2174 5031 2248 5086 Le
2280 5031 2494 5102 Moyne,
2523 5028 2645 5084 Var.
2676 5047 2853 5096 sacra,
2882 5028 3014 5087 toni.
3042 5028 3119 5098 ll,‘
3141 5028 3261 5102 pag.
3293 5031 3449 5086 1112.

2046 5103 2134 5170 15)
2173 5102 2323 5156 idem
2353 5101 2508 5164 ibid.,
2541 5117 2663 5170 pag.
2697 5102 2859 5156 1115.

2049 5166 2132 5241 16)
2174 5171 2421 5241 Scaliger
2454 5166 2597 5241 apud
2616 5166 2842 5225 Fabric.
2877 5166 3082 5241 tom._lﬁ,
3109 5184 3231 5239 pag.
3261 5169 3352 5223 88‘.

2023 5239 2137 5311 (17⁷)
2177 5239 2412 5311 Euseb.,
2446 5239 2519 5295 Η.
2551 5239 2749 5311 Εηηυ.
2772 5255 2828 5311 v,
2861 5255 2980 5308 cap.
3008 5239 3098 5311 22.

2022 5308 2135 5381 (18)
2172 5310 2484 5382 Hieronym.
2531 5310 2586 5364 in
2620 5310 3037 5382 Catalog.,cap.
3063 5308 3153 5362 61.

2021 5377 2136 5450 (19)
2178 5377 2416 5438 Histoire
2439 5380 2700 5434 littéraire
2724 5380 2789 5433 de
2815 5380 2870 5432 la
2892 5377 3117 5440 France,
3155 5385 3289 5434 tom.
3317 5377 3359 5441 1,
3393 5393 3518 5447 pag.

2006 5520 2137 5594 περ)
2163 5521 2598 5594 Habesne-113m)
2618 5518 3159 5594 cxiypqypgpppcllat
3185 5518 3525 5594 Nicephorus

1955 5585 2039 5648 ΗΪ
2066 5585 2132 5646 ΕΖ
2174 5593 2270 5647 lib.
2288 5585 2379 5660 ἰν,
2430 5605 2480 5648 c.
2515 5590 2607 5645 51.
2638 5588 2789 5660 χω.
2839 5585 3127 5660 Tillemont
3153 5630 3168 5654 ,
3223 5585 3523 5660 Menzoires,

1951 5672 2087 5732 tom.
2118 5661 2204 5726 ΠΙ,
2236 5655 2512 5732 ρεςζωῖ,
2548 5669 2603 5715 et
2629 5657 2846 5714 Fabric.
2877 5655 3096 5731 Hippol.
3154 5671 3288 5714 tom.
3316 5658 3365 5732 i,
3396 5671 3520 5732 pag.

1858 5790 1861 5791 ν
1952 5731 2058 5786 225
2089 5740 2145 5786 et
2168 5731 2295 5785 225.

2025 5800 2140 5858 (21)
2179 5799 2366 5869 Pbot.,
2398 5798 2519 5855 cod.
2559 5812 2684 5853 cxxr
2710 5793 2964 5854 Bibliotia.

3138 5893 3208 5949 11
