  <div class='ocr_page' id='page_1' title='image "/cluster/home/n/w/nwhite01/storage/ocr_20150623/10/coo.31924054872894/177.png"; bbox 0 0 4034 6410; ppageno 0'>
   <div class='ocr_carea' id='block_1_1' title="bbox 440 301 535 356">
    <p class='ocr_par' dir='ltr' id='par_1_1' title="bbox 440 301 535 356">
     <span class='ocr_line' id='line_1_1' title="bbox 440 301 535 356; baseline 0.011 -1"><span class='ocrx_word' id='word_1_1' title='bbox 440 301 535 356; x_wconf 74' lang='lat'><strong><em>53!</em></strong></span> 
     </span>
    </p>
   </div>
   <div class='ocr_carea' id='block_1_2' title="bbox 1413 302 2696 362">
    <p class='ocr_par' dir='ltr' id='par_1_2' title="bbox 1413 302 2696 362">
     <span class='ocr_line' id='line_1_2' title="bbox 1413 302 2696 362; baseline 0.002 -5"><span class='ocrx_word' id='word_1_2' title='bbox 1413 302 1501 357; x_wconf 86' lang='lat' dir='ltr'><strong><em>DE</em></strong></span> <span class='ocrx_word' id='word_1_3' title='bbox 1538 303 1697 359; x_wconf 74' lang='lat' dir='ltr'><strong><em>VITA</em></strong></span> <span class='ocrx_word' id='word_1_4' title='bbox 1731 304 1823 360; x_wconf 82' lang='lat' dir='ltr'><strong><em>ET</em></strong></span> <span class='ocrx_word' id='word_1_5' title='bbox 1862 302 2174 361; x_wconf 80' lang='lat' dir='ltr'><strong><em>SCRIPTIS</em></strong></span> <span class='ocrx_word' id='word_1_6' title='bbox 2217 304 2275 360; x_wconf 88' lang='lat' dir='ltr'><strong><em>S.</em></strong></span> <span class='ocrx_word' id='word_1_7' title='bbox 2314 303 2696 362; x_wconf 76' lang='lat' dir='ltr'><strong><em>HIPPOLYTI.</em></strong></span> 
     </span>
    </p>
   </div>
   <div class='ocr_carea' id='block_1_3' title="bbox 3562 304 3674 362">
    <p class='ocr_par' dir='ltr' id='par_1_3' title="bbox 3562 304 3674 362">
     <span class='ocr_line' id='line_1_3' title="bbox 3562 304 3674 362; baseline -0.009 0"><span class='ocrx_word' id='word_1_8' title='bbox 3562 304 3674 362; x_wconf 74' lang='lat'><strong><em>352</em></strong></span> 
     </span>
    </p>
   </div>
   <div class='ocr_carea' id='block_1_4' title="bbox 440 416 3675 489">
    <p class='ocr_par' dir='ltr' id='par_1_4' title="bbox 440 416 3675 489">
     <span class='ocr_line' id='line_1_4' title="bbox 440 416 3675 489; baseline -0.001 -13"><span class='ocrx_word' id='word_1_9' title='bbox 440 424 636 476; x_wconf 65' lang='lat' dir='ltr'><strong><em>sineris.</em></strong></span> <span class='ocrx_word' id='word_1_10' title='bbox 704 418 909 473; x_wconf 80' lang='lat' dir='ltr'><strong><em>Harum</em></strong></span> <span class='ocrx_word' id='word_1_11' title='bbox 953 418 1029 472; x_wconf 99' lang='lat' dir='ltr'><strong><em>ait</em></strong></span> <span class='ocrx_word' id='word_1_12' title='bbox 1069 418 1476 488; x_wconf 81' lang='lat' dir='ltr'><strong><em>confutationem</em></strong></span> <span class='ocrx_word' id='word_1_13' title='bbox 1520 435 1574 473; x_wconf 83' lang='lat' dir='ltr'><strong><em>se</em></strong></span> <span class='ocrx_word' id='word_1_14' title='bbox 1614 420 1898 489; x_wconf 76' lang='lat' dir='ltr'><strong><em>suscepisse</em></strong></span> <span class='ocrx_word' id='word_1_15' title='bbox 1943 435 2007 472; x_wconf 75' lang='lat' dir='ltr'><strong><em>ex</em></strong></span> <span class='ocrx_word' id='word_1_16' title='bbox 2034 424 2081 479; x_wconf 76' lang='grc' dir='ltr'><strong>Α</strong></span> <span class='ocrx_word' id='word_1_17' title='bbox 2108 417 2341 484; x_wconf 90' lang='lat' dir='ltr'><strong><em>scilicet,</em></strong></span> <span class='ocrx_word' id='word_1_18' title='bbox 2378 419 2447 474; x_wconf 89' lang='lat' dir='ltr'><strong><em>de</em></strong></span> <span class='ocrx_word' id='word_1_19' title='bbox 2479 435 2589 489; x_wconf 89' lang='lat' dir='ltr'><strong><em>quo</em></strong></span> <span class='ocrx_word' id='word_1_20' title='bbox 2620 420 2858 474; x_wconf 69' lang='lat' dir='ltr'><strong><em>Irenaeus</em></strong></span> <span class='ocrx_word' id='word_1_21' title='bbox 2894 417 2931 473; x_wconf 92' lang='lat' dir='ltr'><strong><em>l.</em></strong></span> <span class='ocrx_word' id='word_1_22' title='bbox 2961 431 3001 482; x_wconf 82' lang='lat' dir='ltr'><strong><em>t,</em></strong></span> <span class='ocrx_word' id='word_1_23' title='bbox 3032 432 3153 489; x_wconf 86' lang='lat' dir='ltr'><strong><em>cap.</em></strong></span> <span class='ocrx_word' id='word_1_24' title='bbox 3179 416 3271 473; x_wconf 72' lang='lat'><strong><em>35.</em></strong></span> <span class='ocrx_word' id='word_1_25' title='bbox 3299 416 3675 475; x_wconf 79' lang='lat' dir='ltr'><strong><em>Necessarium</em></strong></span> 
     </span>
    </p>
   </div>
   <div class='ocr_carea' id='block_1_5' title="bbox 443 510 2009 579">
    <p class='ocr_par' dir='ltr' id='par_1_5' title="bbox 443 510 2009 579">
     <span class='ocr_line' id='line_1_5' title="bbox 443 510 2009 579; baseline 0.001 -14"><span class='ocrx_word' id='word_1_26' title='bbox 443 511 771 567; x_wconf 72' lang='lat' dir='ltr'><strong><em>sermonibus</em></strong></span> <span class='ocrx_word' id='word_1_27' title='bbox 801 510 1013 575; x_wconf 68' lang='lat' dir='ltr'><strong><em>Irenaei,</em></strong></span> <span class='ocrx_word' id='word_1_28' title='bbox 1039 525 1260 579; x_wconf 84' lang='lat' dir='ltr'><strong><em>quorum</em></strong></span> <span class='ocrx_word' id='word_1_29' title='bbox 1294 510 1653 577; x_wconf 78' lang='lat' dir='ltr'><strong><em>compendium</em></strong></span> <span class='ocrx_word' id='word_1_30' title='bbox 1679 510 1774 564; x_wconf 81' lang='lat' dir='ltr'><strong><em>hoc</em></strong></span> <span class='ocrx_word' id='word_1_31' title='bbox 1797 527 1852 564; x_wconf 90' lang='lat' dir='ltr'><strong><em>se</em></strong></span> <span class='ocrx_word' id='word_1_32' title='bbox 1876 511 2009 568; x_wconf 88' lang='lat' dir='ltr'><strong><em>libro</em></strong></span> 
     </span>
    </p>
   </div>
   <div class='ocr_carea' id='block_1_6' title="bbox 442 598 2011 670">
    <p class='ocr_par' dir='ltr' id='par_1_6' title="bbox 442 598 2011 670">
     <span class='ocr_line' id='line_1_6' title="bbox 442 598 2011 670; baseline 0.001 -14"><span class='ocrx_word' id='word_1_33' title='bbox 442 601 772 670; x_wconf 66' lang='lat' dir='ltr'><strong><em>complexum</em></strong></span> <span class='ocrx_word' id='word_1_34' title='bbox 801 600 986 669; x_wconf 82' lang='lat' dir='ltr'><strong><em>refert.</em></strong></span> <span class='ocrx_word' id='word_1_35' title='bbox 1026 598 1198 651; x_wconf 87' lang='lat' dir='ltr'><strong><em>Dictio</em></strong></span> <span class='ocrx_word' id='word_1_36' title='bbox 1232 601 1506 668; x_wconf 84' lang='lat' dir='ltr'><strong><em>perspicua</em></strong></span> <span class='ocrx_word' id='word_1_37' title='bbox 1540 610 1590 654; x_wconf 90' lang='lat' dir='ltr'><strong><em>et</em></strong></span> <span class='ocrx_word' id='word_1_38' title='bbox 1612 602 1887 666; x_wconf 77' lang='lat' dir='ltr'><strong><em>concinna,</em></strong></span> <span class='ocrx_word' id='word_1_39' title='bbox 1920 619 2011 658; x_wconf 90' lang='lat' dir='ltr'><strong><em>nec</em></strong></span> 
     </span>
    </p>
   </div>
   <div class='ocr_carea' id='block_1_7' title="bbox 445 690 2003 754">
    <p class='ocr_par' dir='ltr' id='par_1_7' title="bbox 445 690 2003 754">
     <span class='ocr_line' id='line_1_7' title="bbox 445 690 2003 754; baseline 0.001 -8"><span class='ocrx_word' id='word_1_40' title='bbox 445 692 753 754; x_wconf 87' lang='lat' dir='ltr'><strong><em>abundans,</em></strong></span> <span class='ocrx_word' id='word_1_41' title='bbox 795 692 914 745; x_wconf 85' lang='lat' dir='ltr'><strong><em>licet</em></strong></span> <span class='ocrx_word' id='word_1_42' title='bbox 956 691 1207 743; x_wconf 82' lang='lat' dir='ltr'><strong><em>atticismi</em></strong></span> <span class='ocrx_word' id='word_1_43' title='bbox 1244 690 1475 744; x_wconf 76' lang='lat' dir='ltr'><strong><em>rationes</em></strong></span> <span class='ocrx_word' id='word_1_44' title='bbox 1516 707 1619 745; x_wconf 89' lang='lat' dir='ltr'><strong><em>non</em></strong></span> <span class='ocrx_word' id='word_1_45' title='bbox 1662 690 1792 746; x_wconf 79' lang='lat' dir='ltr'><strong><em>adeo</em></strong></span> <span class='ocrx_word' id='word_1_46' title='bbox 1832 704 2003 747; x_wconf 81' lang='lat' dir='ltr'><strong><em>curat.</em></strong></span> 
     </span>
    </p>
   </div>
   <div class='ocr_carea' id='block_1_8' title="bbox 445 782 2011 853">
    <p class='ocr_par' dir='ltr' id='par_1_8' title="bbox 445 782 2011 853">
     <span class='ocr_line' id='line_1_8' title="bbox 445 782 2011 853; baseline -0.001 -15"><span class='ocrx_word' id='word_1_47' title='bbox 445 783 619 839; x_wconf 83' lang='lat' dir='ltr'><strong><em>Habet</em></strong></span> <span class='ocrx_word' id='word_1_48' title='bbox 655 793 703 837; x_wconf 92' lang='lat' dir='ltr'><strong><em>et</em></strong></span> <span class='ocrx_word' id='word_1_49' title='bbox 741 792 851 836; x_wconf 86' lang='lat' dir='ltr'><strong><em>tum</em></strong></span> <span class='ocrx_word' id='word_1_50' title='bbox 883 782 991 835; x_wconf 80' lang='lat' dir='ltr'><strong><em>alia</em></strong></span> <span class='ocrx_word' id='word_1_51' title='bbox 1024 782 1195 835; x_wconf 86' lang='lat' dir='ltr'><strong><em>minus</em></strong></span> <span class='ocrx_word' id='word_1_52' title='bbox 1237 794 1511 846; x_wconf 85' lang='lat' dir='ltr'><strong><em>accurata,</em></strong></span> <span class='ocrx_word' id='word_1_53' title='bbox 1549 792 1663 836; x_wconf 88' lang='lat' dir='ltr'><strong><em>tum</em></strong></span> <span class='ocrx_word' id='word_1_54' title='bbox 1701 783 1840 853; x_wconf 80' lang='lat' dir='ltr'><strong><em>quod</em></strong></span> <span class='ocrx_word' id='word_1_55' title='bbox 1864 782 2011 838; x_wconf 82' lang='lat' dir='ltr'><strong><em>Pau-</em></strong></span> 
     </span>
    </p>
   </div>
   <div class='ocr_carea' id='block_1_9' title="bbox 446 873 2007 946">
    <p class='ocr_par' dir='ltr' id='par_1_9' title="bbox 446 873 2007 946">
     <span class='ocr_line' id='line_1_9' title="bbox 446 873 2007 946; baseline 0 -16"><span class='ocrx_word' id='word_1_56' title='bbox 446 876 558 930; x_wconf 84' lang='lat' dir='ltr'><strong><em>lum</em></strong></span> <span class='ocrx_word' id='word_1_57' title='bbox 606 874 856 946; x_wconf 78' lang='lat' dir='ltr'><strong><em>Epistola:</em></strong></span> <span class='ocrx_word' id='word_1_58' title='bbox 914 874 982 927; x_wconf 86' lang='lat' dir='ltr'><strong><em>ad</em></strong></span> <span class='ocrx_word' id='word_1_59' title='bbox 1030 873 1279 928; x_wconf 80' lang='lat' dir='ltr'><strong><em>Ilebrteos</em></strong></span> <span class='ocrx_word' id='word_1_60' title='bbox 1343 883 1609 928; x_wconf 87' lang='lat' dir='ltr'><strong><em>auctorem</em></strong></span> <span class='ocrx_word' id='word_1_61' title='bbox 1662 890 1772 928; x_wconf 87' lang='lat' dir='ltr'><strong><em>esse</em></strong></span> <span class='ocrx_word' id='word_1_62' title='bbox 1832 886 2007 946; x_wconf 86' lang='lat' dir='ltr'><strong><em>negat.</em></strong></span> 
     </span>
    </p>
   </div>
   <div class='ocr_carea' id='block_1_10' title="bbox 446 962 2011 1035">
    <p class='ocr_par' dir='ltr' id='par_1_10' title="bbox 446 962 2011 1035">
     <span class='ocr_line' id='line_1_10' title="bbox 446 962 2011 1035; baseline 0 -17"><span class='ocrx_word' id='word_1_63' title='bbox 446 964 639 1020; x_wconf 83' lang='lat' dir='ltr'><strong><em>Nullus</em></strong></span> <span class='ocrx_word' id='word_1_64' title='bbox 671 979 885 1035; x_wconf 88' lang='lat' dir='ltr'><strong><em>quoque</em></strong></span> <span class='ocrx_word' id='word_1_65' title='bbox 917 964 1224 1034; x_wconf 81' lang='lat' dir='ltr'><strong><em>ambigendi</em></strong></span> <span class='ocrx_word' id='word_1_66' title='bbox 1273 963 1426 1019; x_wconf 91' lang='lat' dir='ltr'><strong><em>locus</em></strong></span> <span class='ocrx_word' id='word_1_67' title='bbox 1454 973 1558 1030; x_wconf 89' lang='lat' dir='ltr'><strong><em>est,</em></strong></span> <span class='ocrx_word' id='word_1_68' title='bbox 1597 965 1728 1033; x_wconf 88' lang='lat' dir='ltr'><strong><em>quin</em></strong></span> <span class='ocrx_word' id='word_1_69' title='bbox 1756 962 2011 1018; x_wconf 80' lang='lat' dir='ltr'><strong><em>Memoria</em></strong></span> 
     </span>
    </p>
   </div>
   <div class='ocr_carea' id='block_1_11' title="bbox 443 1054 2009 1126">
    <p class='ocr_par' dir='ltr' id='par_1_11' title="bbox 443 1054 2009 1126">
     <span class='ocr_line' id='line_1_11' title="bbox 443 1054 2009 1126; baseline 0.001 -15"><span class='ocrx_word' id='word_1_70' title='bbox 443 1057 699 1111; x_wconf 80' lang='lat' dir='ltr'><strong><em>Ita’resunt</em></strong></span> <span class='ocrx_word' id='word_1_71' title='bbox 729 1054 785 1109; x_wconf 92' lang='lat' dir='ltr'><strong><em>S.</em></strong></span> <span class='ocrx_word' id='word_1_72' title='bbox 806 1054 1093 1126; x_wconf 77' lang='lat' dir='ltr'><strong><em>Hippolyti.</em></strong></span> <span class='ocrx_word' id='word_1_73' title='bbox 1118 1071 1184 1110; x_wconf 80' lang='lat' dir='ltr'><strong><em>ex</em></strong></span> <span class='ocrx_word' id='word_1_74' title='bbox 1205 1071 1311 1126; x_wconf 91' lang='lat' dir='ltr'><strong><em>qua</em></strong></span> <span class='ocrx_word' id='word_1_75' title='bbox 1333 1055 1584 1111; x_wconf 88' lang='lat' dir='ltr'><strong><em>Gelasius</em></strong></span> <span class='ocrx_word' id='word_1_76' title='bbox 1608 1072 1743 1126; x_wconf 87' lang='lat' dir='ltr'><strong><em>papa</em></strong></span> <span class='ocrx_word' id='word_1_77' title='bbox 1761 1057 1867 1110; x_wconf 90' lang='lat' dir='ltr'><strong><em>duo</em></strong></span> <span class='ocrx_word' id='word_1_78' title='bbox 1891 1057 2009 1113; x_wconf 85' lang='lat' dir='ltr'><strong><em>loca</em></strong></span> 
     </span>
    </p>
   </div>
   <div class='ocr_carea' id='block_1_12' title="bbox 444 1146 2007 1219">
    <p class='ocr_par' dir='ltr' id='par_1_12' title="bbox 444 1146 2007 1219">
     <span class='ocr_line' id='line_1_12' title="bbox 444 1146 2007 1219; baseline 0.001 -16"><span class='ocrx_word' id='word_1_79' title='bbox 444 1164 540 1203; x_wconf 86' lang='lat' dir='ltr'><strong><em>seu</em></strong></span> <span class='ocrx_word' id='word_1_80' title='bbox 570 1146 872 1218; x_wconf 81' lang='lat' dir='ltr'><strong><em>fragmenta</em></strong></span> <span class='ocrx_word' id='word_1_81' title='bbox 901 1147 1013 1218; x_wconf 83' lang='lat'><strong><em>(22)</em></strong></span> <span class='ocrx_word' id='word_1_82' title='bbox 1042 1148 1227 1209; x_wconf 80' lang='lat' dir='ltr'><strong><em>refert,</em></strong></span> <span class='ocrx_word' id='word_1_83' title='bbox 1257 1149 1397 1202; x_wconf 89' lang='lat' dir='ltr'><strong><em>idem</em></strong></span> <span class='ocrx_word' id='word_1_84' title='bbox 1427 1149 1497 1203; x_wconf 92' lang='lat' dir='ltr'><strong><em>sit</em></strong></span> <span class='ocrx_word' id='word_1_85' title='bbox 1524 1150 1845 1219; x_wconf 86' lang='lat' dir='ltr'><strong><em>opusculum</em></strong></span> <span class='ocrx_word' id='word_1_86' title='bbox 1884 1164 2007 1204; x_wconf 91' lang='lat' dir='ltr'><strong><em>cum</em></strong></span> 
     </span>
    </p>
   </div>
   <div class='ocr_carea' id='block_1_13' title="bbox 444 1239 2010 1295">
    <p class='ocr_par' dir='ltr' id='par_1_13' title="bbox 444 1239 2010 1295">
     <span class='ocr_line' id='line_1_13' title="bbox 444 1239 2010 1295; baseline 0 -1"><span class='ocrx_word' id='word_1_87' title='bbox 444 1248 676 1294; x_wconf 85' lang='lat' dir='ltr'><strong><em>tractatu</em></strong></span> <span class='ocrx_word' id='word_1_88' title='bbox 728 1248 914 1293; x_wconf 85' lang='lat' dir='ltr'><strong><em>contra</em></strong></span> <span class='ocrx_word' id='word_1_89' title='bbox 966 1256 1142 1293; x_wconf 85' lang='lat' dir='ltr'><strong><em>omnes</em></strong></span> <span class='ocrx_word' id='word_1_90' title='bbox 1184 1240 1422 1294; x_wconf 65' lang='lat' dir='ltr'><strong><em>ha’reses.</em></strong></span> <span class='ocrx_word' id='word_1_91' title='bbox 1478 1239 1746 1294; x_wconf 69' lang='lat' dir='ltr'><strong><em>Caeterum</em></strong></span> <span class='ocrx_word' id='word_1_92' title='bbox 1796 1239 1862 1294; x_wconf 87' lang='lat' dir='ltr'><strong><em>de</em></strong></span> <span class='ocrx_word' id='word_1_93' title='bbox 1908 1241 2010 1295; x_wconf 88' lang='lat' dir='ltr'><strong><em>hoc</em></strong></span> 
     </span>
    </p>
   </div>
   <div class='ocr_carea' id='block_1_14' title="bbox 443 1330 2009 1401">
    <p class='ocr_par' dir='ltr' id='par_1_14' title="bbox 443 1330 2009 1401">
     <span class='ocr_line' id='line_1_14' title="bbox 443 1330 2009 1401; baseline 0.002 -16"><span class='ocrx_word' id='word_1_94' title='bbox 443 1339 675 1385; x_wconf 90' lang='lat' dir='ltr'><strong><em>tractatu</em></strong></span> <span class='ocrx_word' id='word_1_95' title='bbox 711 1331 873 1385; x_wconf 81' lang='lat' dir='ltr'><strong><em>hodie</em></strong></span> <span class='ocrx_word' id='word_1_96' title='bbox 905 1330 1038 1385; x_wconf 84' lang='lat' dir='ltr'><strong><em>nihil</em></strong></span> <span class='ocrx_word' id='word_1_97' title='bbox 1075 1331 1307 1400; x_wconf 84' lang='lat' dir='ltr'><strong><em>amplius</em></strong></span> <span class='ocrx_word' id='word_1_98' title='bbox 1341 1338 1517 1385; x_wconf 78' lang='lat' dir='ltr'><strong><em>exstat</em></strong></span> <span class='ocrx_word' id='word_1_99' title='bbox 1541 1341 1731 1401; x_wconf 67' lang='lat' dir='ltr'><strong><em>praeter</em></strong></span> <span class='ocrx_word' id='word_1_100' title='bbox 1758 1331 1865 1386; x_wconf 92' lang='lat' dir='ltr'><strong><em>duo</em></strong></span> <span class='ocrx_word' id='word_1_101' title='bbox 1895 1332 2009 1388; x_wconf 65' lang='lat' dir='ltr'><strong><em>haec</em></strong></span> 
     </span>
    </p>
   </div>
   <div class='ocr_carea' id='block_1_15' title="bbox 442 1420 2010 1494">
    <p class='ocr_par' dir='ltr' id='par_1_15' title="bbox 442 1420 2010 1494">
     <span class='ocr_line' id='line_1_15' title="bbox 442 1420 2010 1494; baseline 0.001 -18"><span class='ocrx_word' id='word_1_102' title='bbox 442 1421 764 1494; x_wconf 83' lang='lat' dir='ltr'><strong><em>fragmenta.</em></strong></span> <span class='ocrx_word' id='word_1_103' title='bbox 796 1422 899 1479; x_wconf 86' lang='lat' dir='ltr'><strong><em>Sed</em></strong></span> <span class='ocrx_word' id='word_1_104' title='bbox 941 1423 994 1477; x_wconf 90' lang='lat' dir='ltr'><strong><em>in</em></strong></span> <span class='ocrx_word' id='word_1_105' title='bbox 1020 1422 1348 1477; x_wconf 71' lang='lat' dir='ltr'><strong><em>Bibliotheca</em></strong></span> <span class='ocrx_word' id='word_1_106' title='bbox 1372 1421 1596 1475; x_wconf 84' lang='lat' dir='ltr'><strong><em>Patrum</em></strong></span> <span class='ocrx_word' id='word_1_107' title='bbox 1625 1421 1735 1493; x_wconf 78' lang='lat'><strong><em>(25)</em></strong></span> <span class='ocrx_word' id='word_1_108' title='bbox 1771 1420 2010 1478; x_wconf 84' lang='lat' dir='ltr'><strong><em>occurrit</em></strong></span> 
     </span>
    </p>
   </div>
   <div class='ocr_carea' id='block_1_16' title="bbox 442 1512 2008 1585">
    <p class='ocr_par' dir='ltr' id='par_1_16' title="bbox 442 1512 2008 1585">
     <span class='ocr_line' id='line_1_16' title="bbox 442 1512 2008 1585; baseline 0.001 -17"><span class='ocrx_word' id='word_1_109' title='bbox 442 1514 664 1583; x_wconf 80' lang='lat' dir='ltr'><strong><em>aliquod</em></strong></span> <span class='ocrx_word' id='word_1_110' title='bbox 717 1515 984 1584; x_wconf 87' lang='lat' dir='ltr'><strong><em>scriptum</em></strong></span> <span class='ocrx_word' id='word_1_111' title='bbox 1036 1515 1141 1569; x_wconf 88' lang='lat' dir='ltr'><strong><em>sub</em></strong></span> <span class='ocrx_word' id='word_1_112' title='bbox 1192 1515 1414 1569; x_wconf 84' lang='lat' dir='ltr'><strong><em>nomine</em></strong></span> <span class='ocrx_word' id='word_1_113' title='bbox 1473 1513 1533 1568; x_wconf 88' lang='lat' dir='ltr'><strong><em>S.</em></strong></span> <span class='ocrx_word' id='word_1_114' title='bbox 1566 1512 1843 1585; x_wconf 84' lang='lat' dir='ltr'><strong><em>Hippolyti</em></strong></span> <span class='ocrx_word' id='word_1_115' title='bbox 1903 1514 2008 1569; x_wconf 89' lang='lat' dir='ltr'><strong><em>hoc</em></strong></span> 
     </span>
    </p>
   </div>
   <div class='ocr_carea' id='block_1_17' title="bbox 441 1603 2005 1671">
    <p class='ocr_par' dir='ltr' id='par_1_17' title="bbox 441 1603 2005 1671">
     <span class='ocr_line' id='line_1_17' title="bbox 441 1603 2005 1671; baseline -0.002 -10"><span class='ocrx_word' id='word_1_116' title='bbox 441 1622 565 1661; x_wconf 89' lang='lat' dir='ltr'><strong><em>cum</em></strong></span> <span class='ocrx_word' id='word_1_117' title='bbox 613 1606 771 1660; x_wconf 88' lang='lat' dir='ltr'><strong><em>titulo</em></strong></span> <span class='ocrx_word' id='word_1_118' title='bbox 815 1621 830 1659; x_wconf 91' lang='lat'><strong>:</strong></span> <span class='ocrx_word' id='word_1_119' title='bbox 884 1604 1123 1659; x_wconf 81' lang='lat' dir='ltr'><strong><em>Ilomilia</em></strong></span> <span class='ocrx_word' id='word_1_120' title='bbox 1157 1605 1220 1658; x_wconf 87' lang='lat' dir='ltr'><strong><em>de</em></strong></span> <span class='ocrx_word' id='word_1_121' title='bbox 1245 1604 1350 1658; x_wconf 87' lang='lat' dir='ltr'><strong><em>Deo</em></strong></span> <span class='ocrx_word' id='word_1_122' title='bbox 1403 1604 1542 1657; x_wconf 84' lang='lat' dir='ltr'><strong><em>trino</em></strong></span> <span class='ocrx_word' id='word_1_123' title='bbox 1591 1612 1641 1657; x_wconf 88' lang='lat' dir='ltr'><strong><em>et</em></strong></span> <span class='ocrx_word' id='word_1_124' title='bbox 1690 1620 1816 1671; x_wconf 86' lang='lat' dir='ltr'><strong><em>uno,</em></strong></span> <span class='ocrx_word' id='word_1_125' title='bbox 1851 1616 1900 1658; x_wconf 89' lang='lat' dir='ltr'><strong><em>et</em></strong></span> <span class='ocrx_word' id='word_1_126' title='bbox 1939 1603 2005 1658; x_wconf 87' lang='lat' dir='ltr'><strong><em>de</em></strong></span> 
     </span>
    </p>
   </div>
   <div class='ocr_carea' id='block_1_18' title="bbox 441 1690 2005 1766">
    <p class='ocr_par' dir='ltr' id='par_1_18' title="bbox 441 1690 2005 1766">
     <span class='ocr_line' id='line_1_18' title="bbox 441 1690 2005 1766; baseline 0 -17"><span class='ocrx_word' id='word_1_127' title='bbox 441 1697 691 1766; x_wconf 80' lang='lat' dir='ltr'><strong><em>mysterio</em></strong></span> <span class='ocrx_word' id='word_1_128' title='bbox 734 1698 1115 1751; x_wconf 84' lang='lat' dir='ltr'><strong><em>incarnationis</em></strong></span> <span class='ocrx_word' id='word_1_129' title='bbox 1150 1706 1336 1750; x_wconf 88' lang='lat' dir='ltr'><strong><em>contra</em></strong></span> <span class='ocrx_word' id='word_1_130' title='bbox 1379 1691 1805 1749; x_wconf 80' lang='lat' dir='ltr'><strong><em>IueresinNoeti.</em></strong></span> <span class='ocrx_word' id='word_1_131' title='bbox 1859 1690 2005 1749; x_wconf 84' lang='lat' dir='ltr'><strong><em>Viris</em></strong></span> 
     </span>
    </p>
   </div>
   <div class='ocr_carea' id='block_1_19' title="bbox 2111 502 3672 581">
    <p class='ocr_par' dir='ltr' id='par_1_19' title="bbox 2111 502 3672 581">
     <span class='ocr_line' id='line_1_19' title="bbox 2111 502 3672 581; baseline 0.001 -17"><span class='ocrx_word' id='word_1_132' title='bbox 2111 518 2292 565; x_wconf 88' lang='lat' dir='ltr'><strong><em>autem</em></strong></span> <span class='ocrx_word' id='word_1_133' title='bbox 2340 511 2650 565; x_wconf 82' lang='lat' dir='ltr'><strong><em>nullatenus</em></strong></span> <span class='ocrx_word' id='word_1_134' title='bbox 2689 502 2918 575; x_wconf 83' lang='lat' dir='ltr'><strong><em>cst,&quot;ut</em></strong></span> <span class='ocrx_word' id='word_1_135' title='bbox 2966 518 3271 566; x_wconf 73' lang='lat' dir='ltr'><strong><em>statuamus</em></strong></span> <span class='ocrx_word' id='word_1_136' title='bbox 3326 506 3672 581; x_wconf 80' lang='lat' dir='ltr'><strong><em>Hippolytum</em></strong></span> 
     </span>
    </p>
   </div>
   <div class='ocr_carea' id='block_1_20' title="bbox 2111 597 3672 670">
    <p class='ocr_par' dir='ltr' id='par_1_20' title="bbox 2111 597 3672 670">
     <span class='ocr_line' id='line_1_20' title="bbox 2111 597 3672 670; baseline 0 -14"><span class='ocrx_word' id='word_1_137' title='bbox 2111 602 2373 670; x_wconf 89' lang='lat' dir='ltr'><strong><em>speciales</em></strong></span> <span class='ocrx_word' id='word_1_138' title='bbox 2418 610 2678 657; x_wconf 88' lang='lat' dir='ltr'><strong><em>tractatus</em></strong></span> <span class='ocrx_word' id='word_1_139' title='bbox 2721 613 2911 657; x_wconf 89' lang='lat' dir='ltr'><strong><em>contra</em></strong></span> <span class='ocrx_word' id='word_1_140' title='bbox 2941 600 3256 666; x_wconf 82' lang='lat' dir='ltr'><strong><em>Nicolaitas,</em></strong></span> <span class='ocrx_word' id='word_1_141' title='bbox 3292 597 3672 666; x_wconf 81' lang='lat' dir='ltr'><strong><em>Montanistas,</em></strong></span> 
     </span>
    </p>
   </div>
   <div class='ocr_carea' id='block_1_21' title="bbox 2111 691 3675 763">
    <p class='ocr_par' dir='ltr' id='par_1_21' title="bbox 2111 691 3675 763">
     <span class='ocr_line' id='line_1_21' title="bbox 2111 691 3675 763; baseline 0.002 -17"><span class='ocrx_word' id='word_1_142' title='bbox 2111 691 2519 749; x_wconf 78' lang='lat' dir='ltr'><strong><em>Valentinianos</em></strong></span> <span class='ocrx_word' id='word_1_143' title='bbox 2556 710 2620 748; x_wconf 91' lang='lat' dir='ltr'><strong><em>ac</em></strong></span> <span class='ocrx_word' id='word_1_144' title='bbox 2643 692 2879 749; x_wconf 81' lang='lat' dir='ltr'><strong><em>Caianos</em></strong></span> <span class='ocrx_word' id='word_1_145' title='bbox 2918 694 3243 763; x_wconf 80' lang='lat' dir='ltr'><strong><em>scripsisse;</em></strong></span> <span class='ocrx_word' id='word_1_146' title='bbox 3277 691 3496 758; x_wconf 64' lang='lat' dir='ltr'><strong><em>subicit,</em></strong></span> <span class='ocrx_word' id='word_1_147' title='bbox 3526 692 3675 763; x_wconf 84' lang='lat' dir='ltr'><strong><em>quod</em></strong></span> 
     </span>
    </p>
   </div>
   <div class='ocr_carea' id='block_1_22' title="bbox 2111 783 3675 855">
    <p class='ocr_par' dir='ltr' id='par_1_22' title="bbox 2111 783 3675 855">
     <span class='ocr_line' id='line_1_22' title="bbox 2111 783 3675 855; baseline 0.001 -18"><span class='ocrx_word' id='word_1_148' title='bbox 2111 783 2210 839; x_wconf 89' lang='lat' dir='ltr'><strong><em>hos</em></strong></span> <span class='ocrx_word' id='word_1_149' title='bbox 2247 799 2438 840; x_wconf 85' lang='lat' dir='ltr'><strong><em>omnes</em></strong></span> <span class='ocrx_word' id='word_1_150' title='bbox 2482 786 2535 839; x_wconf 90' lang='lat' dir='ltr'><strong><em>in</em></strong></span> <span class='ocrx_word' id='word_1_151' title='bbox 2565 799 2666 840; x_wconf 86' lang='lat' dir='ltr'><strong><em>suo</em></strong></span> <span class='ocrx_word' id='word_1_152' title='bbox 2702 785 2935 855; x_wconf 79' lang='lat' dir='ltr'><strong><em>generali</em></strong></span> <span class='ocrx_word' id='word_1_153' title='bbox 2987 794 3223 841; x_wconf 87' lang='lat' dir='ltr'><strong><em>tractatu</em></strong></span> <span class='ocrx_word' id='word_1_154' title='bbox 3273 793 3459 839; x_wconf 84' lang='lat' dir='ltr'><strong><em>contra</em></strong></span> <span class='ocrx_word' id='word_1_155' title='bbox 3497 801 3675 840; x_wconf 81' lang='lat' dir='ltr'><strong><em>omnes</em></strong></span> 
     </span>
    </p>
   </div>
   <div class='ocr_carea' id='block_1_23' title="bbox 2110 872 2629 929">
    <p class='ocr_par' dir='ltr' id='par_1_23' title="bbox 2110 872 2629 929">
     <span class='ocr_line' id='line_1_23' title="bbox 2110 872 2629 929; baseline 0.002 -3"><span class='ocrx_word' id='word_1_156' title='bbox 2110 874 2332 928; x_wconf 61' lang='lat' dir='ltr'><strong><em>haereses</em></strong></span> <span class='ocrx_word' id='word_1_157' title='bbox 2359 872 2629 929; x_wconf 77' lang='lat' dir='ltr'><strong><em>refutarit.</em></strong></span> 
     </span>
    </p>
   </div>
   <div class='ocr_carea' id='block_1_24' title="bbox 2270 960 3499 1034">
    <p class='ocr_par' dir='ltr' id='par_1_24' title="bbox 2270 960 3499 1034">
     <span class='ocr_line' id='line_1_24' title="bbox 2270 960 3499 1034; baseline 0.007 -21"><span class='ocrx_word' id='word_1_158' title='bbox 2270 961 2299 1033; x_wconf 65' lang='grc' dir='ltr'>ᾗ</span> <span class='ocrx_word' id='word_1_159' title='bbox 2339 960 2428 1019; x_wconf 81' lang='grc' dir='ltr'><strong><em>ιν.</em></strong></span> <span class='ocrx_word' id='word_1_160' title='bbox 2472 963 2743 1034; x_wconf 78' lang='lat' dir='ltr'><strong><em>Hippolyti</em></strong></span> <span class='ocrx_word' id='word_1_161' title='bbox 2778 962 2906 1017; x_wconf 76' lang='lat' dir='ltr'><strong><em>liber</em></strong></span> <span class='ocrx_word' id='word_1_162' title='bbox 2941 972 3125 1019; x_wconf 78' lang='lat' dir='ltr'><strong><em>contra</em></strong></span> <span class='ocrx_word' id='word_1_163' title='bbox 3161 962 3499 1022; x_wconf 79' lang='lat' dir='ltr'><strong><em>Marcionem.</em></strong></span> 
     </span>
    </p>
   </div>
   <div class='ocr_carea' id='block_1_25' title="bbox 2183 1054 3681 1130">
    <p class='ocr_par' dir='ltr' id='par_1_25' title="bbox 2183 1054 3681 1130">
     <span class='ocr_line' id='line_1_25' title="bbox 2183 1054 3681 1130; baseline 0.002 -20"><span class='ocrx_word' id='word_1_164' title='bbox 2183 1054 2509 1127; x_wconf 88' lang='lat' dir='ltr'><strong><em>Singillatim</em></strong></span> <span class='ocrx_word' id='word_1_165' title='bbox 2557 1057 2718 1112; x_wconf 88' lang='lat' dir='ltr'><strong><em>etiam</em></strong></span> <span class='ocrx_word' id='word_1_166' title='bbox 2770 1057 3032 1112; x_wconf 88' lang='lat' dir='ltr'><strong><em>adversus</em></strong></span> <span class='ocrx_word' id='word_1_167' title='bbox 3084 1056 3412 1113; x_wconf 76' lang='lat' dir='ltr'><strong><em>Maroioncm</em></strong></span> <span class='ocrx_word' id='word_1_168' title='bbox 3463 1057 3681 1130; x_wconf 85' lang='lat' dir='ltr'><strong><em>S.Hip-</em></strong></span> 
     </span>
    </p>
   </div>
   <div class='ocr_carea' id='block_1_26' title="bbox 2109 1146 3682 1221">
    <p class='ocr_par' dir='ltr' id='par_1_26' title="bbox 2109 1146 3682 1221">
     <span class='ocr_line' id='line_1_26' title="bbox 2109 1146 3682 1221; baseline 0.003 -21"><span class='ocrx_word' id='word_1_169' title='bbox 2109 1147 2351 1219; x_wconf 88' lang='lat' dir='ltr'><strong><em>polytum</em></strong></span> <span class='ocrx_word' id='word_1_170' title='bbox 2401 1147 2688 1217; x_wconf 84' lang='lat' dir='ltr'><strong><em>scripsisse</em></strong></span> <span class='ocrx_word' id='word_1_171' title='bbox 2737 1156 2965 1203; x_wconf 79' lang='lat' dir='ltr'><strong><em>testatur</em></strong></span> <span class='ocrx_word' id='word_1_172' title='bbox 3008 1146 3408 1221; x_wconf 83' lang='lat' dir='ltr'><strong><em>Hieronymus,</em></strong></span> <span class='ocrx_word' id='word_1_173' title='bbox 3455 1166 3519 1205; x_wconf 79' lang='lat' dir='ltr'><strong><em>ex</em></strong></span> <span class='ocrx_word' id='word_1_174' title='bbox 3564 1166 3682 1221; x_wconf 89' lang='lat' dir='ltr'><strong><em>quo</em></strong></span> 
     </span>
    </p>
   </div>
   <div class='ocr_carea' id='block_1_27' title="bbox 2110 1237 3654 1308">
    <p class='ocr_par' dir='ltr' id='par_1_27' title="bbox 2110 1237 3654 1308">
     <span class='ocr_line' id='line_1_27' title="bbox 2110 1237 3654 1308; baseline 0.004 -17"><span class='ocrx_word' id='word_1_175' title='bbox 2110 1252 2219 1291; x_wconf 89' lang='lat' dir='ltr'><strong><em>non</em></strong></span> <span class='ocrx_word' id='word_1_176' title='bbox 2264 1237 2396 1291; x_wconf 84' lang='lat' dir='ltr'><strong><em>satis</em></strong></span> <span class='ocrx_word' id='word_1_177' title='bbox 2424 1248 2638 1292; x_wconf 85' lang='lat' dir='ltr'><strong><em>certum</em></strong></span> <span class='ocrx_word' id='word_1_178' title='bbox 2666 1247 2908 1308; x_wconf 78' lang='lat' dir='ltr'><strong><em>apparet,</em></strong></span> <span class='ocrx_word' id='word_1_179' title='bbox 2939 1254 3067 1292; x_wconf 88' lang='lat' dir='ltr'><strong><em>nttm</em></strong></span> <span class='ocrx_word' id='word_1_180' title='bbox 3102 1240 3299 1293; x_wconf 85' lang='lat' dir='ltr'><strong><em>librum</em></strong></span> <span class='ocrx_word' id='word_1_181' title='bbox 3338 1240 3412 1294; x_wconf 90' lang='lat' dir='ltr'><strong><em>De</em></strong></span> <span class='ocrx_word' id='word_1_182' title='bbox 3445 1258 3654 1297; x_wconf 89' lang='lat' dir='ltr'><strong><em>resurre</em></strong></span> 
     </span>
    </p>
   </div>
   <div class='ocr_carea' id='block_1_28' title="bbox 2110 1325 3684 1403">
    <p class='ocr_par' dir='ltr' id='par_1_28' title="bbox 2110 1325 3684 1403">
     <span class='ocr_line' id='line_1_28' title="bbox 2110 1325 3684 1403; baseline 0.004 -23"><span class='ocrx_word' id='word_1_183' title='bbox 2110 1328 2278 1380; x_wconf 85' lang='lat' dir='ltr'><strong><em>ctione</em></strong></span> <span class='ocrx_word' id='word_1_184' title='bbox 2304 1325 2565 1381; x_wconf 78' lang='lat' dir='ltr'><strong><em>Marciani</em></strong></span> <span class='ocrx_word' id='word_1_185' title='bbox 2598 1330 2907 1397; x_wconf 84' lang='lat' dir='ltr'><strong><em>opposuerit</em></strong></span> <span class='ocrx_word' id='word_1_186' title='bbox 2932 1328 3067 1398; x_wconf 78' lang='lat'><strong><em>(52).</em></strong></span> <span class='ocrx_word' id='word_1_187' title='bbox 3108 1329 3510 1401; x_wconf 73' lang='grc' dir='ltr'><strong><em>Ἀντιρρητικδν</em></strong></span> <span class='ocrx_word' id='word_1_188' title='bbox 3542 1332 3684 1403; x_wconf 77' lang='grc' dir='ltr'><strong><em>πρὸς</em></strong></span> 
     </span>
    </p>
   </div>
   <div class='ocr_carea' id='block_1_29' title="bbox 2108 1418 3680 1491">
    <p class='ocr_par' dir='ltr' id='par_1_29' title="bbox 2108 1418 3680 1491">
     <span class='ocr_line' id='line_1_29' title="bbox 2108 1418 3680 1491; baseline 0.004 -18"><span class='ocrx_word' id='word_1_189' title='bbox 2108 1419 2410 1491; x_wconf 77' lang='grc' dir='ltr'><strong><em>Μαρκίωνα</em></strong></span> <span class='ocrx_word' id='word_1_190' title='bbox 2453 1430 2613 1474; x_wconf 85' lang='lat' dir='ltr'><strong><em>vocat</em></strong></span> <span class='ocrx_word' id='word_1_191' title='bbox 2655 1418 2994 1490; x_wconf 74' lang='lat' dir='ltr'><strong><em>Nicephorus</em></strong></span> <span class='ocrx_word' id='word_1_192' title='bbox 3037 1420 3172 1491; x_wconf 77' lang='lat'><strong><em>(35),</em></strong></span> <span class='ocrx_word' id='word_1_193' title='bbox 3227 1423 3319 1491; x_wconf 88' lang='lat' dir='ltr'><strong><em>qui</em></strong></span> <span class='ocrx_word' id='word_1_194' title='bbox 3367 1424 3565 1478; x_wconf 87' lang='lat' dir='ltr'><strong><em>librum</em></strong></span> <span class='ocrx_word' id='word_1_195' title='bbox 3601 1425 3680 1479; x_wconf 80' lang='lat' dir='ltr'><strong><em>De</em></strong></span> 
     </span>
    </p>
   </div>
   <div class='ocr_carea' id='block_1_30' title="bbox 2109 1512 3679 1582">
    <p class='ocr_par' dir='ltr' id='par_1_30' title="bbox 2109 1512 3679 1582">
     <span class='ocr_line' id='line_1_30' title="bbox 2109 1512 3679 1582; baseline 0.007 -21"><span class='ocrx_word' id='word_1_196' title='bbox 2109 1512 2482 1564; x_wconf 84' lang='lat' dir='ltr'><strong><em>resurrectione</em></strong></span> <span class='ocrx_word' id='word_1_197' title='bbox 2539 1526 2645 1565; x_wconf 92' lang='lat' dir='ltr'><strong><em>non</em></strong></span> <span class='ocrx_word' id='word_1_198' title='bbox 2694 1519 2995 1579; x_wconf 86' lang='lat' dir='ltr'><strong><em>memorat,</em></strong></span> <span class='ocrx_word' id='word_1_199' title='bbox 3061 1514 3518 1582; x_wconf 78' lang='lat' dir='ltr'><strong><em>quemadmodum</em></strong></span> <span class='ocrx_word' id='word_1_200' title='bbox 3574 1530 3679 1572; x_wconf 85' lang='lat' dir='ltr'><strong><em>nec</em></strong></span> 
     </span>
    </p>
   </div>
   <div class='ocr_carea' id='block_1_31' title="bbox 2110 1599 3683 1677">
    <p class='ocr_par' dir='ltr' id='par_1_31' title="bbox 2110 1599 3683 1677">
     <span class='ocr_line' id='line_1_31' title="bbox 2110 1599 3683 1677; baseline 0.003 -24"><span class='ocrx_word' id='word_1_201' title='bbox 2110 1599 2412 1671; x_wconf 85' lang='lat' dir='ltr'><strong><em>Syncellus,</em></strong></span> <span class='ocrx_word' id='word_1_202' title='bbox 2457 1602 2649 1671; x_wconf 77' lang='lat' dir='ltr'><strong><em>pagina</em></strong></span> <span class='ocrx_word' id='word_1_203' title='bbox 2679 1602 2803 1668; x_wconf 78' lang='lat'><strong><em>558,</em></strong></span> <span class='ocrx_word' id='word_1_204' title='bbox 2862 1612 3087 1659; x_wconf 87' lang='lat' dir='ltr'><strong><em>testatus</em></strong></span> <span class='ocrx_word' id='word_1_205' title='bbox 3139 1602 3484 1673; x_wconf 83' lang='lat' dir='ltr'><strong><em>Hippolytum</em></strong></span> <span class='ocrx_word' id='word_1_206' title='bbox 3539 1606 3683 1677; x_wconf 65' lang='grc' dir='ltr'><strong><em>πρὸς</em></strong></span> 
     </span>
    </p>
   </div>
   <div class='ocr_carea' id='block_1_32' title="bbox 2107 1693 3684 1767">
    <p class='ocr_par' dir='ltr' id='par_1_32' title="bbox 2107 1693 3684 1767">
     <span class='ocr_line' id='line_1_32' title="bbox 2107 1693 3684 1767; baseline 0.005 -21"><span class='ocrx_word' id='word_1_207' title='bbox 2107 1693 2409 1765; x_wconf 74' lang='grc' dir='ltr'><strong><em>Μαρκίωνα</em></strong></span> <span class='ocrx_word' id='word_1_208' title='bbox 2439 1695 2535 1748; x_wconf 75' lang='grc' dir='ltr'><strong><em>καὶ</em></strong></span> <span class='ocrx_word' id='word_1_209' title='bbox 2571 1694 2669 1758; x_wconf 81' lang='grc' dir='ltr'><strong><em>τὰς</em></strong></span> <span class='ocrx_word' id='word_1_210' title='bbox 2697 1694 2889 1764; x_wconf 78' lang='grc' dir='ltr'><strong>λοιπὰς</strong></span> <span class='ocrx_word' id='word_1_211' title='bbox 2920 1694 3159 1767; x_wconf 77' lang='grc' dir='ltr'><strong><em>αἱρέσεις</em></strong></span> <span class='ocrx_word' id='word_1_212' title='bbox 3179 1698 3480 1766; x_wconf 69' lang='lat' dir='ltr'><strong><em>scripsisse.</em></strong></span> <span class='ocrx_word' id='word_1_213' title='bbox 3516 1696 3684 1755; x_wconf 73' lang='lat' dir='ltr'><strong><em>Tulle-</em></strong></span> 
     </span>
    </p>
   </div>
   <div class='ocr_carea' id='block_1_33' title="bbox 441 1773 3682 1858">
    <p class='ocr_par' dir='ltr' id='par_1_33' title="bbox 441 1773 3682 1858">
     <span class='ocr_line' id='line_1_33' title="bbox 441 1773 3682 1858; baseline 0.001 -16"><span class='ocrx_word' id='word_1_214' title='bbox 441 1788 638 1854; x_wconf 82' lang='lat' dir='ltr'><strong><em>doctis,</em></strong></span> <span class='ocrx_word' id='word_1_215' title='bbox 669 1788 762 1857; x_wconf 89' lang='lat' dir='ltr'><strong><em>qui</em></strong></span> <span class='ocrx_word' id='word_1_216' title='bbox 804 1788 999 1857; x_wconf 82' lang='lat' dir='ltr'><strong><em>majori</em></strong></span> <span class='ocrx_word' id='word_1_217' title='bbox 1037 1786 1238 1842; x_wconf 88' lang='lat' dir='ltr'><strong><em>acrihia</em></strong></span> <span class='ocrx_word' id='word_1_218' title='bbox 1277 1785 1383 1840; x_wconf 88' lang='lat' dir='ltr'><strong><em>hoc</em></strong></span> <span class='ocrx_word' id='word_1_219' title='bbox 1425 1785 1687 1855; x_wconf 88' lang='lat' dir='ltr'><strong><em>scriptum</em></strong></span> <span class='ocrx_word' id='word_1_220' title='bbox 1732 1784 2012 1839; x_wconf 85' lang='lat' dir='ltr'><strong><em>examina-</em></strong></span> <span class='ocrx_word' id='word_1_221' title='bbox 2045 1773 2089 1828; x_wconf 77' lang='grc' dir='ltr'><strong>Β</strong></span> <span class='ocrx_word' id='word_1_222' title='bbox 2116 1788 2322 1841; x_wconf 91' lang='lat' dir='ltr'><strong><em>montio</em></strong></span> <span class='ocrx_word' id='word_1_223' title='bbox 2380 1788 2492 1857; x_wconf 69' lang='lat'><strong><em>(54)</em></strong></span> <span class='ocrx_word' id='word_1_224' title='bbox 2545 1787 2779 1851; x_wconf 86' lang='lat' dir='ltr'><strong><em>videtur,</em></strong></span> <span class='ocrx_word' id='word_1_225' title='bbox 2832 1788 2992 1843; x_wconf 88' lang='lat' dir='ltr'><strong><em>etiam</em></strong></span> <span class='ocrx_word' id='word_1_226' title='bbox 3049 1789 3355 1858; x_wconf 81' lang='lat' dir='ltr'><strong><em>Oppositum</em></strong></span> <span class='ocrx_word' id='word_1_227' title='bbox 3415 1789 3682 1847; x_wconf 79' lang='lat' dir='ltr'><strong><em>Marcioni</em></strong></span> 
     </span>
    </p>
   </div>
   <div class='ocr_carea' id='block_1_34' title="bbox 443 1876 2013 1951">
    <p class='ocr_par' dir='ltr' id='par_1_34' title="bbox 443 1876 2013 1951">
     <span class='ocr_line' id='line_1_34' title="bbox 443 1876 2013 1951; baseline 0.001 -20"><span class='ocrx_word' id='word_1_228' title='bbox 443 1891 564 1934; x_wconf 87' lang='lat' dir='ltr'><strong><em>runt</em></strong></span> <span class='ocrx_word' id='word_1_229' title='bbox 601 1880 752 1950; x_wconf 64' lang='lat'><strong><em>.(24),</em></strong></span> <span class='ocrx_word' id='word_1_230' title='bbox 800 1880 1025 1935; x_wconf 92' lang='lat' dir='ltr'><strong><em>omnino</em></strong></span> <span class='ocrx_word' id='word_1_231' title='bbox 1064 1894 1385 1951; x_wconf 89' lang='lat' dir='ltr'><strong><em>persuasum</em></strong></span> <span class='ocrx_word' id='word_1_232' title='bbox 1435 1887 1536 1942; x_wconf 87' lang='lat' dir='ltr'><strong><em>est,</em></strong></span> <span class='ocrx_word' id='word_1_233' title='bbox 1565 1876 1709 1947; x_wconf 83' lang='lat' dir='ltr'><strong><em>quod</em></strong></span> <span class='ocrx_word' id='word_1_234' title='bbox 1758 1877 1885 1932; x_wconf 90' lang='lat' dir='ltr'><strong><em>illud</em></strong></span> <span class='ocrx_word' id='word_1_235' title='bbox 1914 1893 2013 1948; x_wconf 90' lang='lat' dir='ltr'><strong><em>pro</em></strong></span> 
     </span>
    </p>
   </div>
   <div class='ocr_carea' id='block_1_35' title="bbox 441 1971 2013 2043">
    <p class='ocr_par' dir='ltr' id='par_1_35' title="bbox 441 1971 2013 2043">
     <span class='ocr_line' id='line_1_35' title="bbox 441 1971 2013 2043; baseline 0 -19"><span class='ocrx_word' id='word_1_236' title='bbox 441 1971 749 2041; x_wconf 79' lang='lat' dir='ltr'><strong><em>fragmento</em></strong></span> <span class='ocrx_word' id='word_1_237' title='bbox 785 1971 1048 2043; x_wconf 73' lang='lat' dir='ltr'><strong><em>longioris</em></strong></span> <span class='ocrx_word' id='word_1_238' title='bbox 1091 1971 1292 2040; x_wconf 90' lang='lat' dir='ltr'><strong><em>operis,</em></strong></span> <span class='ocrx_word' id='word_1_239' title='bbox 1337 1979 1391 2024; x_wconf 91' lang='lat' dir='ltr'><strong><em>et</em></strong></span> <span class='ocrx_word' id='word_1_240' title='bbox 1431 1983 1530 2040; x_wconf 85' lang='lat' dir='ltr'><strong><em>pro</em></strong></span> <span class='ocrx_word' id='word_1_241' title='bbox 1578 1976 1820 2023; x_wconf 78' lang='lat' dir='ltr'><strong><em>extrema</em></strong></span> <span class='ocrx_word' id='word_1_242' title='bbox 1861 1977 2013 2038; x_wconf 85' lang='lat' dir='ltr'><strong><em>parte</em></strong></span> 
     </span>
    </p>
   </div>
   <div class='ocr_carea' id='block_1_36' title="bbox 442 2060 2009 2135">
    <p class='ocr_par' dir='ltr' id='par_1_36' title="bbox 442 2060 2009 2135">
     <span class='ocr_line' id='line_1_36' title="bbox 442 2060 2009 2135; baseline -0.001 -18"><span class='ocrx_word' id='word_1_243' title='bbox 442 2072 707 2118; x_wconf 88' lang='lat' dir='ltr'><strong><em>tractatus</em></strong></span> <span class='ocrx_word' id='word_1_244' title='bbox 733 2063 1035 2135; x_wconf 83' lang='lat' dir='ltr'><strong><em>Hippolytei</em></strong></span> <span class='ocrx_word' id='word_1_245' title='bbox 1065 2063 1311 2118; x_wconf 77' lang='lat' dir='ltr'><strong><em>adversus</em></strong></span> <span class='ocrx_word' id='word_1_246' title='bbox 1336 2062 1553 2116; x_wconf 77' lang='lat' dir='ltr'><strong><em>hwreses</em></strong></span> <span class='ocrx_word' id='word_1_247' title='bbox 1582 2061 1887 2116; x_wconf 88' lang='lat' dir='ltr'><strong><em>habendum</em></strong></span> <span class='ocrx_word' id='word_1_248' title='bbox 1918 2060 2009 2116; x_wconf 91' lang='lat' dir='ltr'><strong><em>sit.</em></strong></span> 
     </span>
    </p>
   </div>
   <div class='ocr_carea' id='block_1_37' title="bbox 437 2153 2013 2226">
    <p class='ocr_par' dir='ltr' id='par_1_37' title="bbox 437 2153 2013 2226">
     <span class='ocr_line' id='line_1_37' title="bbox 437 2153 2013 2226; baseline -0.001 -15"><span class='ocrx_word' id='word_1_249' title='bbox 437 2154 626 2226; x_wconf 84' lang='lat' dir='ltr'><strong><em>Neque</em></strong></span> <span class='ocrx_word' id='word_1_250' title='bbox 654 2156 852 2220; x_wconf 84' lang='lat' dir='ltr'><strong><em>obstat,</em></strong></span> <span class='ocrx_word' id='word_1_251' title='bbox 880 2154 1056 2224; x_wconf 87' lang='lat' dir='ltr'><strong><em>inquit</em></strong></span> <span class='ocrx_word' id='word_1_252' title='bbox 1086 2153 1157 2209; x_wconf 92' lang='lat' dir='ltr'><strong><em>cl.</em></strong></span> <span class='ocrx_word' id='word_1_253' title='bbox 1186 2153 1469 2209; x_wconf 90' lang='lat' dir='ltr'><strong><em>Fabricius</em></strong></span> <span class='ocrx_word' id='word_1_254' title='bbox 1495 2154 1627 2225; x_wconf 79' lang='lat'><strong><em>(25),</em></strong></span> <span class='ocrx_word' id='word_1_255' title='bbox 1657 2154 1802 2225; x_wconf 89' lang='lat' dir='ltr'><strong><em>quod</em></strong></span> <span class='ocrx_word' id='word_1_256' title='bbox 1827 2153 2013 2209; x_wconf 83' lang='lat' dir='ltr'><strong><em>ﬁdeles</em></strong></span> 
     </span>
    </p>
   </div>
   <div class='ocr_carea' id='block_1_38' title="bbox 442 2241 2012 2317">
    <p class='ocr_par' dir='ltr' id='par_1_38' title="bbox 442 2241 2012 2317">
     <span class='ocr_line' id='line_1_38' title="bbox 442 2241 2012 2317; baseline -0.001 -18"><span class='ocrx_word' id='word_1_257' title='bbox 442 2247 771 2317; x_wconf 87' lang='lat' dir='ltr'><strong><em>quandoque</em></strong></span> <span class='ocrx_word' id='word_1_258' title='bbox 820 2251 1013 2299; x_wconf 84' lang='lat' dir='ltr'><strong><em>auctor</em></strong></span> <span class='ocrx_word' id='word_1_259' title='bbox 1058 2244 1372 2316; x_wconf 88' lang='lat' dir='ltr'><strong><em>alloquitur,</em></strong></span> <span class='ocrx_word' id='word_1_260' title='bbox 1411 2252 1471 2298; x_wconf 92' lang='lat' dir='ltr'><strong><em>ut</em></strong></span> <span class='ocrx_word' id='word_1_261' title='bbox 1512 2244 1565 2297; x_wconf 92' lang='lat' dir='ltr'><strong><em>in</em></strong></span> <span class='ocrx_word' id='word_1_262' title='bbox 1611 2244 1852 2301; x_wconf 89' lang='lat' dir='ltr'><strong><em>homiliis</em></strong></span> <span class='ocrx_word' id='word_1_263' title='bbox 1895 2241 2012 2299; x_wconf 83' lang='lat' dir='ltr'><strong><em>ﬁeri</em></strong></span> 
     </span>
    </p>
   </div>
   <div class='ocr_carea' id='block_1_39' title="bbox 446 2335 2006 2405">
    <p class='ocr_par' dir='ltr' id='par_1_39' title="bbox 446 2335 2006 2405">
     <span class='ocr_line' id='line_1_39' title="bbox 446 2335 2006 2405; baseline -0.001 -12"><span class='ocrx_word' id='word_1_264' title='bbox 446 2339 622 2405; x_wconf 84' lang='lat' dir='ltr'><strong><em>solet;</em></strong></span> <span class='ocrx_word' id='word_1_265' title='bbox 669 2353 793 2392; x_wconf 89' lang='lat' dir='ltr'><strong><em>nam</em></strong></span> <span class='ocrx_word' id='word_1_266' title='bbox 833 2336 937 2392; x_wconf 88' lang='lat' dir='ltr'><strong><em>hoc</em></strong></span> <span class='ocrx_word' id='word_1_267' title='bbox 977 2336 1140 2390; x_wconf 88' lang='lat' dir='ltr'><strong><em>etiam</em></strong></span> <span class='ocrx_word' id='word_1_268' title='bbox 1188 2336 1242 2390; x_wconf 90' lang='lat' dir='ltr'><strong><em>in</em></strong></span> <span class='ocrx_word' id='word_1_269' title='bbox 1291 2336 1509 2405; x_wconf 88' lang='lat' dir='ltr'><strong><em>scriptis</em></strong></span> <span class='ocrx_word' id='word_1_270' title='bbox 1558 2335 1736 2392; x_wconf 78' lang='lat' dir='ltr'><strong><em>facere</em></strong></span> <span class='ocrx_word' id='word_1_271' title='bbox 1778 2346 2006 2404; x_wconf 80' lang='lat' dir='ltr'><strong><em>veteres,</em></strong></span> 
     </span>
    </p>
   </div>
   <div class='ocr_carea' id='block_1_40' title="bbox 439 2427 2010 2499">
    <p class='ocr_par' dir='ltr' id='par_1_40' title="bbox 439 2427 2010 2499">
     <span class='ocr_line' id='line_1_40' title="bbox 439 2427 2010 2499; baseline -0.003 -11"><span class='ocrx_word' id='word_1_272' title='bbox 439 2442 496 2488; x_wconf 89' lang='lat' dir='ltr'><strong><em>et</em></strong></span> <span class='ocrx_word' id='word_1_273' title='bbox 544 2431 612 2486; x_wconf 85' lang='lat' dir='ltr'><strong><em>ad</em></strong></span> <span class='ocrx_word' id='word_1_274' title='bbox 662 2432 893 2484; x_wconf 85' lang='lat' dir='ltr'><strong><em>lectores</em></strong></span> <span class='ocrx_word' id='word_1_275' title='bbox 939 2429 1254 2499; x_wconf 85' lang='lat' dir='ltr'><strong><em>respicere,</em></strong></span> <span class='ocrx_word' id='word_1_276' title='bbox 1309 2427 1649 2482; x_wconf 87' lang='lat' dir='ltr'><strong><em>tralatitium.</em></strong></span> <span class='ocrx_word' id='word_1_277' title='bbox 1713 2429 2010 2484; x_wconf 75' lang='lat' dir='ltr'><strong><em>Chronican</em></strong></span> 
     </span>
    </p>
   </div>
   <div class='ocr_carea' id='block_1_41' title="bbox 439 2518 2005 2590">
    <p class='ocr_par' dir='ltr' id='par_1_41' title="bbox 439 2518 2005 2590">
     <span class='ocr_line' id='line_1_41' title="bbox 439 2518 2005 2590; baseline -0.003 -11"><span class='ocrx_word' id='word_1_278' title='bbox 439 2522 857 2580; x_wconf 75' lang='lat' dir='ltr'><strong><em>Alexandrinum</em></strong></span> <span class='ocrx_word' id='word_1_279' title='bbox 915 2519 1060 2590; x_wconf 87' lang='lat'><strong><em>(26),</em></strong></span> <span class='ocrx_word' id='word_1_280' title='bbox 1108 2518 1253 2589; x_wconf 85' lang='lat' dir='ltr'><strong><em>quod</em></strong></span> <span class='ocrx_word' id='word_1_281' title='bbox 1299 2520 1461 2589; x_wconf 81' lang='lat' dir='ltr'><strong><em>vulgo</em></strong></span> <span class='ocrx_word' id='word_1_282' title='bbox 1482 2518 1741 2575; x_wconf 81' lang='lat' dir='ltr'><strong><em>Paschale</em></strong></span> <span class='ocrx_word' id='word_1_283' title='bbox 1787 2531 2005 2585; x_wconf 89' lang='lat' dir='ltr'><strong><em>vocant,</em></strong></span> 
     </span>
    </p>
   </div>
   <div class='ocr_carea' id='block_1_42' title="bbox 438 2607 2009 2683">
    <p class='ocr_par' dir='ltr' id='par_1_42' title="bbox 438 2607 2009 2683">
     <span class='ocr_line' id='line_1_42' title="bbox 438 2607 2009 2683; baseline -0.002 -14"><span class='ocrx_word' id='word_1_284' title='bbox 438 2617 571 2669; x_wconf 86' lang='lat' dir='ltr'><strong><em>citat</em></strong></span> <span class='ocrx_word' id='word_1_285' title='bbox 608 2615 839 2683; x_wconf 89' lang='lat' dir='ltr'><strong><em>aliquem</em></strong></span> <span class='ocrx_word' id='word_1_286' title='bbox 885 2612 1065 2667; x_wconf 87' lang='lat' dir='ltr'><strong><em>locum</em></strong></span> <span class='ocrx_word' id='word_1_287' title='bbox 1109 2627 1176 2665; x_wconf 78' lang='lat' dir='ltr'><strong><em>ex</em></strong></span> <span class='ocrx_word' id='word_1_288' title='bbox 1221 2607 1278 2664; x_wconf 90' lang='lat' dir='ltr'><strong><em>S.</em></strong></span> <span class='ocrx_word' id='word_1_289' title='bbox 1305 2608 1574 2682; x_wconf 81' lang='lat' dir='ltr'><strong><em>Hippolyti</em></strong></span> <span class='ocrx_word' id='word_1_290' title='bbox 1624 2625 1786 2681; x_wconf 83' lang='lat' dir='ltr'><strong><em>Opere</em></strong></span> <span class='ocrx_word' id='word_1_291' title='bbox 1824 2621 2009 2666; x_wconf 84' lang='lat' dir='ltr'><strong><em>contra</em></strong></span> 
     </span>
    </p>
   </div>
   <div class='ocr_carea' id='block_1_43' title="bbox 437 2702 2008 2773">
    <p class='ocr_par' dir='ltr' id='par_1_43' title="bbox 437 2702 2008 2773">
     <span class='ocr_line' id='line_1_43' title="bbox 437 2702 2008 2773; baseline -0.001 -13"><span class='ocrx_word' id='word_1_292' title='bbox 437 2722 616 2762; x_wconf 87' lang='lat' dir='ltr'><strong><em>omnes</em></strong></span> <span class='ocrx_word' id='word_1_293' title='bbox 656 2707 895 2766; x_wconf 65' lang='lat' dir='ltr'><strong><em>haereses,</em></strong></span> <span class='ocrx_word' id='word_1_294' title='bbox 936 2705 990 2757; x_wconf 90' lang='lat' dir='ltr'><strong><em>in</em></strong></span> <span class='ocrx_word' id='word_1_295' title='bbox 1027 2717 1137 2771; x_wconf 89' lang='lat' dir='ltr'><strong><em>quo</em></strong></span> <span class='ocrx_word' id='word_1_296' title='bbox 1182 2703 1378 2757; x_wconf 85' lang='lat' dir='ltr'><strong><em>asserit</em></strong></span> <span class='ocrx_word' id='word_1_297' title='bbox 1411 2702 1687 2758; x_wconf 87' lang='lat' dir='ltr'><strong><em>Christum</em></strong></span> <span class='ocrx_word' id='word_1_298' title='bbox 1735 2711 2008 2773; x_wconf 89' lang='lat' dir='ltr'><strong><em>postremo</em></strong></span> 
     </span>
    </p>
   </div>
   <div class='ocr_carea' id='block_1_44' title="bbox 434 2792 2003 2864">
    <p class='ocr_par' dir='ltr' id='par_1_44' title="bbox 434 2792 2003 2864">
     <span class='ocr_line' id='line_1_44' title="bbox 434 2792 2003 2864; baseline -0.001 -13"><span class='ocrx_word' id='word_1_299' title='bbox 434 2799 559 2852; x_wconf 75' lang='lat' dir='ltr'><strong><em>vita:</em></strong></span> <span class='ocrx_word' id='word_1_300' title='bbox 592 2813 703 2851; x_wconf 74' lang='lat' dir='ltr'><strong><em>sua:</em></strong></span> <span class='ocrx_word' id='word_1_301' title='bbox 735 2810 877 2849; x_wconf 88' lang='lat' dir='ltr'><strong><em>anno</em></strong></span> <span class='ocrx_word' id='word_1_302' title='bbox 902 2793 1111 2848; x_wconf 89' lang='lat' dir='ltr'><strong><em>Pascha</em></strong></span> <span class='ocrx_word' id='word_1_303' title='bbox 1149 2792 1319 2864; x_wconf 84' lang='lat' dir='ltr'><strong><em>legale</em></strong></span> <span class='ocrx_word' id='word_1_304' title='bbox 1356 2809 1464 2847; x_wconf 89' lang='lat' dir='ltr'><strong><em>non</em></strong></span> <span class='ocrx_word' id='word_1_305' title='bbox 1496 2795 1817 2851; x_wconf 87' lang='lat' dir='ltr'><strong><em>celebrasse.</em></strong></span> <span class='ocrx_word' id='word_1_306' title='bbox 1855 2796 2003 2850; x_wconf 86' lang='lat' dir='ltr'><strong><em>Idem</em></strong></span> 
     </span>
    </p>
   </div>
   <div class='ocr_carea' id='block_1_45' title="bbox 438 2884 2003 2958">
    <p class='ocr_par' dir='ltr' id='par_1_45' title="bbox 438 2884 2003 2958">
     <span class='ocr_line' id='line_1_45' title="bbox 438 2884 2003 2958; baseline -0.001 -14"><span class='ocrx_word' id='word_1_307' title='bbox 438 2888 739 2944; x_wconf 83' lang='lat' dir='ltr'><strong><em>Chronicon</em></strong></span> <span class='ocrx_word' id='word_1_308' title='bbox 778 2884 943 2940; x_wconf 84' lang='lat' dir='ltr'><strong><em>refert</em></strong></span> <span class='ocrx_word' id='word_1_309' title='bbox 974 2886 1137 2940; x_wconf 88' lang='lat' dir='ltr'><strong><em>etiam</em></strong></span> <span class='ocrx_word' id='word_1_310' title='bbox 1173 2884 1340 2939; x_wconf 90' lang='lat' dir='ltr'><strong><em>alium</em></strong></span> <span class='ocrx_word' id='word_1_311' title='bbox 1382 2885 1548 2955; x_wconf 88' lang='lat' dir='ltr'><strong><em>hujus</em></strong></span> <span class='ocrx_word' id='word_1_312' title='bbox 1583 2885 1641 2941; x_wconf 90' lang='lat' dir='ltr'><strong><em>S.</em></strong></span> <span class='ocrx_word' id='word_1_313' title='bbox 1664 2888 1905 2958; x_wconf 87' lang='lat' dir='ltr'><strong><em>episcopi</em></strong></span> <span class='ocrx_word' id='word_1_314' title='bbox 1937 2903 2003 2943; x_wconf 91' lang='lat' dir='ltr'><strong><em>ac</em></strong></span> 
     </span>
    </p>
   </div>
   <div class='ocr_carea' id='block_1_46' title="bbox 439 2975 2000 3048">
    <p class='ocr_par' dir='ltr' id='par_1_46' title="bbox 439 2975 2000 3048">
     <span class='ocr_line' id='line_1_46' title="bbox 439 2975 2000 3048; baseline 0 -15"><span class='ocrx_word' id='word_1_315' title='bbox 439 2978 694 3048; x_wconf 84' lang='lat' dir='ltr'><strong><em>martyris</em></strong></span> <span class='ocrx_word' id='word_1_316' title='bbox 731 2976 912 3030; x_wconf 90' lang='lat' dir='ltr'><strong><em>locum</em></strong></span> <span class='ocrx_word' id='word_1_317' title='bbox 964 2990 996 3029; x_wconf 91' lang='lat' dir='ltr'><strong><em>e</em></strong></span> <span class='ocrx_word' id='word_1_318' title='bbox 1044 2976 1223 3045; x_wconf 90' lang='lat' dir='ltr'><strong><em>primo</em></strong></span> <span class='ocrx_word' id='word_1_319' title='bbox 1272 2990 1373 3031; x_wconf 90' lang='lat' dir='ltr'><strong><em>suo</em></strong></span> <span class='ocrx_word' id='word_1_320' title='bbox 1420 2975 1560 3030; x_wconf 90' lang='lat' dir='ltr'><strong><em>libro</em></strong></span> <span class='ocrx_word' id='word_1_321' title='bbox 1614 2977 1691 3032; x_wconf 82' lang='lat' dir='ltr'><strong><em>De</em></strong></span> <span class='ocrx_word' id='word_1_322' title='bbox 1720 2977 2000 3044; x_wconf 82' lang='lat' dir='ltr'><strong><em>Paschate,</em></strong></span> 
     </span>
    </p>
   </div>
   <div class='ocr_carea' id='block_1_47' title="bbox 436 3063 2005 3139">
    <p class='ocr_par' dir='ltr' id='par_1_47' title="bbox 436 3063 2005 3139">
     <span class='ocr_line' id='line_1_47' title="bbox 436 3063 2005 3139; baseline 0.002 -18"><span class='ocrx_word' id='word_1_323' title='bbox 436 3084 549 3139; x_wconf 90' lang='lat' dir='ltr'><strong><em>quo</em></strong></span> <span class='ocrx_word' id='word_1_324' title='bbox 597 3065 904 3121; x_wconf 76' lang='lat' dir='ltr'><strong><em>ostenderet</em></strong></span> <span class='ocrx_word' id='word_1_325' title='bbox 931 3063 1211 3119; x_wconf 87' lang='lat' dir='ltr'><strong><em>Christum</em></strong></span> <span class='ocrx_word' id='word_1_326' title='bbox 1263 3067 1317 3119; x_wconf 91' lang='lat' dir='ltr'><strong><em>in</em></strong></span> <span class='ocrx_word' id='word_1_327' title='bbox 1345 3064 1629 3134; x_wconf 85' lang='lat' dir='ltr'><strong><em>pervigilio</em></strong></span> <span class='ocrx_word' id='word_1_328' title='bbox 1670 3068 1864 3123; x_wconf 90' lang='lat' dir='ltr'><strong><em>mortis</em></strong></span> <span class='ocrx_word' id='word_1_329' title='bbox 1889 3084 2005 3124; x_wconf 63' lang='lat' dir='ltr'><strong><em>suae</em></strong></span> 
     </span>
    </p>
   </div>
   <div class='ocr_carea' id='block_1_48' title="bbox 435 3154 2000 3230">
    <p class='ocr_par' dir='ltr' id='par_1_48' title="bbox 435 3154 2000 3230">
     <span class='ocr_line' id='line_1_48' title="bbox 435 3154 2000 3230; baseline 0.003 -18"><span class='ocrx_word' id='word_1_330' title='bbox 435 3174 635 3228; x_wconf 78' lang='lat' dir='ltr'><strong><em>agnum</em></strong></span> <span class='ocrx_word' id='word_1_331' title='bbox 665 3157 970 3227; x_wconf 80' lang='lat' dir='ltr'><strong><em>pascltalem</em></strong></span> <span class='ocrx_word' id='word_1_332' title='bbox 1003 3171 1111 3210; x_wconf 91' lang='lat' dir='ltr'><strong><em>non</em></strong></span> <span class='ocrx_word' id='word_1_333' title='bbox 1138 3157 1456 3211; x_wconf 86' lang='lat' dir='ltr'><strong><em>comedisse.</em></strong></span> <span class='ocrx_word' id='word_1_334' title='bbox 1504 3154 1808 3230; x_wconf 89' lang='lat' dir='ltr'><strong><em>Utrumque</em></strong></span> <span class='ocrx_word' id='word_1_335' title='bbox 1830 3158 2000 3215; x_wconf 83' lang='lat' dir='ltr'><strong><em>babes</em></strong></span> 
     </span>
    </p>
   </div>
   <div class='ocr_carea' id='block_1_49' title="bbox 432 3248 1538 3321">
    <p class='ocr_par' dir='ltr' id='par_1_49' title="bbox 432 3248 1538 3321">
     <span class='ocr_line' id='line_1_49' title="bbox 432 3248 1538 3321; baseline -0.002 -16"><span class='ocrx_word' id='word_1_336' title='bbox 432 3252 575 3321; x_wconf 83' lang='lat' dir='ltr'><strong><em>apud</em></strong></span> <span class='ocrx_word' id='word_1_337' title='bbox 604 3248 912 3304; x_wconf 86' lang='lat' dir='ltr'><strong><em>Fabricium</em></strong></span> <span class='ocrx_word' id='word_1_338' title='bbox 950 3257 1004 3303; x_wconf 90' lang='lat' dir='ltr'><strong><em>et</em></strong></span> <span class='ocrx_word' id='word_1_339' title='bbox 1033 3248 1374 3303; x_wconf 86' lang='lat' dir='ltr'><strong><em>Gallandium</em></strong></span> <span class='ocrx_word' id='word_1_340' title='bbox 1402 3248 1538 3320; x_wconf 90' lang='lat'><strong><em>(27).</em></strong></span> 
     </span>
    </p>
   </div>
   <div class='ocr_carea' id='block_1_50' title="bbox 505 3338 2000 3412">
    <p class='ocr_par' dir='ltr' id='par_1_50' title="bbox 505 3338 2000 3412">
     <span class='ocr_line' id='line_1_50' title="bbox 505 3338 2000 3412; baseline 0.003 -19"><span class='ocrx_word' id='word_1_341' title='bbox 505 3339 810 3395; x_wconf 80' lang='lat' dir='ltr'><strong><em>Verisimile</em></strong></span> <span class='ocrx_word' id='word_1_342' title='bbox 866 3354 998 3394; x_wconf 88' lang='lat' dir='ltr'><strong><em>sane</em></strong></span> <span class='ocrx_word' id='word_1_343' title='bbox 1029 3348 1132 3405; x_wconf 88' lang='lat' dir='ltr'><strong><em>est,</em></strong></span> <span class='ocrx_word' id='word_1_344' title='bbox 1160 3339 1304 3409; x_wconf 87' lang='lat' dir='ltr'><strong><em>quod</em></strong></span> <span class='ocrx_word' id='word_1_345' title='bbox 1353 3338 1410 3393; x_wconf 90' lang='lat' dir='ltr'><strong><em>S.</em></strong></span> <span class='ocrx_word' id='word_1_346' title='bbox 1439 3338 1756 3412; x_wconf 83' lang='lat' dir='ltr'><strong><em>Hippolytus</em></strong></span> <span class='ocrx_word' id='word_1_347' title='bbox 1799 3341 1853 3395; x_wconf 90' lang='lat' dir='ltr'><strong><em>in</em></strong></span> <span class='ocrx_word' id='word_1_348' title='bbox 1898 3341 2000 3397; x_wconf 86' lang='lat' dir='ltr'><strong><em>hac</em></strong></span> 
     </span>
    </p>
   </div>
   <div class='ocr_carea' id='block_1_51' title="bbox 432 3431 2001 3503">
    <p class='ocr_par' dir='ltr' id='par_1_51' title="bbox 432 3431 2001 3503">
     <span class='ocr_line' id='line_1_51' title="bbox 432 3431 2001 3503; baseline 0.001 -16"><span class='ocrx_word' id='word_1_349' title='bbox 432 3433 671 3503; x_wconf 73' lang='lat' dir='ltr'><strong><em>generali</em></strong></span> <span class='ocrx_word' id='word_1_350' title='bbox 711 3431 1039 3486; x_wconf 78' lang='lat' dir='ltr'><strong><em>refutatione</em></strong></span> <span class='ocrx_word' id='word_1_351' title='bbox 1080 3432 1348 3487; x_wconf 72' lang='lat' dir='ltr'><strong><em>luerosum</em></strong></span> <span class='ocrx_word' id='word_1_352' title='bbox 1371 3470 1387 3497; x_wconf 96' lang='lat'><strong><em>,</em></strong></span> <span class='ocrx_word' id='word_1_353' title='bbox 1426 3431 1563 3487; x_wconf 79' lang='lat' dir='ltr'><strong><em>falsa</em></strong></span> <span class='ocrx_word' id='word_1_354' title='bbox 1594 3432 2001 3489; x_wconf 76' lang='lat' dir='ltr'><strong><em>Valentiniano-</em></strong></span> 
     </span>
    </p>
   </div>
   <div class='ocr_carea' id='block_1_52' title="bbox 433 3520 1998 3593">
    <p class='ocr_par' dir='ltr' id='par_1_52' title="bbox 433 3520 1998 3593">
     <span class='ocr_line' id='line_1_52' title="bbox 433 3520 1998 3593; baseline 0.001 -17"><span class='ocrx_word' id='word_1_355' title='bbox 433 3538 555 3577; x_wconf 80' lang='lat' dir='ltr'><strong><em>rttm</em></strong></span> <span class='ocrx_word' id='word_1_356' title='bbox 615 3522 869 3592; x_wconf 84' lang='lat' dir='ltr'><strong><em>dogmata</em></strong></span> <span class='ocrx_word' id='word_1_357' title='bbox 929 3520 1273 3587; x_wconf 85' lang='lat' dir='ltr'><strong><em>admirabili,</em></strong></span> <span class='ocrx_word' id='word_1_358' title='bbox 1327 3531 1488 3592; x_wconf 87' lang='lat' dir='ltr'><strong><em>prout</em></strong></span> <span class='ocrx_word' id='word_1_359' title='bbox 1549 3521 1716 3577; x_wconf 83' lang='lat' dir='ltr'><strong><em>refert</em></strong></span> <span class='ocrx_word' id='word_1_360' title='bbox 1761 3522 1998 3593; x_wconf 84' lang='lat' dir='ltr'><strong><em>Epipha-</em></strong></span> 
     </span>
    </p>
   </div>
   <div class='ocr_carea' id='block_1_53' title="bbox 432 3612 1998 3684">
    <p class='ocr_par' dir='ltr' id='par_1_53' title="bbox 432 3612 1998 3684">
     <span class='ocr_line' id='line_1_53' title="bbox 432 3612 1998 3684; baseline 0.001 -17"><span class='ocrx_word' id='word_1_361' title='bbox 432 3614 559 3667; x_wconf 85' lang='lat' dir='ltr'><strong><em>nius</em></strong></span> <span class='ocrx_word' id='word_1_362' title='bbox 591 3612 724 3684; x_wconf 84' lang='lat'><strong><em>(28),</em></strong></span> <span class='ocrx_word' id='word_1_363' title='bbox 761 3612 991 3683; x_wconf 84' lang='lat' dir='ltr'><strong><em>quadam</em></strong></span> <span class='ocrx_word' id='word_1_364' title='bbox 1045 3612 1296 3682; x_wconf 76' lang='lat' dir='ltr'><strong><em>facultate</em></strong></span> <span class='ocrx_word' id='word_1_365' title='bbox 1361 3613 1632 3682; x_wconf 83' lang='lat' dir='ltr'><strong><em>refutarit.</em></strong></span> <span class='ocrx_word' id='word_1_366' title='bbox 1694 3612 1811 3669; x_wconf 87' lang='lat' dir='ltr'><strong><em>Iluc</em></strong></span> <span class='ocrx_word' id='word_1_367' title='bbox 1834 3614 1998 3669; x_wconf 86' lang='lat' dir='ltr'><strong><em>etiam</em></strong></span> 
     </span>
    </p>
   </div>
   <div class='ocr_carea' id='block_1_54' title="bbox 431 3702 2000 3775">
    <p class='ocr_par' dir='ltr' id='par_1_54' title="bbox 431 3702 2000 3775">
     <span class='ocr_line' id='line_1_54' title="bbox 431 3702 2000 3775; baseline 0.003 -18"><span class='ocrx_word' id='word_1_368' title='bbox 431 3702 741 3767; x_wconf 72' lang='lat' dir='ltr'><strong><em>referimus,</em></strong></span> <span class='ocrx_word' id='word_1_369' title='bbox 784 3719 906 3773; x_wconf 74' lang='lat' dir='ltr'><strong><em>quze</em></strong></span> <span class='ocrx_word' id='word_1_370' title='bbox 933 3703 1302 3759; x_wconf 83' lang='lat' dir='ltr'><strong><em>Theodoretus</em></strong></span> <span class='ocrx_word' id='word_1_371' title='bbox 1344 3705 1456 3773; x_wconf 85' lang='lat'><strong><em>(29)</em></strong></span> <span class='ocrx_word' id='word_1_372' title='bbox 1504 3714 1556 3759; x_wconf 87' lang='lat' dir='ltr'><strong><em>et</em></strong></span> <span class='ocrx_word' id='word_1_373' title='bbox 1583 3704 1807 3775; x_wconf 86' lang='lat' dir='ltr'><strong><em>quidam</em></strong></span> <span class='ocrx_word' id='word_1_374' title='bbox 1852 3707 2000 3761; x_wconf 81' lang='lat' dir='ltr'><strong><em>anti-</em></strong></span> 
     </span>
    </p>
   </div>
   <div class='ocr_carea' id='block_1_55' title="bbox 434 3794 2002 3867">
    <p class='ocr_par' dir='ltr' id='par_1_55' title="bbox 434 3794 2002 3867">
     <span class='ocr_line' id='line_1_55' title="bbox 434 3794 2002 3867; baseline 0.005 -20"><span class='ocrx_word' id='word_1_375' title='bbox 434 3809 578 3864; x_wconf 71' lang='lat' dir='ltr'><strong><em>quus</em></strong></span> <span class='ocrx_word' id='word_1_376' title='bbox 604 3807 797 3849; x_wconf 90' lang='lat' dir='ltr'><strong><em>auctor</em></strong></span> <span class='ocrx_word' id='word_1_377' title='bbox 821 3795 1153 3866; x_wconf 86' lang='lat' dir='ltr'><strong><em>(Stephanus</em></strong></span> <span class='ocrx_word' id='word_1_378' title='bbox 1176 3794 1377 3867; x_wconf 88' lang='lat' dir='ltr'><strong><em>Gobar)</em></strong></span> <span class='ocrx_word' id='word_1_379' title='bbox 1416 3798 1557 3867; x_wconf 88' lang='lat' dir='ltr'><strong><em>apud</em></strong></span> <span class='ocrx_word' id='word_1_380' title='bbox 1585 3796 1835 3853; x_wconf 81' lang='lat' dir='ltr'><strong><em>Photium</em></strong></span> <span class='ocrx_word' id='word_1_381' title='bbox 1872 3800 2002 3855; x_wconf 84' lang='lat' dir='ltr'><strong><em>alle-</em></strong></span> 
     </span>
    </p>
   </div>
   <div class='ocr_carea' id='block_1_56' title="bbox 432 3885 1999 3962">
    <p class='ocr_par' dir='ltr' id='par_1_56' title="bbox 432 3885 1999 3962">
     <span class='ocr_line' id='line_1_56' title="bbox 432 3885 1999 3962; baseline 0.004 -22"><span class='ocrx_word' id='word_1_382' title='bbox 432 3894 591 3957; x_wconf 84' lang='lat' dir='ltr'><strong><em>gatus</em></strong></span> <span class='ocrx_word' id='word_1_383' title='bbox 645 3885 758 3956; x_wconf 87' lang='lat'><strong><em>(50)</em></strong></span> <span class='ocrx_word' id='word_1_384' title='bbox 835 3887 902 3941; x_wconf 89' lang='lat' dir='ltr'><strong><em>de</em></strong></span> <span class='ocrx_word' id='word_1_385' title='bbox 963 3887 1182 3957; x_wconf 82' lang='lat' dir='ltr'><strong><em>scriptis</em></strong></span> <span class='ocrx_word' id='word_1_386' title='bbox 1258 3888 1432 3943; x_wconf 89' lang='lat' dir='ltr'><strong><em>sancti</em></strong></span> <span class='ocrx_word' id='word_1_387' title='bbox 1483 3890 1757 3962; x_wconf 85' lang='lat' dir='ltr'><strong><em>Hippolyti</em></strong></span> <span class='ocrx_word' id='word_1_388' title='bbox 1808 3900 1999 3947; x_wconf 88' lang='lat' dir='ltr'><strong><em>contra</em></strong></span> 
     </span>
    </p>
   </div>
   <div class='ocr_carea' id='block_1_57' title="bbox 432 3977 2000 4053">
    <p class='ocr_par' dir='ltr' id='par_1_57' title="bbox 432 3977 2000 4053">
     <span class='ocr_line' id='line_1_57' title="bbox 432 3977 2000 4053; baseline 0.004 -21"><span class='ocrx_word' id='word_1_389' title='bbox 432 3978 728 4033; x_wconf 84' lang='lat' dir='ltr'><strong><em>Nicolaitas</em></strong></span> <span class='ocrx_word' id='word_1_390' title='bbox 781 3988 835 4033; x_wconf 91' lang='lat' dir='ltr'><strong><em>et</em></strong></span> <span class='ocrx_word' id='word_1_391' title='bbox 860 3977 1221 4036; x_wconf 85' lang='lat' dir='ltr'><strong><em>Montanistas</em></strong></span> <span class='ocrx_word' id='word_1_392' title='bbox 1262 3982 1375 4053; x_wconf 82' lang='lat'><strong><em>(51)</em></strong></span> <span class='ocrx_word' id='word_1_393' title='bbox 1415 3984 1774 4040; x_wconf 83' lang='lat' dir='ltr'><strong><em>tradiderunt.</em></strong></span> <span class='ocrx_word' id='word_1_394' title='bbox 1818 3982 2000 4039; x_wconf 87' lang='lat' dir='ltr'><strong><em>Hebed</em></strong></span> 
     </span>
    </p>
   </div>
   <div class='ocr_carea' id='block_1_58' title="bbox 431 4069 2001 4142">
    <p class='ocr_par' dir='ltr' id='par_1_58' title="bbox 431 4069 2001 4142">
     <span class='ocr_line' id='line_1_58' title="bbox 431 4069 2001 4142; baseline 0.004 -18"><span class='ocrx_word' id='word_1_395' title='bbox 431 4069 559 4126; x_wconf 80' lang='lat' dir='ltr'><strong><em>Jesu</em></strong></span> <span class='ocrx_word' id='word_1_396' title='bbox 610 4071 663 4126; x_wconf 89' lang='lat' dir='ltr'><strong><em>in</em></strong></span> <span class='ocrx_word' id='word_1_397' title='bbox 694 4070 952 4142; x_wconf 84' lang='lat' dir='ltr'><strong><em>Catalogo</em></strong></span> <span class='ocrx_word' id='word_1_398' title='bbox 992 4072 1247 4127; x_wconf 86' lang='lat' dir='ltr'><strong><em>librorum</em></strong></span> <span class='ocrx_word' id='word_1_399' title='bbox 1287 4073 1696 4129; x_wconf 80' lang='lat' dir='ltr'><strong><em>Chaldaicornm</em></strong></span> <span class='ocrx_word' id='word_1_400' title='bbox 1736 4085 2001 4132; x_wconf 86' lang='lat' dir='ltr'><strong><em>memorat</em></strong></span> 
     </span>
    </p>
   </div>
   <div class='ocr_carea' id='block_1_59' title="bbox 435 4161 1999 4236">
    <p class='ocr_par' dir='ltr' id='par_1_59' title="bbox 435 4161 1999 4236">
     <span class='ocr_line' id='line_1_59' title="bbox 435 4161 1999 4236; baseline 0.004 -21"><span class='ocrx_word' id='word_1_401' title='bbox 435 4161 495 4216; x_wconf 85' lang='lat' dir='ltr'><strong><em>S.</em></strong></span> <span class='ocrx_word' id='word_1_402' title='bbox 523 4164 794 4234; x_wconf 82' lang='lat' dir='ltr'><strong><em>Hippolyti</em></strong></span> <span class='ocrx_word' id='word_1_403' title='bbox 850 4163 1112 4220; x_wconf 80' lang='lat' dir='ltr'><strong><em>adversus</em></strong></span> <span class='ocrx_word' id='word_1_404' title='bbox 1167 4164 1360 4220; x_wconf 87' lang='lat' dir='ltr'><strong><em>Caium</em></strong></span> <span class='ocrx_word' id='word_1_405' title='bbox 1412 4169 1630 4236; x_wconf 89' lang='lat' dir='ltr'><strong><em>capita,</em></strong></span> <span class='ocrx_word' id='word_1_406' title='bbox 1686 4168 1999 4223; x_wconf 68' lang='lat' dir='ltr'><strong><em>hiereticutn</em></strong></span> 
     </span>
    </p>
   </div>
   <div class='ocr_carea' id='block_1_60' title="bbox 526 4273 1997 4347">
    <p class='ocr_par' dir='ltr' id='par_1_60' title="bbox 526 4273 1997 4347">
     <span class='ocr_line' id='line_1_60' title="bbox 526 4273 1997 4347; baseline 0.003 -20"><span class='ocrx_word' id='word_1_407' title='bbox 526 4273 617 4347; x_wconf 74' lang='lat'><strong><em>22)</em></strong></span> <span class='ocrx_word' id='word_1_408' title='bbox 657 4273 862 4347; x_wconf 63' lang='lat' dir='ltr'><strong><em>Getas,</em></strong></span> <span class='ocrx_word' id='word_1_409' title='bbox 883 4284 1032 4347; x_wconf 87' lang='lat' dir='ltr'><strong><em>_t_om.</em></strong></span> <span class='ocrx_word' id='word_1_410' title='bbox 1061 4273 1176 4347; x_wconf 62' lang='lat' dir='ltr'><strong><em>Vill</em></strong></span> <span class='ocrx_word' id='word_1_411' title='bbox 1206 4275 1459 4331; x_wconf 87' lang='lat' dir='ltr'><strong><em>Biblioth.</em></strong></span> <span class='ocrx_word' id='word_1_412' title='bbox 1488 4277 1671 4342; x_wconf 87' lang='lat' dir='ltr'><strong><em>Patr.,</em></strong></span> <span class='ocrx_word' id='word_1_413' title='bbox 1704 4291 1828 4347; x_wconf 86' lang='lat' dir='ltr'><strong><em>pag.</em></strong></span> <span class='ocrx_word' id='word_1_414' title='bbox 1857 4276 1997 4346; x_wconf 70' lang='lat'><strong><em>704;</em></strong></span> 
     </span>
    </p>
   </div>
   <div class='ocr_carea' id='block_1_61' title="bbox 424 4341 1716 4467">
    <p class='ocr_par' dir='ltr' id='par_1_61' title="bbox 424 4341 1716 4467">
     <span class='ocr_line' id='line_1_61' title="bbox 424 4341 1716 4467; baseline 0.002 -70"><span class='ocrx_word' id='word_1_415' title='bbox 424 4341 676 4424; x_wconf 51' lang='lat' dir='ltr'><strong><em>Fabric&quot;</em></strong></span> <span class='ocrx_word' id='word_1_416' title='bbox 709 4344 847 4426; x_wconf 83' lang='lat' dir='ltr'><strong><em>_0pp.</em></strong></span> <span class='ocrx_word' id='word_1_417' title='bbox 883 4342 1158 4467; x_wconf 55' lang='lat' dir='ltr'><strong><em>Higpolyt.</em></strong></span> <span class='ocrx_word' id='word_1_418' title='bbox 1191 4355 1323 4400; x_wconf 91' lang='lat' dir='ltr'><strong><em>tom.</em></strong></span> <span class='ocrx_word' id='word_1_419' title='bbox 1356 4348 1396 4410; x_wconf 90' lang='lat' dir='ltr'><strong><em>l,</em></strong></span> <span class='ocrx_word' id='word_1_420' title='bbox 1430 4362 1553 4417; x_wconf 86' lang='lat' dir='ltr'><strong><em>pag.</em></strong></span> <span class='ocrx_word' id='word_1_421' title='bbox 1587 4341 1716 4433; x_wconf 33' lang='lat'><strong><em>2‘25.</em></strong></span> 
     </span>
     <span class='ocr_line' id='line_1_62' title="bbox 505 4413 1716 4467; baseline 0 0"><span class='ocrx_word' id='word_1_422' title='bbox 505 4414 618 4467; x_wconf 73' lang='lat'><strong><em>(25)</em></strong></span> <span class='ocrx_word' id='word_1_423' title='bbox 655 4413 911 4467; x_wconf 79' lang='lat' dir='ltr'><strong><em>Btbltoth.</em></strong></span> <span class='ocrx_word' id='word_1_424' title='bbox 993 4425 1098 4467; x_wconf 76' lang='lat' dir='ltr'><strong><em>utr.</em></strong></span> <span class='ocrx_word' id='word_1_425' title='bbox 1130 4425 1262 4467; x_wconf 90' lang='lat' dir='ltr'><strong><em>tom.</em></strong></span> <span class='ocrx_word' id='word_1_426' title='bbox 1295 4415 1383 4467; x_wconf 86' lang='lat' dir='ltr'><strong><em>Ill.</em></strong></span> <span class='ocrx_word' id='word_1_427' title='bbox 1414 4433 1537 4467; x_wconf 70' lang='lat' dir='ltr'><strong><em>nan.</em></strong></span> <span class='ocrx_word' id='word_1_428' title='bbox 1562 4417 1716 4467; x_wconf 66' lang='lat'><strong><em>261-5</em></strong></span> 
     </span>
    </p>
   </div>
   <div class='ocr_carea' id='block_1_62' title="bbox 505 4413 1821 4488">
    <p class='ocr_par' dir='ltr' id='par_1_62' title="bbox 505 4413 1821 4488">
     <span class='ocr_line' id='line_1_63' title="bbox 505 4413 1821 4488; baseline 0.005 -22"><span class='ocrx_word' id='word_1_429' title='bbox 505 4414 618 4488; x_wconf 71' lang='lat'><strong><em>(25)</em></strong></span> <span class='ocrx_word' id='word_1_430' title='bbox 655 4413 911 4488; x_wconf 58' lang='lat' dir='ltr'><strong><em>Qiblioth.</em></strong></span> <span class='ocrx_word' id='word_1_431' title='bbox 946 4413 1262 4488; x_wconf 46' lang='lat' dir='ltr'><strong><em>Petiliam.</em></strong></span> <span class='ocrx_word' id='word_1_432' title='bbox 1295 4415 1383 4480; x_wconf 88' lang='lat' dir='ltr'><strong><em>Ill,</em></strong></span> <span class='ocrx_word' id='word_1_433' title='bbox 1562 4416 1821 4488; x_wconf 65' lang='grc'><strong>261-264.</strong></span> 
     </span>
    </p>
   </div>
   <div class='ocr_carea' id='block_1_63' title="bbox 505 4481 1650 4552">
    <p class='ocr_par' dir='ltr' id='par_1_63' title="bbox 505 4481 1650 4552">
     <span class='ocr_line' id='line_1_64' title="bbox 505 4481 1650 4552; baseline 0.004 -17"><span class='ocrx_word' id='word_1_434' title='bbox 505 4481 619 4552; x_wconf 71' lang='grc'>(24)</span> <span class='ocrx_word' id='word_1_435' title='bbox 657 4481 967 4552; x_wconf 80' lang='lat' dir='ltr'><strong><em>Tillemont,</em></strong></span> <span class='ocrx_word' id='word_1_436' title='bbox 1031 4484 1302 4547; x_wconf 75' lang='grc' dir='ltr'><strong><em>Μέιηοὶι·.,</em></strong></span> <span class='ocrx_word' id='word_1_437' title='bbox 1376 4481 1513 4542; x_wconf 59' lang='lat' dir='ltr'><strong><em>uim:</em></strong></span> <span class='ocrx_word' id='word_1_438' title='bbox 1566 4486 1650 4549; x_wconf 84' lang='lat' dir='ltr'><strong><em>Ill.</em></strong></span> 
     </span>
    </p>
   </div>
   <div class='ocr_carea' id='block_1_64' title="bbox 432 4551 2003 4625">
    <p class='ocr_par' dir='ltr' id='par_1_64' title="bbox 432 4551 2003 4625">
     <span class='ocr_line' id='line_1_65' title="bbox 432 4551 2003 4625; baseline 0.006 -21"><span class='ocrx_word' id='word_1_439' title='bbox 432 4551 672 4625; x_wconf 72' lang='lat' dir='ltr'><strong><em>Ceillier,</em></strong></span> <span class='ocrx_word' id='word_1_440' title='bbox 706 4551 847 4625; x_wconf 74' lang='lat' dir='ltr'><strong><em>Hist.</em></strong></span> <span class='ocrx_word' id='word_1_441' title='bbox 874 4556 1074 4625; x_wconf 47' lang='lat' dir='ltr'><strong><em>gener&quot;</em></strong></span> <span class='ocrx_word' id='word_1_442' title='bbox 1103 4565 1235 4609; x_wconf 86' lang='lat' dir='ltr'><strong><em>tom.</em></strong></span> <span class='ocrx_word' id='word_1_443' title='bbox 1264 4554 1331 4619; x_wconf 91' lang='lat' dir='ltr'><strong><em>II,</em></strong></span> <span class='ocrx_word' id='word_1_444' title='bbox 1363 4571 1486 4625; x_wconf 84' lang='lat' dir='ltr'><strong><em>pag.</em></strong></span> <span class='ocrx_word' id='word_1_445' title='bbox 1515 4557 1649 4623; x_wconf 75' lang='lat' dir='ltr'><strong><em>5M;</em></strong></span> <span class='ocrx_word' id='word_1_446' title='bbox 1682 4551 1912 4613; x_wconf 71' lang='lat' dir='ltr'><strong><em>Maurini</em></strong></span> <span class='ocrx_word' id='word_1_447' title='bbox 1947 4551 2003 4614; x_wconf 86' lang='lat' dir='ltr'><strong><em>in</em></strong></span> 
     </span>
    </p>
   </div>
   <div class='ocr_carea' id='block_1_65' title="bbox 435 4620 1999 4696">
    <p class='ocr_par' dir='ltr' id='par_1_65' title="bbox 435 4620 1999 4696">
     <span class='ocr_line' id='line_1_66' title="bbox 435 4620 1999 4696; baseline 0.006 -22"><span class='ocrx_word' id='word_1_448' title='bbox 435 4620 581 4676; x_wconf 68' lang='lat' dir='ltr'><strong><em>Hist.</em></strong></span> <span class='ocrx_word' id='word_1_449' title='bbox 605 4621 774 4696; x_wconf 64' lang='lat' dir='ltr'><strong><em>inter.</em></strong></span> <span class='ocrx_word' id='word_1_450' title='bbox 802 4620 950 4696; x_wconf 42' lang='lat' dir='ltr'><strong><em>deZla</em></strong></span> <span class='ocrx_word' id='word_1_451' title='bbox 977 4623 1199 4696; x_wconf 77' lang='lat' dir='ltr'><strong><em>France,</em></strong></span> <span class='ocrx_word' id='word_1_452' title='bbox 1234 4620 1587 4696; x_wconf 57' lang='lat' dir='ltr'><strong><em>tom;_l,&#39;pag.</em></strong></span> <span class='ocrx_word' id='word_1_453' title='bbox 1614 4620 1740 4695; x_wconf 64' lang='lat'><strong><em>584;</em></strong></span> <span class='ocrx_word' id='word_1_454' title='bbox 1760 4627 1999 4696; x_wconf 87' lang='lat' dir='ltr'><strong><em>Fabric.,</em></strong></span> 
     </span>
    </p>
   </div>
   <div class='ocr_carea' id='block_1_66' title="bbox 432 4690 1601 4765">
    <p class='ocr_par' dir='ltr' id='par_1_66' title="bbox 432 4690 1601 4765">
     <span class='ocr_line' id='line_1_67' title="bbox 432 4690 1601 4765; baseline 0.006 -20"><span class='ocrx_word' id='word_1_455' title='bbox 432 4693 623 4765; x_wconf 29' lang='lat' dir='ltr'><strong><em>tomal</em></strong></span> <span class='ocrx_word' id='word_1_456' title='bbox 661 4690 818 4765; x_wconf 81' lang='lat' dir='ltr'><strong><em>_Opp.</em></strong></span> <span class='ocrx_word' id='word_1_457' title='bbox 853 4690 1151 4765; x_wconf 82' lang='lat' dir='ltr'><strong><em>llippolyt.,</em></strong></span> <span class='ocrx_word' id='word_1_458' title='bbox 1185 4710 1308 4765; x_wconf 79' lang='lat' dir='ltr'><strong><em>pag.</em></strong></span> <span class='ocrx_word' id='word_1_459' title='bbox 1340 4690 1601 4752; x_wconf 65' lang='lat'><strong><em>225-223.</em></strong></span> 
     </span>
    </p>
   </div>
   <div class='ocr_carea' id='block_1_67' title="bbox 506 4708 1338 4835">
    <p class='ocr_par' dir='ltr' id='par_1_67' title="bbox 506 4708 1338 4835">
     <span class='ocr_line' id='line_1_68' title="bbox 506 4708 1338 4835; baseline 0.004 -20"><span class='ocrx_word' id='word_1_460' title='bbox 506 4708 623 4835; x_wconf 55' lang='lat' dir='ltr'><strong><em>T233</em></strong></span> <span class='ocrx_word' id='word_1_461' title='bbox 661 4708 1338 4835; x_wconf 47' lang='lat' dir='ltr'><strong><em>rfﬁiié’i‘fﬂ‘gapé‘ié.</em></strong></span> 
     </span>
    </p>
   </div>
   <div class='ocr_carea' id='block_1_68' title="bbox 433 4831 2000 4971">
    <p class='ocr_par' dir='ltr' id='par_1_68' title="bbox 433 4831 2000 4971">
     <span class='ocr_line' id='line_1_69' title="bbox 433 4831 2000 4971; baseline 0.004 -85"><span class='ocrx_word' id='word_1_462' title='bbox 433 4832 620 4971; x_wconf 46' lang='lat' dir='ltr'><strong><em>pagis;</em></strong></span> <span class='ocrx_word' id='word_1_463' title='bbox 659 4831 856 4886; x_wconf 86' lang='lat' dir='ltr'><strong><em>Chron.</em></strong></span> <span class='ocrx_word' id='word_1_464' title='bbox 911 4831 1178 4889; x_wconf 73' lang='lat' dir='ltr'><strong><em>Alexaml.</em></strong></span> <span class='ocrx_word' id='word_1_465' title='bbox 1228 4835 1435 4905; x_wconf 80' lang='lat' dir='ltr'><strong><em>pasclt.,</em></strong></span> <span class='ocrx_word' id='word_1_466' title='bbox 1485 4837 1616 4892; x_wconf 90' lang='lat' dir='ltr'><strong><em>edit.</em></strong></span> <span class='ocrx_word' id='word_1_467' title='bbox 1673 4836 1755 4893; x_wconf 89' lang='lat' dir='ltr'><strong><em>Du</em></strong></span> <span class='ocrx_word' id='word_1_468' title='bbox 1797 4837 2000 4911; x_wconf 82' lang='lat' dir='ltr'><strong><em>Cange,</em></strong></span> 
     </span>
    </p>
   </div>
   <div class='ocr_carea' id='block_1_69' title="bbox 503 4971 2006 5045">
    <p class='ocr_par' dir='ltr' id='par_1_69' title="bbox 503 4971 2006 5045">
     <span class='ocr_line' id='line_1_70' title="bbox 503 4971 2006 5045; baseline 0.005 -21"><span class='ocrx_word' id='word_1_469' title='bbox 503 4972 617 5043; x_wconf 83' lang='lat'><strong><em>(27)</em></strong></span> <span class='ocrx_word' id='word_1_470' title='bbox 651 4971 868 5045; x_wconf 59' lang='lat' dir='ltr'><strong><em>Fabric.</em></strong></span> <span class='ocrx_word' id='word_1_471' title='bbox 899 4973 937 5030; x_wconf 93' lang='lat' dir='ltr'><strong><em>l.</em></strong></span> <span class='ocrx_word' id='word_1_472' title='bbox 979 4988 1057 5045; x_wconf 81' lang='lat' dir='ltr'><strong><em>c.,</em></strong></span> <span class='ocrx_word' id='word_1_473' title='bbox 1092 4990 1216 5045; x_wconf 81' lang='lat' dir='ltr'><strong><em>pag.</em></strong></span> <span class='ocrx_word' id='word_1_474' title='bbox 1247 4974 1355 5030; x_wconf 78' lang='grc'><strong><em>224</em></strong></span> <span class='ocrx_word' id='word_1_475' title='bbox 1385 4985 1440 5031; x_wconf 89' lang='lat' dir='ltr'><strong><em>et</em></strong></span> <span class='ocrx_word' id='word_1_476' title='bbox 1462 4977 1567 5043; x_wconf 69' lang='lat'><strong><em>45;</em></strong></span> <span class='ocrx_word' id='word_1_477' title='bbox 1602 4976 1871 5042; x_wconf 88' lang='lat' dir='ltr'><strong><em>Galland.,</em></strong></span> <span class='ocrx_word' id='word_1_478' title='bbox 1907 4977 2006 5032; x_wconf 76' lang='lat' dir='ltr'><strong><em>Bi~</em></strong></span> 
     </span>
    </p>
   </div>
   <div class='ocr_carea' id='block_1_70' title="bbox 431 5040 1330 5116">
    <p class='ocr_par' dir='ltr' id='par_1_70' title="bbox 431 5040 1330 5116">
     <span class='ocr_line' id='line_1_71' title="bbox 431 5040 1330 5116; baseline 0.003 -20"><span class='ocrx_word' id='word_1_479' title='bbox 431 5040 616 5116; x_wconf 60' lang='lat' dir='ltr'><strong><em>(ilict/3.</em></strong></span> <span class='ocrx_word' id='word_1_480' title='bbox 640 5041 759 5116; x_wconf 58' lang='grc' dir='ltr'><strong><em>ΙζΡ.</em></strong></span> <span class='ocrx_word' id='word_1_481' title='bbox 796 5052 929 5116; x_wconf 88' lang='lat' dir='ltr'><strong><em>tom.</em></strong></span> <span class='ocrx_word' id='word_1_482' title='bbox 958 5043 1026 5110; x_wconf 89' lang='lat' dir='ltr'><strong><em>ll,</em></strong></span> <span class='ocrx_word' id='word_1_483' title='bbox 1060 5040 1189 5116; x_wconf 56' lang='lat' dir='ltr'><strong><em>pag:</em></strong></span> <span class='ocrx_word' id='word_1_484' title='bbox 1205 5045 1330 5099; x_wconf 65' lang='lat'><strong><em>499.</em></strong></span> 
     </span>
    </p>
   </div>
   <div class='ocr_carea' id='block_1_71' title="bbox 429 5111 1999 5238">
    <p class='ocr_par' dir='ltr' id='par_1_71' title="bbox 429 5111 1999 5238">
     <span class='ocr_line' id='line_1_72' title="bbox 429 5111 1999 5238; baseline 0.003 -70"><span class='ocrx_word' id='word_1_485' title='bbox 429 5113 618 5238; x_wconf 69' lang='lat'><strong><em>29(528)</em></strong></span> <span class='ocrx_word' id='word_1_486' title='bbox 656 5111 924 5184; x_wconf 82' lang='lat' dir='ltr'><strong><em>Epipltan.</em></strong></span> <span class='ocrx_word' id='word_1_487' title='bbox 979 5111 1169 5170; x_wconf 66' lang='lat' dir='ltr'><strong><em>haeres.</em></strong></span> <span class='ocrx_word' id='word_1_488' title='bbox 1215 5116 1304 5183; x_wconf 81' lang='lat' dir='ltr'><strong><em>5i,</em></strong></span> <span class='ocrx_word' id='word_1_489' title='bbox 1367 5132 1517 5175; x_wconf 90' lang='lat' dir='ltr'><strong><em>num.</em></strong></span> <span class='ocrx_word' id='word_1_490' title='bbox 1569 5118 1661 5183; x_wconf 83' lang='lat'><strong><em>55,</em></strong></span> <span class='ocrx_word' id='word_1_491' title='bbox 1689 5127 1841 5183; x_wconf 26' lang='lat' dir='ltr'><strong><em>(tom.</em></strong></span> <span class='ocrx_word' id='word_1_492' title='bbox 1871 5116 1916 5184; x_wconf 82' lang='lat' dir='ltr'><strong><em>l,</em></strong></span> <span class='ocrx_word' id='word_1_493' title='bbox 1945 5133 1999 5188; x_wconf 92' lang='lat' dir='ltr'><strong><em>p.</em></strong></span> 
     </span>
    </p>
   </div>
   <div class='ocr_carea' id='block_1_72' title="bbox 505 5222 2001 5378">
    <p class='ocr_par' dir='ltr' id='par_1_72' title="bbox 505 5222 2001 5378">
     <span class='ocr_line' id='line_1_73' title="bbox 505 5222 2001 5378; baseline 0.003 -71"><span class='ocrx_word' id='word_1_494' title='bbox 505 5222 619 5323; x_wconf 56' lang='lat'><strong><em>(29)</em></strong></span> <span class='ocrx_word' id='word_1_495' title='bbox 666 5273 686 5306; x_wconf 84' lang='grc'><strong>‹</strong></span> <span class='ocrx_word' id='word_1_496' title='bbox 713 5253 918 5308; x_wconf 82' lang='lat' dir='ltr'><strong><em>Contra</em></strong></span> <span class='ocrx_word' id='word_1_497' title='bbox 952 5254 1053 5309; x_wconf 88' lang='lat' dir='ltr'><strong><em>hos</em></strong></span> <span class='ocrx_word' id='word_1_498' title='bbox 1086 5253 1425 5326; x_wconf 85' lang='lat' dir='ltr'><strong><em>(Nicolaitas)</em></strong></span> <span class='ocrx_word' id='word_1_499' title='bbox 1459 5255 1680 5325; x_wconf 90' lang='lat' dir='ltr'><strong><em>scripsit</em></strong></span> <span class='ocrx_word' id='word_1_500' title='bbox 1704 5255 2001 5378; x_wconf 49' lang='lat' dir='ltr'><strong><em>praedictus</em></strong></span> 
     </span>
     <span class='ocr_line' id='line_1_74' title="bbox 505 5322 1999 5378; baseline 0.002 -3"><span class='ocrx_word' id='word_1_501' title='bbox 505 5338 703 5378; x_wconf 79' lang='lat' dir='ltr'><strong><em>emens.</em></strong></span> <span class='ocrx_word' id='word_1_502' title='bbox 751 5335 806 5378; x_wconf 89' lang='lat' dir='ltr'><strong><em>et</em></strong></span> <span class='ocrx_word' id='word_1_503' title='bbox 851 5322 1120 5378; x_wconf 75' lang='lat' dir='ltr'><strong><em>lrenams.</em></strong></span> <span class='ocrx_word' id='word_1_504' title='bbox 1171 5335 1225 5378; x_wconf 90' lang='lat' dir='ltr'><strong><em>et</em></strong></span> <span class='ocrx_word' id='word_1_505' title='bbox 1249 5326 1532 5378; x_wconf 73' lang='lat' dir='ltr'><strong><em>Oricenes.</em></strong></span> <span class='ocrx_word' id='word_1_506' title='bbox 1583 5336 1636 5378; x_wconf 91' lang='lat' dir='ltr'><strong><em>et</em></strong></span> <span class='ocrx_word' id='word_1_507' title='bbox 1681 5324 1999 5378; x_wconf 82' lang='lat' dir='ltr'><strong><em>Itonolvtus</em></strong></span> 
     </span>
    </p>
   </div>
   <div class='ocr_carea' id='block_1_73' title="bbox 429 5321 1999 5396">
    <p class='ocr_par' dir='ltr' id='par_1_73' title="bbox 429 5321 1999 5396">
     <span class='ocr_line' id='line_1_75' title="bbox 429 5321 1999 5396; baseline 0.003 -20"><span class='ocrx_word' id='word_1_508' title='bbox 429 5321 703 5390; x_wconf 84' lang='lat' dir='ltr'><strong><em>Clemens,</em></strong></span> <span class='ocrx_word' id='word_1_509' title='bbox 751 5335 806 5378; x_wconf 90' lang='lat' dir='ltr'><strong><em>ct</em></strong></span> <span class='ocrx_word' id='word_1_510' title='bbox 851 5321 1120 5390; x_wconf 72' lang='lat' dir='ltr'><strong><em>lrenams,</em></strong></span> <span class='ocrx_word' id='word_1_511' title='bbox 1171 5321 1532 5396; x_wconf 71' lang='lat' dir='ltr'><strong><em>e_t0rigenes,</em></strong></span> <span class='ocrx_word' id='word_1_512' title='bbox 1573 5321 1636 5396; x_wconf 32' lang='lat' dir='ltr'><strong><em>iet</em></strong></span> <span class='ocrx_word' id='word_1_513' title='bbox 1681 5321 1999 5396; x_wconf 76' lang='lat' dir='ltr'><strong><em>Hippolytus</em></strong></span> 
     </span>
    </p>
   </div>
   <div class='ocr_carea' id='block_1_74' title="bbox 430 5394 1997 5532">
    <p class='ocr_par' dir='ltr' id='par_1_74' title="bbox 430 5394 1997 5532">
     <span class='ocr_line' id='line_1_76' title="bbox 430 5394 1997 5532; baseline 0.004 -89"><span class='ocrx_word' id='word_1_514' title='bbox 430 5402 827 5532; x_wconf 38' lang='lat' dir='ltr'><strong><em>rygicpnggoeit.</em></strong></span> <span class='ocrx_word' id='word_1_515' title='bbox 847 5404 1074 5467; x_wconf 89' lang='lat' dir='ltr'><strong><em>martyr.</em></strong></span> <span class='ocrx_word' id='word_1_516' title='bbox 1110 5413 1129 5447; x_wconf 73' lang='grc' dir='ltr'><strong><em>ι</em></strong></span> <span class='ocrx_word' id='word_1_517' title='bbox 1179 5394 1530 5464; x_wconf 85' lang='lat' dir='ltr'><strong><em>Thcodorct.,</em></strong></span> <span class='ocrx_word' id='word_1_518' title='bbox 1576 5394 1670 5450; x_wconf 88' lang='lat' dir='ltr'><strong><em>lib.</em></strong></span> <span class='ocrx_word' id='word_1_519' title='bbox 1701 5411 1761 5449; x_wconf 85' lang='lat' dir='ltr'><strong><em>tu</em></strong></span> <span class='ocrx_word' id='word_1_520' title='bbox 1796 5394 1997 5450; x_wconf 69' lang='lat' dir='ltr'><strong><em>liceret.</em></strong></span> 
     </span>
    </p>
   </div>
   <div class='ocr_carea' id='block_1_75' title="bbox 468 5479 827 5524">
    <p class='ocr_par' dir='ltr' id='par_1_75' title="bbox 468 5479 827 5524">
     <span class='ocr_line' id='line_1_77' title="bbox 468 5479 827 5524; baseline 0.011 -10"><span class='ocrx_word' id='word_1_521' title='bbox 468 5479 555 5514; x_wconf 82' lang='lat' dir='ltr'><strong><em>an.</em></strong></span> <span class='ocrx_word' id='word_1_522' title='bbox 579 5500 595 5524; x_wconf 93' lang='lat'><strong><em>,</em></strong></span> <span class='ocrx_word' id='word_1_523' title='bbox 628 5479 750 5524; x_wconf 78' lang='lat' dir='ltr'><strong><em>cap.</em></strong></span> <span class='ocrx_word' id='word_1_524' title='bbox 773 5479 827 5519; x_wconf 85' lang='lat' dir='ltr'><strong><em>‘l.</em></strong></span> 
     </span>
    </p>
   </div>
   <div class='ocr_carea' id='block_1_76' title="bbox 506 5479 2002 5605">
    <p class='ocr_par' dir='ltr' id='par_1_76' title="bbox 506 5479 2002 5605">
     <span class='ocr_line' id='line_1_78' title="bbox 506 5479 2002 5605; baseline 0.002 -21"><span class='ocrx_word' id='word_1_525' title='bbox 506 5479 926 5605; x_wconf 39' lang='lat' dir='ltr'><strong><em>(“ffgdjhrec</em></strong></span> <span class='ocrx_word' id='word_1_526' title='bbox 951 5535 1165 5605; x_wconf 88' lang='lat' dir='ltr'><strong><em>qualem</em></strong></span> <span class='ocrx_word' id='word_1_527' title='bbox 1194 5536 1505 5605; x_wconf 87' lang='lat' dir='ltr'><strong><em>opinionem</em></strong></span> <span class='ocrx_word' id='word_1_528' title='bbox 1535 5532 2002 5604; x_wconf 87' lang='lat' dir='ltr'><strong><em>habueritHippo-</em></strong></span> 
     </span>
    </p>
   </div>
   <div class='ocr_carea' id='block_1_77' title="bbox 435 5602 2000 5675">
    <p class='ocr_par' dir='ltr' id='par_1_77' title="bbox 435 5602 2000 5675">
     <span class='ocr_line' id='line_1_79' title="bbox 435 5602 2000 5675; baseline 0.002 -19"><span class='ocrx_word' id='word_1_529' title='bbox 435 5608 583 5672; x_wconf 86' lang='lat' dir='ltr'><strong><em>lytus</em></strong></span> <span class='ocrx_word' id='word_1_530' title='bbox 603 5610 657 5657; x_wconf 86' lang='lat' dir='ltr'><strong><em>et</em></strong></span> <span class='ocrx_word' id='word_1_531' title='bbox 682 5602 1020 5675; x_wconf 79' lang='lat' dir='ltr'><strong><em>Epiphanius</em></strong></span> <span class='ocrx_word' id='word_1_532' title='bbox 1051 5613 1117 5659; x_wconf 87' lang='lat' dir='ltr'><strong><em>de</em></strong></span> <span class='ocrx_word' id='word_1_533' title='bbox 1150 5602 1373 5660; x_wconf 79' lang='lat' dir='ltr'><strong><em>Nicolao</em></strong></span> <span class='ocrx_word' id='word_1_534' title='bbox 1429 5621 1460 5658; x_wconf 89' lang='lat' dir='ltr'><strong><em>e</em></strong></span> <span class='ocrx_word' id='word_1_535' title='bbox 1503 5616 1706 5675; x_wconf 81' lang='lat' dir='ltr'><strong><em>septem</em></strong></span> <span class='ocrx_word' id='word_1_536' title='bbox 1752 5602 2000 5659; x_wconf 75' lang='lat' dir='ltr'><strong><em>diaconis</em></strong></span> 
     </span>
    </p>
   </div>
   <div class='ocr_carea' id='block_1_78' title="bbox 433 5674 1995 5747">
    <p class='ocr_par' dir='ltr' id='par_1_78' title="bbox 433 5674 1995 5747">
     <span class='ocr_line' id='line_1_80' title="bbox 433 5674 1995 5747; baseline 0.004 -24"><span class='ocrx_word' id='word_1_537' title='bbox 433 5687 563 5747; x_wconf 60' lang='lat' dir='ltr'><strong><em>utro,</em></strong></span> <span class='ocrx_word' id='word_1_538' title='bbox 611 5682 665 5727; x_wconf 89' lang='lat' dir='ltr'><strong><em>et</em></strong></span> <span class='ocrx_word' id='word_1_539' title='bbox 709 5674 855 5747; x_wconf 77' lang='lat' dir='ltr'><strong><em>quod</em></strong></span> <span class='ocrx_word' id='word_1_540' title='bbox 904 5675 1079 5729; x_wconf 79' lang='lat' dir='ltr'><strong><em>valith</em></strong></span> <span class='ocrx_word' id='word_1_541' title='bbox 1117 5676 1268 5730; x_wconf 87' lang='lat' dir='ltr'><strong><em>illum</em></strong></span> <span class='ocrx_word' id='word_1_542' title='bbox 1304 5674 1648 5731; x_wconf 84' lang='lat' dir='ltr'><strong><em>condemnet.</em></strong></span> <span class='ocrx_word' id='word_1_543' title='bbox 1685 5695 1705 5729; x_wconf 74' lang='grc' dir='ltr'><strong><em>ι</em></strong></span> <span class='ocrx_word' id='word_1_544' title='bbox 1735 5675 1995 5746; x_wconf 84' lang='lat' dir='ltr'><strong><em>Stepltau.</em></strong></span> 
     </span>
    </p>
   </div>
   <div class='ocr_carea' id='block_1_79' title="bbox 432 5742 1629 5819">
    <p class='ocr_par' dir='ltr' id='par_1_79' title="bbox 432 5742 1629 5819">
     <span class='ocr_line' id='line_1_81' title="bbox 432 5742 1629 5819; baseline 0.007 -22"><span class='ocrx_word' id='word_1_545' title='bbox 432 5742 616 5798; x_wconf 74' lang='lat' dir='ltr'><strong><em>Gobar</em></strong></span> <span class='ocrx_word' id='word_1_546' title='bbox 644 5746 785 5819; x_wconf 76' lang='lat' dir='ltr'><strong><em>apud</em></strong></span> <span class='ocrx_word' id='word_1_547' title='bbox 823 5744 1073 5801; x_wconf 82' lang='lat' dir='ltr'><strong><em>Photiunt</em></strong></span> <span class='ocrx_word' id='word_1_548' title='bbox 1109 5747 1293 5801; x_wconf 85' lang='lat' dir='ltr'><strong><em>codice</em></strong></span> <span class='ocrx_word' id='word_1_549' title='bbox 1325 5761 1560 5802; x_wconf 76' lang='lat' dir='ltr'><strong><em>ccxxx&quot;.</em></strong></span> <span class='ocrx_word' id='word_1_550' title='bbox 1622 5798 1629 5805; x_wconf 93' lang='lat'><strong><em>.</em></strong></span> 
     </span>
    </p>
   </div>
   <div class='ocr_carea' id='block_1_80' title="bbox 2114 1874 3683 1951">
    <p class='ocr_par' dir='ltr' id='par_1_80' title="bbox 2114 1874 3683 1951">
     <span class='ocr_line' id='line_1_82' title="bbox 2114 1874 3683 1951; baseline 0.004 -23"><span class='ocrx_word' id='word_1_551' title='bbox 2114 1876 2364 1931; x_wconf 81' lang='lat' dir='ltr'><strong><em>volumen</em></strong></span> <span class='ocrx_word' id='word_1_552' title='bbox 2395 1874 2581 1940; x_wconf 81' lang='lat' dir='ltr'><strong><em>fuisse,</em></strong></span> <span class='ocrx_word' id='word_1_553' title='bbox 2605 1877 2748 1945; x_wconf 88' lang='lat' dir='ltr'><strong><em>quod</em></strong></span> <span class='ocrx_word' id='word_1_554' title='bbox 2776 1876 3066 1946; x_wconf 80' lang='lat' dir='ltr'><strong><em>scripserat</em></strong></span> <span class='ocrx_word' id='word_1_555' title='bbox 3088 1876 3407 1949; x_wconf 77' lang='lat' dir='ltr'><strong><em>Hippolytus</em></strong></span> <span class='ocrx_word' id='word_1_556' title='bbox 3423 1879 3559 1951; x_wconf 76' lang='grc' dir='ltr'><strong><em>Περὶ</em></strong></span> <span class='ocrx_word' id='word_1_557' title='bbox 3580 1879 3683 1935; x_wconf 78' lang='grc' dir='ltr'><strong><em>τοῦ</em></strong></span> 
     </span>
    </p>
   </div>
   <div class='ocr_carea' id='block_1_81' title="bbox 2113 1966 3683 2040">
    <p class='ocr_par' dir='ltr' id='par_1_81' title="bbox 2113 1966 3683 2040">
     <span class='ocr_line' id='line_1_83' title="bbox 2113 1966 3683 2040; baseline 0.005 -20"><span class='ocrx_word' id='word_1_558' title='bbox 2113 1966 2351 2035; x_wconf 80' lang='grc' dir='ltr'><strong><em>ἀγαθοῦ,</em></strong></span> <span class='ocrx_word' id='word_1_559' title='bbox 2404 1967 2498 2021; x_wconf 71' lang='grc' dir='ltr'><strong><em>καὶ</em></strong></span> <span class='ocrx_word' id='word_1_560' title='bbox 2541 1966 2702 2021; x_wconf 77' lang='grc' dir='ltr'>πόθεν</span> <span class='ocrx_word' id='word_1_561' title='bbox 2749 1967 2810 2021; x_wconf 82' lang='grc' dir='ltr'><strong>τὸ</strong></span> <span class='ocrx_word' id='word_1_562' title='bbox 2858 1968 3045 2031; x_wconf 84' lang='grc' dir='ltr'>κακόν,</span> <span class='ocrx_word' id='word_1_563' title='bbox 3101 1979 3472 2040; x_wconf 86' lang='lat' dir='ltr'><strong><em>memoratque</em></strong></span> <span class='ocrx_word' id='word_1_564' title='bbox 3507 1970 3683 2027; x_wconf 76' lang='lat' dir='ltr'><strong><em>Euse-</em></strong></span> 
     </span>
    </p>
   </div>
   <div class='ocr_carea' id='block_1_82' title="bbox 2112 2055 3683 2132">
    <p class='ocr_par' dir='ltr' id='par_1_82' title="bbox 2112 2055 3683 2132">
     <span class='ocr_line' id='line_1_84' title="bbox 2112 2055 3683 2132; baseline 0.005 -22"><span class='ocrx_word' id='word_1_565' title='bbox 2112 2055 2236 2112; x_wconf 79' lang='lat' dir='ltr'><strong><em>bius</em></strong></span> <span class='ocrx_word' id='word_1_566' title='bbox 2268 2058 2402 2128; x_wconf 74' lang='lat'><strong><em>(55).</em></strong></span> <span class='ocrx_word' id='word_1_567' title='bbox 2449 2059 2493 2111; x_wconf 77' lang='grc' dir='ltr'>Α</span> <span class='ocrx_word' id='word_1_568' title='bbox 2529 2056 2868 2113; x_wconf 83' lang='lat' dir='ltr'><strong><em>Theodoreto</em></strong></span> <span class='ocrx_word' id='word_1_569' title='bbox 2897 2058 3009 2127; x_wconf 81' lang='lat'><strong><em>(56)</em></strong></span> <span class='ocrx_word' id='word_1_570' title='bbox 3039 2060 3176 2113; x_wconf 89' lang='lat' dir='ltr'><strong><em>inter</em></strong></span> <span class='ocrx_word' id='word_1_571' title='bbox 3209 2075 3325 2124; x_wconf 86' lang='lat' dir='ltr'><strong><em>eos,</em></strong></span> <span class='ocrx_word' id='word_1_572' title='bbox 3355 2061 3447 2129; x_wconf 91' lang='lat' dir='ltr'><strong><em>qui</em></strong></span> <span class='ocrx_word' id='word_1_573' title='bbox 3479 2061 3683 2132; x_wconf 81' lang='grc' dir='ltr'><strong><em>ἄριστα.</em></strong></span> 
     </span>
    </p>
   </div>
   <div class='ocr_carea' id='block_1_83' title="bbox 2112 2146 3681 2223">
    <p class='ocr_par' dir='ltr' id='par_1_83' title="bbox 2112 2146 3681 2223">
     <span class='ocr_line' id='line_1_85' title="bbox 2112 2146 3681 2223; baseline 0.004 -22"><span class='ocrx_word' id='word_1_574' title='bbox 2112 2146 2208 2201; x_wconf 76' lang='grc' dir='ltr'>καὶ</span> <span class='ocrx_word' id='word_1_575' title='bbox 2256 2148 2540 2217; x_wconf 74' lang='grc' dir='ltr'><strong><em>σοφώτατα</em></strong></span> <span class='ocrx_word' id='word_1_576' title='bbox 2571 2147 2896 2202; x_wconf 86' lang='lat' dir='ltr'><strong><em>Marcioncm</em></strong></span> <span class='ocrx_word' id='word_1_577' title='bbox 2942 2148 3314 2215; x_wconf 85' lang='lat' dir='ltr'><strong><em>confutarunt,</em></strong></span> <span class='ocrx_word' id='word_1_578' title='bbox 3359 2148 3681 2223; x_wconf 73' lang='lat' dir='ltr'><strong><em>Hippolytus</em></strong></span> 
     </span>
    </p>
   </div>
   <div class='ocr_carea' id='block_1_84' title="bbox 2113 2240 2901 2311">
    <p class='ocr_par' dir='ltr' id='par_1_84' title="bbox 2113 2240 2901 2311">
     <span class='ocr_line' id='line_1_86' title="bbox 2113 2240 2901 2311; baseline 0 -16"><span class='ocrx_word' id='word_1_579' title='bbox 2113 2250 2301 2295; x_wconf 88' lang='lat' dir='ltr'><strong><em>noster</em></strong></span> <span class='ocrx_word' id='word_1_580' title='bbox 2330 2256 2549 2311; x_wconf 86' lang='lat' dir='ltr'><strong><em>quoque</em></strong></span> <span class='ocrx_word' id='word_1_581' title='bbox 2576 2240 2901 2296; x_wconf 84' lang='lat' dir='ltr'><strong><em>celebratur.</em></strong></span> 
     </span>
    </p>
   </div>
   <div class='ocr_carea' id='block_1_85' title="bbox 2110 2329 3679 2402">
    <p class='ocr_par' dir='ltr' id='par_1_85' title="bbox 2110 2329 3679 2402">
     <span class='ocr_line' id='line_1_87' title="bbox 2110 2329 3679 2402; baseline 0.003 -16"><span class='ocrx_word' id='word_1_582' title='bbox 2110 2368 2138 2395; x_wconf 50' lang='grc' dir='ltr'><strong>..ε</strong></span> <span class='ocrx_word' id='word_1_583' title='bbox 2181 2329 2331 2401; x_wconf 88' lang='lat' dir='ltr'><strong><em>Opus</em></strong></span> <span class='ocrx_word' id='word_1_584' title='bbox 2367 2332 2500 2402; x_wconf 73' lang='grc' dir='ltr'><strong><em>Περὶ</em></strong></span> <span class='ocrx_word' id='word_1_585' title='bbox 2544 2330 2635 2385; x_wconf 74' lang='grc' dir='ltr'><strong><em>τοῦ</em></strong></span> <span class='ocrx_word' id='word_1_586' title='bbox 2662 2332 2865 2400; x_wconf 80' lang='grc' dir='ltr'><strong><em>ἀγαθοῦ</em></strong></span> <span class='ocrx_word' id='word_1_587' title='bbox 2891 2332 2983 2386; x_wconf 71' lang='grc' dir='ltr'><strong><em>καὶ</em></strong></span> <span class='ocrx_word' id='word_1_588' title='bbox 3007 2333 3167 2387; x_wconf 78' lang='grc' dir='ltr'>πόθεν</span> <span class='ocrx_word' id='word_1_589' title='bbox 3188 2333 3254 2387; x_wconf 80' lang='grc' dir='ltr'><strong><em>τὸ</em></strong></span> <span class='ocrx_word' id='word_1_590' title='bbox 3286 2334 3453 2389; x_wconf 75' lang='grc' dir='ltr'>κακόν</span> <span class='ocrx_word' id='word_1_591' title='bbox 3506 2336 3560 2390; x_wconf 90' lang='lat' dir='ltr'><strong><em>in</em></strong></span> <span class='ocrx_word' id='word_1_592' title='bbox 3589 2335 3679 2390; x_wconf 84' lang='lat' dir='ltr'><strong><em>la-</em></strong></span> 
     </span>
    </p>
   </div>
   <div class='ocr_carea' id='block_1_86' title="bbox 2109 2421 3685 2496">
    <p class='ocr_par' dir='ltr' id='par_1_86' title="bbox 2109 2421 3685 2496">
     <span class='ocr_line' id='line_1_88' title="bbox 2109 2421 3685 2496; baseline 0 -16"><span class='ocrx_word' id='word_1_593' title='bbox 2109 2423 2319 2481; x_wconf 89' lang='lat' dir='ltr'><strong><em>terculo</em></strong></span> <span class='ocrx_word' id='word_1_594' title='bbox 2366 2431 2639 2488; x_wconf 89' lang='lat' dir='ltr'><strong><em>notatum,</em></strong></span> <span class='ocrx_word' id='word_1_595' title='bbox 2667 2423 2720 2477; x_wconf 90' lang='lat' dir='ltr'><strong><em>in</em></strong></span> <span class='ocrx_word' id='word_1_596' title='bbox 2751 2421 3029 2478; x_wconf 87' lang='lat' dir='ltr'><strong><em>Florinum</em></strong></span> <span class='ocrx_word' id='word_1_597' title='bbox 3068 2426 3462 2496; x_wconf 85' lang='lat' dir='ltr'><strong><em>presbyterum,</em></strong></span> <span class='ocrx_word' id='word_1_598' title='bbox 3495 2441 3685 2496; x_wconf 64' lang='lat' dir='ltr'><strong><em>requa-</em></strong></span> 
     </span>
    </p>
   </div>
   <div class='ocr_carea' id='block_1_87' title="bbox 2109 2515 3672 2585">
    <p class='ocr_par' dir='ltr' id='par_1_87' title="bbox 2109 2515 3672 2585">
     <span class='ocr_line' id='line_1_89' title="bbox 2109 2515 3672 2585; baseline 0.003 -14"><span class='ocrx_word' id='word_1_599' title='bbox 2109 2518 2212 2571; x_wconf 89' lang='lat' dir='ltr'><strong><em>lem</em></strong></span> <span class='ocrx_word' id='word_1_600' title='bbox 2256 2516 2474 2570; x_wconf 90' lang='lat' dir='ltr'><strong><em>illorum</em></strong></span> <span class='ocrx_word' id='word_1_601' title='bbox 2523 2523 2848 2582; x_wconf 89' lang='lat' dir='ltr'><strong><em>temporum,</em></strong></span> <span class='ocrx_word' id='word_1_602' title='bbox 2883 2517 2973 2585; x_wconf 90' lang='lat' dir='ltr'><strong><em>qui</em></strong></span> <span class='ocrx_word' id='word_1_603' title='bbox 3002 2515 3170 2570; x_wconf 82' lang='lat' dir='ltr'><strong><em>Deum</em></strong></span> <span class='ocrx_word' id='word_1_604' title='bbox 3225 2518 3352 2571; x_wconf 89' lang='lat' dir='ltr'><strong><em>mali</em></strong></span> <span class='ocrx_word' id='word_1_605' title='bbox 3393 2528 3672 2574; x_wconf 88' lang='lat' dir='ltr'><strong><em>auctorem</em></strong></span> 
     </span>
    </p>
   </div>
   <div class='ocr_carea' id='block_1_88' title="bbox 2110 2607 3676 2681">
    <p class='ocr_par' dir='ltr' id='par_1_88' title="bbox 2110 2607 3676 2681">
     <span class='ocr_line' id='line_1_90' title="bbox 2110 2607 3676 2681; baseline 0.001 -16"><span class='ocrx_word' id='word_1_606' title='bbox 2110 2610 2365 2675; x_wconf 82' lang='lat' dir='ltr'><strong><em>faciebat,</em></strong></span> <span class='ocrx_word' id='word_1_607' title='bbox 2418 2608 2679 2678; x_wconf 88' lang='lat' dir='ltr'><strong><em>scriptum</em></strong></span> <span class='ocrx_word' id='word_1_608' title='bbox 2737 2608 2924 2663; x_wconf 84' lang='lat' dir='ltr'><strong><em>statuit</em></strong></span> <span class='ocrx_word' id='word_1_609' title='bbox 2953 2607 3210 2677; x_wconf 83' lang='lat' dir='ltr'><strong><em>Scaliger,</em></strong></span> <span class='ocrx_word' id='word_1_610' title='bbox 3246 2607 3513 2667; x_wconf 82' lang='lat' dir='ltr'><strong><em>refutatus</em></strong></span> <span class='ocrx_word' id='word_1_611' title='bbox 3549 2628 3676 2681; x_wconf 84' lang='lat' dir='ltr'><strong><em>pro-</em></strong></span> 
     </span>
    </p>
   </div>
   <div class='ocr_carea' id='block_1_89' title="bbox 2106 2695 3674 2770">
    <p class='ocr_par' dir='ltr' id='par_1_89' title="bbox 2106 2695 3674 2770">
     <span class='ocr_line' id='line_1_91' title="bbox 2106 2695 3674 2770; baseline 0.002 -17"><span class='ocrx_word' id='word_1_612' title='bbox 2106 2709 2287 2770; x_wconf 78' lang='lat' dir='ltr'><strong><em>pterea</em></strong></span> <span class='ocrx_word' id='word_1_613' title='bbox 2320 2715 2349 2753; x_wconf 90' lang='lat' dir='ltr'><strong><em>a</em></strong></span> <span class='ocrx_word' id='word_1_614' title='bbox 2381 2697 2451 2755; x_wconf 89' lang='lat' dir='ltr'><strong><em>cl.</em></strong></span> <span class='ocrx_word' id='word_1_615' title='bbox 2489 2697 2537 2751; x_wconf 90' lang='lat' dir='ltr'><strong><em>le</em></strong></span> <span class='ocrx_word' id='word_1_616' title='bbox 2566 2695 2781 2766; x_wconf 83' lang='lat' dir='ltr'><strong><em>Moynio</em></strong></span> <span class='ocrx_word' id='word_1_617' title='bbox 2801 2696 2913 2766; x_wconf 86' lang='lat'><strong><em>(57)</em></strong></span> <span class='ocrx_word' id='word_1_618' title='bbox 2938 2698 3031 2766; x_wconf 92' lang='lat' dir='ltr'><strong><em>qui</em></strong></span> <span class='ocrx_word' id='word_1_619' title='bbox 3069 2700 3296 2767; x_wconf 87' lang='lat' dir='ltr'><strong><em>probare</em></strong></span> <span class='ocrx_word' id='word_1_620' title='bbox 3328 2710 3558 2755; x_wconf 80' lang='lat' dir='ltr'><strong><em>conatus</em></strong></span> <span class='ocrx_word' id='word_1_621' title='bbox 3587 2712 3674 2756; x_wconf 82' lang='lat' dir='ltr'><strong><em>est</em></strong></span> 
     </span>
    </p>
   </div>
   <div class='ocr_carea' id='block_1_90' title="bbox 2106 2788 3671 2855">
    <p class='ocr_par' dir='ltr' id='par_1_90' title="bbox 2106 2788 3671 2855">
     <span class='ocr_line' id='line_1_92' title="bbox 2106 2788 3671 2855; baseline 0.001 -9"><span class='ocrx_word' id='word_1_622' title='bbox 2106 2807 2216 2847; x_wconf 90' lang='lat' dir='ltr'><strong><em>non</em></strong></span> <span class='ocrx_word' id='word_1_623' title='bbox 2258 2802 2446 2847; x_wconf 86' lang='lat' dir='ltr'><strong><em>contra</em></strong></span> <span class='ocrx_word' id='word_1_624' title='bbox 2498 2788 2776 2844; x_wconf 86' lang='lat' dir='ltr'><strong><em>Florinum</em></strong></span> <span class='ocrx_word' id='word_1_625' title='bbox 2806 2829 2821 2853; x_wconf 94' lang='lat'><strong><em>,</em></strong></span> <span class='ocrx_word' id='word_1_626' title='bbox 2884 2790 2976 2844; x_wconf 90' lang='lat' dir='ltr'><strong><em>sed</em></strong></span> <span class='ocrx_word' id='word_1_627' title='bbox 3028 2801 3216 2845; x_wconf 79' lang='lat' dir='ltr'><strong><em>contra</em></strong></span> <span class='ocrx_word' id='word_1_628' title='bbox 3264 2791 3671 2855; x_wconf 80' lang='lat' dir='ltr'><strong><em>Cet&#39;donianos,</em></strong></span> 
     </span>
    </p>
   </div>
   <div class='ocr_carea' id='block_1_91' title="bbox 2105 2881 3677 2954">
    <p class='ocr_par' dir='ltr' id='par_1_91' title="bbox 2105 2881 3677 2954">
     <span class='ocr_line' id='line_1_93' title="bbox 2105 2881 3677 2954; baseline 0 -14"><span class='ocrx_word' id='word_1_629' title='bbox 2105 2886 2476 2951; x_wconf 81' lang='lat' dir='ltr'><strong><em>Marcionitas,</em></strong></span> <span class='ocrx_word' id='word_1_630' title='bbox 2531 2881 2999 2953; x_wconf 81' lang='lat' dir='ltr'><strong><em>Hermogenianos</em></strong></span> <span class='ocrx_word' id='word_1_631' title='bbox 3024 2921 3039 2946; x_wconf 91' lang='lat'><strong><em>,</em></strong></span> <span class='ocrx_word' id='word_1_632' title='bbox 3075 2893 3130 2938; x_wconf 89' lang='lat' dir='ltr'><strong><em>et</em></strong></span> <span class='ocrx_word' id='word_1_633' title='bbox 3160 2885 3296 2938; x_wconf 87' lang='lat' dir='ltr'><strong><em>al&#39;os</em></strong></span> <span class='ocrx_word' id='word_1_634' title='bbox 3319 2922 3336 2947; x_wconf 90' lang='lat'><strong><em>,</em></strong></span> <span class='ocrx_word' id='word_1_635' title='bbox 3381 2886 3473 2954; x_wconf 91' lang='lat' dir='ltr'><strong><em>qui</em></strong></span> <span class='ocrx_word' id='word_1_636' title='bbox 3524 2886 3677 2940; x_wconf 85' lang='lat' dir='ltr'><strong><em>varia</em></strong></span> 
     </span>
    </p>
   </div>
   <div class='ocr_carea' id='block_1_92' title="bbox 2106 2974 3678 3047">
    <p class='ocr_par' dir='ltr' id='par_1_92' title="bbox 2106 2974 3678 3047">
     <span class='ocr_line' id='line_1_94' title="bbox 2106 2974 3678 3047; baseline -0.003 -15"><span class='ocrx_word' id='word_1_637' title='bbox 2106 2977 2418 3033; x_wconf 81' lang='lat' dir='ltr'><strong><em>statuebant</em></strong></span> <span class='ocrx_word' id='word_1_638' title='bbox 2449 2974 2737 3047; x_wconf 90' lang='lat' dir='ltr'><strong><em>principia,</em></strong></span> <span class='ocrx_word' id='word_1_639' title='bbox 2767 2982 2821 3027; x_wconf 90' lang='lat' dir='ltr'><strong><em>et</em></strong></span> <span class='ocrx_word' id='word_1_640' title='bbox 2854 2988 3019 3026; x_wconf 92' lang='lat' dir='ltr'><strong><em>unum</em></strong></span> <span class='ocrx_word' id='word_1_641' title='bbox 3062 2983 3338 3030; x_wconf 88' lang='lat' dir='ltr'><strong><em>auctorem</em></strong></span> <span class='ocrx_word' id='word_1_642' title='bbox 3368 2974 3516 3040; x_wconf 86' lang='lat' dir='ltr'><strong><em>boni,</em></strong></span> <span class='ocrx_word' id='word_1_643' title='bbox 3546 2975 3678 3029; x_wconf 84' lang='lat' dir='ltr'><strong><em>alte-</em></strong></span> 
     </span>
    </p>
   </div>
   <div class='ocr_carea' id='block_1_93' title="bbox 2105 3063 3677 3136">
    <p class='ocr_par' dir='ltr' id='par_1_93' title="bbox 2105 3063 3677 3136">
     <span class='ocr_line' id='line_1_95' title="bbox 2105 3063 3677 3136; baseline -0.003 -12"><span class='ocrx_word' id='word_1_644' title='bbox 2105 3086 2226 3124; x_wconf 91' lang='lat' dir='ltr'><strong><em>rum</em></strong></span> <span class='ocrx_word' id='word_1_645' title='bbox 2273 3069 2399 3124; x_wconf 78' lang='lat' dir='ltr'><strong><em>ntali</em></strong></span> <span class='ocrx_word' id='word_1_646' title='bbox 2444 3067 2824 3132; x_wconf 87' lang='lat' dir='ltr'><strong><em>admittebant,</em></strong></span> <span class='ocrx_word' id='word_1_647' title='bbox 2858 3063 3200 3136; x_wconf 84' lang='lat' dir='ltr'><strong><em>Hippolytum</em></strong></span> <span class='ocrx_word' id='word_1_648' title='bbox 3250 3074 3495 3119; x_wconf 86' lang='lat' dir='ltr'><strong><em>nostrum</em></strong></span> <span class='ocrx_word' id='word_1_649' title='bbox 3545 3079 3677 3120; x_wconf 77' lang='lat' dir='ltr'><strong><em>exa-</em></strong></span> 
     </span>
    </p>
   </div>
   <div class='ocr_carea' id='block_1_94' title="bbox 2105 3154 3679 3230">
    <p class='ocr_par' dir='ltr' id='par_1_94' title="bbox 2105 3154 3679 3230">
     <span class='ocr_line' id='line_1_96' title="bbox 2105 3154 3679 3230; baseline -0.004 -15"><span class='ocrx_word' id='word_1_650' title='bbox 2105 3176 2256 3215; x_wconf 88' lang='lat' dir='ltr'><strong><em>rasse</em></strong></span> <span class='ocrx_word' id='word_1_651' title='bbox 2288 3159 2435 3215; x_wconf 90' lang='lat' dir='ltr'><strong><em>hunc</em></strong></span> <span class='ocrx_word' id='word_1_652' title='bbox 2460 3159 2678 3230; x_wconf 78' lang='lat' dir='ltr'><strong><em>librum.</em></strong></span> <span class='ocrx_word' id='word_1_653' title='bbox 2716 3155 2970 3223; x_wconf 81' lang='lat' dir='ltr'><strong><em>Florinus</em></strong></span> <span class='ocrx_word' id='word_1_654' title='bbox 3001 3157 3145 3210; x_wconf 88' lang='lat' dir='ltr'><strong><em>enim</em></strong></span> <span class='ocrx_word' id='word_1_655' title='bbox 3177 3156 3395 3211; x_wconf 85' lang='lat' dir='ltr'><strong><em>unicum</em></strong></span> <span class='ocrx_word' id='word_1_656' title='bbox 3424 3154 3679 3211; x_wconf 82' lang='lat' dir='ltr'><strong><em>admitte-</em></strong></span> 
     </span>
    </p>
   </div>
   <div class='ocr_carea' id='block_1_95' title="bbox 2105 3238 3673 3318">
    <p class='ocr_par' dir='ltr' id='par_1_95' title="bbox 2105 3238 3673 3318">
     <span class='ocr_line' id='line_1_97' title="bbox 2105 3238 3673 3318; baseline -0.004 -14"><span class='ocrx_word' id='word_1_657' title='bbox 2105 3247 2200 3304; x_wconf 88' lang='lat' dir='ltr'><strong><em>bat</em></strong></span> <span class='ocrx_word' id='word_1_658' title='bbox 2223 3248 2413 3314; x_wconf 85' lang='lat' dir='ltr'><strong><em>Dcum,</em></strong></span> <span class='ocrx_word' id='word_1_659' title='bbox 2437 3238 2502 3303; x_wconf 38' lang='lat' dir='ltr'><strong><em>‘et</em></strong></span> <span class='ocrx_word' id='word_1_660' title='bbox 2533 3247 2890 3318; x_wconf 82' lang='lat' dir='ltr'><strong><em>principium;</em></strong></span> <span class='ocrx_word' id='word_1_661' title='bbox 2928 3245 3021 3299; x_wconf 83' lang='lat' dir='ltr'><strong><em>sed</em></strong></span> <span class='ocrx_word' id='word_1_662' title='bbox 3053 3244 3127 3297; x_wconf 87' lang='lat' dir='ltr'><strong><em>illi</em></strong></span> <span class='ocrx_word' id='word_1_663' title='bbox 3160 3245 3361 3298; x_wconf 87' lang='lat' dir='ltr'><strong><em>bonum</em></strong></span> <span class='ocrx_word' id='word_1_664' title='bbox 3390 3254 3444 3299; x_wconf 90' lang='lat' dir='ltr'><strong><em>et</em></strong></span> <span class='ocrx_word' id='word_1_665' title='bbox 3469 3244 3673 3298; x_wconf 85' lang='lat' dir='ltr'><strong><em>malum</em></strong></span> 
     </span>
    </p>
   </div>
   <div class='ocr_carea' id='block_1_96' title="bbox 2104 3336 3677 3406">
    <p class='ocr_par' dir='ltr' id='par_1_96' title="bbox 2104 3336 3677 3406">
     <span class='ocr_line' id='line_1_98' title="bbox 2104 3336 3677 3406; baseline -0.003 -11"><span class='ocrx_word' id='word_1_666' title='bbox 2104 3342 2345 3396; x_wconf 88' lang='lat' dir='ltr'><strong><em>tribuere</em></strong></span> <span class='ocrx_word' id='word_1_667' title='bbox 2381 3355 2489 3395; x_wconf 90' lang='lat' dir='ltr'><strong><em>non</em></strong></span> <span class='ocrx_word' id='word_1_668' title='bbox 2545 3340 2937 3395; x_wconf 80' lang='lat' dir='ltr'><strong><em>reforutidabat</em></strong></span> <span class='ocrx_word' id='word_1_669' title='bbox 2987 3336 3119 3406; x_wconf 81' lang='lat'><strong><em>(58).</em></strong></span> <span class='ocrx_word' id='word_1_670' title='bbox 3147 3336 3252 3390; x_wconf 84' lang='lat' dir='ltr'><strong><em>Alii</em></strong></span> <span class='ocrx_word' id='word_1_671' title='bbox 3285 3351 3409 3389; x_wconf 79' lang='lat' dir='ltr'><strong><em>vero</em></strong></span> <span class='ocrx_word' id='word_1_672' title='bbox 3439 3337 3677 3392; x_wconf 67' lang='lat' dir='ltr'><strong><em>haeretici</em></strong></span> 
     </span>
    </p>
   </div>
   <div class='ocr_carea' id='block_1_97' title="bbox 2103 3428 3719 3504">
    <p class='ocr_par' dir='ltr' id='par_1_97' title="bbox 2103 3428 3719 3504">
     <span class='ocr_line' id='line_1_99' title="bbox 2103 3428 3719 3504; baseline -0.003 -16"><span class='ocrx_word' id='word_1_673' title='bbox 2103 3434 2253 3488; x_wconf 89' lang='lat' dir='ltr'><strong><em>varia</em></strong></span> <span class='ocrx_word' id='word_1_674' title='bbox 2283 3434 2646 3504; x_wconf 83' lang='lat' dir='ltr'><strong><em>agnoscebant</em></strong></span> <span class='ocrx_word' id='word_1_675' title='bbox 2672 3434 2955 3503; x_wconf 78' lang='lat' dir='ltr'><strong><em>principia,</em></strong></span> <span class='ocrx_word' id='word_1_676' title='bbox 2988 3440 3049 3485; x_wconf 88' lang='lat' dir='ltr'><strong><em>ut</em></strong></span> <span class='ocrx_word' id='word_1_677' title='bbox 3076 3430 3295 3483; x_wconf 84' lang='lat' dir='ltr'><strong><em>cuilibet</em></strong></span> <span class='ocrx_word' id='word_1_678' title='bbox 3340 3428 3420 3483; x_wconf 89' lang='lat' dir='ltr'><strong><em>sic</em></strong></span> <span class='ocrx_word' id='word_1_679' title='bbox 3449 3439 3676 3498; x_wconf 84' lang='lat' dir='ltr'><strong><em>possent</em></strong></span> <span class='ocrx_word' id='word_1_680' title='bbox 3716 3490 3719 3493; x_wconf 27' lang='grc' dir='ltr'><strong><em>λ</em></strong></span> 
     </span>
    </p>
   </div>
   <div class='ocr_carea' id='block_1_98' title="bbox 2107 3525 3676 3596">
    <p class='ocr_par' dir='ltr' id='par_1_98' title="bbox 2107 3525 3676 3596">
     <span class='ocr_line' id='line_1_100' title="bbox 2107 3525 3676 3596; baseline -0.004 -16"><span class='ocrx_word' id='word_1_681' title='bbox 2107 3526 2342 3580; x_wconf 88' lang='lat' dir='ltr'><strong><em>tribuere</em></strong></span> <span class='ocrx_word' id='word_1_682' title='bbox 2368 3541 2453 3590; x_wconf 85' lang='lat' dir='ltr'><strong><em>ea,</em></strong></span> <span class='ocrx_word' id='word_1_683' title='bbox 2479 3540 2600 3595; x_wconf 71' lang='lat' dir='ltr'><strong><em>qua:</em></strong></span> <span class='ocrx_word' id='word_1_684' title='bbox 2631 3525 2708 3578; x_wconf 88' lang='lat' dir='ltr'><strong><em>illi</em></strong></span> <span class='ocrx_word' id='word_1_685' title='bbox 2763 3526 2937 3596; x_wconf 82' lang='lat' dir='ltr'><strong><em>magis</em></strong></span> <span class='ocrx_word' id='word_1_686' title='bbox 2971 3537 3209 3589; x_wconf 80' lang='lat' dir='ltr'><strong><em>congrua</em></strong></span> <span class='ocrx_word' id='word_1_687' title='bbox 3238 3531 3291 3574; x_wconf 88' lang='lat' dir='ltr'><strong><em>et</em></strong></span> <span class='ocrx_word' id='word_1_688' title='bbox 3316 3530 3676 3576; x_wconf 88' lang='lat' dir='ltr'><strong><em>consentanea</em></strong></span> 
     </span>
    </p>
   </div>
   <div class='ocr_carea' id='block_1_99' title="bbox 2101 3611 3674 3687">
    <p class='ocr_par' dir='ltr' id='par_1_99' title="bbox 2101 3611 3674 3687">
     <span class='ocr_line' id='line_1_101' title="bbox 2101 3611 3674 3687; baseline -0.004 -14"><span class='ocrx_word' id='word_1_689' title='bbox 2101 3617 2469 3687; x_wconf 78' lang='lat' dir='ltr'><strong><em>judicabant:</em></strong></span> <span class='ocrx_word' id='word_1_690' title='bbox 2519 3632 2683 3669; x_wconf 90' lang='lat' dir='ltr'><strong><em>unum</em></strong></span> <span class='ocrx_word' id='word_1_691' title='bbox 2739 3615 2981 3679; x_wconf 83' lang='lat' dir='ltr'><strong><em>bonum,</em></strong></span> <span class='ocrx_word' id='word_1_692' title='bbox 3046 3624 3322 3668; x_wconf 86' lang='lat' dir='ltr'><strong><em>auctorem</em></strong></span> <span class='ocrx_word' id='word_1_693' title='bbox 3371 3622 3423 3667; x_wconf 85' lang='lat' dir='ltr'><strong><em>et</em></strong></span> <span class='ocrx_word' id='word_1_694' title='bbox 3471 3611 3674 3667; x_wconf 67' lang='lat' dir='ltr'><strong><em>fonnem</em></strong></span> 
     </span>
    </p>
   </div>
   <div class='ocr_carea' id='block_1_100' title="bbox 2104 3705 3674 3779">
    <p class='ocr_par' dir='ltr' id='par_1_100' title="bbox 2104 3705 3674 3779">
     <span class='ocr_line' id='line_1_102' title="bbox 2104 3705 3674 3779; baseline -0.008 -14"><span class='ocrx_word' id='word_1_695' title='bbox 2104 3710 2283 3765; x_wconf 90' lang='lat' dir='ltr'><strong><em>omnis</em></strong></span> <span class='ocrx_word' id='word_1_696' title='bbox 2312 3709 2464 3777; x_wconf 91' lang='lat' dir='ltr'><strong><em>boni;</em></strong></span> <span class='ocrx_word' id='word_1_697' title='bbox 2510 3709 2738 3763; x_wconf 91' lang='lat' dir='ltr'><strong><em>alterum</em></strong></span> <span class='ocrx_word' id='word_1_698' title='bbox 2765 3708 2996 3779; x_wconf 87' lang='lat' dir='ltr'><strong><em>justum,</em></strong></span> <span class='ocrx_word' id='word_1_699' title='bbox 3024 3708 3281 3778; x_wconf 73' lang='lat' dir='ltr'><strong><em>rigidum,</em></strong></span> <span class='ocrx_word' id='word_1_700' title='bbox 3314 3705 3674 3773; x_wconf 63' lang='lat' dir='ltr'><strong><em>implacabile,</em></strong></span> 
     </span>
    </p>
   </div>
   <div class='ocr_carea' id='block_1_101' title="bbox 2104 3799 3674 3863">
    <p class='ocr_par' dir='ltr' id='par_1_101' title="bbox 2104 3799 3674 3863">
     <span class='ocr_line' id='line_1_103' title="bbox 2104 3799 3674 3863; baseline -0.004 -8"><span class='ocrx_word' id='word_1_701' title='bbox 2104 3800 2439 3855; x_wconf 90' lang='lat' dir='ltr'><strong><em>conditorem</em></strong></span> <span class='ocrx_word' id='word_1_702' title='bbox 2482 3800 2755 3863; x_wconf 86' lang='lat' dir='ltr'><strong><em>universi;</em></strong></span> <span class='ocrx_word' id='word_1_703' title='bbox 2804 3802 3020 3858; x_wconf 88' lang='lat' dir='ltr'><strong><em>tertium</em></strong></span> <span class='ocrx_word' id='word_1_704' title='bbox 3060 3799 3342 3855; x_wconf 82' lang='lat' dir='ltr'><strong><em>materiam</em></strong></span> <span class='ocrx_word' id='word_1_705' title='bbox 3391 3804 3674 3859; x_wconf 68' lang='lat' dir='ltr'><strong><em>tetemam,</em></strong></span> 
     </span>
    </p>
   </div>
   <div class='ocr_carea' id='block_1_102' title="bbox 2104 3888 3676 3962">
    <p class='ocr_par' dir='ltr' id='par_1_102' title="bbox 2104 3888 3676 3962">
     <span class='ocr_line' id='line_1_104' title="bbox 2104 3888 3676 3962; baseline -0.003 -15"><span class='ocrx_word' id='word_1_706' title='bbox 2104 3892 2189 3947; x_wconf 85' lang='lat' dir='ltr'><strong><em>vel</em></strong></span> <span class='ocrx_word' id='word_1_707' title='bbox 2215 3891 2382 3947; x_wconf 89' lang='lat' dir='ltr'><strong><em>Deum</em></strong></span> <span class='ocrx_word' id='word_1_708' title='bbox 2419 3892 2771 3962; x_wconf 86' lang='lat' dir='ltr'><strong><em>imperantem</em></strong></span> <span class='ocrx_word' id='word_1_709' title='bbox 2807 3894 3062 3957; x_wconf 74' lang='lat' dir='ltr'><strong><em>materiae,</em></strong></span> <span class='ocrx_word' id='word_1_710' title='bbox 3110 3893 3252 3947; x_wconf 88' lang='lat' dir='ltr'><strong><em>unde</em></strong></span> <span class='ocrx_word' id='word_1_711' title='bbox 3302 3889 3485 3943; x_wconf 88' lang='lat' dir='ltr'><strong><em>omnia</em></strong></span> <span class='ocrx_word' id='word_1_712' title='bbox 3531 3888 3676 3943; x_wconf 77' lang='lat' dir='ltr'><strong><em>mala</em></strong></span> 
     </span>
    </p>
   </div>
   <div class='ocr_carea' id='block_1_103' title="bbox 2106 3980 3677 4053">
    <p class='ocr_par' dir='ltr' id='par_1_103' title="bbox 2106 3980 3677 4053">
     <span class='ocr_line' id='line_1_105' title="bbox 2106 3980 3677 4053; baseline -0.004 -14"><span class='ocrx_word' id='word_1_713' title='bbox 2106 3987 2161 4039; x_wconf 88' lang='lat' dir='ltr'><strong><em>in</em></strong></span> <span class='ocrx_word' id='word_1_714' title='bbox 2203 3990 2465 4039; x_wconf 88' lang='lat' dir='ltr'><strong><em>mundttm</em></strong></span> <span class='ocrx_word' id='word_1_715' title='bbox 2506 3985 2861 4053; x_wconf 86' lang='lat' dir='ltr'><strong><em>irrepserunt.</em></strong></span> <span class='ocrx_word' id='word_1_716' title='bbox 2908 3985 3172 4039; x_wconf 71' lang='lat' dir='ltr'><strong><em>Creterum</em></strong></span> <span class='ocrx_word' id='word_1_717' title='bbox 3218 3983 3353 4037; x_wconf 86' lang='lat' dir='ltr'><strong><em>bene</em></strong></span> <span class='ocrx_word' id='word_1_718' title='bbox 3386 3980 3677 4035; x_wconf 72' lang='lat' dir='ltr'><strong><em>observant</em></strong></span> 
     </span>
    </p>
   </div>
   <div class='ocr_carea' id='block_1_104' title="bbox 2106 4058 3676 4145">
    <p class='ocr_par' dir='ltr' id='par_1_104' title="bbox 2106 4058 3676 4145">
     <span class='ocr_line' id='line_1_106' title="bbox 2106 4058 3676 4145; baseline -0.003 -14"><span class='ocrx_word' id='word_1_719' title='bbox 2106 4076 2337 4131; x_wconf 80' lang='lat' dir='ltr'><strong><em>Maurini</em></strong></span> <span class='ocrx_word' id='word_1_720' title='bbox 2363 4076 2533 4131; x_wconf 79' lang='lat' dir='ltr'><strong><em>nostri</em></strong></span> <span class='ocrx_word' id='word_1_721' title='bbox 2563 4076 2676 4145; x_wconf 86' lang='lat'><strong><em>(59)</em></strong></span> <span class='ocrx_word' id='word_1_722' title='bbox 2708 4077 2805 4131; x_wconf 90' lang='lat' dir='ltr'><strong><em>has</em></strong></span> <span class='ocrx_word' id='word_1_723' title='bbox 2841 4075 3119 4145; x_wconf 84' lang='lat' dir='ltr'><strong><em>Scaligcri,</em></strong></span> <span class='ocrx_word' id='word_1_724' title='bbox 3150 4080 3197 4130; x_wconf 90' lang='lat' dir='ltr'><strong><em>le</em></strong></span> <span class='ocrx_word' id='word_1_725' title='bbox 3222 4072 3419 4145; x_wconf 83' lang='lat' dir='ltr'><strong><em>Moynti</em></strong></span> <span class='ocrx_word' id='word_1_726' title='bbox 3473 4082 3527 4126; x_wconf 84' lang='lat' dir='ltr'><strong><em>et</em></strong></span> <span class='ocrx_word' id='word_1_727' title='bbox 3556 4058 3676 4127; x_wconf 44' lang='lat' dir='ltr'><strong><em>&#39;l‘il-&#39;</em></strong></span> 
     </span>
    </p>
   </div>
   <div class='ocr_carea' id='block_1_105' title="bbox 2105 4167 3668 4238">
    <p class='ocr_par' dir='ltr' id='par_1_105' title="bbox 2105 4167 3668 4238">
     <span class='ocr_line' id='line_1_107' title="bbox 2105 4167 3668 4238; baseline -0.003 -14"><span class='ocrx_word' id='word_1_728' title='bbox 2105 4168 2351 4224; x_wconf 87' lang='lat' dir='ltr'><strong><em>lemontii</em></strong></span> <span class='ocrx_word' id='word_1_729' title='bbox 2404 4167 2691 4238; x_wconf 83' lang='lat' dir='ltr'><strong><em>Opiniones</em></strong></span> <span class='ocrx_word' id='word_1_730' title='bbox 2740 4167 3175 4237; x_wconf 87' lang='lat' dir='ltr'><strong><em>conjecturarum</em></strong></span> <span class='ocrx_word' id='word_1_731' title='bbox 3230 4170 3496 4235; x_wconf 64' lang='lat' dir='ltr'><strong><em>splurrain</em></strong></span> <span class='ocrx_word' id='word_1_732' title='bbox 3559 4179 3668 4219; x_wconf 90' lang='lat' dir='ltr'><strong><em>non</em></strong></span> 
     </span>
    </p>
   </div>
   <div class='ocr_carea' id='block_1_106' title="bbox 2196 4274 3670 4349">
    <p class='ocr_par' dir='ltr' id='par_1_106' title="bbox 2196 4274 3670 4349">
     <span class='ocr_line' id='line_1_108' title="bbox 2196 4274 3670 4349; baseline -0.001 -18"><span class='ocrx_word' id='word_1_733' title='bbox 2196 4278 2307 4349; x_wconf 79' lang='lat' dir='ltr'><strong><em>(5i)</em></strong></span> <span class='ocrx_word' id='word_1_734' title='bbox 2354 4297 2372 4328; x_wconf 75' lang='grc' dir='ltr'><strong>ε</strong></span> <span class='ocrx_word' id='word_1_735' title='bbox 2394 4275 2539 4333; x_wconf 85' lang='lat' dir='ltr'><strong><em>Inter</em></strong></span> <span class='ocrx_word' id='word_1_736' title='bbox 2571 4276 2869 4349; x_wconf 84' lang='lat' dir='ltr'><strong><em>octodecim</em></strong></span> <span class='ocrx_word' id='word_1_737' title='bbox 2900 4277 3331 4346; x_wconf 86' lang='lat' dir='ltr'><strong><em>articulos,qnos</em></strong></span> <span class='ocrx_word' id='word_1_738' title='bbox 3364 4274 3670 4349; x_wconf 85' lang='lat' dir='ltr'><strong><em>Stephanus</em></strong></span> 
     </span>
    </p>
   </div>
   <div class='ocr_carea' id='block_1_107' title="bbox 2105 4346 3668 4417">
    <p class='ocr_par' dir='ltr' id='par_1_107' title="bbox 2105 4346 3668 4417">
     <span class='ocr_line' id='line_1_109' title="bbox 2105 4346 3668 4417; baseline -0.003 -14"><span class='ocrx_word' id='word_1_739' title='bbox 2105 4346 2286 4403; x_wconf 84' lang='lat' dir='ltr'><strong><em>Cobar</em></strong></span> <span class='ocrx_word' id='word_1_740' title='bbox 2305 4349 2697 4402; x_wconf 84' lang='lat' dir='ltr'><strong><em>examinandos</em></strong></span> <span class='ocrx_word' id='word_1_741' title='bbox 2721 4348 2821 4401; x_wconf 86' lang='lat' dir='ltr'><strong><em>sibi</em></strong></span> <span class='ocrx_word' id='word_1_742' title='bbox 2840 4348 3138 4417; x_wconf 86' lang='lat' dir='ltr'><strong><em>proposuit.</em></strong></span> <span class='ocrx_word' id='word_1_743' title='bbox 3165 4347 3412 4417; x_wconf 83' lang='lat' dir='ltr'><strong><em>occurrit</em></strong></span> <span class='ocrx_word' id='word_1_744' title='bbox 3424 4355 3478 4417; x_wconf 66' lang='lat' dir='ltr'><strong><em>et</em></strong></span> <span class='ocrx_word' id='word_1_745' title='bbox 3501 4361 3668 4409; x_wconf 73' lang='lat' dir='ltr'><strong><em>unus,</em></strong></span> 
     </span>
    </p>
   </div>
   <div class='ocr_carea' id='block_1_108' title="bbox 2106 4415 3669 4487">
    <p class='ocr_par' dir='ltr' id='par_1_108' title="bbox 2106 4415 3669 4487">
     <span class='ocr_line' id='line_1_110' title="bbox 2106 4415 3669 4487; baseline -0.002 -15"><span class='ocrx_word' id='word_1_746' title='bbox 2106 4419 2160 4472; x_wconf 92' lang='lat' dir='ltr'><strong><em>in</em></strong></span> <span class='ocrx_word' id='word_1_747' title='bbox 2188 4433 2296 4487; x_wconf 89' lang='lat' dir='ltr'><strong><em>quo</em></strong></span> <span class='ocrx_word' id='word_1_748' title='bbox 2319 4419 2364 4471; x_wconf 88' lang='lat' dir='ltr'><strong><em>is</em></strong></span> <span class='ocrx_word' id='word_1_749' title='bbox 2388 4428 2575 4473; x_wconf 88' lang='lat' dir='ltr'><strong><em>auctor</em></strong></span> <span class='ocrx_word' id='word_1_750' title='bbox 2598 4415 3092 4487; x_wconf 67' lang='lat' dir='ltr'><strong><em>inquit-itquzenatn</em></strong></span> <span class='ocrx_word' id='word_1_751' title='bbox 3122 4417 3285 4471; x_wconf 80' lang='lat' dir='ltr'><strong><em>fuerit</em></strong></span> <span class='ocrx_word' id='word_1_752' title='bbox 3317 4416 3374 4470; x_wconf 84' lang='lat' dir='ltr'><strong><em>S.</em></strong></span> <span class='ocrx_word' id='word_1_753' title='bbox 3398 4415 3669 4487; x_wconf 71' lang='lat' dir='ltr'><strong><em>Hippolyti</em></strong></span> 
     </span>
    </p>
   </div>
   <div class='ocr_carea' id='block_1_109' title="bbox 1747 4480 3671 4571">
    <p class='ocr_par' dir='ltr' id='par_1_109' title="bbox 1747 4480 3671 4571">
     <span class='ocr_line' id='line_1_111' title="bbox 1747 4480 3671 4571; baseline -0.001 -30"><span class='ocrx_word' id='word_1_754' title='bbox 1747 4487 1996 4571; x_wconf 41' lang='lat' dir='ltr'><strong><em>ag..lO7;</em></strong></span> <span class='ocrx_word' id='word_1_755' title='bbox 2029 4480 2074 4537; x_wconf 88' lang='lat' dir='ltr'>D</span> <span class='ocrx_word' id='word_1_756' title='bbox 2103 4480 2369 4571; x_wconf 57' lang='lat' dir='ltr'><strong><em>sententia</em></strong></span> <span class='ocrx_word' id='word_1_757' title='bbox 2392 4489 2537 4571; x_wconf 52' lang='lat' dir='ltr'><strong><em>circa</em></strong></span> <span class='ocrx_word' id='word_1_758' title='bbox 2583 4480 2823 4571; x_wconf 46' lang='lat' dir='ltr'><strong><em>literesin‘</em></strong></span> <span class='ocrx_word' id='word_1_759' title='bbox 2842 4480 3287 4571; x_wconf 68' lang='lat' dir='ltr'><strong><em>Montanistarum</em></strong></span> <span class='ocrx_word' id='word_1_760' title='bbox 3309 4504 3321 4539; x_wconf 94' lang='lat'>:</span> <span class='ocrx_word' id='word_1_761' title='bbox 3341 4480 3481 4564; x_wconf 71' lang='lat' dir='ltr'><strong><em>Quid</em></strong></span> <span class='ocrx_word' id='word_1_762' title='bbox 3498 4480 3671 4540; x_wconf 62' lang='lat' dir='ltr'><strong><em>senic-</em></strong></span> 
     </span>
    </p>
   </div>
   <div class='ocr_carea' id='block_1_110' title="bbox 2104 4556 3664 4626">
    <p class='ocr_par' dir='ltr' id='par_1_110' title="bbox 2104 4556 3664 4626">
     <span class='ocr_line' id='line_1_112' title="bbox 2104 4556 3664 4626; baseline -0.004 -14"><span class='ocrx_word' id='word_1_763' title='bbox 2104 4560 2173 4612; x_wconf 87' lang='lat' dir='ltr'><strong><em>rit</em></strong></span> <span class='ocrx_word' id='word_1_764' title='bbox 2210 4558 2391 4611; x_wconf 83' lang='lat' dir='ltr'><strong><em>beatus</em></strong></span> <span class='ocrx_word' id='word_1_765' title='bbox 2430 4557 2745 4626; x_wconf 79' lang='lat' dir='ltr'><strong><em>Hippolytus</em></strong></span> <span class='ocrx_word' id='word_1_766' title='bbox 2789 4558 2852 4611; x_wconf 87' lang='lat' dir='ltr'><strong><em>de</em></strong></span> <span class='ocrx_word' id='word_1_767' title='bbox 2899 4556 3087 4611; x_wconf 74' lang='lat' dir='ltr'><strong><em>haeresi</em></strong></span> <span class='ocrx_word' id='word_1_768' title='bbox 3137 4557 3613 4626; x_wconf 57' lang='lat' dir='ltr'><strong><em>illontanistnrum.</em></strong></span> <span class='ocrx_word' id='word_1_769' title='bbox 3643 4574 3664 4606; x_wconf 74' lang='grc' dir='ltr'>ι</span> 
     </span>
    </p>
   </div>
   <div class='ocr_carea' id='block_1_111' title="bbox 2103 4625 3670 4695">
    <p class='ocr_par' dir='ltr' id='par_1_111' title="bbox 2103 4625 3670 4695">
     <span class='ocr_line' id='line_1_113' title="bbox 2103 4625 3670 4695; baseline -0.001 -13"><span class='ocrx_word' id='word_1_770' title='bbox 2103 4627 2262 4682; x_wconf 89' lang='lat' dir='ltr'><strong><em>Phot.</em></strong></span> <span class='ocrx_word' id='word_1_771' title='bbox 2302 4629 2338 4682; x_wconf 92' lang='lat' dir='ltr'><strong><em>l.</em></strong></span> <span class='ocrx_word' id='word_1_772' title='bbox 2374 4642 2423 4681; x_wconf 88' lang='lat' dir='ltr'><strong><em>c.</em></strong></span> <span class='ocrx_word' id='word_1_773' title='bbox 2462 4625 2616 4681; x_wconf 89' lang='lat' dir='ltr'><strong><em>Unde</em></strong></span> <span class='ocrx_word' id='word_1_774' title='bbox 2665 4627 2935 4695; x_wconf 85' lang='lat' dir='ltr'><strong><em>conjicere</em></strong></span> <span class='ocrx_word' id='word_1_775' title='bbox 2985 4628 3141 4695; x_wconf 89' lang='lat' dir='ltr'><strong><em>licet,</em></strong></span> <span class='ocrx_word' id='word_1_776' title='bbox 3176 4627 3536 4682; x_wconf 79' lang='lat' dir='ltr'><strong><em>Montanistas</em></strong></span> <span class='ocrx_word' id='word_1_777' title='bbox 3570 4625 3670 4680; x_wconf 88' lang='lat' dir='ltr'><strong><em>abs</em></strong></span> 
     </span>
    </p>
   </div>
   <div class='ocr_carea' id='block_1_112' title="bbox 2106 4695 3605 4820">
    <p class='ocr_par' dir='ltr' id='par_1_112' title="bbox 2106 4695 3605 4820">
     <span class='ocr_line' id='line_1_114' title="bbox 2106 4695 3062 4820; baseline 0.001 -69"><span class='ocrx_word' id='word_1_778' title='bbox 2106 4698 2163 4752; x_wconf 89' lang='lat' dir='ltr'><strong><em>S.</em></strong></span> <span class='ocrx_word' id='word_1_779' title='bbox 2182 4695 2470 4820; x_wconf 49' lang='lat' dir='ltr'><strong><em>Hippoliytu</em></strong></span> <span class='ocrx_word' id='word_1_780' title='bbox 2500 4697 2845 4766; x_wconf 85' lang='lat' dir='ltr'><strong><em>impugnatos</em></strong></span> <span class='ocrx_word' id='word_1_781' title='bbox 2876 4697 3062 4753; x_wconf 79' lang='lat' dir='ltr'><strong><em>fuisse.</em></strong></span> 
     </span>
     <span class='ocr_line' id='line_1_115' title="bbox 2174 4763 3605 4820; baseline 0 0"><span class='ocrx_word' id='word_1_782' title='bbox 2174 4767 2288 4820; x_wconf 79' lang='lat'><strong><em>(52)</em></strong></span> <span class='ocrx_word' id='word_1_783' title='bbox 2346 4766 2659 4820; x_wconf 88' lang='lat' dir='ltr'><strong><em>lieronvm.</em></strong></span> <span class='ocrx_word' id='word_1_784' title='bbox 2722 4768 2777 4820; x_wconf 89' lang='lat' dir='ltr'><strong><em>in</em></strong></span> <span class='ocrx_word' id='word_1_785' title='bbox 2816 4764 3083 4820; x_wconf 65' lang='lat' dir='ltr'><strong><em>Catulum.</em></strong></span> <span class='ocrx_word' id='word_1_786' title='bbox 3130 4766 3381 4820; x_wconf 77' lang='lat' dir='ltr'><strong><em>can.6!:</em></strong></span> <span class='ocrx_word' id='word_1_787' title='bbox 3444 4763 3605 4820; x_wconf 83' lang='lat' dir='ltr'><strong><em>Fabri</em></strong></span> 
     </span>
    </p>
   </div>
   <div class='ocr_carea' id='block_1_113' title="bbox 2174 4763 3668 4839">
    <p class='ocr_par' dir='ltr' id='par_1_113' title="bbox 2174 4763 3668 4839">
     <span class='ocr_line' id='line_1_116' title="bbox 2174 4763 3668 4839; baseline -0.001 -18"><span class='ocrx_word' id='word_1_788' title='bbox 2174 4763 2304 4838; x_wconf 80' lang='lat'><strong><em>(52)</em></strong></span> <span class='ocrx_word' id='word_1_789' title='bbox 2346 4763 2675 4839; x_wconf 52' lang='lat' dir='ltr'><strong><em>Hieronymi</em></strong></span> <span class='ocrx_word' id='word_1_790' title='bbox 2722 4768 2777 4820; x_wconf 88' lang='lat' dir='ltr'><strong><em>in</em></strong></span> <span class='ocrx_word' id='word_1_791' title='bbox 2816 4764 3083 4839; x_wconf 84' lang='lat' dir='ltr'><strong><em>Catalog.,</em></strong></span> <span class='ocrx_word' id='word_1_792' title='bbox 3130 4781 3252 4838; x_wconf 89' lang='lat' dir='ltr'><strong><em>cap.</em></strong></span> <span class='ocrx_word' id='word_1_793' title='bbox 3278 4766 3381 4835; x_wconf 77' lang='lat'><strong><em>6!;</em></strong></span> <span class='ocrx_word' id='word_1_794' title='bbox 3444 4763 3668 4822; x_wconf 84' lang='lat' dir='ltr'><strong><em>Fabric.</em></strong></span> 
     </span>
    </p>
   </div>
   <div class='ocr_carea' id='block_1_114' title="bbox 2103 4836 3359 4976">
    <p class='ocr_par' dir='ltr' id='par_1_114' title="bbox 2103 4836 3359 4976">
     <span class='ocr_line' id='line_1_117' title="bbox 2103 4836 3214 4906; baseline -0.003 -14"><span class='ocrx_word' id='word_1_795' title='bbox 2103 4846 2238 4892; x_wconf 88' lang='lat' dir='ltr'><strong><em>tom.</em></strong></span> <span class='ocrx_word' id='word_1_796' title='bbox 2270 4836 2312 4903; x_wconf 89' lang='grc'>1,</span> <span class='ocrx_word' id='word_1_797' title='bbox 2346 4852 2471 4906; x_wconf 77' lang='lat' dir='ltr'><strong><em>pag.</em></strong></span> <span class='ocrx_word' id='word_1_798' title='bbox 2500 4836 2627 4890; x_wconf 70' lang='lat'><strong><em>224.</em></strong></span> <span class='ocrx_word' id='word_1_799' title='bbox 3009 4836 3024 4839; x_wconf 67' lang='grc'><em>’</em></span> <span class='ocrx_word' id='word_1_800' title='bbox 3199 4836 3214 4838; x_wconf 73' lang='grc'><strong><em>“</em></strong></span> 
     </span>
     <span class='ocr_line' id='line_1_118' title="bbox 2172 4904 3359 4976; baseline 0 -15"><span class='ocrx_word' id='word_1_801' title='bbox 2172 4907 2287 4976; x_wconf 87' lang='lat'><strong><em>(55)</em></strong></span> <span class='ocrx_word' id='word_1_802' title='bbox 2326 4907 2642 4976; x_wconf 62' lang='lat' dir='ltr'><strong><em>Nicephoru,</em></strong></span> <span class='ocrx_word' id='word_1_803' title='bbox 2675 4904 2748 4962; x_wconf 84' lang='grc' dir='ltr'><strong>Η.</strong></span> <span class='ocrx_word' id='word_1_804' title='bbox 2779 4905 2846 4963; x_wconf 87' lang='grc' dir='ltr'><strong>Ε.</strong></span> <span class='ocrx_word' id='word_1_805' title='bbox 2878 4907 2976 4963; x_wconf 90' lang='lat' dir='ltr'><strong><em>lib.</em></strong></span> <span class='ocrx_word' id='word_1_806' title='bbox 3004 4922 3080 4973; x_wconf 73' lang='lat' dir='ltr'><strong><em>tv,</em></strong></span> <span class='ocrx_word' id='word_1_807' title='bbox 3113 4922 3236 4976; x_wconf 87' lang='lat' dir='ltr'><strong><em>cap.</em></strong></span> <span class='ocrx_word' id='word_1_808' title='bbox 3268 4906 3359 4961; x_wconf 88' lang='lat'><strong><em>5|.</em></strong></span> 
     </span>
    </p>
   </div>
   <div class='ocr_carea' id='block_1_115' title="bbox 2196 4975 3545 5048">
    <p class='ocr_par' dir='ltr' id='par_1_115' title="bbox 2196 4975 3545 5048">
     <span class='ocr_line' id='line_1_119' title="bbox 2196 4975 3545 5048; baseline 0.002 -19"><span class='ocrx_word' id='word_1_809' title='bbox 2196 4975 2286 5048; x_wconf 71' lang='lat'><strong><em>54)</em></strong></span> <span class='ocrx_word' id='word_1_810' title='bbox 2327 4975 2662 5048; x_wconf 61' lang='lat' dir='ltr'><strong><em>Ttllemont,</em></strong></span> <span class='ocrx_word' id='word_1_811' title='bbox 2692 4977 2959 5048; x_wconf 63' lang='lat' dir='ltr'><strong><em>penam,</em></strong></span> <span class='ocrx_word' id='word_1_812' title='bbox 2993 4988 3124 5033; x_wconf 88' lang='lat' dir='ltr'><strong><em>tom.</em></strong></span> <span class='ocrx_word' id='word_1_813' title='bbox 3154 4975 3239 5040; x_wconf 87' lang='lat' dir='ltr'><strong><em>Ill,</em></strong></span> <span class='ocrx_word' id='word_1_814' title='bbox 3269 4992 3390 5048; x_wconf 80' lang='lat' dir='ltr'><strong><em>pag.</em></strong></span> <span class='ocrx_word' id='word_1_815' title='bbox 3421 4975 3545 5032; x_wconf 64' lang='lat'><strong><em>106.</em></strong></span> 
     </span>
    </p>
   </div>
   <div class='ocr_carea' id='block_1_116' title="bbox 2197 5045 3259 5190">
    <p class='ocr_par' dir='ltr' id='par_1_116' title="bbox 2197 5045 3259 5190">
     <span class='ocr_line' id='line_1_120' title="bbox 2197 5045 3259 5119; baseline 0 -19"><span class='ocrx_word' id='word_1_816' title='bbox 2197 5045 2276 5100; x_wconf 52' lang='lat'><strong><em>55&#39;</em></strong></span> <span class='ocrx_word' id='word_1_817' title='bbox 2326 5046 2549 5110; x_wconf 84' lang='lat' dir='ltr'><strong><em>Euseb.,</em></strong></span> <span class='ocrx_word' id='word_1_818' title='bbox 2580 5045 2652 5101; x_wconf 82' lang='grc' dir='ltr'><strong>Η.</strong></span> <span class='ocrx_word' id='word_1_819' title='bbox 2679 5046 2744 5100; x_wconf 85' lang='grc' dir='ltr'><strong>Ε.</strong></span> <span class='ocrx_word' id='word_1_820' title='bbox 2783 5049 2877 5102; x_wconf 86' lang='lat' dir='ltr'><strong><em>lib.</em></strong></span> <span class='ocrx_word' id='word_1_821' title='bbox 2907 5064 2980 5110; x_wconf 74' lang='lat' dir='ltr'><strong><em>vr,</em></strong></span> <span class='ocrx_word' id='word_1_822' title='bbox 3021 5063 3141 5119; x_wconf 87' lang='lat' dir='ltr'><strong><em>cap.</em></strong></span> <span class='ocrx_word' id='word_1_823' title='bbox 3167 5048 3259 5103; x_wconf 88' lang='lat'><strong><em>22.</em></strong></span> 
     </span>
     <span class='ocr_line' id='line_1_121' title="bbox 2197 5050 3259 5190; baseline 0.002 -20"><span class='ocrx_word' id='word_1_824' title='bbox 2197 5050 2289 5190; x_wconf 47' lang='grc'><strong><em>56)</em></strong></span> <span class='ocrx_word' id='word_1_825' title='bbox 2334 5116 2623 5190; x_wconf 47' lang='lat' dir='ltr'><strong><em>«Plurimi</em></strong></span> <span class='ocrx_word' id='word_1_826' title='bbox 2683 5133 2814 5190; x_wconf 78' lang='lat' dir='ltr'><strong><em>sane</em></strong></span> <span class='ocrx_word' id='word_1_827' title='bbox 2871 5127 3065 5172; x_wconf 89' lang='lat' dir='ltr'><strong><em>contra</em></strong></span> <span class='ocrx_word' id='word_1_828' title='bbox 3127 5119 3259 5190; x_wconf 78' lang='lat' dir='ltr'><strong><em>bant</em></strong></span> 
     </span>
    </p>
   </div>
   <div class='ocr_carea' id='block_1_117' title="bbox 2104 5118 3669 5259">
    <p class='ocr_par' dir='ltr' id='par_1_117' title="bbox 2104 5118 3669 5259">
     <span class='ocr_line' id='line_1_122' title="bbox 2173 5118 3666 5190; baseline 0.002 -20"><span class='ocrx_word' id='word_1_829' title='bbox 2173 5118 2287 5190; x_wconf 78' lang='lat'><strong><em>(56)</em></strong></span> <span class='ocrx_word' id='word_1_830' title='bbox 2334 5135 2354 5168; x_wconf 72' lang='grc' dir='ltr'>ι</span> <span class='ocrx_word' id='word_1_831' title='bbox 2396 5118 2623 5171; x_wconf 87' lang='lat' dir='ltr'><strong><em>Plurimi</em></strong></span> <span class='ocrx_word' id='word_1_832' title='bbox 2683 5133 2814 5173; x_wconf 89' lang='lat' dir='ltr'><strong><em>sane</em></strong></span> <span class='ocrx_word' id='word_1_833' title='bbox 2871 5118 3095 5172; x_wconf 84' lang='lat' dir='ltr'><strong><em>contra</em></strong></span> <span class='ocrx_word' id='word_1_834' title='bbox 3134 5119 3273 5173; x_wconf 89' lang='lat' dir='ltr'><strong><em>hanc</em></strong></span> <span class='ocrx_word' id='word_1_835' title='bbox 3328 5118 3666 5187; x_wconf 85' lang='lat' dir='ltr'><strong><em>impietatem</em></strong></span> 
     </span>
     <span class='ocr_line' id='line_1_123' title="bbox 2104 5185 3669 5259; baseline 0.002 -20"><span class='ocrx_word' id='word_1_836' title='bbox 2104 5185 2439 5257; x_wconf 83' lang='lat' dir='ltr'><strong><em>(Marcionis)</em></strong></span> <span class='ocrx_word' id='word_1_837' title='bbox 2469 5188 2753 5259; x_wconf 80' lang='lat' dir='ltr'><strong><em>scripsere.</em></strong></span> <span class='ocrx_word' id='word_1_838' title='bbox 2780 5186 3323 5259; x_wconf 85' lang='lat' dir='ltr'><strong><em>Justinus_enim...et</em></strong></span> <span class='ocrx_word' id='word_1_839' title='bbox 3345 5185 3669 5259; x_wconf 76' lang='lat' dir='ltr'><strong><em>Hippolytus</em></strong></span> 
     </span>
    </p>
   </div>
   <div class='ocr_carea' id='block_1_118' title="bbox 2102 5257 3671 5397">
    <p class='ocr_par' dir='ltr' id='par_1_118' title="bbox 2102 5257 3671 5397">
     <span class='ocr_line' id='line_1_124' title="bbox 2102 5257 3670 5338; baseline 0.001 -28"><span class='ocrx_word' id='word_1_840' title='bbox 2102 5258 2305 5338; x_wconf 86' lang='lat' dir='ltr'><strong><em>optime</em></strong></span> <span class='ocrx_word' id='word_1_841' title='bbox 2330 5272 2521 5311; x_wconf 89' lang='lat' dir='ltr'><strong><em>omnes</em></strong></span> <span class='ocrx_word' id='word_1_842' title='bbox 2546 5257 2965 5326; x_wconf 83' lang='lat' dir='ltr'><strong><em>doctissimeque</em></strong></span> <span class='ocrx_word' id='word_1_843' title='bbox 2996 5257 3345 5327; x_wconf 76' lang='lat' dir='ltr'><strong><em>blasphemia:</em></strong></span> <span class='ocrx_word' id='word_1_844' title='bbox 3381 5257 3556 5324; x_wconf 77' lang='lat' dir='ltr'><strong><em>hujus</em></strong></span> <span class='ocrx_word' id='word_1_845' title='bbox 3575 5273 3670 5311; x_wconf 85' lang='lat' dir='ltr'><strong><em>ra-</em></strong></span> 
     </span>
     <span class='ocr_line' id='line_1_125' title="bbox 2102 5325 3671 5397; baseline 0 -16"><span class='ocrx_word' id='word_1_846' title='bbox 2102 5327 2245 5397; x_wconf 81' lang='lat' dir='ltr'><strong><em>biem</em></strong></span> <span class='ocrx_word' id='word_1_847' title='bbox 2275 5327 2648 5381; x_wconf 78' lang='lat' dir='ltr'><strong><em>confuturum.</em></strong></span> <span class='ocrx_word' id='word_1_848' title='bbox 2675 5345 2695 5377; x_wconf 72' lang='grc' dir='ltr'><strong>ι</strong></span> <span class='ocrx_word' id='word_1_849' title='bbox 2750 5326 3099 5394; x_wconf 84' lang='lat' dir='ltr'><strong><em>Tlteodoret.,</em></strong></span> <span class='ocrx_word' id='word_1_850' title='bbox 3128 5329 3224 5382; x_wconf 88' lang='lat' dir='ltr'><strong><em>lib.</em></strong></span> <span class='ocrx_word' id='word_1_851' title='bbox 3256 5343 3274 5381; x_wconf 93' lang='lat' dir='ltr'><strong><em>t</em></strong></span> <span class='ocrx_word' id='word_1_852' title='bbox 3306 5325 3558 5382; x_wconf 74' lang='lat' dir='ltr'><strong><em>eretic.</em></strong></span> <span class='ocrx_word' id='word_1_853' title='bbox 3583 5328 3671 5397; x_wconf 80' lang='lat' dir='ltr'><strong><em>[a-</em></strong></span> 
     </span>
    </p>
   </div>
   <div class='ocr_carea' id='block_1_119' title="bbox 2102 5396 3668 5539">
    <p class='ocr_par' dir='ltr' id='par_1_119' title="bbox 2102 5396 3668 5539">
     <span class='ocr_line' id='line_1_126' title="bbox 2102 5396 2514 5465; baseline 0.002 -17"><span class='ocrx_word' id='word_1_854' title='bbox 2102 5396 2238 5457; x_wconf 86' lang='lat' dir='ltr'><strong><em>bul.,</em></strong></span> <span class='ocrx_word' id='word_1_855' title='bbox 2273 5412 2393 5465; x_wconf 89' lang='lat' dir='ltr'><strong><em>cap.</em></strong></span> <span class='ocrx_word' id='word_1_856' title='bbox 2421 5397 2514 5449; x_wconf 78' lang='lat'><strong><em>25.</em></strong></span> 
     </span>
     <span class='ocr_line' id='line_1_127' title="bbox 2173 5461 3668 5539; baseline -0.001 -19"><span class='ocrx_word' id='word_1_857' title='bbox 2173 5467 2287 5537; x_wconf 84' lang='lat'><strong><em>(57)</em></strong></span> <span class='ocrx_word' id='word_1_858' title='bbox 2322 5465 2399 5521; x_wconf 82' lang='lat' dir='ltr'><strong><em>Le</em></strong></span> <span class='ocrx_word' id='word_1_859' title='bbox 2431 5465 2644 5537; x_wconf 74' lang='lat' dir='ltr'><strong><em>Moyne,</em></strong></span> <span class='ocrx_word' id='word_1_860' title='bbox 2687 5462 2847 5520; x_wconf 79' lang='lat' dir='ltr'><strong><em>Varia</em></strong></span> <span class='ocrx_word' id='word_1_861' title='bbox 2878 5481 3056 5532; x_wconf 88' lang='lat' dir='ltr'><strong><em>sacra,</em></strong></span> <span class='ocrx_word' id='word_1_862' title='bbox 3109 5474 3244 5522; x_wconf 91' lang='lat' dir='ltr'><strong><em>tom.</em></strong></span> <span class='ocrx_word' id='word_1_863' title='bbox 3273 5464 3340 5535; x_wconf 90' lang='lat' dir='ltr'><strong><em>ll,</em></strong></span> <span class='ocrx_word' id='word_1_864' title='bbox 3375 5481 3500 5539; x_wconf 83' lang='lat' dir='ltr'><strong><em>pag.</em></strong></span> <span class='ocrx_word' id='word_1_865' title='bbox 3534 5461 3668 5521; x_wconf 83' lang='lat' dir='ltr'><strong><em>lll&#39;l</em></strong></span> 
     </span>
    </p>
   </div>
   <div class='ocr_carea' id='block_1_120' title="bbox 2100 5545 3208 5675">
    <p class='ocr_par' dir='ltr' id='par_1_120' title="bbox 2100 5545 3208 5675">
     <span class='ocr_line' id='line_1_128' title="bbox 2100 5545 3208 5675; baseline -0.001 -15"><span class='ocrx_word' id='word_1_866' title='bbox 2100 5545 2153 5590; x_wconf 52' lang='lat' dir='ltr'><strong>et</strong></span> <span class='ocrx_word' id='word_1_867' title='bbox 2328 5592 2528 5675; x_wconf 78' lang='lat' dir='ltr'><strong><em>Euseb.</em></strong></span> <span class='ocrx_word' id='word_1_868' title='bbox 2565 5603 2635 5658; x_wconf 87' lang='lat' dir='ltr'><strong><em>ll.</em></strong></span> <span class='ocrx_word' id='word_1_869' title='bbox 2658 5603 2723 5658; x_wconf 84' lang='grc' dir='ltr'><strong>Ε.</strong></span> <span class='ocrx_word' id='word_1_870' title='bbox 2763 5605 2857 5660; x_wconf 89' lang='lat' dir='ltr'><strong><em>lib.</em></strong></span> <span class='ocrx_word' id='word_1_871' title='bbox 2883 5621 2939 5667; x_wconf 91' lang='lat' dir='ltr'><strong><em>v,</em></strong></span> <span class='ocrx_word' id='word_1_872' title='bbox 2970 5621 3089 5675; x_wconf 89' lang='lat' dir='ltr'><strong><em>cap.</em></strong></span> <span class='ocrx_word' id='word_1_873' title='bbox 3118 5604 3208 5661; x_wconf 89' lang='lat'><strong><em>20.</em></strong></span> 
     </span>
    </p>
   </div>
   <div class='ocr_carea' id='block_1_121' title="bbox 2173 5672 3667 5748">
    <p class='ocr_par' dir='ltr' id='par_1_121' title="bbox 2173 5672 3667 5748">
     <span class='ocr_line' id='line_1_129' title="bbox 2173 5672 3667 5748; baseline 0.001 -18"><span class='ocrx_word' id='word_1_874' title='bbox 2173 5672 2286 5747; x_wconf 77' lang='lat'><strong><em>(59)</em></strong></span> <span class='ocrx_word' id='word_1_875' title='bbox 2330 5674 2471 5730; x_wconf 80' lang='lat' dir='ltr'><strong><em>Hist.</em></strong></span> <span class='ocrx_word' id='word_1_876' title='bbox 2505 5676 2667 5730; x_wconf 74' lang='lat' dir='ltr'><strong><em>litter.</em></strong></span> <span class='ocrx_word' id='word_1_877' title='bbox 2705 5675 2770 5729; x_wconf 88' lang='lat' dir='ltr'><strong><em>de</em></strong></span> <span class='ocrx_word' id='word_1_878' title='bbox 2802 5676 2854 5730; x_wconf 87' lang='lat' dir='ltr'><strong><em>la</em></strong></span> <span class='ocrx_word' id='word_1_879' title='bbox 2884 5672 3111 5733; x_wconf 78' lang='lat' dir='ltr'><strong><em>France.</em></strong></span> <span class='ocrx_word' id='word_1_880' title='bbox 3144 5687 3278 5733; x_wconf 88' lang='lat' dir='ltr'><strong><em>tom.</em></strong></span> <span class='ocrx_word' id='word_1_881' title='bbox 3301 5674 3345 5747; x_wconf 89' lang='grc'>1,</span> <span class='ocrx_word' id='word_1_882' title='bbox 3391 5691 3514 5748; x_wconf 84' lang='lat' dir='ltr'><strong><em>pag.</em></strong></span> <span class='ocrx_word' id='word_1_883' title='bbox 3538 5672 3667 5732; x_wconf 75' lang='lat'><strong><em>586.</em></strong></span> 
     </span>
    </p>
   </div>
   <div class='ocr_carea' id='block_1_122' title="bbox 2334 5116 3666 5187">
    <p class='ocr_par' dir='ltr' id='par_1_122' title="bbox 2334 5116 3666 5187">
     <span class='ocr_line' id='line_1_130' title="bbox 2334 5116 3666 5187; baseline 0.003 -18"><span class='ocrx_word' id='word_1_884' title='bbox 2334 5135 2354 5168; x_wconf 72' lang='grc' dir='ltr'>ι</span> <span class='ocrx_word' id='word_1_885' title='bbox 2396 5116 2623 5171; x_wconf 86' lang='lat' dir='ltr'><strong><em>Plurimi</em></strong></span> <span class='ocrx_word' id='word_1_886' title='bbox 2683 5133 2814 5173; x_wconf 89' lang='lat' dir='ltr'><strong><em>sane</em></strong></span> <span class='ocrx_word' id='word_1_887' title='bbox 2871 5116 3273 5173; x_wconf 48' lang='lat' dir='ltr'><strong><em>contra’hanc</em></strong></span> <span class='ocrx_word' id='word_1_888' title='bbox 3328 5116 3666 5187; x_wconf 74' lang='lat' dir='ltr'><strong><em>impietatem</em></strong></span> 
     </span>
    </p>
   </div>
  </div>
