4034 6438
418 257 527 316 535

1398 259 1483 314 DE
1524 260 1681 314 VITA
1714 258 1803 313 ET
1843 259 2154 315 SCRIPTIS
2210 262 2269 317 S.
2303 261 2689 319 HIPPOLYTI.

3566 273 3672 329 538

416 375 686 445 polytum.
749 372 855 429 Sed
907 375 1100 438 nobis,
1156 375 1333 443 inquit
1382 376 1453 429 cl.
1513 374 1735 431 Samuel
1786 373 1991 430 Basnao
2027 381 2068 433 Α
2099 392 2219 429 eam
2274 392 2603 446 personam,
2652 381 2741 435 cui
2781 382 3013 452 epistola
3063 382 3155 437 illa
3203 383 3501 455 perscripta
3555 385 3681 444 fuit.

418 464 545 535 gius
577 463 716 534 (55),
751 474 933 519 tamen
965 479 1075 520 non
1107 465 1284 533 placet
1310 465 1490 520 audax
1523 465 1612 519 illa
1637 465 1820 529 crisis,
1853 479 1995 533 quae,

417 554 567 609 nulla
587 561 813 623 cogente
829 554 1387 618 necessitate,veteres
1402 563 1578 610 mutat
1595 555 1996 624 inscriptiones.

418 642 751 709 Severinum,
786 658 896 698 non
949 642 1193 697 Severum
1224 643 1388 698 habet
1416 659 1660 699 marmor
1702 642 1995 715 Hippolyti.

420 732 615 792 Severa
639 750 792 802 vcro,
807 751 914 789 non
939 734 1208 800 Set'erina,
1224 733 1478 805 Philippo
1502 750 1644 791 uxor
1670 734 1791 791 fuit.
1812 734 1999 805 Neque

418 827 474 880 in
501 841 776 880 marmore
806 825 1016 896 vestigii
1045 834 1129 881 est
1154 826 1503 895 aliquid,quo
1519 826 1795 898 Augustea
1816 828 1997 897 digiti-

417 925 530 972 tate
566 926 815 972 ornatam
843 916 1012 971 fuisse
1042 914 1344 972 Severinam
1378 918 1717 987 colligamus,
1743 920 1887 989 quod
1915 928 1999 974 ta-

418 1026 541 1065 men
556 1009 1015 1065 oblivionidatnm
1034 1008 1152 1064 'non
1177 1008 1389 1065 fuisset.
1414 1008 1684 1067 Incertum
1705 1013 1894 1078 etiam,
1926 1029 1995 1068 an

415 1102 482 1157 ad
508 1100 742 1172 Philippi
761 1102 1047 1171 imperium
1075 1116 1272 1170 usque,
1307 1116 1484 1158 annos
1514 1100 1835 1175 Hippolytus
1866 1122 1998 1163 suos

413 1194 734 1249 extenderit.
792 1195 1011 1249 Addunt
1066 1194 1292 1264 insuper
1346 1194 1576 1249 Maurini
1636 1198 1811 1251 nostri
1859 1199 1995 1268 (56),

411 1287 633 1342 etiamsi
666 1286 1046 1342 Tlieodoretus
1078 1287 1207 1343 citet
1236 1288 1546 1357 epistolam,
1578 1288 1676 1345 abs
1705 1287 1996 1361 Hippolyto

412 1378 477 1431 ad
510 1378 753 1447 reginam
781 1378 1075 1447 quamdam
1116 1379 1496 1449 perscriplam,
1527 1396 1594 1434 ex
1628 1380 1734 1435 hoc
1762 1396 1871 1435 non
1905 1397 1997 1437 se-

410 1470 522 1541 qui,
571 1473 714 1540 quod
763 1486 860 1540 per
890 1486 1007 1525 eam
1040 1472 1328 1539 epistolam
1362 1473 1453 1526 illa
1503 1473 1852 1543 intelligenda
1900 1475 1992 1539 sit,

408 1580 531 1637 qua:
561 1564 627 1619 ad
671 1563 987 1619 Severinam
1017 1572 1241 1618 exarata
1275 1564 1395 1618 fuit.
1434 1564 1671 1619 Sanctus
1703 1566 1849 1620 enim
1879 1566 1996 1635 epi-

408 1670 612 1727 scopus
642 1666 831 1709 noster
860 1653 925 1708 ad
957 1654 1143 1723 plures
1171 1669 1456 1722 personas,
1479 1655 1593 1709 sive
1616 1655 1854 1721 reginas,
1881 1657 1994 1710 sive

409 1751 570 1816 alias,
590 1746 837 1804 exaravit
866 1746 1096 1801 litteras.
1126 1746 1406 1815 Siquidem
1447 1748 1587 1801 inter
1609 1748 1730 1818 ejus
1766 1749 1988 1818 scripta,
2030 1729 2067 1782 Β

407 1858 531 1912 qua:
557 1852 783 1895 sanctus
807 1838 1113 1893 Alexander
1142 1837 1677 1909 Hierosolymitanus
1701 1840 1990 1909 episcopus

406 1934 681 1989 indefessa
735 1948 868 1988 cura
921 1947 1021 2002 pro
1072 1933 1452 2001 locupletanda
1500 1947 1600 1987 sua
1656 1932 1986 1986 bibliotheca

408 2027 723 2098 collegerat,
752 2026 960 2079 mentio
1010 2025 1068 2079 tit
1099 2025 1164 2079 de
1206 2024 1402 2079 litteris
1448 2024 1487 2077 S
1540 2024 1836 2097 Hippolyti,
1870 2035 1991 2080 tan-

409 2132 573 2185 quam
599 2116 653 2170 in
679 2114 1002 2171 fasciculum
1025 2116 1269 2171 collectis
1287 2116 1422 2187 (57).
1440 2116 1590 2171 Adde
1609 2118 1753 2187 quod
1780 2118 1986 2173 nullum

409 2214 793 2277 argumentum
821 2206 1107 2271 habeatur,
1123 2222 1188 2261 ex
1214 2221 1323 2276 quo
1340 2206 1518 2276 colligi
1544 2209 1716 2276 possit
1737 2217 1986 2263 sanctum

407 2307 654 2352 nostrum
703 2298 841 2352 ultra
899 2292 1188 2367 imperium
1243 2297 1427 2352 Severi
1478 2299 1771 2354 Alexandri
1817 2302 1984 2355 vitam

405 2391 763 2461 protendissc.
783 2388 1123 2458 Quapropter
1148 2390 1218 2444 cl.
1245 2388 1456 2445 Caveus
1481 2390 1594 2461 (58)
1622 2393 1699 2445 ait
1724 2412 1735 2446 :
1758 2392 1820 2448 Si
1852 2391 1986 2460 Hip-

404 2486 572 2555 palyti
622 2495 833 2539 (etatem
877 2500 1103 2550 eousque
1147 2484 1453 2552 protrahere
1501 2482 1689 2535 durius
1723 2484 1984 2549 videatur,

403 2580 473 2633 ad
510 2578 802 2632 Alexandri
854 2576 1031 2631 Severi
1076 2591 1332 2640 sororem,
1366 2583 1459 2628 aut
1508 2590 1573 2629 ex
1617 2575 1732 2644 ejus
1774 2570 1987 2644 familia

403 2669 638 2745 aliquam
668 2672 890 2743 epistola
913 2673 1022 2726 licet:
1046 2688 1148 2724 non
1183 2670 1319 2724 male
1349 2671 1538 2741 referri
1559 2679 1748 2740 potest.
1775 2670 1987 2728 Doctis-

402 2765 575 2820 simus
599 2762 840 2819 Jacobus
867 2762 1171 2833 Basnagius
1212 2762 1351 2832 (59),
1384 2763 1477 2832 qui
1514 2763 1654 2818 hanc
1700 2762 1986 2819 difﬁculta-

400 2866 509 2911 tem
541 2856 766 2911 uberius
795 2855 1174 2925 explicandam
1222 2855 1486 2924 suscepit,
1526 2856 1687 2925 longe
1719 2854 1895 2911 abfuit
1927 2866 1988 2909 ut

401 2962 521 3001 eam
557 2945 815 3009 solreret,
846 2942 941 2999 sed
975 2943 1161 3013 potius
1191 2943 1366 3008 auxit,
1405 2943 1537 2998 dum
1564 2945 1760 2999 statuit
1784 2946 1851 2999 ad
1881 2943 1983 3000 Ze-

403 3038 622 3093 nobiam
679 3038 923 3109 reginam
979 3035 1246 3107 Palmyraa
1290 3052 1434 3101 eam,
1471 3037 1538 3091 de
1587 3053 1695 3107 qua
1749 3039 1982 3108 agimus,

405 3131 674 3187 direxisse
694 3130 1004 3201 epistolam.
1034 3129 1166 3196 Qua:
1188 3130 1433 3199 profecto
1460 3130 1645 3199 Opinio
1666 3144 1773 3184 non
1805 3129 1985 3185 solum

401 3224 551 3281 nullo
597 3224 790 3278 nititur
818 3232 1161 3292 argumento,
1198 3222 1293 3277 sed
1332 3222 1484 3276 omni
1514 3222 1679 3277 etiam
1715 3221 1987 3276 verisimi-

400 3318 628 3375 litudine
646 3327 816 3374 caret.
854 3317 925 3373 Ut
946 3318 1091 3371 enim
1125 3313 1524 3386 probabilitatis
1554 3314 1787 3385 speciem
1814 3315 1985 3370 habe-

399 3422 505 3479 ret,
533 3426 755 3467 necesse
778 3410 918 3464 foret
950 3417 1009 3463 ut
1037 3408 1092 3463 S.
1126 3407 1470 3479 Hippolytus,
1505 3405 1569 3462 Ι).
1604 3405 1804 3463 lrenzei
1837 3423 1985 3463 anno

398 3504 509 3560 202
562 3502 804 3560 defuncti
847 3500 1173 3571 discipulus,
1208 3501 1372 3553 vitam
1407 3498 1767 3569 protraxisset
1811 3515 1985 3570 usque

404 3600 470 3654 ad
502 3596 792 3666 imperium
830 3596 1111 3649 Aureliani
1149 3592 1521 3663 imperatoris,
1557 3608 1688 3647 ann.
1738 3608 1817 3647 sc.
1854 3593 1981 3660 ‘270,

314 3678 317 3685 ’
402 3682 514 3758 quo
564 3690 825 3744 nimirum
887 3697 1130 3758 tempore
1196 3686 1436 3741 Zenobia
1498 3702 1727 3757 regnare
1790 3687 1979 3757 coepit.

398 3775 658 3846 Quinimo
684 3776 772 3831 vel
793 3775 1209 3845 supponendum
1253 3785 1418 3841 esset,
1447 3775 1742 3829 Zenobiam
1776 3791 1978 3832 nomen

398 3868 565 3923 etiam
601 3866 877 3922 Severinaa
902 3865 1161 3937 gessisse,
1193 3867 1278 3921 vel
1317 3864 1547 3920 omnino
1581 3865 1875 3936 rejicienda
1899 3866 1982 3923 fo-

401 3971 484 4018 ret
528 3960 834 4030 inscriptio,
863 3966 924 4013 ut
966 3957 1124 4024 falsa,
1156 3974 1281 4029 qua:
1331 3958 1436 4012 hoc
1484 3959 1705 4014 nomine
1747 3961 1984 4029 appellat

474 4119 588 4192 (55)
611 4117 845 4192 Samuel
865 4116 1135 4192 Basnage,
1158 4116 1357 4171 Annal.
1371 4117 1525 4186 polit.
1550 4117 1757 4191 ποίεε..
1778 4125 1904 4172 tom.
1915 4116 1979 4187 II,

402 4188 690 4261 pag.72893
728 4189 794 4243 ad
829 4204 963 4261 ann.
994 4188 1121 4242 2‘22.

474 4256 586 4330 (56)
640 4259 877 4313 Histoire
925 4257 1188 4312 littéraire
1246 4258 1309 4312 de
1342 4256 1397 4312 la

404 4330 839 4402 9-5899lwt-
917 4401 932 4402 ,
995 4396 1032 4402 _
1445 4389 1452 4396 .

484 4400 596 4471 (57)
626 4396 951 4471 Euseb'._,_H.
985 4396 1051 4471 E.
1088 4397 1184 4452 lib.
1207 4414 1280 4463 vn,
1308 4413 1427 4468 cap.
1440 4397 1553 4471 βυ.

472 4467 586 4539 (58)
619 4470 784 4539 Cave,
818 4467 965 4539 Hist.
993 4467 1249 4527 litteram.
1282 4467 1413 4522 tom.
1440 4467 1481 4534 l,
1507 4484 1630 4539 pag.
1666 4467 1786 4524 105.

474 4484 586 4539 (56)
619 4484 784 4537 Cave,
818 4484 965 4523 mst.
993 4484 1249 4527 tuleram.
1282 4484 1413 4522 tom.
1440 4484 1481 4534 ι,
1507 4484 1630 4591 pag:
1666 4484 1786 4524 tua.

474 4541 600 4662 (39)1
646 4537 764 4593 Jac.
817 4538 1092 4663 gasnage,
1143 4539 1286 4608 apud
1339 4540 1521 4594 Canis.
1620 4549 1720 4592 ect.
1778 4539 1981 4609 antiq.,

474 4628 542 4663 ιιι.
611 4651 622 4663 .
662 4626 783 4663 oau.
857 4648 871 4662 .

408 4620 542 4667 ῐοιιι.
581 4620 622 4665 l.
662 4626 783 4667 Dau.
817 4620 871 4663 δ.

475 4628 542 4665 ιιι.
581 4626 622 4665 ι.
662 4626 783 4679 pag.
817 4626 871 4679 δ.

475 4682 586 4747 ((50)
620 4679 819 4734 Baron.
854 4680 920 4735 ad
957 4694 1085 4732 ann.
1115 4677 1243 4738 29.9,
1278 4693 1429 4733 num.
1466 4678 1557 4731 10.

474 4753 584 4821 (6|)
614 4750 1047 4821 Galland.,_ton_i_.
1076 4748 1119 4821 ll
1145 4748 1283 4801 Bibl.
1312 4747 1457 4812 PP.,
1482 4765 1612 4821 pag.
1639 4748 1769 4821 499.

432 4877 438 4883 _
473 4813 586 4891 ('62)
623 4820 849 4891 Euseb.,
874 4813 952 4891 Π.
1097 4820 1191 4872 lih.
1231 4834 1440 4891 νιηιςδρ
1470 4813 1586 4872 ΞΟῘ
1644 4889 1677 4891 γ’
1714 4813 1722 4823 ’

483 4886 861 4963 (ϐξλξεὼνὶεη
897 4890 959 4963 S.
981 4887 1268 4963 Hippolyl.
1299 4886 1601 4963 Oppttom.
1638 4889 1700 4950 ll,
1732 4906 1855 4963 pag.
1888 4887 1979 4942 '52.

473 4958 586 5032 (⁷64)
604 4960 922 5032 Utlectores
935 4958 1420 5032 faciliusjudicium
1437 4958 1578 5032 ferre
1597 4958 1829 5032 possint,
1853 4974 1982 5012 num

400 5028 521 5090 loca
551 5028 650 5089 abs
674 5030 885 5088 Joanne
917 5028 1262 5085 Antiocheno
1295 5030 1422 5085 divo
1456 5028 1751 5100 Hippolyto
1786 5039 1980 5084 nostro

400 5104 662 5174 ascripta,
698 5104 827 5174 huic
869 5116 1068 5174 magno
1101 5101 1372 5174 episcopo,
1394 5102 1503 5174 sint
1545 5102 1732 5174 digna,
1754 5101 1851 5174 _ve_l
1883 5113 1982 5167 po-

402 5185 510 5229 tius
547 5169 577 5227 ὀ
609 5173 844 5228 sectario
891 5169 1161 5226 haereseos
1189 5169 1537 5241 Eutychiante
1560 5169 1669 5224 sint
1695 5169 1982 5241 fabricata,

403 5257 506 5298 tria
550 5245 697 5299 illius
749 5246 866 5296 loca
916 5243 1002 5296 hic
1045 5242 1235 5295 afferre
1267 5239 1474 5309 integra
1525 5256 1703 5309 operae
1746 5239 1982 5309 pretium

401 5330 525 5369 esse
555 5315 837 5373 duximus.
875 5331 892 5363 ι
931 5311 988 5366 S.
1022 5311 1665 5382 llippolytusRomanus
1693 5314 1982 5378 cpiscopus

404 5384 457 5437 in
492 5394 722 5439 tractatu
764 5399 1026 5437 adversus
1074 5381 1169 5437 eos
1211 5381 1307 5450 Qui
1357 5381 1681 5449 impugnant
1729 5385 1984 5434 incarna-

403 5456 610 5508 tionem
638 5452 797 5508 Verhi
830 5453 923 5506 Dei
970 5453 1042 5506 ob
1063 5452 1687 5506 consubstantialitatem
1712 5450 1832 5508 eius
1857 5464 1984 5503 cum

404 5523 567 5578 l’atre
611 5541 626 5578 :
661 5543 680 5574 ι
726 5521 906 5593 Virgo,
948 5525 1044 5586 ait,
1077 5521 1449 5593 cumpcpcrit
1482 5536 1703 5593 corpus,
1746 5520 1981 5593 Verbum

411 5614 428 5644 ε
479 5608 698 5663 quoque
752 5587 977 5660 peperit,
1021 5602 1077 5647 et
1126 5587 1330 5647 idcirco
1373 5599 1457 5644 est
1507 5587 1775 5663 Deipara;
1809 5587 1982 5644 Judaei

412 5681 432 5715 ι
477 5661 718 5731 quoque,
750 5679 874 5717 cum
906 5664 1293 5716 crucilixerunt
1338 5676 1559 5730 corpus,
1591 5661 1984 5715 cruciﬁxerttnl.

412 5754 434 5786 ι
477 5732 650 5789 Deum
706 5733 973 5789 Verbum:
1009 5746 1185 5789 neuue
1213 5731 1493 5787 distinctio
1525 5732 1632 5786 ulla
1668 5733 1807 5786 inter
1855 5730 1981 5786 Ver-

412 5754 434 5786 ι
477 5746 650 5789 Deum
708 5746 973 5799 Verbum;
1009 5746 1185 5804 neque
1213 5746 1493 5787 αιδιωοιιο
1525 5746 1632 5786 uua
1668 5746 1807 5786 llllel‘
1857 5746 1981 5786 ver-

1473 4256 1702 4320 France,
1755 4267 1890 4315 tom.
1936 4257 1976 4326 Ι,

2102 467 2392 522 Annalium
2434 485 2635 541 parens
2662 471 2845 528 Caesar
2885 472 3153 531 Baronius
3189 474 3304 547 (60)
3333 474 3534 532 Juliam
3561 477 3678 534 Ila-

2101 575 2292 615 maeam
2336 562 2742 633 intelligendam
2774 579 2897 620 esse
2933 566 3249 621 arbitratur.
3298 565 3393 623 Hae
3434 570 3677 626 virorum

2099 652 2386 708 doctorum
2419 656 2702 710 sententiae
2736 658 2883 711 circa
2918 657 3336 728 inscriptionem
3367 660 3533 732 hujus
3559 664 3677 733 epi-

2098 740 2274 796 stolae.
2305 739 2574 798 Caeterum
2620 759 2689 799 ex
2716 744 2820 800 hac
2857 745 3112 816 epistola,
3148 763 3273 818 quae
3309 751 3516 821 pariter
3545 765 3680 809 teta-

2100 839 2208 885 tem
2237 840 2482 887 nostram
2515 848 2624 889 non
2656 835 2799 899 tulit,
2832 836 2943 892 duo
2972 838 3132 894 nobis
3160 837 3468 911 fragmenta
3499 842 3682 899 Theo-

2097 923 2323 980 doretus
2345 926 2563 997 dialogo
2585 928 2826 983 secundo
2848 941 2902 985 et
2923 933 3085 987 tertio
3108 935 3429 1002 asservavit,
3453 935 3684 1007 legenda

2098 1015 2241 1086 apud
2270 1014 2617 1072 Gallandium
2647 1017 2785 1089 (6i).

2455 1109 2482 1180 §
2532 1109 2594 1165 ll.
2624 1109 2884 1180 Epistolas
2932 1111 2995 1167 S.
3025 1111 3326 1184 Hippolyti.

2171 1198 2442 1255 Eusebius
2479 1199 2594 1272 (62)
2623 1210 2856 1256 testatur
2887 1218 2947 1258 se
2979 1206 3182 1260 multas
3212 1204 3409 1272 legisse
3454 1206 3513 1263 S.
3549 1207 3684 1280 Hip—

2099 1291 2268 1362 polyti
2295 1292 2506 1347 litteras
2533 1293 2587 1346 in
2621 1292 2959 1349 Bibliotheca
2989 1296 3058 1350 ab
3083 1296 3391 1352 Alexandro
3427 1297 3687 1358 Hieroso-

2098 1383 2369 1453 lymorum
2399 1384 2657 1454 episcopo
2704 1384 2905 1440 ibidem
2938 1386 3220 1441 adornata.
3253 1388 3357 1443 Sed
3385 1399 3581 1459 praeter
3605 1393 3685 1447 il-

2098 1477 2207 1531 lam
2233 1476 2301 1531 ad
2335 1477 2642 1533 Severinum
2674 1478 2729 1532 in
2761 1478 3023 1534 laterculo
3054 1490 3321 1547 notatam,
3356 1491 3411 1538 et
3443 1498 3475 1538 a
3502 1483 3682 1540 Theo—

2096 1569 2287 1625 doreto
2329 1570 2634 1635 laudatam,
2673 1572 2822 1625 velut
2853 1572 2920 1626 ad
2954 1573 3198 1641 reginam
3228 1574 3522 1643 quamdam
3552 1593 3678 1647 per-

2097 1656 2376 1725 scriptam,
2398 1656 2467 1711 de
2491 1673 2598 1727 qua
2624 1659 2785 1727 paulo
2808 1668 2933 1713 ante
2953 1660 3336 1726 disseruimus,
3362 1665 3429 1718 de
3451 1665 3680 1735 reliquis

2098 1748 2267 1803 altutn
2295 1750 2438 1819 apud
2467 1751 2726 1820 antiquos
2744 1753 3041 1821 scriptores
3069 1754 3371 1810 silentium.
3391 1754 3679 1813 Fabricius

2100 1840 2264 1895 refert
2290 1840 2404 1913 (65)
2441 1842 2677 1913 aliquem
2716 1844 2896 1898 locum
2930 1844 3175 1915 epistola:
3200 1848 3478 1919 synodalis
3509 1847 3679 1904 Joan-

2098 1933 2183 1987 nis
2228 1933 2555 1988 Antiocheni
2610 1935 2680 1989 ad
2737 1933 2991 1990 Mennam
3046 1937 3477 1994 Alexandrinum
3528 1955 3676 1996 anno

2095 2023 2297 2078 Christi
2323 2023 2429 2078 968
2454 2026 2693 2095 scriptae,
2729 2026 2821 2081 ubi
2851 2027 3054 2082 citatur
3073 2029 3303 2097 epistola
3336 2031 3512 2086 sancti
3541 2030 3675 2101 Hip-

2094 2115 2262 2185 polyti
2299 2115 2365 2170 ad
2414 2125 2667 2172 sanctum
2715 2118 3033 2189 Dionysium
3078 2109 3301 2191 Cyprize
3326 2122 3672 2193 episcopum;

2093 2222 2158 2260 ex
2191 2221 2299 2275 qua
2330 2205 2572 2263 Joannes
2593 2207 2974 2265 Antiochenus
2993 2210 3214 2266 adducit
3240 2213 3421 2267 locum
3457 2214 3526 2269 ad
3548 2229 3676 2283 pro-

2096 2298 2329 2351 handam
2379 2298 2597 2352 unicam
2631 2300 2684 2352 in
2712 2300 2932 2355 Christo
2977 2310 3232 2356 naturam
3262 2316 3387 2371 post
3416 2305 3674 2359 incarna-

2092 2389 2317 2441 tionem.
2348 2385 2549 2443 Verum
2592 2388 2832 2445 Joannes
2871 2391 3246 2448 Antiochcnus
3281 2410 3462 2463 parrae
3492 2397 3559 2451 ad
3591 2396 3676 2451 fa-

2093 2480 2337 2535 ciendam
2388 2481 2550 2536 tidem
2603 2483 2946 2538 auctoritatis
2998 2492 3081 2538 est
3139 2484 3261 2549 vir;
3313 2502 3413 2541 nec
3470 2485 3673 2541 deSunt

2092 2581 2433 2642 argumenta,
2467 2587 2532 2627 ex
2560 2574 2763 2643 quibus
2795 2573 3053 2630 credibile
3087 2575 3166 2641 fit,
3196 2570 3374 2644 ipsum
3403 2574 3672 2631 Joannem

2093 2667 2256 2737 hujus
2304 2666 2569 2736 epistolae,
2601 2676 2766 2736 atque
2813 2667 2940 2733 loci,
2972 2669 3025 2721 in
3074 2685 3184 2739 quo
3218 2681 3405 2739 aperte
3450 2671 3675 2727 heresis

2094 2757 2434 2830 Eutychiana
2462 2760 2796 2825 continetur,
2829 2769 3108 2816 auctorem
3157 2778 3277 2817 e-se
3329 2772 3492 2833 atque
3540 2779 3675 2819 con-

2104 2854 2496 2908 sarcinatorem
2546 2854 2680 2923 (64).
2714 2852 2848 2908 Nam
2878 2867 3240 2925 praeterquam
3271 2859 3418 2927 quod
3461 2858 3672 2926 episeo-

2094 2960 2200 3014 pus
2231 2942 2442 3015 Cyprite
2467 2946 2690 2999 nomine
2716 2944 3012 3017 Dionysius
3039 2948 3239 3002 saaculo
3268 2948 3443 3003 sancti
3469 2946 3674 3018 Hippo-

2093 3037 2186 3107 lyti
2215 3038 2404 3093 nullibi
2432 3039 2756 3107 reperiatur,
2774 3038 3023 3094 doctrina
3037 3041 3202 3095 etiam
3219 3055 3285 3095 ex
3309 3040 3412 3095 hac
3432 3041 3672 3109 epistola

2093 3129 2323 3199 allegata
2350 3129 2636 3185 sententiis
2663 3129 2830 3200 hujus
2855 3130 3030 3186 sancti
3064 3132 3321 3203 martyris
3349 3148 3381 3188 e
3406 3132 3673 3187 diametro

2089 3220 2341 3289 opposita
2390 3220 2683 3275 invenitur.
2723 3217 2824 3275 Hic
2862 3221 3010 3276 enim
3057 3221 3114 3275 in
3144 3221 3395 3291 pluribus
3443 3236 3668 3291 operum

2088 3326 2314 3366 suorum
2344 3312 2483 3367 locis
2521 3312 2684 3382 paulo
2709 3311 2941 3370 inferius
2970 3312 3315 3384 proferendis
3339 3315 3478 3371 duas
3511 3323 3674 3369 natu-

2089 3420 2178 3459 ras
2239 3405 2294 3459 in
2340 3402 2469 3460 Jesu
2525 3405 2748 3461 Christo
2805 3414 2930 3476 post
2982 3406 3419 3463 incarnationem
3466 3406 3674 3463 diserte

2087 3495 2356 3563 agnoscit.
2394 3494 2536 3562 Quid
2561 3495 2711 3567 quod
2741 3496 2883 3550 mala
2915 3495 3049 3551 ﬁdes
3087 3495 3316 3551 Joannis
3340 3496 3672 3552 Antiocheni

2087 3587 2378 3643 manifeste
2428 3597 2691 3659 appareat
2735 3603 2803 3644 ex
2858 3589 3049 3643 eodem
3105 3589 3247 3653 loco,
3299 3588 3429 3644 dum
3477 3588 3674 3658 allegat

2085 3679 2375 3747 quemdam
2396 3694 2464 3734 ex
2488 3678 2545 3734 S.
2566 3678 2852 3735 Athanasii
2879 3680 2945 3735 ad
2970 3681 3356 3750 imperatorem
3377 3678 3670 3735 Jovianum

2085 3770 2315 3839 epistola
2343 3772 2548 3836 locum,
2575 3769 2670 3840 qui
2701 3778 2882 3825 tamen
2913 3772 3109 3826 nullibi
3133 3772 3276 3842 apud
3299 3770 3663 3827 Athanasium

2082 3863 2354 3943 reperitur
2387 3863 2524 3934 (65).
2552 3864 2750 3918 Annon
2796 3865 2903 3919 hoc
2931 3862 3135 3919 factum
3169 3864 3420 3919 eumdem
3452 3864 3505 3917 in
3548 3863 3674 3918 aliis

2087 3953 2188 4011 SS.
2237 3957 2587 4026 antiquorum
2635 3956 2858 4012 Patrum
2892 3956 3029 4012 locis
3073 3955 3397 4026 allegandis,
3431 3969 3673 4026 quorum

2085 4130 2109 4167 ι
2159 4112 2285 4165 bunt
2316 4121 2371 4166 et
2411 4127 2612 4181 corpus
2646 4111 2886 4167 hominis
2918 4113 3158 4166 occurrit
3190 4111 3242 4164 in
3273 4111 3475 4165 divinis
3521 4109 3671 4164 Scri-

2090 4203 2109 4235 ι
2157 4184 2349 4251 ptui-is,
2398 4183 2493 4237 sed
2539 4186 2656 4253 ipse
2697 4191 2780 4236 est
2829 4196 3023 4237 natura
3086 4196 3670 4253 una,_‘persoua_una,

2089 4273 2108 4305 ι
2155 4249 2499 4322 suppositum
2530 4249 2722 4313 tinum,
2762 4254 3006 4322 operatio
3037 4268 3180 4313 una;
3225 4250 3460 4322 Verbum
3504 4249 3670 4312 Deus.

2089 4273 2108 4305 ι
2155 4269 2257 4321 sup
2298 4269 2499 4307 osnum
2530 4270 2722 4313 unum,
2762 4269 3006 4322 operatio
3037 4269 3180 4313 una;
3233 4269 3460 4306 vernum
3505 4269 3663 4312 ucus.

2087 4342 2107 4374 ι
2157 4269 2393 4379 Vel-Eum
2448 4324 2631 4389 homo,
2670 4323 3133 4393 quemadmodum
3181 4331 3318 4393 erat.
3358 4341 3377 4373 ι
3432 4320 3575 4393 item,
3607 4321 3663 4373 in

2012 4432 2055 4486 Ι)
2086 4402 2321 4486 tractatu
2346 4394 2412 4449 de
2442 4394 2646 4486 unione
2670 4392 2925 4475 corporis
2950 4393 3155 4449 Christi
3183 4401 3234 4474 et
3268 4392 3388 4460 ejus
3414 4392 3673 4444 divinita-

2088 4466 2159 4519 tis
2190 4463 2473 4534 prolitetur
2510 4482 2528 4515 ι
2567 4464 2744 4529 illum,
2784 4464 2878 4533 qui
2930 4473 3169 4528 creatus,
3207 4466 3509 4516 increatum
3545 4475 3671 4534 esse

2094 4554 2112 4587 ι
2158 4532 2253 4604 per
2290 4534 2585 4598 unionem;
2618 4543 2670 4587 et
2722 4532 2872 4588 illum
2924 4535 3224 4603 inet-catum
3272 4548 3365 4604 per
3416 4532 3672 4586 eamdem

2092 4625 2111 4656 ι
2160 4603 2423 4674 unionem
2479 4614 2722 4658 creatum
2778 4604 2933 4670 fieri,
2981 4603 3422 4674 quandoquidem
3471 4611 3669 4660 natura

2092 4696 2111 4725 ι
2161 4690 2268 4728 una
2297 4690 2365 4728 ex
2395 4672 2611 4730 duabus
2653 4674 2762 4729 illis
2799 4672 3024 4744 integris
3065 4675 3312 4744 partibus
3356 4681 3593 4744 constat.
3642 4690 3665 4725 ι

2089 4746 2230 4798 Idem
2258 4759 2480 4813 quoque
2528 4746 2581 4799 in
2612 4745 2850 4814 epistola
2883 4742 2949 4798 ad
2988 4742 3304 4814 Dionysium
3347 4742 3668 4811 episcopum

2084 4814 2246 4887 Cypri
2282 4830 2360 4867 ste
2390 4816 2467 4867 ait
2501 4830 2515 4868 :
2547 4833 2566 4867 ι
2604 4813 2743 4869 Dum
2774 4817 3100 4870 conlitentur
3130 4813 3357 4868 naturas
3382 4815 3540 4887 du_as,
3574 4828 3672 4865 co-

2093 4906 2110 4936 ι
2133 4880 2361 4953 'guntnr
2390 4901 2558 4938 unum
2595 4887 2846 4951 adorare,
2881 4898 2934 4940 et
2966 4887 3198 4938 alterum
3240 4900 3348 4937 non
3397 4880 3668 4953 adorant;

2092 4976 2110 5006 ι
2160 4952 2212 5008 in
2270 4971 2337 5009 eo
2381 4958 2475 5024 qui
2512 4957 2733 5010 divinus
2778 4966 2864 5012 est
2911 4955 3275 5024 haptizantur.
3323 4954 3378 5007 in
3451 4968 3517 5005 eo
3571 4952 3668 5020 qui

2092 5047 2109 5075 ι
2161 5027 2322 5096 homo
2350 5035 2433 5078 est
2495 5041 2602 5079 non
2628 5026 2994 5096 baptizantur.
3028 5024 3200 5080 Porro
3223 5040 3347 5079 cum
3374 5024 3425 5075 in
3445 5027 3671 5096 nomine
3742 5062 3746 5069 .

2092 5116 2110 5147 ‹
2157 5095 2361 5149 Christi
2397 5094 2751 5165 baptizeniur,
2805 5107 3058 5149 naturam
3108 5112 3270 5149 unam
3317 5094 3667 5165 comitentur,

2091 5167 2117 5217 ι’
2155 5163 2495 5220 divinitatem
2532 5166 2945 5236 impassibilem,
2975 5177 3027 5221 ct
3061 5180 3261 5235 corpus
3297 5163 3670 5236 pasAsibile,_ut

2092 5256 2113 5299 q
2157 5238 2464 5307 baptismns
2489 5233 2673 5293 noster
2695 5238 2775 5307 sit
2790 5239 2843 5291 in
2870 5235 3002 5299 Deo,
3034 5247 3088 5290 et
3111 5233 3172 5289 in
3191 5233 3661 5307 mortalium-ni.»
3690 5282 3696 5307 ζ

2083 5303 2299 5378 .loannL
2330 5303 2692 5378 Antiochum,
2738 5305 2911 5377 Epist.
2959 5309 3218 5378 synodic.
3262 5306 3329 5359 ad
3374 5303 3667 5378 Illennam,

2085 5376 2461 5501 ttpud_%l(l)seb.
2497 5374 2833 5446 Renaudotl,
2867 5379 2922 5432 in
2952 5374 3097 5431 Hist.
3142 5374 3437 5445 patriarch.
3486 5374 3670 5439 Αιτω..

2085 5464 2207 5501 nae.
2241 5465 2275 5501 ο
2354 5488 2368 5501 .

2122 5465 2207 5502 λιιι.
2241 5465 2368 5502 ῧυυ.

2084 5464 2489 5589 Ρδῗόὅῗῗιιὲιυιη
2508 5517 2670 5572 etiam
2690 5533 2754 5572 ex
2780 5514 3007 5586 cpistola
3034 5512 3410 5589 ad_Jovianum
3429 5512 3636 5583 impera
3650 5538 3670 5552 -

2085 5586 2260 5644 torem
2282 5590 2337 5643 in
2363 5604 2472 5658 qua
2497 5591 2629 5643 dicit
2649 5590 2983 5642 Athanasius
3009 5606 3021 5641 :
3048 5607 3065 5638 ι
3095 5586 3273 5643 Unum
3303 5587 3485 5641 dicere
3509 5598 3672 5653 opor-

2087 5671 2179 5725 tet,
2214 5671 2268 5713 et
2293 5661 2540 5714 cciditcri
2582 5670 2834 5713 naturam
2868 5674 3056 5717 unam,
3090 5669 3144 5713 et
3178 5670 3472 5727 personam
3502 5666 3669 5707 unam

2087 5727 2250 5787 Verbi
2280 5729 2568 5797 incarnati,
2595 5732 2686 5799 qui
2713 5731 2878 5784 homo
2903 5727 3100 5799 factus,
3123 5727 3519 5785 humanitatem
3549 5735 3681 5807 per-
