4034 6376
295 481 399 540 5'57

1266 483 1353 537 DE
1393 483 1556 539 VITA
1604 483 1690 537 ET
1732 481 2045 537 SCRIPTIS
2077 482 2135 536 8.
2179 480 2560 535 HlPPOLYTl.

3443 480 3546 533 538

291 607 462 664 opera
504 593 786 664 deperdita
829 591 1000 660 fuere,
1042 603 1354 664 suspectum
1403 595 1630 649 reddere
1677 595 1872 650 debet?
1900 599 1947 654 Α
1973 595 2076 648 cile
2107 605 2209 648 est.
2264 593 2354 649 Sic
2393 595 2558 648 etiam
2605 591 2947 662 antiquitatis
2983 598 3336 647 monumenta
3389 593 3547 646 nobis

271 681 491 742 Iisdem
527 689 805 740 rationum
836 685 1130 741 momentis
1172 687 1409 741 convicti
1459 687 1562 741 alia
1598 687 1708 741 duo
1751 687 1870 741 loca

286 781 365 836 ab
389 779 582 834 eodem
608 779 841 834 adducta
872 779 1170 848 rejicimus.
1206 781 1424 834 Primus
1448 780 1602 834 locus
1634 795 1702 834 ex
1731 795 1870 850 quo-

286 871 418 927 dam
455 878 713 936 tractatu,
748 871 803 925 in
834 886 943 940 quo
981 871 1138 940 juxta
1175 869 1439 925 Joannem
1471 871 1869 925 Antiochenum

285 970 520 1016 sanctus
553 958 870 1031 Hippolytus
896 975 991 1015 eos
1017 960 1390 1030 impugnabat,
1418 961 1513 1030 qui
1536 961 1606 1016 ob
1634 961 1874 1016 consub-

286 1051 708 1105 stantialitatem
739 1050 898 1105 Verbi
933 1051 1102 1106 divini
1135 1067 1260 1106 cum
1305 1050 1468 1107 Patre
1496 1067 1619 1118 suo,
1668 1062 1872 1122 myste-

282 1148 435 1196 rium
467 1141 862 1197 Incarnationis
887 1142 1289 1209 inliciebantur,
1323 1143 1644 1212 desumptus
1668 1152 1786 1209 est;
1818 1125 1871 1198 et

281 1233 594 1288 secundum
629 1247 695 1285 ex
738 1233 846 1286 alio
893 1247 1057 1302 opere
1087 1227 1444 1302 deprompsit,
1474 1236 1618 1303 quod
1657 1235 1746 1289 ille
1793 1237 1870 1290 ei-

280 1325 414 1380 dem
443 1332 632 1379 sancto
657 1323 805 1378 Patri
835 1325 1088 1394 ascripsit
1111 1327 1213 1379 hoc
1238 1325 1341 1380 sub
1368 1327 1556 1381 titulo:
1581 1326 1658 1379 De
1679 1328 1871 1380 unione

279 1405 529 1485 corporis
560 1414 690 1470 Jesu
729 1415 928 1471 Christi
962 1432 1078 1470 cum
1118 1417 1231 1485 ejus
1272 1417 1566 1471 divinitate.
1603 1418 1722 1474 Duo
1757 1421 1872 1474 haec

281 1509 411 1563 loca
457 1506 603 1562 haud
648 1508 831 1562 minus
869 1508 1102 1562 limresin
1151 1508 1544 1580 Eutychianam
1589 1512 1869 1577 redolent;

284 1599 419 1655 libri
445 1614 692 1670 quoque,
720 1601 864 1654 unde
884 1600 1051 1669 petita
1075 1615 1198 1655 esse
1222 1602 1561 1671 supponitur,
1584 1604 1682 1656 toti
1704 1603 1867 1656 etiam

292 1689 617 1760 antiquitati
673 1691 900 1744 omnino
947 1690 1118 1761 ignoti
1167 1700 1311 1746 sunt.
1368 1691 1676 1748 Notandum
1735 1709 1872 1764 prae-

285 1788 460 1848 terea,
499 1781 645 1852 quod
669 1797 732 1836 ea
760 1781 898 1848 loca,
930 1797 1052 1852 quae
1075 1781 1174 1837 abs
1209 1781 1419 1840 Joanne
1440 1785 1778 1841 Antiocheno
1805 1791 1875 1840 ex‘

287 1869 348 1924 S.
371 1870 652 1942 Hippolyti
677 1873 849 1928 nostri
872 1875 1102 1942 cpistola
1127 1875 1194 1930 ad
1218 1875 1536 1948 Dionysium
1553 1878 1867 1947 episcopum

1974 697 2059 741 sat
2098 686 2322 740 luminis
2369 700 2478 770 non
2531 684 2974 751 subministrant,
3012 700 3077 738 ex
3135 698 3246 752 quo
3297 683 3552 754 colligere

1972 788 2122 833 certo
2173 778 2403 842 liceret,
2457 785 2641 832 utrum
2699 785 2923 831 sanctus
2986 774 3309 846 Hippolytus
3367 776 3550 831 dedita

1972 881 2138 938 opera
2174 867 2250 921 De
2280 883 2496 921 numero
2518 867 2710 936 impari
2734 867 3034 935 scripserit,
3057 869 3142 921 vel
3166 866 3550 936 pertractanda

1971 961 2148 1014 solum
2179 959 2327 1013 aliud
2357 966 2761 1028 argumentum,
2790 958 2858 1012 de
2886 958 2978 1013 illo
3003 959 3153 1012 velut
3176 975 3272 1028 per
3300 967 3552 1012 transen-

1972 1067 2099 1106 nam
2155 1052 2497 1107 disseruerit.
2554 1050 2686 1107 Utut
2756 1052 2848 1117 sit,
2901 1062 3124 1106 sanctus
3184 1050 3548 1122 Hieronymus

1972 1152 2219 1197 nostrum
2269 1150 2521 1197 sanctum
2577 1143 2893 1213 episcopum
2947 1152 3004 1198 et
3058 1154 3350 1213 martyrem
3408 1142 3550 1196 inter

1973 1244 2278 1290 assertores
2327 1235 2541 1289 numeri
2591 1235 2823 1304 imparis
2867 1243 3116 1291 recenset
3163 1235 3267 1289 hoc
3315 1235 3479 1288 modo
3527 1253 3543 1290 :

1978 1343 1996 1374 ι
2020 1324 2177 1380 Nunc
2207 1326 2636 1381 enumerandum
2667 1326 2921 1389 mihicst,
2940 1324 3546 1395 quiecclesiasticorum

1973 1417 2041 1471 de
2075 1417 2271 1485 impari
2303 1431 2535 1470 numero
2570 1416 2924 1494 disputarint,
2973 1415 3244 1479 Clemens,
3285 1413 3546 1486 Hippoly-

1972 1513 2084 1569 tus,
2117 1503 2399 1575 Origenes,
2432 1504 2751 1576 Dionysius,
2785 1503 3078 1568 Eusebius,
3120 1503 3404 1574 Didymus,
3447 1518 3548 1555 no-

1972 1607 2324 1668 strorumque
2371 1596 2778 1660 Tertullianus,
2829 1597 3158 1667 Cyprianus.
3210 1594 3524 1649 Victorinus

1974 1687 2314 1755 Lactantius,
2347 1687 2586 1742 Hilarius
2621 1687 2758 1758 (68).
2786 1707 2805 1740 ι

2039 1775 2299 1834 Leontius
2313 1779 2641 1851 Byzantinus
2655 1779 2766 1849 (69)
2779 1779 2974 1849 allegat
2989 1778 3091 1832 sub
3109 1776 3330 1831 nomine
3344 1775 3403 1830 S.
3420 1773 3550 1843 Hip-

1983 1873 2153 1944 polyti
2196 1882 2487 1928 tractatum
2539 1872 2618 1926 De
2664 1871 3107 1927 benedictionibus
3149 1869 3374 1923 Balaam
3413 1867 3548 1938 (70).

284 1962 452 2033 Cypri
513 1965 837 2032 afferuntur,
869 1965 1054 2021 Grazce
1099 1976 1313 2023 exstent
1355 1942 1411 2023 in
1453 1942 1683 2039 epistola
1726 1942 1870 2024 Julio
1903 1942 1943 1997 Β
1975 1942 2174 2035 verum
2229 1965 2317 2020 hic
2345 1972 2537 2020 auctor
2569 1967 2623 2018 in
2660 1963 2961 2019 referendis
2995 1963 3348 2033 antiquorum
3389 1963 3546 2016 testi-

283 2050 540 2109 Romano
578 2056 824 2124 pontiﬁci
851 2057 1052 2130 tributa
1083 2060 1150 2114 ad
1196 2060 1513 2132 Dionysium
1549 2061 1870 2117 Alexandri-

284 2161 442 2212 num,
475 2147 624 2204 edita
659 2165 690 2204 a
728 2151 1086 2208 celeberrimo
1134 2153 1433 2210 Muratorio
1479 2155 1536 2209 in
1589 2155 1867 2209 Anecdotis

285 2236 513 2303 Graecis,
547 2255 673 2311 pag.
708 2243 833 2296 5-13.
866 2243 1022 2300 Unde
1059 2246 1129 2301 cl.
1156 2245 1442 2302 Fabricius
1471 2246 1582 2317 (66)
1612 2262 1722 2302 non
1752 2248 1870 2301 sine

283 2327 645 2388 fundamento
667 2335 986 2402 arbitratur,
1008 2337 1060 2391 in
1092 2338 1250 2403 locis,
1270 2354 1391 2407 quas
1407 2354 1528 2409 pag.
1554 2339 1626 2394 52
1665 2347 1798 2392 tom.
1827 2337 1867 2391 ll

280 2422 425 2492 Opp.
466 2422 738 2496 Hippolyti
773 2425 966 2482 Latine
985 2445 1053 2483 ex
1098 2428 1162 2482 V.
1196 2431 1257 2484 C.
1295 2429 1515 2485 Eusebii
1537 2428 1867 2486 Renaudotii

285 2513 538 2569 Historia
565 2519 996 2586 patriarcharum
1041 2521 1524 2575 Alexandrinorum
1560 2523 1868 2592 exscripsit,

282 2623 387 2678 pro
419 2608 710 2680 Hippolyto
757 2610 996 2666 Romano
1037 2613 1325 2684 legendum
1368 2629 1490 2670 esse
1534 2613 1711 2668 Julius
1761 2613 1868 2668 Ro-

282 2716 502 2754 manus.

280 2805 312 2879 §
346 2807 439 2861 lll.
470 2809 756 2887 Tractatus
887 2787 1162 2886 Hippolyti
1194 2819 1257 2870 de
1277 2817 1485 2887 jejunio
1528 2816 1770 2883 Sabbati,
1807 2820 1869 2871 de

355 2885 724 3002 fpntmunione
779 2884 1171 2951 Eucharistitc,
1215 2884 1288 2940 et'
1317 2884 1380 2941 de
1432 2889 1631 2959 virgine
1679 2887 1871 2943 Corin-

397 2967 558 3002 uaca.
603 2962 708 3002 ειη-
1394 2991 1399 2998 .

331 2985 336 2989 -
356 2962 558 3016 thraca,
603 2962 708 3008 etc.
1394 2991 1399 2998 -

355 3066 725 3143 Hieronymus
775 3074 831 3128 in
871 3075 1101 3144 epistola
1135 3075 1202 3130 ad
1239 3075 1527 3132 Lucinium
1558 3077 1670 3148 (67)
1693 3075 1870 3134 testa-

281 3169 378 3215 tur
434 3172 687 3219 sanctum
752 3166 1099 3238 Hippolytum
1165 3178 1413 3224 nostrum
1470 3171 1532 3223 de
1595 3169 1866 3238 Sabbato,

280 3259 468 3303 utrum
506 3252 862 3322 jejunandum
905 3259 996 3323 sit,
1030 3268 1080 3311 et
1111 3257 1175 3312 de
1205 3259 1570 3324 Eucltaristia,
1610 3279 1679 3316 an
1727 3265 1870 3317 acci-
1895 3279 1938 3337 ο

279 3341 478 3412 pianda
513 3347 771 3414 quotidie,
820 3347 1184 3405 disertissime
1230 3351 1540 3421 scripsisse.
1573 3352 1632 3406 In
1679 3355 1869 3411 codice

282 3449 422 3490 mss.
469 3435 660 3493 Graeco
705 3441 808 3495 195
855 3442 1203 3498 bibliothecae
1249 3443 1601 3501 Coislinianae
1631 3446 1868 3502 refertur

283 3525 652 3599 fragmentum
686 3531 744 3588 S.
778 3532 1049 3608 Hippolyti
1088 3548 1272 3592 contra
1314 3540 1483 3609 fatum
1527 3550 1664 3595 teste
1691 3539 1869 3595 Mont-

282 3617 545 3675 l‘auconio
575 3638 699 3692 pag.
727 3623 855 3679 245.
895 3625 1090 3682 Verum
1118 3638 1302 3682 utrum
1327 3639 1550 3686 sanctus
1580 3631 1867 3701 episcopus

282 3712 552 3780 speciales
578 3717 861 3784 (tractatus
902 3719 1045 3774 circa
1081 3721 1170 3774 illa
1211 3721 1512 3791 disciplinae
1555 3731 1781 3791 puncta,
1815 3733 1869 3777 et

281 3800 354 3856 de
398 3801 510 3860 fato
540 3809 931 3876 composuerit,
962 3811 1044 3864 vel
1089 3812 1142 3866 in
1175 3813 1297 3868 aliis
1348 3814 1463 3868 suis
1496 3814 1772 3883 operibus,
1807 3829 1861 3866 ν.

281 3907 410 3962 gr.,
463 3894 514 3947 in
566 3903 798 3952 tractatu
849 3899 925 3953 De
975 3901 1261 3955 traditione
1319 3903 1700 3972 apostolorum,
1751 3903 1867 3958 hzec

282 3986 550 4044 duntaxat
570 3992 977 4061 perstrinxerit,
1021 3996 1379 4050 determinatu
1411 3997 1705 4051 admodum
1730 3997 1866 4050 dilli-

1894 4161 1964 4177 *θ’*

1975 2060 2175 2114 moniis
2197 2058 2338 2113 adeo
2373 2057 2611 2112 inﬁdelis
2643 2066 2749 2123 est,
2781 2067 2843 2111 ut
2863 2072 3059 2127 parum
3090 2055 3214 2110 ﬁdei
3245 2067 3554 2124 promerea-

1972 2163 2081 2206 tur.
2104 2149 2245 2204 Fieri
2276 2148 2638 2203 nihilominus
2662 2149 2859 2218 potuit,
2887 2156 2948 2201 ut
2981 2154 3204 2202 sanctus
3231 2143 3552 2216 Hippolytus

1972 2254 2070 2309 pro
2100 2240 2330 2294 materia
2357 2254 2452 2294 seu
2481 2250 2804 2309 argumento
2827 2237 3062 2307 alicujus
3092 2251 3319 2292 suorum
3354 2244 3554 2290 tracta-

1974 2343 2126 2386 tuum
2176 2347 2273 2388 seu
2317 2333 2667 2386 homiliarum
2701 2331 2858 2400 juxta
2907 2330 3357 2386 consuetudinem
3390 2343 3547 2383 suam

1971 2428 2070 2481 has
2102 2426 2507 2481 benedictiones
2535 2426 2805 2495 selegerit,
2846 2439 2912 2479 ex
2946 2424 3146 2494 quibus
3174 2422 3437 2477 Leontius
3459 2437 3547 2485 ea,

1971 2535 2092 2587 quae
2132 2517 2407 2588 allegavit,
2444 2519 2878 2586 deprompserat.

2042 2611 2286 2678 Denique
2332 2608 2608 2662 Palladius
2659 2609 2714 2660 in
2775 2605 3021 2660 Historia
3073 2621 3172 2660 sua
3234 2603 3501 2658 Lausiaca
3531 2645 3546 2669 ,

1971 2717 2091 2772 cap.
2126 2701 2230 2755 148
2256 2742 2269 2766 ,
2296 2716 2360 2755 ex
2393 2709 2584 2755 sancto
2621 2697 2944 2769 Hippolyto,
2979 2713 3142 2767 quem
3177 2699 3564 2768 apostolorum

1971 2799 2305 2848 coaetaneum
2354 2800 2549 2856 vocat,
2597 2789 2766 2846 refert
2818 2793 3187 2845 narrationem
3229 2790 3296 2844 de
3343 2773 3554 2859 virgine

1970 2885 2206 2955 quadam
2252 2883 2630 2948 Corinthiaca,
2683 2899 2714 2937 a
2763 2883 2947 2953 judice
2991 2883 3178 2954 gentili
3218 2883 3273 2936 in
3323 2883 3553 2951 lupanar

1972 2976 2168 3030 tradita
2202 2985 2262 3030 ut
2289 2983 2758 3044 corrumperetur,
2791 2991 2954 3045 quam
2988 2973 3374 3044 Magistrianus
3418 2974 3551 3027 ado-

1972 3068 2184 3122 lescens
2213 3066 2559 3121 Christianus
2611 3067 2879 3120 simulans
2924 3080 2984 3120 se
3032 3066 3171 3120 velle
3208 3080 3333 3120 cum
3374 3080 3437 3118 ea
3471 3065 3555 3117 in-

1971 3167 2122 3215 caste
2156 3159 2404 3223 versari,
2435 3173 2467 3212 e
2513 3158 2764 3228 lupanari
2814 3159 3038 3214 mutatis
3077 3158 3350 3223 vestibus,
3387 3167 3441 3212 ct
3483 3158 3556 3212 ab

1970 3252 2123 3307 omni
2148 3253 2498 3322 corruptione
2524 3251 2612 3319 pia
2642 3249 2834 3305 fraude
2866 3250 3138 3314 liberavit,
3169 3249 3419 3320 sequenti
3450 3265 3552 3304 au—

1977 3355 2083 3400 tem
2114 3344 2204 3399 die
2248 3360 2308 3399 re
2338 3345 2556 3413 cognita
2603 3343 2672 3398 ad
2721 3343 2925 3398 bestias
2957 3359 2987 3396 a
3031 3341 3217 3411 judice
3263 3341 3557 3395 damnatus

1974 3437 2360 3508 Magistrlanus
2389 3436 2653 3506 martyrio
2682 3443 2978 3489 coronatus
3017 3432 3138 3486 fuit.
3173 3432 3419 3487 Meminit
3446 3433 3552 3486 hu-

1970 3531 2064 3600 jus
2095 3528 2324 3598 virginis
2361 3537 2415 3582 et
2464 3525 2806 3596 Nicephorus
2839 3524 2910 3580 II.
2945 3524 3010 3577 Ε.
3042 3525 3137 3578 lib.
3164 3541 3272 3589 vn,
3306 3539 3427 3594 cap.
3463 3515 3554 3591 {5,

1975 3621 2071 3676 sed
2102 3621 2325 3692 paucis;
2367 3635 2544 3689 neque
2568 3617 2783 3688 uspiam
2828 3632 2949 3670 eam
2994 3617 3401 3671 Corinthiacum
3433 3631 3556 3671 esse

1974 3716 2222 3781 dictitat;
2267 3714 2551 3768 historiam
2601 3712 2742 3767 idem
2777 3713 2844 3766 de
2875 3711 3228 3782 Magistriano
3274 3709 3556 3780 persequi~

1973 3816 2064 3862 tur
2094 3806 2236 3861 idem
2271 3803 2645 3874 Nicephorus:
2685 3817 2975 3874 utramque
3000 3805 3375 3858 narrationem
3409 3801 3556 3870 apud

1972 3901 2284 3957 Fabricium
2321 3901 2436 3973 (71)
2475 3911 2531 3957 et
2569 3900 2915 3956 Gallandium
2962 3896 3076 3968 (72)
3124 3897 3444 3966 impressam
3478 3894 3569 3946 le—

1975 4009 2100 4065 gero
2128 3994 2353 4066 poteris.

1596 4264 1982 4382 CAPUT
2061 4293 2228 4386 1v.

1045 4469 1177 4529 tDE
1238 4467 1625 4551 OPEHIBUS
1677 4474 1736 4532 S.
1793 4472 2260 4535 HIPPOLYTO
2313 4469 2786 4532 SUPPOSITIS.

833 4587 1229 4644 ARTICULUS
1269 4587 1308 4643 l.

283 4717 352 4758 DE
393 4717 567 4756 OPERE
607 4718 652 4756 S.
694 4716 987 4757 lliPPOLYTO
1027 4718 1192 4757 FALSO
1251 4719 1509 4757 ASCRIPTO
1564 4726 1580 4754 ι
1624 4721 1687 4759 DE
1743 4721 1870 4763 CON-

366 4788 720 4826 SUMMATIONE
763 4788 961 4835 MUNDI,
1005 4790 1071 4826 DE
1113 4789 1502 4841 ANTICHHISTO,
1556 4791 1620 4831 AC
1667 4793 1732 4831 DE
1784 4794 1870 4830 SE-

354 4859 531 4897 CUNDO
571 4859 785 4898 CHRISTI
829 4860 1095 4898 ADVENTU.
1136 4864 1155 4896 ι

356 4953 459 5007 Hic
486 4955 746 5008 nolumus
773 4965 1014 5023 repetere
1034 4995 1050 5020 ,
1085 4969 1206 5024 quae
1245 4955 1407 5025 paulo
1439 4970 1604 5026 supra
1631 4957 1698 5012 de
1732 4957 1872 5013 duo-

285 5153 486 5210 fectam
535 5171 635 5225 pro
678 5155 840 5208 nobis
867 5154 1189 5224 assumpsit;
1215 5154 1306 5225 qui
1336 5163 1526 5209 contra
1572 5157 1787 5218 sentiet,
1818 5157 1864 5211 is

283 5235 368 5298 est
404 5225 497 5278 Dei
529 5223 805 5298 inimicus.
857 5235 912 5278 et
965 5226 1170 5298 sanctis
1217 5223 1797 5298 Patribusircpugnat.
1837 5247 1855 5279 ι

283 5295 527 5350 Joannes
547 5296 922 5365 Antiochenus
956 5295 1265 5365 ubisupra,
1296 5311 1420 5365 pag.
1451 5297 1576 5350 559.

360 5366 474 5488 (626)
516 5364 758 5430 Fabric.,
786 5366 920 5436 Opp.
957 5364 1014 5419 S.
1057 5363 1350 5438 Hippolyti,
1375 5363 1515 5420 tom.
1551 5365 1617 5433 ll,
1640 5363 1858 5423 Prtefat.

287 5450 479 5574 ι’.((ξῆ)
527 5504 842 5574 Hieronym.
873 5546 887 5567 ,
932 5506 1092 5574 epist.
1143 5507 1208 5561 ad
1256 5505 1541 5560 Lucinium
1593 5506 1728 5561 alias
1769 5507 1862 5570 28,

289 5591 436 5630 nunc
464 5575 523 5628 71
557 5577 691 5629 edit.
722 5575 912 5630 Venet.
944 5576 1098 5638 ιιι-ιο,
1124 5589 1257 5632 tom.
1284 5579 1326 5641 Ι,
1352 5592 1473 5645 pag.
1497 5577 1779 5638 454,num.
1808 5577 1863 5641 6,

291 5647 382 5716 ubi
415 5647 494 5700 sic
518 5649 597 5699 ait
639 5664 652 5700 :
693 5666 712 5698 ι
753 5645 830 5700 De
866 5647 1105 5716 Sabbato
1139 5649 1283 5716 quod
1319 5648 1539 5716 quazt'is,
1573 5657 1753 5700 utrum
1783 5648 1867 5716 je-

287 5715 598 5786 junandum
644 5718 711 5770 sit
740 5733 755 5782 ;
786 5725 839 5786 ct
896 5719 961 5770 de
1009 5715 1372 5781 Eucharistia,
1428 5733 1494 5770 an
1550 5715 1868 5786 accipienda

288 5785 557 5856 quotidie,
605 5789 750 5854 quod
793 5785 1042 5841 Romana
1090 5787 1331 5843 Ecclesia
1376 5797 1429 5842 et
1471 5785 1742 5855 Hispaniae
1773 5789 1870 5841 ob-

291 5871 515 5929 servare
547 5857 922 5929 perhibentur,
944 5859 1174 5928 «scripsit
1204 5859 1420 5928 quidem
1459 5867 1514 5912 et
1547 5858 1870 5929 Hippolytus

293 5927 382 5982 vir
400 5926 820 5982 disertissimus.
861 5945 880 5978 ι

1981 4593 2082 4648 bus
2113 4591 2460 4655 tractatibus;
2491 4597 2546 4643 et
2573 4587 2641 4641 de
2675 4586 2900 4656 epistola
2929 4583 3032 4638 sub
3063 4581 3284 4636 nomine
3324 4580 3382 4636 S.
3424 4577 3535 4651 Hip-

1978 4686 2145 4757 polyti
2195 4701 2224 4738 a
2267 4681 2476 4737 Joanne
2527 4678 2868 4733 Antiocheno
2903 4674 3128 4745 allegata
3159 4673 3553 4737 disseruimus;

1979 4777 2073 4832 sed
2106 4775 2276 4832 crisin
2308 4787 2536 4843 operum
2569 4769 2740 4823 cidem
2779 4764 3185 4835 suppositorum
3218 4763 3362 4815 illico
3396 4761 3464 4814 ab
3489 4775 3558 4815 eo

1977 4883 2139 4938 opere
2164 4867 2511 4928 inchoamus,
2539 4860 2696 4931 cujus
2733 4859 2920 4914 titulus
2949 4873 2959 4906 :
3001 4856 3076 4910 De
3107 4854 3556 4909 consummatione

1979 4959 2184 5025 mundi,
2202 4958 2266 5012 de
2289 4955 2635 5019 Antichristo,
2661 4961 2709 5006 et
2734 4951 2796 5005 de
2819 4948 3046 5004 secundo
3070 4947 3272 5003 Christi
3303 4945 3550 4999 adventu.

2044 5153 2164 5226 (68),
2192 5152 2531 5226 Hieronym.,
2564 5150 2729 5226 epist.
2773 5148 2843 5203 48
2869 5148 3005 5226 edit.
3033 5143 3246 5204 V’cnet.,
3280 5155 3431 5226 num:
3462 5142 3551 5206 i9,

1971 5211 2094 5296 pag.
2140 5211 2270 5286 9'52,
2302 5211 2441 5296 alias
2469 5211 2556 5285 50,
2598 5211 2672 5296 ad
2697 5219 3128 5296 Pammachium,
3167 5229 3261 5268 seu
3295 5211 3554 5281 Apologe-

1969 5290 2105 5351 licus
2131 5310 2224 5362 pro
2249 5295 2398 5346 libris
2427 5304 2611 5346 contra
2639 5290 3037 5362 Joviniuynunt:
3290 5349 3356 5362 ω
3469 5351 3502 5362 η

2042 5349 2155 5436 ((59)
2197 5363 2389 5436 Leont.
2423 5363 2599 5436 invi...
2634 5360 2916 5436 Bibliotlt._
2948 5356 3063 5410 ιψ.
3108 5365 3240 5436 ιοφ.
3290 5349 3384 5436 Ix,
3417 5351 3551 5436 edit.

1971 5423 2150 5504 Lu‘gd.’
2163 5451 2217 5506 p_.
2241 5434 2381 5500 682;
2411 5423 2598 5506 Caitis.
2624 5430 2775 5506 _Lec_t.
2805 5430 3164 5506 {litt-59.,‘ttmi.
3184 5423 3223 5506 l_,
3243 5424 3394 5506 pluet".
3418 5439 3468 5506 ν.
3498 5423 3551 5476 9.

2045 5491 2516 5578 (ἢο)’(,ιιπςιτεοίπιηαεβ⁸
2539 5503 2591 5556 in
2617 5499 2855 5554 biblioth.
2889 5491 3094 5550 Bodlei.
3124 5491 3284 5550 habet
3315 5511 3332 5544 ι
3355 5491 3430 5546 De
3455 5494 3557 5546 bc-

1977 5573 2382 5631 nedictionibus
2416 5573 2674 5628 Abraam.
2717 5591 2736 5622 ι

2199 5646 2414 5700 Fabric.
2437 5684 2452 5711 ,
2479 5641 2616 5714 Opp.
2649 5640 2709 5694 8.
2738 5637 3010 5710 Hippolyt.
3043 5645 3174 5691 tom.
3205 5634 3262 5702 Ι,
3290 5649 3414 5705 pag.
3445 5630 3557 5687 285

1971 5727 2026 5772 et
2052 5719 2179 5770 284.

2046 5788 2162 5857 (72)
2201 5784 2477 5849 Galland.,
2516 5778 2770 5838 Biblioth.
2797 5777 2912 5833 PP.
2943 5787 3056 5832 tom
3114 5774 3178 5843 ll,
3206 5789 3330 5846 pag.
3363 5771 3471 5828 515
3498 5775 3554 5822 et

1971 5857 2094 5914 5M.
