4034 6382
447 446 557 503 3'39

1430 447 1521 503 DE
1560 445 1720 503 VITA
1752 445 1843 502 ET
1885 441 2200 501 SCRlPTlS
2233 439 2291 495 S.
2340 438 2725 496 RlPPOLYTl.

3599 438 3707 493 5&0

451 554 614 614 Hunc
645 566 935 612 tractatum
972 558 1078 613 sub
1109 558 1328 613 nomine
1356 555 1630 629 Hippolyti
1661 557 1898 614 Joannes
1938 552 2032 608 Pi-
2060 560 2105 619 Α
2136 567 2253 604 nem
2296 550 2409 620 fore
2451 550 2687 604 humana
2722 550 2896 619 ﬁgura
2940 551 3223 613 praeditum
3264 549 3521 618 affirmat,
3553 565 3707 620 quem

452 663 555 705 cus
589 648 703 717 (75)
737 649 949 719 primus
982 648 1167 704 Grazce
1194 665 1260 704 ac
1294 648 1489 706 Latine
1516 649 1745 705 Parisiis
1777 664 1870 702 an.
1893 646 2031 702 1557

452 739 510 795 in
552 741 733 795 lucem
781 740 931 796 dedit
972 756 1098 795 cum
1144 739 1373 810 praalato
1416 726 1608 805 titulo,
1644 740 1737 811 qui
1770 740 1824 793 in
1857 739 2034 809 capite

450 845 587 886 mss.
620 829 794 886 Graeci
828 830 1097 898 Venetiis,
1143 833 1289 888 unde
1317 834 1387 889 cl.
1420 834 1599 889 editor
1623 832 1839 903 copiam
1873 847 2030 887 acce-

448 920 564 985 pit,
608 930 805 976 exstat.
858 920 1100 979 lnsertus
1144 933 1231 980 est
1262 926 1609 994 postmodum
1646 926 1736 980 bic
1768 934 2032 980 tractatus

450 1009 795 1067 Bibliotheca:
823 1014 1045 1069 Patrum
1073 1014 1403 1072 Parisiensis
1427 1017 1745 1087 posteriOris
1772 1016 2032 1073 editionis

451 1115 602 1157 tomo
629 1103 748 1160 ΧΗ.
775 1105 986 1164 Rreusa
1020 1109 1184 1164 etiam
1218 1108 1330 1165 Pici
1358 1110 1536 1165 \‘ersiu
1565 1109 1758 1165 Latina
1789 1110 2033 1165 Colonia:

454 1194 612 1259 1563,
639 1197 783 1264 in-8,
816 1201 955 1269 apud
981 1200 1282 1257 Maternum
1305 1202 1619 1266 Cholinum,
1646 1212 1700 1257 ct
1729 1201 1796 1257 ad
1826 1202 2030 1257 calcem

446 1284 646 1343 Justiui
679 1289 752 1344 Μ.
784 1290 958 1347 Paris.
1011 1294 1172 1349 1573.
1218 1292 1283 1347 Et
1317 1294 1370 1348 in
1404 1293 1757 1349 Bibliothecis
1808 1293 2031 1348 Patrum

448 1382 826 1454 cujuscunque
857 1386 1119 1465 editionis
1147 1386 1294 1455 (7i);
1340 1386 1506 1440 etiam
1538 1386 1723 1440 Graece
1750 1400 1815 1440 ac
1843 1384 2032 1440 Latine

448 1472 503 1526 in
550 1474 846 1529 Auctuario
891 1476 1242 1531 Bibliotheca:
1274 1475 1500 1530 Patrum
1554 1474 1824 1530 Ducaeano
1854 1474 2029 1529 Paris.

448 1562 624 1630 ltili,
657 1575 791 1622 tom.
836 1565 899 1621 ll.
941 1567 1146 1622 Gallice
1192 1567 1581 1637 interpretatus
1628 1565 1731 1620 fuit
1776 1564 2034 1621 Nicolaus

448 1658 498 1713 le
529 1659 708 1722 Clerc,
734 1657 959 1715 Parisiis
1012 1660 1150 1714 1566
1180 1671 1235 1715 et
1264 1660 1421 1714 l579.
1462 1660 1542 1712 Ad
1576 1661 1779 1714 calcem
1798 1660 2047 1728 'insuper.

449 1750 633 1805 tomil
671 1750 909 1821 Operam
956 1752 1131 1806 sancti
1175 1752 1350 1806 nostri
1393 1767 1424 1805 a
1470 1750 1723 1806 Fabricio
1759 1752 2031 1807 editorum

449 1841 592 1896 idem
647 1851 913 1896 tractatus
964 1843 1265 1912 impressus
1317 1843 1512 1913 legitur
1558 1843 1697 1915 (75).
1761 1842 2032 1898 Obserrat

2135 651 2319 693 contra
2352 639 2555 694 Paulus
2580 648 2729 694 coeat
2757 639 3019 693 hominem
3047 640 3270 709 peccati.
3304 637 3589 702 Joannem,
3617 639 3710 708 qui

2134 735 2328 788 librum
2360 733 2763 803 Apocalypseos
2795 732 3044 801 scripsit,
3087 747 3204 785 cum
3241 730 3366 784 Elia
3406 740 3457 785 et
3492 729 3709 785 Enocho

2133 827 2304 880 denuo
2332 825 2629 892 a/I'uturum
2652 826 2806 894 [ingit
2827 865 2842 889 ,
2872 834 2929 878 ut
2974 823 3359 877 Antichristum
3401 823 3733 908 redarguam.

2140 941 2159 973 ι
2187 921 2273 974 cui
2296 921 2600 985 sententite,
2634 921 2711 972 ait
2745 918 3057 972 Possevinus
3077 957 3094 978 ,
3131 934 3236 969 non
3268 928 3345 971 est
3376 917 3713 986 acquiescam

2133 1014 2328 1068 dum.»
2378 1012 2603 1066 Joannis
2649 1011 3028 1082 Apocalypsim
3081 1012 3267 1065 inscite
3325 1026 3421 1079 pro
3480 1006 3714 1062 Daniele

2133 1110 2375 1171 usurpat.
2432 1104 2649 1156 Animas
2693 1103 2963 1155 hominum
3018 1118 3051 1165 (ι
3099 1101 3307 1156 circulis
3354 1101 3518 1170 fuisse
3570 1099 3733 1169 amr--

2134 1206 2280 1261 mat,
2313 1197 2452 1266 quod
2497 1196 2599 1264 fuit
2651 1195 3079 1264 Origenistarum
3123 1195 3426 1263 ﬁgmentum
3452 1208 3471 1247 :
3500 1192 3716 1262 aliaque

2132 1297 2257 1342 sunt
2319 1287 2434 1357 ejus
2503 1285 2690 1341 crebra
2754 1288 3018 1341 insomnia
3076 1298 3234 1356 atque
3306 1284 3498 1340 delirio
3559 1282 3714 1354 (80),

2132 1380 2320 1450 quibus
2354 1381 2620 1450 perpensis
2675 1396 2777 1433 non
2820 1395 3096 1448 possumus
3146 1377 3378 1439 adduci,
3433 1386 3492 1430 ut
3528 1375 3721 1431 creda-

2134 1484 2249 1526 mus
2286 1472 2523 1526 libellum
2571 1475 2708 1525 hunc
2746 1489 2857 1525 esse
2887 1473 3071 1525 ceteris
3100 1471 3261 1525 illius
3296 1470 3564 1540 episcopi,
3601 1476 3733 1530 etc.

2133 1561 2408 1618 Hactenus
2443 1562 2687 1618 Rivetus.
2734 1561 2899 1619 Ellies
2952 1562 3125 1631 Dupin
3158 1562 3349 1617 lliveto
3389 1561 3736 1630 suﬂ‘ragatus_

2134 1654 2324 1708 iisdem
2353 1653 2467 1709 fere
2496 1655 2801 1709 rationibus
2830 1655 3001 1709 utitur
3029 1654 3167 1723 (8|).
3203 1652 3311 1708 Sed
3341 1660 3397 1708 et
3424 1669 3455 1708 a
3483 1652 3724 1708 Combe-

2134 1747 2256 1800 tisio
2290 1746 2640 1801 observatum
2679 1757 2764 1803 est
2796 1742 2849 1802 in
2901 1746 3106 1801 Catena
3151 1744 3377 1801 Patrum
3415 1745 3604 1801 Gnrca
3645 1745 3720 1799 ad

2133 1836 2421 1894 .Ieremiam
2473 1839 2637 1895 verba
2687 1839 2934 1909 quaedam
2986 1854 3054 1894 ex
3121 1837 3412 1909 llippolyto
3461 1835 3735 1907 allegari;

448 1930 805 1986 doctissimus
831 1930 1213 1997 Tillemonlius
1243 1932 1353 2002 (76)
1386 1933 1569 2003 plures
1600 1934 1750 1988 viros
1782 1934 2030 1988 eruditos
2066 1930 2106 1983 Β
2136 1946 2259 2000 qua:
2300 1931 2354 1985 in
2384 1930 2637 1987 Gudiano
2666 1928 2953 2002 Hippolyto
2974 1970 2989 1996 ,
3017 1946 3128 1985 non
3160 1941 3341 1985 autem
3373 1929 3429 1983 in
3465 1928 3568 1983 hoc
3601 1927 3719 1981 l’ici

450 2023 521 2076 ah
571 2022 725 2077 initio
769 2024 915 2078 hunc
962 2025 1205 2079 libellum
1251 2029 1395 2079 velut
1438 2027 1732 2094 genuinum
1767 2026 2030 2094 scriptum

449 2113 723 2182 recepisse
768 2112 914 2184 (77),
946 2115 1040 2185 qui
1075 2125 1251 2170 tamen
1288 2117 1391 2170 sibi
1446 2118 1716 2185 imperare
1774 2134 1883 2171 non
1932 2132 2032 2187 po-

451 2215 623 2269 tuere,
647 2207 941 2275 quominus
974 2208 1424 2273 condemnarent,
1456 2209 1600 2277 quod
1632 2208 1686 2262 in
1715 2224 1781 2264 eo
1815 2209 2031 2279 legitur,

448 2294 710 2351 Joannem
736 2299 1123 2368 evangelistam
1148 2299 1381 2355 necdum
1411 2315 1533 2355 esse
1560 2309 1860 2366 mortuum,
1885 2300 2035 2372 quod

454 2404 647 2444 revera
676 2389 841 2444 etiam
875 2406 1066 2460 parum
1094 2392 1321 2461 dignum
1356 2407 1479 2447 esse
1506 2391 1722 2446 videtur
1754 2401 1905 2447 tanto
1936 2392 2037 2453 do-

448 2487 600 2535 ctore
648 2477 937 2545 Ecclesim,
985 2491 1209 2552 tamque
1243 2482 1481 2545 celebri,
1513 2481 1609 2552 qui
1639 2482 1800 2537 tertio
1833 2482 2036 2537 saeculo

447 2573 604 2637 vixit,
627 2582 791 2643 atque
820 2573 874 2628 in
908 2574 1145 2643 genuino
1173 2574 1310 2629 libro
1348 2573 1425 2628 De
1453 2573 1784 2628 Antichristo
1810 2582 2037 2628 contra-

449 2665 591 2720 rium
621 2665 784 2720 etiam
817 2666 1021 2721 diserte
1059 2676 1294 2721 testatus
1328 2677 1413 2723 est
1447 2666 1597 2737 (78);
1624 2677 1956 2737 quapropter
1981 2675 2038 2722 et

448 2758 637 2826 prius,
686 2775 852 2830 quam
904 2776 1069 2815 verus
1121 2760 1211 2815 ille
1256 2760 1337 2814 De
1387 2758 1718 2813 Autichristo
1771 2768 2037 2814 tractatus

449 2849 644 2905 luisset
673 2860 941 2921 repertus,
971 2866 1076 2906 non
1106 2852 1419 2939 pauciqtum
1445 2860 1708 2920 tauquam
1744 2848 1943 2906 l‘alsum
1972 2865 2039 2905 ac

451 2940 791 2996 subditiuum
819 2943 1156 3012 rejecerunt,
1191 2960 1256 2997 ac
1284 2942 1446 3011 longe
1472 2943 1714 3013 junioris
1750 2942 2039 3012 scriptoris

452 3033 605 3088 illum
646 3048 768 3089 esse
795 3044 1140 3103 putaverunt.
1176 3036 1326 3089 lntcr
1372 3034 1474 3089 bos
1503 3050 1699 3106 agmen
1731 3034 1882 3089 ducit
1923 3032 2039 3087 An-

452 3126 613 3180 dreas
638 3124 867 3181 Rivetus
904 3126 1016 3197 (79)
1045 3127 1140 3197 qui
1185 3128 1258 3181 ita
1298 3127 1366 3181 de
1408 3126 1515 3182 hoc
1560 3127 1744 3182 libello
1769 3125 1983 3195 judicat
2022 3142 2036 3178 :

455 3216 695 3286 Exiguus
723 3217 952 3285 libellus,
975 3218 1135 3285 pretii
1165 3235 1291 3287 pene
1320 3216 1544 3284 nullius,
1571 3234 1663 3271 nec
1687 3217 1810 3287 ﬁdei
1830 3216 2040 3287 quidem

452 3310 703 3378 majoris.
742 3311 1029 3365 Auctorem
1078 3311 1243 3380 fuisse
1294 3311 1634 3365 illitteratum
1687 3320 1844 3379 atque
1884 3292 2113 3363 iudo-C

453 3410 595 3454 ctum
621 3443 637 3466 ,
683 3418 803 3455 cum
853 3417 919 3456 ea:
967 3403 1078 3470 ipso
1116 3400 1316 3456 Grtrca:
1367 3402 1614 3455 dictionis
1649 3416 1866 3471 genere,
1898 3398 2038 3469 quod

453 3491 759 3563 plerumque
804 3493 1010 3563 puerile
1054 3503 1166 3558 est,
1221 3504 1330 3548 tum
1385 3509 1451 3547 ea:
1499 3495 1575 3549 rei
1617 3495 1838 3549 veritate
1885 3502 2040 3564 atque

455 3584 678 3650 pondere
702 3595 941 3654 apparet.
977 3584 1218 3639 Primam
1246 3586 1373 3641 libri
1407 3587 1722 3641 sententiam
1758 3586 2041 3639 exorditur

456 3673 521 3727 ab
547 3674 716 3738 enim,
745 3676 873 3746 γάρ,
897 3674 1036 3745 quod
1059 3691 1121 3727 ne
1146 3690 1271 3744 puer
1290 3676 1501 3746 quidem
1528 3676 1581 3729 in
1611 3675 1790 3729 schola
1821 3676 2036 3743 faceret.

386 3812 389 3815 ,
459 3764 662 3819 Μαλιαε
694 3766 847 3820 habet
873 3766 936 3819 de
971 3766 1241 3820 natalibus
1274 3776 1322 3819 et
1350 3766 1461 3819 vita
1505 3766 1825 3819 Antichristi
1857 3767 2039 3819 inanes

456 3859 812 3929 conjecturas.
842 3858 1231 3912 Autichristum
1262 3875 1367 3912 non
1398 3858 1684 3924 hominem,
1720 3857 1810 3911 sed
1838 3857 2039 3914 diruto-

530 4013 644 4082 (75)
682 4011 809 4069 Fuit
832 4011 878 4065 is
918 4011 1176 4066 classium
1212 4010 1683 4080 iuquisitoriarum
1713 4010 2042 4069 Parisiensis

456 4096 682 4140 senatus
717 4085 952 4151 primum
989 4083 1311 4151 praefectus,
1342 4092 1528 4152 postea
1557 4083 1865 4152 canonicos,
1890 4082 2043 4137 Pari-

458 4156 681 4211 siensis.
699 4152 905 4208 Nomen
933 4153 1052 4222 ejus
1075 4152 1326 4206 Latinum
1344 4151 1434 4206 est
1461 4151 1646 4216 PICUS,
1671 4153 1815 4222 quod
1840 4151 2045 4209 Gallice

458 4226 680 4296 quidam
710 4225 909 4296 eruditi
938 4224 1293 4296 (tesigttat'uttt
1321 4239 1418 4292 per
1441 4222 1556 4278 l’ic.
1590 4222 1742 4278 Unde
1765 4223 2044 4296 cl._Dupin

459 4292 689 4350 erronee
730 4294 918 4348 Picum
952 4292 1392 4347 Mirandulanum
1428 4296 1694 4348 editor-em
1747 4292 2044 4349 arbitratus

459 4375 544 4420 cst
586 4365 841 4420 Biblioth.
874 4374 1080 4417 auctor.
1112 4374 1249 4433 tom.
1289 4364 1337 4429 Ι,
1370 4380 1491 4433 pag.
1518 4364 1619 4417 177
1667 4364 1814 4431 Lat.,
1846 4364 2041 4419 Colon.

461 4434 569 4490 Sed
606 4451 793 4489 rerum
824 4436 944 4502 ejus
975 4449 1172 4487 nomen
1221 4432 1488 4488 Gallicum
1519 4443 1605 4489 cst
1632 4433 1819 4497 Picot,
1845 4450 2043 4503 quem-

460 4505 758 4562 admodum
806 4507 1036 4559 babetur
1084 4505 1139 4557 itt
1189 4505 1469 4576 privilegio
1518 4520 1616 4575 pro
1665 4504 2046 4575 imprimendis

462 4577 585 4646 ejus
616 4576 897 4644 operibus.

462 4616 948 4775 ;‘gi)"it't't~"ti5t'tt.
983 4645 1104 4700 PP.
1149 4643 1402 4716 Lugdun.
1452 4654 1585 4702 tom.
1628 4642 1731 4713 ιιι,
1762 4616 2048 4716 pag.255_~
2080 4646 2124 4701 υ

456 4809 459 4812 ·
540 4785 652 4859 (75)
690 4783 971 4859 llippolyt.
1003 4784 1140 4859 Opp.
1177 4794 1308 4839 tom.
1336 4783 1398 4848 1,
1444 4784 1688 4859 Append.
1732 4798 1855 4859 pag.
1891 4784 2046 4859 4:29.

534 4857 648 4926 (7b)
690 4855 984 4910 Ttllcnmut
1010 4897 1026 4923 ,
1054 4855 1299 4909 Mémoir.
1330 4856 1575 4926 tomtlll,
1602 4865 1715 4909 ttot.
1749 4856 1804 4920 6,
1836 4871 1890 4923 p.
1919 4856 2044 4909 5N.

534 4925 648 5000 (77)
664 4926 1132 5000 _Bcllarmi_nus,l)e
1155 4928 1435 4995 scriptor.;
1457 4925 1654 5000 Barou.
1676 4927 1742 5000 ad
1764 4941 1894 5000 anu.
1918 4926 2045 5000 229,

464 4992 493 5061 ᾗ
523 4992 857 5061 1υ;ἰιίι1ι1›.,
896 4996 1093 5065 Script.
1134 4992 1343 5059 εει-ωε..
1377 5013 1501 5067 pag.
1534 4996 1670 5062 471;
1703 4995 1912 5059 Bullus,
1948 4995 2049 5047 De-

462 5068 597 5137 fens.
623 5070 727 5138 ﬁd.
754 5067 902 5133 Nic.,
931 5069 1025 5125 lib.
1051 5085 1132 5130 ιιι,
1162 5084 1283 5138 pag.
1317 5070 1370 5122 8.

536 5132 649 5212 (78)
692 5137 821 5212 lianc
852 5132 981 5212 sola
1016 5132 1429 5212 circo—instantia
1451 5176 1466 5202 ,
1498 5136 1683 5207 judice
1726 5132 1880 5212 Remi
1910 5134 2051 5212 Ceil—

464 5198 564 5263 ller
598 5198 731 5265 totn.
759 5210 805 5266 ll
840 5198 987 5263 llis't.
1017 5211 1192 5279 gener.
1221 5210 1311 5262 des
1345 5198 1737 5279 autcu'rs,_pag.
1773 5205 1898 5267 560,
1934 5206 2050 5259 suf-

465 5279 578 5333 ﬁcit
604 5283 671 5334 ad
702 5276 1194 5335 deuronstraiulum
1249 5278 1535 5348 prwfzttum
1567 5276 1660 5348 ille
1698 5291 2052 5348 consumma-

464 5352 606 5402 tione
638 5352 821 5403 mundi
856 5359 1168 5413 tractatum,
1193 5347 1403 5404 domini
1434 5350 1499 5402 de
1521 5347 1672 5400 Picot
1694 5347 2048 5415 impressum,

471 5436 729 5491 nonesw
761 5424 933 5474 sancti
968 5420 1273 5491 Hippolyti;
1326 5419 1418 5473 sed
1446 5418 1734 5491 habemus,
1774 5419 1945 5485 pergit
1974 5417 2048 5470 cl.

465 5490 685 5559 (jeillier
709 5531 724 5555 ,
759 5492 862 5544 alia
887 5489 1106 5559 quoilue
1147 5489 1305 5559 longe
1336 5489 1673 5542 evidentiora
1705 5493 2045 5559 argumenta.
2098 5507 2104 5515 ι

468 5558 540 5615 Ut
567 5554 717 5613 enim
738 5561 874 5632 nihil
905 5554 1083 5615 dicam
1110 5560 1176 5614 de
1204 5554 1344 5632 sfylo
1372 5559 1560 5632 humili
1596 5571 1660 5610 ac
1686 5554 2049 5632 puerili,_cu_m

464 5641 690 5684 econtra
728 5629 1015 5702 ΔΠιιψυιγιι
1058 5632 1233 5702 stylus
1259 5626 1455 5702 'graris
1501 5636 1650 5682 esset
1680 5638 1735 5680 et
1774 5626 2046 5702 sublimis,

464 5709 660 5755 auctor
720 5695 864 5754 facta
924 5695 1163 5755 dcl'eud'tt
1210 5695 1300 5755 ac-
1320 5699 1518 5764 relcrt,
1565 5712 1800 5765 quorum
1837 5695 2049 5750 falsitas

467 5770 758 5826 tnanifesm
786 5780 870 5824 est
896 5772 1172 5826 onmibus.
1219 5772 1339 5832 Sic,
1370 5769 1606 5838 exetnpli
1645 5768 1851 5836 gratia,
1887 5768 2052 5819 tradit

465 5839 731 5897 Joannem
763 5857 889 5897 cum
935 5839 1051 5894 Elia
1084 5851 1140 5893 et
1180 5840 1401 5895 Enoctto
1447 5837 1737 5893 venturum
1792 5840 1857 5889 ad
1895 5837 2052 5891 testi-

468 5912 714 5970 monium
752 5913 1147 5985 perbibcudum
1175 5923 1363 5967 contra
1393 5909 1790 5979 Antichristum
1823 5906 1943 5982 (lib.
1972 5905 2050 5961 De

2139 2023 2504 2092 reperiuntur.
2553 2022 2756 2078 Eodem
2799 2022 3129 2077 Combelisio
3171 2021 3353 2092 judice
3382 2020 3495 2090 (8i)
3545 2020 3720 2087 illud,

2138 2114 2284 2183 quod
2313 2111 2583 2185 Hippolyti
2613 2113 2835 2168 nomine
2870 2128 3010 2183 Opus
3052 2111 3129 2166 De
3157 2112 3486 2167 Antichristo
3528 2111 3719 2166 hacte-

2140 2220 2245 2261 nus
2272 2205 2484 2273 pluteos
2529 2214 2887 2268 oneraverat,
2936 2205 3210 2275 sequioris
3254 2204 3479 2260 Graeciae
3527 2220 3729 2258 monu-

2140 2312 2384 2353 mentum
2415 2307 2499 2354 est
2518 2340 2533 2364 ,
2565 2314 2629 2353 ac
2656 2299 2817 2369 plane
2845 2299 3202 2353 stramineum
3228 2337 3245 2361 ,
3274 2298 3408 2352 nihil
3433 2297 3532 2352 aevi
3571 2297 3721 2353 illius

2140 2390 2507 2446 sinceritatem
2535 2391 2821 2457 redolens,
2863 2401 2958 2444 aut
2989 2405 3180 2444 venam
3213 2389 3395 2460 magni
3431 2404 3554 2444 cum
3586 2389 3723 2444 sim-

2141 2482 2382 2552 plicitate
2413 2483 2690 2552 theologi,
2742 2483 2984 2552 satisque
3030 2481 3084 2536 in
3137 2481 3437 2551 Scripturis
3481 2481 3719 2546 versati;

2142 2576 2301 2647 cujus
2327 2592 2524 2646 parens
2550 2591 2616 2631 eo
2659 2576 2781 2646 ipso
2823 2590 3123 2646 persuasus
3163 2575 3358 2639 fuerit,
3402 2576 3548 2645 quod
3579 2577 3727 2630 scri-

2099 2668 2319 2754 _psisse
2361 2667 2709 2740 Hippolytum
2763 2668 2836 2723 De
2885 2654 3216 2723 Antichristi)
3269 2668 3411 2737 apud
3463 2668 3725 2737 antiquos

2143 2760 2515 2830 pervulgatum
2541 2760 2630 2815 sit.
2658 2758 2853 2815 Mirum
2880 2760 3128 2831 profecto
3143 2761 3309 2830 quod,
3340 2769 3419 2815 tot
3447 2760 3727 2830 uiuisque

2144 2863 2334 2909 contra
2358 2854 2695 2908 authentiam
2731 2854 2895 2924 hujus
2920 2854 3109 2924 scripti
3143 2854 3415 2909 stantibus
3445 2836 3739 2908 rationum

2146 2947 2461 3008 momentis,
2489 2946 2619 3000 illud
2655 2956 2832 3001 tamen
2870 2955 2930 3000 ut
2961 2947 3335 3001 authenticum
3364 2945 3423 3000 S.
3449 2943 3727 3017 Hippolyti

2145 3021 2284 3106 οι)ιῶ
2330 3034 2642 3105 perdoctus
2706 3034 2916 3093 Natalis
2961 3036 3269 3092 Alexander
3319 3035 3611 3093 defendere
3656 3048 3728 3093 ac

2149 3127 2295 3183 tueri
2324 3137 2556 3184 conatus
2590 3127 2755 3184 fuerit
2786 3129 2920 3200 (83).

2677 3281 3075 3339 ARTICULUS
3120 3283 3185 3339 ll.
3265 3326 3273 3339 κ

2142 3438 2211 3478 δε
2243 3436 2629 3476 (ΖΟΠΜΕΝΤΑΒῙΟ
2669 3439 2689 3470 1
2722 3436 2774 3475 ιιι
2805 3435 3192 3484 APOCALYPSIN,
3222 3437 3241 3470 ι
3281 3433 3573 3473 τηλετιιτσ
3605 3435 3626 3468 ι
3656 3434 3728 3473 DE

2211 3509 2479 3547 DUODECIH
2515 3507 2824 3555 APOSTOIJS,
2854 3515 2869 3540 ι
2907 3508 2977 3545 ΕΤ
3023 3507 3147 3545 ALIO
3184 3508 3202 3539 ι
3233 3505 3299 3543 DF.
3342 3506 3444 3543 LXX
3484 3504 3732 3543 ιιιδῦιρυ-

2212 3578 2317 3629 LIS,
2350 3582 2368 3613 ι
2405 3578 2607 3618 διικατο
2639 3577 2933 3617 1111³ιύιῖτο
2963 3576 3169 3617 Νοδτιιο
3204 3576 3369 3615 Ρλιεο
3397 3574 3687 3614 ASCRII‘TIS.

2179 3706 2206 3779 §
2236 3704 2278 3760 ι.
2321 3705 2397 3759 De
2429 3705 2810 3779 commentario
2838 3705 2891 3757 in
2916 3703 3273 3779 Apocalypsin
3297 3701 3437 3772 falso
3464 3700 3524 3756 S.
3557 3698 3695 3769 Ilip-

2348 3802 2355 3805 “
2716 3777 2897 3844 polyto
2929 3775 3145 3829 tributo.

2219 3861 2407 3920 Sixtus
2442 3861 2701 3919 Senensis
2731 3863 2951 3934 scripsit
2979 3864 3118 3934 (Si),
3160 3860 3311 3932 quod
3362 3859 3564 3932 reperti
3610 3860 3737 3914 fue-

2146 4010 2438 4071 consumm'.
2481 4014 2703 4081 mundi,
2750 4033 2904 4071 num.
2952 4016 3017 4071 2|
3049 4018 3102 4086 ),
3137 4016 3189 4070 in
3242 4030 3355 4086 quo,
3393 4014 3462 4069 de
3497 4012 3738 4069 falsitate

2145 4089 2492 4156 redarguitur
2518 4104 2549 4141 a
2575 4087 2856 4157 Scriptura
2879 4088 3068 4157 (Apoc.
3092 4102 3168 4149 ιι,
3195 4086 3282 4157 15)
3301 4103 3315 4151 ;
3333 4085 3734 4157 Autichristutn

2145 4155 2446 4210 daemonem
2479 4155 2741 4226 essesub
2775 4155 2961 4224 specie
2988 4159 3225 4211 humana
3261 4155 3639 4226 apparentem.
3673 4155 3732 4208 iu

2146 4238 2268 4295 quo‘
2289 4238 2342 4297 et
2373 4227 2545 4281 Paulo
2574 4225 2651 4297 (ll
2688 4229 2754 4282 ad
2786 4227 3037 4282 Tltessal.
3070 4226 3183 4297 ιι),
3214 4236 3267 4281 et
3296 4225 3397 4295 ipsi
3438 4225 3731 4296 Hippolyto

2147 4298 2242 4355 lib.
2270 4296 2346 4350 De
2377 4296 2616 4359 Antich.,
2640 4314 2792 4354 num.
2825 4300 2859 4353 5
2885 4308 2939 4352 ct
2961 4301 3016 4360 ti,
3046 4296 3390 4363 contradicit,
3421 4312 3515 4365 qut
3543 4310 3735 4349 verum

2147 4369 2426 4423 hominem
2462 4369 2856 4423 Antichristum
2882 4377 3147 4422 statuunt.
3185 4368 3258 4422 Ea
3305 4381 3525 4437 quoque
3548 4405 3564 4426 .
3608 4379 3739 4434 qua:

2147 4440 2216 4495 de
2249 4439 2535 4493 monachis
2565 4440 2756 4492 scribit
2785 4455 2939 4495 num.
2974 4440 3023 4503 ’l,
3048 4449 3101 4492 et
3130 4440 3197 4492 de
3222 4436 3446 4491 incenso
3475 4436 3529 4489 in
3557 4436 3739 4488 eccle-

2150 4512 2247 4563 siis
2276 4509 2522 4563 adhibito
2571 4524 2724 4562 num.
2758 4510 2860 4570 ὃν,
2907 4513 3056 4562 clare
3103 4510 3401 4562 ostendunt
3451 4516 3734 4559 auctorem

2149 4594 2273 4633 esse
2300 4579 2502 4633 saeculo
2536 4579 2697 4632 tertio
2727 4581 3086 4647 posteriorem
3108 4618 3123 4643 ,
3163 4581 3215 4632 in
3246 4594 3359 4647 quo
3402 4585 3579 4630 status
3610 4589 3735 4628 mo-

2154 4650 2398 4708 nasticus
2432 4650 2675 4704 nondum
2703 4646 2868 4704 notus
2913 4650 3110 4711 fuerat.
3136 4646 3310 4718 neque
3356 4646 3564 4701 incensi
3596 4659 3736 4718 usus

2156 4719 2465 4789 stabﬂitus,
2499 4719 2603 4771 nisi
2638 4721 2819 4789 quoad
2853 4720 3183 4789 sepulturam
3224 4714 3618 4789 mortuorum,
3652 4714 3733 4768 uti

2156 4735 2465 4784 stauuuus,
2499 4735 2603 4771 utsi
2680 4735 2819 4773 uoaa
2853 4735 3183 4789 sepulturam
3237 4735 3579 4772 mortuorum
3602 4755 3618 4779 ,
3652 4735 3733 4768 uu

2154 4803 2222 4841 ex
2272 4787 2591 4843 Tertulliani
2638 4735 2902 4843 discimus
2944 4789 3264 4843 tractatibus
3330 4787 3406 4841 De
3468 4795 3736 4855 spcctac.,

2155 4874 2204 4914 c.
2240 4859 2333 4917 11;
2358 4858 2436 4929 De
2460 4875 2678 4929 corona,
2706 4876 2755 4913 (ο.
2793 4861 2898 4925 1υ;
2930 4859 3230 4929 Apologet.,
3265 4873 3315 4913 c.
3351 4857 3421 4929 50
3450 4866 3505 4911 ct
3538 4856 3628 4909 4:2.

2227 4930 2344 4999 (79)
2385 4928 2589 4995 llivct.,
2621 4928 2756 4983 Crit.
2795 4930 2887 4985 lib.
2926 4946 2991 4994 ιι,
3019 4945 3069 4983 c.
3108 4928 3195 4993 tt,
3222 4946 3274 4999 p.
3308 4928 3435 4982 215.

2227 4994 2342 5070 (80)
2387 4994 2587 5068 Excipe
2641 5009 2820 5053 tamen
2885 5015 3007 5068 qua:
3034 4994 3411 5053 auctondocct
3440 4997 3546 5070 de“
3572 4994 3734 5070 Verbi

2154 5067 2458 5125 aeternitate
2481 5109 2498 5135 ,
2526 5067 2809 5124 isacrilicio
2839 5067 3084 5135 corporis
3115 5081 3169 5124 ct
3200 5069 3483 5137 sanguinis
3519 5067 3734 5120 Domini

2155 5140 2329 5194 nostri
2359 5139 2489 5194 Jesu
2531 5141 2734 5193 Christi
2762 5179 2776 5201 ,
2810 5150 2998 5210 utpote
3029 5151 3218 5195 sancto
3251 5137 3542 5209 Hippolyto
3584 5151 3738 5191 sum-

2156 5224 2377 5278 mopere
2394 5211 2788 5281 congruentia.

2228 5274 2358 5403 (BIL
2383 5274 2641 5365 Biott'uth.
2690 5288 2898 5336 auctor.
2945 5291 3081 5334 tom.
3115 5278 3170 5347 Ι,
3218 5280 3436 5350 Dupiu.,
3471 5293 3597 5348 pag.
3628 5274 3735 5332 179

2228 5359 2287 5403 tt.
2363 5359 2435 5402 at.
2463 5350 2656 5403 thlon.

2155 5350 2287 5406 edit.
2317 5350 2435 5403 Lat.
2463 5350 2656 5404 Colon.

2230 5421 2342 5489 (82)
2367 5421 2658 5475 Combctis.
2681 5459 2696 5485 ,
2727 5417 2885 5472 Prml‘.
2915 5429 3169 5475 notarum
3200 5421 3254 5475 in
3278 5420 3479 5474 librum
3515 5415 3571 5489 S.
3606 5414 3741 5485 llip—

2155 5492 2325 5561 polyti
2357 5506 2651 5561 genuinum
2711 5489 2784 5541 De
2815 5491 3142 5561 Antichristi:
3167 5532 3182 5555 ,
3233 5501 3289 5545 ct
3330 5490 3472 5558 apud
3517 5488 3738 5541 Fabric.

2157 5558 2294 5631 Opp.
2326 5558 2798 5632 Sllltppol.gtom.
2820 5558 2866 5632 gl,
2903 5562 3146 5630 Append.
3174 5578 3291 5632 pag.
3327 5563 3380 5613 ti.

2230 5626 2342 5754 (Si?)
2384 5626 2559 5754 Kartg;
2588 5630 2877 5698 Menand,
2915 5626 3062 5685 uisi.
3090 5626 3453 5697 eccl.,'sazcul.
3483 5642 3568 5693 ut,
3591 5643 3643 5682 c.
3679 5626 3740 5694 ι,

2251 5740 2263 5754 .
2335 5742 2350 5754 .
2382 5716 2437 5754 n.
2551 5741 2564 5754 .

2159 5711 2263 5755 art.
2299 5703 2350 5768 ι,
2382 5716 2437 5769 p.
2476 5703 2564 5755 se.

2233 5772 2575 5896 Sinus
2626 5770 2906 5837 Senensis,
2959 5770 3051 5827 lib.
3111 5787 3165 5827 tr
3204 5769 3459 5829 Biblioth.
3502 5780 3741 5836 sant-tte,

2156 5856 2211 5914 p.
2244 5856 2369 5898 an.
