4034 6456
393 457 497 516 3M

1371 463 1459 521 DE
1504 465 1666 523 VITA
1706 466 1797 522 ET
1837 465 2149 524 SCRIPTIS
2192 465 2251 523 8.
2279 464 2663 524 lllPPOLYTI.

3536 471 3647 527 343

392 600 509 655 τίοι
545 599 925 671 superioribus
969 603 1129 660 “mis
1166 604 1394 661 335nm
1426 609 1820 663 commentarii
1843 610 1968 678 (μή,
1996 591 2044 648 Α
2073 587 2591 678 θροειαιίεγιιιεηιίογ
2630 585 2742 641 tiat.
2778 583 3112 657 Opusculum
3159 593 3263 642 hoc
3293 601 3643 657 perexiguum

387 690 522 747 dam
568 692 624 745 in
669 694 1034 769 Apocalypsin
1066 694 1351 767 Hippolyto
1378 698 1644 767 inscripti,
1686 699 1751 754 de
1783 700 1971 770 quibus

389 782 459 837 ob
496 784 816 839 eruditionis
849 796 898 840 et
925 787 1051 858 styli
1079 789 1314 859 inopiam
1340 791 1648 862 ambigitur.
1674 789 1972 859 Perductus

390 872 624 931 Rivetus
656 877 768 947 (85)
806 878 1043 949 conjicit,
1079 880 1225 936 hunc
1264 879 1715 938 Commentariun:
1747 886 1802 938 in
1832 884 1969 954 Apo-

389 968 639 1039 calypsin
675 968 857 1024 forsan
903 971 1049 1026 haud
1095 972 1367 1028 diversum
1418 989 1556 1045 opus
1603 990 1727 1030 esse
1766 976 1836 1031 ab
1882 991 1970 1041 eo,

388 1059 544 1129 quod
574 1060 743 1117 edidit
768 1061 924 1117 Pieot
955 1079 1052 1119 seu
1084 1063 1247 1122 Picus
1291 1066 1479 1122 Crtece
1520 1082 1585 1123 ac
1634 1068 1825 1123 Latine
1872 1069 1974 1123 sub

387 1149 559 1205 titulo
590 1170 604 1206 :
644 1152 717 1206 De
744 1156 1192 1210 consummatione
1222 1157 1426 1225 mundi,
1455 1166 1505 1213 et
1534 1158 1598 1213 de
1622 1159 1970 1215 Antichristo.

389 1242 617 1306 Nescio,
646 1245 822 1315 inquit
857 1247 944 1302 hic
972 1248 1217 1313 eriticus,
1250 1266 1319 1303 an
1341 1252 1413 1304 sit
1441 1250 1579 1304 idem
1608 1251 1761 1318 liber,
1789 1252 1853 1306 de
1872 1269 1973 1323 quo

386 1331 587 1389 Siztus
626 1333 868 1391 Senensis
904 1337 997 1391 lib.
1027 1354 1080 1393 tv
1110 1341 1391 1411 scripsit...
1428 1340 1549 1398 Sive
1580 1345 1718 1398 idem
1750 1345 1840 1413 sit,
1868 1346 1973 1401 sive

298 1424 303 1427 ⁴
384 1426 561 1494 alius,
589 1428 771 1482 eadem
798 1439 874 1484 est
904 1429 1204 1502 ambigendi
1235 1433 1392 1490 ratio.

427 1560 559 1634 §ll.
601 1561 887 1620 Tractatus
925 1564 991 1621 de
1037 1560 1310 1651 duodecim
1361 1550 1635 1641 apostolis”
1658 1572 1939 1646 Hippolyto

1029 1649 1352 1707 suppositus.

468 1764 587 1823 Sub
621 1769 844 1826 nomine
881 1770 939 1827 S.
972 1771 1244 1846 Hippolyti
1281 1775 1334 1830 in
1375 1776 1704 1834 Bibliotheca
1748 1778 1975 1834 Patrum

391 1853 752 1931 Lugdunensi
780 1864 890 1936 (86)
920 1874 974 1921 et
998 1868 1140 1936 apud
1175 1867 1560 1925 Combelisium
1600 1872 1653 1925 in
1682 1873 1970 1927 Auctuario

2073 678 2151 731 nil
2176 686 2279 743 est,
2313 677 2418 732 nisi
2457 677 2737 748 catalogus
2782 686 2985 732 temere
3017 678 3431 733 consarcinatus
3454 678 3522 732 de
3543 694 3648 732 tu

2070 768 2374 838 discipulis,
2406 771 2707 837 eorumque
2747 768 3036 838 praecipuis
3064 768 3509 839 proprietatibus,
3547 782 3650 837 po-

2072 859 2341 914 tissimum
2372 875 2402 914 e
2438 860 2725 930 phantasia
2780 862 3050 925 conﬁctis,
3104 870 3270 931 atque
3327 861 3490 914 etiam
3549 874 3652 913 no-

2072 950 2312 1005 minibus
2370 949 2509 1006 falso
2565 950 2880 1018 attributis;
2938 953 3085 1008 unde
3121 953 3283 1006 etiam
3341 953 3492 1005 nullo
3526 967 3653 1005 mon

2070 1041 2142 1096 do
2180 1051 2420 1097 meretur
2451 1058 2560 1113 prae.
2604 1056 2665 1098 se
2709 1042 2851 1098 ferre
2881 1058 3077 1099 nomen
3106 1045 3279 1099 sancti
3309 1043 3482 1098 nostri
3516 1041 3650 1113 Hip-

2070 1132 2257 1204 polyti.
2309 1132 2421 1201 Sic,
2449 1135 2681 1205 exempli
2720 1150 2907 1201 causa,
2936 1136 3185 1206 plurima:
3211 1151 3464 1206 persona:
3508 1135 3650 1190 inter

2072 1223 2371 1293 discipulos
2409 1225 2625 1281 Domini
2657 1239 3010 1283 recensentur
3043 1227 3151 1294 hic,
3178 1243 3300 1298 qua:
3327 1237 3506 1283 tamen
3542 1229 3649 1298 prio

2073 1330 2225 1369 mum
2260 1324 2385 1386 post
2406 1318 2843 1387 praedicationem
2872 1316 2928 1374 S.
2953 1317 3107 1373 Pauli
3131 1320 3363 1390 apostoli
3394 1320 3461 1376 ad
3486 1320 3646 1375 [idem

2071 1417 2349 1461 conversa:
2401 1405 2645 1474 fuerunt,
2687 1416 2850 1479 atque
2914 1419 3310 1479 consequenter
3366 1426 3648 1482 nunquam

2074 1493 2220 1548 inter
2249 1494 2550 1566 discipulos
2584 1499 2883 1555 Salvatoris
2915 1501 3218 1585 computari
3243 1512 3492 1572 possunt.
3514 1501 3650 1556 Dein

2072 1585 2238 1640 tradit
2274 1586 2365 1643 hic
2407 1599 2618 1657 auctor,
2651 1591 2797 1660 quod
2827 1605 3050 1648 sanetus
3094 1591 3310 1649 Marcus
3337 1601 3393 1647 et
3425 1601 3650 1648 sanctus

2074 1676 2251 1734 Lucas
2288 1695 2319 1734 e
2342 1696 2570 1737 numero
2602 1683 2817 1739 illorum
2851 1685 3246 1755 discipulorum
3282 1685 3509 1749 fuerint,
3551 1688 3646 1754 qui

2074 1784 2240 1839 super
2271 1771 2419 1827 dicto
2462 1771 2589 1829 Jesu
2636 1774 2875 1829 Christi:
2908 1774 3034 1829 Nisi
3083 1777 3202 1846 quis
3253 1776 3491 1830 comedat
3529 1792 3653 1829 car—

2077 1874 2193 1913 nem
2235 1876 2406 1915 meam
2452 1874 2500 1917 et
2558 1863 2702 1917 bibat
2738 1866 3042 1935 sanguinem
3082 1882 3275 1932 meum,
3304 1882 3407 1919 non
3452 1876 3528 1919 est
3570 1881 3653 1919 me

390 1951 683 2007 novissimo
705 1952 1056 2011 Bibliotheca:
1085 1955 1305 2013 Patrum
1345 1962 1585 2015 occurrit
1612 1962 1969 2026 brevissimus
2000 1939 2043 1994 Β
2072 1948 2283 2020 dianus.
2336 1953 2654 2008 scandalum
2701 1955 2871 2025 Passi,
2915 1970 2946 2009 ³
2973 1953 3268 2011 δδίνεηονίδ
3296 1955 3555 2010 δοθίεωιθ
3592 1969 3653 2007 5°

386 2052 660 2102 tractatus
726 2047 804 2101 De
852 2047 1126 2104 duodecim
1199 2053 1493 2122 apostolis,
1547 2055 1762 2109 ubinam
1824 2058 1971 2127 quis-

384 2151 492 2205 que
537 2152 717 2190 eorum
771 2139 1158 2207 praedicauerit,
1193 2158 1256 2197 ac
1301 2144 1389 2198 ubi
1441 2157 1831 2201 consummatus
1878 2151 1970 2204 sit.

388 2224 538 2282 ideo
566 2237 833 2287 tractatus
868 2233 971 2288 sub
1009 2234 1253 2305 ejusdem
1303 2238 1477 2293 sancti
1529 2237 1709 2296 Patris
1754 2243 1974 2299 nomine

385 2322 668 2390 reperitur
692 2325 858 2379 etiam
889 2325 1029 2382 inter
1057 2344 1189 2384 mss.
1209 2329 1394 2386 Graeca
1421 2331 1761 2390 bibliothecae
1779 2334 1975 2393 Coisli-

386 2413 574 2468 hiante
611 2414 767 2486 (87);
811 2420 1079 2489 atquemad
1118 2421 1322 2477 calcem
1364 2425 1497 2479 tomi
1524 2424 1547 2477 ι
1578 2423 1715 2497 Opp.
1757 2425 1814 2483 S.
1845 2427 1974 2499 Hip-

388 2503 563 2573 polyti
604 2504 788 2563 Graece
825 2524 889 2563 ac
926 2507 1117 2565 Latine
1151 2511 1290 2583 typis
1318 2529 1553 2572 cxcusus
1584 2525 1667 2573 est
1695 2517 1830 2588 (88).
1861 2517 1972 2575 Ob—

387 2605 618 2675 servant
650 2597 878 2669 insuper
923 2601 1024 2655 viri
1067 2604 1265 2658 eruditi
1304 2605 1578 2663 laudatum
1618 2618 1906 2666 tractatum
1941 2628 1973 2667 a

387 2685 645 2751 Cedrcno
670 2690 782 2760 (89)
830 2709 895 2749 ae
930 2692 1203 2752 ‘Michaele
1236 2696 1402 2770 Glyca
1445 2702 1548 2755 sub
1592 2705 1763 2758 sancti
1799 2704 1974 2760 nostri

389 2774 621 2831 nomine
644 2777 866 2849 allegari
903 2779 1036 2853 (90).
1074 2783 1273 2840 Verum
1316 2787 1510 2845 horum
1550 2791 1785 2848 duorum
1827 2793 1976 2850 Cras,

389 2865 648 2922 culorum
685 2868 825 2925 haud
872 2882 1021 2929 tanta
1053 2887 1137 2931 est
1170 2881 1492 2946 auctoritas,
1518 2891 1578 2938 ut
1604 2900 1794 2940 eorum
1829 2887 1975 2942 nudo

392 2968 610 3013 asserto
648 2960 807 3017 fidem
841 2965 1043 3021 habere
1074 2968 1390 3027 debeamus.
1426 2971 1545 3042 Ipse
1586 2984 1767 3031 autem
1808 2978 1976 3034 Com-

392 3049 623 3108 hellsius
659 3052 857 3111 fatetur
903 3073 961 3114 se
1010 3060 1145 3115 nihil
1187 3062 1407 3130 habere,
1438 3082 1549 3136 quo
1594 3069 1785 3138 probet
1832 3072 1976 3128 hunc

394 3151 693 3202 tractatum
721 3164 845 3205 esse
876 3152 1050 3207 sancti
1085 3152 1378 3225 Hippolyti,
1408 3168 1603 3227 praeter
1632 3161 1789 3216 fidem
1819 3162 1974 3235 Regii

2074 2044 2443 2113 scgregarint;
2475 2046 2569 2101 sed
2606 2056 2790 2113 postea
2820 2046 2911 2101 ille
2941 2062 3037 2117 per
3068 2045 3308 2114 Petrum,
3345 2046 3433 2101 hic
3470 2054 3653 2100 autem

2072 2131 2243 2189 Paulo
2274 2135 2536 2191 suadente
2563 2146 2843 2205 permotus
2870 2138 2936 2192 ad
2964 2138 3243 2193 Christum
3262 2137 3490 2204 reversi,
3515 2152 3657 2191 mar-

2075 2222 2217 2294 tyrio
2270 2223 2439 2278 vitam
2488 2226 2943 2282 consummarint.
2980 2226 3122 2282 Dicit
3172 2243 3388 2301 quoque
3440 2226 3499 2282 S.
3533 2227 3656 2281 Cle-

2074 2327 2312 2373 mentem
2352 2316 2620 2372 Sardinize
2655 2318 2994 2390 episcopum,
3035 2319 3380 2395 Crescentem
3424 2320 3655 2374 Chalce-

2073 2409 2254 2465 donia:
2282 2408 2338 2463 in
2358 2407 2547 2467 Galliis
2566 2410 2884 2480 episcopum
2915 2411 3106 2471 fuisse.
3141 2409 3290 2467 Duos
3319 2413 3482 2467 etiam
3522 2411 3657 2464 Bar-

2074 2503 2247 2558 nabas
2297 2500 2542 2557 diversos
2585 2503 2805 2567 statuit;
2853 2519 3024 2558 unum
3072 2502 3379 2570 Mediolani,
3421 2504 3652 2558 alterum

2074 2592 2352 2650 Heracleae
2378 2596 2693 2664 episcopum
2728 2596 2901 2666 tingit.
2931 2595 3199 2651 Caeterum
3235 2596 3433 2651 eruditi
3464 2596 3656 2651 obser-

2075 2694 2227 2752 vant,
2255 2685 2511 2756 exiguum
2549 2685 2655 2741 hoc
2687 2686 3012 2756 opusculum
3066 2696 3128 2741 ut
3174 2687 3473 2757 plurimum
3522 2703 3656 2742 con-

2074 2778 2263 2832 venire
2289 2792 2414 2832 cum
2446 2776 2984 2847 pseudo-Dorotheo,
3016 2778 3267 2847 idemque
3293 2779 3657 2833 verisimiliter

2074 2885 2195 2925 esse
2234 2884 2358 2925 cum
2408 2869 2598 2924 eodem
2649 2868 2786 2940 (9*2).
2840 2868 2972 2936 Quae
3013 2881 3191 2924 autem
3232 2871 3299 2925 de
3339 2887 3443 2925 Lxx
3491 2871 3658 2927 disci-

2076 2962 2222 3031 pulis
2256 2961 2421 3016 habet
2448 2960 2720 3016 Baronius
2762 2961 2829 3016 ad
2860 2961 3300 3035 Martyrologium
3349 2961 3657 3018 Romanum

2077 3067 2134 3105 ix
2164 3051 2386 3121 Aprilis,
2412 3060 2468 3106 et
2498 3052 2553 3106 in
2587 3051 2880 3107 Annalibus
2911 3056 2978 3108 ad
3019 3070 3148 3108 ann.
3179 3053 3308 3108 Chr.
3338 3053 3442 3119 44,
3476 3069 3532 3116 n,
3564 3053 3656 3117 58,

2077 3156 2131 3201 et
2160 3161 2289 3201 ann.
2318 3146 2410 3213 58,
2442 3162 2498 3199 n.
2529 3144 2619 3213 56,
2648 3145 2888 3217 allegans
2916 3146 3063 3202 hunc
3091 3131 3361 3218 Hippolyti
3387 3147 3655 3207 libellum.

393 3252 504 3293 ms.
543 3241 770 3306 codicis,
796 3257 863 3298 ex
891 3260 1002 3315 quo
1028 3247 1337 3318 exscripsit.
1364 3248 1608 3320 Accedit,
1636 3257 1780 3327 quod
1804 3260 1970 3314 multa

2081 3252 2240 3307 quem
2278 3237 2465 3293 Graece
2496 3237 2688 3292 habuit
2718 3238 2972 3305 Sirletus,
3006 3254 3073 3293 ex
3101 3238 3374 3311 Hippolyti
3410 3238 3657 3294 Thebani

392 3330 464 3385 de
514 3342 690 3389 morte
738 3337 1110 3405 apostolorum
1159 3342 1552 3411 complectatur
1604 3350 1971 3411 recentiorum

390 3417 707 3478 Graecorum
735 3425 1011 3495 figmenta,
1037 3430 1218 3497 qualia
1240 3430 1424 3499 judice
1449 3432 1679 3504 Dupinio
1710 3436 1820 3507 (9i)
1847 3449 1975 3495 sunt

394 3516 683 3584 sequentia
717 3534 733 3571 :
766 3517 1035 3573 Andream
1066 3520 1198 3575 olea:
1228 3522 1446 3579 alIixum
1477 3541 1508 3580 e
1536 3526 1674 3582 vivis
1706 3531 1974 3586 excessis-

394 3619 495 3670 se;
539 3604 768 3663 Joannis
810 3609 1070 3679 reliquias
1099 3611 1155 3666 in
1188 3613 1308 3682 ejus
1333 3616 1543 3673 tumulo
1574 3619 1823 3688 inventas
1866 3636 1972 3675 non

396 3712 550 3763 esse;
583 3697 1042 3759 Bartholomaeum
1089 3708 1236 3762 cruci
1289 3707 1458 3764 fuisse
1485 3709 1702 3766 allixum
1742 3728 1972 3781 pronum

395 3787 455 3879 i_n
507 3800 701 3860 caput;
759 3790 1268 3879 Matthaeummpud
1326 3797 1559 3856 Parthos
1611 3802 1971 3872 praedicasse;

394 3876 666 3949 Thomam
696 3882 761 3936 ad
790 3881 975 3955 Magos
999 3876 1290 3942 conciones
1322 3888 1598 3959 habuisse,
1649 3892 1704 3946 in
1742 3904 1978 3962 quatuor

397 3970 542 4028 locis
572 3973 726 4029 hasta
755 3975 980 4047 abiegno
1004 3976 1279 4035 Salamine
1295 3981 1608 4038 confossum
1626 3998 1748 4039 esse
1765 4002 1781 4052 ;
1798 3984 1979 4041 Thad-

403 4062 582 4117 (laetum
622 4064 675 4116 in
719 4059 1111 4135 MesopOtamia
1145 4070 1504 4139 prazdicasse;
1536 4072 1813 4129 Simonem
1844 4091 1977 4146 apo-

396 4152 604 4208 stolum
638 4168 828 4211 saneto
855 4156 1060 4214 Jacobo
1095 4161 1150 4215 in
1181 4163 1308 4218 sede
1335 4163 1632 4234 episcopali
1666 4165 1980 4238 Hierosoly-

397 4246 610 4301 mitana
639 4250 1003 4317 successisse;
1034 4269 1154 4323 quae
1201 4270 1231 4309 a
1270 4256 1634 4313 recentiorum
1666 4258 1978 4316 Graecorum

399 4335 680 4410 figmentis
708 4343 875 4411 petita
903 4354 1050 4410 sunt,
1076 4354 1136 4400 ut
1163 4362 1194 4401 a
1231 4345 1544 4417 Sophronio
1571 4359 1627 4404 et
1658 4351 1801 4406 aliis.

462 4450 492 4524 ς
526 4453 618 4506 HI.
663 4452 945 4511 Tractatus
987 4457 1051 4513 de
1096 4474 1198 4514 an
1229 4462 1504 4536 discipulis
1538 4463 1598 4520 S.
1633 4463 1921 4536 Hippolyto

1038 4535 1357 4615 suppositus.

2078 3330 2338 3386 Chronico
2366 3332 2533 3401 petita
2564 3329 2819 3387 Fabricio
2855 3330 2968 3405 (95)
2996 3332 3265 3387 videntur.
3310 3331 3500 3387 Exstat
3528 3349 3658 3387 vero

2078 3422 2408 3492 perexiguos
2456 3421 2546 3477 hic
2592 3421 2809 3476 libellus
2860 3437 2985 3477 cum
3034 3423 3316 3492 superiore
3345 3423 3550 3491 scripto
3584 3421 3660 3476 De

2075 3513 2354 3568 duodecim
2388 3513 2644 3581 apostolis
2684 3514 2787 3570 sub
2818 3513 3091 3586 Hippolyti
3121 3514 3341 3569 nomine
3369 3516 3423 3568 in
3457 3515 3661 3572 codici-

2075 3607 2180 3662 hos
2210 3607 2427 3662 duobus
2455 3606 2797 3663 bibliothecae
2827 3606 3179 3662 Coislinianae
3207 3606 3321 3663 sive
3349 3604 3659 3676 Seguieria-

2076 3713 2194 3761 nae;
2249 3707 2310 3752 ut
2360 3705 2590 3753 testatur
2637 3698 2709 3753 cl.
2765 3696 3186 3753 Montfauconus
3244 3699 3296 3752 in
3338 3697 3657 3752 recensione

2079 3808 2213 3847 mss.
2250 3790 2563 3845 Graecorum
2605 3791 2752 3846 illius
2804 3790 3166 3845 bibliothecae.
3193 3789 3475 3846 Fabricius
3505 3805 3661 3844 eum-

2079 3886 2202 3941 dem
2253 3893 2548 3940 tractatum
2599 3894 2736 3940 tom.
2772 3883 2793 3938 l
2823 3884 2961 3955 Opp.
2992 3885 3050 3939 S.
3079 3885 3378 3958 Hippolyti,
3420 3901 3547 3958 pag.
3588 3885 3655 3939 «il

2082 3974 2427 4046 appendieis,
2455 3974 2689 4030 inseruit
2719 3975 2902 4030 Gra’cc
2933 3992 2996 4030 ac
3025 3975 3235 4030 Latine.

2619 4086 3019 4143 ABTICULUS
3060 4087 3145 4145 Ill.

2151 4200 2218 4239 DE
2245 4197 2386 4238 ALIIS
2414 4194 2689 4251 OPEBIBL'S.
2708 4195 2753 4234 8ο
2781 4196 3077 4235 ιιιιιιιοιῖτο
3104 4195 3266 4235 FALSE
3295 4195 3588 4234 ASCRIPTIS.

2221 4276 2317 4348 δι.
2358 4270 2679 4343 Genealogia
2711 4268 2811 4325 SS.
2838 4270 3031 4355 diaria;-
3062 4281 3111 4326 et
3139 4271 3356 4342 Joseplti
3387 4286 3514 4340 opus

2667 4352 3075 4411 suppostttttum.

2151 4436 2490 4507 Nicephorus
2513 4436 2775 4491 Callistus
2810 4435 2923 4507 (94)
2954 4436 3151 4507 allegat
3196 4451 3261 4489 ex
3313 4444 3502 4490 sancto
3531 4433 3666 4504 Hip-

2081 4529 2266 4599 polyto
2318 4529 2575 4600 episcopo
2624 4527 2914 4582 Portuensi
2966 4526 3327 4597 fragmentum
3375 4527 3507 4581 satis
3538 4541 3667 4595 pro-

472 4612 802 4685 impressum
834 4619 994 4676 etiam
1040 4622 1141 4676 fuit
1191 4612 1220 4678 ὁ
1268 4626 1454 4683 codice
1498 4626 1837 4684 Bamcciano
1874 4629 1980 4685 206
2015 4618 2056 4672 D
2087 4619 2255 4673 lixum
2286 4621 2429 4675 circa
2467 4621 2841 4693 genealogiam
2877 4619 3053 4676 sancti
3081 4615 3300 4688 Iosephi
3328 4625 3383 4672 et
3417 4616 3669 4672 beatissio

397 4705 551 4761 aliud
586 4709 690 4763 sub
717 4710 961 4780 ejusdem
991 4712 1262 4787 Hippolyti
1299 4718 1520 4774 nomine
1552 4723 1878 4791 opusculum
1908 4724 1982 4778 De

377 4811 514 4869 _x.xx
570 4800 866 4870 discipulis,
944 4821 1037 4860 seu
1091 4816 1149 4862 ut
1195 4809 1477 4881 inscriptio
1512 4828 1622 4882 prae
1661 4830 1721 4872 se
1760 4815 1866 4872 fert
1906 4817 1984 4871 De

398 4901 513 4942 LXX
560 4892 815 4957 opastolis
842 4891 974 4948 Jesu
997 4896 1230 4962 Christi;
1278 4894 1408 4956 licet.
1449 4903 1598 4957 nulla
1639 4905 1706 4961 de
1734 4906 1985 4976 plurimis

477 5042 591 5114 (85)
632 5044 790 5101 Rivct
818 5089 833 5114 ,
858 5048 962 5105 loc.
990 5052 1082 5106 cit.

632 5116 888 5197 Qibliotn.
925 5121 1036 5197 (ξιξ.
1064 5121 1350 5197 _Lugdun.,
1384 5133 1517 5180 tom.
1546 5123 1633 5192 HI,
1666 5141 1722 5197 p.
1747 5126 1875 5183 265.

634 5186 734 5263 .Ifib
761 5190 891 5263 iptlt.
928 5191 1116 5254 Caisl.,
1224 5185 1349 5250 U5.

478 5256 592 5327 (88)
631 5256 874 5324 Fabric.,
923 5269 1057 5316 tom.
1087 5264 1108 5317 l
1135 5256 1271 5335 Opp.
1309 5265 1368 5321 S.
1404 5263 1644 5335 Hippol.,
1678 5282 1805 5339 pag.
1836 5266 1908 5323 50
1933 5277 1988 5325 et

403 5339 525 5393 seq.

632 5397 866 5476 Cedrcn.
898 5400 952 5476 i_n
979 5401 1265 5473 Compend.
1296 5406 1445 5469 Irish,
1474 5423 1528 5476 p.
1558 5406 1685 5462 205.

636 5467 861 5548 alienae]
881 5464 1119 5548 Clyt-as;
1136 5485 1276 5543 part.
1321 5491 1379 5530 Ill
1406 5464 1623 5537 Ᾰιὶηαι..
1660 5495 1714 5548 p.
1748 5478 1875 5535 259.

479 5536 592 5661 fit;
636 5536 832 5608 Dupin,
868 5536 1387 5614 Bibliotltfauetorw
1437 5557 1567 5602 tom.
1601 5536 1729 5619 l,'p.
1769 5551 1891 5615 180,
1932 5553 1986 5606 in

405 5621 522 5662 ηοι.
558 5621 611 5661 υ.

408 5677 838 5815 11,(ἵ)9ἓ).1)ιιι)ἰιι,
872 5681 977 5739 loc.
1014 5685 1191 5754 citat.;
1221 5686 1375 5743 llemi
1409 5688 1649 5815 Ccillier:
1673 5689 1778 5746 loc.
1811 5691 1986 5756 citat.,

405 5790 938 5960 gifiii‘abricius,
983 5823 1236 5882 Biblioth.
1288 5827 1489 5897 Greca,
1528 5790 1715 5896 mh,
1759 5840 1900 5899 part.
1946 5847 1989 5897 ι.

2085 4727 2187 4765 mae
2233 4711 2473 4782 Virginis
2520 4713 2654 4784 (95).
2721 4711 2923 4768 Verum
2978 4727 3082 4766 non
3133 4719 3216 4766 est
3267 4709 3657 4781 ambigendum

2085 4803 2217 4872 quin
2252 4802 2341 4857 hic
2376 4802 2673 4859 historicus
2700 4803 3070 4859 hallucinatus
3108 4802 3291 4868 fuerit,
3314 4800 3666 4871 intelligendo

2088 4904 2338 4949 sanctum
2372 4893 2724 4966 Hippolytum
2754 4904 3046 4966 martyrem
3078 4909 3179 4965 pro
3203 4893 3495 4969 Hippolyto
3519 4890 3666 4979 Tlte-

2159 5048 2280 5177 (ΜΞ
2311 5048 2651 5122 Nicepliorus
2690 5049 2925 5117 Callist.,
2977 5051 3073 5106 lib.
3123 5066 3162 5105 ιι
3212 5048 3423 5104 Ilistor.
3452 5052 3667 5117 ecclas.,

2159 5138 2207 5177 ι).
2286 5163 2300 5175 .

2087 5137 2207 5177 08D.
2247 5137 2300 5177 ὕ.

2155 5138 2545 5264 ΙἓξδεᾶῗθΜειιιιῆιιί
2577 5191 2750 5249 nostri
2781 5191 2835 5264 in
2866 5190 3013 5264 Hist.
3053 5191 3222 5264 littér.
3247 5190 3318 5264 de
3351 5188 3406 5264 la
3438 5187 3513 5241 Fr
3527 5206 3672 5246 aucr.

2090 5259 2224 5320 tom.
2257 5259 2466 5339 Ἔμβας.
2499 5264 2628 5331 595,
2665 5265 2775 5339 duo
2824 5262 2913 5316 hic
2957 5262 3220 5339 opuscula
3246 5259 3619 5339 _distiiigtltmt
3664 5280 3672 5311 :

2090 5352 2260 5389 unum
2304 5330 2383 5389 sc.
2406 5330 2473 5390 de
2496 5330 2807 5405 genealogia
2837 5334 3009 5405 sancti
3039 5330 3280 5405 Iosephi,
3306 5330 3537 5405 ejusque
3568 5340 3677 5382 tom

2091 5405 2334 5469 familia;
2365 5398 2595 5459 alteritm
2630 5398 2888 5457 niniirunt
2924 5402 3122 5454 librum
3158 5401 3225 5454 de
3257 5409 3380 5453 ortu
3419 5398 3473 5453 et
3510 5398 3677 5453 fann-

2091 5476 2163 5531 lia
2211 5476 2547 5530 beatissima:
2573 5472 2846 5542 Virginis,
2880 5471 3203 5542 hietanten
3251 5469 3468 5524 libellus
3516 5470 3676 5542 juxta

2092 5546 2215 5601 illos
2247 5561 2356 5599 non
2392 5555 2476 5600 est
2505 5545 2609 5598 nisi
2644 5538 2880 5609 epitomc
2920 5540 3138 5609 prioris.
3172 5538 3672 5595 l’erdoctusJaco—

2092 5617 2195 5672 bus
2223 5612 2527 5683 Basnagius
2558 5608 2752 5667 suis’iu
2781 5608 3258 5683 observationibus
3290 5610 3344 5662 in
3372 5610 3668 5683 (Πιτυηὶροιι

2092 5685 2366 5755 Hippolyti
2394 5679 2645 5755 Thebani
2670 5689 2977 5755 utrumque
3002 5682 3341 5755 opusculum
3369 5681 3517 5755 velut
3544 5679 3669 5755 ‘fra-

2092 5747 2602 5827 gniénttimuopcris
2633 5748 2851 5827 laudati
2872 5747 3158 5827 scriptoris
3180 5751 3338 5827 juris;
3357 5748 3557 5827 publici
3591 5747 3668 5815 t'c-

2093 5814 2167 5883 ἕὶι
2196 5835 2330 5881 tom.
2364 5823 2433 5881 Ill
2460 5814 2609 5879 Left.
2645 5819 2899 5889 attliquit.
2925 5814 3164 5887 Cinisii,
3180 5814 3244 5891 ’μ
3276 5814 3426 5876 ’ὅθ’θι
3452 5814 3542 5872 40.
