4034 6402
246 422 352 478 διδ

1203 423 1295 481 DE
1327 421 1489 480 VITA
1543 422 1629 478 ET
1672 421 1984 479 SCRIPTIS
2016 421 2073 475 S.
2117 423 2500 479 HIPPOLYTI.

3360 425 3469 483 546

245 537 625 609 composuisse
668 538 966 597 Chronicon
987 557 1007 597 :
1035 542 1258 613 aliquod
1314 543 1481 614 igitur
1533 543 1812 614 inquiren-
1838 548 1886 606 Α
1912 559 2034 615 pag.
2066 545 2156 611 £5,
2187 544 2369 600 videre
2392 553 2499 610 est,
2533 544 2626 599 ubi
2664 545 3072 602 eruditissimus
3103 543 3484 604 Assemannus

245 627 402 694 dum,
451 631 597 700 quod
647 631 698 686 ei
755 633 975 689 attribui
1027 634 1221 705 possit.
1267 632 1461 689 Statim
1510 649 1630 690 sese
1662 634 1818 690 oll'ert

250 718 548 776 Chronicon
574 719 849 794 Hippolyti
878 723 1149 793 Thebani;
1174 734 1338 794 atque
1365 733 1652 796 propterea
1679 723 1818 780 falso

248 813 550 884 ascriptum
582 813 684 869 fuit
713 825 904 872 sancto
925 829 1113 872 nostro
1152 819 1407 888 cpiscOpo
1455 833 1520 872 ac
1557 817 1813 889 martyri;

248 913 438 974 postea
465 905 758 976 detegitur,
802 908 946 977 quod
984 907 1130 963 istud
1156 924 1268 962 non
1291 907 1465 978 possit
1492 907 1638 964 illius
1663 923 1814 973 esse;

247 1005 413 1066 atque
439 998 657 1052 tandem
686 999 808 1053 aliis
832 999 980 1054 venit
1011 999 1064 1053 in
1095 1009 1328 1054 mentem
1363 998 1492 1054 illud
1519 998 1647 1054 Julii
1674 999 1818 1054 Afri-

245 1089 370 1144 cani
391 1089 571 1154 eidem
595 1090 928 1161 adjndicare.
959 1090 1082 1146 [lare
1103 1089 1340 1148 Jacobns
1362 1091 1684 1163 Basnagius.
1705 1091 1817 1150 Nos

245 1193 372 1234 cum
397 1179 569 1234 altero
593 1179 881 1249 Basnagio,
906 1179 1156 1236 Samuele
1188 1180 1444 1234 nimirum
1462 1178 1560 1251 (8),
1583 1179 1815 1235 arbitra-

245 1286 391 1336 mur,
428 1271 633 1326 editum
677 1271 746 1326 ab
775 1270 1008 1327 Henrico
1037 1271 1278 1338 Canisio,
1311 1271 1410 1326 SS.
1435 1286 1704 1327 canonum
1727 1269 1818 1325 In~

244 1361 498 1432 golstadii
518 1361 847 1432 professorc,
866 1362 1181 1418 Chronicum
1198 1365 1352 1434 longe
1373 1364 1440 1417 ab
1464 1378 1528 1418 eo
1543 1362 1814 1417 diversum

243 1467 388 1519 esse,
444 1455 588 1523 quod
629 1451 916 1526 Hippolyto
954 1453 1211 1524 episc0po
1258 1452 1456 1508 Portus
1491 1451 1720 1506 Romani
1761 1450 1814 1504 in

245 1559 526 1598 marmore
553 1544 876 1600 vindicatur.
909 1544 1120 1614 Quippe
1146 1546 1200 1598 in
1242 1559 1308 1599 eo
1340 1543 1686 1613 reperiuntur
1712 1557 1814 1596 no-

243 1633 394 1688 mina
428 1633 772 1691 Constantini
798 1636 999 1708 Magni,
1035 1635 1274 1700 Eusebii,
1303 1635 1441 1703 Arii,
1485 1633 1671 1690 Basilii
1697 1633 1814 1688 Ma-

242 1724 360 1796 gni,
396 1725 509 1780 imo
538 1726 917 1798 Metapbrastis
940 1729 1125 1783 etiam.

318 1836 350 1910 §
385 1837 476 1892 HI.
524 1839 867 1913 Fragmenta
885 1857 949 1896 ex
982 1841 1183 1897 Catena
1217 1842 1441 1897 Arabica
1481 1859 1586 1896 non
1622 1851 1743 1897 sunt

828 1910 888 1967 S.
922 1913 1220 1983 Hippolyti.

310 1999 574 2056 Albertus
607 2001 895 2060 Fabricius
929 2005 1208 2059 volumine
1254 2004 1537 2075 posteriori
1569 2002 1806 2074 Operum

241 2089 299 2146 S.
335 2089 612 2164 Hippolyti
637 2092 956 2165 fragmenta,
983 2111 1078 2151 seu
1107 2103 1359 2164 excerpta
1390 2111 1455 2150 ex
1480 2111 1583 2152 ms.
1607 2095 1810 2150 Catena

236 2183 477 2238 Arabica
525 2183 952 2242 Pentateuchnm
1007 2187 1296 2251 referente,
1323 2188 1515 2242 litteris
1543 2187 1810 2254 descripta

238 2275 487 2346 Syriacis
525 2292 557 2332 e
597 2279 785 2334 codice
830 2279 1172 2335 bibliotheca:
1198 2279 1529 2350 :Bodleianae
1577 2281 1808 2351 primum

236 2367 386 2421 edita
422 2383 548 2422 cum
590 2369 841 2426 versione
880 2369 1106 2427 Joannis
1129 2371 1424 2440 Gagnierii,
1452 2371 1687 2441 imprimi
1716 2388 1811 2426 cu-

235 2456 382 2511 ravit
405 2455 506 2527 (9).
532 2457 743 2513 Nomen
771 2461 946 2515 sancti
971 2459 1241 2532 Hippolyti
1263 2463 1400 2516 inter
1425 2461 1652 2516 aliorum
1684 2477 1812 2516 san-

235 2557 456 2604 ctorum
501 2547 720 2604 Patrum
747 2566 829 2615 HI,
867 2567 919 2605 tv
943 2562 998 2607 et
1029 2569 1061 2607 v
1101 2553 1283 2607 saeculi
1318 2553 1537 2609 nomina
1573 2553 1812 2608 occurrit

235 2640 390 2696 hisce
414 2641 469 2694 in
498 2642 787 2711 excerptis,
818 2651 981 2714 atque
1017 2643 1337 2717 Hippolytus
1379 2654 1565 2701 noster
1596 2646 1811 2701 circiter

233 2733 602 2804 quadraginta
653 2734 774 2789 loca
827 2746 1222 2792 commentatus
1265 2747 1348 2792 est
1391 2737 1445 2791 in
1497 2737 1601 2792 hoc
1627 2753 1807 2807 opere.

229 2821 460 2880 Primus
488 2825 661 2890 locus,
697 2827 788 2881 ubi
821 2830 1061 2884 occurrit
1090 2845 1287 2884 nomen
1323 2829 1616 2901 Hippolyti,
1648 2830 1810 2886 estin

234 2915 469 2972 Genesis
493 2933 612 2987 cap.
639 2935 722 2984 vx,
756 2919 844 2974 l7.
1545 2936 1549 2940 ·

304 3005 513 3062 Verum
541 3009 655 3063 haec
685 3008 1001 3082 Hippolytea
1029 3011 1349 3068 Fabriciana
1385 3023 1640 3084 excerpta
1684 3029 1813 3084 sup-

232 3101 482 3170 posititia
515 3117 634 3156 esse
659 3113 980 3157 noscuntur.
1007 3103 1084 3159 lbi
1106 3107 1250 3160 enim
1275 3107 1475 3164 nothus
1499 3107 1813 3180 Hippolytus

1914 654 1982 693 ex
2013 636 2236 709 Syriaco
2276 635 2430 692 Ebed'
2460 635 2591 690 Jesu
2640 635 2881 705 episcopi
2929 634 3188 690 Sobensis
3236 635 3485 706 catalogo

1914 729 2179 799 quosdam
2213 728 2477 782 librorum
2517 726 2704 780 titulos
2727 725 2918 780 Latine
2945 726 3121 780 reddit
3146 725 3232 781 his
3257 726 3436 782 verbis
3465 744 3482 781 :

1917 821 2144 876 Sanctus
2199 818 2515 888 Hippolytus
2562 826 2766 886 martyr
2791 825 2840 870 et
2873 817 3146 884 episcopus
3191 818 3483 885 composuit

1914 913 2110 967 librum
2151 911 2214 965 de
2257 909 2666 979 dispensatione,
2712 919 2762 962 et
2807 909 3188 977 expositionem
3239 907 3482 962 Danielis

1914 1004 2134 1058 minoris
2178 1011 2227 1055 et
2277 1001 2557 1067 Susannw,
2596 1009 2645 1054 et
2678 1001 2854 1069 capita
2901 1001 3149 1053 adversus
3190 999 3400 1062 Caium,
3431 1011 3482 1054 et

1912 1085 2226 1167 Apologiam
2255 1111 2350 1165 pro
2379 1094 2695 1165 Apocalypsi
2714 1105 2764 1149 et
2791 1093 3073 1164 Evangelia
3097 1092 3321 1148 Joannis
3354 1109 3484 1162 apo-

1913 1190 2038 1245 stoli
2068 1198 2117 1243 et
2132 1188 2494 1257 evangelista.

1983 1281 2191 1336 Arabes
2213 1279 2374 1334 etiam
2401 1279 2460 1333 S.
2494 1277 2781 1348 Hippolyto
2813 1278 3061 1332 tribuunt
3104 1277 3324 1347 triginta
3355 1287 3480 1332 octo

1912 1373 2211 1443 disciplinae
2237 1371 2616 1427 ecclesiastica:
2637 1385 2895 1432 canones,
2924 1379 2986 1424 ut
3024 1369 3275 1425 laudatus
3304 1371 3476 1424 Asse-

1913 1480 2148 1519 mannus
2174 1462 2371 1517 ibidem
2414 1469 2645 1516 testatur
2689 1461 2773 1516 his
2804 1461 3017 1516 verbis:
3050 1459 3288 1514 Canones
3329 1461 3476 1514 Ara-

1914 1561 2055 1614 bicos
2083 1555 2609 1627 duodequadraginta
2635 1553 2730 1606 sub
2759 1553 2873 1620 ejus
2895 1553 3104 1606 nomine
3130 1551 3357 1620 collegit,
3394 1561 3480 1606 to-

1911 1667 2095 1722 moque
2128 1651 2298 1719 primo
2337 1647 2609 1702 Canonum
2637 1644 2888 1698 Ecclesia:
2915 1643 3289 1699 Alexandrinus
3335 1645 3470 1698 inse-

1913 1739 2019 1791 ruit
2077 1737 2345 1791 Macarius
2399 1733 2668 1804 presbyter
2717 1749 2779 1786 ac
2828 1736 3114 1787 monachus
3165 1734 3476 1787 monasterii

1914 1825 2099 1882 Sancti
2136 1825 2388 1892 Macarii,
2417 1827 2471 1878 in
2498 1824 2674 1878 codice
2700 1823 2926 1876 Arabico
2946 1825 3141 1892 scripto
3164 1840 3302 1877 anno
3325 1822 3480 1878 Chri-

1842 1929 1883 1984 B
1910 1919 1981 1974 sti
2020 1917 2170 1972 1572.
2194 1916 2432 1972 Joannes
2457 1915 2683 1971 Michael
2703 1914 3052 1970 Wanslebius
3089 1915 3481 1971 Dominicanus

1910 2011 1967 2066 in
1992 2009 2231 2064 Historia
2279 2009 2532 2064 Ecclesiw
2561 2009 2941 2062 Alexandrina:
2971 2019 3122 2077 parte
3157 2025 3188 2063 ν
3212 2047 3228 2074 ,
3265 2024 3386 2078 cap.
3421 2010 3477 2072 5,

1909 2118 2004 2159 seu
2037 2119 2155 2173 pag.
2190 2101 2297 2158 280
2332 2110 2387 2157 et
2414 2103 2787 2171 sequentibus,
2835 2102 2934 2156 hos
2965 2100 3183 2170 triginta
3220 2110 3346 2156 octo
3384 2116 3480 2156 ca-

1909 2209 2079 2249 nones
2111 2193 2212 2248 sub
2237 2193 2456 2247 nomine
2480 2191 2728 2247 Abnlidis
2750 2190 2953 2246 Gallice
2977 2193 3168 2257 edidit,
3199 2200 3253 2245 et
3281 2191 3479 2245 ibidem

1909 2285 1964 2340 in
1997 2286 2239 2356 margine
2269 2285 2524 2339 lectorem
2562 2293 2747 2338 monet
2779 2298 2838 2339 se
2866 2299 2934 2338 ne
2980 2285 3298 2350 conjectura
3351 2281 3480 2351 qui-

1909 2377 2032 2432 dem
2053 2377 2269 2446 assequi
2303 2375 2544 2448 potuisse
2570 2375 2694 2445 quis
2735 2374 2896 2430 fuerit
2930 2374 3020 2428 ille
3057 2373 3340 2427 Abulides.
3375 2370 3481 2424 Ve-

1910 2483 2031 2523 rum
2061 2466 2229 2522 Jobus
2260 2466 2522 2522 Ludoll'us
2549 2467 2602 2520 in
2637 2465 2874 2520 Historia
2905 2464 3217 2534 IEt/tiopica
3237 2503 3252 2528 ,
3284 2479 3339 2532 p.
3373 2462 3480 2516 535

1910 2567 1965 2614 et
2003 2568 2281 2628 sequente,
2339 2559 2560 2613 eosdem
2603 2558 2659 2612 S.
2697 2557 2969 2628 Hippolyti
3011 2571 3248 2612 canones
3290 2554 3482 2610 Latine

1911 2651 2294 2720 interpretatus
2317 2662 2398 2706 est
2415 2693 2431 2717 ,
2456 2651 2638 2721 ibique
2661 2650 3036 2705 Wanslebium
3073 2650 3252 2714 docet,
3279 2647 3475 2716 Hippo-

1910 2743 2078 2814 lytum
2111 2745 2177 2796 ah
2201 2742 2550 2812 Aitbiopibus
2573 2741 2858 2797 Abulidem
2891 2741 3101 2804 vocari,
3152 2754 3216 2793 ac
3245 2738 3480 2807 denique

1910 2841 2027 2902 post
2055 2832 2327 2888 exhibitos
2350 2831 2485 2886 istos
2512 2830 2731 2898 triginta
2753 2839 2876 2886 octo
2898 2845 3138 2885 canones
3161 2829 3277 2882 haec
3307 2827 3477 2882 addit:

1917 2943 1936 2974 ι
1959 2922 2186 2993 Propter
2210 2923 2308 2979 hos
2327 2938 2562 2978 canones
2592 2921 2910 2992 Hippolytus
2925 2930 3155 2976 vocatur
3169 2920 3354 2974 doctor
3373 2917 3480 2972 Ec-

1912 3015 2092 3070 clesiae
2121 3015 2190 3070 ab
2222 3013 2612 3085 Aithiopibus;
2649 3023 2703 3068 et
2735 3023 2842 3067 tam
2875 3013 2944 3068 ab
2967 3013 3122 3081 ipsis,
3149 3027 3312 3081 quam
3346 3025 3376 3064 a
3397 3025 3482 3063 re-

1911 3106 2076 3176 liquis
2103 3104 2492 3169 Orientalibus,
2517 3106 2818 3174 appellatur
2854 3120 2989 3174 papa
3021 3103 3325 3169 Romanus,
3350 3117 3476 3156 cum

234 3192 444 3259 ubique
473 3194 774 3262 appellatur
811 3194 1100 3264 Expositor
1131 3195 1380 3268 Targum,
1413 3199 1661 3269 nuspiam
1687 3215 1813 3254 vero
1915 3207 2096 3251 tamen
2126 3197 2181 3251 in
2214 3196 2472 3266 Catalogo
2497 3197 2809 3265 pontiﬁcum
2834 3212 2940 3250 non
2972 3195 3287 3263 reperiatur.
3327 3194 3482 3247 Atta-

231 3284 531 3353 episcopus
565 3294 660 3338 ant
706 3297 941 3357 martyr;
998 3304 1122 3343 cum
1164 3297 1344 3344 tamen
1389 3290 1585 3346 ibidem
1613 3292 1808 3362 reliqui
1838 3281 1878 3336 C
1914 3305 2036 3344 men
2059 3289 2333 3343 invenitur
2364 3291 2416 3343 in
2452 3289 2758 3360 synaxariis
2787 3272 3097 3342 Graecorum
3137 3303 3242 3339 xxx
3269 3283 3479 3339 Janua-

232 3371 430 3428 Patres
470 3376 1067 3444 proprio-charactere
1117 3381 1359 3451 insigniti
1417 3392 1804 3453 compareant:

231 3465 493 3520 videlicet
534 3465 590 3520 S.
623 3469 977 3535 Athanasius,
1033 3475 1340 3542 patriarcha
1383 3475 1810 3540 Alexandrinus;

232 3555 293 3610 S.
330 3556 595 3623 Basilius,
621 3562 888 3632 episcopus
924 3563 1210 3631 Cwsarew;
1246 3566 1302 3620 S.
1329 3567 1680 3637 Epiphanius,
1703 3569 1812 3637 epi-

228 3667 426 3719 scopus
455 3649 638 3721 Cypri,
669 3663 773 3708 etc.
801 3656 1023 3711 Accedit
1046 3656 1313 3730 Hippolyti
1338 3660 1501 3728 hujus
1527 3658 1812 3731 Targumi-

229 3753 332 3798 sta:
380 3743 861 3814 interpretationes
897 3764 1087 3818 sapere
1113 3752 1434 3823 plerumque
1459 3753 1809 3808 rabbinorum

229 3836 490 3906 ineptias,
518 3837 769 3907 indignas
794 3841 952 3909 plane
979 3850 1128 3898 tanto
1158 3843 1338 3908 Patre,
1371 3854 1608 3916 quantus
1641 3845 1811 3901 fuisse

227 3929 554 3997 perhibetur
587 3929 642 3982 in
669 3931 842 3986 sacris
865 3932 1060 3989 litteris
1086 3936 1428 4004 potissimum
1457 3937 1812 4007 explanandis

227 4031 399 4072 verus
431 4016 778 4088 Hippolytus.

227 4128 378 4201 ειν.
407 4129 623 4200 Scripta
653 4129 712 4187 S.
752 4132 1330 4207 Ilippolytoattributa
1370 4137 1434 4190 ab
1467 4135 1810 4207 xEt/ziopibus

834 4215 883 4258 et
926 4205 1212 4260 (.haldwis.

302 4291 536 4347 Silentio
555 4293 789 4362 denique
811 4299 1153 4365 praeterimus
1177 4298 1582 4355 lucubrationes
1601 4299 1658 4356 S.
1677 4297 1810 4370 Hip-

227 4385 414 4454 polyto
462 4399 493 4438 a
539 4383 978 4455 Syro-Chaldaeis
1029 4389 1281 4453 tributas,
1330 4406 1468 4460 quas
1518 4390 1571 4444 in
1617 4391 1810 4444 biblio-

228 4473 378 4529 theca
401 4474 675 4531 Orientali
693 4476 1040 4534 Clementino—
1055 4479 1314 4534 Vaticana
1333 4491 1478 4537 tomo
1494 4480 1584 4546 Ill,
1606 4490 1748 4552 pani.
1769 4497 1807 4546 1,

148 4565 150 4567 ’
1180 4558 1208 4590 ὁ

1913 3379 2001 3444 rii,
2023 3379 2114 3448 qui
2147 3387 2232 3433 est
2266 3395 2298 3431 ν
2339 3378 2618 3433 Februarii
2659 3377 2798 3446 apud
2826 3375 3128 3444 Ethiopes.
3173 3394 3190 3425 ι
3211 3374 3476 3428 Cmterum

1911 3469 2105 3522 horum
2133 3483 2402 3521 canonum
2438 3468 2616 3537 capita
2645 3467 2855 3537 primus
2882 3465 3084 3520 Gallice
3123 3463 3363 3534 vulgavit
3389 3461 3478 3517 Jo.

1914 3557 2141 3612 Michael
2170 3559 2519 3613 Wanslebius
2568 3559 2622 3613 in
2655 3560 2795 3612 libro
2829 3557 2905 3611 De
2953 3556 3192 3610 Ecclesia
3242 3555 3480 3609 Alex—an-

1911 3652 2088 3716 drina,
2120 3650 2343 3705 Parisiis
2368 3650 2526 3714 1677,
2559 3651 2733 3704 iii-l2.
2784 3649 2976 3703 Latine
3015 3647 3187 3703 Jobus
3215 3646 3487 3703 Lndoll‘us

1911 3745 1964 3798 in
1997 3743 2386 3798 Commentario
2419 3743 2487 3795 ad
2516 3743 2794 3795 historiam
2810 3740 3197 3808 Ethiopicam,
3241 3738 3486 3792 Franco—

1913 3833 2040 3888 furti
2077 3834 2233 3896 1691,
2259 3833 2377 3896 1³01..
2403 3849 2528 3904 pag.
2557 3835 2682 3899 555,
2714 3845 2767 3888 et
2784 3833 3079 3889 novissime
3099 3832 3245 3888 Guil.
3281 3829 3485 3886 Wisto—

1913 3944 2015 3983 nus
2047 3928 2099 3982 in
2128 3928 2402 3982 volumine
2433 3927 2498 3980 ill
2526 3928 2728 3997 operis,
2758 3925 2902 3996 quol
2930 3925 3270 3979 Primitivum
3326 3923 3484 3976 Chri-

1909 4019 2248 4071 stianismum
2273 4027 2514 4071 renatum
2537 4015 3118 4086 inscripsitctAnglicc
3143 4014 3311 4068 edidit
3337 4011 3482 4067 Lon-

1910 4110 2023 4163 dini
2060 4110 2222 4173 ΠΗ,
2257 4109 2333 4174 8°,
2361 4125 2415 4179 p.
2442 4109 2566 4164 545.
2603 4110 2750 4163 Idem
2783 4107 2948 4162 etiam
2988 4108 3107 4161 loca
3130 4104 3483 4160 Constitutio-

1911 4217 2036 4253 num
2062 4200 2476 4270 apostolicarum
2505 4199 2780 4254 adnotavit
2809 4199 2878 4254 de
2911 4197 3101 4252 iisdem
3140 4194 3481 4264 argumentis

1911 4294 2218 4348 tractantia.
2253 4293 2537 4348 Fabricius
2564 4294 2780 4346 tandem
2804 4291 2869 4345 ad
2891 4290 3094 4345 calcem
3124 4286 3480 4358 prazl‘ationis.

1911 4399 2063 4437 num.
2093 4383 2184 4449 22,
2214 4384 2278 4437 ad
2315 4383 2561 4436 tomuml
2598 4381 2734 4451 Opp.
2770 4379 3043 4454 Hippolyti
3067 4376 3369 4450 subjunxit.
3402 4375 3484 4430 in-

1912 4476 2141 4532 serenda
2175 4476 2308 4530 alias
2329 4475 2471 4530 infra
2509 4492 2632 4548 pag.
2661 4476 2786 4530 9.6].

791 4757 972 4870 DE
1052 4759 1785 4879 DOCTRINA
1849 4713 1988 4879 's.
2078 4762 2908 4877 HIPPOLYTI.

1349 5051 1733 5145 CAPUT
1811 5055 2345 5183 PRIMUM.

1229 5211 1896 5276 OBSERVATIONES
1944 5212 2466 5276 DOGMATICZE.

766 5325 1170 5384 ARTICULUS
1216 5328 1258 5386 l.

287 5435 361 5478 ιε
399 5435 447 5476 S-
489 5433 790 5475 SCRIPTUBA
819 5436 1096 5484 LIBRISQUE
1135 5439 1414 5487 ALIQUIBUS
1447 5441 1729 5481 υευτειιο-

860 5527 1150 5569 CANONICIS.

291 5602 590 5674 Inspiratio
619 5603 804 5656 divina
835 5619 1005 5657 sacrm
1034 5603 1350 5668 Scriptum.
1382 5638 1453 5647 —
1475 5606 1801 5664 innumeros

217 5699 490 5752 habemus
517 5695 574 5749 in
604 5695 734 5748 divo
760 5693 1044 5766 Hippolyto
1067 5698 1327 5754 articulos
1351 5699 1496 5755 circa
1517 5700 1802 5770 primarias

291 5807 372 5876 (8)
413 5807 640 5864 Samuel
679 5807 946 5932 Basnage,
982 5811 1178 5885 Annal.
1212 5811 1297 5885 pol

291 5877 368 5932 illi
411 5879 656 5932 Fabric..
687 5875 823 5932 Ooo.
898 5919 910 5932 .
946 5877 1297 5932 Ιιὶηυοιγι..ι‹

287 5875 368 5951 (9)
411 5879 656 5944 Fabric.,
687 5875 823 5946 Opp.
853 5875 910 5934 S.
946 5875 1242 5951 Hippolyti,
1265 5879 1398 5940 tom.
1427 5882 1492 5947 ll,
1526 5875 1584 5950 p.
1607 5885 1798 5939 ὅλῃ,

1829 5347 1874 5402 Ῑ)
1901 5335 2162 5392 veritates
2199 5331 2482 5403 religionis
2514 5329 2861 5385 Christianae.
2922 5326 2996 5382 Ut
3033 5332 3214 5381 autem
3260 5338 3292 5379 a
3325 5336 3484 5382 sacra

1912 5427 2191 5498 Scriptura
2236 5425 2538 5487 ordiamur,
2574 5423 2626 5478 id
2655 5422 2834 5492 primo
2864 5421 2986 5475 loco
3028 5418 3328 5472 notandum
3376 5427 3482 5484 est,

1908 5529 2182 5575 vetustum
2226 5517 2372 5571 hunc
2411 5516 2729 5586 episcopum
2771 5525 3072 5581 agnoscere
3110 5509 3350 5565 divinam
3395 5523 3486 5567 sa-

1911 5628 2130 5668 crorum
2166 5611 2431 5664 librorum
2477 5605 2932 5675 inspirationem;
2976 5603 3136 5658 docet
3181 5601 3327 5657 enim
3355 5616 3490 5672 pro-

1909 5705 2124 5774 phetas,
2175 5703 2278 5758 hoc
2330 5710 2415 5757 est
2445 5711 2648 5780 sacros
2678 5694 2998 5764 scriptores,
3033 5694 3129 5767 qui
3177 5687 3488 5765 antiquitus

896 5811 1178 5886 e,__.dnna__l.
1212 5811 1536 5886 polit.eccl.,
1565 5824 1694 5886 tom.
1723 5813 1788 5886 ll.
1832 5831 1884 5886 p.
1919 5814 2042 5886 299.
