4034 6396
510 427 615 482 351

1492 426 1581 483 DE
1613 428 1777 485 VITA
1814 429 1908 485 ET
1948 428 2261 488 SCRIPTIS
2293 431 2352 489 S.
2386 430 2768 491 HIPPOLVTI.

3636 444 3748 493 5i)!

510 544 722 600 scilicet
741 542 960 610 Filium,
984 558 1226 614 passum,
1249 543 1604 612 sicutpassus
1626 555 1745 614 est;
1770 556 2080 615 mortuum,
2111 554 2151 610 Α
2183 546 2345 605 Pater
2385 548 2482 605 lib.
2532 548 2610 605 De
2652 549 3011 616 Antichristo,
3052 565 3173 619 cap.
3203 550 3261 613 ί.
3308 546 3463 604 Pauli
3508 549 3748 620 apostoli

414 634 423 643 “
508 637 939 691 sicut‘mortuus
962 644 1077 702 est;
1108 644 1164 691 et
1203 635 1527 692 suscitatum
1572 638 1727 693 tertia
1764 638 1874 706 die,
1904 650 1958 695 et
1987 655 2076 696 se-

504 725 726 781 dentem
756 725 825 780 ad
857 726 1133 780 dexteram
1165 722 1376 792 Patris,
1407 736 1805 798 venturumque
1835 729 1903 785 ad
1926 730 2077 801 judi-

506 818 740 872 candum
774 818 926 873 vivos
951 826 1005 872 et
1031 826 1293 872 mortuos.
1327 818 1502 888 Atque
1521 819 1640 874 hazc
1670 819 1924 885 dicimus,
1953 837 2074 892 qua:

504 906 815 964 didicimus.
853 926 874 961 ι
906 908 1049 974 Quid
1094 908 1424 965 luculentius
1456 910 1637 966 dicere
1666 912 1946 980 ‘potuisset
1984 915 2073 971 hic

503 1008 728 1054 sanctus
763 1000 924 1054 Pater
969 1014 1071 1070 pro
1116 1002 1409 1056 asserenda
1457 1003 1750 1059 traditione
1788 1006 2067 1074 apostolo—

502 1089 911 1146 rumiAccedit
957 1091 1080 1153 his,
1132 1092 1280 1161 quod
1327 1093 1595 1163 integrum
1643 1104 1933 1153 tractatum
1993 1098 2071 1155 De

500 1181 860 1251 apostolorum
896 1183 1181 1238 traditione
1207 1186 1467 1242 exarat-it.

569 1272 815 1328 Conatur
846 1277 1066 1345 quidem
1113 1278 1228 1333 haec
1269 1288 1587 1348 argumenta
1634 1295 1733 1349 pro
1776 1282 2070 1339 traditione

496 1379 565 1418 es
616 1364 672 1420 S.
711 1364 999 1438 Hippolyto
1043 1370 1247 1440 petita,
1292 1372 1402 1425 alio
1455 1372 1576 1427 loco
1624 1388 1691 1428 cx
1724 1385 1915 1430 sancto
1965 1376 2069 1433 hoc

496 1454 659 1514 Patre
695 1459 978 1530 desumpto
997 1502 1013 1527 ,
1050 1462 1307 1519 Albertus
1334 1464 1614 1521 Fabricius
1634 1466 1857 1524 elidere.
1890 1470 2068 1528 Locus

493 1558 675 1604 autem
705 1550 762 1605 S.
795 1550 1065 1625 Hippolyti
1090 1554 1164 1608 ita
1186 1564 1344 1611 sonat
1376 1556 1489 1625 (3|)
1516 1574 1529 1609 :
1561 1577 1580 1611 ι
1608 1557 1763 1616 Unus
1792 1561 1935 1617 Deus
1959 1573 2062 1628 est,

494 1657 659 1709 quem
693 1658 799 1696 non
835 1644 1084 1711 aliunde,
1117 1644 1346 1711 fratres,
1382 1650 1766 1719 agnoscimus,
1801 1669 1964 1723 quam
1998 1671 2066 1710 ex

493 1732 701 1788 sanctis
724 1732 1039 1804 Scripturis.
1071 1737 1541 1804 Quemadmodum
1562 1743 1707 1798 enim
1736 1744 1783 1799 si
1805 1746 1930 1814 quis
1949 1747 2065 1802 vel:

2174 641 2485 712 exemplum
2508 650 2753 705 secutus,
2784 642 2879 713 qui
2905 641 3248 697 Timotheum
3278 659 3298 693 ‹
3325 640 3397 697 ad
3435 640 3746 711 depositum

2175 731 2633 800 custodiendum,
2682 742 2847 803 atque
2891 733 2957 787 ad
3007 747 3076 787 ea
3130 731 3380 788 ﬁdelibus
3430 731 3745 788 hominibus

2174 824 2628 889 commendanda,
2662 840 2786 895 quae
2811 824 2909 880 abs
2950 839 3009 879 se
3052 840 3147 895 per
3181 824 3382 879 multas
3412 823 3744 880 exhortatio-

2173 927 2270 969 nes
2303 914 2571 981 audierat,
2608 932 2629 966 ι
2664 913 3016 979 hortabatur;
3050 914 3166 983 pari
3210 914 3424 970 ratione
3465 912 3743 985 Theophi-

2174 1002 2286 1058 lum
2314 1017 2475 1059 suum
2498 1005 2843 1059 traditionem
2870 1006 3097 1059 edocere
3125 1007 3479 1076 comperitur.

2690 1096 3089 1153 ARTICULUS
3138 1097 3225 1152 Ill.

2378 1204 2445 1243 DE
2497 1204 2759 1243 IVSTEBIO
2797 1204 3152 1244 SANCTISSIIE
3195 1205 3529 1246 TRINITATIS.

2243 1276 2431 1333 Unitas
2457 1289 2662 1334 natura:
2692 1288 2743 1333 et
2769 1279 3042 1333 distinctio
3074 1281 3456 1336 Personarum.
3480 1279 3747 1335 —Casti-

2167 1374 2447 1443 gatissime
2476 1373 2717 1443 loquitur
2749 1384 2972 1429 sanctus
3004 1372 3324 1446 Hippolytus
3367 1374 3435 1430 de
3478 1373 3746 1446 mysterio

2166 1462 2530 1518 sanctissima:
2587 1462 2898 1531 Trinitatis,
2942 1472 3235 1534 aperteque
3283 1464 3524 1520 declarat
3578 1465 3743 1520 ﬁdem

2166 1553 2310 1609 circa
2332 1555 2593 1609 unitatem
2622 1564 2830 1611 natura:
2846 1564 2899 1610 et
2924 1556 3325 1612 distinctionem
3347 1555 3740 1614 Personarum.

2168 1645 2259 1701 Sic
2286 1656 2466 1701 autem
2494 1647 2585 1702 ille
2631 1647 2709 1702 ait
2748 1648 2803 1702 in
2835 1657 3069 1703 tractatu
3103 1660 3287 1703 contra
3313 1648 3544 1704 Nectum
3577 1650 3689 1723 (32)
3722 1670 3739 1707 :

2170 1752 2192 1787 ι
2228 1734 2465 1791 Verbum
2500 1746 2618 1792 erat
2658 1738 2813 1806 apud
2845 1735 3015 1793 Deum
3037 1781 3052 1805 ,
3081 1749 3133 1793 et
3159 1737 3305 1794 Deus
3332 1750 3452 1795 erat
3474 1738 3738 1796 Verbum.

491 1824 567 1879 iet
593 1826 913 1893 sapientiam
944 1830 1107 1899 hujus
1141 1832 1324 1886 saeculi
1352 1848 1625 1899 exercere,
1649 1850 1757 1890 non
1781 1837 1938 1892 aliter
1958 1838 2063 1894 hoc
2092 1888 2130 1899 __
2163 1822 2305 1891 Ουίά
2355 1826 2519 1895 9'30?
2548 1826 2765 1881 υίοθιηθ
2817 1827 3013 1898 aliquis
3059 1828 3238 1883 dicere
3284 1827 3547 1885 503M901
3596 1832 3743 1887 θυοδ

492 1916 755 1985 consequi
799 1919 1017 1987 poterit,
1054 1921 1161 1976 nisi
1204 1922 1458 1993 dogmata
1502 1926 1953 1998 philosophorum
1983 1930 2054 1985 le-

2166 1888 2347 1972 Deos?
2379 1888 2528 1974 Duos
2573 1918 2794 1988 quidem
2835 1888 2942 1974 non
2970 1916 3146 1975 'dicam
3177 1919 3382 1992 (Deos),
3415 1922 3508 1977 sed
3540 1937 3738 1978 unum.

490 2015 622 2075 gat;
675 2007 756 2063 sic
807 2010 1121 2081 quicunque
1171 2014 1423 2072 volumus
1466 2018 1723 2087 pietatem
1780 2020 1834 2074 in
1888 2020 2058 2078 Deum

491 2111 770 2168 exercere,
796 2118 906 2156 non
931 2105 1148 2160 aliunde
1170 2108 1445 2165 discemus
1470 2125 1635 2181 quam
1666 2127 1733 2166 ex
1763 2111 2061 2183 Scripturis

491 2190 713 2246 divinis.
765 2212 784 2245 ι
822 2192 987 2251 Visus
1018 2207 1101 2253 est
1133 2198 1235 2254 sibi
1268 2199 1553 2259 Fabricius
1582 2204 1636 2259 in
1676 2206 1781 2261 hoc
1816 2206 1938 2262 loco
1976 2207 2062 2262 in—

490 2281 644 2350 signe
688 2284 755 2339 de
803 2284 1097 2357 Scriptura:
1141 2291 1459 2349 sufﬁcientia
1486 2296 1856 2352 testimonium
1881 2299 2061 2353 anim-

487 2374 787 2429 advertere.
851 2379 956 2433 Sed
1007 2382 1348 2439 traditionem
1380 2401 1413 2440 a
1440 2385 1718 2457 Scriptura
1746 2404 1855 2444 non
1881 2390 2059 2446 disso-

487 2462 597 2517 ciat
621 2462 962 2549 Hippolytus,
994 2470 1121 2524 dum
1150 2473 1401 2541 pietatem
1430 2493 1449 2526 ‹
1481 2491 1589 2531 non
1621 2477 1840 2534 aliunde
1867 2496 1888 2531 ι
1914 2493 2058 2549 repe-

486 2555 571 2618 tit,
595 2573 614 2606 r
640 2572 804 2626 quam
831 2575 896 2615 ex
933 2561 1228 2633 Scripturis
1262 2567 1483 2624 divinis.
1523 2587 1541 2622 ι
1567 2568 1687 2625 Non
1714 2572 1860 2627 enim
1894 2573 2055 2628 aliam

486 2644 731 2702 defendit
776 2663 968 2707 contra
1026 2654 1305 2713 haereticos
1354 2660 1856 2731 interpretationem
1908 2662 2058 2719 Scri-

485 2749 694 2808 pturte,
743 2759 907 2812 quam
957 2762 1079 2815 quae
1112 2746 1368 2805 Ecclesiae
1423 2753 1714 2809 traditione
1759 2755 2053 2813 nitebatur.

484 2830 823 2903 Quapropter
872 2837 1051 2891 verbis
1110 2841 1275 2896 modo
1320 2842 1499 2898 citatis
1553 2846 1718 2915 paulo
1768 2855 1893 2915 post
1940 2849 2057 2904 hate

412 2930 431 2937 ’
483 2925 638 2980 addit
671 2945 684 2979 :
736 2929 826 3000 Μὴ
862 2932 982 2983 κατ’
1027 2931 1163 2986 ἰδίαν
1207 2935 1556 3005 προαίρεσιν,
1594 2937 1729 3008 μηδὲ
1770 2939 1890 2994 κατ’
1926 2940 2056 2997 [διον

483 3014 628 3103 νοῦν,
678 3019 810 3089 μηδὲ
862 3019 1170 3092 βιαζόμενοι
1203 3024 1268 3077 τὰ
1319 3027 1425 3079 ὑπὸ
1471 3026 1562 3081 τοῦ
1599 3028 1732 3083 Θεοῦ
1774 3030 2051 3103 δεδομένα.

487 3122 508 3155 ι
547 3102 665 3159 Νοη
699 3110 994 3164 secundum
1040 3113 1316 3181 prepriam
1355 3114 1685 3172 voluntatem
1710 3158 1725 3182 ,
1757 3102 1932 3189 neque
1967 3135 2053 3176 se-

480 3196 718 3250 cundum
744 3200 1018 3268 proprium
1043 3215 1287 3268 sensum,
1308 3221 1481 3275 neque
1505 3207 1615 3261 vim
1644 3208 1936 3266 inferentes
1962 3212 2048 3277 iis,
2077 3237 2120 3295 ο

479 3302 601 3356 quae
649 3306 677 3342 a
712 3289 823 3344 Deo
854 3292 978 3345 data
1022 3303 1167 3348 sunt.
1201 3314 1220 3347 ι
1266 3296 1532 3354 Praeterea
1583 3298 2051 3369 Noetumeerito

479 3380 712 3450 ejectum
760 3397 791 3436 a
845 3384 1175 3455 presbyteris
1225 3400 1413 3444 narrat
1447 3406 1496 3445 c.
1525 3391 1577 3455 l,
1606 3391 1758 3462 quod
1795 3391 2052 3450 Ecclesiae

478 3472 869 3537 traditionem,
923 3492 1088 3545 quam
1143 3480 1192 3533 ei
1256 3481 1605 3551 objiciebant,
1641 3487 2048 3555 contempserit.

479 3561 742 3617 Dicebant
785 3564 929 3618 enim
979 3565 1149 3622 Noeto
1191 3571 1493 3642 presbyteri
1526 3574 1784 3628 Ecclesiae
1819 3590 1833 3625 :
1865 3573 2051 3627 Ταῦτα

478 3647 708 3721 λέγομεν
744 3652 781 3706 ἃ
823 3652 1119 3726 ἐμάθομεν.
1161 3675 1179 3707 ‹
1220 3656 1347 3714 Haec
1384 3660 1653 3726 dicimus,
1695 3676 1818 3731 qua:
1857 3661 2051 3717 didici-

478 3758 624 3798 mus.
667 3763 685 3796 ι
723 3743 817 3799 llis
860 3746 1016 3813 adde,
1056 3750 1170 3803 non
1220 3749 1448 3805 dubium
1482 3767 1603 3807 esse
1645 3754 1776 3824 quin
1826 3763 2050 3809 sanctus

477 3845 687 3908 martyr
713 3837 766 3892 in
803 3837 905 3894 boc
935 3841 1186 3896 adversus
1217 3842 1438 3898 hereses
1468 3859 1652 3915 opere,
1685 3845 1845 3917 cujus
1874 3858 2048 3902 mate-

474 3930 613 3984 riam
651 3946 717 3985 ex
765 3931 923 3987 libris
968 3935 1159 3989 lren:ei
1202 3944 1394 3991 mutuo
1434 3947 1774 4008 sumpserat,
1801 3940 2048 3995 traditio-

472 4037 599 4077 nem
633 4033 686 4079 et
708 4024 965 4083 Ecclesiae
993 4028 1374 4083 auctoritatem
1404 4028 1592 4085 lrenaei
1613 4033 1861 4103 exemplo
1889 4048 2046 4088 acer-

471 4114 611 4170 rime
641 4115 959 4174 defenderit.
1000 4119 1141 4177 Hinc
1183 4123 1315 4178 item
1365 4123 1585 4178 eliditur
1629 4124 1861 4180 alterum
1891 4126 2046 4197 ejus-

472 4205 595 4261 dem
623 4206 854 4263 Fabricii
890 4210 993 4265 hac
1018 4211 1135 4281 ipsa
1176 4213 1244 4268 de
1272 4229 1333 4269 re
1369 4222 1760 4281 commentum,
1805 4230 1916 4285 quo
1944 4216 2047 4271 ite.

474 4310 598 4351 rum
630 4297 737 4363 _sibi
783 4299 938 4354 finxit
982 4298 1329 4374 Hippolytum
1362 4303 1526 4357 veluti
1572 4288 1868 4375 Scriptura:
1897 4305 2047 4362 sufﬁ-

472 4388 728 4442 cientiam
760 4400 1093 4448 astruentem
1125 4394 1268 4451 infra
1304 4412 1424 4467 cap.
1458 4398 1544 4464 l7,
1572 4399 1664 4454 ubi
1693 4400 1917 4455 sanctus
1940 4397 2045 4454 Pa—

470 4486 556 4533 ter
581 4480 647 4533 ad
681 4482 1008 4537 credendum
1037 4486 1184 4539 κατὰ
1215 4488 1313 4558 τὴν
1346 4490 1645 4561 παράδοσιν
1676 4490 1785 4544 τῶν
1815 4492 2043 4545 ἀποστό-

2163 2007 2431 2067 Personas
2457 2028 2586 2066 vero
2615 2013 2789 2078 duas;
2831 2013 3194 2068 oeconomiam
3235 2014 3475 2081 tertiam,
3502 2015 3740 2084 gratiam

2160 2102 2284 2158 dico
2336 2100 2571 2173 Spiritus
2613 2104 2810 2160 sancti.
2847 2123 2867 2156 ι
2902 2103 3144 2159 Gratiam
3193 2106 3425 2175 appellat
3472 2107 3576 2162 hoc
3608 2107 3735 2162 loco

2162 2192 2423 2266 Spiritum
2469 2203 2741 2259 sanctum,
2791 2195 2919 2266 quia
2965 2197 3183 2251 divinus
3216 2198 3316 2251 iste
3367 2196 3602 2267 Spiritus
3647 2210 3737 2255 est

2159 2282 2284 2341 fons
2313 2286 2556 2340 omnium
2581 2287 2871 2352 donorum,
2896 2302 3019 2357 qua:
3055 2286 3200 2342 Deus
3226 2287 3540 2344 hominibus
3566 2290 3735 2361 largi-

2158 2385 2268 2431 tur.
2300 2396 2319 2430 ι
2346 2376 2507 2431 Pater
2537 2376 2756 2446 quidem
2788 2394 2930 2433 unus
2966 2377 3337 2447 (prosequitur
3380 2376 3439 2432 S.
3468 2376 3732 2452 Hippoly-

2157 2469 2291 2537 tus),
2317 2468 2573 2525 Personze
2595 2485 2725 2524 vero
2758 2470 2899 2536 duae,
2930 2471 3058 2540 quia
3105 2469 3310 2537 Filius;
3344 2471 3501 2526 tertia
3544 2484 3730 2528 autem

2160 2559 2400 2630 Spiritus
2453 2570 2694 2615 sanctus.
2730 2559 2890 2614 Pater
2933 2559 3177 2625 mandat,
3211 2558 3453 2614 Verbum
3480 2561 3727 2630 perﬁcit;

2156 2650 2331 2707 Filius
2374 2662 2554 2707 autem
2584 2653 2921 2719 ostenditur,
2952 2667 3047 2722 per
3081 2668 3243 2722 quem
3277 2649 3437 2705 Pater
3463 2652 3727 2708 creditur.

2154 2743 2488 2799 (Economia
2513 2743 2891 2798 consensionis
2915 2743 3178 2812 redigitur
3221 2743 3287 2797 ad
3326 2758 3493 2797 unum
3518 2741 3725 2811 Deum;

2155 2852 2301 2892 unus
2326 2837 2473 2892 enim
2505 2849 2588 2892 est
2613 2835 2777 2899 Deus,
2807 2835 2900 2905 qni
2931 2837 3170 2899 mandat,
3199 2834 3724 2906 Pater;,quiobedit,

2154 2929 2362 2996 Filius;
2391 2929 2489 2999 qui
2533 2929 2694 2983 docet
2746 2928 3028 2984 scientiam
3054 2968 3071 2991 ,
3125 2925 3361 2996 Spiritus
3414 2937 3657 2981 sanctus.
3700 2944 3723 2977 ι

2151 3022 2264 3078 Nec
2309 3036 2640 3093 quemquam
2685 3021 2888 3076 morari
2932 3019 3130 3074 debent
3181 3019 3295 3073 brec
3340 3018 3548 3073 verba:
3580 3036 3600 3070 ι
3630 3019 3730 3087 qui

2152 3114 2337 3170 obedit
2376 3112 2570 3180 Filius,
2614 3132 2633 3164 ι
2678 3114 2834 3182 quasi
2877 3111 3135 3165 lrederent
3163 3108 3459 3179 perfectam
3484 3110 3730 3163 consub-

2153 3203 2559 3260 stantialitatein
2583 3200 2761 3256 Patris
2776 3209 2831 3255 ct
2858 3199 3017 3266 Filii;
3050 3215 3197 3266 nam,
3227 3209 3287 3253 ut
3306 3198 3519 3269 egregie
3540 3199 3729 3253 anim-

2152 3295 2383 3351 advertit
2428 3292 2589 3348 Pater
2634 3292 2941 3347 Ceillierius
2995 3292 3150 3363 (33),
3224 3291 3376 3345 hisce
3464 3290 3727 3359 loquendi

2154 3387 2405 3443 formulis
2447 3386 2535 3441 usi
2583 3393 2714 3441 sunt
2745 3383 2931 3440 Patres
2978 3382 3202 3439 secundi
3238 3390 3293 3437 et
3324 3381 3471 3436 tertii
3513 3383 3726 3450 saeculi,

2150 3489 2207 3534 et
2237 3478 2460 3549 quidem
2500 3476 2618 3530 sine
2646 3474 2979 3542 offensione;
3013 3474 3117 3528 hac
3158 3472 3345 3543 phrasi
3383 3488 3519 3528 usus
3546 3481 3632 3528 est
3659 3471 3725 3528 S.

2150 3566 2388 3623 Irenaeus
2412 3568 2619 3636 absque
2647 3565 2759 3620 ullo
2795 3565 3052 3634 scrupulo
3084 3564 3226 3635 (54);
3258 3579 3323 3618 ac
3364 3565 3468 3619 etsi
3498 3565 3582 3619 hae
3608 3564 3729 3620 for-'-

2149 3658 2311 3713 mulae
2353 3657 2607 3729 loquendi
2651 3657 2968 3712 viderentur
3012 3655 3194 3709 favere
3242 3655 3458 3709 Arianae
3502 3655 3723 3721 haeresi,

2149 3749 2507 3805 nihilominus
2532 3748 2693 3803 etiam
2736 3756 2859 3818 post
2889 3740 3181 3801 concilium
3211 3744 3489 3802 Nicaenum
3522 3746 3578 3800 in
3610 3745 3725 3802 Pa-

2150 3842 2326 3898 tribus
2346 3849 2662 3903 occurrunt,
2687 3849 2745 3894 ut
2774 3840 2957 3894 videre
2983 3848 3067 3893 est
3107 3839 3164 3893 in
3198 3839 3323 3894 divo
3355 3837 3559 3893 Basilio
3578 3838 3721 3909 (35),
3796 3860 3803 3865 -

2147 3934 2275 3989 divo
2293 3932 2592 3987 Athanasio
2617 3930 2753 4002 (36),
2777 3940 2832 3985 et
2851 3929 3021 3985 Mario
3042 3928 3324 3985 Victorino
3351 3928 3486 4001 (37).
3506 3928 3723 4000 Quippe

2143 4025 2299 4096 juxta
2349 4023 2548 4096 stylum
2595 4031 2841 4077 veterum
2905 4022 3312 4092 theologorum,
3375 4022 3456 4076 hac
3512 4035 3717 4090 voces,

2153 4133 2172 4167 ι
2204 4114 2471 4184 imperare
2502 4120 2557 4166 et
2576 4110 2813 4177 obedire,
2845 4128 2863 4161 ι
2892 4109 3109 4180 quando
3134 4109 3201 4163 de
3232 4108 3489 4163 Personis
3517 4106 3720 4164 divinis

2146 4219 2330 4263 sermo
2358 4214 2463 4273 est,
2494 4220 2603 4261 non
2636 4203 2945 4273 significant
2973 4216 3136 4256 unam
3166 4201 3319 4255 alteri
3355 4201 3623 4270 imperare
3649 4216 3719 4255 eo

2144 4301 2311 4357 modo
2351 4313 2459 4369 quo
2491 4295 2747 4352 dominus
2783 4294 2989 4349 famulo
3014 4308 3115 4348 suo
3140 4292 3415 4363 praecipit;
3449 4292 3543 4347 sed
3572 4292 3718 4347 desi.

2144 4403 2317 4465 gnant
2368 4393 2712 4449 solummodo
2742 4390 3160 4446 consensionem
3195 4384 3489 4444 voluntatis
3521 4389 3575 4443 in
3610 4386 3713 4443 Pa.

2143 4495 2229 4543 tre
2256 4496 2310 4542 et
2331 4485 2503 4552 Filio;
2531 4500 2638 4540 non
2669 4498 2919 4562 secusgac
2948 4483 2994 4538 si
3016 4481 3139 4551 quis
3169 4481 3373 4535 diceret
3396 4480 3564 4549 quod,
3585 4494 3713 4535 cum

470 4570 599 4636 λων,
633 4590 652 4623 ‹
683 4576 981 4631 secundum
1016 4580 1359 4636 traditionem
1381 4583 1775 4651 apostolorum,
1806 4601 1825 4634 ι
1853 4583 2038 4640 ﬁdeles
2067 4580 2113 4635 D
2140 4577 2301 4633 Pater
2351 4577 2637 4634 statuisset
2681 4574 2943 4629 mundum
2986 4573 3219 4629 condere
3254 4588 3352 4642 per
3384 4586 3545 4627 suum
3576 4570 3714 4626 Ver-

471 4661 742 4720 bortatur.
792 4666 869 4721 lbi
924 4683 1179 4740 namque,
1211 4687 1280 4727 ne
1327 4673 1451 4743 quis
1496 4682 1647 4742 putet
1684 4674 2037 4730 traditionem

468 4768 691 4823 quoque
734 4767 926 4826 praeter
963 4756 1296 4827 Scripturam
1332 4770 1581 4817 sanctum
1613 4771 1908 4834 martyrem
1942 4763 2039 4818 ad-

468 4846 707 4912 misisse,
775 4849 1005 4904 sollicite
1061 4851 1343 4909 Fabricius
1404 4854 1520 4909 haec
1585 4855 1845 4910 adnotat:
1880 4875 1899 4908 ι
1931 4856 2041 4910 Πα-

472 4938 686 5011 ρὰδοσιν
729 4940 1119 5013 ἁποστολικήν,
1157 4943 1251 4999 sed
1304 4961 1466 5015 quam
1513 4962 1640 5001 mox
1692 4962 1760 5002 ex
1819 4948 2037 5017 scriptis

468 5032 783 5100 apostolicis
824 5034 1129 5091 clarissime
1174 5046 1430 5093 testatam
1472 5037 1604 5093 facit
1633 5037 1973 5111 Hippolytus.
2010 5059 2030 5093 ι

466 5120 743 5180 incassum
780 5125 993 5182 laborat
1024 5128 1113 5184 hic
1139 5130 1478 5186 scholiastes.
1510 5129 1789 5202 Siquidem
1813 5142 2035 5189 sanctus

533 5252 1483 5335 (3illippolyt.,ContraNoetnm,
1511 5278 1630 5335 cap.
1658 5265 1712 5319 9.

767 5323 1063 5405 Hippolyti”
1092 5328 1291 5405 Contra
1322 5323 1552 5386 Noetnm
1628 5351 1749 5405 cap.
1777 5335 1864 5388 M.

533 5392 650 5461 (33)
697 5392 1124 5468 Renii'Ccillier,
1156 5401 1302 5458 Hist.
1353 5392 1594 5473 generale
1640 5392 1730 5458 dels
1780 5414 2030 5474 auteurs,

461 5467 597 5515 tom.
629 5463 694 5524 ll,
726 5482 847 5524 nati.
879 5470 1023 5524 366..

524 5477 597 5515 tn.
632 5470 694 5526 Il,
726 5482 847 5529 pag.
879 5470 1023 5529 366..

556 5482 597 5515 1.
633 5482 694 5526 II,
726 5482 847 5538 pag.
879 5482 1023 5529 306..

556 5530 648 5612 ξιξ)
670 5533 829 5612 Iram,
863 5539 956 5612 lib.
987 5556 1054 5612 |v_
1068 5541 1202 5612 Adv.
1240 5542 1425 5612 limes.
1449 5557 1569 5612 cap.
1602 5542 1688 5598 73.

557 5602 650 5682 ἕξ)
683 5602 870 5682 βᾳείιη
900 5608 991 5662 lib.
1020 5610 1096 5664 De
1125 5610 1332 5682 Spiritu
1363 5611 1445 5677 8.,
1478 5602 1600 5682 cap.
1633 5615 1719 5669 is.

675 5672 961 5753 Athana-33.,
992 5690 1130 5753 orat.
1160 5671 1369 5753 Contra
1390 5671 1588 5753 gentes.

558 5740 649 5812 37)
678 5742 814 5799 Mar.
848 5740 1130 5812 Victorin.,
1164 5751 1259 5804 lib.
1289 5768 1305 5804 ι
1345 5740 1418 5805 υὲ
1445 5768 1620 5805 rerum
1642 5754 1921 5808 creatione.

533 5812 648 5883 (38)
682 5831 703 5865 ι
739 5815 857 5871 Una
881 5818 1025 5871 enim
1066 5820 1239 5875 virtus
1274 5835 1338 5875 ex
1378 5832 1518 5885 toto;
1551 5831 1721 5877 totum
1765 5839 1895 5878 vero
1922 5821 2025 5878 Pa-

460 5887 565 5948 ter,
593 5897 657 5938 ex
703 5899 813 5956 quo
849 5886 1021 5941 virtus
1057 5887 1315 5945 Verbum.
1354 5909 1372 5942 ›
1416 5890 1472 5946 S.
1504 5891 1798 5963 Hippolyt.,
1830 5894 2026 5949 Contra

2142 4669 2293 4736 bum,
2324 4667 2381 4723 id
2413 4683 2523 4724 non
2570 4666 2699 4722 fecit
2747 4668 2865 4722 sine
2910 4665 3188 4720 voluntate
3231 4662 3394 4718 Verbi
3439 4664 3525 4718 sui
3570 4662 3711 4735 (38),

2138 4762 2283 4833 quod
2311 4770 2394 4817 est
2419 4776 2524 4815 una
2550 4760 2848 4829 eademque
2872 4774 2996 4814 cum
3028 4774 3094 4811 eo
3121 4756 3460 4823 substantia;
3497 4754 3574 4811 uti
3592 4756 3711 4827 jam

2138 4854 2247 4909 alio
2275 4853 2397 4908 loco
2421 4851 2682 4915 diximus,
2715 4860 2769 4905 et
2798 4850 2962 4904 modo
2992 4848 3168 4904 fusius
3196 4847 3422 4918 patebit.

2212 4966 2231 4997 ι
2265 4943 2448 5011 Pater,
2487 4944 2661 5017 pergit
2704 4943 2763 4998 S.
2808 4941 3150 5014 Hippolytus,
3194 4949 3280 4997 est
3308 4956 3473 5011 super
3498 4939 3708 5007 omnia,

2136 5033 2312 5092 Filius
2341 5051 2439 5105 per
2465 5037 2672 5102 omnia,
2699 5034 2936 5105 Spiritus
2957 5040 3179 5090 sanctus
3206 5033 3271 5097 in
3290 5032 3547 5089 omnibus
3569 5030 3705 5103 (39).

2134 5128 2303 5184 Aliter
2330 5128 2499 5183 Deum
2531 5145 2701 5184 unum
2752 5128 3051 5199 intelligere
3097 5143 3207 5183 non
3252 5143 3567 5199 possumus,
3597 5127 3706 5183 nisi

2137 5265 2385 5332 Noetum,
2409 5281 2561 5319 num.
2587 5266 2673 5319 ll.

2204 5337 2318 5408 (39)
2347 5330 2378 5387 (⁷
2402 5335 2539 5390 Cum
2560 5334 2762 5408 Paulus
2791 5336 2869 5389 ait
2895 5335 2962 5390 de
2993 5333 3322 5408 Deo,Ephes.
3345 5348 3418 5397 iv,
3439 5330 3519 5408 ϐε
3549 5351 3568 5384 ι
3598 5331 3705 5399 Qui

2138 5425 2159 5459 ς
2194 5403 2468 5476 εειίδιιρρτ
2493 5405 2698 5470 omnia,
2729 5416 2782 5459 et
2820 5422 2914 5473 per
2942 5405 3145 5468 omnia,
3172 5403 3231 5460 et
3267 5403 3643 5476 iniomnibus;
3677 5421 3699 5455 ›

2132 5488 2241 5531 tres
2284 5473 2556 5531 Personas
2603 5476 2883 5545 designat,
2918 5483 2973 5529 et
3016 5475 3277 5529 unitatem
3325 5474 3419 5528 Dei
3460 5474 3517 5545 in
3546 5473 3701 5527 illis:

2129 5546 2259 5615 quia
2309 5546 2471 5601 unius
2523 5544 2877 5614 ejusdemque
2921 5546 3139 5600 virtutis
3183 5560 3248 5599 ac
3292 5544 3547 5615 potentiae
3595 5552 3701 5610 est,

2129 5613 2251 5671 esse
2274 5630 2437 5684 super
2465 5613 2645 5670 omnia
2666 5656 2681 5680 ,
2709 5625 2764 5669 et
2792 5613 2886 5683 per
2912 5616 3117 5679 omnia,
3145 5624 3201 5670 et
3240 5613 3579 5684 inrom_nibns
3597 5629 3612 5680 ;
3630 5622 3705 5684 get

2130 5681 2426 5763 secundum
2446 5681 3117 5763 “ordinemponfessionis
3132 5695 3348 5763 sancta:
3386 5681 3701 5763 Trinitatis,

2128 5755 2366 5823 Primum
2392 5755 2583 5810 tribuit
2603 5754 2774 5820 Patri,
2807 5755 3104 5811 secundum
3132 5753 3293 5818 Filio,
3325 5752 3545 5807 tertium
3576 5749 3705 5821 Spi-

2128 5823 2256 5895 ritui
2286 5833 2509 5895 sancto;
2535 5823 2767 5895 quiaest
2805 5825 2960 5879 tertia
3002 5824 3247 5895 Persona
3281 5823 3578 5895 secundum
3603 5834 3703 5876 or-

2128 5894 2308 5950 dinem
2350 5892 2735 5963 cotifessionis,
2767 5903 2827 5951 ut
2856 5894 3063 5971 antiqui
3109 5893 3342 5963 theologi
3372 5893 3699 5964 loquuntur,
