4034 6384
248 287 357 312 2.?!

248 305 360 344 ῦῦἔ)

1241 298 1327 352 DE
1371 299 1529 356 VlTA
1567 303 1656 358 ET
1696 305 2011 362 SCRIPTIS
2047 311 2103 364 S.
2147 311 2533 372 lllPPOLYTl.

3390 341 3496 395 554

236 421 368 461 vere
394 403 564 472 Patri,
583 416 639 460 et
660 406 821 476 Filio,
841 418 895 465 et
918 409 1140 482 Spiritui
1166 423 1356 470 sancto
1380 418 1665 475 credamus
1683 421 1817 492 (40).
1849 431 1894 484 Α
1925 432 2048 480 ctus
2075 427 2275 484 dicitur
2305 435 2496 490 tertius
2531 439 2732 506 gradus
2752 481 2766 506 ,
2803 442 2910 498 dici
2937 446 3100 501 etiam
3133 458 3313 518 potest
3344 459 3502 510 tertia

233 499 461 555 Etenim
491 497 664 555 Judaei
694 499 911 557 Patrem
943 505 1400 575 gloriﬁcaverunt,
1436 511 1530 564 sed
1562 527 1670 566 non
1704 528 1824 584 cge-

233 598 376 644 runt
424 591 668 660 gratias;
721 594 989 663 siquidem
1051 612 1156 651 non
1205 611 1545 668 agnoverunt
1596 601 1816 658 Filium.

231 681 508 752 Discipuli
561 695 905 752 agnoverunt
941 686 1172 755 Filium,
1219 691 1314 744 sed
1361 707 1470 745 non
1509 693 1564 746 in
1612 692 1818 763 Spiritu

231 783 466 840 sancto;
518 775 725 829 idcirco
767 786 1121 847 negaverunt.
1155 778 1346 837 Sciens
1380 782 1544 852 igitur
1575 783 1816 842 Verbum

229 861 414 919 Patris
464 868 827 921 (economiam
859 878 914 923 et
937 870 1269 925 voluntatem
1303 871 1499 940 Patris,
1533 877 1676 945 quod
1706 891 1816 932 non

227 955 349 1008 vult
377 954 539 1008 aliter
569 955 730 1010 Pater
765 958 1080 1028 gloriﬁcari,
1123 962 1226 1016 nisi
1262 962 1370 1029 sic;
1406 979 1530 1018 cum
1565 982 1813 1022 resurre-

228 1045 331 1110 xit,
368 1046 596 1102 tradidit
629 1048 734 1103 hoc
767 1050 1052 1120 discipulis
1089 1068 1102 1103 :
1155 1071 1172 1103 α
1211 1052 1436 1121 Euntes,
1473 1057 1676 1128 inquit,
1716 1060 1814 1114 do-

230 1155 254 1188 c
296 1147 419 1191 cete
453 1153 646 1193 omnes
692 1150 911 1210 gentes,
960 1143 1297 1213 baptizantcs
1341 1162 1436 1201 eos
1489 1149 1543 1201 in
1592 1151 1813 1206 nomine

229 1247 253 1282 ι
291 1229 500 1297 Patris,
534 1239 588 1286 et
618 1231 773 1298 Filii,
814 1243 868 1288 et
907 1233 1140 1305 Spiritus
1175 1239 1368 1292 sancti.
1412 1259 1430 1290 ι
1468 1239 1665 1296 Docuit
1697 1242 1806 1307 hic,

222 1321 372 1390 quod
421 1322 738 1392 quicunque
791 1340 960 1379 unum
1009 1327 1140 1396 quid
1190 1327 1386 1382 horum
1443 1331 1727 1397 omiserit,
1761 1333 1809 1388 is

222 1413 470 1481 perfecte
521 1413 693 1468 Deum
747 1432 854 1470 non
913 1418 1255 1487 gloriﬁcavit.
1308 1420 1410 1476 Per
1464 1423 1604 1478 hanc
1660 1426 1806 1480 enim

221 1500 576 1570 Trinitatem,
595 1504 682 1558 διὰ
705 1506 806 1575 τῆς
823 1507 1069 1578 Τριάδος,
1092 1509 1248 1565 Pater
1275 1513 1622 1582 gloriﬁcatur.
1649 1513 1806 1571 Pater

219 1595 370 1648 enim
403 1597 600 1658 voluit,
633 1595 806 1654 Filius
847 1599 1006 1666 fecit,
1041 1600 1276 1670 Spiritus
1318 1613 1540 1660 sanctus
1579 1608 1806 1663 manife-

217 1695 368 1740 stum
400 1684 550 1741 fecit.
576 1684 811 1742 Necesse
832 1704 962 1759 ergo
991 1700 1094 1757 est,
1127 1693 1202 1745 ait
1235 1691 1454 1749 sanctus
1483 1696 1571 1751 hic
1591 1699 1801 1766 episco-

1922 518 2209 588 dispositio
2230 563 2245 586 ,
2289 526 2402 580 sive
2448 533 2772 589 oeconomia.
2812 534 2992 594 Minus
3020 554 3276 600 accurate
3309 547 3363 602 in
3395 548 3502 605 La-

1923 610 2034 664 tina
2081 611 2528 684 interpretatione
2569 622 2872 680 incarnatio
2906 648 2924 680 ‹
2973 637 3294 692 oeconomia:
3345 657 3365 690 ι
3400 657 3500 695 ηυ-

1919 703 2066 757 mine
2090 705 2430 776 designatur,
2466 713 2521 766 in
2555 713 2641 769 his
2675 718 2876 784 verbis,
2901 735 3025 791 quae
3053 724 3308 795 leguntur
3331 747 3380 787 c.
3414 734 3448 788 5
3477 751 3491 786 :

1919 794 2015 858 Τίς
2047 796 2156 867 γὰρ
2184 798 2284 852 οὐκ
2321 802 2438 872 ἐρεῖ
2469 803 2563 857 ἕνα.
2601 807 2732 862 Θεὸν
2760 807 2930 878 εἷναι;
2969 815 3083 869 ἀλλ’
3111 794 3174 871 εὐ
3207 822 3308 892 τὴν
3347 826 3493 880 οἰκο-

1917 888 2109 958 νομίαν
2141 891 2446 964 ἀναιρήσει.
2483 916 2501 948 ε
2530 897 2664 964 Quis
2692 902 2838 958 enim
2865 921 2974 961 non
3003 910 3145 965 dicet
3172 929 3339 969 unum
3371 932 3495 974 esse

1917 974 2127 1033 Deum?
2155 997 2261 1035 non
2295 993 2473 1040 tamen
2508 992 2767 1046 continuo
2797 1000 3158 1055 mconomiam
3188 1002 3262 1073 (id
3304 1016 3386 1061 est
3410 1009 3493 1061 in-

1915 1072 2310 1144 carnationem)
2365 1079 2601 1147 negabit.
2643 1100 2662 1133 ›
2697 1082 2816 1140 Non
2877 1072 3335 1160 incarnationem,
3390 1099 3488 1154 sed

1915 1175 2203 1217 numerum
2232 1175 2286 1220 ct
2314 1167 2726 1238 dispositionem
2771 1177 3051 1238 Trinitatis
3086 1187 3397 1244 considerat
3425 1191 3483 1246 S.

1913 1251 2234 1328 Hippolytus
2263 1261 2369 1316 hoc
2395 1263 2450 1315 in
2480 1264 2622 1332 loco,
2653 1277 2707 1322 et
2737 1271 2988 1338 pluribus
3017 1274 3071 1330 in
3105 1275 3248 1334 aliis.

2433 1423 2830 1485 ARTlCULUS
2869 1430 2958 1489 IV.

1999 1568 2065 1605 DE
2104 1570 2420 1614 DlVlNlTATE
2457 1578 2585 1618 FlLll
2625 1581 2694 1619 ET
2745 1583 3379 1633 CONSUBSTANTIALITATE

2595 1652 2772 1694 VERBI.

215 1793 325 1847 pus
372 1778 521 1847 (ﬂ),
555 1786 647 1846 ut,
689 1757 960 1849 quamvis.
985 1783 1148 1850 nolit,
1186 1785 1510 1841 conﬁtemur
1553 1757 1797 1860 (Νὸθωε)
1832 1770 1873 1823 Β
1944 1757 2426 1860 ‘DittinitasAFilii.
2450 1797 2520 1808 --
2550 1769 2675 1827 Pari
2711 1777 3030 1844 praecisione
3065 1781 3310 1851 loquitur
3349 1801 3477 1842 san-

217 1866 445 1924 Patrem
488 1868 661 1924 Deum
708 1873 1161 1942 omnipotentem,
1206 1885 1260 1931 et
1292 1877 1568 1934 Christum
1609 1880 1796 1938 Jesum

214 1961 419 2016 Filium
468 1961 598 2026 Dei,
655 1961 829 2017 Deum
880 1963 1085 2020 factum
1141 1967 1438 2034 hominem,
1479 1972 1564 2025 cui
1615 1975 1796 2030 omnia

214 2053 383 2110 Pater
416 2055 641 2125 subjicit
674 2065 871 2126 praeter
901 2073 993 2124 se,
1031 2067 1085 2112 et
1129 2057 1390 2126 Spiritum
1438 2074 1707 2132 sanctum,
1741 2077 1797 2123 et

213 2145 315 2201 bos
361 2163 492 2202 vere
538 2163 661 2202 esse
701 2158 830 2204 tres.
864 2149 1017 2215 Quod
1066 2151 1111 2205 si
1167 2153 1280 2205 vult
1331 2154 1473 2210 scire
1519 2159 1795 2226 quomodo

215 2252 362 2293 unus
394 2237 542 2293 Deus
575 2240 996 2308 demonstretur,
1033 2243 1167 2298 sciat
1201 2259 1362 2298 unam
1392 2261 1512 2301 esse
1538 2249 1791 2306 virtutem

214 2329 326 2383 sive
371 2332 674 2400 potentiam
721 2332 906 2402 hujus.
946 2352 966 2385 ι

288 2416 444 2472 Sane
479 2435 639 2474 nemo
663 2422 1228 2490 possetnostrishisce
1257 2429 1592 2497 temporibus
1619 2432 1790 2502 magis

207 2519 471 2564 accurate
501 2511 650 2580 loqui
686 2511 754 2566 de
785 2513 1046 2583 mysterio
1077 2517 1438 2574 sanctissima:
1482 2519 1785 2588 Trinitatis,

206 2616 375 2669 quam
399 2602 733 2671 loquebatur
763 2604 820 2658 S.
842 2603 1181 2678 Hippolytus,
1215 2611 1497 2679 quitertio
1530 2613 1788 2673 Ecclesia:

203 2694 408 2751 sarculo
427 2693 630 2749 ﬂoruit.
661 2693 953 2765 Perspicue
976 2714 1162 2754 revera
1178 2702 1453 2759 adorabile
1468 2706 1570 2761 hoc
1587 2717 1788 2780 myste-

203 2787 346 2841 rium
365 2797 754 2857 pertractatnr,
772 2804 894 2843 cum
912 2789 1110 2846 dicitur
1124 2791 1338 2848 Patrem
1357 2810 1476 2851 esse
1494 2795 1683 2867 Deum,
1703 2800 1787 2857 Fi-

204 2882 336 2936 lium
357 2898 482 2939 esse
499 2882 692 2952 Deum,
714 2883 1232 2955 Spiritumsanctum
1251 2905 1373 2946 esse
1391 2890 1560 2948 Deum
1581 2913 1595 2960 ;
1623 2905 1676 2950 et
1693 2899 1781 2951 ni-

205 2970 510 3030 hilominus
527 2991 696 3030 unum
716 2977 892 3032 solum
909 2993 1028 3035 esse
1046 2978 1237 3044 Deum,
1256 2985 1382 3052 qufa
1399 2993 1509 3041 tres
1525 2987 1642 3042 istae
1658 2987 1782 3043 Per-

201 3077 376 3134 sonae,
391 3067 498 3124 etsi
513 3083 638 3123 vere
653 3069 722 3123 ab
739 3070 966 3125 invicem
991 3070 1276 3139 distinctae,
1298 3082 1426 3129 sunt
1443 3093 1548 3131 una
1564 3065 1781 3134 eadém-

1906 1855 2026 1905 ctus
2049 1851 2153 1906 iste
2177 1855 2468 1926 episcopus
2499 1875 2562 1914 ac
2588 1873 2790 1934 martyr
2821 1866 2887 1920 de
2922 1869 3208 1925 divinitate
3241 1888 3306 1929 ac
3346 1891 3478 1930 con-

1904 1941 2366 2030 substantialitate
2414 1947 2578 2005 Verbi
2636 1954 2691 2008 in
2739 1957 3094 2030 particulari;
3147 1971 3201 2016 et
3251 1979 3316 2018 ex
3381 1967 3476 2020 illo

1902 2021 2185 2091 innumera
2212 2051 2480 2097 eruuntur
2511 2045 2820 2103 testimonia
2843 2090 2859 2115 ,
2895 2067 3017 2121 quae
3046 2052 3374 2110 Arianorum
3411 2074 3476 2112 ac

1903 2124 2320 2186 Socinianorum
2345 2149 2408 2189 os
2448 2136 2736 2193 obstruere
2761 2142 2962 2198 valent.
3002 2142 3152 2200 Habe
3182 2149 3345 2203 modo
3375 2165 3476 2203 no-

1900 2219 2168 2275 tabiliora.
2188 2220 2246 2276 ln
2279 2225 2419 2280 libro
2446 2240 2627 2283 contra
2651 2229 2882 2286 Nectum
2910 2234 3110 2292 Christi
3136 2237 3470 2296 divinitatem

1897 2308 2097 2398 diserte
2129 2313 2437 2380 proﬁtetur,
2472 2318 2600 2372 dum
2637 2321 2707 2375 ad
2743 2322 2876 2378 illud
2920 2324 3166 2394 Apostoli
3202 2327 3362 2384 Rom.
3392 2346 3470 2398 ιχ,

1897 2394 1994 2450 15:
2025 2417 2043 2450 ι
2068 2397 2314 2466 Quorum
2343 2415 2549 2475 patres,
2573 2423 2639 2463 ea
2669 2412 2870 2480 quibus
2895 2412 3146 2472 Christus
3171 2394 3468 2476 secundum

1895 2503 2137 2554 carnem,
2165 2511 2184 2544 ι
2213 2503 2318 2551 etc.
2339 2538 2354 2563 ,
2392 2497 2465 2552 ita
2500 2501 2775 2571 eloquitur
2798 2505 2944 2578 (44):
2986 2527 3003 2559 ί
3033 2507 3266 2567 Pulchre
3303 2529 3468 2569 enar-

1894 2589 1996 2648 rat,
2028 2591 2083 2638 et
2114 2584 2348 2643 dilucide
2387 2593 2706 2661 mysterium
2749 2598 3016 2656 veritatis.
3093 2601 3212 2667 llic,
3252 2607 3346 2676 qui
3387 2618 3470 2663 est

1891 2686 2056 2741 super
2101 2679 2320 2740 omnia,
2370 2679 2516 2738 Deus
2563 2693 2644 2739 est
2687 2686 2788 2756 (sic
2831 2690 2976 2744 enim
3044 2696 3206 2750 audet
3243 2697 3465 2753 dicere:

1887 2762 2106 2833 (Omnia
2135 2769 2264 2824 milii
2309 2773 2506 2827 tradita
2539 2787 2660 2830 sunt
2701 2797 2733 2831 ιι
2773 2778 2993 2853 Patre).
3035 2783 3139 2851 Qui
3186 2797 3270 2842 cst
3303 2805 3468 2860 super

1887 2857 2070 2913 omnia
2087 2859 2229 2916 Deus
2245 2862 2581 2932 benedictus,
2605 2871 2818 2940 genitus
2839 2883 2951 2942 est;
2979 2885 3033 2931 et
3054 2876 3240 2936 liactus
3273 2857 3463 2949 homo,

1886 2947 2029 3006 Deus
2055 2962 2137 3008 est
2155 2955 2206 3007 in
2230 2958 2448 3012 smcula.
2472 2979 2490 3011 ι
2515 2961 2671 3034 (Sic.)
2686 2963 2750 3018 Et
2766 2982 2958 3024 rursus
2977 2957 3139 3039 paulo
3157 2972 3296 3029 infra
3312 2947 3460 3048 (45)

1891 3059 1910 3092 ί
1934 3040 2166 3101 Necesse
2181 3063 2310 3118 ergo
2324 3059 2425 3118 est,
2447 3061 2503 3106 ut
2517 3057 2768 3123 quamvis
2783 3060 2935 3124 nolit,
2955 3064 3092 3119 conti
3102 3074 3276 3121 teatur
3289 3067 3460 3127 Deum

205 3175 307 3229 que
329 3126 528 3225 virtus,
553 3162 668 3216 sive
686 3163 948 3231 potentia,
969 3164 1199 3236 ideoque
1216 3183 1358 3223 unus
1375 3177 1428 3222 et
1444 3170 1584 3224 idem
1614 3171 1778 3228 Deus.
1808 3126 1849 3180 C
1882 3145 2347 3236 Emn'mfememt
2409 3151 2475 3236 et,
2507 3144 2788 3203 Chrisu'm
2838 3149 3024 3207 Jesum
3083 3154 3178 3210 Βθί
3215 3157 3412 3214 Filium
3438 3199 3458 3227 ’

204 3248 316 3306 Hoc
346 3267 463 3306 uno
509 3250 566 3306 S.
613 3251 884 3325 Hippolyti
921 3255 1289 3324 pulcherrimo
1317 3260 1628 3316 testimonio
1666 3274 1778 3317 tum

201 3347 332 3413 Arii,
353 3357 469 3401 tum
491 3350 710 3404 Sabellii
729 3352 978 3421 impietas
996 3353 1330 3426 proﬁigatur.
1351 3357 1484 3415 Tres
1499 3369 1626 3415 sunt
1643 3363 1780 3416 divi-

199 3454 278 3493 na:
292 3438 572 3506 Personae,
591 3442 684 3496 sed
705 3459 847 3499 unus
863 3443 1007 3502 Deus
1023 3456 1152 3502 sunt
1177 3466 1188 3500 :
1214 3464 1279 3503 en
1302 3457 1473 3505 totum
1495 3455 1780 3509 sanctissi-

197 3547 298 3588 ma:
313 3532 604 3590 Trinitatis
625 3538 962 3606 mysterium.
978 3536 1210 3596 Notante
1229 3541 1450 3611 insuper
1465 3545 1534 3598 cl.
1554 3543 1776 3602 Marano

197 3622 307 3693 (42)
354 3625 524 3694 paulo
565 3635 713 3692 ante,
763 3643 882 3697 cap.
914 3630 1173 3686 nimirum
1214 3633 1283 3698 8,
1314 3645 1537 3690 sanctus
1570 3636 1776 3708 Hippo-

195 3715 336 3788 lytus
365 3719 584 3774 dixerat
619 3736 786 3774 unum
815 3721 984 3776 Deum
1015 3738 1138 3778 esse
1163 3727 1461 3782 secundum
1494 3729 1771 3798 virtutem,

194 3813 306 3866 sive
349 3812 656 3867 secundum
699 3814 992 3868 essentiam
1037 3815 1298 3882 divinam,
1329 3834 1450 3887 quae
1483 3836 1588 3876 una
1615 3837 1775 3890 pror-

192 3918 285 3958 sus
315 3912 402 3958 est
445 3904 502 3958 in
543 3905 719 3959 tribus
759 3903 1054 3973 Personis;
1085 3909 1382 3964 secundum
1409 3920 1590 3966 autem
1625 3928 1773 3968 ueco-

191 3996 433 4049 nomiam
477 4003 592 4052 tres
639 3995 909 4053 Personas
957 4001 1164 4054 ostendi
1197 4003 1485 4073 :intelligit
1531 4021 1682 4076 ergo,
1711 4019 1771 4062 ut

191 4085 564 4143 Tertullianus
597 4087 708 4158 (45)
729 4132 745 4157 ,
783 4092 1104 4148 oeconomiae
1142 4094 1394 4158 nomine,
1429 4113 1447 4146 ι
1481 4111 1764 4152 numerum

187 4190 239 4232 et
267 4179 691 4248 dispositionem
729 4179 1027 4238 Trinitatis.
1075 4202 1096 4237 ι
1140 4183 1255 4240 Ηοε
1278 4197 1459 4240 autem
1486 4188 1606 4244 loco
1643 4205 1766 4259 gra-

187 4269 316 4322 tiam
345 4268 588 4339 Spiritus
616 4271 791 4326 sancti
811 4273 1079 4343 appellati
1103 4275 1311 4329 tertiam
1338 4278 1760 4346 meonomiamp

184 4362 276 4416 sed
331 4363 527 4418 eodem
579 4378 742 4421 sensu
794 4381 859 4420 ac
907 4363 1307 4433 Tertullianus,
1354 4368 1449 4439 qui
1501 4368 1762 4440 Spiritum

1882 3223 2051 3280 Deum
2101 3229 2303 3286 factum
2333 3232 2677 3293 hominem...
2722 3249 2776 3295 et
2817 3240 3073 3311 Spiritum
3096 3259 3372 3316 sanctum;
3403 3223 3460 3310 et

1882 3317 1983 3371 hos
2015 3334 2136 3375 esse
2168 3337 2297 3379 vere
2325 3333 2456 3391 tres,
2505 3329 2600 3382 καὶ
2632 3331 2853 3397 τούτους
2889 3331 3029 3390 εἶναι
3059 3338 3230 3404 οὕτως
3256 3343 3401 3414 τρία.
3428 3363 3449 3398 a

1949 3436 2253 3493 Cowternus
2287 3439 2440 3497 Patri
2463 3455 2541 3498 est
2564 3445 3267 3512 Filius.—Generationem
3294 3467 3454 3514 aeter—

1877 3544 2002 3584 nam
2025 3540 2080 3586 et
2097 3535 2714 3596 consubstantialitatem
2739 3541 2861 3596 Filii
2884 3560 3008 3600 cum
3031 3545 3192 3605 Patre
3217 3565 3455 3621 sequen-

1876 3623 1951 3678 tia
1982 3626 2276 3682 ostendunt
2324 3633 2496 3686 sancti
2539 3631 2813 3706 Hippolyti
2850 3638 3012 3694 verba
3041 3638 3152 3711 (46)
3185 3661 3197 3696 :
3229 3663 3248 3695 ι
3280 3643 3453 3710 Deus,

1875 3715 2026 3771 solus
2068 3734 2192 3774 cum
2248 3733 2396 3777 esset
2440 3723 2598 3793 (ante
2645 3729 3014 3802 creationem)
3052 3734 3300 3804 nihilque
3343 3737 3451 3793 sibi

1872 3821 2113 3864 coaevum
2143 3811 2386 3881 haberet,
2416 3817 2592 3872 voluit
2622 3820 2888 3875 mundum
2921 3821 3154 3892 eﬁicere,
3193 3842 3259 3882 ac
3280 3843 3449 3884 mun-

1870 3900 2000 3956 dum
2032 3904 2278 3974 cogitans
2318 3921 2384 3962 ac
2428 3909 2639 3978 volens,
2679 3921 2734 3967 et
2781 3913 2970 3970 dicens
3005 3916 3218 3985 eﬁecit;
3269 3922 3449 3975 contio

1870 4008 2090 4065 nuoque
2145 3999 2354 4053 exstitit
2392 4001 2443 4055 ei
2496 4000 2704 4070 factus,
2755 4005 2898 4060 sicut
2951 4008 3163 4076 voluit,
3204 4020 3260 4065 et
3300 4011 3444 4068 sicut

1869 4087 2059 4152 voluit,
2087 4090 2336 4158 perfecit.
2365 4091 2511 4150 Satis
2551 4096 2718 4166 igitur
2751 4098 2912 4153 nobis
2950 4109 3036 4156 est
3068 4103 3211 4157 seire
3236 4103 3439 4172 solum,

1868 4180 2002 4234 nihil
2035 4198 2160 4237 esse
2188 4182 2302 4239 Deo
2336 4200 2602 4242 coaevum.
2643 4186 2790 4243 Nihil
2829 4200 2949 4246 erat
2991 4204 3184 4261 praeter
3219 4194 3437 4264 ipsum;

1866 4271 1983 4341 ipse
2007 4274 2179 4338 solus,
2214 4276 2418 4332 multus
2438 4278 2707 4336 erat.Nec
2736 4283 2884 4337 enim
2913 4293 3032 4338 erat
3060 4284 3187 4360 sine,
3203 4287 3437 4354 ratione,

1865 4364 1984 4419 sine
2017 4366 2306 4434 sapientia,
2339 4369 2460 4424 sine
2484 4371 2747 4439 potentia,
2787 4374 2908 4429 sine
2939 4376 3192 4432 consilio.
3239 4376 3432 4434 Omnia

184 4463 440 4508 sanctum
474 4457 708 4525 appellat
739 4476 760 4508 ι
791 4459 1008 4513 tertium
1037 4460 1287 4531 gradum,
1320 4480 1340 4513 ι
1369 4459 1504 4516 Nam
1535 4464 1756 4534 gradus,
1791 4475 1838 4534 ι)
1863 4466 2020 4514 erant
2050 4457 2104 4511 in
2155 4474 2255 4514 eo:
2307 4461 2422 4530 ipse
2475 4473 2593 4519 erat
2629 4467 2835 4521 omnia.
2866 4465 3097 4534 Quando
3143 4471 3349 4535 voluit,
3381 4481 3436 4528 et

183 4543 401 4609 forma,
451 4546 701 4616 species,
745 4549 1029 4618 dispositio
1071 4552 1206 4610 sive"
1230 4554 1564 4622 meonomia,
1613 4554 1756 4610 idem

180 4645 384 4690 sonant
420 4638 565 4708 apud
611 4637 1027 4697 Tertullianum.
1061 4643 1242 4710 Quare
1289 4646 1336 4699 si
1370 4643 1605 4716 Spiritus
1631 4664 1758 4706 san-

177 4823 229 4886 _et
274 4830 379 4869 nos
429 4814 579 4886 loqui
624 4817 942 4872 docuerunt.
985 4838 1003 4870 ι
1033 4819 1122 4873 Fr.
1161 4818 1463 4876 Turriauus
1507 4823 1561 4876 in
1609 4823 1755 4877 hunc

173 4883 514 5027 ,έῗὶΈΝεη
537 4965 734 5027 potest,
759 4965 983 5013 notante
1010 4959 1076 5014 cl.
1119 4958 1336 5016 Murano
1361 4961 1452 5015 lib.
1480 4979 1532 5016 tv
1563 4962 1636 5019 De
1668 4965 1752 5018 di-

175 5023 398 5080 vinitate
443 5025 500 5081 J.
538 5023 637 5094 C.,
690 5043 810 5101 pag.
854 5029 997 5101 458,Δ
1028 5031 1336 5085 accuratius
1359 5033 1554 5101 dogma
1590 5032 1749 5088 Citri-

177 5068 396 5080 ...........
443 5068 500 5081 -.
541 5068 600 5082 ν.
725 5068 751 5081 ι.
796 5068 810 5081 .
854 5068 959 5082 τυν
1028 5068 1336 5085 μην-..ηπ
1359 5068 1554 5086 ww“...
1591 5068 1749 5088 νηη-

175 5099 486 5152 slianorum
513 5068 731 5167 exponi.
758 5068 878 5151 {Ven
921 5069 1096 5153 sdlum
1124 5102 1264 5154 enim
1304 5075 1590 5156 numerum
1618 5102 1750 5158 Per-

177 5179 442 5220 sonarum
490 5169 622 5239 nihil
664 5168 731 5223 de
770 5167 878 5231 Dei,
906 5169 1280 5239 singularitate
1305 5172 1590 5226 detrahere
1617 5188 1749 5228 con-

174 5239 377 5308 tendit;
408 5237 504 5292 sed
530 5241 694 5292 etiam
720 5241 893 5308 ipsam
920 5237 1017 5292 Dei
1040 5242 1468 5308 singularitatem
1496 5242 1613 5296 sine
1643 5244 1746 5298 hoc

169 5302 540 5427 (Personarum
573 5302 804 5363 numero
830 5325 931 5365 nec
964 5302 1282 5377 consistere,
1310 5328 1412 5368 nec
1453 5313 1554 5368 coli
1585 5328 1745 5383 posse

204 5387 347 5427 ocet.

384 5445 658 5518 Hippolyt.
687 5447 790 5502 loc.
823 5451 938 5513 cit.,
968 5467 1118 5504 num.
1152 5451 1205 5506 8.

233 5517 358 5638 (ὶόΞέΙ
387 5517 648 5574 Prudent.
677 5517 909 5584 Maran.,
936 5520 1013 5573 De
1041 5523 1318 5577 divinitate
1343 5521 1396 5575 Ι.
1423 5522 1506 5592 C.,
1538 5523 1629 5580 lib.
1656 5540 1733 5590 Iv,

285 5589 319 5638 5
363 5628 376 5638 .

161 5586 624 5730 p.fl‘ertu‘ll.
657 5657 1088 5730 advnPraxeam,
1111 5677 1231 5730 cap.
1257 5663 1309 5717 '5.

233 5727 351 5799 (44)
387 5727 508 5785 Lib.
535 5728 740 5785 Cuntra
767 5727 950 5799 Noet.,
977 5748 1128 5786 num.
1153 5727 1204 5784 6⁷.

1865 4551 2141 4619 quomodo
2165 4553 2356 4618 voluit,
2380 4555 2870 4614 ostenditVerbum
2903 4577 3062 4617 suum
3096 4565 3435 4634 temporibus

1862 4642 2001 4710 apud
2035 4657 2162 4696 eum
2201 4643 2474 4712 deﬁnitis;
2509 4662 2608 4716 per
2651 4651 2797 4720 quod
2833 4653 3016 4708 omnia
3057 4651 3185 4711 fecit
3221 4657 3431 4727 (t7)....

1932 4821 2044 4890 (45)
2081 4821 2226 4883 ldem
2263 4824 2420 4888 ibid.,
2455 4841 2608 4880 nttm.
2636 4827 2691 4883 8.

1930 4893 2044 4965 (liti)
2082 4891 2144 4965 _S_.
2179 4892 2477 4965 Hippolyt.,
2503 4897 2605 4952 loc.
2635 4899 2754 4965 cit.,
2784 4915 2936 4955 num.
2967 4901 3056 4958 10.

1929 4963 2041 5046 (άῖ)
2081 4961 2207 5018 Haec
2226 4961 2584 5035 e’t’sequentia
2617 4961 2815 5023 mirum
2837 4973 2895 5046 _in
2924 4975 3143 5046 modum
3172 4977 3430 5046 explanat

1858 5033 2021 5103 simul
2053 5042 2106 5088 et
2140 5042 2362 5089 strenue
2382 5033 2576 5091 tuetur
2603 5053 2792 5093 contra
2826 5039 3038 5096 Jurium
3070 5033 3426 5103 doctissumus

1857 5102 2152 5188 lgessttctus
2199 5104 2490 5188 Mcld‘cnsis
2525 5111 2845 5188 cpiscuptts,
2877 5113 3238 5188 Avertiss.__vt,
3269 5117 3295 5188 ς
3333 5102 3423 5178 68,

1855 5171 1962 5227 Sur
1988 5172 2061 5227 les
2093 5176 2268 5252 lettres
2311 5176 2375 5252 de
2419 5171 2630 5252 Jurjca.
2675 5171 2921 5236 OEuvrcs
2957 5192 3087 5237 tom.
3119 5183 3210 5248 IV,
3227 5171 3295 5252 'p‘.’
3319 5171 3424 5241 373

1852 5257 1906 5323 et
1933 5259 2048 5313 seq.
2081 5244 2173 5299 Ait
2201 5246 2460 5300 nimirum
2481 5248 2550 5323 C_l.
2586 5247 2886 5323 Boss_uctu_s
2929 5265 3177 5306 sanctum
3198 5244 3422 5323 Hippo-

1852 5314 2019 5383 lytum
2055 5330 2164 5388 non
2200 5325 2411 5371 tantum
2445 5319 2687 5388 seipsum
2719 5321 3023 5376 luculenter
3063 5323 3119 5376 in
3153 5314 3422 5380 catholico

1823 5385 2496 5462 .scnsu__dcc_lar_a_re,_sed
2522 5385 2716 5462 :ctiam
2771 5391 2989 5462 ntudum
3045 5394 3416 5462 suppeditare,

1849 5471 1958 5522 quo
1981 5456 2090 5532 alia
2125 5457 2324 5511 similia
2371 5455 2738 5532 SS._APatrum
2775 5455 3128 5528 testimonia,
3152 5455 3286 5532 quae
3319 5455 3420 5519 ob;

1848 5526 2094 5597 scuriora
2120 5537 2404 5596 apparent,
2442 5529 2678 5582 dilucide
2701 5538 3062 5597 exportantur.
3094 5526 3231 5587 Cum
3272 5537 3417 5589 enim

1847 5595 1900 5667 in
1930 5597 2052 5650 loco
2082 5595 2247 5651 citato
2289 5598 2471 5653 dicat;
2523 5618 2540 5649 ι
2574 5598 2730 5664 Quod
2756 5595 2992 5654 Verbum
3018 5643 3034 5667 ,
3094 5620 3214 5656 cum
3271 5605 3324 5657 in
3356 5621 3419 5660 se

1844 5665 2112 5734 haberet,
2163 5676 2419 5743 essetque
2474 5669 2679 5722 mundo
2735 5678 2917 5743 creato
2983 5665 3414 5743 inaspectabile,

1843 5738 2098 5794 emittens
2128 5737 2364 5808 priorem
2407 5753 2592 5794 vocem
2619 5777 2633 5804 ,
2669 5747 2721 5793 et
2753 5739 2936 5796 lumen
2966 5755 3034 5797 ex
3073 5737 3281 5799 lumine
3316 5737 3413 5816 ge;
