4034 6386
218 310 329 369 357

1209 316 1298 371 DE
1341 316 1510 374 VITA
1546 318 1636 375 ΕΤ
1676 321 1983 379 SCRIPTlS
2016 324 2071 379 S.
2096 375 2100 380 .
2127 323 2513 382 HlPPOLYTi.

3355 341 3465 398 353

290 432 450 502 Apud
504 432 906 490 Theodoretum
940 436 1101 492 etiam
1127 438 1238 510 (55)
1277 440 1391 497 Inec
1422 441 1483 497 D.
1520 441 1788 516 Hippolyti
1820 450 1865 506 Α
1897 446 2075 515 aliqua
2114 445 2299 502 Romae
2327 449 2596 519 descripta
2639 448 2857 507 Isaacns
2911 451 3142 511 Vossius
3190 458 3467 527 quondam

214 531 389 584 verba
434 530 687 598 leguntur
731 546 796 584 ev
846 547 1096 587 sermone
1142 535 1207 587 de
1251 534 1486 590 Hetcana
1517 547 1569 593 et
1612 539 1787 600 Anna,

214 637 345 678 cum
377 623 444 675 de
473 638 559 686 eo,
584 624 729 692 quod
765 623 929 677 Maria
963 627 1205 693 gestabat
1230 627 1281 679 in
1314 637 1487 691 utero,
1516 629 1789 698 loquitur:

220 732 241 765 ι
285 713 528 768 Verbum
580 725 697 769 erat
749 714 842 768 Dei
892 717 1307 785 primogenitum
1361 733 1393 772 e
1450 720 1589 773 cudo
1621 722 1685 773 ad
1737 730 1792 774 te

216 809 532 876 delapsum,
567 817 621 861 ιιι
675 809 837 861 homo
869 809 1256 878 primogenitns
1299 812 1349 864 in
1387 821 1539 866 utero
1585 813 1790 869 fortna-

220 909 345 962 tus;
404 910 464 953 ut
524 900 940 968 primogenitum
998 900 1229 955 Verbum
1288 902 1380 954 l’lei
1431 903 1790 975 primogenito

220 989 581 1057 eonjuuctum
619 991 824 1044 homini
867 1003 1217 1045 monstretur.
1250 1012 1268 1042 ι
1298 991 1501 1047 Horum
1548 996 1631 1048 vis
1673 1012 1792 1051 ver-

220 1081 421 1134 borum
465 1091 669 1149 quanta
714 1083 804 1143 sit,
838 1083 1031 1136 militis
1076 1084 1442 1149 existimabit,
1480 1087 1570 1154 qui
1611 1090 1789 1141 norni-

219 1187 353 1225 nuut
391 1172 646 1233 istorum,
678 1192 697 1222 ι
734 1171 913 1231 Verbi.
941 1193 958 1223 ι
993 1184 1045 1227 et
1086 1194 1103 1225 ι
1138 1178 1477 1245 primogeniti
1506 1199 1525 1228 ι
1553 1187 1790 1248 potesta-

220 1271 239 1315 t
277 1279 329 1315 Ill
384 1264 723 1331 expendetit.
758 1263 968 1317 Etenim
1000 1267 1169 1333 Λόγον
1213 1268 1478 1336 ejusmodi
1526 1273 1791 1328 intellexit

216 1352 581 1425 Hippolytus,
636 1354 704 1408 de
736 1372 845 1423 quo
890 1354 1126 1410 Joannes
1176 1358 1329 1411 initio
1382 1359 1652 1432 Evangelii
1707 1365 1786 1415 lo-

210 1448 427 1515 quitur.
487 1449 555 1500 At
607 1446 776 1514 Λόγος
827 1447 925 1500 iste
959 1467 976 1496 ι
1010 1446 1188 1510 Dens,
1232 1458 1284 1501 et
1332 1451 1472 1519 apud
1524 1451 1690 1506 Deum
1730 1453 1783 1507 in

210 1539 489 1608 principio
539 1558 558 1589 ι
619 1540 861 1603 exstitit;
920 1548 973 1592 et
1037 1558 1054 1588 ι
1100 1556 1192 1607 per
1239 1557 1362 1593 cum
1418 1543 1598 1596 omnia
1657 1553 1787 1598 sunt

209 1630 358 1683 facta
385 1631 424 1683 ί.
463 1647 482 1679 ι
524 1628 640 1684 Non
682 1631 844 1700 igitur
881 1640 1096 1685 creatus
1134 1642 1236 1694 est,
1275 1649 1448 1702 neque
1480 1649 1571 1702 per
1616 1636 1782 1689 alium

207 1724 389 1790 Λόγον
422 1721 633 1789 factus,
680 1735 738 1777 ut
783 1727 968 1778 Ariani
1026 1739 1203 1788 pestea
1252 1727 1473 1781 fabulati
1525 1738 1669 1791 sunt,
1717 1744 1783 1783 eo

210 1815 354 1882 ipso,
390 1815 537 1883 quod
580 1817 968 1883 primogenitus
1002 1826 1102 1870 est.
1140 1818 1217 1869 Ad
1259 1819 1371 1872 haec
1401 1819 1542 1873 idem
1584 1819 1784 1889 Hippo-

208 1909 360 1979 lytus
396 1907 453 1960 in
486 1908 592 1961 alio
620 1909 758 1961 libro
781 1910 978 1980 Κύριον
1018 1910 1397 1981 ἀναμάρτητον
1432 1923 1585 1966 vocat
1619 1913 1781 1967 Chri-

209 2010 367 2066 tum,
426 2002 597 2055 idest
642 2003 1056 2071 impeccabilem;
1105 2006 1247 2072 quod
1290 2004 1460 2060 solius
1506 2020 1686 2071 verte,
1730 2014 1784 2062 et

211 2093 341 2147 inch
368 2104 476 2147 ala:
509 2093 821 2148 Divinitatis
855 2095 1129 2163 preprium
1160 2104 1262 2149 est.

278 2186 404 2237 Alia
452 2187 587 2239 satis
628 2186 772 2239 clara
822 2202 918 2255 pro
974 2189 1170 2240 dcitate
1216 2186 1420 2241 Christi
1475 2188 1781 2243 testimonia

214 2275 491 2346 Hippolyti
524 2277 788 2330 habentur
822 2278 960 2331 inter
984 2279 1133 2346 plina
1166 2279 1283 2347 ejus
1309 2279 1448 2333 dicta
1477 2295 1505 2334 a
1535 2278 1783 2334 Theodo-

213 2377 326 2422 reto
344 2366 569 2435 dialogo
595 2367 650 2432 ‘2,
686 2377 814 2421 tom.
846 2366 937 2432 1V,
978 2384 1098 2438 pag.
1137 2369 1238 2431 88,
1278 2380 1328 2423 et
1354 2378 1461 2424 act.
1499 2386 1530 2422 ν
1560 2372 1778 2425 concilii

208 2457 600 2513 Lateranensis
626 2461 728 2513 sub
756 2459 985 2513 Mai-tino
1008 2461 1048 2523 ι,
1084 2477 1226 2513 anno
1247 2460 1368 2521 0'49.
1408 2470 1540 2516 tum.
1572 2461 1619 2515 Χ
1645 2462 1783 2517 Con-

209 2551 387 2604 cilior.
415 2591 431 2614 ,
492 2551 621 2605 edit.
675 2550 845 2604 Mansi
878 2592 891 2615 ,
935 2569 1057 2622 pag.
1118 2553 1255 2607 1079
1299 2555 1544 2622 allegata.
1586 2556 1781 2614 Notata

209 2655 430 2710 quoque
450 2641 614 2710 digna
640 2650 766 2694 sunt
789 2644 1028 2709 ejusdem
1060 2641 1324 2713 Hippolyti
1347 2646 1506 2699 verba
1529 2662 1592 2700 ex
1617 2648 1782 2702 inter-

212 2734 516 2800 pretatione
577 2732 769 2799 psalmi
825 2748 858 2786 ll
908 2749 938 2786 a
986 2732 1324 2788 Theodoreto
1363 2737 1591 2791 adducta
1644 2737 1777 2808 (56).

210 2819 492 2874 Christum
532 2819 700 2876 Deum
729 2824 1015 2892 appellavit
1043 2840 1294 2880 sermone
1333 2826 1385 2880 in
1412 2824 1703 2883 llclcanam
1730 2841 1781 2885 et

214 2912 424 2967 Annam
460 2913 598 2983 (57).

281 3003 489 3058 Divina:
511 3006 989 3076 omni-praesentire
1039 3007 1198 3062 etiam
1250 3010 1567 3067 attributum
1626 3012 1783 3069 Chric

210 3102 298 3152 ειο
327 3097 584 3166 ascripsit
632 3108 860 3152 tractatu
900 3100 950 3153 in
982 3099 1211 3167 Pascha,
1247 3118 1311 3156 ex
1335 3118 1444 3173 quo
1472 3105 1585 3161 hzec
1610 3108 1780 3161 citato

206 3188 500 3244 Concilior.
543 3198 720 3255 tomo,
763 3193 867 3245 col.
902 3192 1055 3257 1087,
1083 3194 1349 3249 habentur
1380 3199 1540 3251 verba
1577 3212 1592 3250 :
1626 3217 1645 3250 ι
1670 3197 1776 3253 Το-

211 3289 299 3336 tus
325 3296 447 3336 erat
490 3283 543 3335 in
569 3284 823 3337 uinnihus
861 3294 914 3338 et
940 3286 1162 3355 ubique,
1184 3287 1486 3356 adimplens
1509 3306 1633 3344 vero
1663 3306 1781 3345 om-

208 3376 321 3436 uia.
359 3377 429 3428 ad
454 3390 646 3430 omnes
665 3378 842 3432 aerios
880 3379 1215 3447 principatus
1252 3383 1429 3435 nudus
1462 3385 1780 3453 retlispolia-

208 3486 295 3523 tus
313 3472 441 3539 (sic)
458 3480 559 3531 est,
579 3478 631 3523 et
662 3472 725 3524 ad
750 3488 970 3539 parvum
991 3474 1189 3526 clamat
1205 3476 1434 3529 transire
1456 3478 1700 3543 calicem,
1722 3489 1780 3534 ut

207 3565 465 3619 ostendat
504 3578 669 3625 vere,
710 3564 834 3632 quia
866 3575 918 3617 et
962 3564 1125 3617 homo
1158 3574 1294 3618 erat.
1349 3584 1366 3617 ι
1404 3564 1538 3621 Nota
1566 3585 1781 3640 quoque

206 3655 443 3717 dictum,
481 3665 540 3709 ιιι
590 3659 803 3725 egregie
841 3656 926 3709 hic
972 3658 1348 3713 animadvertit
1376 3658 1627 3727 Grabins,
1668 3682 1687 3715 ι
1728 3673 1782 3719 et

208 3752 408 3814 homo;
467 3768 485 3801 ›
535 3752 790 3819 quoniam
838 3750 1043 3806 scilicet
1076 3751 1236 3805 aliaat
1266 3751 1489 3822 insuper
1528 3764 1779 3812 naturam

202 3832 471 3894 habebat,
503 3842 559 3885 et
586 3833 726 3886 Deus
752 3843 889 3886 erat.

276 3922 569 3976 Accedunt
611 3922 712 3974 alia
760 3936 972 3991 quoque
1019 3921 1262 3991 ejusdem
1299 3922 1571 3995 Hippolyti
1621 3924 1784 3980 verba

207 4025 275 4063 ex
335 4010 458 4079 ejus
513 4009 564 4061 in
624 4008 875 4063 Cenesim
928 4013 1332 4066 commentario.
1375 4014 1442 4068 Et
1488 4014 1647 4083 periit
1682 4015 1783 4070 iste

210 4098 435 4167 quidem
466 4098 920 4163 commentarius;
960 4108 1228 4153 asservata
1263 4109 1439 4154 tamen
1483 4109 1609 4155 sunt
1635 4117 1783 4169 qua:-

208 4186 335 4241 dam
371 4186 494 4254 ejus
521 4185 816 4257 fragmenta
852 4188 905 4240 in
941 4188 1175 4251 Catenis,
1210 4205 1329 4258 qua:
1368 4189 1525 4259 vulgo
1561 4190 1665 4244 dici
1693 4207 1783 4246 so-

210 4270 357 4337 lent,
414 4271 638 4327 Patrum
692 4274 747 4328 in
802 4275 1004 4329 dictum
1048 4276 1240 4346 Moysis
1291 4277 1516 4342 librum;
1555 4293 1784 4347 quorum

1894 537 2210 593 doctissimo
2266 539 2328 594 D.
2382 539 2575 594 Joanni
2613 541 2799 610 Millio,
2848 545 2936 600 hic
2978 561 3106 601 vero
3147 548 3218 602 cl.
3260 547 3469 606 Grabio

1893 633 2334 686 communicavit.
2364 634 2525 703 Atqui
2554 635 2694 689 inter
2728 637 2840 692 hzec
2870 639 2923 691 in
2947 655 3073 693 thx
3105 649 3285 711 caput.
3317 656 3469 699 vers.

1891 724 1982 787 29.,
2048 725 2160 789 υἱὸς
2207 724 2509 795 ηὐξημένος
2582 727 2806 799 Ἰωσῆφν
2851 733 3131 797 sequentia
3198 733 3468 790 habentur

1892 817 2053 870 verba
2099 835 2112 870 :
2162 837 2179 868 ι
2226 818 2673 888 Quandoquidem
2725 822 3058 890 unigenitum
3089 822 3177 877 Dei
3224 824 3469 881 Vrrhnm

1892 908 2035 963 Deus
2068 924 2131 963 ex
2181 908 2288 964 Dt'O
2314 913 2582 965 exsistens
2626 912 2873 980 (observa
2919 913 3088 981 ipsius
3122 918 3337 970 concilii
3370 917 3469 970 Ni-

1891 1002 2022 1054 Ct'eni
2071 1000 2313 1068 phrasin,
2361 1003 2435 1055 uti
2469 1017 2631 1071 supra
2669 1004 2841 1057 (tanien
2871 1005 2935 1057 de
2972 1006 3188 1076 lumine)
3216 1009 3466 1063 exinani-

1889 1094 1967 1145 vit
1995 1093 2341 1158 semetipsum
2369 1095 2525 1169 juxta
2562 1093 2897 1163 Scripturas,
2935 1097 3232 1153 demitti-ns
3260 1110 3465 1155 semet-

1891 1184 2068 1252 ipsum
2110 1186 2251 1238 ultro
2285 1186 2337 1239 in
2388 1188 2437 1239 id
2470 1189 2612 1255 quod
2656 1204 2760 1240 non
2796 1200 2933 1251 erat,
2976 1200 3028 1243 et
3060 1191 3216 1244 vilem
3253 1193 3467 1247 hancce

1891 1291 2107 1328 carnem
2145 1277 2336 1342 induit,
2371 1286 2531 1346 atque
2561 1281 2611 1333 in
2640 1283 2780 1334 servi
2821 1280 2988 1335 forma
3024 1285 3292 1352 apparuit,
3323 1286 3455 1339 obe-

1894 1367 2050 1421 diens
2100 1367 2206 1420 Deo
2236 1378 2290 1422 et
2334 1369 2474 1424 Patri
2518 1370 2692 1425 factus
2722 1390 2894 1441 usque
2932 1374 2996 1427 ad
3031 1378 3332 1441 mortem“,
3391 1394 3462 1433 ea

1892 1467 2111 1526 propter
2154 1459 2220 1511 de
2254 1469 2448 1513 caetero
2498 1470 2552 1515 et
2594 1464 3023 1529 snprrrxaltalus
3069 1480 3189 1517 esse
3224 1464 3461 1533 legitur;

1892 1559 1945 1603 ct
1966 1559 2219 1618 tanquam
2249 1551 2297 1603 id
2332 1552 2544 1620 proprie
2568 1568 2672 1604 non
2709 1554 2910 1607 haln-ns
2934 1554 3465 1622 proptrrhnniaumn

1889 1651 2159 1704 naturam,
2200 1657 2263 1694 ac
2292 1641 2509 1710 gratuiti
2545 1642 2715 1695 instar
2746 1644 2872 1694 dotii
2901 1648 3108 1712 accepit
3136 1660 3330 1697 nomen
3360 1661 3463 1699 su-

1888 1746 1981 1799 per
2003 1747 2163 1784 omne
2197 1731 2456 1793 nomen’,
2510 1733 2806 1785 secundum
2844 1731 2902 1784 Β.
2940 1732 3085 1785 Pauli
3133 1734 3317 1796 verba,
3361 1734 3463 1787 sed

1886 1839 1948 1876 ex
1986 1823 2061 1876 rei
2107 1824 2363 1884 veritate;
2418 1839 2504 1877 res
2554 1825 2667 1891 ipsa
2716 1836 2894 1879 tamen
2944 1840 3048 1877 non
3096 1834 3210 1878 erat
3250 1826 3462 1879 donum-

1885 1924 2071 1962 eorum
2103 1926 2233 1978 quze
2259 1911 2327 1963 ab
2359 1910 2511 1963 initio
2544 1914 2861 1965 naturaliter
2889 1913 3033 1966 haud
3060 1914 3250 1968 habuit
3275 1913 3468 1985 (longe.

1886 2017 1944 2056 se
1993 2017 2080 2055 res
2123 2002 2340 2067 habet);
2384 2018 2572 2055 verum
2619 2004 2796 2071 potius
2827 2005 3033 2057 reditus
3060 2005 3468 2059 existimandus

1884 2102 1987 2157 est,
2019 2103 2073 2147 et
2096 2110 2351 2147 recursus
2377 2094 2440 2147 ad
2483 2093 2536 2148 id
2568 2096 2711 2163 quod
2744 2110 2772 2147 a
2803 2096 3070 2163 principio
3093 2094 3471 2149 essentialitcr

1884 2193 1936 2238 et
1973 2182 2402 2252 inseparabiliter
2429 2185 2477 2236 ei
2513 2185 2705 2238 inerat.
2748 2203 2767 2235 ›
2798 2184 2860 2237 Et
2894 2190 3057 2252 paulo
3103 2195 3226 2254 post
3254 2187 3320 2239 ad
3355 2186 3468 2240 ista.

1881 2275 2066 2339 verba,
2120 2274 2367 2342 εὐλογίας
2416 2275 2620 2345 πατρὸς
2660 2277 2757 2328 καὶ
2788 2278 3018 2346 μητρός,
3058 2276 3130 2330 ita
3174 2292 3459 2331 commen-

1885 2375 2029 2420 tatur
2072 2367 2185 2433 (58)
2242 2386 2254 2420 :
2315 2387 2333 2418 ι
2381 2368 2539 2422 Clare
2578 2377 2737 2435 atque
2786 2366 3068 2422 manifeste
3117 2384 3178 2421 ea
3230 2368 3458 2437 pariter.

1883 2474 2002 2527 quae
2030 2467 2113 2511 est
2161 2474 2227 2512 ex
2285 2457 2390 2512 Deo
2414 2499 2429 2522 ,
2481 2469 2532 2511 et
2562 2458 2718 2511 Patre
2750 2459 3023 2528 generatio
3053 2456 3358 2528 Unigenlti,
3393 2474 3469 2512 ae

1882 2568 2002 2620 quae
2054 2566 2147 2620 per
2195 2560 2436 2605 sanctam
2488 2549 2761 2619 Virginem
2816 2550 2954 2604 facta
3005 2559 3108 2615 est,
3165 2551 3468 2614 imlicatur,.

1878 2645 2030 2712 juxta
2066 2658 2227 2711 quam
2259 2643 2500 2697 ert-ditur
2526 2651 2581 2695 et
2604 2642 2751 2695 visits
2783 2651 2865 2695 est
2896 2643 3075 2695 honzo.
3114 2640 3284 2695 Filius
3307 2642 3467 2693 enim

1882 2734 1975 2787 0ςὶ
2000 2743 2049 2787 ct
2066 2732 2177 2785 Pati
2194 2733 2238 2786 is
2263 2732 2577 2785 naturaliter
2603 2741 2763 2800 atque
2785 2747 2864 2784 vet
2880 2746 2910 2783 e
2933 2730 3457 2797 exsistt-us.propter

1883 2838 1983 2877 nos
2030 2823 2291 2877 sustinuit
2336 2838 2490 2882 eam.
2544 2839 2664 2891 quae
2694 2821 2795 2874 fuit
2829 2838 2921 2890 per
2958 2820 3231 2893 Virginem
3292 2830 3472 2888 atque.

1884 2923 2095 2967 uterum
2128 2914 2555 2982 generationem,
2598 2923 2651 2967 et
2684 2915 2846 2965 nhera
2878 2913 3040 2965 suxit.
3069 2911 3252 2981 Neque
3285 2927 3456 2973 en.m,

1884 3016 1944 3060 ut
1974 3005 2298 3075 quibusdam
2324 3005 2559 3069 videtur,
2585 3006 2820 3074 putative
2851 3004 2951 3057 l'nit
2973 3006 3155 3065 hinno,
3182 3002 3274 3057 Sed
3310 3003 3457 3056 idem

1884 3112 2005 3152 vere
2035 3097 2305 3166 apparuit,
2353 3097 2495 3165 quod
2540 3112 2637 3149 nos
2677 3111 2889 3157 sumus,
2939 3096 3031 3164 qui
3063 3106 3270 3147 natura:
3313 3094 3471 3163 leges'

1884 3189 2184 3258 sequimur,
2240 3198 2294 3244 et
2329 3189 2662 3242 nutrimento
2706 3204 2837 3243 usus
2886 3197 2987 3252 est,
3037 3187 3289 3257 quamvis
3340 3185 3456 3255 ipse

1884 3283 2084 3337 mumlo
2114 3282 2271 3336 vitam
2298 3283 2468 3337 daret.
2507 3303 2525 3334 ι

1951 3371 2217 3429 Omnibus
2249 3374 2333 3428 his
2370 3373 2686 3428 decretoriis
2722 3371 3140 3427 auetoritatihns
3175 3369 3297 3424 addi
3331 3384 3458 3438 pos-

1885 3476 2011 3521 sunt
2037 3466 2138 3520 alia
2160 3467 2268 3520 duo
2296 3467 2412 3521 loca
2434 3483 2498 3520 ex
2532 3468 2749 3534 scriptis
2776 3472 2832 3521 ὃ.
2872 3464 3164 3536 Hippolyti.
3195 3480 3316 3531 qnze
3355 3478 3454 3515 ett-

1885 3574 2071 3627 presse
2101 3563 2235 3611 adeo
2263 3559 2599 3613 divinitatem
2637 3557 2755 3612 Filii
2798 3559 2885 3612 llei
2920 3558 3127 3610 Dmnini
3159 3556 3473 3610 Salvatoris.

1884 3650 2053 3705 nostri
2083 3648 2208 3703 Jesu
2236 3649 2462 3717 Christi,
2487 3651 2714 3720 ejusque
2737 3649 3381 3712 consubstantialitatem,
3405 3657 3475 3702 et.

1884 3742 2299 3795 coreternitatem
2331 3757 2453 3796 cum
2486 3740 2642 3795 Patre
2670 3741 3067 3803 demonstrant,
3100 3753 3157 3794 nt
3185 3740 3312 3793 nihil
3340 3756 3457 3792 ma-

1881 3834 1965 3903 Igis
1997 3833 2293 3888 desiderari
2320 3848 2503 3904 queat.
2559 3836 2617 3889 In
2684 3845 2914 3889 tractatu
2940 3837 3200 3886 Adversus
3228 3831 3457 3886 Nectum

1883 3925 1998 3979 hare
2027 3925 2080 3978 in
2120 3924 2392 3997 Evangelii
2446 3928 2605 3981 verba
2640 3945 2652 3981 :
2695 3945 2713 3977 ι
2760 3926 2867 3995 Ego
2894 3935 2947 3980 et
2987 3925 3143 3979 Pater
3179 3943 3342 3979 utinm
3372 3942 3475 3980 διιι

1881 4030 2006 4070 mus
2045 4016 2088 4081 ⁸,
2154 4036 2172 4068 ι
2236 4027 2418 4085 aperte
2450 4018 2688 4071 declarat
2715 4015 2926 4069 Patrem
2958 4026 3007 4069 rt
3058 4015 3253 4069 Filium
3288 4031 3471 4068 unum

1884 4106 2135 4177 idemque
2159 4123 2299 4166 esse.
2333 4108 2457 4176 quia
2491 4127 2509 4158 ι
2546 4123 2705 4160 unam
2734 4109 3088 4174 eamdemque
3122 4108 3317 4159 habent
3350 4105 3456 4157 vir-

1883 4202 2054 4249 tutem
2083 4205 2136 4251 et
2166 4199 2456 4267 potentiam
2506 4197 2651 4268 (59);
2702 4217 2721 4249 ι
2775 4209 2828 4251 et
2884 4197 2934 4249 in
2984 4205 3211 4249 tractatu
3256 4195 3461 4249 Contra

1882 4285 2102 4344 Jndteos
2130 4290 2332 4359 pariter
2365 4304 2619 4359 expresse
2653 4288 2784 4344 dicit
2816 4287 3091 4343 Christum
3122 4303 3243 4343 esse
3270 4302 3471 4341 verum

278 4449 296 4481 ⁸
326 4449 539 4519 Joan.t,
560 4453 663 4511 1-5.
728 4455 749 4487 ⁸
769 4453 1109 4527 Pliilip.tt,7,
1125 4455 1179 4512 8.
1209 4459 1230 4492 ³
1254 4458 1416 4525 lbid.,
1446 4461 1500 4518 9.
1578 4460 1602 4493 ’⁵
1638 4461 1799 4520 Joan.
1828 4479 1886 4529 ι,
1920 4464 2002 4519 50.

437 4651 767 4740 'l‘heodoret.
819 4652 1051 4727 Dialog.,
1090 4659 1302 4731 l,.tom.
1345 4660 1412 4715 ιν
1448 4662 1607 4735 0pp.,
1639 4667 1770 4723 edit.
1805 4649 1852 4707 Ῐ)
1882 4669 2144 4724 mediator
2173 4669 2265 4725 Dei
2292 4679 2347 4725 ct
2371 4671 2679 4736 hominum,
2709 4671 2778 4727 ab
2813 4672 3062 4740 utrisque
3088 4672 3459 4728 arrhabonem

204 4719 493 4777 Sirmund.

276 4814 396 4883 (56)
443 4813 772 4901 Theodoret.
806 4819 1043 4901 Dialogm
1079 4824 1135 4886 9,
1182 4821 1337 4901 0pp.,
1358 4834 1500 4901 tom.
1533 4826 1622 4901 iV,
1651 4846 1775 4901 pag.

198 4882 481 5008 igaapud
505 4885 746 4953 Fabric.,
784 4906 908 4961 pag.
940 4882 1066 4957 2138,
1100 4882 1154 4946 et
1177 4882 1622 4963 apud'CallandJ
1653 4882 1777 4971 55E;

272 5043 391 5127 [57)
422 5042 777 5127 Theudor-0L,
822 5048 1071 5127 loe:__cit.,
1115 5060 1171 5107 et
1196 5053 1337 5122 apud
1371 5051 1613 5118 Fabric.,
1652 5070 1776 5127 pag.

198 5115 337 5173 9.67:
381 5119 526 5183 apud
552 5117 827 5179 Gallaitd..
860 5122 984 5176 496.
1059 5115 1065 5117 ⁷
1231 5115 1248 5122 ’
1448 5146 1455 5153 ο

265 5205 385 5284 (58)
418 5205 512 5284 [ξι.
525 5206 909 5284 Commentario
936 5210 994 5268 S.
1023 5210 1292 5284 Hippolyti
1316 5214 1370 5269 in
1401 5214 1777 5269 benedictione:

200 5276 455 5330 Butaami
496 5277 613 5333 htec
652 5282 841 5335 citavit
876 5276 1257 5339 Leontius-liti.
1304 5301 1320 5338 ι
1360 5286 1557 5338 Contra
1588 5284 1780 5339 Nesto-

199 5348 333 5424 rium
377 5357 431 5401 et
463 5346 755 5424 _Eutychen
786 5369 804 5403 :
838 5371 859 5402 ‹
911 5351 979 5406 Ut
1029 5355 1434 5408 demonstretur
1494 5365 1778 5424 utramque

197 5419 418 5482 quidem
463 5418 519 5472 in
566 5436 625 5474 se
663 5422 862 5475 habere
893 5425 1295 5485 substantiam,
1349 5426 1557 5480 scilicet
1598 5418 1777 5478 Dei'et

198 5486 504 5565 hominum,
530 5491 1030 5565 _sicut_Apust_olus
1080 5495 1204 5565 ait_:
1240 5493 1505 5565 Medintor
1554 5496 1774 5565 quidem

196 5557 365 5634 [geret
396 5558 672 5613 hominum
697 5557 851 5634 [tonio
880 5562 1121 5634 Christus
1148 5563 1303 5617 Iesus
1337 5564 1388 5633 (Ι
1429 5557 1661 5628 Tino-tt,
1684 5565 1774 5634 5);

204 5625 473 5706 Uedittlon
492 5644 673 5683 autem
695 5632 853 5684 unius
881 5632 1105 5706 Itoininis
1141 5650 1247 5688 non
1269 5625 1352 5687 est
1376 5635 1520 5706 (Gal.
1554 5625 1773 5701 ut,"2ti),

193 5700 285 5753 sed
325 5699 656 5756 hominum:
711 5703 991 5773 oportet-at
1038 5719 1169 5775 ergo
1208 5713 1267 5758 ut
1292 5699 1564 5771 Christus,
1597 5699 1774 5759 factus

1881 4742 2169 4809 quemdam
2204 4742 2514 4811 acciperet,
2557 4750 2616 4795 ut
2640 4752 2897 4811 appareat
2927 4742 3194 4797 mediator
3223 4744 3461 4797 duarum

1882 4818 2228 4865 naturarum.
2281 4830 2300 4863 ι

1960 4920 2074 4991 (59)
2112 4939 2130 4971 ι
2162 4921 2220 4975 Si
2248 4930 2426 4977 autem
2463 4920 2607 4977 dicat
2637 4918 2843 4977 Noetus
2879 4939 2894 4976 ε
2931 4920 3051 4991 Ipse
3070 4921 3241 4977 dixit:
3266 4920 3376 4992 Ego
3404 4929 3460 4976 et

1882 4988 2051 5062 Pater
2082 5007 2242 5045 unum
2271 5009 2481 5054 sumus;
2518 4994 2765 5062 advertat
2803 4988 3043 5045 animum
3076 5002 3129 5046 et
3171 4988 3454 5062 intelligat.

1882 5061 2025 5131 quod
2047 5076 2153 5133 non
2182 5062 2317 5116 dixit
2351 5081 2364 5116 :
2392 5063 2500 5133 Ego
2524 5073 2572 5116 et
2602 5061 2764 5117 Pater
2798 5079 2959 5115 unum
2985 5078 3138 5126 sum;
3167 5065 3258 5115 sed
3294 5061 3455 5133 miunt

1882 5128 2258 5203 s—umns._,lllnd
2294 5128 2457 5186 enim'
2481 5133 2703 5203 (suntm)
2742 5149 2850 5203 non
2881 5134 3079 5186 dicitur
3104 5128 3456 5203 de_uno;sed

1882 5202 1965 5255 sic
1992 5201 2157 5267 dixit,
2193 5204 2319 5272 quia
2356 5205 2491 5257 duas
2522 5200 2789 5257 Personas
2822 5200 3215 5272 demonstratit
3238 5239 3252 5261 ,
3290 5213 3459 5252 unam

1883 5279 2063 5341 autem
2110 5269 2424 5341 potentiam.
2476 5274 2589 5326 sive
2636 5273 2909 5341 virtutem.
2940 5269 3073 5341 _an
3112 5271 3255 5322 enim
3300 5283 3457 5341 mens

1882 5339 2061 5415 Patris
2085 5336 2167 5415 est
2195 5342 2334 5415 Puer
2360 5341 2649 5415 (Filius)...
2671 5340 2818 5415 [inde
2842 5341 2907 5393 ad
2939 5339 3241 5415 Philippum
3278 5336 3456 5415 :At’lri:

1875 5409 2045 5480 lippe,
2082 5414 2170 5481 qui
2210 5413 2340 5465 vidit
2366 5406 2476 5475 ine,
2508 5406 2636 5467 vidit
2664 5412 2879 5481 Patrem
2908 5408 3091 5475 (Joan.
3126 5422 3237 5471 xw,
3275 5407 3368 5474 9'};
3400 5406 3453 5459 id

1875 5478 1980 5555 est,
2013 5482 2059 5535 si
2090 5478 2176 5535 me
2204 5482 2407 5545 vidisti,
2438 5498 2530 5551 per
2552 5498 2638 5535 Ine
2667 5478 3063 5555 pttles'__Patt'ctlt
3102 5492 3450 5555 cognoscere.

1876 5548 1978 5621 Per
2006 5552 2293 5621 imaginem
2337 5547 2503 5615 enim,
2534 5547 2905 5621 iqum‘similis
2926 5559 3043 5611 est,
3087 5558 3261 5621 potest
3296 5547 3457 5621 facile

1875 5618 2035 5677 Pater
2064 5616 2338 5688 cognosci.
2374 5640 2393 5673 ι
2440 5621 2499 5675 5.
2534 5616 2834 5690 llippulyt.,
2865 5617 3063 5674 Contra
3092 5616 3287 5685 Noctu
3315 5631 3368 5673 c.
3398 5616 3453 5671 7.
