4034 6372
570 312 679 373 559

1534 315 1621 370 DE
1655 312 1822 369 VITA
1859 313 1949 368 ΕΤ
1989 312 2303 369 SCRlPTlS
2335 313 2393 369 S.
2439 311 2825 371 HlPPOLYTl.

3700 315 3808 373 360

571 428 742 485 Deum
774 427 911 500 (60),
937 443 1173 498 eumque
1197 425 1345 483 Patri
1374 422 1700 483 coaeternum
1723 428 1970 482 nominat
1999 426 2135 499 (6|).
2167 435 2210 489 Α
2241 425 2602 495 pretationem
2658 424 2993 495 suppeditat.
3058 421 3325 480 Observat
3376 426 3523 482 enim
3571 424 3812 490 Verbum

573 516 639 572 Et
667 518 720 572 in
763 516 1166 572 Commentario
1191 516 1306 587 jam
1338 515 1556 571 laudato
1586 517 1643 570 in
1683 515 1916 572 Genesin
1943 517 2133 573 eadem

571 606 687 663 fere
734 607 801 661 de
845 606 1215 662 coaeternitate
1248 605 1373 660 Filii
1417 606 1600 661 habet.
1639 623 1658 658 ι
1711 606 1899 676 Itaque
1936 606 2033 676 qui
2076 615 2139 662 ut

572 700 757 763 homo,
812 699 987 767 inquit
1040 696 1099 750 S.
1149 693 1493 766 Hippolytus.
1534 696 1836 767 periculum
1871 696 2133 762 subierat,

568 808 596 843 a
661 790 819 844 Patre
887 790 1128 845 salvatus
1183 804 1306 843 esse
1373 788 1713 855 aﬂirmatur,
1781 803 2092 858 quanquam

569 889 762 934 natura
807 895 906 934 sua
959 880 1230 935 exsistens
1277 877 1442 944 Deus,
1488 879 1629 932 κατὰ
1672 878 1831 948 φύσιν
1876 880 2136 951 ὑπάρχων

566 972 697 1034 Θεός
724 1014 739 1035 ,
774 980 828 1025 et
866 972 1178 1027 universam
1232 972 1402 1041 ipsam
1440 972 1708 1027 visibilem
1743 982 2047 1028 creaturam
2078 976 2132 1028 in

568 1062 711 1117 bono
732 1070 877 1117 statu
913 1076 1313 1117 conservans...
1343 1076 1559 1132 semper
1581 1063 1725 1117 enim
1755 1062 1854 1117 fuit
1885 1063 1940 1117 in
1961 1065 2131 1134 gloria

565 1155 770 1217 divina,
819 1154 913 1222 qui
947 1165 1072 1209 ante
1111 1170 1275 1211 omne
1307 1170 1512 1219 aevum,
1555 1164 1610 1209 et
1648 1164 1883 1225 tempus,
1927 1164 1983 1209 et
2009 1165 2133 1210 ante

566 1246 750 1297 inundi
766 1244 911 1313 jacta
941 1243 1290 1300 fundamenta
1314 1244 1533 1315 preprio
1553 1244 1701 1299 Patri
1723 1245 2021 1312 cocxsistit,
2052 1243 2130 1315 τῷ

566 1335 684 1407 ἰδίῳ
721 1337 1081 1409 συνυπάρχων
1126 1340 1406 1410 γεννήτορι
1436 1337 1568 1408 (62).
1620 1335 1763 1392 Sane
1791 1337 2002 1402 Ariani,
2035 1336 2130 1406 qui

558 1430 741 1483 adhuc
774 1437 1107 1498 supersunt,
1138 1430 1331 1484 harum
1359 1428 1746 1485 auctoritatum
1771 1428 1882 1482 vim
1913 1428 2132 1483 eludere

562 1535 671 1589 quo
702 1530 860 1589 pacto
882 1525 1114 1585 valeant,
1142 1536 1253 1575 non
1279 1520 1617 1589 video.,Quis
1646 1521 1792 1575 enim
1827 1535 1936 1574 non
1965 1534 2131 1590 agno—

561 1624 675 1667 scet
719 1613 794 1666 uti
823 1629 1008 1668 verum
1054 1614 1246 1679 Deum,
1291 1615 1369 1669 uti
1401 1613 1548 1669 Patri
1582 1612 2126 1676 consubstantialem,

558 1718 707 1767 eum,
733 1704 829 1773 qui
853 1706 921 1758 ab
967 1714 1169 1759 aeterno
1200 1706 1301 1759 fuit
1326 1706 1378 1758 in
1408 1704 1520 1759 Deo
1555 1703 1747 1770 Patre;
1778 1718 1938 1774 quem
1969 1701 2129 1757 Pater

2242 524 2366 571 ante
2391 515 2823 571 incarnationem
2844 523 3097 571 vocatum
3125 515 3293 571 fuisse
3310 516 3505 572 Filium
3538 521 3812 596 hominis;

2241 607 2384 662 unde
2405 606 2609 676 colligit
2626 604 2923 676 perfectum
2947 604 3143 660 Filium
3167 621 3275 660 non
3303 605 3327 660 l‘
3327 607 3494 672 uisse,
3513 623 3639 664 cum
3672 628 3815 669 non-

2240 694 2371 778 dum
2412 704 2561 751 esset
2603 695 2790 749 homo.
2837 693 2934 751 His
2962 695 3107 749 enim
3150 695 3332 751 verbis
3364 715 3379 751 :
3411 715 3431 749 ι
3467 698 3513 752 Α
3544 700 3815 773 principio

2246 804 2265 837 ι
2294 784 2490 841 Filium
2526 786 2758 852 vocavit,
2785 801 3071 841 commune
3085 802 3281 842 nomen
3314 789 3519 845 amoris
3554 807 3682 861 erga
3713 795 3811 848 bo-

2246 896 2267 930 ο
2299 879 2472 933 mines
2495 879 2686 942 sumit,
2725 897 2745 930 ι
2788 877 2963 933 Filius
3002 879 3240 934 hominis
3282 881 3428 937 clare
3471 883 3811 954 designatur.

2242 966 2414 1039 quue
2455 970 2765 1024 conﬁrmari
2813 978 2991 1038 potest
3022 985 3085 1023 ex
3121 985 3240 1040 cap.
3272 971 3307 1025 4
3337 973 3427 1028 ubi
3466 974 3545 1029 sic
3571 976 3814 1044 loquitur

2240 1057 2607 1131 Hippolytus:
2642 1077 2662 1111 ι
2704 1057 2943 1113 Verbum
2993 1060 3138 1115 enim
3194 1077 3325 1116 caro
3375 1072 3513 1132 erat,
3573 1065 3816 1136 Spiritus

2244 1169 2264 1201 ι
2294 1158 2438 1217 erat,
2458 1148 2788 1205 Virtuserat.
2818 1147 2969 1205 Unus
2992 1164 3280 1206 commune
3308 1166 3503 1207 nomen
3541 1163 3595 1209 et
3624 1155 3676 1208 in
3705 1171 3812 1210 usu

2245 1258 2264 1292 ι
2298 1240 2443 1310 apud
2470 1233 2718 1296 homines
2735 1240 2837 1295 sibi
2862 1241 3114 1310 sumpsit,
3132 1250 3355 1296 vocatus
3382 1258 3413 1296 a
3440 1243 3703 1314 principio
3719 1245 3812 1299 Fi-

2244 1350 2268 1384 c
2286 1333 2397 1388 lius
2411 1331 2646 1387 hominis
2663 1331 3172 1405 propter‘futurum,
3189 1334 3437 1401 quamvis
3458 1335 3696 1389 nondum
3719 1351 3812 1392 es-

2241 1440 2261 1473 ι
2283 1437 2363 1478 set
2385 1425 2567 1491 homo,
2585 1423 2727 1480 sicut
2754 1422 2939 1478 Daniel
2965 1433 3211 1489 testatur,
3234 1425 3486 1495 inquiens
3521 1443 3537 1481 :
3587 1426 3724 1490 Vidi,
3756 1438 3810 1483 et

2233 1532 2349 1569 ecce
2371 1532 2488 1570 cum
2509 1514 2729 1569 nubibus
2743 1514 2856 1569 caeli
2884 1516 3036 1585 quasi
3061 1516 3205 1584 ﬁlius
3223 1516 3447 1571 hominis
3473 1519 3705 1572 veniebat
3720 1519 3767 1573 ³.
3782 1537 3804 1571 ι

2232 1605 2367 1660 Cum
2390 1605 2596 1662 Noetus
2624 1607 2968 1677 metaphoras
3007 1607 3061 1660 in
3092 1606 3214 1662 Filii
3248 1623 3381 1663 voce
3404 1619 3718 1676 venaretur,
3749 1620 3808 1665 et

2232 1697 2449 1754 Patrem
2485 1707 2540 1755 et
2574 1697 2770 1754 Filium
2800 1715 2965 1754 unam
2999 1709 3053 1755 et
3072 1700 3316 1755 eamdem
3356 1699 3649 1775 Personam
3678 1716 3810 1757 esse

555 1797 756 1857 emisit,
790 1806 847 1850 ut
873 1815 891 1847 ε
917 1796 1099 1850 lumen
1122 1811 1189 1850 ex
1212 1795 1439 1859 lumine,
1467 1814 1486 1848 ι
1516 1805 1576 1849 ut
1603 1813 1622 1846 ι
1660 1795 1871 1849 radium
1892 1809 1924 1849 a
1947 1793 2083 1857 sole,
2106 1811 2126 1845 ι
2163 1787 2204 1842 Β
2233 1797 2534 1858 statueret;
2584 1799 2836 1860 suscepta
2868 1792 3133 1847 adversus
3163 1793 3310 1846 hunc
3338 1793 3647 1857 haereticum
3680 1795 3809 1850 dis-

559 1896 614 1941 ut
651 1904 669 1937 α
692 1903 887 1954 aquam
910 1902 976 1941 ex
1003 1885 1153 1941 fonte
1186 1887 1330 1958 (65);
1359 1907 1378 1938 ι
1408 1901 1554 1951 eum,
1578 1886 1673 1956 qui
1697 1884 1941 1940 eamdem
1967 1883 2129 1940 habet

553 1996 680 2049 cum
724 1981 881 2035 Patre
926 1982 1180 2037 virtutem
1223 1997 1288 2037 ac
1337 1982 1672 2052 potentiam;
1716 1981 1811 2051 qui
1854 1988 1938 2036 est
1982 1979 2125 2035 idem

555 2075 701 2131 Deus
743 2091 867 2131 cum
917 2076 1156 2132 universi
1201 2078 1509 2151 conditore;
1545 2075 1639 2147 qui
1670 2076 1724 2130 in
1758 2090 1854 2129 sua
1889 2073 2128 2130 Persona

553 2170 847 2238 potentiam
874 2168 1050 2223 Patris
1075 2170 1343 2236 ostendit;
1376 2168 1471 2239 qui
1498 2177 1582 2223 est
1611 2167 1752 2223 Deus
1779 2175 1834 2222 et
1863 2165 2127 2222 Dominus

551 2260 829 2326 omnium;
865 2262 957 2331 qui
984 2271 1069 2317 est
1095 2276 1223 2316 vera
1252 2259 1432 2316 Patris
1462 2261 1680 2329 imago;
1716 2260 1770 2314 in
1802 2273 1914 2329 quo
1947 2266 2003 2313 et
2030 2272 2126 2328 per

553 2366 717 2421 quem
745 2349 903 2406 Pater
931 2352 1169 2421 seipsum
1212 2352 1558 2418 manifestat;
1587 2365 1711 2406 eum
1737 2351 1950 2405 tandem
1976 2389 1992 2417 ,
2028 2349 2125 2419 qui

549 2453 632 2498 est
671 2443 937 2507 inﬁnitus,
976 2444 1564 2515 incomprehensibilis,
1599 2442 1965 2511 omnipotens,
1994 2440 2127 2496 sub-

548 2535 748 2590 sistens
782 2544 838 2589 et
879 2550 1110 2604 operans
1162 2550 1258 2605 per
1307 2536 1575 2605 seipsum,
1628 2543 1683 2588 et
1731 2541 1814 2588 est
1852 2533 2124 2603 perfectus

546 2622 711 2688 Deus,
741 2624 901 2679 sicuti
930 2634 1013 2679 est
1042 2625 1313 2695 perfectus
1330 2624 1530 2679 homo?
1556 2624 1614 2678 Si
1640 2623 1842 2677 Ariana
1871 2623 2123 2693 impietas

546 2712 739 2774 contra
771 2719 884 2773 haec
917 2717 1074 2772 ﬁrma
1101 2719 1280 2774 adhuc
1302 2727 1357 2773 et
1378 2718 1483 2773 sibi
1504 2728 1763 2773 constans
1792 2725 2120 2788 perseverat,

546 2812 699 2866 nullo
726 2811 834 2866 alio
866 2820 1025 2881 pacto
1055 2812 1256 2881 poterit
1286 2827 1527 2883 unquam
1551 2811 1757 2866 everti.-

623 2925 775 2984 Unus
799 2937 976 2983 tamen
999 2929 1152 2982 locus
1179 2927 1359 2981 adhuc
1388 2934 1659 2996 superest,
1680 2924 1915 2982 eximius
1938 2925 2117 2996 plane,

544 3036 705 3092 quem
739 3020 1014 3101 praeterire
1061 3019 1253 3088 religio
1306 3021 1407 3073 eSt.
1447 3016 1540 3073 Sic
1581 3030 1762 3072 autem
1804 3032 1863 3073 se
1904 3017 2064 3073 habet
2101 3036 2115 3072 :

549 3129 575 3167 ι
623 3110 847 3180 Qualem
908 3111 1074 3181 igitur
1111 3109 1309 3164 Filium
1359 3123 1519 3164 suum
1568 3107 1716 3164 Deus
1758 3124 1853 3180 per
1897 3123 2115 3163 carnem
2145 3135 2189 3196 ρ

544 3205 714 3268 misit,
745 3204 849 3259 nisi
882 3201 1143 3264 Verbum,
1168 3202 1313 3272 quod
1345 3217 1375 3255 a
1397 3200 1666 3270 principio
1692 3200 1899 3255 scilicet
1920 3197 2116 3254 Filium

538 3297 775 3360 Vocavit,
823 3297 951 3366 quia
983 3294 1230 3349 futurum
1257 3302 1397 3359 erat,
1444 3300 1506 3347 ut
1545 3300 1726 3349 ortum
1773 3292 2028 3362 caperet?
2054 3290 2118 3347 Et

546 3404 673 3445 cum
706 3388 876 3443 Filius
910 3398 1172 3454 vocatur,
1204 3402 1494 3443 commune
1523 3400 1721 3440 nomen
1755 3384 1959 3440 amoris
1986 3399 2115 3455 erga

541 3480 792 3536 homines
835 3482 1025 3536 sumit.
1068 3479 1179 3535 Nec
1202 3481 1345 3536 enim
1375 3477 1616 3535 Verbum
1663 3492 1760 3548 per
1804 3492 1865 3533 se
1901 3485 1956 3532 et
1996 3476 2115 3532 sine

537 3586 736 3639 carne,
769 3571 1037 3640 perfectus
1066 3570 1237 3626 Filius
1268 3578 1412 3635 erat,
1446 3585 1573 3625 cum
1608 3577 1789 3624 tamen
1815 3576 1959 3623 esset
1981 3564 2116 3622 Vero

537 3664 691 3730 bum,
744 3661 1087 3735 Unigenitus.
1140 3660 1325 3732 Neque
1364 3676 1493 3717 caro
1545 3676 1640 3731 per
1692 3674 1750 3714 se
1774 3660 1910 3725 §sine
1936 3657 2112 3714 Verbo

538 3753 837 3809 subsistere
883 3761 1115 3823 poterat,
1156 3754 1283 3823 quia
1318 3753 1371 3807 in
1417 3751 1596 3807 Verbo
1634 3751 1981 3807 subsistebat.
2022 3749 2114 3805 Sic

521 3856 667 3913 ergo
688 3859 830 3898 unus
846 3841 1017 3897 Filius
1043 3843 1137 3897 Dei
1152 3841 1421 3913 perfectus
1438 3841 1820 3896 manifestatus
1842 3848 1925 3895 est
1939 3839 2105 3911 (δι).›

535 3931 695 3989 Hunc
740 3944 921 3988 autem
956 3933 1135 3988 locum
1168 3948 1278 4004 quo
1313 3934 1548 3988 maxime
1594 3933 1889 3987 abutuntur
1915 3930 2106 3986 Unita-

532 4027 623 4094 rii,
663 4036 825 4098 atque
866 4027 1161 4098 plurimum
1191 4040 1250 4081 se
1281 4025 1513 4080 ell‘erunt
1538 4064 1556 4091 ,
1593 4025 1808 4096 egregie
1855 4023 2106 4091 illustrat,

533 4135 600 4174 ac
631 4131 852 4176 strenue
875 4127 1182 4191 propugnat
1208 4118 1564 4174 doctissimus
1589 4116 1845 4173 Maranus
1877 4117 1964 4173 his
1984 4132 2109 4172 ver-

530 4209 616 4265 bis
651 4228 666 4265 :
698 4228 718 4261 ‹
766 4208 995 4265 Videtur
1016 4252 1032 4279 ,
1070 4209 1278 4281 inquit,
1309 4218 1532 4265 sanctus
1562 4217 1765 4281 martyr
1785 4209 1861 4264 ita
1888 4209 2105 4265 locutus

531 4302 701 4357 fuisse
729 4301 932 4374 duplici
968 4303 1313 4374 potissimum
1345 4303 1414 4358 de
1439 4317 1602 4359 causa
1628 4300 1739 4373 (65)
1774 4317 1788 4354 :

611 4413 630 4446 c
659 4385 701 4448 l.
736 4394 875 4461 Quia
899 4393 1158 4461 Verbum,
1184 4396 1287 4452 etsi
1320 4394 1593 4465 perfectus
1632 4393 1729 4449 Dei
1770 4392 1944 4452 Filius
1986 4408 2105 4471 erat

529 4495 657 4542 ante
696 4484 1147 4555 incarnationem,
1183 4496 1245 4543 ut
1274 4497 1418 4559 patet
1444 4504 1509 4543 ex
1542 4488 1661 4558 ipso
1686 4488 1831 4554 loco,
1856 4486 1947 4544 ubi
1973 4502 2098 4543 eum
2130 4493 2178 4551 ι)

532 4575 869 4649 Unigenitum
897 4580 1131 4649 appellat
1161 4577 1503 4651 Hippolytus,
1539 4588 1593 4636 et
1635 4596 1704 4636 ex
1734 4581 1922 4637 multis
1951 4580 2095 4648 aliis,

527 4669 587 4727 in
612 4669 810 4741 quibus
836 4670 901 4725 de
920 4670 1039 4739 ejus
1061 4670 1409 4738 generatione
1437 4670 1637 4726 diserte
1658 4670 1897 4741 disputat
1915 4686 2095 4736 ;-non-

527 4763 657 4819 dum
702 4773 882 4818 tamen
914 4772 1033 4818 erat
1060 4763 1231 4818 Filius
1260 4762 1527 4819 hominis.
1573 4761 1723 4819 Hanc
1768 4763 1884 4833 ipse
1925 4764 2095 4819 inter-

616 4894 638 4925 '
669 4895 802 4949 Dan.
832 4909 932 4960 vn,
959 4895 1049 4951 i3.

592 5078 705 5150 (60)
755 5076 882 5135 Haec
921 5078 1102 5134 omnia
1141 5077 1393 5150 Christus
1439 5075 1779 5150 meonomice
1825 5085 2084 5150 tanquam

520 5146 694 5205 homo
712 5150 1053 5220 precabatur,
1078 5148 1173 5220 qui
1191 5158 1307 5220 erat
1326 5164 1489 5220 verus
1504 5146 1668 5214 Deus,
1691 5147 1823 5220 Θεὸς
1853 5146 1930 5201 ὢν
1953 5146 2085 5219 ἀλη-

520 5220 683 5285 θινός.
712 5217 778 5275 ’5.
817 5219 1060 5290 Hippol.,
1094 5217 1225 5273 Adv.
1253 5217 1491 5284 Judagos,
1522 5233 1673 5290 num.
1709 5219 1763 5271 4.

589 5284 699 5362 (Μ)
744 5291 850 5346 Sed
884 5284 1075 5360 quare,
1112 5306 1147 5345 o
1191 5289 1471 5362 propheta,
1516 5288 1754 5362 edissere
1780 5284 1956 5362 nobis,
1983 5301 2082 5362 cur

514 5356 774 5441 templum
809 5356 1144 5441 devastatum
1172 5356 1256 5416 est
1269 5356 1396 5441 iiA’n
1434 5366 1652 5441 propter
1674 5356 1969 5441 i_ll_amlolini
1999 5359 2080 5441 vi:

518 5426 1083 5486 tuli—fabricationem?
1124 5446 1192 5485 an
1220 5426 1451 5500 propter
1470 5426 2080 5500 populiAidololatriam?

516 5514 585 5573 an
618 5509 834 5573 propter
884 5497 1700 5573 sanguinem_prophetaruin_?_
1733 5513 1804 5553 an
1856 5507 2076 5573 prepter

515 5566 781 5637 adulteria
808 5579 862 5625 et
895 5566 1281 5626 fornicationes
1330 5566 1536 5625 Israel?
1574 5566 1814 5635 Minime,
1859 5566 2070 5636 inquit;

514 5639 571 5694 in
604 5639 859 5709 omnibus
902 5642 1046 5695 enim
1089 5642 1194 5697 illis
1214 5655 1426 5708 semper
1450 5640 1664 5694 veniam
1690 5647 1744 5692 et
1783 5637 2071 5709 indulgen-

514 5710 649 5764 tiam
689 5707 966 5781 l‘erebant;
1006 5711 1101 5767 sed
1131 5711 1261 5781 quia
1297 5707 1491 5781 Filium
1518 5709 1753 5764 auctoris
1784 5707 2072 5781 beneﬁcio—

514 5794 638 5837 rum
687 5775 1094 5851 interiecerunt,
1133 5775 1250 5852 ipse
1288 5780 1433 5837 enim
1462 5789 1547 5836 cst
1573 5788 1874 5841 costernus
1899 5775 2067 5830 Patri.

2227 1883 2439 1953 putatio
2462 1883 2798 1953 postulabat,
2835 1893 2894 1938 ut
2929 1882 3167 1938 Verbum
3202 1881 3520 1954 Hippolytus
3556 1894 3681 1939 ante
3708 1886 3808 1941 in-

2230 1974 2602 2029 carnationem
2634 1990 2742 2030 non
2765 1975 3153 2045 metaphorice,
3180 1975 3272 2030 sed
3303 1990 3428 2030 vere
3456 1976 3527 2031 ob
3558 1975 3805 2031 futuram

2227 2081 2292 2119 ex
2324 2064 2544 2137 Virgine
2569 2067 2990 2139 generationem
3032 2066 3228 2121 Filium
3264 2067 3499 2123 hominis
3539 2079 3805 2125 vocatum

2225 2156 2396 2214 fuisse
2413 2160 2788 2229 pratenderet,
2809 2173 2909 2214 nec
2936 2167 3113 2213 tamen
3127 2158 3361 2228 perfecte
3381 2157 3579 2215 Filium
3603 2160 3806 2230 fuisse,

2226 2251 2356 2320 quia
2390 2251 2629 2305 nondum
2664 2265 2729 2305 ex
2758 2248 2978 2321 Virgine
3007 2250 3219 2321 genitus
3243 2258 3378 2305 erat.

2301 2343 2402 2396 «ΙΙ.
2439 2341 2555 2396 Νοη
2591 2342 2765 2397 solum
2807 2340 3043 2396 Verbum
3086 2342 3140 2395 in
3183 2340 3438 2410 Christo,
3488 2343 3581 2399 sed
3629 2345 3803 2400 etiam

2223 2448 2429 2503 corpus
2458 2441 2514 2487 et
2540 2432 2777 2487 animam
2812 2431 3124 2487 considerat
3165 2430 3517 2503 Hippolytus;
3560 2448 3625 2487 ac
3663 2432 3807 2489 Ver-

2223 2524 2351 2578 bum
2386 2524 2598 2578 unitum
2632 2524 2807 2585 carni,
2836 2539 3012 2577 unum
3059 2532 3115 2578 et
3146 2523 3447 2594 perfectum
3474 2523 3567 2579 Dei
3594 2524 3802 2583 Filium

2221 2621 2536 2676 existimat:
2569 2620 2642 2674 ita
2683 2619 3027 2689 ut,Christus
3104 2634 3213 2674 non
3279 2619 3454 2673 solum
3524 2630 3806 2688 quatenus

2221 2711 2483 2780 Verbum,
2511 2712 2605 2768 sed
2635 2712 2797 2767 etiam
2857 2721 3135 2781 quatenus
3157 2710 3302 2765 Deus
3325 2719 3380 2765 et
3408 2713 3591 2774 homo,
3620 2710 3805 2769 Filius

2221 2804 2290 2860 sit
2323 2803 2438 2859 Dei.
2471 2802 2937 2870 Quemadmodum
2983 2802 3147 2873 igitur
3192 2816 3322 2856 caro
3352 2802 3470 2857 sine
3499 2800 3675 2857 Verbo
3703 2802 3800 2857 Fi-

2220 2896 2328 2951 lius
2358 2894 2452 2950 Dei
2482 2909 2605 2950 esse
2651 2909 2761 2949 non
2789 2901 2998 2964 potest;
3029 2894 3100 2947 ita
3137 2891 3376 2948 Verbum
3425 2892 3545 2947 sine
3603 2907 3797 2960 carne,

2218 2983 2520 3055 perfectum
2552 2983 2773 3055 quidem
2796 2981 3032 3039 Verbum
3062 2992 3180 3039 erat
3208 2992 3264 3037 et
3312 2982 3665 3054 Unigenitus,
3693 2984 3796 3039 sed

2222 3093 2365 3133 unus
2401 3077 2492 3133 ille
2530 3076 2806 3147 perfectus
2847 3075 3055 3143 Filius,
3104 3090 3171 3130 ex
3224 3073 3430 3137 Verbo,
3460 3090 3691 3145 corpore
3735 3083 3796 3133 et
3836 3120 3853 3139 .

2219 3169 2405 3224 animo
2433 3178 2712 3234 constans,
2746 3183 2855 3223 non
2897 3175 3034 3222 erat.
3072 3165 3191 3223 Huc
3238 3167 3501 3237 pertinet,
3536 3169 3680 3237 quod
3711 3168 3795 3224 ait

2217 3276 2336 3331 cap.
2375 3261 2451 3316 ιτ
2489 3278 2509 3312 ι
2540 3259 2636 3315 Est
2664 3260 2828 3330 igitur
2851 3275 3014 3326 caro,
3042 3275 3164 3329 qua:
3188 3274 3218 3313 a
3252 3257 3429 3313 Verbo
3474 3257 3651 3333 Patris
3683 3261 3790 3314 ob-

2220 3370 2239 3403 ι
2264 3354 2690 3419 lata,utmunus
2718 3360 2835 3415 est;
2865 3366 3014 3418 caro,
3047 3350 3288 3420 inquam,
3311 3365 3434 3419 quae
3460 3359 3545 3403 est
3567 3365 3633 3404 ex
3663 3349 3790 3421 Spi-

2219 3461 2238 3493 ι
2269 3443 2374 3497 ritu
2405 3450 2617 3506 sancto,
2639 3450 2695 3496 et
2722 3440 2960 3512 Virgine,
2988 3439 3261 3510 perfectus
3289 3438 3458 3495 Filius
3487 3437 3578 3494 Dei
3603 3449 3788 3495 osten-

2220 3549 2238 3580 ε
2271 3545 2386 3585 sus.
2419 3548 2441 3582 ι
2472 3531 2530 3584 in
2549 3522 2805 3584 eamdem
2837 3530 3159 3585 sententiam
3187 3529 3535 3599 accipienda,
3562 3545 3683 3599 qua;
3706 3530 3788 3588 le-

2212 3631 2412 3691 guntur
2442 3621 2502 3676 in
2538 3621 2675 3675 libro
2720 3622 2959 3691 genuino
2992 3620 3069 3675 De
3114 3620 3470 3685 Antio/crista,
3522 3636 3643 3691 cap.
3692 3621 3730 3675 3
3761 3640 3780 3678 :

2209 3713 2382 3781 Αὐτὸς
2432 3713 2591 3769 πάλιν
2614 3713 2642 3765 ὁ
2666 3711 2760 3765 τοῦ
2812 3710 2946 3765 Θεοῦ
3002 3713 3168 3775 παῖς,
3202 3713 3231 3763 ὁ
3257 3712 3423 3766 πάλαι
3459 3712 3555 3784 μὲν
3584 3711 3781 3779 Λόγος.

2216 3823 2235 3855 ι
2269 3806 2381 3875 Ipse
2410 3820 2602 3859 rursus
2630 3803 2724 3858 Dei
2752 3802 2957 3869 Filius,
2986 3803 3077 3872 qui
3102 3803 3252 3872 prius
3303 3801 3537 3857 Verbum
3570 3811 3705 3858 erat.
3751 3822 3775 3858 ι

2208 3892 2482 3950 Hactenus
2515 3892 2573 3949 V.
2595 3892 2659 3948 C.
2693 3892 2879 3964 Neque
2907 3893 3091 3947 minus
3113 3893 3284 3947 solide
3316 3902 3497 3947 tuetur
3522 3894 3777 3951 eumdem

2206 3986 2387 4041 locum
2419 3984 2717 4057 Gregorius
2758 3982 2947 4039 Bullus
2976 3993 3168 4039 contra
3209 3981 3548 4038 Zwicharum
3578 3982 3781 4042 Iren'Ci

2205 4076 2540 4133 Irem'carum
2564 4086 2840 4132 auctorem
2873 4076 2930 4130 in
2962 4076 3081 4132 haec
3110 4075 3273 4131 verba
3303 4075 3576 4133 disserens
3610 4075 3722 4147 (66)
3757 4093 3775 4131 :

2212 4189 2232 4224 ι
2259 4168 2380 4225 Non
2438 4169 2514 4226 ita
2557 4167 2782 4225 insaniit
2829 4164 3182 4239 Hippolytus,
3235 4174 3297 4221 ut
3343 4166 3547 4221 diceret
3592 4168 3776 4237 (quod

2203 4260 2410 4318 dixisse
2451 4259 2606 4317 illum
2637 4256 2942 4331 anonymus
2989 4258 3202 4327 voluit)
3232 4256 3426 4337 j’erbo
3477 4257 3592 4313 sive
3635 4255 3776 4313 Uni-

2203 4352 2386 4424 genito
2406 4350 2704 4423 quidquam
2743 4349 3053 4405 intrinsecaa
3082 4346 3429 4419 perfectionis
3455 4362 3643 4403 revera
3674 4364 3775 4405 ac-

2203 4442 2434 4499 cessisse
2475 4457 2544 4496 ex
2586 4441 2769 4498 carnis
2813 4441 3215 4511 assumptione;
3269 4440 3381 4495 imo
3429 4440 3770 4498 contrarium

2201 4543 2385 4605 aperte
2431 4534 2637 4590 docuit.
2673 4531 2810 4588 Nam
2849 4532 3028 4604 primo
3067 4532 3267 4588 diserte
3315 4532 3423 4595 ait,
3468 4530 3765 4589 Dominum

2195 4636 2445 4684 nostrum
2484 4624 2782 4698 perfectum
2820 4623 2994 4680 fuisse
3041 4622 3278 4680 Verbum
3319 4631 3377 4680 et
3410 4623 3764 4691 Unigenitum

2195 4728 2323 4776 ante
2355 4719 2815 4776 incarnationem.
2858 4716 3060 4773 Deinde
3100 4716 3247 4772 clare
3288 4715 3479 4783 docet,
3519 4713 3761 4773 Verbum

2182 5072 2354 5138 Αὐτὸς
2383 5073 2491 5142 γὰρ
2515 5071 2661 5126 ἐστὶν
2689 5072 2718 5124 ὁ
2744 5067 2819 5142 τῷ
2853 5068 3027 5140 “arpi
3061 5066 3344 5142 6‘J‘)d'?_6t0§.
3378 5065 3436 5122 S.
3475 5066 3747 5142 Ilippolyt.

2185 5138 2483 5198 Demonstr‘.
2518 5143 2719 5197 advers.
2749 5138 2983 5204 Jadwos,
3016 5154 3166 5192 mun.
3204 5138 3253 5190 7.
3545 5138 3557 5140 ‘
3580 5138 3617 5147 "

2252 5212 2364 5285 (62)
2396 5212 2453 5267 S.
2484 5209 3045 5283 Hippolyt.Commeut.
3072 5209 3127 5262 in
3149 5204 3496 5275 Genes.,tom.
3528 5206 3592 5275 li,
3619 5224 3747 5281 pag.

2179 5280 2269 5349 27,
2299 5280 2369 5340 98
2391 5293 2442 5337 et
2461 5280 2570 5338 9.9K
2590 5280 2604 5282 ⁷
2682 5280 2692 5282 ⁷

2247 5355 2356 5421 (65)
2388 5353 2554 5421 Idem,
2590 5350 2786 5407 Contra
2819 5344 3277 5421 Noet.,num._ll.

2245 5418 2357 5493 (64)
2390 5418 2555 5486 Idem,
2580 5422 2778 5477 Contra
2799 5420 2994 5493 _Ne_et.._
3019 5418 3198 5493 c_.__15.

2245 5484 2585 5568 (65jlhiaran.
2633 5486 2924 5565 DivinitJ.
2954 5488 3016 5545 C.
3050 5487 3144 5543 lib.
3196 5503 3272 5552 tv,
3318 5502 3367 5541 c.
3409 5486 3495 5549 l5,
3527 5484 3633 5557 μ,
3683 5502 3740 5556 ιι.

2171 5554 2354 5777 ἔέἓδ)
2392 5633 2600 5759 Βυέἒιυε,
2635 5631 2841 5702 Defeats.
2870 5628 2964 5700 βά.
3000 5625 3207 5683 Nicaea.
3227 5663 3243 5689 ,
3271 5634 3403 5681 sect.
3436 5638 3498 5693 ιι,
3526 5638 3646 5695 cap.
3675 5622 3740 5697 3,

2262 5745 2277 5772 ν
2310 5721 2432 5775 pas-
2537 5745 2549 5758 -
2798 5734 2803 5741 '
2921 5739 2925 5745 '
3274 5736 3279 5741 ’
3554 5720 3557 5723 Ἰ

2262 5745 2277 5772 ,
2310 5721 2432 5775 pag.
2461 5720 2549 5759 νυ.
2798 5734 2803 5741 ι
2921 5739 2925 5745 η
3274 5736 3279 5741 ι
3554 5720 3557 5723 ‘
