4034 6378
279 393 382 474 scit

1272 409 1364 468 DE
1413 409 1575 466 VITA
1607 407 1696 463 ET
1729 401 2043 464 SCRIPTIS
2096 403 2156 458 S.
2196 399 2583 456 HIPPOLYTI.

3440 403 3548 458 562

280 541 406 596 sive
435 536 786 609 Unigenitum
821 536 954 590 adeo
982 548 1048 589 ex
1083 547 1246 588 carne
1273 532 1512 586 humana
1541 545 1648 585 non
1675 529 1866 584 melio-
1895 531 1940 588 Α
1970 523 2149 587 Patre,
2183 532 2441 592 tanquam
2471 521 2654 576 lumen
2681 535 2747 576 ex
2771 519 2999 585 lumine,
3026 527 3081 576 et
3115 535 3257 590 aqua
3281 535 3348 576 ex
3376 517 3548 584 ferite,

271 642 458 688 ratum
502 645 660 694 esse,
693 637 754 682 ut
791 643 921 682 caro
968 627 1059 680 illa
1095 625 1266 694 ipsam
1298 639 1454 678 suam
1499 621 1863 702 substantiam

274 721 461 780 Verbo
493 723 704 778 debeat.
739 721 879 786 Quid
927 734 1096 790 ergo,
1142 717 1393 786 inquies,
1439 715 1613 769 voluit
1659 713 1864 783 Hippo-

269 815 448 886 lytus,
493 829 618 867 eum
653 813 728 865 ait
770 810 1006 865 Verbum
1068 817 1122 864 et
1167 807 1515 878 Unigenitum
1551 807 1671 861 sine
1701 820 1865 859 carne

269 905 579 978 perfectum
607 919 712 959 non
746 892 916 959 fuisse
942 902 1182 958 Filium?
1221 901 1437 966 Voluit,
1475 901 1724 968 inquam,
1745 915 1864 952 ma-

270 999 514 1066 nifeste,
569 998 660 1051 τὸν
715 997 886 1065 Λόγον
935 1004 1062 1050 ante
1104 994 1534 1048 incarnationem
1573 1008 1680 1046 non
1713 990 1862 1045 omni

247 1095 561 1150 tiliationis
594 1109 791 1166 genere
815 1132 830 1155 ,
869 1101 932 1146 ut
965 1093 1039 1146 ita
1074 1092 1286 1156 dicam,
1318 1089 1637 1144 defunctum
1668 1085 1859 1152 fuisse,

267 1185 390 1239 sive
427 1185 668 1238 nondum
701 1183 872 1238 fuisse.
904 1184 1054 1238 omni
1090 1182 1288 1242 modo,
1331 1195 1440 1250 quo
1465 1178 1629 1232 Pater
1663 1177 1859 1243 voluit,

267 1276 371 1330 Dei
405 1276 624 1330 Filium.
659 1276 878 1330 Scilicet
900 1274 1132 1328 Domino
1158 1283 1345 1328 nostro
1375 1271 1636 1340 triplicem
1666 1270 1864 1323 nativi-

267 1377 440 1422 tatem
493 1377 548 1421 et
597 1367 915 1421 ﬁliationem
977 1367 1342 1421 attribuerunt
1395 1377 1626 1422 veteres.
1676 1364 1860 1422 Prima

268 1469 376 1524 est,
402 1475 509 1528 qua
544 1467 603 1513 ut
635 1458 805 1527 Λόγος
837 1475 901 1513 ex
937 1467 1116 1513 mente
1163 1457 1336 1514 Patris
1367 1459 1435 1514 ab
1461 1468 1666 1516 aeterno
1702 1469 1860 1515 natus

269 1551 398 1605 fuit.
449 1550 529 1604 Ex
573 1551 675 1605 hac
723 1551 1006 1605 nativitate
1051 1550 1288 1620 perfecta
1336 1551 1644 1622 hypostasis
1678 1553 1857 1608 divina

264 1644 515 1712 exstitit;
572 1659 671 1698 nec
721 1643 822 1712 ipsi
875 1639 1172 1713 quidquam
1205 1653 1392 1712 postea
1439 1646 1705 1711 accessit,
1761 1645 1859 1700 sed

263 1737 460 1806 potius
507 1745 716 1791 caetera:
761 1737 1074 1790 nativitates
1135 1735 1570 1804 συγκαταϐάσεις
1604 1737 1857 1805 fuerunt,

265 1829 391 1884 sive
435 1829 927 1885 condescensiones
957 1828 1079 1883 Filii
1109 1827 1225 1882 Dei.
1274 1829 1456 1884 Altera
1489 1847 1682 1901 nempe
1725 1833 1861 1886 nati-

267 1923 420 1978 vitas
445 1930 548 1987 est,
567 1939 674 1992 qua
700 1913 728 1976 ό
755 1922 926 1990 Λόγος
945 1937 975 1976 a
1007 1921 1116 1977 Deo
1145 1922 1325 1988 Patre,
1354 1925 1495 1994 apud
1523 1942 1708 1996 quem,
1733 1942 1857 1982 cum

260 2015 409 2070 nihil
456 2015 636 2070 adhuc
681 2023 879 2085 printer
920 2015 1088 2069 Deum
1141 2017 1455 2085 exsisteret,
1511 2019 1754 2088 adeoque
1794 2035 1861 2073 ex

261 2117 476 2163 πίει-πο
513 2107 728 2174 fuerat,
777 2109 898 2162 κατ’
933 2108 1216 2181 ἐνέργειαν
1251 2110 1452 2176 exivit,
1501 2126 1566 2166 ac
1599 2119 1857 2180 tanquam

259 2216 332 2256 ex
366 2208 523 2254 utero
554 2199 674 2269 ejus
702 2201 936 2269 prodiit,
963 2217 1130 2271 seque
1164 2201 1381 2258 demisit
1412 2203 1478 2257 ad
1512 2203 1856 2258 condendum

261 2293 550 2346 universa.
586 2290 770 2346 Tertia
806 2291 1034 2347 'demum
1091 2293 1347 2350 nativitas
1395 2303 1507 2350 tum
1548 2294 1687 2362 fuit,
1733 2311 1857 2350 cum

267 2386 419 2440 idem
451 2387 480 2439 ό
513 2385 686 2454 Λόγος
723 2401 851 2441 caro
886 2386 1062 2443 factus
1106 2397 1208 2452 est,
1243 2397 1295 2444 et
1335 2381 1366 2444 e
1411 2388 1532 2444 sinu
1583 2388 1760 2445 Patris
1803 2389 1860 2444 in

261 2489 489 2533 uterum
525 2477 854 2533 beatissima:
882 2477 1118 2547 Virginis
1151 2480 1396 2550 illapsus,
1441 2481 1608 2535 homo
1638 2495 1702 2535 ex
1739 2481 1858 2551 ipsa

263 2579 435 2624 natus
471 2578 553 2624 est
599 2585 694 2632 per
730 2569 1192 2625 inutnbrationem
1237 2571 1474 2642 Spir’itUS
1499 2572 1695 2628 sancti.
1739 2571 1856 2629 Hoc

262 2659 374 2715 fuit
399 2661 496 2714 τοῦ
521 2663 694 2731 Λόγου
722 2673 963 2719 extrema
993 2665 1397 2733 συγκατάὸασις
1423 2664 1473 2736 (a
1500 2665 1660 2720 nobis
1680 2664 1861 2720 homi-

262 2752 456 2817 nibus,
483 2755 730 2825 adeoque
759 2757 828 2810 ab
857 2756 990 2826 ipsis
1017 2757 1220 2826 angelis
1239 2766 1500 2811 :eternum
1527 2757 1855 2830 adoranda),

264 2860 378 2914 qua
414 2856 669 2914 peracta,
719 2851 993 2918 perfectus
1024 2848 1197 2904 Filius
1234 2847 1327 2902 Dei
1365 2848 1544 2904 factus
1595 2858 1708 2916 est,
1751 2849 1858 2905 hoc

266 2945 372 3002 est,
408 2945 469 2991 ut
500 2939 610 2992 dixi
640 2981 654 3005 ,
684 2941 835 2994 omni
874 2940 1154 2997 ﬁliationis
1181 2957 1380 3014 genere
1409 2941 1700 2998 defunctus
1725 2952 1807 2998 est
1837 2959 1854 2998 :

272 3028 550 3097 siquidem
577 3040 788 3086 caeterze
821 3031 1127 3100 ﬁliationes,
1161 3051 1282 3104 qua:
1318 3035 1615 3110 humanam
1641 3027 1856 3091 ‘Christi

267 3130 526 3175 naturam
554 3132 820 3192 spectant,
868 3139 935 3178 ex
966 3125 1066 3179 hac
1092 3125 1420 3196 dependent,
1450 3138 1612 3198 atque
1641 3143 1707 3183 ex
1738 3129 1856 3199 ipsa

267 3224 707 3281 consequuntur.
765 3213 889 3270 Haac
949 3215 1128 3271 fusius
1181 3217 1616 3287 explicabimus,
1681 3221 1924 3291 inquitC

269 3303 343 3357 cl.
389 3303 615 3372 Bullus,
649 3305 716 3360 ad
757 3305 1055 3361 sectionem
1087 3307 1233 3360 illam
1268 3308 1334 3374 5,
1364 3309 1431 3364 de
1464 3309 1586 3363 Filii
1614 3309 1694 3383 τῷ
1735 3328 1860 3364 συν-

268 3393 453 3466 αῖδίῳ.
487 3413 508 3447 ι
1449 3447 1462 3469 ι

333 3485 564 3539 Interim
614 3485 750 3541 illud
793 3486 1194 3543 observandum
1240 3499 1355 3556 est,
1406 3491 1548 3547 inter
1591 3507 1686 3558 ea,
1736 3509 1860 3563 quae

272 3579 480 3636 Irenici
515 3587 711 3633 auctor
759 3595 822 3634 ex
875 3581 1014 3634 libro
1061 3579 1333 3653 Hippolyti
1387 3582 1587 3638 Contra
1628 3585 1858 3649 Noctum

268 3673 538 3739 adduxit,
574 3681 834 3742 tanquam
863 3674 1175 3739 catholicae,
1233 3676 1284 3730 id
1326 3685 1443 3743 est,
1474 3677 1704 3733 Nietena:
1731 3679 1855 3734 ﬁdei

267 3766 585 3831 contraria,
621 3765 869 3835 quaedam
923 3781 1073 3829 esse,
1109 3781 1231 3835 quae
1279 3767 1428 3822 illam
1480 3769 1654 3838 ipsam
1693 3769 1856 3824 ﬁdem

267 3858 491 3929 egregie
555 3857 905 3912 conﬁrmant.
964 3854 1295 3926 Huiusmodi
1367 3865 1454 3912 est
1523 3858 1658 3914 illud
1720 3859 1856 3931 (67):

275 3968 298 4002 ι
323 3949 466 4004 Cum
515 3949 683 4003 alium
718 3947 839 4003 dico
888 3948 1118 4018 (nempe
1149 3947 1347 4002 Filium
1393 3965 1424 4004 a
1479 3951 1637 4025 l’atre
1667 3949 1782 4023 [68]
1813 3950 1856 4023 ),

268 4059 383 4098 non
414 4043 554 4097 duos
578 4041 720 4098 Deos
749 4042 893 4106 dico,
921 4041 1016 4097 sed
1043 4051 1297 4112 tanquam
1321 4043 1506 4097 lumen
1535 4059 1602 4097 ex
1628 4044 1854 4110 lumine,

268 4144 338 4189 et.
357 4148 559 4204 aquam
608 4149 676 4188 ex
728 4132 912 4196 fonte,
946 4141 1039 4186 aut
1065 4132 1278 4186 radium
1314 4149 1345 4187 a
1380 4133 1536 4188 sole:
1571 4151 1677 4188 una
1709 4135 1855 4190 enim

267 4227 447 4281 virtus
497 4241 564 4280 ex
599 4233 748 4290 toto;
798 4234 970 4279 totum
1007 4239 1136 4278 vero
1176 4221 1358 4290 Pater,
1406 4241 1472 4279 ex
1502 4242 1613 4295 quo
1645 4227 1854 4295 virtus,

268 4317 517 4374 Verbum
547 4335 560 4372 :
592 4317 696 4373 hoc
722 4332 850 4372 vero
880 4332 1034 4372 mens
1061 4333 1159 4372 seu
1193 4332 1393 4372 sensus
1414 4357 1429 4381 ,
1467 4319 1562 4384 qui
1595 4320 1855 4389 prodiens

268 4411 329 4465 in
379 4409 681 4475 mundum,
724 4418 982 4464 ostensus
1021 4420 1105 4464 est
1136 4407 1278 4462 Puer
1329 4409 1422 4463 Dei
1469 4409 1603 4481 (69).
1660 4411 1854 4466 Omnia

267 4503 444 4573 ig‘itur
470 4516 566 4571 per
589 4517 713 4555 eum
745 4500 886 4554 facta
921 4511 1087 4565 sunt;
1125 4500 1240 4570 ipse
1287 4499 1438 4555 solus
1466 4515 1535 4554 ex
1561 4499 1721 4556 Patre
1754 4517 1852 4574 ge-

1967 624 2022 672 et
2051 615 2236 670 radius
2262 629 2291 668 a
2319 613 2434 669 sole
2463 613 2711 683 prodeat,
2734 621 2788 666 et
2815 610 3014 666 Filium
3039 611 3241 666 diserte
3266 610 3456 666 eximit
3480 626 3552 666 ex

1966 721 2196 761 numero
2229 720 2410 759 rerum
2463 718 2495 758 a
2529 702 2638 758 Deo
2687 703 2955 757 factarum
2984 742 2999 768 ,
3050 702 3214 755 illum
3257 701 3433 756 solum
3480 715 3550 760 ex

1965 799 2084 870 ipso
2119 797 2228 852 Deo
2261 795 2422 852 Patre
2453 797 2695 868 genitum
2733 795 3134 864 pronuntians:
3163 810 3285 863 quae
3307 809 3431 848 cum
3459 791 3551 850 Ni-

1963 904 2108 945 caena
2142 888 2244 943 ﬁde
2272 904 2336 943 ac
2368 887 2716 943 confessione
2753 886 2982 940 omnino
3011 887 3353 954 conspirant.

2037 980 2222 1049 Neque
2242 980 2443 1048 cuique
2465 977 2792 1033 ollendiculo
2819 992 2940 1031 esse
2960 976 3140 1039 debet,
3169 975 3315 1044 quod
3346 973 3548 1030 ibidem

1964 1073 2285 1144 Hippolytus
2318 1071 2535 1127 Patrem
2570 1072 2718 1127 dicat
2755 1079 2942 1136 totum,
2979 1070 3179 1124 Filium
3209 1084 3340 1124 vero
3372 1071 3546 1124 virtu—

1965 1175 2069 1221 tem
2091 1181 2154 1219 ea:
2182 1174 2309 1218 toto.
2341 1162 2475 1218 Nam
2506 1171 2679 1218 totum
2714 1172 2860 1217 recte
2892 1162 3093 1216 dicitur
3113 1160 3298 1224 Pater,
3320 1164 3449 1233 quia
3465 1173 3550 1218 est

1964 1259 2116 1331 πηγὴ
2141 1258 2412 1328 Θεότητος.
2441 1256 2723 1327 Siquidem
2751 1255 3029 1318 divinitas,
3064 1271 3185 1325 quae
3215 1256 3268 1309 in
3297 1254 3435 1308 Filio
3460 1262 3546 1308 est

1961 1359 2016 1407 et
2050 1352 2103 1404 in
2139 1349 2346 1420 Spiritu
2381 1359 2593 1414 sancto,
2628 1347 2807 1402 Patris
2831 1358 2946 1412 est,
2977 1347 3105 1418 quia
3140 1362 3170 1400 a
3207 1346 3368 1400 Patre
3402 1347 3548 1401 deria

1960 1453 2138 1500 vatur.
2172 1443 2431 1513 Apprime
2459 1443 2650 1497 itidem
2671 1441 2940 1496 catholica
2973 1453 3131 1505 sunt,
3165 1455 3287 1510 quae
3315 1455 3445 1493 mox
3476 1454 3542 1493 ex

1959 1539 2152 1593 eodem
2217 1535 2493 1607 Hippolyti
2573 1535 2714 1590 libro
2787 1535 3032 1604 suphista
3092 1533 3283 1597 aﬂ‘ert,
3350 1547 3548 1600 nempe

1960 1631 2078 1686 haec
2101 1628 2215 1701 (70)
2249 1646 2262 1681 :
2304 1648 2323 1680 ι
2353 1627 2516 1682 Pater
2543 1629 2789 1694 mandat,
2821 1627 3060 1682 Verbum
3092 1626 3338 1696 perlicit;
3373 1624 3546 1678 Filius

1960 1732 2138 1776 autem
2187 1720 2514 1786 ostenditur,
2565 1735 2662 1790 per
2690 1736 2852 1790 quem
2889 1718 3051 1774 Pater
3078 1718 3334 1773 creditur.
3368 1715 3547 1771 ΟΕςο-

1962 1814 2142 1869 nomia
2169 1813 2553 1868 consensionis
2586 1813 2849 1881 redigitur
2878 1811 2946 1867 ad
2973 1827 3141 1865 unum
3170 1809 3361 1865 Deum.
3389 1808 3545 1865 Unus

1961 1906 2105 1960 enim
2130 1915 2213 1960 est
2239 1904 2405 1969 Deus,
2435 1906 2528 1974 qui
2563 1905 2785 1959 mandat
2808 1903 2990 1969 Pater,
3018 1905 3113 1973 qui
3138 1903 3323 1956 ohedit
3349 1901 3542 1968 Filius,

1962 1997 2055 2065 qui
2087 1995 2242 2050 docet
2274 1995 2557 2050 scientiam
2585 1994 2820 2064 Spiritus
2852 2004 3096 2049 sanctus.
3131 1993 3312 2059 Pater,
3340 1993 3432 2062 qui
3461 1999 3549 2048 est

1962 2102 2128 2158 super
2157 2087 2368 2153 omnia,
2395 2085 2567 2140 Filius
2599 2102 2692 2156 per
2725 2087 2931 2152 omnia,
2969 2086 3209 2156 Spiritus
3235 2094 3458 2140 sanctus
3488 2085 3547 2140 in

1963 2180 2238 2234 omnibus.
2272 2199 2290 2231 ι
2333 2178 2433 2233 llic
2466 2178 2672 2233 scilicet
2703 2179 2760 2233 S.
2799 2177 3125 2248 Hippolytus
3156 2177 3372 2233 Patrem
3398 2217 3412 2241 ,
3454 2177 3549 2231 Fi-

1962 2273 2095 2327 lium
2124 2282 2180 2327 et
2224 2272 2490 2342 Spiritum
2527 2282 2780 2327 sanetum
2813 2287 2984 2325 unum
3011 2286 3133 2326 esse
3164 2269 3334 2324 Deum
3360 2278 3546 2339 aperte

1961 2366 2139 2429 docet,
2156 2375 2209 2420 et
2237 2357 2534 2435 unieBique
2558 2361 2848 2417 Trinitatis
2870 2362 3128 2415 Pcrsome
3157 2362 3546 2431 omnipraasen-

1961 2457 2092 2511 tiam
2129 2456 2338 2521 tribuit,
2365 2471 2429 2510 ac
2449 2456 2558 2509 vim
2593 2455 2860 2517 divinam,
2893 2468 3014 2522 quae
3036 2461 3232 2506 cuncta
3262 2453 3540 2522 pervadat.

1961 2537 2119 2614 Quod
2157 2561 2288 2600 vero
2319 2545 2534 2602 Patrem
2561 2544 2695 2599 dicit
2725 2543 3013 2605 mandare,
3057 2542 3255 2596 Filium
3298 2539 3547 2608 obedire,

1961 2638 2016 2692 in
2063 2653 2130 2692 eo
2172 2637 2578 2693 consentientes
2620 2650 2806 2690 secum
2855 2644 2910 2688 et
2957 2634 3209 2688 similiter
3255 2634 3544 2703 loquentes

1960 2727 2128 2783 habet
2171 2727 2308 2782 alios
2343 2725 2532 2781 Patres
2559 2726 2930 2792 orthodoxos,
2970 2740 3077 2778 non
3125 2725 3287 2779 modo
3315 2725 3545 2779 Anteni-

1959 2833 2170 2887 canos,
2204 2819 2299 2874 sed
2329 2828 2382 2873 et
2411 2819 2504 2889 qui
2531 2827 2656 2887 post
2684 2818 2981 2872 concilium
3018 2818 3298 2872 Nicwnum
3341 2817 3544 2872 ﬂorue-

1958 2921 2155 2968 runt...
2206 2909 2362 2977 Quod
2417 2911 2600 2964 itidem
2637 2909 3110 2980 Patrem‘proprie
3159 2925 3324 2978 super
3357 2909 3546 2966 omnia

1956 3018 2080 3060 esse
2110 3003 2278 3067 dicit,
2329 3002 2380 3056 id
2415 3001 2482 3056 ad
2524 3001 2716 3073 ἐξοχὴν
2759 3002 2907 3056 illam
2954 3001 3171 3065 Patris,
3223 3018 3332 3071 qua
3376 3001 3541 3056 Pater

1958 3105 2071 3161 est,
2115 3097 2340 3150 omnino
2387 3095 2772 3159 referendum,
2823 3110 2989 3164 quam
3035 3094 3302 3150 Catholici
3349 3109 3544 3150 omnes

1958 3199 2282 3260 agnoscunt.
3201 3177 3220 3204 ‘

2481 3277 2885 3335 ARTICULUS
2925 3278 2993 3334 V.

1950 3404 2027 3450 'DE
2066 3409 2382 3450 DIVINITATE
2423 3401 2669 3451 διιιιιίτυε
2723 3411 2950 3458 SANCTI,
3002 3410 3227 3458 EJUSQUE
3280 3408 3542 3449 PROPRIE“

2400 3482 2639 3542 .TATIBl‘S
2681 3481 3089 3520 PEBSONALIBUS.

2031 3555 2222 3623 Quoad
2260 3554 2524 3626 Spiritum
2559 3566 2832 3624 sanctum,
2858 3557 3009 3611 omni
3060 3556 3546 3626 possibili‘praeci-

1961 3648 2116 3704 sione
2157 3649 2398 3704 declarat
2432 3649 2574 3703 idem
2623 3659 2850 3704 sanctus
2899 3650 3188 3720 episcopus
3228 3659 3281 3703 et
3313 3660 3544 3720 martyr,

1960 3739 2210 3795 divinum
2273 3740 2422 3795 hunc
2477 3739 2741 3810 Spiritum
2796 3756 2918 3796 esse
2973 3743 3189 3796 tertiam
3235 3739 3542 3796 Personam

1961 3833 2321 3888 sanctissima:
2353 3833 2660 3897 Trinitatis,
2691 3841 2752 3888 ut
2777 3849 2944 3902 supra
2972 3834 3084 3903 jam
3115 3833 3373 3889 vidimus.
3401 3831 3546 3902 Sup-

1959 3928 2114 3996 ponit
2142 3941 2270 3980 vero
2303 3926 2446 3980 idem
2475 3936 2667 3981 auctor
2714 3934 2824 3981 tres
2876 3927 3092 3982 divinas
3116 3925 3388 3982 Personas
3419 3943 3544 3981 esse

1961 4035 2132 4074 unum
2167 4019 2530 4089 eamdemque
2569 4021 2772 4082 Deum;
2805 4019 2880 4072 ait
2918 4019 3118 4088 quippe
3147 4027 3257 4072 tres
3289 4019 3390 4073 has
3408 4016 3542 4072 Per-

1960 4126 2125 4166 sonas
2163 4111 2365 4166 habere
2393 4125 2556 4165 unam
2599 4112 2959 4181 eamdemque
3001 4112 3333 4182 potentiam,
3369 4127 3540 4166 unam

1957 4203 2318 4274 eamdemque
2399 4205 2658 4258 virtutem
2705 4221 2718 4257 :
2772 4219 2902 4272 ergo
2953 4205 3213 4272 supponit
3263 4203 3534 4274 Spiritum

1959 4304 2212 4350 sanctum
2239 4310 2362 4350 esse
2391 4293 2560 4348 Deum
2587 4304 2641 4349 et
2669 4309 2792 4349 esse
2836 4289 2984 4348 Patri
3023 4294 3272 4365 Filioque
3298 4294 3538 4349 consub-

1958 4388 2290 4443 stantialem.
2323 4386 2590 4442 Caeterum
2629 4387 2916 4456 perspicue
2953 4398 3189 4441 mentem
3221 4403 3377 4441 suam
3411 4403 3540 4458 pro-

1958 4478 2040 4534 dit
2079 4493 2244 4548 super
2271 4477 2374 4532 hoc
2405 4478 2636 4532 articulo
2667 4493 2790 4533 eum
2825 4479 2936 4543 ait,
2981 4498 2999 4530 ι
3046 4479 3188 4534 hanc
3219 4479 3540 4534 consensio-

268 4570 498 4649 n'itusﬁ
537 4591 634 4648 Ubi
667 4592 884 4648 Patrem
915 4599 969 4646 et
1011 4592 1232 4656 Filium,
1271 4607 1502 4663 persona
1539 4570 1850 4660 distinctos,
1883 4570 1932 4630 θ
1959 4587 2082 4627 "em
2118 4590 2136 4623 ’
2193 4570 2358 4625 "ium
2407 4571 2713 4625 di'i'mmm
2749 4570 3117 4627 Ρθνεοηπυῐη
3175 4591 3194 4624 ⁸
3241 4572 3412 4642 redigi
3467 4572 3538 4628 ad

268 4703 448 4741 unum
491 4695 672 4741 tamen
703 4701 828 4741 esse
877 4683 1046 4740 Deum
1081 4683 1207 4739 inde
1246 4685 1473 4754 probat,
1502 4687 1646 4755 quod
1681 4685 1854 4756 Filius

269 4794 383 4835 non
413 4782 488 4834 sit
515 4777 660 4834 Deus
684 4794 716 4833 a
748 4779 932 4848 seipso
953 4818 968 4842 ,
1011 4778 1105 4834 sed
1138 4776 1284 4832 Deus
1311 4778 1378 4832 de
1406 4777 1550 4844 Deo,
1589 4787 1754 4850 atque
1785 4795 1854 4836 ex

347 5002 460 5074 (67)
501 5002 684 5074 Contr.
711 4999 893 5064 Noet..
924 5016 1074 5074 num.
1109 5002 1198 5058 Η.

347 5072 464 5143 (63)
507 5073 726 5128 Justino
752 5073 1015 5144 martyri,
1049 5072 1270 5143 quando
1302 5073 1472 5128 Filius
1517 5073 1720 5144 ἱτερόν’
1735 5091 1787 5128 τι
1822 5089 1852 5129 a

270 5131 590 5214 Patre'esse
626 5144 848 5204 dicitur,
872 5131 1314 5214 iet'l‘er'tulhano
1337 5187 1352 5210 ,
1394 5131 1624 5214 quando
1651 5145 1854 5198 Filium

270 5225 321 5285 et
351 5213 566 5267 Patrem
588 5229 700 5268 esse
731 5213 879 5266 aliud
922 5213 985 5266 ab
1012 5213 1126 5285 alio
1161 5213 1423 5279 allirmat,
1457 5217 1678 5280 eadem,
1732 5230 1855 5285 quas

273 5283 581 5353 Hippolytot
629 5299 824 5348 triens,
887 5294 946 5338 ut
1009 5283 1371 5339 Personarum
1431 5283 1845 5340 distinctionem

272 5358 586 5424 ostendant,
619 5371 730 5408 non
765 5363 824 5408 ut
851 5353 1134 5424 ὁμοούσιον
1166 5355 1494 5409 inlicientur.

345 5424 460 5494 (69)
497 5423 764 5496 ()bservat
803 5423 1151 5496 cl.’Grabius
1181 5424 1241 5496 S.
1275 5424 1562 5496 Hippolyto
1608 5425 1854 5496 solemne

273 5491 470 5551 fuiSse.
487 5494 769 5562 Christum
794 5510 987 5549 vocare
1012 5493 1100 5547 τὸν
1120 5495 1288 5547 Παῖδα
1304 5491 1397 5548 τοῦ
1413 5491 1569 5559 Θέοῦ,
1595 5495 1851 5562 Puerum,

274 5565 391 5618 sive
427 5567 615 5636 potius
636 5561 841 5636 Filium
872 5566 1002 5628 Dei;
1026 5566 1173 5634 quod
1207 5576 1353 5636 patet
1385 5581 1452 5620 ex
1478 5567 1597 5636 ejus
1625 5569 1855 5620 demon-

273 5636 541 5707 stratione
587 5634 665 5707 l_)e
681 5634 916 5707 Christo
955 5647 1002 5688 et
1035 5634 1548 5707 Antio/iristo,num.
1579 5638 1634 5700 5,
1679 5637 1853 5701 Αὐτὸς

199 5712 204 5716 ‘
273 5703 438 5756 πάλιν
472 5705 500 5756 ὁ
532 5703 806 5777 τοῦΔΘεοῦ
850 5705 1026 5777 Huic,
1063 5708 1092 5758 ό
1133 5706 1298 5759 πάλαι
1351 5703 1448 5777 μὲν
1494 5708 1686 5776 Λόγος.
1719 5707 1854 5773 Qum

273 5776 439 5828 verba
474 5774 766 5848 sollicitius
793 5776 1132 5848 perpendens
1162 5777 1231 5848 cl.
1272 5774 1537 5848 Ma'ranus
1555 5774 1608 5832 in
1633 5779 1853 5848 egregio

273 5859 463 5914 opere,
499 5847 589 5900 cui
621 5845 812 5899 titulus
843 5865 856 5900 :
893 5845 1158 5900 Divinitas
1191 5845 1259 5903 D.
1289 5846 1368 5904 N.
1407 5846 1465 5903 Ι.
1504 5847 1600 5916 C.,
1642 5845 1737 5905 lib.
1768 5845 1849 5917 iv,

595 5939 870 6000 Ρηῐωι.
919 5938 1036 6001 Gn.
1072 5936 1152 6003 X.

1958 4681 2130 4720 unum
2161 4664 2332 4719 Deum
2365 4663 2481 4734 (7i)
2507 4680 2520 4716 ε
2547 4663 2885 4719 (Eeonomia
2919 4666 3304 4722 consensionis
3340 4666 3542 4738 redigi-

1957 4762 2048 4808 tur
2077 4753 2142 4808 ad
2180 4769 2349 4808 unum
2383 4753 2578 4810 Deum.
2618 4755 2771 4812 Unus
2818 4756 2966 4811 enim
2998 4765 3086 4812 est
3111 4756 3275 4825 Deus,
3307 4757 3542 4826 subjun-

1957 5019 2077 5087 cap.
2106 5004 2193 5069 l3,
2226 5018 2350 5073 pag.
2376 5001 2508 5085 .460,
2553 5018 2616 5058 ea
2649 5003 2728 5059 sic
2761 5005 2975 5060 reddit:
3013 5022 3032 5056 α
3064 5003 3184 5074 Ipse
3212 5019 3407 5085 rursus
3437 5001 3534 5058 Dei

1956 5075 2280 5146 Filius-rom
2311 5089 2462 5143 prius
2499 5072 2734 5146 Verbum
2758 5084 2897 5130 erat.
2929 5095 2946 5126 ι
2981 5074 3168 5146 Neque
3182 5076 3357 5146 _ahter
3387 5075 3537 5146 hunc

1957 5146 2137 5199 locum
2182 5143 2570 5212 interpretatur
2601 5144 2836 5205 Grahius
2871 5147 2938 5200 ad
2980 5143 3119 5198 Bulli
3171 5143 3382 5214 Defem.
3412 5143 3532 5214 rﬁd.

1960 5214 2108 5279 Nie.,
2137 5229 2260 5285 pag.
2293 5214 2413 5267 101⁸.
2456 5214 2595 5279 Quid
2631 5217 2777 5284 quod
2812 5218 2999 5270 eadem
3036 5213 3295 5285 loquendi
3319 5213 3536 5285 ratione

1955 5279 2287 5356 paulo'post
2337 5285 2508 5338 utitur
2554 5279 2776 5356 sanctus
2818 5285 3059 5356 martyr?
3103 5279 3198 5356 ea;
3236 5282 3472 5356 γὰρκαὶ
3502 5283 3536 5340 6

1957 5350 2051 5410 ῖτοῦ
2079 5350 2214 5408 Θεοῦ
2246 5355 2401 5418 Παῖς,
2430 5371 2552 5423 qua:
2585 5355 2664 5410 sie
2688 5356 2850 5410 vertit
2881 5350 3108 5423 ipsemet
3124 5350 3487 5423 Conibéiisius
3513 5370 3528 5407 :

1962 5446 1981 5478 ‹
2022 5425 2173 5481 Unus
2205 5426 2352 5478 enim
2384 5422 2469 5479 est
2505 5425 2594 5478 Dei
2626 5426 2815 5480 Filius.
2853 5447 2870 5478 ι
2903 5422 2977 5478 Ita
3006 5424 3214 5479 scilicet
3240 5423 3298 5478 S.
3327 5422 3530 5494 Hippo-

1957 5498 2100 5568 lytus
2139 5495 2349 5568 aliique
2387 5495 2596 5568 antiqui
2637 5495 2828 5568 Patres
2857 5496 3138 5568 Christum
3163 5495 3532 5568 appellarunt

1954 5564 2019 5622 ex
2047 5567 2202 5621 Isaiae
2229 5581 2359 5629 XLII,
2395 5565 2630 5634 aliisque
2657 5566 2814 5628 locis,
2844 5566 2933 5619 ubi
2973 5565 3115 5636 Deus
3148 5564 3365 5636 deipso
3392 5564 3520 5636 ait;

1954 5638 2098 5763 glscit.
2133 5639 2162 5690 ὁ
2186 5639 2316 5700 παῖς
2353 5651 2454 5706 μου
2477 5654 2489 5666 ·
2519 5631 2835 5706 quanquam
2862 5637 2992 5698 παῖς
3023 5631 3098 5689 ibi
3122 5631 3328 5692 servu—m
3361 5631 3534 5702 signi-

1997 5724 2056 5763 ce
2086 5748 2102 5762 .

1997 5717 2102 5764 cet.

2026 5776 2139 5850 (70)
2180 5775 2363 5850 Contr.
2380 5773 2575 5850 _Noet.,
2609 5793 2762 5835 num.
2794 5776 2897 5850 Μ.⁴

2025 5848 2140 5920 (Ἠ)
2180 5848 2348 5914 Idem,
2379 5847 2483 5902 loc.
2514 5849 2620 5907 cit.

3147 5942 3222 6005 1‘2
