4074 6426
479 408 583 465 563

1454 405 1542 460 DE
1581 403 1743 459 VITA
1781 403 1870 460 ET
1913 401 2228 459 SCRIPTIS
2267 404 2326 459 S.
2367 404 2756 460 IIII’POLYTI.

3623 411 3728 467 εει

482 528 577 598 git,
602 526 694 596 qui
725 523 970 587 mandat,
1018 523 1332 598 Pater;.qul
1363 523 1563 590 obedit,
1596 525 1799 592 Filius;
1829 525 1924 594 qui
1953 523 2040 578 do-
2086 527 2131 585 Α
2160 523 2420 594 Spiritum
2460 535 2709 580 sanctum
2745 525 3038 578 humanam
3068 541 3290 579 carnem
3339 529 3729 596 assumpsisse.

480 627 569 672 cet
596 617 903 680 scientiam,
925 613 1162 684 Spiritus
1184 622 1425 668 sanctus.
1455 631 1474 665 ι
1495 613 1667 667 Aliter
1693 612 1861 667 Deum
1887 626 2054 665 unum

481 711 782 779 intelligere
808 724 918 763 non
947 721 1262 778 possumus,
1289 725 1306 758 ε
1338 706 1444 761 nisi
1473 722 1601 761 vere
1628 705 1796 771 Patri,
1818 713 1871 759 et
1896 705 2052 768 Filio,

481 813 537 858 et
572 801 801 872 Spiritui
833 801 1327 855 sanctocredamus
1358 817 1372 852 :
1401 814 1499 869 per
1522 799 1663 853 hanc
1690 799 1836 852 enim
1871 796 2054 851 Trini-

482 904 650 951 tatem
674 893 836 948 Pater
859 893 1215 963 gloriﬁcatur.
1231 911 1250 945 ι
1274 893 1364 946 Ait
1386 892 1610 961 insuper
1633 889 1689 945 S.
1709 889 2052 962 Hippolytus,

481 1000 583 1040 nos
637 985 867 1039 adorare
923 982 1185 1052 Spiritum
1223 991 1474 1037 sanctum
1517 983 1634 1053 (72)
1671 1001 1687 1036 :
1734 1000 1753 1033 ι
1791 980 2054 1050 Spiritum

481 1085 730 1131 sanctum
760 1076 1077 1130 adoramus.
1115 1092 1133 1125 ι
1167 1072 1246 1127 Illi
1284 1074 1474 1128 tribuit
1509 1073 1755 1128 eamdem
1789 1072 2015 1143 gloriam
2036 1113 2052 1139 ,

480 1168 837 1238 eamdemque
877 1167 1176 1237 potentiam
1254 1180 1319 1220 ac
1393 1163 1564 1230 Filio,
1611 1164 1767 1234 cujus
1819 1163 2055 1234 Spiritus

480 1269 605 1314 est:
643 1277 662 1309 ι
689 1259 796 1327 lpsi
833 1255 1124 1329 (Christo)
1160 1255 1328 1326 gloria
1359 1267 1413 1310 et
1443 1255 1682 1324 potentia
1712 1269 1834 1309 cum
1871 1269 2055 1309 sacro-

481 1363 672 1407 sancto
706 1351 852 1405 bono
878 1358 946 1403 σει
973 1348 1194 1403 viviﬁco
1241 1348 1361 1418 ejus
1407 1347 1610 1416 Spiritu
1655 1346 1788 1417 (75).
1826 1365 1844 1398 ι
1889 1346 2055 1415 Igitur

481 1453 687 1500 certum
737 1453 1028 1513 ratumque
1073 1450 1191 1508 est,
1241 1441 1396 1510 juxta
1445 1439 1502 1495 S.
1541 1439 1813 1510 Hippolyti
1851 1441 2055 1495 doctri-

481 1552 629 1601 nam,
665 1534 928 1605 Spiritum
962 1541 1212 1589 sanctum
1244 1548 1371 1588 esse
1397 1535 1588 1596 Deum,
1620 1531 1780 1587 sicuti
1807 1541 1861 1586 et
1893 1531 2054 1586 Pater

481 1629 624 1683 Deus
646 1636 750 1691 est,
780 1635 835 1682 et
868 1626 1042 1681 Filius
1072 1624 1216 1680 Deus
1249 1634 1353 1689 est,
1382 1624 1600 1694 illisque
1628 1639 1754 1679 vere
1779 1639 1898 1680 esse
1921 1639 2054 1679 con-

480 1720 917 1778 substantialem.

554 1811 912 1881 Proprietates
945 1809 1244 1880 personales
1285 1805 1526 1877 Spiritus
1563 1807 1753 1860 sancti.
1802 1837 1874 1847 —
1916 1803 2050 1859 Pro-

2161 617 2254 671 sed
2296 615 2526 672 Verbum
2554 617 2644 671 Dei
2677 617 2788 686 (75)
2822 635 2835 670 :
2874 615 3104 671 «Missus
3132 627 3340 680 autem,
3375 617 3584 686 inquit,
3623 637 3730 675 non

2157 719 2241 764 est
2283 710 2458 775 alius,
2510 726 2673 779 quam
2709 709 2967 764 Verbum.
3009 728 3028 761 ι
3066 709 3318 764 Divinum
3355 709 3459 764 hoc
3497 709 3731 766 Verbum

2156 798 2435 853 descendit
2484 799 2536 852 in
2569 807 2816 853 sanctam
2862 797 3141 867 Virginem
3170 798 3396 854 Mariam
3417 800 3554 871 (76),
3581 809 3636 854 ει
3665 818 3732 856 ex

2156 907 2218 945 ca
2251 901 2335 946 est
2371 891 2734 954 incarnatum,
2767 902 2980 958 sumpta
3009 891 3192 946 anima
3216 892 3477 948 humana.
3514 911 3533 944 ι
3557 892 3734 950 factus

2155 978 2337 1031 omnia
2381 993 2720 1049 quaacunquc
2744 979 2908 1032 homo
2931 989 3034 1043 est,
3060 991 3288 1050 excepto
3313 991 3534 1050 peccato
3557 984 3730 1054 (77).»

2157 1067 2272 1124 Hoc
2315 1069 2547 1124 Verbum
2589 1071 2678 1125 Dei
2713 1072 3042 1140 appellatum
3079 1080 3165 1128 est
3197 1073 3288 1127 Dei
3325 1072 3497 1130 Filius
3525 1075 3594 1129 ab
3624 1075 3734 1129 ini-

2157 1161 2251 1227 tio,
2283 1163 2409 1230 quia
2439 1164 2492 1216 in
2530 1173 2773 1232 tempore
2807 1165 2947 1219 inter
2987 1165 3240 1221 homines
3272 1167 3423 1222 nasci
3455 1167 3687 1222 debebat
3714 1188 3730 1223 :

2160 1270 2180 1302 ι
2211 1252 2318 1307 Nec
2352 1254 2496 1308 enim
2543 1252 2781 1308 Verbum
2837 1271 2933 1324 per
2986 1271 3044 1310 se
3091 1264 3146 1310 et
3187 1255 3307 1310 sine
3353 1271 3518 1311 carne
3558 1257 3734 1312 Filius

2154 1344 2426 1414 perfectus
2451 1355 2586 1409 erat,
2610 1363 2732 1401 cum
2768 1356 2946 1402 tamen
2981 1357 3132 1402 esset
3161 1347 3456 1418 perfectum
3483 1348 3730 1405 Verbum

2156 1437 2482 1509 Unigenitus
2511 1439 2644 1507 (78).
2682 1458 2700 1490 ι
2749 1439 2865 1495 IIoc
2910 1451 3022 1505 est,
3074 1456 3182 1495 non
3213 1450 3296 1497 est
3330 1443 3556 1512 adeptus
3605 1459 3733 1513 per-

2154 1530 2348 1585 fectam
2381 1532 2692 1601 qualitatem
2727 1531 2881 1595 Filii,
2915 1533 3019 1587 nisi
3068 1549 3166 1602 per
3196 1534 3455 1588 unionem
3493 1535 3730 1589 duarum

2153 1631 2494 1685 naturarum,
2519 1637 2614 1690 per
2642 1637 2806 1692 quam
2835 1632 2888 1678 et
2919 1622 3093 1679 Filius
3122 1625 3238 1690 Dei,
3266 1635 3322 1680 et
3345 1625 3517 1680 Filius
3549 1625 3734 1680 homi-

2151 1715 2239 1768 nis
2272 1713 2432 1768 simul
2469 1714 2694 1769 eﬂ'ectus
2727 1722 2830 1770 est.
2862 1778 2863 1781 η

2224 1806 2360 1861 Unio
2381 1806 2609 1860 duarum
2643 1818 2955 1861 naturarum
2987 1805 3187 1862 Christi
3223 1808 3280 1862 in
3318 1825 3426 1861 una
3459 1809 3577 1864 sola
3610 1826 3733 1880 per-

479 1907 740 1976 prietatcs
763 1902 1080 1973 personales
1108 1899 1346 1969 Spiritus
1373 1897 1548 1952 sancti
1580 1897 1741 1952 modo
1768 1906 2050 1951 enumerat
2079 1893 2122 1948 Β
2149 1918 2376 1956 sona.—
2395 1901 2644 1954 Divinum
2665 1899 2925 1966 Verbum,
2943 1900 3036 1955 Dei
3052 1901 3730 1972 primogenitum,unitum

480 1998 541 2052 S.
579 1995 900 2065 Hippolytus
935 1991 1083 2064 (74):
1123 1989 1254 2044 (Hic
1283 1998 1367 2045 est
1394 1987 1632 2057 Spiritus
1657 1987 1750 2057 qui
1794 1987 1862 2042 ab
1896 1988 2050 2041 initio

479 2088 748 2160 ferebatur
770 2099 924 2154 super
951 2099 1115 2154 aquas
1138 2083 1179 2147 ⁸,
1211 2095 1308 2151 per
1327 2095 1487 2150 quem
1517 2088 1764 2134 movetur
1793 2079 2048 2142 mundus,

479 2193 675 2237 natura
722 2186 903 2234 creata
955 2176 1238 2236 consistit,
1275 2174 1456 2228 omnia
1501 2174 1666 2226 vitam
1719 2172 1995 2240 accipiunt
2034 2189 2048 2224 :

479 2275 576 2344 qui
603 2274 656 2327 in
680 2271 960 2342 prophetis
988 2276 1241 2339 operatus
1274 2273 1360 2321 est
1379 2307 1394 2332 ,
1447 2266 1501 2319 in
1532 2263 1808 2320 Christum
1834 2265 2053 2320 devola-

478 2368 577 2421 vit.
621 2363 722 2419 Hic
770 2371 856 2417 est
898 2361 1134 2431 Spiritus
1178 2359 1358 2427 specie
1409 2355 1720 2428 linguarum
1766 2357 2048 2427 ignearum

478 2459 636 2513 datus
665 2454 930 2526 apostolis
955 2471 970 2519 ;
996 2452 1062 2506 de
1094 2452 1197 2505 hoc
1227 2449 1446 2504 Gabriel
1475 2448 1543 2503 ad
1578 2447 1852 2518 Virginem
1882 2466 1895 2502 :
1924 2446 2052 2518 Spi-

479 2547 613 2600 ritus
657 2556 873 2600 sanctus
919 2543 1241 2613 superveniet
1293 2542 1349 2594 in
1393 2547 1525 2608 te',
1576 2552 1681 2596 etc.
1753 2539 1858 2594 Per
1907 2541 2054 2596 hunc

481 2638 742 2708 Spiritum
776 2636 971 2691 Petrus
1001 2636 1215 2691 beatam
1271 2633 1419 2687 illam
1463 2647 1654 2686 vocem
1691 2630 1888 2686 eﬂ‘atus
1929 2641 2044 2686 est:

482 2729 561 2784 Tu
594 2746 646 2785 es
676 2728 918 2784 Christus
950 2725 998 2780 F
1001 2729 1127 2780 ilius
1164 2725 1259 2780 Dei
1284 2724 1555 2789 viventis";
1582 2739 1677 2794 per
1710 2725 1854 2778 hunc
1881 2722 2052 2793 Spiri-

477 2831 594 2877 tum
623 2822 832 2875 tirmata
866 2819 1123 2874 Ecclesia:
1156 2826 1306 2887 petra
1339 2827 1442 2872 est.
1480 2815 1723 2870 Tandem
1771 2831 1870 2885 per
1907 2815 2054 2871 hunc

481 2905 768 2984 Spiritum,
804 2911 1156 2981 conjunctum
1189 2924 1314 2964 cum
1349 2924 1493 2978 aqua
1522 2907 1875 2978 (baptismi),
1898 2923 2054 2978 rcge-

478 3014 702 3062 neratus
733 3005 898 3059 homo
930 3003 1254 3066 viviticatur,
1279 3018 1347 3056 ex
1377 3002 1640 3057 servitute
1667 3001 1720 3056 in
1749 3001 2053 3056 libertatem

479 3101 711 3174 transit,
751 3114 820 3154 ex
863 3096 1146 3168 tyrannide
1187 3095 1254 3149 ad
1285 3107 1550 3164 regnum,
1604 3109 1672 3149 ex
1701 3093 2053 3162 corruptione

479 3195 548 3250 ad
608 3191 1190 3257 incorruptibilitatem.
1239 3206 1258 3240 ι
1324 3186 1451 3242 Haec
1499 3195 1629 3242 sunt
1687 3187 2049 3255 notabiliora,
2077 3228 2120 3286 Ο

477 3301 602 3357 quas
630 3287 683 3340 in
714 3285 840 3339 divo
861 3281 1148 3354 Hippolyto
1170 3287 1466 3336 occurrunt
1490 3279 1670 3350 quoad
1701 3287 1812 3335 tres
1834 3278 2049 3337 divinas

483 3376 776 3434 Personas.
1467 3391 1481 3405 ·
1721 3385 1728 3392 ·

1006 3482 1404 3541 ARTICULUS
1437 3483 1528 3538 VI.

478 3594 548 3637 Di
581 3593 850 3635 ιῐετειιιο
889 3593 1298 3632 ικελιικιτιοκιε
1319 3617 1333 3641 ,
1368 3593 1438 3631 ΕΤ
1471 3592 1688 3632 DUARUI
1721 3592 2050 3634 NATUBARUI

869 3664 1244 3704 DISTINCTIONE
1284 3664 1350 3701 IN»
1373 3663 1627 3702 CIIBISTO.

553 3738 710 3793 Sol-us
758 3738 806 3792 F
809 3738 934 3793 ilius
978 3739 1309 3792 incarnatus.
1347 3767 1420 3778 —
1457 3735 1575 3792 Non
1609 3739 1792 3793 minus
1817 3739 2052 3794 dilucide

477 3833 703 3902 esponit
734 3840 956 3888 sanctus
989 3829 1307 3884 Portuensis
1349 3830 1636 3899 episcopus
1686 3839 1872 3886 noster
1916 3845 2048 3885 san-

478 3925 784 3982 ctissimum
841 3920 1236 3976 incarnationis
1283 3921 1644 3990 mysterium,
1691 3921 1936 3990 duasque
1993 3922 2050 3976 in

477 4017 710 4073 Domino
743 4023 935 4070 nostro
966 4012 1342 4068 JesuChristo
1371 4012 1599 4067 omnino
1635 4012 1923 4068 distinctas
1952 4029 2051 4069 na-

475 4115 628 4162 turas
651 4145 666 4171 ,
696 4105 938 4160 divinam
969 4102 1231 4157 nimirum
1274 4109 1330 4156 et
1378 4102 1706 4167 humanam,
1737 4102 2044 4171 proﬁtetur.

475 4197 654 4268 Atque
687 4197 867 4266 primo
896 4195 1057 4250 docet
1085 4191 1146 4248 S.
1179 4192 1500 4264 Hippolytus
1531 4208 1632 4248 nec
1661 4192 1876 4250 Patrem
1899 4236 1914 4265 ,
1947 4213 2050 4254 nec

2153 2010 2274 2048 cum
2311 1993 2544 2063 Virginis
2573 1995 2961 2064 primogenito,
2995 2005 3078 2050 est
3111 2010 3271 2050 verus
3311 1993 3454 2051 Deus
3482 2005 3536 2053 et
3565 2012 3733 2051 verus

2151 2088 2351 2150 homo,
2393 2086 2664 2157 perfectus
2697 2089 2836 2141 Deus
2877 2096 2930 2141 et
2959 2085 3233 2157 perfectus
3272 2086 3458 2142 homo.
3493 2106 3512 2139 ε
3555 2086 3733 2142 Totus

2151 2178 2292 2232 Deus
2313 2179 2447 2248 ipse,
2472 2186 2620 2233 totus
2647 2177 2811 2234 homo
2837 2178 2978 2232 idem
3009 2177 3144 2246 ipse,
3177 2185 3325 2230 totus
3353 2175 3498 2231 Deus
3522 2178 3733 2246 pariter

2151 2279 2346 2324 natura
2367 2311 2381 2336 ,
2406 2277 2460 2324 et
2496 2271 2659 2324 homo
2685 2269 2824 2323 idem
2851 2269 2985 2338 ipse.
3023 2267 3229 2323 Deitate
3259 2268 3477 2339 quidem
3499 2309 3514 2333 ,
3545 2269 3730 2324 divina

2153 2377 2248 2431 per
2272 2377 2426 2417 suam
2455 2361 2626 2431 ipsius
2650 2360 3052 2416 sanctissimam
3069 2376 3312 2424 carnem,
3337 2376 3445 2414 non
3468 2360 3733 2416 exsisten—

2151 2456 2226 2510 tia
2265 2464 2456 2510 natura
2506 2455 2712 2521 carnis,
2747 2469 2980 2524 operans
3006 2471 3020 2518 ;
3045 2453 3384 2508 humanitate
3419 2473 3582 2523 vero,
3628 2457 3734 2511 hu-

2154 2563 2459 2613 mana,non
2478 2545 2796 2601 exsistentia
2830 2552 3021 2598 natura
3046 2544 3283 2612 deitatis,
3310 2545 3529 2602 deitatis
3547 2547 3732 2601 indul-

2153 2636 2332 2707 gentia
2365 2638 2596 2705 patiens.
2631 2634 2717 2690 Nil
2756 2636 2998 2690 divinum
3034 2637 3240 2690 nudum
3277 2652 3504 2706 corpore
3538 2653 3732 2707 opera-
3771 2697 3778 2700 _

2154 2739 2264 2795 tur,
2308 2731 2385 2784 nil
2432 2731 2732 2784 humanum
2785 2730 2926 2783 idem
2970 2729 3084 2798 ipse
3126 2729 3398 2799 privatum
3445 2730 3733 2786 divinitate

2154 2839 2386 2896 gerens;
2417 2839 2640 2880 servans
2675 2823 2890 2878 sibimet
2929 2823 3146 2875 modum
3185 2821 3480 2877 secundum
3508 2830 3729 2875 utrum-

2125 2931 2261 2988 3que
2296 2916 2688 2970 immutabilem
2711 2957 2725 2978 ,
2759 2929 2856 2983 per
2889 2929 3048 2983 quem
3082 2924 3338 2982 operatus
3374 2922 3457 2967 est
3499 2922 3732 2982 utraque

2154 3005 2364 3062 decenti
2441 3021 2629 3070 more,
2681 3006 2748 3058 ad
2818 3005 3260 3073 approbationem
3340 3001 3593 3072 perfecta:
3663 3019 3732 3059 ac

2155 3113 2296 3152 vera:
2342 3098 2588 3167 nihilque
2630 3095 2880 3150 habentis
2933 3094 3216 3165 pravitatis
3260 3094 3732 3148 inbumanatiouis

2154 3173 2270 3244 sure
2289 3189 2424 3260 (79).
2458 3207 2478 3240 ι

2224 3280 2381 3346 Quod
2405 3280 2626 3349 quidem
2664 3277 2868 3334 factum
2897 3287 2980 3333 est
3023 3280 3228 3350 absque
3274 3279 3381 3333 ulla
3427 3279 3732 3334 mutatione

2156 3370 2318 3439 hujus
2350 3369 2433 3423 vel
2457 3369 2602 3424 illius
2630 3378 2872 3424 natura:
2909 3389 2927 3422 ί
2962 3367 3175 3423 [labens
3199 3369 3438 3431 caeleste,
3461 3369 3604 3438 quod
3634 3385 3733 3437 pa—

2153 3470 2365 3519 ternum
2416 3473 2568 3527 erat,
2616 3473 2871 3531 tanquam
2923 3460 3208 3526 Verbum;
3253 3471 3527 3516 terrenum
3573 3477 3730 3525 vero,

2152 3566 2410 3627 tanquam
2438 3571 2502 3610 cx
2528 3565 2706 3611 vetere
2731 3554 2925 3616 Adam,
2946 3570 3042 3623 per
3077 3551 3350 3622 Virginem
3385 3552 3733 3606 incarnatus.

2155 3645 2312 3700 Sic...
2355 3645 2499 3700 Deus
2531 3654 2853 3714 corporatus
2898 3645 3146 3713 apparuit
3184 3643 3319 3712 (80).
3365 3641 3614 3696 Salvator
3659 3658 3737 3698 ex

2151 3754 2213 3793 ea
2239 3736 2452 3806 (Maria)
2485 3745 2646 3790 natus
2674 3744 2758 3790 est
2796 3734 2913 3789 sine
2941 3732 3264 3789 confusione
3294 3733 3435 3788 Deus
3457 3742 3511 3788 et
3537 3733 3736 3798 homo,

2151 3829 2468 3899 ἁσυγχὺτως
2513 3830 2646 3893 Θεὸς
2693 3829 2787 3882 καὶ
2841 3827 3142 3900 ἄνθρωπος.
3215 3845 3234 3878 ι
3295 3825 3389 3881 Ha:
3437 3835 3739 3896 postremae

2151 3919 2408 3988 loquendi
2449 3918 2694 3974 formula:
2737 3927 3002 3987 excerptas
3043 3926 3172 3972 sunt
3220 3932 3287 3971 ex
3334 3917 3568 3986 quodam
3616 3914 3740 3970 fra-

2153 4021 2372 4082 gmento
2401 4009 2824 4073 Commentarii,
2856 4010 3001 4079 quod
3045 4011 3288 4064 exaravit
3319 4009 3376 4063 S.
3407 4008 3737 4078 Hippolytus

2154 4103 2208 4156 in
2254 4101 2585 4168 Proverbia;
2637 4103 2711 4156 ibi
2759 4103 2904 4157 enim
2944 4101 3224 4170 explicans
3273 4102 3388 4158 lure
3430 4101 3624 4171 capitis
3674 4117 3733 4156 Ix

2153 4192 2356 4248 verba:
2395 4190 2664 4261 Sapientia
2721 4191 3005 4259 azrtiﬁcavit
3055 4190 3268 4244 domum
3449 4231 3463 4256 ,
3517 4192 3736 4244 miscuit

547 4330 569 4360 °
609 4327 746 4384 Gen.
785 4343 832 4392 ι,
863 4327 918 4381 0.
993 4329 1014 4359 ⁷
1049 4326 1184 4384 Luc.
1212 4343 1258 4396 1,
1291 4327 1381 4383 55.
1459 4328 1483 4360 ⁸
1518 4326 1708 4384 Matth.
1747 4345 1872 4398 xvi,
1938 4333 2042 4403 i6;
2075 4333 2244 4390 Marc.
2274 4349 2395 4397 vui,
2422 4331 2523 4399 29;
2557 4331 2686 4387 Luc.
2718 4347 2793 4396 ix,
2824 4331 2928 4398 20;
2963 4330 3122 4389 Joan.
3154 4347 3229 4396 vr,
3255 4331 3341 4386 70.

551 4487 666 4558 (72)
702 4485 765 4558 S.
795 4485 1064 4558 Hippolyt.
1092 4486 1227 4558 Ade.
1264 4485 1444 4551 Noet.,
1476 4503 1596 4557 cap.
1631 4488 1716 4543 12.

578 4556 664 4626 75)
701 4556 876 4621 Idem,
908 4556 1060 4610 Orat.
1084 4558 1140 4610 in
1169 4557 1490 4626 Neap/tam,
1527 4556 1679 4613 num.
1717 4560 1803 4615 10.

578 4562 642 4612 75
701 4562 866 4621 Idem,
908 4562 1060 4610 Orat.
1084 4562 1140 4610 in
1169 4562 1329 4626 Theo;

549 4562 664 4698 274;
692 4627 867 4698 Idem,
898 4627 1056 4691 ibid.,
1091 4642 1243 4698 num.
1277 4628 1329 4682 9.

551 4695 665 4764 (75)
707 4695 894 4762 Idem,
935 4697 1069 4752 Adv.
1106 4695 1289 4762 Noet.,
1313 4713 1465 4753 num.
1494 4699 1583 4754 I5.

553 4766 665 4839 (76)
708 4785 726 4818 ι
757 4766 853 4839 υΕ
876 4767 1011 4820 mihi
1037 4807 1052 4831 ,
1078 4782 1111 4820 ο
1134 4767 1291 4839 beata
1327 4767 1517 4836 Maria,
1549 4769 1678 4839 quid
1702 4778 1819 4826 erat
1853 4787 1882 4826 a
1916 4781 1967 4827 te
1997 4773 2053 4826 in

479 4821 987 4912 ιιιέτο-ἐοιιιξριιιιιηι
1010 4821 1110 4900 ,ἐι
1135 4837 1323 4912 quid_a
1352 4821 1408 4912 te
1435 4821 1517 4893 in,
1534 4821 2054 4912 ιῖδέἰῖίέᾗίῖιείἶιεὲἱί

480 4898 1098 4981 gestab_atur?'_Verbum
1127 4898 1244 4960 erat
1273 4907 1387 4971 Dei,
1420 4912 1821 4980 primogenitus
1847 4950 1861 4971 .
1888 4898 1988 4981 qui
2024 4929 2056 4967 e

480 4976 636 5035 caelis
666 4978 722 5052 in
756 4987 808 5030 te
831 4976 1219 5040 descenderat,
1242 4987 1320 5052 Aet
1367 4976 1531 5052 homo
1571 4976 1966 5052 priniogenitus
1999 4983 2054 5036 in

479 5060 638 5104 utero
698 5047 1119 5119 formatusput
1174 5047 1594 5119 primogenitum
1654 5047 1891 5104 Verbum
1959 5052 2054 5106 Dei

481 5117 847 5188 primogenita
888 5117 1095 5188 homini
1144 5117 1376 5188 unitum'
1403 5121 1800 5177 ostenderetur.
1836 5140 1854 5172 ι
1909 5121 2054 5176 Idem

482 5186 992 5260 apudﬂTheodorct.
1033 5187 1243 5260 Dialog.
1271 5193 1323 5252 1,
1355 5199 1409 5242 ει
1433 5197 1564 5243 tom.
1595 5191 1613 5243 l
1648 5191 1807 5258 0pp.,
1841 5206 1893 5260 p.
1925 5192 2053 5246 267.

553 5259 666 5329 (77)
704 5277 721 5310 ι
751 5258 1052 5311 Credamus
1087 5258 1270 5327 igitur,
1305 5263 1520 5321 fratres,
1549 5258 1856 5329 secundum
1883 5263 2054 5315 tradi-

483 5328 686 5383 tionem
735 5329 1146 5396 apostolorum,
1185 5329 1328 5396 quod
1367 5329 1507 5383 Deus
1543 5328 1778 5384 Verbum
1825 5347 1856 5385 a
1903 5333 2056 5386 caelis

483 5395 783 5452 descendit,
808 5399 860 5451 in
908 5407 1153 5452 sanctam
1187 5395 1463 5467 Virginem
1501 5399 1724 5453 Mariam
1754 5440 1768 5465 ,
1807 5411 1863 5454 ut
1893 5418 1956 5454 ex
1991 5418 2056 5456 ea

485 5468 1044 5540 incarnatus.sumpta
1067 5469 1248 5540 anima
1272 5470 1531 5534 humana,
1564 5472 1790 5525 rationis
1830 5471 2053 5540 inquam

441 5569 446 5574 -
485 5537 766 5605 participe,
799 5536 975 5592 factus
1025 5538 1208 5592 omnia
1252 5553 1592 5608 quaecunque
1623 5543 1784 5595 homo
1817 5536 1919 5606 est,
1962 5558 2057 5596 ex-

485 5617 641 5675 cepto
668 5616 888 5728 recente
907 5648 922 5672 ,
954 5609 1191 5662 salvaret
1219 5609 1414 5676 Adam,
1434 5616 1525 5679 qui
1555 5613 1841 5678 ceciderat,
1871 5621 1924 5665 et
1954 5613 2057 5665 im-

486 5687 661 5728 murta
689 5677 869 5728 itatem
899 5679 1210 5728 hominibus
1242 5681 1530 5728 largiretur
1561 5682 1626 5728 iis
1650 5681 1742 5728 mli
1773 5683 2057 5728 cratim-ent

486 5677 869 5751 mortalitatem
899 5679 1210 5751 hominibus
1242 5677 1530 5751 largiretur
1561 5682 1626 5735 iis
1650 5681 1744 5751 qui
1773 5677 2058 5736 crederent

485 5750 541 5803 in
561 5747 787 5819 nomine
813 5761 933 5802 suo.
960 5747 1296 5819 Inromnibus
1321 5747 1487 5819 igitur
1515 5747 1948 5806 demonstratum
1973 5765 2058 5806 est

483 5818 641 5874 nobis
669 5815 903 5872 Verbum
929 5818 1193 5884 veritatis,
1221 5815 1367 5888 quod
1401 5837 1541 5876 unus
1570 5831 1654 5877 est
1683 5821 1864 5890 Pater,
1896 5822 2054 5892 cujus

2160 4499 2312 4553 adest
2340 4495 2614 4556 Verbum,-
2644 4510 2740 4563 per
2775 4493 2919 4563 quod
2951 4493 3134 4548 omnia
3175 4491 3332 4559 fecit;
3365 4494 3509 4562 quod
3542 4502 3736 4563 poste-

2085 4566 2130 4622 D
2160 4569 2396 4622 rioribus
2427 4567 2782 4632 temporibus,
2819 4565 2962 4617 sicut
2989 4563 3241 4632 superius
3270 4564 3535 4623 diximus.
3578 4565 3741 4618 misit

2157 4638 2318 4692 Pater
2381 4636 2449 4689 ad
2506 4631 2736 4689 salutem
2787 4631 3088 4691 hominum.
3142 4631 3256 4687 Hoc
3314 4649 3410 4703 per
3459 4635 3629 4703 legem
3677 4644 3739 4689 ει

2155 4708 2450 4778 prophetas
2482 4705 2835 4778 praedicatum
2873 4715 2958 4757 est
2986 4711 3276 4778 venturum
3311 4719 3436 4758 esse
3473 4705 3526 4759 in
3552 4719 3738 4778 Διιιιιιι-

2155 4773 2308 4832 dum.
2330 4776 2485 4830 Sicut
2503 4790 2630 4844 ergo
2643 4774 2992 4844 praedicatum
3014 4773 3215 4844 est,.sic
3230 4788 3468 4841 praesens
3489 4774 3738 4842 seipsum

2155 4846 2507 4902 manifestum
2540 4842 2662 4898 fecii
2686 4860 2750 4899 ex
2776 4842 2995 4912 Virgine
3018 4851 3071 4896 et
3103 4843 3307 4911 Spiritu
3337 4853 3528 4898 sancto
3553 4859 3734 4897 novus

2156 4917 2322 4972 homo
2355 4916 2531 4970 factus
2559 4933 2570 4968 :
2602 4915 2805 4968 habens
2834 4913 3075 4974 caeleste,
3101 4915 3246 4982 quod
3270 4922 3556 4982 paternum
3588 4921 3734 4979 erat,

2160 4996 2416 5056 tanquam
2449 4985 2719 5056 Verbum;
2756 4993 3031 5056 terrenum
3061 4998 3224 5048 vero,
3254 4991 3514 5056 tanquam
3544 4999 3609 5037 ex
3633 4999 3737 5036 ve-

2158 5054 2500 5119 tere’Adam,
2538 5070 2633 5123 per
2665 5054 2938 5123 Virginem
2967 5054 3305 5106 incarnatus.
3355 5054 3447 5107 Sic
3483 5055 3543 5123 in?
3566 5068 3737 5106 mun-

2157 5129 2286 5182 dum
2335 5122 2610 5195 egressus,
2662 5122 2803 5180 Deus
2848 5133 3190 5195 corporatus,
3224 5123 3354 5187 Θεὸς
3388 5125 3445 5195 ev
3483 5122 3736 5195 σώματι,

2157 5193 2440 5265 apparuit,
2489 5210 2744 5264 egressus
2777 5193 3046 5265 perfectus
3095 5193 3296 5258 homo,
3325 5193 3607 5263 ἄνθρωπος
3641 5193 3737 5265 τέτ

2156 5263 2315 5330 λὲιήος.
2355 5266 2469 5319 Non
2496 5265 2643 5320 enim
2673 5281 2766 5332 per
2793 5264 3064 5318 ﬁctionem
3109 5273 3204 5317 aut
3226 5265 3600 5326 mutationem,
3635 5263 3736 5316 sed

2157 5352 2283 5391 vere
2324 5337 2501 5390 factus
2551 5336 2715 5388 homo
2746 5353 2758 5388 :
2791 5335 2864 5386 Οὐ
2898 5333 3178 5402 γὰρίκατὰ
3213 5332 3512 5402 φαντασίαν
3546 5332 3578 5402 ἢ
3607 5347 3739 5402 τρο-

2158 5407 2300 5477 πὴν,
2346 5403 2562 5478 ἀληθῶς
2604 5404 2892 5478 γενόμξῖος
2937 5401 3241 5475 ἄνθρωπος.
3272 5422 3292 5456 s
3346 5403 3406 5458 S.
3456 5401 3735 5474 Hippolyt.

2159 5474 2342 5532 Contr.
2375 5474 2557 5539 Noet.,
2588 5491 2740 5526 num.
2776 5474 2864 5527 17.

2379 5547 2562 5623 ρρηιν.
2595 5542 2776 5623 eiecti,
2811 5546 3082 5623 tiu-mals.

2252 5550 2336 5617 78)
2379 5550 2562 5601 Contr.
2595 5550 2776 5610 Noet.,
2811 5559 2960 5598 num.
2995 5550 3082 5599 15.

2226 5550 2342 5688 ira)
2380 5615 2560 5678 Idem,
2595 5603 2806 5688 tingue
2841 5613 3105 5688 theologia
3132 5623 3180 5668 et
3216 5615 3579 5669 incarnatione
3605 5627 3739 5668 con-

2161 5684 2247 5742 tra'
2271 5684 2521 5740 Beronem
2547 5695 2594 5737 et
2615 5684 2866 5742 llelicem,
2891 5701 3042 5739 num.
3075 5685 3126 5738 7.

2193 5815 2205 5825 ,
2231 5757 2343 5829 (80)
2384 5754 2750 5816 Idem,(.‘ontra
2809 5754 2991 5822 Noet.,
3017 5771 3168 5810 num.
3196 5754 3282 5810 17.
