4074 6384
349 409 457 466 365

1317 404 1404 460 DE
1440 405 1602 461 VITA
1641 404 1728 460 ET
1769 401 2077 458 SCRIPTIS
2119 400 2175 457 S.
2217 401 2603 456 IIIPPOI.Y'I‘I.

3472 399 3577 456 566

350 534 528 586 vinum
551 533 670 596 ’-‘°,
702 551 720 584 ι
779 531 964 587 eadem
1010 531 1389 600 interpretatur
1438 529 1506 583 de
1551 528 1762 581 duabus
1795 523 1921 578 Iesu
1953 527 1999 579 A
2025 523 2371 590 operabatur,
2409 522 2542 576 nihil
2573 522 2867 574 humanum
2904 519 3184 574 divinitate
3209 518 3449 588 gerebat.
3489 525 3592 572 Ve-

348 622 553 678 Christi
579 625 823 688 naturis,
857 640 948 693 per
977 624 1157 678 vinum
1198 623 1501 692 intelligens
1542 628 1788 672 naturam
1833 617 1918 668 di-

348 715 568 780 vinam;
616 731 714 784 per
756 732 951 785 aquam
991 733 1121 771 vero
1169 726 1418 770 naturam
1464 716 1754 767 humanam
1787 711 1919 778 (8i).

350 805 570 860 Miscuit
632 806 686 859 in
729 809 911 876 poculo
939 826 1033 862 suo
1056 809 1232 862 vinum
1259 807 1458 877 (inquit
1489 803 1682 871 ille),in
1716 802 1922 871 Virgine

348 897 679 950 divinitatem
712 915 861 950 suam
881 902 1062 953 uniens
1095 916 1210 952 cum
1243 915 1396 950 carne
1416 937 1429 959 ,
1460 904 1712 963 tanquam
1737 882 1922 946 ‘rinum

348 1007 554 1042 merum
597 1008 660 1044 ac
692 992 1037 1061 purissimum
1068 1013 1088 1060 ,ο
1142 989 1287 1048 sive,
1318 995 1374 1040 ut
1429 985 1558 1044 alibi
1609 985 1774 1037 etiarn
1828 983 1924 1036 ha—

345 1082 441 1136 bet
471 1083 580 1152 (89.)
617 1102 630 1136 :
675 1085 902 1139 Mortale
967 1097 1152 1150 corpus
1176 1090 1412 1134 nostrum
1453 1093 1562 1131 sua:
1588 1075 1923 1129 admiscendo

344 1172 556 1229 virtuti.

423 1261 778 1331 Proprretates
811 1272 860 1317 et
885 1264 1208 1332 operationes
1231 1263 1492 1317 distincta:
1511 1262 1738 1314 duarum
1769 1268 1925 1312 natu-

345 1366 532 1403 rarum
560 1351 614 1404 in
639 1349 766 1404 Jesu
800 1351 1397 1406 Clarium—Cancrum
1429 1350 1606 1404 inanis
1635 1349 1924 1417 scrupulus

343 1451 496 1498 esset
523 1445 756 1514 epinari,
784 1443 1177 1516 Eutychianam
1227 1443 1472 1498 liwresiin
1514 1443 1786 1513 designari
1826 1444 1926 1497 hac

341 1553 485 1590 voce
517 1535 707 1606 μίξας,
735 1537 1070 1600 admiscens;
1096 1545 1286 1605 praeter
1317 1535 1459 1590 enim
1506 1533 1756 1603 superius
1786 1534 1926 1589 reci-

345 1638 460 1682 tata
493 1629 833 1698 apertissima
878 1626 1220 1690 testimonia,
1257 1627 1541 1680 innumera
1571 1624 1774 1693 pariter
1816 1621 1926 1678 hoc

342 1718 472 1772 loco
498 1719 688 1773 afferre
722 1735 1046 1789 possumus,
1080 1732 1200 1787 quae
1235 1717 1303 1772 ab
1325 1715 1474 1771 omni
1505 1714 1708 1769 erroris
1749 1715 1924 1784 suspi-

341 1810 508 1865 cione
538 1825 703 1879 super
740 1811 843 1864 hoc
876 1809 1106 1864 articulo
1136 1809 1285 1862 illum
1325 1808 1554 1864 reddunt
1602 1806 1918 1878 immunem.

343 1904 559 1958 Etenim
591 1903 644 1957 in
675 1912 902 1958 tractatu
934 1903 1131 1957 Contra
1170 1900 1397 1955 Noetum
1421 1944 1435 1966 ,
1463 1901 1765 1970 peculiares
1794 1915 1919 1969 pro-

344 1997 604 2066 prietates
633 1996 1084 2065 operationesque
1119 1993 1308 2048 tribuit
1336 1993 1547 2047 duabus
1578 1991 1780 2047 Christi
1825 2007 1921 2046 na-

345 2084 490 2138 turis
536 2095 591 2138 et
636 2085 854 2154 quidem
905 2084 990 2138 his
1025 2083 1203 2138 verbis
1231 2082 1341 2153 (83)
1374 2102 1388 2137 :
1426 2101 1444 2133 ι
1482 2081 1570 2137 Sic
1613 2082 1772 2152 igitur
1819 2083 1922 2136 hu-

341 2190 516 2244 mana
555 2190 652 2229 sua
705 2192 814 2229 non
861 2185 1113 2238 recusat,
1143 2173 1236 2244 qui
1285 2174 1761 2229 demonstrabatur
1801 2189 1922 2228 esse

343 2264 523 2328 Deus,
555 2282 748 2319 cum...
778 2281 942 2336 super
965 2265 1244 2334 pulvinum
1279 2263 1520 2326 dormit,
1553 2264 1646 2332 qui
1671 2270 1920 2316 naturam

341 2355 509 2410 habet
532 2355 836 2409 insomnem
860 2397 875 2419 ,
909 2366 968 2408 ut
1008 2353 1242 2407 Deus....
1273 2367 1396 2408 cum
1431 2353 1499 2406 ab
1527 2351 1735 2406 Herode
1771 2367 1924 2421 sper-

342 2447 518 2510 nitur,
547 2447 639 2516 qui
665 2455 832 2500 totam
862 2455 1060 2500 terram
1085 2445 1429 2514 iudicaturus
1459 2453 1607 2498 est...
1637 2453 1692 2497 et
1723 2459 1754 2497 a
1785 2443 1924 2497 mili-

343 2538 495 2593 tibus
517 2539 762 2592 illuditur
791 2538 963 2603 is,cui
989 2547 1170 2592 astant
1196 2537 1363 2590 millia
1388 2536 1639 2600 millium,
1668 2544 1720 2589 et
1742 2536 1923 2589 decies

344 2639 572 2686 centena
605 2630 773 2684 millia
813 2630 1147 2699 angelorum.
1185 2647 1202 2680 ι
1238 2627 1295 2682 In
1328 2635 1558 2682 tractatu
1596 2625 1794 2680 Contra
1817 2625 1922 2680 Be-

346 2738 529 2776 ronem
557 2737 815 2791 expresse
846 2721 1038 2785 docet,
1065 2719 1456 2775 incarnationis
1488 2719 1802 2789 mysterium
1829 2719 1923 2773 de-

346 2823 660 2867 monstrare
692 2813 829 2866 duas
869 2811 1200 2866 substantias
1247 2809 1548 2880 periectas,
1591 2808 1828 2862 divinam
1872 2815 1925 2862 et

347 2905 647 2959 humanam
673 2903 784 2975 (84)
816 2923 826 2957 :
862 2922 880 2954 ι
915 2903 1223 2974 Mysterium
1260 2916 1494 2970 namque
1522 2901 1717 2956 divina:
1747 2901 1926 2956 incar-

343 2999 656 3052 nationis...
685 2995 936 3066 perl‘ecta:
973 2995 1191 3050 deitatis
1235 3003 1290 3049 et
1328 2995 1498 3063 plenae
1544 2993 1926 3048 demonstrati-

344 3108 474 3168 vum
523 3089 914 3155 humanitatis;
988 3106 1006 3139 ι
1051 3097 1104 3142 et
1154 3096 1442 3156 utramque
1491 3095 1743 3140 naturam
1797 3101 1925 3141 suas

2025 631 2144 668 rum
2184 615 2306 670 licet
2343 622 2590 668 mortuus
2632 622 2714 667 est
2759 622 3016 682 tanquam
3059 613 3257 677 homo,
3295 621 3473 666 tamen
3507 626 3596 668 se-

2025 707 2260 760 cundum
2306 705 2606 759 divinitatis
2655 714 2905 758 naturam
2955 705 3153 757 mansit
3204 704 3360 759 vivus
3397 703 3530 773 (88).
3568 721 3592 758 ι

2026 795 2203 850 Ilabes
2248 797 2412 865 igitur
2458 796 2594 849 duas
2622 794 2820 848 Christi
2879 807 3099 848 natura:
3135 794 3432 848 formaliter
3485 795 3600 850 dis-

2025 889 2263 953 tinctas,
2315 887 2737 956 earumdemque
2790 885 3072 938 distinctas
3132 886 3473 953 operationes
3540 889 3598 940 in

2025 981 2149 1034 divo
2196 979 2481 1050 Hippolyto
2512 988 2749 1033 assertas
2779 976 3068 1045 conspicis.
3103 975 3598 1031 Demonstrandum

2027 1080 2306 1142 superest,
2337 1081 2606 1125 vetustum
2657 1069 2803 1123 hunc
2853 1067 3104 1122 Ecclesiae
3145 1067 3392 1133 Patrem,
3431 1085 3599 1123 unam

2027 1163 2312 1232 agnovisse
2359 1163 2411 1215 in
2447 1162 2665 1216 Christo
2711 1167 2990 1227 personam
3019 1199 3034 1223 ,
3071 1176 3348 1229 unumque
3397 1163 3600 1232 princi-

2026 1256 2172 1324 pium
2216 1254 2592 1323 operationum
2643 1255 2923 1321 omnium,
2967 1270 3089 1325 qua:
3141 1255 3357 1324 utrique
3393 1264 3601 1310 natura}

2026 1349 2375 1402 conveniunt.

2099 1439 2152 1495 Id
2182 1455 2309 1494 Vero
2341 1439 2744 1494 evidentissima
2775 1441 3046 1495 constabit
3085 1440 3379 1511 unicuique
3413 1441 3494 1494 vel
3524 1441 3602 1496 lc-

2025 1535 2162 1589 viter
2194 1534 2488 1589 attendeuti
2522 1548 2662 1602 quos
2710 1533 2961 1604 superius
2989 1533 3268 1588 attulimus
3291 1541 3470 1587 textus
3491 1571 3504 1595 .
3542 1540 3604 1588 ut

2026 1629 2431 1684 distinctionem
2465 1628 2696 1681 duarum
2743 1637 3062 1680 naturarum
3109 1634 3370 1680 assertam
3412 1639 3442 1682 a
3475 1624 3603 1680 divo

2026 1719 2315 1791 Hippolyto
2347 1720 2755 1785 evinceremus;
2797 1735 2862 1774 ex
2904 1719 3010 1773 illis
3038 1719 3182 1773 enim
3220 1721 3388 1787 probe
3423 1717 3603 1793 mani-

2026 1813 2222 1868 festum
2254 1812 2395 1875 erit,
2421 1813 2565 1881 quod
2612 1813 2735 1867 licet
2779 1811 3010 1866 duarum
3055 1819 3372 1864 naturarum
3407 1804 3606 1864 distin-

2024 1903 2130 1958 ctio
2166 1902 2452 1970 perspicue
2495 1910 2792 1966 asseratur,
2835 1899 3194 1957 nihilominus
3239 1913 3348 1952 una
3391 1906 3604 1972 tantum

2025 1994 2078 2048 in
2103 1993 2320 2048 Christo
2351 2008 2582 2063 persona
2611 1993 2892 2047 astruitur.

2098 2084 2285 2139 Unitas
2325 2100 2559 2154 persona:
2590 2086 2644 2137 in
2671 2082 2800 2137 Iesu
2824 2082 3055 2138 Christo.
3077 2111 3146 2124 -ν
3175 2081 3293 2151 Ipse
3323 2081 3524 2151 quippe
3551 2089 3606 2137 et

2022 2177 2299 2247 perlectus
2345 2176 2484 2231 Deus
2525 2186 2637 2242 est,
2667 2183 2720 2230 et
2760 2175 3033 2244 perfectus
3063 2173 3263 2240 homo;
3293 2173 3409 2243 ipse
3445 2183 3606 2242 prout

2025 2268 2119 2323 Dei
2146 2267 2405 2331 Verbum,
2435 2269 2674 2323 divinam
2703 2267 2937 2322 habebat
2968 2275 3216 2320 naturam
3236 2305 3252 2331 ,
3281 2274 3444 2336 prout
3474 2261 3605 2320 v'ero

2023 2358 2154 2414 Adae
2191 2359 2368 2424 ﬁlius,
2400 2359 2632 2414 habebat
2671 2367 2924 2412 naturam
2960 2357 3254 2411 humanam
3287 2377 3301 2411 :
3343 2357 3488 2413 Deus
3529 2358 3614 2418 in-_

2025 2463 2284 2510 carnatus
2322 2460 2438 2519 est,
2480 2471 2500 2504 ι
2553 2435 2696 2508 Deus
2738 2453 3156 2520 incorporatus;
3205 2469 3225 2502 ι
3268 2461 3321 2506 et
3364 2451 3454 2506 ille
3489 2455 3608 2522 ipse

2025 2551 2140 2606 est,
2173 2543 2267 2611 qui
2301 2551 2461 2598 natus
2497 2550 2648 2596 est...
2685 2539 2827 2596 Deus
2866 2548 2922 2595 et
2960 2542 3159 2596 homo:
3192 2540 3333 2595 idem
3365 2551 3478 2608 est,
3509 2542 3607 2611 qui

2032 2653 2052 2687 ι
2083 2637 2152 2690 ab
2195 2633 2406 2690 Herode
2453 2633 2751 2704 spernitur,
2779 2641 2834 2686 et
2877 2633 2948 2687 ab
2987 2633 3192 2704 angelis
3232 2634 3531 2700 adoratur;
3579 2652 3602 2686 ο

2025 2725 2119 2795 qui
2149 2743 2166 2776 α
2195 2725 2378 2780 divina
2417 2740 2672 2794 operatur
2701 2732 2758 2778 et
2795 2724 3070 2792 humana,
3107 2744 3124 2775 ι
3161 2725 3255 2795 qui
3294 2745 3312 2778 ι
3351 2725 3605 2792 moritur,

2025 2827 2081 2872 et
2115 2825 2298 2872 manet
2323 2817 2502 2872 vivus.
2543 2836 2561 2869 ι
2606 2816 2890 2882 Quomodo
2918 2818 3198 2872 conciliari
3239 2819 3353 2873 hazc
3376 2827 3609 2888 possunt

2027 2925 2153 2964 cum
2181 2909 2532 2964 distinctione
2562 2908 2925 2962 naturarum?
2968 2906 3108 2962 Audi
3135 2909 3388 2963 eumdem
3417 2908 3608 2962 divum

2027 3000 2376 3069 Hippolytum
2420 3000 2656 3068 perbelle
2693 3000 2795 3054 hoc
2829 3000 3189 3069 explicantem
3229 3000 3384 3072 (89):
3436 3019 3455 3052 ι
3506 2999 3608 3056 Se-

2028 3093 2269 3147 cundum
2312 3101 2610 3161 utrumque
2659 3108 2818 3148 suum
2866 3107 3080 3162 semper
3121 3107 3447 3162 permanens
3491 3095 3611 3148 sine

346 3183 712 3254 proprietates
764 3191 818 3235 et
861 3179 1203 3249 operationes
1251 3177 1524 3233 naturales
1573 3178 1776 3246 absque
1816 3177 1924 3230 ulla
1954 3201 1996 3257 ο
2029 3199 2191 3250 casu,
2247 3184 2448 3252 quibus
2496 3183 2680 3239 divine
2727 3184 2927 3253 pariter
2966 3192 3020 3238 et
3063 3183 3302 3238 humane
3352 3193 3610 3255 operatus

345 3275 654 3330 mutatione
699 3287 947 3327 servasse
980 3291 994 3326 :
1033 3290 1050 3322 ι
1088 3275 1391 3326 secundum
1432 3278 1723 3338 utrumque
1762 3284 1923 3323 suum

347 3383 565 3436 Semper
591 3381 918 3435 permanens
951 3365 1068 3419 sine
1099 3378 1229 3418 casu
1251 3402 1266 3424 ,
1292 3362 1492 3432 quibus
1519 3361 1702 3415 divine
1727 3361 1926 3430 pariter

343 3475 400 3514 et
436 3460 675 3514 humane
700 3465 958 3528 cperatus
988 3464 1070 3511 est
1100 3455 1532 3524 :,perfectionem
1579 3469 1674 3524 per
1706 3468 1924 3508 omnem

345 3553 640 3620 utriusque
663 3552 929 3604 rationem
957 3548 1058 3603 sibi
1083 3547 1401 3601 naturaliter
1429 3546 1924 3600 incommutabilem

346 3660 622 3709 servans;
671 3661 690 3695 ›
734 3651 897 3710 atque
938 3640 1059 3694 ideo
1102 3639 1344 3692 divinum
1393 3636 1624 3692 Verbum
1665 3637 1926 3691 miracula

345 3738 631 3809 patrabat,
666 3751 796 3791 caro
818 3750 945 3788 vero
982 3733 1286 3802 patiebatur
1312 3731 1464 3801 (85):
1503 3750 1521 3782 ‹
1559 3729 1763 3785 Deitate
1801 3729 1926 3800 qui-

345 3831 472 3886 dem
504 3829 755 3883 divina...
793 3842 1066 3896 Operans;
1099 3823 1436 3878 humanitate
1461 3837 1590 3876 vero
1617 3823 1874 3877 humana.
1902 3842 1920 3874 ι

420 3921 480 3975 In
512 3919 852 3974 humanitate
889 3935 986 3974 sua
1026 3917 1274 3972 Salvator
1300 3925 1483 3971 noster
1511 3915 1736 3969 esurivit
1763 3923 1817 3969 et
1851 3914 1926 3969 si-

345 4015 512 4078 tivit;
546 4022 600 4068 et
641 4013 694 4068 in
732 4012 1015 4067 divinitate
1054 4026 1148 4064 sua
1189 4023 1296 4064 uno
1340 4009 1638 4077 eodemque
1686 4015 1927 4075 tempore

346 4108 686 4163 adorabatur
733 4105 800 4160 ab
847 4103 1053 4173 angelis
1087 4101 1237 4173 (86):
1291 4119 1310 4152 ‹
1348 4099 1654 4154 Humanam
1705 4099 1933 4168 quidem.

345 4203 527 4272 ipsius
553 4209 802 4255 naturam
837 4197 994 4252 facile
1034 4206 1116 4250 est
1162 4208 1490 4264 agnoscere,
1518 4193 1737 4260 quando
1759 4190 1929 4244 esurit

345 4304 404 4347 et
447 4292 628 4346 sitit...
666 4288 856 4341 Divina
904 4300 1033 4341 vero
1083 4285 1256 4354 ipsius
1297 4290 1492 4336 natura
1539 4296 1646 4334 non
1693 4281 1927 4334 obscure

344 4381 614 4446 cernitur,
642 4379 860 4450 quando
889 4378 958 4431 ab
1000 4375 1204 4446 angelis
1235 4373 1510 4428 adoratur.
1542 4391 1560 4422 ι
1591 4370 1713 4425 Uno
1741 4370 1924 4434 verbo,

347 4474 700 4544 operationes
729 4472 844 4526 ista:
871 4470 1004 4524 adeo
1037 4468 1304 4523 distincta:
1330 4475 1488 4529 sunt,
1517 4463 1674 4535 juxta
1705 4463 1762 4517 S.
1795 4463 1927 4533 Hip-

2025 3283 2174 3330 εει...
2219 3295 2238 3327 ι
2281 3273 2347 3328 Ει
2373 3275 2540 3329 alibi:
2583 3293 2602 3327 ς
2637 3275 2869 3329 Sibimet
2894 3274 3114 3329 modum
3148 3290 3372 3330 servans
3411 3291 3611 3330 secun-

2025 3369 2154 3423 dum
2198 3376 2492 3437 utrumque
2541 3367 2966 3433 immutabilem,
3016 3383 3114 3437 per
3151 3365 3310 3437 quem
3354 3380 3612 3438 operatus

2026 3469 2111 3514 est
2151 3467 2385 3528 utraque
2427 3460 2640 3514 decenti
2685 3475 2837 3514 more
2863 3458 2997 3529 (90).
3030 3478 3048 3510 ι
3089 3457 3171 3512 Ex
3220 3459 3475 3514 omnibus
3522 3461 3611 3515 his

2027 3569 2148 3622 quae
2195 3553 2354 3607 modo
2404 3551 2687 3606 attulimus
2728 3553 2908 3620 quoad
2955 3551 3418 3615 incarnationem,
3472 3551 3611 3606 inle-

2027 3646 2254 3700 rendum
2279 3652 2392 3708 est,
2418 3644 2603 3699 divum
2638 3641 2984 3715 Hippolytum
3017 3643 3070 3697 in
3106 3644 3222 3699 suis
3255 3643 3472 3713 scriptis
3496 3659 3613 3697 ma-

2028 3735 2225 3792 nifeste
2259 3735 2519 3803 damnare
2566 3745 2674 3788 tres
2717 3734 3006 3804 primarias
3045 3733 3279 3788 ltaarescs
3325 3741 3447 3803 post
3492 3733 3612 3802 ejus

2026 3837 2260 3882 mortem
2307 3837 2568 3882 exortas:
2619 3825 3086 3897 Eutychianorum
3129 3824 3364 3890 scilicet,
3415 3823 3610 3878 Mono-

2027 3919 2343 3972 thelitarum
2416 3925 2470 3971 et
2524 3915 2972 3972 Nestorianorum
3021 3916 3302 3985 :primam
3355 3915 3608 3984 quidem,

2027 4009 2156 4063 dum
2196 4009 2392 4063 astruit
2419 4010 2473 4062 in
2500 4007 2720 4062 Christo
2753 4008 2892 4062 duas
2922 4015 3146 4065 naturas
3175 4006 3495 4072 distinctas;
3530 4021 3612 4060 se.

2029 4100 2262 4154 cuudam
2312 4114 2441 4154 vero
2461 4140 2475 4164 ,
2502 4098 2631 4152 dum
2659 4099 2798 4154 duas
2823 4098 3060 4157 admittit
3084 4097 3388 4152 voluntates
3423 4097 3478 4150 in
3511 4111 3608 4151 eo-

2028 4187 2150 4242 dem
2173 4186 2414 4253 Christo,
2441 4187 2686 4255 duasque
2713 4186 3078 4256 operationes,
3107 4201 3229 4254 quae
3251 4185 3481 4240 duarum
3511 4201 3611 4244 na.

2028 4286 2275 4332 turarum
2316 4292 2444 4333 sunt
2475 4278 2748 4347 propria);
2785 4278 2998 4333 tertiam
3040 4278 3291 4346 tandem,
3321 4277 3450 4333 dum
3485 4280 3610 4334 uni-

2030 4377 2196 4423 tatem
2220 4384 2466 4438 personze
2496 4368 2549 4422 in
2570 4367 2792 4422 Christo
2818 4377 3016 4422 tuetur.

2101 4458 2300 4529 Scopas
2344 4459 2748 4514 incarnationis.
2803 4458 3234 4514 Circumstantiw
3277 4462 3609 4516 incarnatio-

347 4566 595 4636 polytum
620 4561 752 4633 (87),
771 4561 917 4631 quod
942 4559 1202 4623 Verbum,
1228 4577 1246 4611 (
1277 4557 1412 4612 nihil
1433 4558 1672 4612 divinum
1702 4571 1929 4625 corpore
1960 4554 2004 4609 D
2033 4554 2134 4609 nis.
2164 4581 2235 4591 —
2261 4550 2412 4607 Finis
2435 4567 2499 4610 ac
2531 4566 2731 4624 scepus
2771 4552 3161 4610 incarnationis
3186 4553 3289 4611 fuit
3326 4554 3610 4610 hominum

419 4693 519 4735 ’-“
556 4691 718 4748 Prov.
747 4708 823 4760 ix,
845 4701 900 4747 2.

423 4853 558 4927 (8|)
582 4853 747 4927 Idem,
773 4854 826 4907 in
854 4853 984 4927 illud
1019 4853 1289 4927 _Pro_verb.
1343 4861 1650 4927 ιιιε-ίίξηιλ..Δ
1678 4851 1920 4927 ῐᾼΟῃρυ

345 4922 477 4997 pag.
501 4922 637 4990 282,
663 4935 717 4978 et
747 4929 892 4994 apud
936 4923 1207 4988 Galland.,
1253 4932 1383 4979 tom.
1424 4922 1466 4976 ll
1509 4922 1762 4977 Biblioth.
1804 4924 1920 4978 PP.

345 4999 555 5049 colum.
587 4996 712 5049 488.

345 4999 555 5053 colum.
587 4999 712 5049 488.

427 5065 537 5136 (8'2)
582 5084 601 5117 ι
638 5066 795 5131 Quod
837 5065 982 5119 enim
1018 5063 1112 5118 Dei
1142 5061 1380 5118 Verbum
1418 5079 1542 5136 cum
1575 5073 1725 5136 esset
1745 5065 1927 5136 carnis

347 5132 576 5206 expers,
617 5147 861 5190 sanctam
892 5149 1110 5206 carnem
1144 5149 1208 5188 ex
1239 5145 1424 5188 sancta
1455 5132 1695 5206 Virgine
1717 5135 1887 5206 induit
1909 5177 1923 5199 ,

348 5204 613 5276 tanquam
646 5221 882 5273 sponsus
919 5205 1023 5260 sibi
1061 5207 1232 5276 ipsam
1275 5206 1330 5257 in
1364 5205 1539 5276 crucis
1571 5204 1809 5272 patibulo
1837 5220 1927 5256 ve-

347 5274 489 5332 stem
521 5285 851 5340 contexens;
891 5289 1001 5344 quo
1048 5274 1304 5328 nimirum
1341 5274 1568 5327 mortale
1601 5289 1798 5344 corpus
1833 5290 1928 5327 no-

351 5357 532 5402 strum
565 5362 680 5400 suae
711 5343 1002 5400 adunando
1037 5345 1246 5408 virtuti,
1277 5352 1334 5399 et
1357 5343 1708 5412 corruptibile
1751 5345 1930 5397 incor-

353 5416 604 5484 ruptibili
633 5457 647 5481 ,
705 5415 980 5470 inﬁrmum
1029 5414 1156 5469 forti
1222 5415 1462 5484 miscens
1495 5453 1508 5478 ,
1546 5413 1776 5484 Ahomini
1818 5414 1929 5484 qui

349 5482 609 5610 perierit,
651 5487 881 5541 salutem
913 5492 1212 5556 praestaret.
1245 5505 1264 5537 ι
1312 5483 1492 5551 Idem,
1533 5482 1610 5538 Do
1646 5483 1887 5537 Antio/tr.
1911 5523 1927 5548 ,

351 5573 510 5610 num.
574 5599 590 5610 .

351 5573 510 5610 num.
535 5573 590 5611 4.

428 5628 538 5696 (85)
579 5625 748 5691 Idem,
769 5625 967 5680 Contra
990 5623 1176 5696 Noet.,
1201 5640 1352 5696 num_.
1382 5623 1470 5696 I78.

428 5693 540 5768 (84)
581 5697 727 5751 lde’m
749 5738 764 5760 ,
801 5697 932 5768 Adv.
973 5695 1162 5768 Beron.
1185 5693 1462 5768 _et__Hel_ic.
1483 5736 1498 5760 ,
1527 5697 1672 5768 'tom.
1711 5693 1928 5768 I_Qpp.,

512 5768 617 5823 227
652 5777 706 5823 et
737 5767 876 5834 228,
907 5777 960 5823 et
995 5767 1138 5837 apud
1167 5763 1420 5836 .Galland.
1444 5807 1460 5833 ,
1503 5766 1704 5823 colum.
1736 5763 1857 5823 467'
1879 5774 1936 5821 et
2023 5797 2027 5812 ε

2103 4863 2216 4933 (85)
2259 4861 2615 4934 [demta-id"
2644 4862 2806 4934 apud.
2828 4862 3068 4928 Fabric.,
3097 4877 3219 4934 pag.
3247 4857 3454 4925 226,-et
3482 4857 3610 4914 Gal-

2029 4932 2176 4989 land.
2215 4935 2318 4988 col.
2351 4932 2477 4988 469.

2101 5025 2213 5095 (86)
2252 5023 2428 5088 Idem,
2459 5026 2512 5078 in
2541 5024 2676 5094 psal.
2712 5041 2781 5090 it,
2813 5034 2947 5080 tom.
2977 5024 2996 5077 I
3039 5025 3174 5095 Opp.
3195 5066 3210 5088 ,
3237 5041 3360 5095 pag.
3385 5023 3492 5078 288
3512 5067 3528 5087 ,
3561 5035 3617 5095 et

2031 5094 2278 5150 Galland.
2297 5135 2317 5166 3
2341 5096 2443 5148 col.
2471 5095 2596 5150 486.
2626 5095 2837 5150 Vide-et
2865 5097 3008 5166 apud
3038 5094 3282 5166 Fabric.,
3312 5094 3434 5163 pag.
3467 5094 3612 5166 226.

1999 5176 2085 5289 ἐξ
2270 5164 2333 5230 H,
2373 5181 2496 5236 pag.
2520 5167 2613 5234 24,
2644 5166 2734 5232 27,
2760 5167 2853 5230 28,
2886 5163 2978 5230 δῦ,
3011 5175 3065 5220 et
3100 5176 3234 5220 tom.
3262 5163 3320 5231 I,
3353 5178 3478 5233 pag.
3507 5164 3614 5216 265

2029 5251 2060 5290 e
2225 5279 2240 5292 .

2107 5326 2218 5396 (87)
2257 5324 2400 5382 Idem
2421 5367 2443 5396 ,ν
2465 5326 2665 5382 Contra
2697 5325 2943 5379 Beronem
2965 5365 2980 5390 ,
3011 5340 3162 5381 num.
3197 5324 3230 5378 8
3251 5366 3266 5392 ,
3296 5324 3440 5394 apud
3482 5323 3613 5381 Gal-

2031 5395 2178 5451 land.
2198 5435 2212 5459 ,
2248 5398 2352 5451 col.
2385 5395 2509 5452 469.

2107 5488 2218 5559 (88)
2255 5487 2398 5544 Idem
2421 5532 2436 5555 ,
2482 5489 2778 5559 Comment.
2808 5489 2865 5540 in
2893 5485 3132 5559 Genesi]?!
3155 5527 3170 5551 ,
3207 5495 3320 5542 tom
3364 5487 3388 5541 Ι
3433 5487 3612 5555 ορρ.,

2035 5555 2157 5628 pag.
2187 5559 2276 5622 24,
2307 5569 2361 5613 et
2387 5561 2528 5628 apud
2557 5558 2831 5628 Galland.,
2853 5557 2960 5612 col.
2988 5555 3114 5611 478.

2129 5630 2217 5699 89)
2258 5625 2441 5692 Idem,
2479 5631 2679 5682 Contra
2716 5627 2907 5682 Beron.
2931 5667 2946 5691 ,
2980 5635 3114 5682 tom.
3148 5625 3206 5693 Ι,
3239 5643 3361 5698 pag.
3392 5626 3531 5691 2:28,
3556 5635 3612 5681 et

2129 5700 2175 5752 id
2205 5697 2475 5754 Galland..
2511 5699 2614 5752 col.
2646 5697 2780 5754 468.
2811 5713 2962 5751 num.
2990 5697 3043 5751 4.

2035 5714 2175 5769 apuu
2205 5714 2475 5763 uanana.,
2511 5714 2614 5752 cor.
2646 5714 2780 5758 auo,
2811 5714 2962 5751 num.
2990 5714 3043 5751 4.

2036 5767 2342 5898 ιϐἓὲῡῐζυὶἓ.
2365 5769 2536 5898 ,8ibid.
2560 5807 2577 5833 ,
2604 5783 2728 5839 pag.
2758 5767 2864 5822 250
2883 5807 2899 5835 ,
2923 5777 2978 5824 et
3004 5766 3148 5839 apud
3179 5765 3427 5824 Galland.
3450 5806 3466 5834 ,
3497 5764 3606 5822 col.

2147 5879 2162 5908 ,
2191 5876 2342 5892 unum.
2373 5876 2427 5898 νο
