4074 6414
485 373 587 429 56³1

1438 375 1526 430 DE
1566 374 1729 431 VITA
1768 374 1858 430 ΕΤ
1898 372 2214 432 SCRIPTIS
2249 375 2309 430 8.
2350 373 2738 432 HIPPOLYTI.

3639 376 3741 431 568

483 501 632 555 salus
659 498 808 570 (9|);
841 499 969 554 hinc
999 517 1016 549 1
1047 495 1284 552 Verbum
1319 513 1349 552 e
1375 498 1530 553 caelis
1557 498 1903 553 descendit...
1939 507 2062 554 ut...
2095 501 2140 558 Α
2172 504 2324 551 notat
2362 498 2461 566 (5‘,
2488 515 2551 551 ex
2587 498 2673 561 iis,
2715 509 2836 566 quae
2887 495 3070 549 statim
3129 501 3450 564 sequuntur,
3514 493 3744 562 quisque

483 595 720 649 salvaret
769 593 977 656 Adam,
1021 594 1111 663 qui
1157 593 1466 658 ceciderat,
1501 603 1552 647 et
1602 593 2069 647 immortalitatem

483 687 772 755 largiretur
806 686 873 739 iis
939 685 1029 754 qui
1070 686 1351 739 crederent
1395 685 1448 738 in
1488 685 1709 738 nomine
1740 685 1928 754 ejus...
1965 681 2069 737 Ne-

480 797 589 850 que
631 797 759 836 caro
800 796 896 851 per
950 797 1008 836 se
1065 780 1183 835 sine
1235 780 1416 834 Verbo
1475 780 1774 834 subsistere
1816 787 2065 848 poterat;

480 875 608 944 quia
651 876 703 928 in
752 874 930 928 Verbo
970 872 1201 927 habebat
1241 872 1684 930 subsistentiam.
1722 870 1820 942 τὴν
1872 869 2069 923 σύστα-

482 986 584 1020 σιν.
622 966 906 1021 lncarnato
941 965 1116 1019 Verbo
1149 973 1202 1019 et
1231 963 1374 1018 facto
1403 964 1646 1029 homine,
1680 962 1842 1017 Pater
1866 972 1984 1016 erat
2009 964 2064 1016 in

479 1059 650 1125 Filio,
689 1070 741 1113 et
783 1057 957 1113 Filius
995 1057 1049 1110 in
1080 1055 1307 1110 Patre...
1342 1054 1460 1109 Non
1497 1070 1592 1126 per
1627 1055 1897 1109 tictionem
1921 1097 1936 1121 ,
1969 1054 2065 1110 sed

477 1166 603 1206 vere
632 1150 806 1204 factus
829 1157 913 1204 est
940 1149 1104 1203 homo
1133 1148 1268 1217 (9'2).
1306 1167 1324 1200 1
1358 1145 1483 1202 Haec
1514 1147 1818 1202 incarnatio
1843 1157 2063 1217 peracta

477 1257 561 1301 est
605 1247 656 1300 in
699 1245 938 1316 Virginis
969 1253 1126 1299 utero
1147 1285 1160 1307 ,
1193 1252 1451 1314 operante
1495 1242 1701 1312 Spiritu
1735 1253 1925 1298 sancto
1955 1261 1970 1298 :
2010 1253 2064 1298 et

478 1357 631 1398 error
667 1349 750 1395 est
791 1338 1036 1408 opinari,
1073 1336 1309 1391 Verbum
1369 1346 1461 1390 aut
1503 1337 1721 1390 aliunde
1792 1351 1955 1406 quam
1988 1336 2061 1390 de

479 1433 600 1486 sinu
637 1430 875 1499 Virginis
914 1445 1134 1484 carnem
1171 1429 1501 1496 sumpsisse,
1546 1437 1638 1481 aut
1671 1443 1891 1482 carnem
1922 1428 2061 1483 hanc

477 1525 544 1579 de
587 1523 726 1578 coelo
760 1521 1030 1586 traxisse;
1061 1535 1182 1581 cum
1217 1529 1342 1573 ante
1383 1520 1810 1573 incarnationem
1851 1519 2058 1572 nullum

477 1631 679 1684 corpus
705 1615 955 1676 haberet,
981 1621 1234 1682 essetque
1271 1627 1446 1680 purus
1479 1612 1727 1680 spiritus.
1775 1609 2058 1679 PrOphetze

475 1710 664 1778 utique
699 1707 894 1761 Filium
937 1706 1030 1761 Dei
1067 1707 1475 1776 appellaverunt
1501 1705 1664 1759 etiam
1714 1704 1911 1758 Filium
1955 1705 2055 1758 ho-

475 1799 671 1866 minis,
707 1799 798 1854 sed
836 1815 930 1868 per
969 1798 1409 1866 anticipationem
1432 1838 1444 1858 ,
1472 1795 1675 1849 scilicet
1714 1804 1935 1864 propter
1970 1792 2056 1847 fu-

475 1901 654 1946 turam
691 1889 809 1960 ejus
847 1889 1276 1945 incarnationem
1321 1904 1333 1939 :
1383 1906 1399 1938 1
1429 1886 1667 1941 Vocatus
1714 1901 1744 1940 a
1787 1885 2054 1956 principio

475 1983 648 2039 Filius
673 1983 933 2046 hominis,
974 1992 1193 2053 propter
1234 1981 1475 2034 luturum
1497 2021 1511 2045 ,
1538 1978 1787 2048 quamvis
1814 1978 2053 2031 nondum

473 2087 618 2134 esset
658 2078 820 2132 homo
852 2076 984 2146 (95).
1011 2075 1044 2127 1⁸
1061 2074 1126 2128 Et
1151 2074 1278 2128 alibi
1308 2093 1319 2127 :
1352 2092 1369 2125 1
1403 2072 1630 2139 Qualem
1661 2073 1827 2141 igitur
1856 2071 2052 2125 Filium

473 2187 633 2226 suum
666 2171 808 2225 Deus
831 2185 926 2239 per
949 2183 1167 2224 carnem
1201 2167 1378 2232 misit,
1406 2166 1512 2221 nisi
1545 2165 1807 2228 Verbum,
1841 2163 1986 2234 quod
2021 2179 2053 2218 a

471 2262 740 2332 principio
766 2261 970 2315 scilicet
1002 2259 1198 2314 Filium
1226 2258 1460 2324 vocavit,
1485 2259 1607 2328 quia
1639 2256 1883 2311 futurum
1937 2265 2053 2310 erat

472 2365 531 2410 ut
561 2364 740 2410 ortum
765 2353 1019 2423 caperet?
1043 2353 1106 2406 Et
1135 2367 1260 2407 cum
1291 2350 1464 2405 Filius
1487 2358 1732 2420 vocatur,
1759 2363 2054 2404 commune

469 2463 666 2502 nomen
699 2447 904 2501 amoris
932 2461 1058 2516 erga
1089 2445 1340 2498 homines
1361 2443 1527 2496 sumit
1555 2441 1687 2511 (94).
1729 2460 1748 2493 1

540 2541 786 2595 Christus
810 2555 872 2594 ea:
901 2539 1095 2593 semine
1123 2537 1293 2591 David
1318 2552 1466 2590 verus
1489 2535 1626 2589 Deus
1646 2551 1822 2588 omnes
1847 2533 2052 2588 salvare

465 2629 597 2685 vult.
635 2660 702 2669 —
740 2629 816 2684 Ex
852 2628 962 2683 divi
993 2627 1267 2698 Hippolyti
1299 2629 1524 2695 insuper
1564 2626 1810 2680 doctrina
1845 2625 2052 2694 colligi-

467 2737 614 2785 mus,
637 2713 784 2790 quod
815 2721 959 2774 Deus
988 2734 1180 2776 omnes
1205 2718 1455 2772 homines
1493 2717 1706 2771 salvare
1736 2717 1866 2770 velit
1899 2716 2046 2786 (95),

466 2813 612 2884 quod
641 2811 908 2866 Dominus
935 2819 1122 2865 noster
1141 2809 1303 2863 Iesus
1329 2807 1583 2863 Christus
1608 2807 1681 2860 sit
1711 2821 1874 2860 verus
1903 2806 2046 2861 Deus

469 2908 584 2978 (96)
612 2905 757 2960 Patri
785 2913 1090 2960 coaeternus
1123 2902 1256 2970 (97),
1283 2902 1398 2971 ipse
1425 2898 1480 2954 in
1511 2900 1690 2964 Patre,
1723 2909 1776 2956 et
1807 2900 1964 2955 Pater
1993 2902 2046 2956 in

466 2998 694 3054 Christo
724 2999 794 3052 sit
819 2995 963 3068 (98);
997 2996 1142 3065 quod
1171 2993 1333 3049 Pater
1362 3009 1579 3048 omnem
1613 3003 1936 3062 potestatem
1965 2997 2048 3049 ei-

467 3091 591 3146 dem
621 3089 831 3145 dederit
879 3088 1012 3158 (99),
1056 3096 1109 3142 et
1140 3085 1392 3140 eumdem
1439 3086 1782 3141 constituerit
1807 3087 2046 3156 judicem

2176 591 2478 658 perspicere
2506 599 2714 659 potest,
2750 589 2808 642 8.
2837 588 3050 643 Patrem
3081 604 3147 643 ex
3187 591 3354 656 stirpe
3392 586 3611 656 quidem
3644 585 3744 639 Da-

2171 682 2345 736 vidica
2373 694 2550 736 ortum
2575 681 2758 737 Jcsum
2783 682 3060 736 Christum
3086 696 3382 752 agnoscere
3408 699 3421 742 ;
3448 680 3518 732 ita
3543 687 3745 744 tamen,

2171 781 2232 827 ut
2258 784 2415 843 neget
2451 773 2626 842 ipsum
2657 790 2718 829 ea
2745 783 2924 827 ortum
2962 790 2982 825 1
3018 789 3084 828 ex
3122 771 3340 826 Davidis
3371 772 3576 826 semine
3601 789 3620 821 1
3656 785 3746 823 ra-

2169 865 2315 920 tione
2343 866 2585 936 vulgari,
2616 882 2722 936 qua
2751 865 2931 921 caeteri
2969 865 3239 927 homines,
3267 865 3464 933 quippe
3496 880 3514 912 1
3551 860 3643 932 qui
3679 861 3746 916 de

2170 956 2376 1027 Spiritu
2423 969 2613 1014 sancto
2647 955 2944 1028 conceptus
2983 957 3174 1025 fuerit,
3207 966 3260 1013 et
3295 973 3361 1013 ex
3396 965 3586 1013 sancto
3625 971 3747 1028 ger-

2167 1050 2314 1106 mine
2340 1066 2370 1105 e
2396 1061 2536 1106 terra
2565 1051 2913 1122 processerit.
2945 1067 2963 1101 1

2674 1160 3076 1217 ARTIC‘ULUS
3114 1160 3228 1216 VII.

2230 1271 2298 1311 DE
2335 1272 2522 1311 ΒΕΑΤΒ
2564 1272 2742 1311 11111118
2782 1271 3133 1310 VIRGINITATE
3174 1273 3242 1311 ετ
3279 1270 3686 1311 ΙΔΤΕΚἈΙΤΔΤΒ.

2232 1348 2554 1416 Quanquam
2608 1358 2830 1403 sanctus
2874 1347 3193 1419 Hippolytus
3244 1349 3435 1403 nullibi
3486 1347 3745 1402 beatissi-

2163 1451 2306 1488 mam
2342 1434 2614 1506 Virginem
2671 1436 2894 1491 Mariam
2947 1437 3104 1491 titulo
3153 1436 3396 1506 Deipara!
3438 1437 3748 1507 (Θεοτόκος)

2163 1524 2455 1595 insigniat,
2486 1529 2846 1583 nihilominus
2887 1537 3068 1583 tamen
3106 1529 3596 1598 ejusmodipassim
3630 1529 3743 1582 uti-

2161 1628 2250 1672 tur
2309 1620 2564 1690 loquendi
2617 1622 2989 1686 t'ormulis,ex
3036 1624 3236 1692 quibus
3287 1623 3403 1676 luce
3440 1622 3744 1677 meridiana

2159 1711 2362 1766 clarius
2389 1715 2646 1782 patescit,
2681 1724 2929 1768 sanctum
2964 1715 3277 1785 episcopum
3310 1714 3521 1768 beatam
3558 1713 3746 1784 Virgi-

2159 1818 2280 1857 nem
2306 1814 2358 1859 et
2392 1804 2616 1860 Matrem
2649 1805 2742 1860 Dei
2774 1807 3096 1873 credidisse,
3126 1815 3182 1861 et
3223 1816 3280 1860 ut
3318 1807 3479 1860 talem
3513 1822 3749 1861 venera-

2158 1903 2270 1950 tum
2317 1896 2501 1952 fuisse.
2550 1898 2761 1954 Etenim
2805 1899 3027 1955 disertis
3063 1900 3242 1954 verbis
3281 1900 3590 1969 proﬁtetur,
3635 1900 3748 1953 Ma-

2157 1989 2292 2044 riam
2335 1989 2429 2045 Dei
2477 1990 2716 2046 Verbum
2770 1993 2822 2047 in
2872 2003 3028 2048 utero
3077 2003 3130 2048 et
3181 1994 3496 2063 concepisse
3542 2003 3596 2048 et
3647 2010 3751 2064 ge-

2157 2091 2333 2138 stasse
2364 2085 2464 2155 (εί),
2497 2103 2514 2135 1
2546 2083 2878 2140 Salvatorem
2904 2102 2967 2141 ex
2999 2103 3061 2142 ea
3086 2097 3296 2152 natum,
3319 2097 3372 2142 et
3400 2087 3518 2143 sine
3547 2086 3750 2142 coniu-

2155 2175 2306 2229 sione
2345 2175 2511 2230 Deum
2550 2186 2603 2232 et
2640 2177 2915 2232 hominem
2950 2181 3054 2254 (5);
3095 2200 3114 2233 1
3155 2189 3317 2248 atque
3351 2178 3537 2233 Iesum
3577 2179 3740 2233 Chri-

2153 2276 2297 2319 stum
2326 2282 2447 2322 esse
2468 2284 2658 2322 verum
2694 2266 2862 2322 Deum
2895 2284 2959 2322 ac
2985 2271 3258 2325 hominem
3296 2269 3396 2339 (6).

2224 2355 2369 2409 Idem
2415 2372 2633 2427 quoque
2682 2368 2904 2411 sanctus
2944 2357 3102 2412 Pater
3144 2359 3199 2412 in
3252 2359 3565 2413 beatissima
3615 2356 3751 2412 Vir-

2153 2449 2276 2518 gine
2328 2447 2496 2501 Maria
2554 2459 2870 2518 perpetuam
2915 2449 3063 2506 illius
3115 2450 3482 2519 virginitatem
3523 2451 3751 2522 egregie

2151 2541 2525 2603 commendat,
2557 2541 2686 2594 dum
2726 2542 2797 2595 ita
2829 2543 3059 2598 scribit:
3105 2561 3124 2596 1
3162 2542 3554 2598 Universorum
3604 2561 3749 2600 con-

2150 2631 2291 2686 ditor
2315 2647 2381 2685 ex
2419 2633 2763 2687 sanctissima
2805 2651 3005 2702 semper
3038 2634 3249 2706 Virgine
3283 2635 3458 2689 Maria
3489 2654 3581 2706 per
3609 2655 3750 2693 eon-

2151 2723 2435 2790 ceptionem
2460 2723 2816 2776 inviolabilem
2849 2725 2966 2778 sine
2994 2727 3453 2782 conversihilitate
3478 2729 3748 2784 substan-

2151 2813 2294 2868 tians
2322 2814 2540 2868 sibimet
2573 2815 2812 2869 animam
2854 2816 3270 2872 intellectualem
3317 2834 3441 2872 cum
3475 2821 3747 2876 sensitivo

2149 2921 2396 2975 corpore,
2418 2918 2613 2962 natura
2659 2907 2836 2964 lactus
2875 2919 2958 2964 est
3012 2911 3174 2965 homo
3215 2910 3312 2980 (7).
3363 2930 3380 2963 1
3428 2911 3745 2982 Singularis

2149 3007 2330 3052 autem
2367 2998 2423 3052 S.
2460 2997 2730 3070 Hippolyti
2758 3017 2883 3071 erga
2919 3001 3204 3070 Deiparam
3240 3004 3434 3073 pietas,
3464 3019 3586 3074 quae
3619 3005 3743 3060 hae.

2152 3089 2409 3144 reditario
2450 3092 2684 3160 quodam
2724 3091 2847 3161 jure
2882 3093 2984 3162 ipsi
3031 3094 3230 3159 cessit,
3265 3111 3453 3164 quaeve
3490 3111 3555 3150 ex
3600 3112 3745 3169 apo-

467 3200 531 3240 ac
560 3199 739 3254 regem
766 3181 1008 3238 omnium
1045 3187 1418 3235 creaturarum
1461 3179 1514 3232 in
1554 3179 1740 3244 ctelis,
1792 3181 1847 3234 in
1889 3181 2048 3235 terris
2077 3200 2117 3257 ε
2151 3183 2290 3236 stolo
2329 3181 2538 3236 Joanne
2581 3183 2634 3237 in
2671 3181 3064 3254 Polycarpum,
3099 3201 3165 3240 ex
3204 3185 3503 3257 Polycarpo
3534 3188 3586 3241 in
3620 3189 3744 3243 Ire—

465 3289 518 3335 et
553 3279 607 3333 in
643 3277 873 3341 inieris;
921 3275 1067 3345 quod
1103 3273 1358 3326 voluntas
1393 3271 1570 3326 Patzis
1623 3271 1694 3326 sit
1742 3271 1858 3340 ipse
1887 3272 2048 3326 Chri-

467 3383 583 3427 stus
610 3373 708 3441 (l).
746 3369 884 3424 Dum
917 3383 1046 3422 vero
1071 3367 1136 3421 de
1176 3364 1296 3418 Filii
1327 3363 1610 3434 temporali
1644 3365 1922 3419 nativitate
1966 3365 2050 3420 lo-

466 3465 672 3535 quitur,
713 3464 767 3516 in
795 3460 1161 3531 suspicionem
1186 3457 1333 3511 venit
1371 3456 1427 3511 S.
1461 3456 1752 3525 episcopus
1777 3455 2046 3512 Portuen-

467 3558 544 3611 sis
564 3599 579 3621 ,
609 3555 766 3626 quasi
793 3569 991 3624 negare
1023 3551 1286 3605 voluisset
1309 3549 1587 3604 Christum
1618 3548 1815 3604 Filium
1854 3549 1948 3604 Dei
1977 3565 2044 3605 ex

466 3645 636 3700 David
679 3642 1044 3707 descendisse,
1077 3642 1308 3710 ejusque
1345 3655 1410 3694 ex
1443 3640 1653 3695 semine
1689 3639 1927 3702 factum;
1969 3642 2047 3696 ait

464 3741 612 3794 enim
663 3737 740 3808 (2)
789 3754 802 3789 :
853 3755 874 3788 1
916 3735 1168 3790 Catulum
1222 3734 1395 3788 leonis
1432 3733 1647 3788 vocavit
1681 3735 1943 3804 propheta
1977 3737 2043 3803 “,

463 3833 557 3902 qui
580 3847 647 3885 ex
677 3828 814 3884 Juda
848 3837 902 3883 et
935 3826 1136 3880 Davide
1164 3824 1463 3880 secundum
1490 3840 1711 3879 carnem
1743 3823 1919 3880 factus
1939 3835 2043 3892 est,

462 3939 572 3979 non
601 3923 820 3994 quidem
850 3936 915 3975 ex
947 3918 1166 3973 Davidis
1205 3915 1407 3971 factum
1444 3919 1684 3985 semine,
1711 3916 1806 3973 sed
1849 3918 1942 3987 qui
1977 3919 2044 3973 de

463 4017 671 4088 Spiritu
715 4024 905 4071 sancto
930 4013 1293 4082 concipiatur,
1321 4017 1374 4066 et
1408 4026 1474 4065 ex
1514 4021 1703 4065 sancto
1738 4012 1980 4081 germine
2013 4027 2044 4067 e

463 4120 604 4166 terra
650 4111 985 4182 procederet.
1024 4127 1042 4159 1
1079 4105 1302 4171 Verum,
1332 4115 1392 4160 ut
1427 4104 1630 4174 optime
1667 4102 2044 4161 Tillemoutius

535 4203 578 4235 “
605 4200 742 4256 Gen.
779 4216 928 4266 nix,
956 4199 1010 4252 9.

531 4294 646 4362 (9i)
689 4291 747 4362 S.
781 4290 1078 4360 Hippolyt.,
1111 4284 1519 4362 Contro‘Noet”
1552 4300 1705 4362 num.
1741 4285 1826 4338 i7.

530 4357 647 4431 (9‘2)
689 4357 1039 4427 Idem,ibid.,
1068 4375 1219 4412 num.
1263 4357 1322 4431 lli
1349 4367 1571 4412 etnum.
1602 4357 1655 4408 4.

542 4429 651 4503 ⁷95)
686 4433 830 4487 Idem
859 4472 874 4497 ,
900 4431 1057 4494 ibid.,
1090 4444 1244 4483 num.
1276 4429 1330 4482 4.

530 4438 646 4574 (94)
684 4502 849 4574 Idem,
876 4501 1030 4566 ibid.,
1066 4515 1220 4574 num.
1252 4499 1330 4552 15.

530 4499 646 4576 (94)
684 4502 849 4562 Idem,
876 4501 1030 4566 ibid.,
1066 4515 1220 4553 num.
1252 4499 1338 4552 15.
1781 4566 1793 4579 .

459 4571 961 4704 3.930313"???
971 4570 1388 4704 Α’λιῖξὶὶιῗὶῗιῗιῗῗ
1419 4567 1635 4692 ἒῗ¹ν³τ⁸
1681 4565 1969 4622 des'dem'
2012 4585 2031 4619 ’

507 4690 520 4703 .
549 4660 722 4716 mppo

782 4652 844 4706 t.,
877 4642 947 4695 De
971 4639 1211 4704 Antirh.,
1238 4655 1388 4692 num.
1419 4639 1470 4692 5.

549 4659 740 4716 HIppOl
782 4659 844 4706 t.,
877 4659 947 4695 ue
971 4659 1211 4704 Anttm.,
1238 4659 1388 4692 1111111.
1419 4659 1470 4692 ο.

531 4717 644 4786 (96)
688 4733 706 4766 1
740 4659 866 4786 ἦιξα
898 4711 1080 4765 omnia
1113 4709 1368 4786 Christus
1409 4707 1742 4786 teconpmice
1777 4716 2037 4786 tanquam

457 4778 638 4843 11111110⁷
664 4784 1005 4855 precabatur,
1055 4782 1162 4855 qui
1196 4788 1313 4833 erat
1356 4795 1518 4835 verus
1566 4778 1729 4834 Deus.
1769 4796 1789 4830 1
1847 4780 2034 4847 ldem‘,

455 4851 920 4915 Contra'Judazos,
956 4866 1106 4905 num.
1135 4851 1188 4904 4.

528 4928 642 5000 (97)
687 4944 706 4978 1
748 4924 947 5000 Filium
1006 4920 1248 4976 auctoris
1298 4919 1688 5000 beneﬁciorpm
1706 4917 2035 5000 _interl‘ece-

453 4990 603 5064 runt,
624 4990 744 5068 ipse
758 4996 915 5068 (enim
946 5002 1026 5068 est
1048 5000 1356 5068 coaeternus
1375 4991 1553 5045 Patri:
1584 4992 1674 5063 Τῷ
1705 4990 1880 5060 Πατρὶ
1909 5007 2036 5043 συν-

451 5061 665 5134 atem:
694 5087 713 5120 1
754 5066 918 5131 Idem,
947 5063 1108 5128 ibid.,
1139 5077 1292 5117 num.
1326 5061 1375 5134 ’7Σ

525 5130 702 5210 (98)]
738 5141 797 5210 111
845 5130 1182 5210 quo_autem
1219 5141 1303 5188 est
1354 5131 1522 5210 Deus,
1553 5134 1659 5189 nisi
1704 5133 1760 5210 in
1813 5130 2033 5210 Christo

451 5203 579 5267 Jesu
600 5203 628 5274 ,’
644 5208 824 5264 Verbo
847 5203 1056 5276 Patris.
1089 5214 1144 5258 et
1164 5204 1813 5276 mysteriogmconomize,
1857 5203 1910 5276 id
1949 5212 2034 5258 est

451 5272 844 5336 incarnationis
865 5279 953 5332 ?...
990 5275 1144 5344 Quod
1176 5272 1358 5330 autem
1396 5273 1565 5340 dixit,
1596 5277 1653 5328 in
1683 5288 1730 5328 Ie
1759 5283 1835 5327 est
1864 5272 2027 5340 Deus,

451 5353 690 5406 ostendit
729 5349 1048 5421 mysterium
1093 5346 1448 5421 (econoutite,
1484 5345 1535 5398 id
1574 5355 1657 5421 est
1698 5345 2030 5421 incarnhatio-

451 5423 540 5476 nis
561 5461 576 5485 ,
604 5413 1093 5491 quod..'incarnato
1127 5417 1301 5491 Verbo
1333 5429 1385 5470 et
1412 5415 1555 5470 facto
1580 5418 1798 5468 homine
1824 5454 1838 5478 ,
1870 5413 2029 5491 [frter

451 5482 569 5546 erat
595 5482 648 5545 in
678 5482 847 5555 Filio,
881 5500 935 5545 et
959 5489 1130 5544 Filius
1161 5490 1214 5543 in
1246 5487 1439 5552 Patre,
1468 5494 1824 5541 conversante
1886 5482 2024 5537 Filio

447 5576 576 5618 cum
601 5562 934 5616 hominibus.
961 5580 978 5614 1
1015 5561 1179 5625 Idem,
1204 5559 1388 5614 Contr.
1423 5556 1606 5623 Noet.,
1639 5573 1791 5612 num.
1816 5556 1870 5610 4.

521 5633 634 5704 (99)
681 5631 977 5704 ¢_0rnnem
997 5639 1316 5704 potestatem
1349 5629 1761 5704 ostendit,_qu:e
1798 5642 1827 5680 a
1858 5625 2027 5704 Patre

449 5696 575 5760 data
597 5696 682 5759 est
703 5701 871 5766 Filio,
891 5696 1310 5771 quibuslestium
1333 5741 1346 5761 ,
1387 5696 1724 5754 terrestrium
1758 5708 1812 5752 et
1856 5696 2024 5771 infer-

447 5779 646 5830 norum
693 5789 791 5828 rex
831 5768 1191 5842 omniumque
1230 5772 1392 5838 judex
1434 5778 1654 5842 creatus
1697 5779 1801 5824 est.
1845 5768 2023 5842 Caele-

303 5883 306 5886 ~
446 5848 614 5906 stium
665 5845 918 5918 quidem,
960 5839 1116 5913 quod
1151 5840 1388 5900 Verbum
1432 5840 1612 5899 Patris
1649 5850 1777 5897 ante
1821 5839 2020 5896 saecula

2150 3287 2326 3326 meum
2351 3313 2365 3336 ,
2396 3289 2458 3327 ex
2499 3272 2703 3328 Irenaeo
2742 3275 2795 3328 111
2839 3274 3182 3347 Hippolytum
3207 3319 3220 3340 ,
3259 3287 3598 3348 eaeterosque
3630 3279 3742 3336 fuit

2147 3375 2475 3438 propagata.
2535 3376 2760 3436 apparet
2826 3383 2892 3422 ex
2950 3369 3100 3424 hisce
3155 3371 3399 3440 ejusdem
3453 3374 3742 3441 praeclaris

2147 3459 2327 3512 verbis
2365 3459 2484 3527 (8):
2533 3477 2552 3511 1
2587 3456 2707 3522 Quo
2752 3469 2993 3530 tempore
3038 3463 3332 3519 adveniens
3385 3463 3637 3520 Salvator
3665 3483 3740 3524 ex

2149 3552 2370 3624 Virgine
2401 3551 2549 3623 (arca
2581 3567 2718 3606 auro
2747 3554 2953 3607 mundo
2984 3555 3244 3610 deaurata
3265 3596 3280 3620 ,
3316 3557 3464 3613 intus
3507 3561 3740 3628 quidem

2149 3643 2363 3708 Verbo,
2417 3642 2551 3696 foris
2603 3643 2770 3697 verbo
2814 3642 3020 3713 Spiritu
3067 3645 3275 3714 sancto)
3327 3662 3486 3700 suum
3525 3664 3739 3718 corpus

2148 3738 2353 3792 mundo
2382 3736 2644 3806 protulit;
2674 3735 2842 3802 adeo,
2883 3745 2940 3790 ut
2981 3738 3180 3792 veritas
3216 3738 3587 3794 demonstrata
3622 3743 3737 3810 sit,

2147 3839 2201 3884 et
2251 3826 2777 3882 manifestata‘arca.
2834 3845 2854 3878 1
2905 3825 3063 3880 Paria
3113 3838 3294 3882 autem
3343 3845 3409 3884 ex
3456 3829 3736 3905 Hippolyti

2147 3919 2364 3987 scriptis
2416 3919 2470 3972 in
2533 3917 2800 3986 psalmum
2863 3933 2976 3970 xxn
3031 3921 3265 3973 servavit
3315 3919 3735 3992 Theodoretus,

2144 4009 2355 4080 Dialog.
2412 4011 2464 4072 1,
2497 4025 2618 4079 pag.
2651 4009 2892 4073 56,111111.
2922 4007 2988 4062 IV
3014 4011 3146 4064 edit.
3182 4010 3580 4070 Sirmondianze
3609 4017 3689 4087 (9)
3714 4037 3734 4075 :

2150 4122 2169 4156 1
2206 4102 2377 4158 Porro
2410 4111 2591 4156 autem
2623 4116 2748 4155 arca
2774 4117 2840 4154 ex
2897 4101 3058 4172 lignis
3103 4118 3226 4172 quae
3266 4113 3576 4173 putrescere
3611 4124 3732 4166 non

2143 4286 2443 4350 exstiterit;
2475 4286 2813 4342 terrestrium
2846 4283 3188 4353 vero..quod
3241 4286 3406 4340 homo
3446 4286 3586 4342 inter
3626 4289 3734 4342 ho-

2143 4361 2320 4431 mines
2344 4368 2502 4412 natus
2523 4367 2638 4420 est,
2675 4366 2788 4411 uta
2827 4355 3028 4431 seipse
3069 4355 3339 4410 Adamum
3377 4357 3734 4431 refurmaret;

2149 4429 2483 4483 infernarum
2511 4438 2690 4482 autem
2712 4467 2726 4490 ,
2759 4427 2904 4496 quod
2949 4427 3086 4478 inter
3122 4436 3369 4481 mortuos
3402 4427 3728 4497 reputatus,

2145 4511 2457 4554 sanctorum
2493 4499 2780 4552 animabus
2805 4497 3104 4566 prmdicans
3123 4537 3136 4562 ,
3166 4508 3338 4552 morte
3365 4498 3539 4553 victor
3569 4514 3728 4554 mor-

2068 4554 2114 4611 Ῑ)
2145 4570 2212 4624 tis
2237 4569 2467 4624 exstitit.
2511 4588 2528 4621 1
2564 4567 2732 4629 Idem,
2770 4554 2841 4621 Ue
2870 4554 3135 4630 Antium,
3169 4583 3321 4624 num.
3347 4567 3435 4622 16.

2212 4640 2290 4708 (1)
2336 4658 2354 4691 1
2401 4638 2662 4693 Voluntas
2687 4637 2862 4692 Patris
2891 4646 2974 4692 est
3005 4634 3164 4691 Iesus
3193 4637 3461 4694 Christus.
3488 4655 3508 4689 1
3537 4637 3682 4694 Idem
3703 4681 3722 4708 ,

2141 4707 2323 4765 Contr.
2355 4708 2539 4772 Noet.,
2563 4724 2714 4763 num.
2745 4707 2830 4762 15.

2211 4780 2288 4914 (2)
2330 4779 2626 4860 Hippolyt.,
2660 4779 2753 4832 lib.
2786 4778 2850 4830 de
2875 4777 3142 4858 1111ιὶ11111..
3179 4793 3330 4832 1111111.
3355 4778 3411 4834 8.

2211 4851 2266 4914 (5
2329 4849 2622 4904 Tillemont
2653 4889 2670 4913 ,
2728 4847 2998 4914 Mentem,
3043 4856 3178 4905 tom.
3231 4847 3333 4914 Ill,
3375 4867 3408 4906 n

2209 4847 2288 4918 (5)
2329 4847 2622 4904 Tillemont
2653 4889 2670 4913 ,
2728 4847 2998 4914 Mentem,
3043 4856 3178 4905 tom.
3231 4847 3333 4917 Ill,
3375 4859 3487 4906 not.
3545 4848 3580 4905 6
3624 4867 3730 4905 cur

2137 4920 2198 4978 S.
2230 4921 2532 4991 Hippolyt.,
2557 4936 2678 4990 pag.
2709 4919 2834 4974 515.

2209 4993 2286 5062 (4)
2307 4987 2352 5043 ’1
2389 4987 2486 5047 Dic
2516 4987 2670 5057 mihi,
2693 5006 2728 5046 o
2760 4991 2915 5062 beata
2956 4987 3146 5056 Maria,
3176 4988 3305 5062 quid
3338 4999 3457 5046 erat
3499 5005 3530 5046 ι
3573 4999 3625 5046 te
3659 4991 3721 5048 in

2135 5059 2292 5118 utero
2325 5071 2678 5132 conceptum,
2709 5072 2763 5116 et
2787 5059 2917 5130 quid
2948 5075 2978 5113 a
3017 5070 3069 5132 te
3110 5060 3422 5132 gestabatur
3455 5062 3508 5115 in
3542 5062 3718 5132 virgi-

2135 5135 2245 5188 nali
2290 5128 2557 5192 matrlné?
2603 5128 2840 5188 Verbum
2881 5140 3000 5184 erat
3034 5128 3212 5203 Dei.)
3252 5128 3718 5203 IIippolyt._ap'ud

2134 5203 2720 5272 Theodoret.’,-Diatog.
2771 5203 2821 5260 1.
2851 5211 2904 5254 et
2933 5211 3066 5255 tom.
3096 5199 3116 5253 1
3148 5199 3612 5273 ορρ.,“ι1²εξ267.

2203 5277 2281 5346 (5)
2321 5275 2556 5346 Idemin
2591 5271 2762 5328 illud:
2797 5273 3070 5346 Sapientia
3104 5271 3710 5338 wdi/icaritJProvcrb.

2132 5343 2287 5411 mi;
2316 5357 2448 5401 torn.
2475 5345 2492 5397 I
2521 5344 2679 5413 0pp.,
2713 5360 2834 5413 pag.
2859 5343 2986 5395 282.

2224 5417 2278 5484 6)
2325 5415 2452 5469 Vide
2481 5417 2696 5470 articul.
2730 5418 3054 5484 przecedent.

2225 5482 2277 5555 7)
2319 5486 2377 5540 S.
2425 5482 2968 5556 Ilippolytq—Contra
3020 5485 3275 5540 Heronem
3324 5493 3373 5539 et
3422 5482 3705 5556 Heticent,

2127 5554 2280 5615 num.
2309 5557 2363 5621 8,
2395 5572 2448 5626 p.
2487 5554 2775 5626 469,'apud
2801 5555 3080 5620 Galland.,
3105 5567 3155 5611 et
3188 5557 3293 5610 250
3319 5555 3460 5624 apud
3490 5554 3709 5612 Fabric.

2199 5630 2276 5700 (8)
2318 5628 2376 5700 S.
2397 5625 3062 5700 IIippolytiilnterpretntio
3086 5626 3457 5700 inponigtem,
3475 5639 3643 5700 1111111ζ
3646 5625 3703 5700 fi,

2122 5693 2266 5772 pag;
2287 5698 2383 5772 Itti
2411 5739 2425 5762 ,
2446 5693 2744 5772 iii'Da'niele
2765 5693 3065 5772 secundum
3094 5697 3236 5752 LXX
3258 5738 3279 5772 ,_
3306 5696 3514 5772 Home,
3542 5693 3704 5772 137?,

2197 5763 2274 5839 (9)
2315 5769 2637 5840 Hippolytus
2659 5769 2800 5837 apud
2824 5766 3070 5840 Fabric,
3085 5777 3236 5840 tom.
3261 5766 3440 5840 IQpp.
3461 5808 3476 5832 ,
3494 5781 3546 5840 p.
3564 5763 3700 5840 168.

2122 5835 2332 5911 etap‘ud
2353 5835 2720 5906 Ga'llandium}
2740 5848 2890 5894 tumo
2905 5837 2950 5892 11
2969 5837 3230 5894 Biblioth.
3257 5836 3400 5904 PP.,
3423 5839 3530 5893 col.
3550 5835 3701 5902 496.,
