4074 6388
398 409 511 471 369

1375 400 1465 461 DE
1504 403 1665 460 VI'I‘A
1705 401 1796 456 ET
1835 397 2150 457 SCRIPTIS
2184 399 2241 454 S.
2269 393 2650 453 HIPPOLYTI.

3552 385 3658 442 570

398 534 693 600 poterant,
723 537 843 582 erat
871 525 988 597 ipse
1018 522 1417 580 Salvator.-Per
1450 524 1592 577 hanc
1623 522 1767 577 enim
1786 528 1986 598 .putre-
2011 535 2054 589 Α
2087 516 2314 573 alfestus
2354 516 2623 587 superbia:
2668 512 2763 569 tibi
2800 511 3138 577 dominetur;
3170 508 3216 565 si
3251 506 3440 563 sordes
3483 506 3631 576 impu

395 623 542 678 diuis
567 630 624 676 et
658 622 1028 694 corruptionis
1059 612 1254 689 expers
1289 618 1410 688 ejus
1458 613 1872 672 tabernaculum
1902 612 1977 669 si-

395 714 793 787 gniticahatur,
849 713 996 785 quod
1048 713 1251 766 nullam
1285 709 1494 780 peccati
1526 707 1864 779 putredinem
1889 721 1981 778 ge-

395 810 587 863 nuit...
630 807 897 863 Dominus
937 815 1117 860 autem
1158 820 1190 859 a
1226 810 1448 873 peccato
1490 800 1701 855 alienus
1742 806 1892 864 erat,
1925 805 1982 851 et

391 916 461 955 ex
494 900 659 971 lignis
689 898 1071 970 putrefactioni
1107 911 1232 972 non.
1255 893 1509 950 obnoxiis
1540 890 1841 947 secundum
1878 888 1980 942 ho-

390 992 638 1059 minem,
670 992 776 1046 lmo
802 1002 907 1057 est,
945 1004 1012 1044 ex
1048 986 1267 1058 Virgine
1305 995 1359 1041 et
1403 985 1608 1054 Spiritu
1653 990 1864 1044 sancto,
1897 979 1984 1033 in-

388 1096 484 1143 tus
511 1096 566 1141 et
604 1085 739 1140 foris
781 1094 1040 1154 tanquam
1069 1081 1365 1153 purissimo
1392 1078 1551 1133 Verbi
1585 1077 1679 1133 Dei
1713 1091 1848 1133 auro
1875 1076 1982 1130 cir—

386 1187 722 1234 cumtectus.
777 1196 796 1230 I
849 1176 1049 1231 Eadem
1082 1174 1208 1233 .fere
1251 1191 1281 1230 e
1318 1181 1511 1228 sancto
1554 1173 1761 1226 Irenaeo
1820 1168 1980 1223 habet

387 1279 620 1327 sanctus
647 1269 887 1326 Joannes
925 1268 1298 1323 Damascenus
1326 1276 1520 1322 contra
1547 1263 1851 1320 Jacohitas.

906 1376 1316 1437 ARTICULUS
1354 1376 1490 1431 Vlll.

742 1490 810 1531 DE
849 1489 1119 1529 BAPTISMO
1158 1489 1227 1526 ΕΤ
1269 1486 1650 1529 Ευειιηιετῐλ.

462 1566 733 1637 Baptismi
765 1569 1000 1638 e/fectus.
1034 1597 1108 1606 —
1154 1564 1390 1618 Sanctus
1422 1572 1625 1635 martyr
1668 1576 1732 1617 ac
1769 1559 1985 1630 episco-

2081 613 2260 669 ritatis
2295 613 2594 682 abstergas,
2647 619 2701 665 et
2734 624 2874 665 onus
2915 607 3123 678 peccati
3156 622 3186 662 a
3222 614 3274 661 te
3311 604 3575 676 abjicias;
3610 602 3658 660 si

2080 720 2251 761 exuas
2298 712 2632 758 armaturam
2682 701 2905 767 diaboli,
2954 709 3009 755 et
3062 699 3258 755 induas
3309 698 3432 754 tidei
3476 697 3662 752 thora-

2083 814 2200 855 cem
2253 799 2318 850 “.
2395 795 2549 851 Sicut
2622 796 2827 862 Isaias,
2897 809 3017 863 cap.
3056 810 3116 848 ιε
3159 811 3177 845 t
3233 790 3537 856 Lavamini,
3575 788 3663 842 in-

2083 890 2223 959 quit,
2263 898 2318 944 et
2341 889 2566 959 quaerite
2597 887 2887 958 judicium,
2929 886 3120 954 eripite
3142 899 3484 955 oppressum,
3511 879 3661 950 judi-

2082 990 2206 1035 cate
2231 980 2500 1050 orphano,
2535 978 2799 1034 absolvite
2825 978 3065 1040 viduam,
3088 985 3143 1032 et
3166 977 3362 1041 venite,
3393 983 3447 1029 et
3478 973 3661 1028 disce-

2083 1081 2321 1142 ptemus,
2348 1072 2423 1126 ait
2446 1072 2731 1127 Dominus.
2762 1069 2827 1124 Et
2848 1070 2894 1125 si
2933 1070 3041 1125 sint
3064 1078 3284 1138 peccata
3310 1074 3489 1122 vestra
3520 1065 3662 1120 sicut

2082 1162 2348 1230 puniceas
2376 1177 2612 1231 pannus,
2642 1171 2701 1216 ut
2734 1161 2912 1216 nivem
2942 1160 3237 1225 dealbabo;
3268 1158 3423 1229 sique
3460 1156 3663 1213 fuerint

2086 1263 2147 1308 ut
2172 1255 2475 1321 coccinum,
2506 1255 2770 1311 dealbabo
2816 1263 2872 1309 ut
2902 1254 3103 1310 lanam.
3130 1253 3197 1307 Et
3238 1253 3458 1325 quando
3494 1251 3660 1308 vultis

2086 1360 2272 1400 vocem
2299 1361 2474 1400 meam
2501 1346 2710 1414 audire,
2738 1349 2879 1401 bona
2904 1356 3060 1402 terrm
3086 1345 3399 1401 comedetis.
3427 1362 3446 1396 ι
3479 1334 3665 1410 Vides,

2085 1437 2301 1504 dilecte,
2348 1439 2624 1507 quomodo
2665 1439 2924 1509 propheta
2979 1426 3233 1509 baptismi
3272 1438 3382 1492 vim
3418 1436 3662 1507 purgati-

2084 1544 2207 1582 vam
2231 1529 2513 1598 praedixit;
2559 1530 2653 1601 qui
2688 1531 2829 1585 enim
2854 1546 2976 1585 cum
3011 1528 3113 1584 (ide
3144 1530 3199 1583 in
3226 1529 3332 1584 hoc
3372 1543 3662 1599 regenera-

385 1619 495 1729 pus
1020 1658 1075 1712 in
1111 1658 1327 1726 scriptis
1366 1657 1434 1712 de
1473 1619 1689 1710 duribus
1721 1619 1989 1709 duntaxat
2089 1620 2255 1676 “onis
2283 1622 2888 1731 ¹³ξξξ⁰¹ξ¹¹¹¹ξ¹ςί¹θ⁵⁰θ¹¹ί¹ίξν
2922 1621 3394 1731 νθηυηιὴξτξτπξων
3430 1619 3664 1731 “Ehri‘

385 1754 774 1817 sacramentis,
795 1738 1072 1820 Baptismo
1096 1748 1351 1804 nimirum
1370 1756 1423 1802 et
1440 1745 1807 1808 Eucharistia,
1835 1758 1989 1797 men-

384 1844 594 1899 tionem
641 1843 797 1911 l‘ecit;
841 1858 1030 1897 verum
1074 1841 1285 1909 reliqua
1318 1839 1510 1893 nullibi
1556 1851 1813 1907 expresse
1841 1850 1871 1890 e
1898 1849 1988 1889 sa‘

383 1942 795 1988 cramentorum
830 1946 1060 1985 numero
1089 1930 1341 1985 exclusit.
1376 1928 1541 1983 Docet
1566 1937 1745 1981 autem
1764 1919 1873 1996 'per
1895 1941 1984 1981 sa-

384 2032 730 2079 cramentum
782 2021 1135 2092 Baptismatis
1179 2035 1281 2076 nos
1319 2019 1563 2074 obtinere
1600 2014 1985 2072 immortalita-

383 2125 496 2170 tem
528 2124 583 2170 ct
606 2116 775 2169 vitam
800 2114 1163 2184 spiritualem,
1199 2128 1231 2167 a
1274 2111 1533 2167 servitute
1569 2125 1632 2165 ac
1672 2110 1986 2178 captivrtate

382 2208 655 2263 dtemonis
705 2224 807 2262 nos
845 2206 1086 2273 liberari,
1119 2213 1174 2259 et
1212 2204 1435 2259 induere
1464 2202 1811 2272 adoptionem
1845 2200 1985 2255 ﬁlio-

384 2313 513 2352 rum
544 2297 657 2352 Dei.
698 2314 717 2348 ι
755 2296 914 2351 Pater
948 2296 1110 2367 igitur
1137 2294 1588 2358 immortalitatis,
1632 2292 1814 2362 inquit
1841 2291 1980 2362 (10),

383 2390 756 2443 immortalem
797 2387 997 2443 Filium
1026 2403 1090 2443 ac
1131 2386 1373 2442 Verbum
1406 2387 1459 2441 in
1503 2387 1766 2441 mundum
1808 2385 1981 2459 misit,

381 2481 481 2551 qui
512 2481 661 2536 venit
689 2480 757 2534 ad
792 2480 1065 2542 homines,
1094 2479 1306 2534 loturus
1336 2494 1433 2534 eos
1465 2495 1609 2549 aqua
1650 2488 1704 2534 et
1750 2477 1980 2548 Spiritu,

384 2581 442 2627 et
472 2582 895 2643 regeneraturus
931 2572 996 2625 ad
1029 2571 1225 2626 animae
1252 2572 1608 2641 corporiSque
1648 2568 1980 2638 incorrupti-

383 2665 671 2729 bilitatem,
704 2664 990 2734 inspiravit
1022 2664 1075 2718 in
1114 2678 1215 2718 nos
1250 2663 1499 2733 spiritum
1535 2663 1680 2729 vitae,
1707 2671 1761 2717 et
1795 2661 1978 2716 incor-

384 2761 627 2831 rnptibili
679 2770 959 2815 armatura
1004 2759 1198 2815 induit.
1258 2760 1315 2817 Si
1367 2761 1532 2831 igitur
1577 2760 1743 2815 homo
1797 2758 1977 2814 factus

380 2853 713 2908 immortalis
735 2863 838 2915 est,
869 2853 1014 2909 Deus
1046 2854 1211 2910 etiam
1246 2853 1371 2909 erit.
1404 2851 1462 2907 Si
1484 2867 1614 2907 vero
1644 2868 1739 2922 per
1775 2866 1976 2921 aquam

380 2955 437 2998 et
479 2944 742 3015 Spiritum
791 2957 1041 3003 sanctum
1095 2963 1126 3002 a
1188 2945 1604 3016 regeneratione
1646 2959 1713 2999 ex
1753 2944 1977 2999 lavacro

379 3033 530 3090 Deus
556 3037 635 3099 tit,
666 3038 1037 3106 eomperietur
1075 3037 1240 3091 etiam
1280 3044 1405 3105 post
1447 3035 1905 3089 resurrectionem
1945 3050 1980 3089 e

378 3128 618 3182 mortuis
646 3128 874 3183 cohams
904 3127 1105 3184 Christi
1140 3144 1270 3182 esse.
1326 3126 1495 3198 igitur
1532 3126 1798 3198 praeconis
1842 3142 1981 3182 voce

378 3220 665 3290 proclamo
699 3238 713 3274 :
755 3217 961 3287 Venite,
983 3235 1171 3276 omnes
1208 3220 1385 3274 tribus
1412 3219 1655 3290 gentium
1690 3219 1757 3274 ad
1784 3217 1976 3289 Bapti-

377 3313 578 3368 smatis
610 3313 1077 3369 immortalitatem
1108 3330 1125 3368 :
1172 3310 1351 3366 Vitam
1389 3311 1559 3375 vobis,
1585 3311 1682 3382 qui
1722 3312 1776 3366 in
1816 3311 1972 3382 igno-

375 3405 575 3459 rantis:
610 3406 845 3477 caligine
869 3406 1068 3461 versati
1105 3406 1288 3462 adhuc
1328 3406 1483 3471 estis,
1520 3406 1701 3475 fausto
1730 3406 1973 3477 signiﬁco

376 3497 604 3561 nuutio;
628 3499 797 3551 venite
820 3512 884 3551 ea:
910 3498 1158 3552 servitute
1181 3497 1237 3551 in
1259 3497 1579 3561 libertatem,
1602 3512 1668 3552 ex
1692 3498 1974 3568 tyrannide

375 3589 452 3642 ad
476 3604 715 3658 regnum,
745 3604 811 3643 ex
841 3589 1176 3659 corruptione
1198 3589 1268 3643 ad
1292 3589 1875 3659 incorruptibilitatem.
1905 3588 1975 3644 Et

376 3681 680 3751 quomodo,
712 3682 910 3752 inquit,
944 3681 1277 3736 veniemus?
1299 3680 1622 3748 Quomodo?
1660 3698 1753 3752 per
1778 3698 1973 3754 aquam

374 3783 432 3827 et
474 3770 739 3842 Spiritum
795 3785 1059 3828 sanctum.
1103 3773 1231 3829 llwc
1285 3783 1361 3828 est
1420 3791 1559 3844 aqua
1609 3791 1728 3829 cum
1766 3773 1978 3846 Spiritu

376 3864 689 3933 conjuncta,
742 3881 847 3935 qua
877 3865 1164 3936 paradisus
1195 3867 1422 3936 rigatur,
1477 3876 1620 3920 terra
1654 3870 1971 3938 pinguescit,

377 3967 548 4026 atque
588 3965 651 4011 ut
692 3959 874 4013 omnia
918 3959 1244 4027 compendio
1293 3960 1608 4029 amplectar,
1641 3977 1734 4030 per
1777 3978 1973 4032 aquam

377 4059 661 4120 generatus
692 4050 848 4104 homo
879 4052 1196 4120 vivi/icatur,
1230 4068 1338 4121 qua
1367 4052 1622 4108 Christus
1666 4054 1973 4122 baptizatus

374 4150 486 4206 est,
539 4141 593 4195 in
629 4158 798 4212 quam
834 4141 1073 4213 Spiritus
1109 4155 1333 4200 sanctus
1369 4145 1634 4200 columba:
1676 4147 1854 4215 specie
1876 4147 1972 4202 de-

375 4235 614 4291 scendit.
750 4234 960 4291 Accede
987 4251 1135 4306 ergo,
1160 4244 1213 4290 et
1236 4251 1583 4305 regenerarc,
1603 4252 1639 4291 o
1669 4238 1866 4293 homo!
1903 4236 1973 4292 ad

376 4327 728 4395 adoptionem
784 4328 1017 4388 liliorum
1054 4328 1170 4384 Dei.
1229 4326 1294 4382 Et
1335 4328 1858 4400 quomodo?inquit.
1915 4328 1974 4384 Si

381 4422 853 4476 nonudulterium
900 4438 1001 4477 nec
1031 4423 1231 4479 caedem
1264 4423 1626 4487 commiseris,
1676 4439 1778 4479 nec
1825 4421 1974 4478 idola

376 4513 620 4570 colueris
654 4514 790 4586 (tl),
815 4515 868 4568 id
896 4524 1000 4580 est,
1033 4516 1279 4572 habitum
1305 4522 1358 4572 et
1378 4516 1630 4572 aﬂ'ectum
1661 4516 1727 4572 ad
1750 4516 1885 4583 haec,
1920 4524 1976 4572 et

2089 1724 2177 1770 sto
2208 1730 2265 1769 se
2286 1715 2509 1769 addicit.
2545 1712 2768 1769 Hostem
2806 1713 3058 1784 abnegat,
3086 1728 3151 1768 ac
3180 1712 3458 1768 Christum
3489 1710 3662 1765 Deum

2090 1822 2212 1862 esse
2250 1805 2574 1873 conﬁtetur;
2620 1806 2938 1861 servitutem
2993 1805 3162 1871 exuit,
3201 1804 3379 1859 induit
3420 1803 3663 1874 adoptio-

2019 1892 2058 1950 Β
2087 1915 2246 1967 nem;
2302 1900 2439 1954 redit
2480 1914 2544 1954 ex
2578 1899 2849 1968 baptismo
2885 1897 3219 1968 splendidus,
3257 1905 3319 1952 ut
3358 1896 3439 1952 sol
3476 1896 3662 1953 radios

2085 1990 2310 2060 iustitiae
2346 1990 2700 2060 eﬂ'ulgurans.
2745 1988 2901 2055 Quod
2938 2004 3069 2044 vero
3103 1989 3401 2043 maximum
3434 1996 3539 2055 est,
3575 2002 3663 2044 re-

2087 2084 2315 2139 vertitur
2336 2081 2507 2136 Filius
2530 2080 2625 2136 Dei
2654 2091 2706 2135 et
2730 2081 2934 2137 Christi
2972 2081 3163 2135 haeres.
3196 2098 3216 2132 ι

2159 2173 2390 2228 Fructus
2413 2173 2661 2242 baptismi
2688 2171 2913 2227 Christi.
2938 2201 3007 2211 —
3036 2169 3334 2225 Enumerat
3367 2169 3529 2239 paulo
3569 2183 3661 2224 su-

2086 2283 2180 2339 pra
2212 2266 2421 2322 l‘ructus
2459 2265 2712 2337 baptismi
2743 2263 3043 2321 Salvatoris
3084 2263 3254 2319 nostri
3299 2260 3429 2316 Iesu
3459 2260 3662 2317 Christi

2086 2361 2190 2415 hoc
2209 2361 2369 2415 modo
2398 2360 2547 2431 (12):
2578 2378 2597 2411 ι
2631 2354 2815 2421 Vides,
2849 2356 3063 2423 dilecte,
3094 2364 3227 2425 quot
3254 2365 3307 2409 et
3327 2363 3661 2426 quantorum

2083 2453 2350 2509 bonorum
2399 2453 2673 2523 jacturam
2731 2449 2927 2508 facturi
2980 2449 3293 2509 fuissemus,
3332 2446 3380 2503 si
3430 2445 3660 2503 Joannis

2084 2544 2365 2600 monitioni
2390 2543 2652 2601 Dominus
2684 2544 2960 2608 cessisset,
2985 2540 3385 2611 etBaptismum
3410 2553 3517 2592 non
3537 2552 3662 2595 sus-

2081 2637 2330 2707 cepisset.
2358 2637 2543 2694 Clausi
2573 2637 2719 2691 enim
2754 2645 2910 2691 erant
2941 2634 3171 2688 antehac
3196 2631 3341 2696 (teli,
3375 2629 3658 2686 inaccessa

2080 2741 2278 2796 supera
2314 2727 2531 2797 regio...
2574 2724 2768 2781 Statim
2801 2734 2979 2779 autem
3014 2722 3182 2793 aperti
3211 2728 3339 2777 sunt
3366 2720 3489 2776 coeli
3531 2717 3654 2789 ipsi.

2080 2817 2472 2874 Reconciliatio
2496 2817 2637 2874 facta
2661 2817 2955 2872 visibilium
2986 2831 3111 2870 cum
3135 2812 3521 2876 invisibilibus,
3546 2826 3658 2866 cte-

2079 2911 2243 2967 lestes
2264 2908 2485 2965 ordines
2514 2911 2711 2981 gaudio
2736 2916 2863 2964 sunt
2897 2905 3124 2977 impleti,
3156 2902 3372 2958 Satanae
3411 2902 3465 2955 in
3497 2901 3658 2955 terris

2076 3005 2449 3076 aegritudines,
2491 3019 2580 3059 res
2612 3001 2964 3064 absconditae,
3002 3014 3124 3069 qum
3161 3005 3338 3059 erant,
3382 2992 3661 3065 patefacta:

2077 3105 2226 3161 sunt,
2254 3113 2377 3168 quae
2403 3097 2640 3152 hostium
2671 3102 2829 3151 erant
2868 3093 2924 3148 in
2968 3104 3218 3156 numero,
3262 3087 3472 3144 reddita
3511 3084 3662 3142 fuero

2077 3191 2275 3246 amica.
2318 3209 2339 3243 ι

2147 3283 2327 3339 Rsalis
2368 3282 2569 3338 Christi
2619 3282 2675 3335 in
2736 3278 3076 3334 Eucharistia
3120 3273 3421 3347 praesentia.
3464 3270 3662 3326 Noster

2073 3376 2226 3448 panis
2253 3390 2331 3433 est
2366 3378 2618 3432 Dominus
2650 3386 2827 3430 noster
2845 3373 3001 3429 Jssus
3038 3372 3306 3429 Christus.
3336 3398 3408 3410 ο·-
3447 3367 3661 3424 Eucha-

2074 3474 2263 3538 ristia,
2330 3481 2490 3543 prout
2539 3472 2698 3526 docet
2735 3467 2794 3523 S.
2839 3468 3180 3538 Hippolytus,
3224 3474 3307 3521 est
3352 3477 3662 3521 sacramen-

2077 3576 2213 3630 tum,
2239 3581 2349 3636 quo
2373 3564 2534 3620 Jesus
2553 3562 2810 3618 Christus
2843 3560 3082 3615 divinam
3117 3559 3290 3629 ipsius
3318 3570 3563 3621 carnem,
3597 3569 3663 3609 ac

2076 3657 2438 3714 venerabilem
2479 3657 2598 3726 ejus
2630 3652 2951 3725 sanguinem
2990 3652 3139 3707 dedit
3191 3651 3349 3707 nobis
3391 3647 3662 3704 edendum

2075 3751 2479 3821 bibendumque
2514 3750 2568 3804 iu
2605 3748 2989 3804 remissionem
3024 3754 3373 3816 peccatorum
3413 3741 3549 3814 (Ιὸ).
3579 3739 3661 3795 En

2077 3855 2325 3917 apertum
2366 3843 2567 3899 veteris
2607 3841 2770 3911 hujus
2808 3837 3050 3895 doctoris
3100 3836 3505 3901 testimonium,
3553 3849 3665 3904 quo

2076 3939 2238 3995 realis
2262 3936 2465 3992 Christi
2503 3932 2788 4005 praesentia
2823 3932 2879 3985 in
2912 3929 3261 3985 sanctissimo
3284 3926 3664 3981 'Eucharistitn

2076 4037 2418 4085 sacramento
2461 4034 2650 4083 contra
2687 4023 3013 4079 Calvinistas
3055 4020 3414 4079 invictissime
3436 4018 3664 4074 demon—

2076 4131 2298 4181 stratur.
2344 4118 2462 4175 Huc
2514 4126 2763 4189 spectant
2803 4116 2992 4180 etiam,
3037 4128 3160 4183 quae
3195 4111 3427 4183 legimus
3454 4111 3511 4165 in
3549 4109 3662 4164 Fra-

2076 4212 2309 4285 gtneutis
2328 4212 2444 4278 ejus
2460 4207 2839 4265 Commentarii
2867 4205 2921 4258 in
2939 4202 3178 4259 Ceuesim
3195 4204 3260 4257 ad
3280 4217 3343 4257 ea
3368 4200 3668 4270 Scriptura?

2075 4303 2243 4359 verba
2281 4300 2565 4371 :‘Pinguis
2596 4299 2710 4369 ejus
2754 4297 2933 4368 panis,
2978 4304 3029 4350 et
3080 4296 3191 4365 ipse
3223 4293 3372 4348 dabit
3435 4292 3659 4346 delicias

2077 4395 2403 4468 principibus
2442 4394 2506 4448 ιθ.
2574 4410 2592 4444 t
2625 4390 2740 4446 Hoc
2794 4390 3024 4460 ﬁguram
3085 4386 3389 4443 vocationis
3461 4393 3662 4441 nostra:

2079 4491 2521 4559 interpretamur,
2568 4485 2645 4538 ait
2676 4481 2736 4539 S.
2778 4481 3136 4552 Hippolytus;
3185 4479 3333 4551 quod
3361 4478 3507 4535 enim
3541 4478 3663 4548 pin-

375 4606 487 4661 alia
510 4607 739 4661 crimina
759 4606 995 4663 fructum
1008 4606 1269 4679 Baptismi
1293 4608 1644 4680 impedientia
1663 4569 1929 4679 ahjeceris
1958 4627 1972 4663 :
2008 4590 2052 4647 D
2081 4596 2209 4680 5"3’
2241 4581 2451 4680 ¹³¹¹¹¹³¹ξ¹
2489 4586 2592 4632 εει·
2624 4575 2861 4680 (ξυίηῖηῖ
2891 4589 3024 4680 Vero
3044 4573 3202 4645 panis
3222 4572 3421 4678 lautior
3440 4569 3664 4676 nostro?

376 4698 429 4754 si
466 4711 577 4752 non
616 4699 859 4755 vincaris
903 4714 935 4755 a
970 4701 1269 4772 voluptate,
1315 4703 1363 4757 si
1392 4717 1502 4756 non
1532 4701 1871 4770 committas,
1915 4711 1976 4759 ut

454 4817 500 4849 "
526 4816 723 4886 Ephes.
756 4834 832 4886 vt,
867 4817 954 4873 H.
1033 4818 1078 4850 “
1108 4816 1245 4876 Gen.
1273 4834 1423 4887 χιιι,
1455 4819 1549 4877 20.

450 4933 666 5008 (iiiis.
693 4934 967 5008 Hippoiyt.
1002 4935 1202 4991 Homii.
1242 4934 1668 5008 inATheophan“
1710 4952 1864 4994 num.
1902 4934 1957 5001 8,

414 5021 505 5080 ag:
532 5004 658 5071 264,
687 5004 831 5080 apud
864 5004 1103 5080 Fabric,
1131 5018 1263 5063 tom.
1303 5006 1326 5062 Ι
1369 5004 1529 5078 Opp},
1559 5017 1613 5064 et
1650 5010 1792 5080 apud
1831 5007 1962 5063 Gal-

398 5077 554 5141 and.,
592 5086 722 5130 tum.
754 5077 821 5139 ll,
855 5080 961 5131 col.
985 5078 1108 5132 494.

434 5145 568 5228 ,(11)
608 5144 687 5200 En
714 5148 817 5231 tria
845 5149 930 5202 illa
963 5148 1374 5231 capitaliora,et
1393 5149 1534 5231 apud
1564 5146 1962 5231 pri-mosghri-

376 5219 594 5297 stiapos
613 5219 1473 5297 expertiapropemoduin.veniie
1502 5219 1756 5297 cri_m_ina,
1787 5219 1964 5297 idolo--

364 5288 621 5343 ’latriam.
674 5288 1029 5343 homicidium
1083 5298 1139 5343 et
1176 5289 1524 5344 adulterium.
1569 5288 1750 5344 Prima
1785 5290 1965 5343 fronte

373 5358 475 5414 illa
506 5356 565 5412 S.
602 5358 875 5429 Hippolyti
902 5361 1060 5430 verba
1091 5379 1105 5415 :
1136 5380 1155 5412 ε
1193 5360 1401 5416 Accede
1433 5362 1619 5430 igitur,
1656 5370 1707 5414 et
1743 5374 1966 5429 regene-

376 5443 527 5491 rare,
564 5443 599 5482 o
644 5430 883 5483 homo...
946 5429 1003 5484 Si
1060 5446 1166 5484 non
1215 5430 1569 5493 adulterium,
1611 5446 1713 5485 nec
1756 5430 1962 5485 aedem

378 5500 751 5570 commiseris,
784 5515 885 5553 ncc
920 5500 1060 5555 idola
1096 5501 1354 5561 colueris.
1396 5521 1416 5553 ι
1453 5502 1622 5555 videri
1669 5508 1889 5570 possent
1930 5514 1962 5555 a

382 5568 644 5657 B§P_liS|l|i
673 5573 849 5657 g'fﬂlin
880 5585 973 5657 €98
998 5571 1258 5657 abigere,
1291 5572 1384 5642 qui
1443 5572 1631 5626 talium
1669 5568 1963 5626 criminum

379 5641 457 5711 rei
487 5651 636 5695 sunt.
673 5641 730 5694 Si
757 5656 888 5694 vero
917 5641 1082 5711 hujus
1115 5643 1291 5697 Patris
1324 5658 1477 5697 mens
1500 5652 1703 5697 attente
1734 5656 1966 5711 perpen-

378 5710 562 5773 datur,
594 5711 780 5765 omnis
807 5712 952 5766 illico
969 5710 1582 5775 evanescetditlicultas;
1602 5710 1779 5782 primo
1816 5711 1965 5782 enim

378 5794 574 5860 omnes
604 5789 794 5848 gentes
834 5783 899 5860 ad
946 5783 1051 5836 hoc
1087 5779 1756 5860 sacramentumjuvitat;
1800 5800 1820 5833 ι
1861 5779 1965 5835 Ve-

379 5852 511 5918 nite,
559 5866 756 5908 omues
784 5853 957 5907 tribus
979 5854 1237 5923 gentium,
1269 5854 1335 5909 ad
1358 5852 1705 5922 Baptismatis
1739 5851 1967 5907 immora

2081 4673 2277 4733 Noster
2341 4672 2487 4729 enim
2548 4671 2706 4743 partis
2778 4668 3046 4726 Dominus
3112 4674 3217 4735 est,
3288 4673 3349 4721 ut
3392 4665 3509 4736 ipse
3544 4663 3661 4720 ait:

2068 4934 2362 4995 talitatem;
2388 4949 2408 4985 ι
2431 4930 2578 5000 quod
2604 4943 2735 4984 sane
2756 4936 2810 4983 et
2831 4928 3129 5000 idolorum
3139 4926 3403 5000 cultores,
3424 4928 3479 4976 et
3492 4922 3661 5000 adul-

2069 5016 2250 5068 teres,
2311 4992 2466 5078 etc,
2499 4997 2889 5078 prmsupponit:
2937 4997 2995 5078 2:
3031 4995 3248 5078 §ullum
3293 5001 3396 5078 est,
3428 4992 3657 5078 crimen,

2070 5065 2433 5145 quantumvis
2453 5065 2698 5145 enorme,
2718 5065 2884 5145 “quod
2941 5065 3129 5121 divino
3166 5065 3272 5118 hoc
3307 5068 3660 5145 sacramento

2073 5130 2181 5201 non
2208 5146 2451 5199 deleatur
2470 5130 2809 5211 juxtawlsai'aé
2836 5146 3252 5211 textum,_quem
3288 5132 3355 5186 de
3377 5130 3660 5211 Baptismo

2075 5201 2570 5285 interpretatur'S.
2616 5210 2961 5285 Hippolytus,
3010 5201 3124 5285 uti:
3164 5217 3328 5285 supra
3366 5201 3656 5285 vidimus.

2073 5272 2233 5355 Ergo.
2256 5293 2663 5341 sacramentum
2687 5272 2833 5335 ’ὑπ’
2847 5272 2988 5333 delet
3018 5272 3406 5355 idololatriam,
3443 5272 3661 5355 adultee

2072 5343 2239 5419 rium,
2296 5363 2401 5410 etc.
2439 5355 2633 5425 igitur~
2666 5360 2891 5425 sanctus
2945 5351 3162 5425 martyr
3184 5343 3240 5397 id
3272 5343 3660 5425 unum_inten~

2071 5427 2169 5492 dtt,
2200 5412 2708 5497 oporteregvscilicet
2739 5421 2975 5497 abjicere
3016 5412 3265 5494 habiturn
3294 5420 3364 5497 et-
3398 5412 3658 5497 adeo}.qu

2071 5481 2139 5551 ad
2158 5481 2286 5552 'haéc
2313 5495 2567 5569 crimina,
2592 5494 2673 5569 uti
2703 5500 2756 5546 et
2775 5481 2841 5569 ad
2862 5496 3056 5569 caetera
3082 5483 3289 5548 omnia,
3313 5481 3659 5569 ut‘Baptismi

2113 5570 2251 5622 ralia
2284 5566 2630 5631 obtineatur;
2660 5558 2804 5631 quod
2830 5558 3050 5629 quidem
3080 5569 3272 5631 verum
3304 5560 3413 5621 est,
3447 5563 3503 5611 et
3528 5568 3658 5613 cum

2113 5583 2251 5622 [alia
2284 5583 2630 5631 onuneatur;
2660 5583 2804 5631 quuu
2830 5583 3050 5629 qusucm
3085 5583 3192 5610 vc"

2073 5583 2336 5693 Ecclesia:
2361 5636 2610 5691 doctrina
2641 5632 2887 5701 apprime
2917 5626 3192 5701 congruit.

2145 5707 2258 5778 (12)
2297 5706 2463 5778 idem,
2496 5705 2595 5758 loc.
2627 5699 2745 5778 cits,
2775 5716 2927 5778 uuln.
2962 5699 3018 5755 ϐ.
3183 5766 3287 5778 ,η
3415 5772 3444 5778 _
3496 5746 3497 5751 η

2147 5761 2260 5846 illi}
2300 5761 2468 5840 Idem;
2513 5783 2647 5846 tom.
2696 5761 2931 5846 l'Opp,
2989 5784 3115 5846 pag.
3180 5766 3322 5836 282,
3393 5772 3453 5820 ει
3512 5761 3663 5834 apud

2076 5841 2349 5912 Galland.,
2385 5855 2518 5901 tom.
2542 5842 2607 5909 ll,
2641 5855 2764 5912 pag.
2795 5841 2922 5897 488.
2990 5841 3007 5844 θ
3066 5841 3085 5846 ⁷
3140 5884 3147 5887 .
