4074 6394
409 378 510 438 δτι
738 362 787 473 ,⁸
816 410 823 419 ι

1400 376 1488 432 DE
1529 374 1690 432 VITA
1731 375 1820 431 ET
1863 373 2179 431 SCRIPTIS
2217 374 2274 430 S.
2307 374 2690 431 HIPPOLYTI.

3558 373 3664 428 372

410 502 526 576 Ego
563 518 681 557 sum
722 502 875 572 panis
909 501 1029 555 vitae
1076 498 1141 554 ιδ.
1178 497 1379 569 Ecquis
1403 514 1532 554 vero
1559 499 1698 553 alius
1723 498 1873 553 dabit
1901 499 1979 552 ei-
2005 503 2054 561 Α
2084 506 2196 561 tur,
2240 512 2348 552 non
2390 498 2640 565 moritur,
2682 511 2860 567 neque
2896 511 2928 552 a
2966 494 3135 552 clavis
3175 500 3229 549 et
3266 494 3453 549 lancea
3490 492 3668 563 perlo-

410 597 539 653 bum
566 595 920 666 principibus,
950 608 1113 663 quam
1140 591 1400 647 Dominus
1435 599 1620 646 noster
1640 590 1801 646 Jesus
1826 589 1987 646 Chri-

410 690 566 744 stus?
594 687 712 742 Non
749 697 958 742 tantum
986 685 1051 740 iis
1077 684 1171 753 qui
1214 682 1445 738 credunt
1490 700 1521 739 e
1575 683 1851 753 gentibus,
1891 683 1988 738 sed

2088 600 2265 654 ratur,
2301 604 2411 644 non
2440 589 2623 655 sudat,
2668 604 2777 643 non
2824 586 3006 643 fundit
3053 587 3397 658 sanguinem.
3448 604 3467 638 ι
3515 584 3667 657 Ejus-

2091 681 2240 737 modi
2276 682 2483 737 naturis
2504 689 2761 736 constant
2808 680 3008 751 angeli,
3058 689 3113 735 et
3147 680 3345 735 anima:
3385 677 3669 748 corporeis

410 783 576 839 etiam
602 797 668 837 ex
702 778 1135 843 circumcisione,
1186 776 1280 847 qui
1313 776 1676 846 principatum
1711 784 1895 831 tenent
1932 776 1986 830 in
2088 774 2322 830 vinculis
2344 775 2643 841 exsoluta;
2676 773 2851 828 amba:
2880 774 3025 828 enim
3053 774 3171 829 ista:
3202 781 3413 827 natura:
3437 780 3567 827 sunt
3586 771 3671 827 al-

411 874 540 941 ﬂde,
578 874 682 929 hoc
716 881 799 927 est
835 871 1081 941 patribus
1118 880 1170 924 et
1212 869 1557 940 patriarchis,
1591 878 1645 923 et
1688 867 1985 939 prophetis,

2091 868 2260 924 terius
2288 867 2528 939 generis,
2545 875 2600 921 et
2628 866 2857 921 diversa:
2892 881 2923 920 a
2964 867 3233 921 creaturis
3263 864 3428 934 hujus
3452 863 3664 929 mundi,

412 968 777 1036 omnibusque
803 963 1149 1021 credentibus
1188 962 1242 1016 in
1277 977 1480 1018 nomen
1511 962 1632 1032 ejus
1675 976 1739 1017 ac
1776 960 1989 1032 passio-
2090 976 2214 1031 quae
2267 960 2372 1016 sub
2425 967 2705 1030 aspectum
2758 958 2981 1027 cadunt,
3026 966 3082 1014 et
3118 957 3456 1028 corruptioni
3496 957 3671 1027 θυι)ῇί-

626 1058 703 1111 4i.
743 1076 763 1109 ο

626 1058 659 1111 4
688 1096 703 1110 .
743 1076 763 1109 t

412 1058 826 1205 lleil';tt£'ita)ristia
875 1164 1063 1218 corpus
1111 1144 1313 1201 Christi
1357 1152 1407 1198 et
1455 1143 1779 1211 sacriﬁcium
1837 1157 1992 1195 mun-

2087 1052 2310 1107 ciuntur
2328 1051 2462 1122 (l7).

2161 1143 2242 1200 Ex
2296 1144 2384 1199 his
2437 1140 2743 1198 clarissime
2797 1139 3036 1211 eruitur,
3080 1140 3268 1195 divum
3321 1137 3668 1210 Hippolytum

414 1242 538 1296 dum
574 1258 636 1295 ac
666 1240 1021 1293 incruentum.
1054 1266 1124 1277 -
1157 1234 1273 1291 Hoc
1303 1250 1520 1305 corpus.
1555 1249 1620 1289 ac
1667 1234 1991 1288 venerabilis
2093 1237 2381 1308 agnovisse
2404 1234 2643 1289 animam
2686 1241 2883 1288 natura
2930 1247 3031 1289 sua
3072 1230 3467 1298 immortalem;
3491 1240 3547 1287 et
3566 1246 3671 1286 an-

413 1333 636 1404 sanguis
658 1330 899 1401 quotidie
936 1344 1099 1399 super
1137 1336 1326 1382 nostra
1372 1326 1565 1381 altaria
1601 1325 1903 1380 offeruntur
1935 1326 1991 1381 in

2094 1330 2244 1401 gelos
2278 1329 2355 1383 uti
2393 1313 2729 1385 substantias
2768 1341 2904 1396 pure
2933 1325 3267 1395 spirituales,
3291 1331 3346 1379 et
3371 1340 3402 1378 a
3441 1324 3671 1380 materia

414 1425 739 1480 memoriam
772 1423 961 1494 Prima?
992 1435 1167 1477 εωηεε
1203 1419 1315 1488 (15)
1353 1436 1366 1473 ε
1400 1438 1418 1471 ε
1453 1417 1586 1485 Qua?
1622 1418 1674 1471 ίίι
1714 1432 1911 1472 arcana
1941 1425 1996 1472 οι
2094 1424 2320 1480 omnino
2356 1433 2592 1478 secretas
2624 1440 2639 1476 :
2687 1436 2809 1491 quae
2842 1420 3063 1491 quidem
3091 1419 3211 1474 dua:
3237 1419 3556 1474 essentiales
3585 1433 3675 1473 ve-

411 1518 597 1573 divina
630 1530 841 1580 mensa,
880 1513 1058 1584 inquit
1082 1511 1141 1567 S.
1189 1510 1532 1582 Hippolytus,
1568 1510 1813 1580 quotidie
1834 1510 1996 1579 perli-

412 1611 635 1667 eiuntur
660 1618 715 1664 et
764 1607 1195 1671 sanctiﬁcantur,
1253 1605 1308 1660 in
1347 1603 1670 1659 memoriam
1713 1617 1994 1672 nunquam

413 1717 522 1757 non
558 1698 858 1756 recolendm
891 1697 1168 1753 memoriae
1191 1697 1380 1767 prima:
1411 1696 1559 1751 illius
1587 1694 1788 1750 divinae
1825 1701 1881 1748 et
1908 1709 1997 1748 ar-

412 1810 567 1848 cana:
599 1807 791 1848 ccenaz.
832 1810 851 1844 ι
888 1790 945 1845 in
988 1806 1169 1861 opere,
1204 1790 1349 1860 quod
1392 1788 1713 1845 inscribitur
1754 1785 1831 1841 De
1872 1785 1999 1840 cha-

414 1885 723 1938 rismatibus
763 1882 980 1938 traditio
1023 1881 1338 1951 apostolica,
1384 1879 1786 1935 Eucharistiam
1837 1886 1995 1932 vocat

415 1976 747 2033 sacriﬁcium
783 1975 1045 2030 mundum
1072 1989 1135 2029 ac
1171 1974 1515 2028 incruentum
1553 1972 1623 2025 ah
1645 1969 1918 2041 episcopis
1939 1980 1994 2025 et

414 2067 747 2138 presbyteris
795 2066 1062 2121 duntaxat
1114 2064 1470 2120 oﬂ'erendum.
1533 2061 1613 2116 En
1675 2062 1823 2116 illius
1875 2076 1995 2115 ver-

416 2162 485 2215 ba
514 2158 666 2229 (l6):
702 2176 723 2211 ‹
743 2158 958 2213 Primus
984 2157 1150 2229 igitur
1180 2165 1378 2211 natura
1403 2154 1656 2210 Pontifex
1684 2153 1996 2224 unigenitus

414 2251 671 2307 Christus
690 2267 797 2307 non
824 2250 928 2306 sibi
963 2250 1229 2304 honorem
1262 2248 1463 2318 rapuit,
1497 2247 1588 2303 sed
1615 2262 1647 2301 a
1674 2245 1835 2301 Patre
1867 2260 1998 2302 con-

417 2344 645 2398 stitutus
674 2350 788 2410 est;
841 2342 936 2414 qui
975 2340 1151 2397 factus
1191 2346 1355 2395 homo
1399 2348 1619 2411 propter
1658 2354 1781 2403 nos,
1817 2339 1999 2408 etspi-

417 2435 615 2491 rituale
656 2434 988 2490 sacriﬁcium
1034 2426 1402 2503 oﬂ‘erens'ipsi
1440 2431 1553 2486 Deo
1584 2447 1647 2486 ac
1689 2430 1837 2484 Patri
1874 2439 1999 2485 ante

416 2527 750 2598 passionem,
804 2526 957 2595 nobis
1014 2525 1288 2580 constituit
1338 2523 1468 2578 solis
1512 2524 1610 2577 hoc
1644 2523 1838 2594 facere,
1874 2522 1999 2576 licet

420 2618 703 2674 nobiscum
753 2626 940 2673 essent
988 2617 1079 2672 alii
1134 2615 1451 2672 consimiles
1499 2629 1742 2686 quoque,
1797 2614 1891 2683 qui
1942 2614 1998 2668 in

417 2727 542 2765 eum
573 2711 921 2766 crediderunt
951 2724 1176 2765 :verum
1204 2724 1319 2764 non
1349 2709 1533 2765 statim
1560 2724 1625 2764 ac
1656 2708 1855 2778 aliquis
1880 2723 1999 2763 cre-

417 2804 577 2870 didit,
598 2805 717 2873 jam
746 2815 797 2860 et
832 2807 1079 2861 sacerdos
1108 2806 1427 2859 constitutus
1464 2803 1589 2870 fuit,
1632 2812 1725 2858 aut
1765 2802 2000 2873 dignita-

420 2904 525 2950 tem
570 2896 930 2965 pontiﬁcalem
973 2896 1193 2952 obtinet.
1241 2896 1346 2952 Sed
1392 2905 1518 2966 post
1570 2897 1999 2966 assumptionem

420 2988 570 3045 illius
605 3003 705 3044 nos
743 2990 901 3060 juxta
941 2991 1184 3060 ejusdem
1230 2992 1676 3047 constitutionem
1726 2990 1999 3060 oﬁ'e‘rentes

421 3082 746 3152 sacriﬁcium
772 3083 1027 3137 mundum
1066 3100 1128 3136 ac
1158 3084 1490 3139 incruentum
1515 3084 1765 3154 elegimus
1799 3085 2001 3154 episca-

2095 1516 2284 1571 ritates
2333 1515 2514 1586 aliqua
2556 1514 2907 1568 involvuntur
2935 1512 3268 1567 obscuritate
3315 1513 3369 1565 in
3415 1510 3671 1569 omnibus

2097 1607 2270 1664 ferme
2315 1608 2678 1679 scriptoribus
2720 1606 2913 1672 sacris,
2950 1605 3044 1676 qui
3088 1614 3213 1660 ante
3255 1605 3437 1674 ipsum
3471 1604 3672 1661 ﬂorue-

2097 1710 2247 1758 runt.
2823 1760 2826 1763 λ

2171 1792 2502 1848 Resurreclio
2542 1793 2823 1864 generalis.
2854 1824 2924 1841 -
2952 1792 3161 1847 Animae
3194 1804 3412 1860 quoque
3444 1790 3673 1845 immor-

2102 1884 2364 1940 talitatem
2399 1885 2601 1940 diserte
2650 1885 2849 1940 astruit
2894 1893 3141 1940 vetustus
3189 1883 3277 1937 hic
3318 1882 3497 1948 Pater,
3541 1882 3673 1937 dum

2101 1978 2555 2034 resurrectionem
2600 1977 2905 2048 generalem
2950 1977 3211 2033 adversus
3236 1974 3514 2030 Platonem
3547 1989 3647 2044 pro

2100 2071 2193 2126 bat
2234 2071 2311 2125 ita
2358 2070 2636 2127 disserens
2681 2089 2697 2124 :
2735 2089 2753 2122 ι
2802 2068 2860 2123 In
2890 2085 3001 2140 quo
3042 2069 3394 2124 continentur
3426 2069 3676 2125 omnium

2100 2163 2319 2228 animae,
2360 2177 2534 2233 usque
2569 2162 2636 2216 ad
2694 2170 2907 2232 tempus
2973 2161 3119 2231 quod
3167 2159 3310 2216 Dens
3347 2159 3675 2216 determina-

2101 2257 2197 2321 vit,
2233 2265 2362 2311 tunc
2396 2255 2630 2309 omnium
2655 2254 3082 2308 resurrectionem
3123 2253 3384 2323 facturus,
3417 2268 3524 2308 non
3556 2256 3675 2311 ani‘

2100 2362 2221 2403 mas
2263 2363 2329 2401 ex
2377 2362 2607 2417 corpore
2648 2346 2705 2400 in
2747 2360 2949 2416 corpus
3000 2345 3148 2400 aliud
3179 2345 3537 2411 detrudendo,
3580 2345 3682 2403 sed

2100 2439 2290 2495 eadem
2322 2439 2438 2509 ipsa
2468 2452 2700 2507 corpora
2737 2438 2934 2493 iterum
2970 2437 3278 2493 excitando.
3330 2436 3463 2503 Quae
3493 2438 3681 2493 disso-

2102 2530 2215 2586 luta
2243 2532 2507 2597 videntes,
2555 2532 2600 2587 si
2655 2531 2817 2586 ﬁdem
2858 2532 3156 2602 denegatis,
3184 2546 3218 2586 o
3253 2530 3445 2598 Graeci,
3483 2531 3685 2588 discite

2103 2638 2213 2678 non
2242 2638 2363 2680 esse
2393 2623 2682 2677 increduli.
2710 2623 2961 2676 Animam
2987 2623 3126 2676 enim
3150 2623 3417 2677 credentes
3451 2627 3679 2693 factam,

2101 2723 2151 2769 et
2184 2714 2539 2769 immortalem
2571 2730 2604 2767 a
2649 2712 2757 2767 Deo
2795 2714 3071 2769 conditam
3114 2713 3418 2768 secundum
3462 2724 3685 2769 senten-

2106 2808 2234 2863 tiam
2280 2806 2546 2875 Platonis,
2593 2808 2647 2861 in
2705 2814 2986 2876 tempore;
3040 2821 3149 2861 non
3182 2806 3390 2861 debetis
3425 2821 3533 2860 non
3560 2820 3685 2860 cre-

2104 2899 2253 2965 dere,
2288 2900 2435 2970 quod
2464 2899 2610 2955 Deus
2652 2908 2847 2969 potens
2895 2906 3000 2965 est,
3047 2914 3117 2953 ex
3158 2898 3352 2953 iisdem
3398 2896 3686 2953 clementis

2103 2992 2468 3063 compositum
2515 2999 2571 3047 et
2617 2989 2848 3059 factum,
2892 2994 2963 3046 ad
3008 2991 3174 3045 vitam
3225 2990 3357 3045 illud
3394 3004 3685 3057 revocans,

2104 3082 2413 3140 immortale
2439 3085 2704 3140 reddere:
2744 3083 2879 3137 illud
2913 3081 3060 3136 enim
3097 3081 3377 3152 possibile,
3416 3080 3524 3136 hoc
3554 3095 3687 3145 vero

416 3189 515 3242 pos
542 3182 590 3228 et
616 3173 945 3246 presbyteros
989 3184 1045 3230 et
1085 3177 1351 3231 diaconos
1382 3190 1611 3230 numero
1648 3186 1873 3247 septem.
1917 3175 2002 3232 Ea:
2028 3192 2071 3250 ο
2104 3174 2441 3244 impossibile
2462 3191 2572 3231 non
2600 3176 2812 3232 dicetur
2831 3175 2897 3230 de
2919 3172 3053 3229 Deo.
3083 3172 3195 3231 Nos
3220 3189 3351 3246 ergo
3408 3176 3688 3232 credimus

423 3265 505 3319 lus
536 3266 790 3338 (septem)
826 3282 968 3322 unus
999 3275 1117 3322 erat
1147 3266 1479 3338 Stephanus,
1508 3268 1697 3323 beatus
1723 3277 1995 3339 martyr...

420 3356 983 3426 Nusquamacernitur
1017 3358 1085 3413 iis
1136 3374 1268 3413 usus
1305 3373 1426 3414 esse
1464 3357 1842 3429 (Stephanus),
1878 3374 2000 3428 qua:

424 3449 605 3504 ollicio
658 3450 876 3505 diaconi
920 3465 1030 3505 non
1089 3452 1476 3522 convenirent;
1524 3467 1627 3505 non
1679 3452 2001 3520 sacri/icium

424 3539 698 3607 obtulisse,
725 3549 818 3594 aut
842 3556 1028 3594 manus
1053 3541 1285 3610 cuipiam
1307 3541 1636 3610 imposuisse,
1662 3541 1756 3596 sed
1784 3540 2000 3595 diaconi

424 3631 675 3687 ordinem
705 3647 880 3702 usque
924 3632 992 3687 ad
1050 3631 1211 3686 finem
1258 3633 1581 3688 custodisse.
1630 3652 1649 3684 ι
1688 3630 2004 3701 Desumpsi-

427 3737 555 3777 mus
584 3723 702 3778 haec
744 3737 812 3777 ex
850 3722 1179 3794 Διδασκαλίᾳ
1225 3723 1618 3793 apostolorum,
1674 3739 1798 3794 quae
1838 3723 2004 3794 vulgo

430 3812 495 3868 ὃ.
520 3823 710 3870 nostro
743 3812 1036 3886 Hippolyto
1062 3814 1377 3870 ascribitur.

951 3926 1351 3985 ARTICULUS
1388 3927 1480 3983 lX.

425 4054 497 4096 ΣΕ
533 4058 744 4100 πΑτυιιΑ
770 4056 1089 4098 Αησειοιιῠκ
1125 4058 1195 4096 ΕΤ
1231 4057 1528 4106 ANIIARUII,
1554 4042 2006 4097 ’κεεῐτιικεοτιοπ

500 4128 851 4177 ιοιιτυοιιυυ,
881 4128 1134 4167 EXTREIO
1155 4128 1384 4175 JUDICIO.
1410 4128 1624 4167 PREIIO
1646 4128 1708 4167 AC
1737 4129 2008 4170 SUPI‘LICIO

498 4198 777 4240 PROBORUI
809 4200 879 4237 ΕΤ
918 4198 1280 4250 IIIPROBORUII,
1315 4199 1585 4246 IUNDIQUS
1625 4200 1902 4239 INTERITU.

500 4273 1001 4330 Statustltominum
1044 4285 1162 4345 post
1222 4276 1677 4330 resurrectionem.
1718 4275 1903 4346 Angeli
1956 4290 2007 4335 et

426 4367 624 4422 animat
674 4367 1002 4423 immortales
1051 4384 1116 4422 ac
1161 4366 1615 4438 incorruptibiles.
1655 4396 1727 4409 —-
1771 4367 2009 4425 Sanctus

431 4458 755 4529 Hippolytus
802 4467 1004 4515 statum
1061 4460 1344 4515 hominum
1389 4468 1514 4524 post
1551 4461 2011 4516 resurrectionem

2106 3282 2307 3336 corpus
2360 3277 2821 3323 resurrecturum.
2862 3264 2920 3321 Si
2969 3267 3117 3321 enim
3147 3266 3539 3337 corrumpitur,
3574 3282 3688 3323 non

2106 3360 2333 3415 omnino
2374 3360 2655 3429 perditur;
2694 3367 2839 3414 terra
2878 3358 3023 3413 enim
3071 3357 3341 3427 recipiens
3375 3358 3525 3413 illius
3560 3358 3692 3414 rell.

2107 3453 2287 3524 quias,
2342 3453 2464 3508 illas
2496 3460 2698 3517 servat,
2727 3462 2780 3506 et
2805 3450 3153 3506 elllorescunt
3195 3449 3353 3506 facta:
3390 3450 3567 3507 instar
3601 3466 3692 3507 se-

2109 3544 2299 3607 minis,
2325 3554 2379 3598 et
2410 3552 2568 3598 terra;
2586 3541 2902 3612 pinguedini
2929 3541 3239 3611 implicatae,
3288 3549 3345 3597 et
3382 3540 3680 3617 immersa;

2108 3644 2165 3691 et
2208 3636 2536 3692 seminatum
2562 3635 2780 3705 quidem
2813 3649 3068 3705 granum,
3121 3634 3331 3689 nudum
3362 3634 3692 3701 seminatur,

2113 3728 2180 3784 ad
2216 3728 2506 3797 imperium
2534 3741 2665 3782 vero
2704 3725 2800 3782 Dei
2832 3726 3113 3782 Creatoris
3157 3726 3385 3792 ﬂorens,
3435 3727 3694 3785 indutum

2110 3830 2165 3878 et
2183 3819 2481 3892 gloriosum
2516 3818 2780 3888 exsurgit,
2819 3833 2930 3872 non
2963 3826 3089 3873 ante
3118 3833 3285 3888 quam
3315 3820 3555 3874 moriens
3585 3818 3700 3874 dis-

2113 3914 2377 3979 solvatur,
2408 3920 2463 3967 et
2484 3919 2640 3965 terrae
2661 3909 3104 3964 commiseeatur.
3135 3909 3287 3964 Adeo
3325 3918 3384 3964 ut
3416 3924 3531 3964 non
3554 3924 3701 3964 vane

2113 4003 2402 4060 credamus
2444 4002 2903 4058 resurrectionem
2951 4015 3268 4071 corporum.
3304 3998 3442 4054 Nam
3476 4000 3701 4056 etiamsi

2115 4098 2183 4152 ad
2239 4105 2455 4167 tempus
2509 4095 2753 4151 solvatur
2792 4110 3012 4165 corpus,
3064 4103 3285 4164 propter
3340 4093 3572 4164 primam
3620 4093 3699 4149 ab

2115 4191 2271 4248 initio
2309 4188 2796 4260 transgressionem
2850 4195 3261 4258 perpetratam;
3318 4195 3581 4257 tanquam
3630 4186 3694 4241 in

2115 4280 2439 4339 conﬂatorio
2467 4289 2625 4335 terrai
2662 4277 2975 4341 mandatur,
3011 4292 3231 4331 rursum
3267 4276 3562 4346 aliquando
3604 4291 3698 4331 re-

2118 4376 2467 4433 formandum
2505 4391 2521 4428 :
2554 4387 2663 4427 non
2693 4371 2819 4437 tale,
2849 4369 3011 4440 quale
3035 4384 3200 4433 nunc,
3231 4376 3698 4435 resurrecturum,

2117 4470 2213 4526 sed
2245 4483 2468 4540 purum,
2504 4473 2559 4521 et
2597 4479 2706 4519 non
2744 4463 2979 4532 amplius
3003 4461 3339 4530 corruptioni
3375 4462 3700 4518 obnoxium.

431 4552 511 4607 ita
539 4550 782 4623 depingit
823 4569 839 4605 :
883 4570 901 4603 ‹
955 4551 1152 4620 Erunt,
1196 4553 1374 4623 inquit
1413 4551 1472 4608 S.
1522 4554 1868 4625 Hippolytus,
1916 4554 2016 4610 ho-
2045 4555 2091 4611 D
2121 4562 2185 4617 Et
2224 4561 2449 4617 cuilibet
2469 4556 2689 4628 corpori
2720 4570 2817 4611 sua
2844 4555 3062 4625 propria
3095 4556 3278 4609 anima
3324 4555 3610 4619 reddetur;
3642 4569 3704 4610 et

433 4644 612 4699 mines
638 4644 693 4700 in
734 4646 1133 4701 resurrectione
1172 4646 1316 4702 sicut
1364 4647 1539 4718 angeli
1593 4647 1705 4712 Dei,
1752 4648 2012 4703 nimirum

430 4736 801 4807 corruptionis
817 4746 1082 4807 expertes,
1119 4738 1478 4804 immortales,
1509 4738 1882 4795 nihildelluxu
1913 4740 2013 4795 ali-

431 4844 547 4901 quo
579 4830 874 4893 deperdere
909 4830 1089 4898 soliti;
1133 4846 1263 4884 nam
1301 4830 1624 4885 immortalis
1662 4839 1855 4886 natura
1904 4846 2014 4885 non

431 4930 700 4994 generat,
761 4937 873 4977 non
922 4930 1233 4993 generatur,
1293 4936 1403 4976 non
1454 4930 1704 4991 augetur,
1736 4938 1846 4977 non
1884 4921 2013 4976 dor-

435 5017 558 5085 mit,
592 5030 701 5071 non
732 5014 927 5080 esurit,
956 5028 1065 5069 non
1106 5014 1244 5080 sitit,
1279 5029 1389 5069 non
1420 5013 1697 5086 fatigatur,
1728 5028 1835 5069 non
1880 5015 2018 5085 pati-

531 5146 748 5210 “Joan.
782 5168 860 5217 vt,
890 5151 982 5217 35,
1031 5149 1122 5205 48.

511 5268 623 5340 (l4)
660 5267 958 5340 llippolyt.,
991 5266 1302 5340 Fragment.
1336 5281 1403 5320 ex
1434 5264 1789 5340 Commenta:
1820 5262 1883 5340 in.
1919 5261 2021 5316 Ge-

511 5285 623 5348 tis)
661 5285 958 5391 ηιρροιῖιη
991 5285 1302 5338 rragmem.
1336 5285 1403 5320 ex
1434 5285 1789 5318 uommemar.
1820 5285 1875 5316 m
1919 5285 2016 5316 υσν

441 5353 797 5465 ἒὲῗηίὃῖἷηιι.
890 5338 930 5407 l,
978 5353 1105 5409 pag.
1159 5336 1251 5401 28,
1288 5345 1342 5392 et
1380 5336 1529 5405 apud
1558 5333 1833 5400 Galland.,
1864 5332 1903 5386 ι.
1933 5349 2016 5404 _c.,

435 5423 547 5465 €01.
580 5423 703 5463 «161.

516 5479 738 5550 (l§)cEt
767 5481 978 5550 paravit
1004 5494 1238 5533 mensam
1283 5493 1435 5531 suam
1459 5517 1473 5541 ,
1515 5475 1844 5547 promissam
1885 5489 2018 5550 san-

439 5546 544 5605 ctae
573 5546 855 5606 Trinitatis
899 5551 1292 5615 cognitionem,
1350 5563 1451 5601 nec
1495 5546 1600 5601 non
1649 5546 2016 5600 venerandum

444 5628 803 5690 sanctumque
834 5621 955 5690 ejus
983 5635 1204 5690 corpus,
1241 5635 1307 5690 ac
1329 5618 1673 5690 sanguinem,
1700 5632 1822 5685 qua:
1859 5617 1912 5668 in
1938 5631 2025 5669 ar-

444 5707 604 5756 cana,
636 5700 688 5759 et
716 5688 898 5745 divina
936 5688 1122 5744 mensa
1156 5689 1399 5759 quotidie
1433 5688 1812 5757 perliciuutur,
1846 5696 1899 5759 et
1933 5703 2022 5759 sa-

446 5757 845 5816 crilicfnturin
879 5756 1199 5815 memoriam
1240 5756 1522 5828 nunquam
1572 5774 1678 5811 non
1723 5756 2022 5811 recolendce

446 5833 724 5890 memoriae
751 5834 941 5904 prima:
965 5830 1129 5901 illius,
1164 5840 1214 5886 et
1238 5830 1433 5887 divina:
1460 5839 1510 5885 ct
1541 5844 1752 5885 arcana:
1775 5843 1964 5885 emine.
1995 5845 2013 5880 ι

2119 4655 2212 4711 illo
2256 4653 2469 4716 induta,
2522 4666 2632 4706 non
2667 4661 2904 4705 maerore
2950 4647 3401 4712 marcescct,~sed
3430 4663 3557 4702 cum
3601 4646 3703 4701 illo

2116 4746 2394 4819 gaudebit,
2446 4758 2582 4814 pura
2631 4758 2829 4813 purum
2881 4741 3213 4795 inhabitans.
3273 4738 3374 4793 Cui
3422 4754 3571 4793 nunc
3639 4738 3703 4793 in

2118 4837 2323 4893 mundo
2345 4837 2491 4906 juste
2521 4850 2706 4890 comes
2739 4833 2902 4897 facta,
2939 4842 2995 4886 et
3027 4846 3137 4886 non
3180 4829 3387 4884 habens
3413 4830 3466 4882 in
3498 4829 3605 4882 ulla
3638 4844 3705 4883 re

2118 4931 2273 4984 illum
2331 4927 2739 4992 insidiatorem,
2793 4925 3070 4996 rapietur,
3107 4933 3160 4977 et
3205 4922 3503 4991 accipietur
3567 4935 3697 4975 cum

2120 5022 2271 5079 omni
2304 5021 2525 5093 gaudio.
2563 5018 2754 5091 lnjusti
2786 5033 2917 5073 vero
2958 5032 3065 5071 non
3096 5016 3380 5070 immutata
3413 5019 3699 5068 assument

2122 5254 2181 5338 ξ.
2207 5252 2464 5338 llippolyt'
2485 5293 2498 5318 ,
2523 5250 2576 5303 in
2597 5247 2737 5338 illud
2760 5242 3125 5338 Pipverbﬂf,

2120 5304 2559 5396 Kcauiiivb‘dabi},
2596 5328 2738 5396 to_m._
2752 5314 2967 5396 ξηορρη
2993 5328 3115 5384 pag.
3150 5308 3279 5375 282,
3319 5304 3374 5363 et
3396 5305 3539 5378 apud
3570 5304 3701 5360 Gal—

2122 5387 2300 5458 iand.,
2324 5404 2458 5447 tum.
2486 5390 2548 5456 ll,
2574 5390 2680 5443 col.
2713 5387 2839 5441 488.
3458 5447 3470 5459 .

2200 5466 2304 5481 ιη..
2347 5462 2477 5481 nam-
2536 5460 2549 5481 ι
2582 5459 2691 5481 nm-
2747 5455 2780 5481 ρ
2841 5454 3082 5481 ιιεηηηι...
3150 5450 3289 5481 ...ι-,Α
3310 5448 3470 5481 Ωιιῑιιρι

2347 5462 2507 5516 Tom.
2534 5448 2553 5512 ἰ
2580 5459 2714 5529 Opp.
2747 5455 2805 5511 S.
2838 5450 3292 5526 llippolyt.,apu_d
3310 5448 3551 5527 Fabric...
3573 5460 3699 5514 pag.

2121 5538 2193 5593 25
2257 5546 2311 5590 et
2331 5535 2459 5599 259,
2492 5540 2546 5586 et
2578 5528 2722 5600 apud
2754 5527 3027 5590 Calland.,
3079 5535 3209 5579 tom.
3244 5520 3310 5588 ll,
3361 5519 3469 5575 col.
3506 5514 3612 5571 512
3647 5522 3705 5569 et

2123 5611 2308 5747 Μῗὶγ)
2362 5674 2439 5750 AS.
2504 5671 2809 5750 llippolyt._,
2865 5675 3102 5750 tractat.‘
3144 5663 3254 5750 Pe“
3285 5657 3699 5750 resurrectionfl.

2124 5725 2324 5875 talin-1|)
2345 5725 2513 5816 opp,
2534 5725 2667 5815 p5,};
2696 5725 2823 5810 ΞΗ,
2879 5750 2932 5796 et
2964 5737 3110 5809 apud
3142 5732 3417 5796 (iuuantis,
3466 5738 3600 5783 tom.
3635 5725 3707 5791 ιι,

2127 5838 2189 5877 co
2218 5860 2230 5874 .
2294 5821 2307 5845 ‘
