4074 6432
427 409 535 464 375

1425 409 1513 464 DE
1552 409 1720 465 vna
1758 408 1846 463 ET
1887 371 2199 464 sciurus
2239 406 2296 462 s.
2331 404 2734 462 HIPPOLYTI.‘

3585 409 3695 466 δτι

422 545 674 600 corpora,
702 545 805 587 nec
845 531 1073 587 liberata
1124 531 1406 588 ade'ctibns
1444 541 1497 588 et
1541 533 1768 598 morbis,
1827 546 2003 602 neque
2032 538 2076 591 Α
2106 544 2211 598 pus
2233 543 2612 600 corrumpens,
2644 526 2738 584 sed
2775 527 3072 598 irrequieto
3113 528 3304 585 dolore
3347 546 3412 586 ex
3463 546 3696 592 corpore

418 620 516 676 illa
545 622 842 692 gloriﬁcata
867 626 1154 694 accipient,
1184 626 1278 680 sed
1311 627 1365 680 in
1397 625 1484 689 iis,
1512 625 1713 695 quibus
1748 624 2006 679 linierunt

415 713 611 778 vitam,
650 717 876 781 morbis,
927 727 981 772 et
1013 718 1204 787 quales
1231 717 1284 771 in
1326 719 1707 774 incredulitate
1729 719 2003 782 vixerunt,

417 806 559 861 tales
604 820 752 863 certe
790 808 1188 878 judicabuntur
1217 810 1350 882 (18).
1412 830 1429 863 ι
1475 810 1553 864 Ex
1603 811 1689 866 his
1735 811 2006 882 colligitur

414 908 670 952 sanctum
734 907 987 955 nostrum
1043 901 1361 972 episcopum
1419 901 1776 956 conformiter
1834 919 2004 959 sacrae

414 987 718 1058 Scripturte
770 991 1024 1047 docuisse
1108 1009 1554 1064 unumquemque
1611 1010 1734 1048 cum
1784 997 2003 1065 prOprio

408 1095 646 1150 corpore
674 1097 797 1138 esse
825 1092 1288 1151 resurrecturum;
1316 1100 1545 1154 corpora
1580 1086 1854 1155 justorum
1888 1088 2002 1159 glo-

407 1175 582 1238 riosa,
621 1174 1004 1245 impassibilia,
1052 1177 1422 1246 corruptionis
1474 1179 1715 1248 expertia
1763 1179 1903 1247 fore,
1947 1189 2002 1235 et

407 1283 524 1321 una
576 1283 700 1322 cum
749 1269 933 1324 anima
979 1270 1137 1325 beata
1199 1273 1500 1326 aeternitate
1545 1272 1774 1328 l‘ruitura
1841 1290 1997 1342 esse;

404 1369 637 1414 econtra
670 1369 850 1415 autem
888 1378 1117 1432 corpora
1154 1363 1443 1433 impiorum
1495 1382 1604 1420 non
1649 1367 1996 1422 immutatum

401 1448 510 1514 iri,
578 1450 882 1521 iisdemque
924 1454 1130 1508 morbis
1185 1470 1248 1508 ac
1293 1455 1702 1511 inﬁrmitatibus
1761 1457 1995 1512 obnoxia

401 1537 543 1603 fore,
580 1543 781 1610 quibus
817 1542 868 1596 in
899 1544 1004 1598 hoc
1035 1546 1236 1600 saeculo
1271 1545 1424 1600 fuere
1448 1547 1706 1603 obnoxia.

472 1631 628 1686 Idem
667 1651 855 1704 corpus
889 1646 1143 1707 resurget.
1175 1668 1247 1677 —
1290 1637 1345 1692 ln
1383 1637 1624 1709 Epistola
1666 1640 1733 1695 ad
1779 1639 1995 1696 Severi-

395 1738 524 1779 nam
564 1725 730 1781 tradit
759 1727 846 1783 hic
879 1726 934 1781 S.
965 1727 1143 1792 Pater,
1175 1730 1337 1784 nixus
1365 1735 1693 1786 auctoritate
1718 1730 1775 1786 S.
1812 1731 1988 1798 Pauli,

391 1814 547 1869 idem
617 1832 816 1886 corpus
877 1827 1334 1879 resurrecturum.
1413 1838 1436 1872 ι·
1501 1818 1775 1877 Primitias
1824 1823 1988 1893 igitur

390 1905 550 1960 hunc
582 1905 909 1981 (Christum)
942 1911 1186 1964 nominat
1219 1909 1441 1981 (Paulus
1481 1911 1502 1964 1
1543 1911 1714 1982 Epist.
1770 1887 1986 1970 ad'Co-
2021 1887 2061 1942 Β

387 1997 570 2050 rintl).
619 2013 720 2061 xv,
777 1999 868 2069 20)
914 1999 1323 2069 dormientium,
1366 2012 1419 2058 et
1456 2004 1875 2074 primogenitum
1917 2024 1986 2061 ex

388 2088 638 2143 mortuis
669 2089 733 2155 ”‘,
766 2091 856 2160 qui
894 2107 1187 2161 resurgens
1207 2101 1261 2147 et
1281 2093 1470 2148 volens
1497 2096 1806 2161 ostendere,
1837 2097 1984 2166 quod

383 2176 542 2232 idem
574 2179 676 2233 hoc
698 2189 845 2235 esset
868 2183 1276 2250 resuscitatum,
1309 2185 1453 2254 quod
1482 2195 1536 2240 et
1569 2196 1845 2242 mortuum
1876 2187 1989 2244 fue-

381 2277 514 2337 rat,
594 2269 970 2328 dubitantibus
1029 2275 1313 2345 discipulis
1371 2292 1659 2334 accersens
1713 2279 1982 2334 Thomam

383 2361 524 2415 dixit
573 2362 616 2392 ⁸⁸
666 2380 680 2416 :
731 2363 944 2418 Accede
976 2365 1103 2432 huc,
1140 2375 1322 2436 tange,
1376 2377 1430 2422 et
1472 2370 1613 2437 vide,
1658 2371 1787 2441 quia
1823 2372 1983 2441 spiri-

383 2458 472 2505 tus
496 2467 730 2506 carnem
766 2463 819 2508 et
855 2470 978 2510 ossa
1019 2473 1127 2512 non
1163 2459 1344 2526 habet,
1399 2461 1542 2515 sicut
1583 2477 1670 2516 me
1694 2462 1842 2517 vides
1885 2463 1983 2517 ha-

381 2539 632 2597 bentem.
668 2543 814 2599 lrlem
877 2546 1124 2618 (Paulus)
1170 2549 1222 2603 in
1275 2551 1464 2606 eadem
1513 2551 1754 2624 Epistola
1801 2557 1983 2624 appel-

381 2634 498 2689 lans
566 2635 744 2705 ipsum
780 2639 1050 2707 primitias
1076 2643 1139 2710 "’,
1173 2643 1546 2699 testimonium
1595 2656 1798 2701 nostrze
1831 2663 1983 2702 asse-

379 2725 658 2779 verationi
694 2729 989 2797 perhibuit,
1037 2732 1182 2801 quod
1219 2748 1286 2788 ex
1314 2734 1501 2789 eadem
1536 2751 1715 2791 massa
1758 2753 1980 2793 carnem

381 2827 731 2886 assumptum
767 2819 1022 2875 Servatur
1053 2825 1420 2880 resuscitavit.
1467 2825 1674 2882 faciens
1703 2843 1822 2882 eam
1862 2827 1978 2898 pri-

383 2908 580 2964 mitias
607 2912 792 2966 carnis
814 2913 1114 2983 justorum,
1149 2926 1208 2971 ut
1235 2931 1429 2974 omnes
1464 2920 1747 2975 credentes
1780 2920 1978 2977 ﬁducia

381 2999 554 3072 hujus
582 3005 890 3061 resuscitati
925 3020 1303 3078 exspectemus
1343 3010 1585 3068 futuram
1616 3013 1978 3070 resurrectio-

379 3107 499 3180 n.em
533 3095 678 3167 (l9).
721 3115 741 3150 ι
1018 3170 1026 3181 ι

445 3185 737 3243 Iudicium
775 3203 1086 3251 extremum.
1118 3227 1188 3238 —
1215 3197 1291 3254 De
1323 3206 1572 3254 extremo
1611 3197 1821 3268 judicio
1865 3197 1978 3268 agit

380 3275 439 3336 S.
469 3278 805 3354 Hippolytus
832 3295 944 3342 tum
977 3287 1030 3342 in
1066 3290 1205 3346 libro
1245 3291 1320 3345 De
1364 3292 1708 3358 Antichristo,
1758 3300 1870 3344 tum
1918 3292 1976 3346 in

376 3376 624 3427 tractatu
655 3375 908 3431 adversus
942 3378 1239 3435 Platonem.
1275 3382 1329 3437 In
1373 3383 1475 3439 hoc
1519 3384 1706 3438 scribit
1745 3382 1811 3436 de
1836 3381 1926 3438 illo
1958 3399 1972 3436 :

382 3479 400 3512 ι
433 3463 601 3529 Quod
625 3481 838 3538 omnes,
865 3472 981 3526 sive
1005 3472 1139 3542 justi
1173 3476 1285 3530 sive
1319 3475 1528 3546 injusti,
1563 3477 1833 3534 ducentur
1872 3498 1968 3536 eo.

377 3569 488 3608 ram
518 3556 641 3612 Deo
669 3553 846 3616 Verbo
881 3580 898 3618 :
929 3563 1003 3618 illi
1027 3567 1172 3620 enim
1208 3566 1375 3622 Pater
1404 3585 1554 3623 omne
1573 3571 1844 3639 judicium
1873 3574 1966 3628 de-

378 3647 457 3700 dit
493 3649 568 3713 ίδ,
603 3659 657 3704 et
687 3651 778 3706 ille
819 3655 1153 3712 voluntatem
1193 3659 1369 3714 Patris
1405 3661 1638 3731 implens
1667 3663 1833 3733 judex
1875 3667 1971 3720 ad-

377 3739 600 3806 veniet;
627 3741 737 3809 ille,
767 3743 1012 3815 inquam,
1037 3763 1198 3817 quem
1231 3766 1332 3805 nos
1357 3749 1638 3807 Christum
1669 3771 1928 3813 vocamus
1954 3776 1968 3810 :

379 3846 555 3902 neque
597 3835 743 3889 enim
776 3837 969 3907 Minos,
999 3850 1092 3895 aut
1113 3840 1561 3901 Rhadamanthus
1584 3856 1711 3903 sunt
1734 3848 1970 3918 judices,

377 3931 438 3977 ut
468 3927 776 3984 secundum
810 3947 928 3998 vos,
971 3933 1205 4002 ethnici;
1239 3937 1332 3990 sed
1375 3937 1482 4004 ille,
1525 3955 1686 4008 quem
1739 3940 1880 3996 Deus
1913 3954 1968 3998 et

374 4013 535 4074 Pater
565 4021 910 4092 gloriﬁcavit,
943 4026 1010 4081 de
1055 4043 1165 4098 quo
1208 4030 1338 4085 alibi
1386 4032 1753 4101 particulatim
1790 4036 1968 4093 disse-

376 4110 594 4166 ruimus
633 4112 686 4167 in
724 4118 953 4185 gratiam
983 4133 1173 4174 eorum
1226 4122 1318 4190 qui
1361 4133 1613 4192 quaerunt
1652 4127 1965 4199 veritatem;

373 4199 465 4256 ille
505 4202 627 4273 ipse
657 4204 866 4275 justum
895 4209 1165 4280 judicium
1202 4211 1378 4268 Patris
1411 4215 1465 4267 in
1492 4231 1682 4272 omnes
1703 4233 1967 4277 exercens

377 4293 679 4364 ordinabit,
728 4300 870 4368 quod
912 4317 1130 4372 aequum
1170 4317 1223 4358 et
1257 4305 1464 4374 justum
1499 4309 1625 4371 erit,
1670 4311 1967 4383 unicuique

377 4386 681 4441 secundum
705 4403 871 4458 opera
903 4411 916 4446 :
949 4392 1101 4461 cujus
1115 4393 1326 4462 judicio
1363 4397 1617 4451 sistentur
1644 4416 1842 4465 omnes,
1873 4401 1968 4454 Ito-

376 4479 563 4547 mines,
595 4482 767 4552 angeli
798 4483 1139 4555 (daemones),
1171 4494 1225 4541 et
1258 4490 1546 4546 unanimes
1578 4507 1765 4547 vocem
1806 4496 1967 4549 emit-

375 4577 488 4626 tent
519 4592 532 4626 :
567 4571 784 4630 Juslum
817 4586 900 4633 est
923 4577 1187 4648 judicium
1215 4590 1367 4636 tuum
1403 4583 1568 4654 (20).»

445 4665 741 4722 Praemium
781 4673 1057 4737 bonorum,
1090 4682 1140 4726 et
1181 4690 1332 4743 paena
1366 4676 1651 4733 malorum.
1691 4710 1763 4721 —
1799 4699 1817 4732 ι
1857 4680 1970 4736 Hu-

373 4754 463 4825 jus
492 4761 645 4817 vocis
678 4765 928 4833 aequitas,
956 4769 1310 4839 prosequitur
1344 4769 1402 4825 S.
1432 4769 1778 4844 Hippolytus,
1799 4791 1968 4845 appa-

381 4860 464 4904 ret
496 4853 552 4906 in
587 4856 928 4912 retributione
958 4860 1012 4912 in
1066 4869 1310 4932 utroque,
1361 4879 1481 4917 cum
1521 4863 1968 4936 benefacientibus

375 4940 510 5004 iuste
536 4945 723 5013 fruitio
754 4958 951 5004 aeterna
981 4954 1300 5021 prtebealur,
1326 4955 1588 5010 malorum
1610 4960 1967 5043 vero‘cupidis

377 5045 632 5090 aeternum
657 5041 980 5110 supplicium
1017 5044 1396 5114 distribuatur,
1429 5057 1481 5102 et
1513 5041 1857 5118 expendatur.
1892 5051 1963 5110 Et

379 5122 468 5178 hos
520 5141 696 5184 manet
748 5134 886 5203 ignis
924 5136 1407 5208 inexstinguibilis,
1467 5150 1517 5195 et
1566 5143 1658 5213 qui
1697 5160 1966 5215 nunquam

377 5215 609 5287 ﬁnietur,
643 5236 698 5278 et
740 5228 930 5281 vermis
958 5229 1141 5299 igneus
1176 5247 1282 5284 non
1325 5233 1554 5287 moriens
1603 5235 1669 5300 ",
1699 5251 1809 5291 non
1839 5252 1963 5292 cor-

449 5354 741 5452 "1501035;
767 5365 958 5452 11,7748.
1016 5368 1080 5452 ﬁ“
1132 5366 1267 5425 Luc.
1318 5387 1467 5439 ΠΝ,
1511 5372 1601 5428 59.
1681 5374 1928 5432 "lCor,
1957 5394 1980 5432 ι

2098 5377 2188 5434 25.
2267 5381 2312 5412 ¹⁸
2343 5379 2502 5438 Joan.
2545 5399 2598 5452 v,
2635 5385 2726 5440 22.

375 5417 467 5491 tt,
487 5427 578 5482 ts.
655 5431 700 5463 ιο
722 5430 740 5484 l
766 5417 895 5489 chr.
916 5417 986 5502 ἰὶ,
1015 5439 1069 5493 9.

445 5565 657 5648 (l8)AS.
701 5568 995 5648 Hippolyt‘q
1033 5559 1285 5648 lib._adiv.
1332 5575 1539 5632 Crwcos
1579 5588 1628 5632 et
1661 5577 1954 5648 Platonem,

379 5649 527 5722 pum.
563 5638 618 5722 ‘2',
682 5638 823 5722 tum.“
866 5638 1103 5722 l'_Qpp.;
1132 5644 1370 5712 Fabric.,
1415 5665 1538 5719 pag.
1573 5649 1702 5713 Ἧι,
1737 5661 1789 5705 et
1814 5638 1956 5722 apud

381 5703 644 5770 Galland.,
673 5711 874 5764 colum.
897 5703 1021 5767 452.

451 5776 661 5861 (l9)
705 5781 1002 5906 l-lippoll-yt.,
1043 5785 1188 5864 apud
1239 5784 1588 5851 Theodoret.,
1649 5790 1849 5862 dialog.
1896 5794 1952 5853 2.

453 5861 502 5906 Ιζ-
544 5849 666 5906 I55);
701 5856 842 5906 anud
916 5853 1132 5906 7abrtc..
1165 5865 1296 5906 tom.
1343 5857 1362 5906 Ι
1410 5857 1542 5906 Ουῃ.
1597 5875 1714 5906 mu-
1771 5862 1859 5906 9‘2-
1900 5873 1952 5906 ut

384 5857 502 5916 pag.
544 5849 666 5914 l'ib’;
701 5856 842 5922 apud
891 5849 1132 5915 Fabric}.
1165 5865 1296 5910 tom.
1343 5857 1362 5909 Ι
1410 5857 1542 5927 Ορρ.
1577 5849 1715 5930 pag.
1771 5849 1861 5926 9?},
1900 5849 1954 5916 ct

2109 621 2470 676 eﬂervescens
2492 628 2546 674 et
2573 619 2880 675 ebulliens:
2917 620 3025 675 illis
3058 636 3286 678 somnus
3325 623 3691 678 cessationem

2109 721 2163 768 et
2195 713 2432 782 quietem
2462 725 2571 765 non
2599 711 2933 778 conciliabit,
2963 726 3070 766 non
3107 721 3215 767 nox
3258 713 3426 768 leniet
3463 721 3517 768 et
3549 713 3695 768 mul-

2107 803 2252 857 cebit
2275 803 2516 868 dolores,
2547 817 2657 856 non
2688 816 2837 857 mors
2865 803 3130 872 suppli'cia
3167 804 3360 859 solvet.
3398 802 3517 858 Non
3541 805 3695 874 juva-

2106 893 2188 949 bit
2235 895 2543 949 exhortatio
2581 893 2822 948 aﬂinium
2871 895 3326 962 iutercessorum;
3377 912 3504 950 nam
3554 896 3692 966 justi

2104 1005 2214 1044 non
2255 989 2489 1058 amplius
2526 988 2595 1042 ab
2636 987 2745 1042 illis
2784 988 3136 1054 videbuntur,
3179 998 3235 1044 et
3266 1004 3374 1043 non
3404 1000 3531 1044 sunt
3569 990 3692 1045 illo—

2102 1097 2224 1136 rum
2260 1083 2524 1137 memoria
2576 1082 2746 1152 digni.
2781 1079 2894 1136 Soli
2926 1081 3070 1136 enim
3100 1080 3235 1150 justi
3266 1097 3490 1151 operum
3510 1081 3690 1152 justo-

2100 1191 2222 1230 rum
2255 1185 2418 1230 erunt
2452 1189 2744 1241 memores,
2788 1188 2882 1244 per
2923 1188 3046 1243 qua:
3086 1183 3449 1244 pervenerunt
3486 1173 3557 1229 ad
3601 1189 3691 1230 re-

2101 1282 2266 1338 gnum
2298 1267 2540 1332 cmleste,
2574 1266 2628 1319 in
2658 1281 2767 1339 quo
2802 1281 2903 1321 nec
2944 1281 3191 1332 somnus,
3239 1281 3341 1322 nec
3378 1265 3554 1331 dolor,
3587 1281 3690 1324 nec

2098 1355 2398 1425 corruptio,
2431 1371 2532 1410 nec
2561 1355 2888 1421 sollicitudo,
2937 1371 3037 1412 nec
3081 1371 3211 1422 nox,
3246 1371 3346 1411 nec
3391 1357 3509 1414 dies
3546 1367 3689 1412 tem-

2095 1461 2228 1515 pore
2259 1455 2595 1514 mensurata,
2646 1461 2748 1502 nec
2795 1447 2878 1502 sol
2936 1447 3264 1503 necessitate
3312 1449 3547 1518 quadam
3589 1464 3688 1518 per

2095 1539 2361 1593 circulum
2405 1540 2528 1594 coeli
2570 1555 2794 1596 cursum
2828 1557 2988 1596 suum
3014 1541 3246 1612 agitans,
3273 1555 3380 1595 non
3418 1542 3560 1595 lunae
3584 1540 3687 1596 deo

2095 1647 2289 1689 cursus
2319 1641 2373 1688 et
2403 1633 2824 1700 incrementum,
2857 1650 2979 1704 qua
3005 1643 3308 1706 temporum
3353 1637 3686 1693 mutationes

2093 1726 2323 1794 inducit,
2360 1735 2414 1782 et
2449 1737 2647 1781 terram
2684 1727 2958 1782 madidam
3001 1729 3254 1783 reddens.
3303 1727 3420 1784 Non
3460 1729 3544 1784 sol
3589 1745 3684 1783 ar-

2092 1817 2250 1884 dens,
2304 1833 2413 1873 non
2453 1815 2592 1872 Ursa
2634 1817 2926 1883 versatilis,
2963 1832 3070 1872 non
3100 1815 3319 1873 Orionis
3360 1828 3533 1884 ortus,
3570 1831 3684 1874 non

2090 1923 2363 1965 astrorum
2387 1923 2605 1966 errores
2635 1910 2929 1975 innumeri,
2955 1926 3061 1966 non
3086 1910 3228 1964 invia
3266 1919 3429 1975 terra,
3459 1925 3568 1964 non
3597 1910 3684 1964 in-

2090 2011 2254 2056 ventu
2278 2000 2508 2056 dihicilis
2531 2000 2772 2070 paradisi
2789 2001 2933 2068 aula,
2961 2015 3068 2055 non
3093 2001 3356 2056 molestus
3381 2001 3550 2055 maris
3571 2000 3684 2056 fre—
3712 1991 3716 2004 ’

2089 2092 2279 2158 tuitus,
2313 2090 2635 2160 impediens,
2661 2091 2959 2160 quominus
2975 2106 3008 2146 a
3029 2101 3245 2146 vectore
3261 2091 3492 2162 pedibus
3505 2092 3683 2147 calce:-

2090 2183 2374 2254 tnr;justis
2390 2182 2534 2237 enim
2553 2191 2606 2236 et
2619 2182 2794 2252 ipsum
2813 2183 3081 2253 pervium,
3094 2183 3310 2238 etiamsi
3330 2183 3554 2238 humido
3570 2195 3681 2238 non

2087 2275 2350 2345 privetur.
2391 2274 2600 2330 Caelum
2633 2291 2742 2330 non
2789 2275 2895 2330 erit
2941 2275 3282 2331 inaccessum
3339 2275 3676 2343 hominibus,

2087 2378 2142 2422 et
2171 2369 2280 2433 via,
2318 2384 2425 2438 qua
2461 2369 2681 2424 ascendi
2709 2377 2760 2423 et
2793 2369 2980 2424 scandi
3017 2369 3212 2438 possit,
3248 2384 3358 2422 non
3397 2369 3521 2423 talis
3553 2369 3678 2436 erit,

2085 2475 2208 2531 qua:
2230 2476 2336 2514 non
2371 2461 2540 2530 possit
2563 2460 2814 2515 inveniri.
2847 2459 2966 2514 Non
2999 2470 3142 2515 terra
3172 2461 3324 2516 rudis
3363 2460 3679 2527 et'inculta,

2086 2561 2138 2608 et
2187 2553 2501 2608 hominibus
2547 2553 2814 2620 laborem,
2861 2560 2917 2606 et
2965 2552 3270 2606 molestiam
3323 2566 3538 2614 creans,
3581 2552 3680 2607 sed

2085 2651 2280 2713 sponte
2317 2643 2528 2699 fructus
2567 2643 2954 2714 progeminans
2982 2643 3048 2696 ad
3071 2643 3279 2697 cultum
3309 2651 3365 2698 et
3395 2652 3674 2698 ornatum.

2082 2732 2200 2789 Non
2246 2735 2453 2791 iteratae
2485 2734 2728 2790 ferarum
2769 2737 3172 2805 generationes,
3213 2750 3392 2805 neque
3438 2734 3674 2788 aliorum

2087 2827 2409 2881 animalium
2472 2827 2834 2883 eﬁ'ervcscens
2897 2839 2952 2882 et
3005 2827 3274 2883 ebulliens
3327 2828 3669 2897 substantia;

2083 2935 2260 2989 neque
2294 2921 2441 2974 enim
2491 2921 2742 2976 homines
2796 2931 2928 2975 tunc
2989 2935 3183 2974 rursus
3232 2930 3513 2992 generant,
3577 2923 3674 2977 sed

2081 3019 2268 3064 manet
2300 3011 2669 3068 indesinenter
2707 3029 2971 3069 numerus
3013 3014 3287 3084 justorum
3336 3029 3458 3069 cum
3506 3015 3673 3084 justis

2081 3103 2308 3172 angelis,
2341 3112 2390 3158 et
2417 3105 2716 3174 spiritibus.
2743 3105 2840 3161 llis
2869 3105 3049 3161 verbis
3080 3107 3468 3176 obtemperate,
3499 3119 3550 3162 et
3583 3108 3673 3162 illa

2081 3195 2386 3262 credentes,
2417 3213 2450 3251 ο
2501 3196 2785 3252 homines!
2837 3197 2993 3252 eritis
3033 3197 3309 3266 justorum
3360 3208 3670 3264 consortes,

2081 3295 2136 3344 et
2163 3287 2470 3343 futurorum
2501 3291 2768 3345 honorum
2797 3290 3104 3360 potieruini,
3145 3305 3268 3361 qua:
3317 3305 3494 3360 neque
3535 3291 3672 3347 vidit

2080 3382 2294 3448 oculus,
2332 3398 2508 3452 neque
2550 3383 2700 3438 auris
2742 3383 2969 3447 audivit,
2999 3398 3178 3453 neque
3207 3383 3576 3439 ascenderunt
3613 3385 3670 3440 in

2079 3491 2177 3530 cor
2207 3476 2465 3542 hominis,
2495 3492 2618 3548 quae
2650 3476 2975 3548 praeparavit
3012 3475 3154 3533 Deus
3191 3476 3260 3532 iis
3311 3479 3407 3548 qui
3436 3477 3670 3548 diligunt

2078 3569 2232 3624 illum
2258 3570 2322 3624 ’°.
2363 3587 2381 3620 ι

2149 3658 2206 3712 1η
2246 3659 2384 3714 libro
2415 3669 2596 3713 autem
2627 3658 2704 3714 De
2732 3659 3078 3728 Antichristo,
3112 3676 3269 3716 num.
3301 3659 3393 3722 65.
3438 3674 3504 3717 ex
3532 3659 3666 3717 Novi

2079 3759 2132 3803 et
2169 3749 2382 3806 Veteris
2438 3748 2775 3805 Tcstamenti
2821 3748 3104 3821 Scriptura
3138 3752 3334 3822 probat
3368 3749 3426 3806 S.
3464 3751 3669 3823 Hippo-

2077 3841 2222 3912 lytus
2258 3841 2714 3896 resurrectionem
2760 3841 3092 3912 generalem,
3124 3842 3347 3912 prmmia
3376 3851 3432 3898 et
3459 3843 3670 3914 supplia

2075 3932 2156 3986 cia
2191 3933 2496 3986 hominum.
2529 3930 2770 3987 Numero
2811 3940 2992 3987 autem
3041 3934 3131 3998 δι,
3184 3935 3262 3989 ita
3317 3935 3384 3990 de
3441 3936 3664 3991 interitu

2078 4025 2266 4078 mundi
2302 4024 2544 4094 loquitur
2577 4043 2588 4079 :
2629 4043 2646 4075 ε
2688 4013 2784 4079 His
2817 4027 3002 4096 itaque
3044 4025 3246 4081 futuris
3404 4044 3424 4078 ι
3460 4042 3525 4083 ac
3547 4027 3664 4098 jam

2079 4116 2270 4170 mundi
2315 4115 2553 4170 universi
2599 4135 2617 4167 ε
2650 4125 2934 4186 appetente
2987 4118 3478 4184 consummatione,
3529 4118 3664 4188 quid
3751 4122 3762 4133 '

2077 4209 2347 4278 reliquum
2377 4218 2479 4275 est,
2514 4226 2677 4280 quam
2711 4219 2771 4264 ut
2808 4209 3073 4264 Dominus
3103 4219 3158 4265 et
3192 4210 3442 4264 Salvator
3475 4220 3663 4286 noster

2070 4299 2230 4355 Jesus
2281 4301 2534 4357 Christus
2579 4301 2723 4357 Deus
2775 4302 2828 4356 in
2883 4303 3038 4357 costis
3083 4312 3362 4374 appareat,
3397 4303 3454 4358 in
3496 4319 3660 4375 quem

2074 4393 2456 4461 speravimus?
2482 4393 2587 4460 Qui
2623 4395 3469 4467 conﬂagrationem,.justumque
3506 4397 3659 4468 judi-

2071 4485 2215 4539 cium
2248 4485 2464 4542 cunctis
2501 4487 2826 4542 inducturus
2857 4487 2946 4555 sit,
2993 4489 3086 4559 qui
3130 4490 3184 4544 in
3220 4505 3346 4545 eum
3381 4505 3662 4572 nonvcre-

1997 4581 2042 4635 D
2071 4578 2344 4634 diderunt.
2377 4596 2396 4629 ι

2609 4670 3012 4729 ARTICULUS
3049 4675 3119 4730 X.

2609 4779 2676 4819 DE
2717 4781 3098 4823 ANTICHRISTO.

2141 4869 2303 4944 Origo
2338 4873 2676 4933 Antichristi.
2710 4876 2847 4944 Ejus
2884 4895 3093 4938 nomen.
3121 4911 3194 4922 ——
3225 4880 3335 4938 Pro
3354 4883 3534 4955 :hujus
3563 4898 3659 4940 ca-

2066 4963 2193 5033 pitis
2249 4967 2508 5021 coronide
2569 4969 2818 5038 quaedam
2873 4969 3165 5029 aﬂeremus
3211 4974 3321 5029 divi
3383 4973 3658 5046 Hippolyti

2065 5055 2184 5110 loca
2212 5057 2358 5112 circa
2383 5059 2800 5116 Antichristum.
2837 5061 3173 5120 Nebulonem
3216 5065 3363 5121 hunc
3391 5081 3460 5121 ex
3510 5067 3658 5122 tribu

2067 5145 2183 5202 Dan
2223 5150 2562 5206 nasciturum
2593 5153 2756 5210 docet
2779 5166 3004 5213 sanctus
3032 5159 3152 5230 .iste
3195 5157 3655 5231 episcopus:(2l),

2071 5254 2339 5311 suamque
2403 5246 2731 5300 sententiam
2797 5249 3022 5304 ﬁrmare
3086 5248 3269 5305 studet
3323 5251 3657 5308 auctoritate

2807 5385 2851 5418 “
2880 5383 2987 5444 Isa.
3033 5403 3186 5459 ιινιι,
3227 5391 3337 5460 24;
3369 5389 3537 5450 Marc.
3582 5412 3659 5468 rx,

2065 5584 2338 5652 Galland.,
2368 5597 2502 5644 tom.
2530 5587 2597 5652 ΙΙ,
2622 5592 2731 5648 col.
2765 5594 2893 5652 499.

2137 5657 2250 5739 (29)
2292 5661 2350 5713 S.
2397 5659 2690 5782 Hippolyt.,
2735 5666 2854 5721 adv.
2890 5665 3060 5722 Grec.
3090 5679 3141 5724 et
3171 5668 3473 5743 Platonem,
3504 5675 3655 5747 apud

2137 5729 2305 5782 .brtc..
2335 5741 2467 5782 tom.
2527 5772 2540 5782 .
2574 5746 2692 5782 naa.
2718 5733 2844 5782 299-
2871 5746 2926 5782 et
2948 5739 3090 5782 πηιιά
3114 5741 3341 5782 Ωριιαηιι
3419 5755 3530 5782 nm.
3591 5745 3628 5782 rt

2064 5725 2482 5813 Ealrr-i'cxntomf
2501 5725 2540 5794 Ι,
2572 5725 2692 5813 pag.
2718 5733 2926 5813 222,}?
2948 5739 3090 5808 apud
3114 5725 3571 5813 05115331667
3588 5725 3630 5796 il

2065 5795 2206 5852 Bibl.
2249 5796 2386 5859 PP._.
2413 5795 2775 5863 num.3,'Col.
2803 5795 2931 5862 4'55.

2136 5868 2248 5937 (21)
2279 5868 2335 5921 ὃ.
2373 5867 2719 5939 Hippolytus,
2754 5875 2848 5931 lib.
2883 5877 2962 5932 De
2989 5878 3338 5951 Anticliristo,
3366 5898 3520 5938 nuta.
3554 5885 3640 5938 14.
