4074 6396
431 332 538 389 375

1421 335 1513 390 DE
1556 333 1716 391 VITA
1748 334 1836 392 ΕΤ
1879 334 2195 394 SCRIPTIS
2228 338 2288 396 S.
2326 336 2716 398 HIPPOLY'I'I.

3595 343 3696 400 576

431 444 867 518 Scripturarum.
901 458 955 505 et
993 449 1264 521 praecipue
1307 450 1538 509 Genesis
1591 469 1713 525 cap.
1773 470 1924 522 χιιι,
1972 470 2025 512 v:
2058 460 2105 518 Α
2133 455 2430 512 hitabunt‘l
2467 456 2635 513 Vana:
2664 473 2730 514 ac
2762 458 2984 515 inutiles
3019 459 3351 531 quaestiones
3394 470 3523 517 sunt
3560 461 3698 530 istae,

430 539 521 605 17,
566 549 621 596 et
643 538 897 598 Jeremiae
919 558 1038 613 cap.
1079 558 1200 609 vm,
1228 559 1282 598 v.
1316 544 1404 599 16.
1439 543 1639 602 Verum
1676 547 1865 617 opinio
1900 546 2019 603 haec

429 632 499 687 ad
530 628 810 689 summum
836 643 896 689 ut
922 634 1152 706 simplex
1179 637 1498 708 conjectura
1539 638 1771 709 proferri
1806 649 2014 711 potest;

428 724 575 782 hanc
644 728 844 798 quippe
894 729 1167 795 retulisse,
1234 729 1504 788 refutasse
1545 741 1649 799 est,
1683 742 1743 789 ut
1786 735 2018 805 quilibet

427 816 599 885 probe
630 816 930 886 dignoscet,
960 819 1005 874 si
1039 820 1122 874 vel
1157 821 1347 877 leviter
1374 825 1709 894 perpendere
1742 827 1872 881 velit
1905 830 2015 882 duo

428 905 521 961 illa
568 907 865 978 Scriptum
895 912 1228 980 testimonia,
1269 914 1472 984 quibus
1511 915 1630 986 ejus
1661 918 1867 988 Opinio,
1904 927 2016 974 tota

427 1009 633 1069 quanta
666 1009 772 1065 est,
814 1003 1085 1060 innititur.
1121 1004 1313 1073 Quoad
1341 1007 1668 1067 Antichristi
1699 1026 1919 1077 nomen,
1951 1026 2015 1067 ea

425 1100 620 1148 sancto
648 1091 940 1167 Hippolyto
969 1098 1159 1168 opinio
1210 1100 1381 1169 stetit,
1431 1101 1539 1159 hoc
1585 1102 1860 1174 designari
1907 1104 2015 1161 illis

425 1182 784 1257 Apocalypsis
808 1189 988 1245 verbis
1021 1190 1133 1262 (Ξὲ.)
1173 1211 1186 1247 :
1225 1191 1294 1246 Et
1323 1210 1573 1249 numerus
1622 1194 1737 1260 eius
1778 1199 2014 1252 sexcenti

423 1279 702 1349 sexaginta
731 1296 823 1336 sea:
845 1283 924 1349 ἐς
953 1295 1009 1339 et
1031 1284 1156 1339 licet
1177 1286 1406 1342 deﬁnire
1431 1304 1541 1345 non
1563 1290 1765 1345 audeat
1790 1300 2015 1347 sanctus

422 1372 735 1442 episcOpus,
765 1374 1045 1445 quodnam
1088 1394 1285 1435 nomen
1330 1396 1393 1436 ex
1434 1381 1541 1437 hoc
1570 1398 1803 1439 numero
1834 1400 2014 1441 emer-

423 1480 550 1535 gere
576 1468 780 1535 possit,
810 1468 1167 1527 nihilominus
1189 1487 1255 1526 ex
1280 1473 1597 1544 conjectura
1618 1477 1874 1545 opinatur
1898 1477 2013 1546 (25)

419 1567 546 1629 post
576 1557 633 1614 S.
674 1558 965 1628 lrenmum,
1000 1562 1356 1633 impostorem
1390 1565 1537 1622 hunc
1568 1565 1800 1623 fortasse
1831 1568 2015 1639 appel-

418 1649 521 1706 lari
552 1651 751 1709 debere
777 1653 884 1709 hoc
912 1656 1133 1711 nomine
1172 1674 1193 1711 θ
1232 1656 1391 1712 Titan
1425 1658 1545 1715 sive
1576 1658 1870 1725 Evantlms,
1897 1661 2013 1717 sive

425 1742 687 1810 Latinus;
718 1761 841 1816 quae
872 1747 1092 1817 quidem
1132 1748 1474 1820 conjectura,
1518 1765 1673 1822 teque
1704 1766 1773 1807 ac
1810 1751 2008 1823 prima,

372 1897 385 1904 _
420 1834 596 1892 futilis
615 1846 718 1893 est.

496 1924 722 1995 Tempus
749 1928 1084 1986 Antichristi.
1112 1960 1182 1970 —
1203 1929 1322 1987 Non
1351 1947 1504 2003 aeque
1533 1943 1715 2002 nutat,
1745 1935 1889 2006 quod
1910 1934 2011 1990 do-

421 2028 510 2075 cet
534 2019 678 2076 idem
710 2032 933 2078 sanctus
967 2033 1174 2094 martyr
1203 2023 1271 2078 de
1293 2034 1535 2095 tempore
1559 2027 1878 2082 Antichristi
1910 2027 2011 2109 a_d—

420 2121 657 2180 ventus;
694 2112 851 2169 docet
895 2114 1098 2185 quippe
1128 2115 1242 2185 (24)
1281 2118 1427 2172 hunc
1485 2117 1793 2189 iniquitatis
1834 2121 2011 2175 virum

421 2203 479 2258 in
508 2205 614 2260 line
638 2205 825 2261 mundi
851 2217 1137 2262 venturum
1172 2224 1332 2276 esse;
1367 2210 1516 2280 quod
1551 2219 1606 2266 et
1648 2212 2014 2268 communiter

418 2296 579 2352 docet
609 2296 869 2353 Ecclesia.
897 2299 1166 2356 Caeterum
1198 2317 1305 2356 non
1333 2301 1422 2357 ille
1460 2317 1583 2358 sum
1623 2318 1724 2373 ego
1747 2342 1762 2367 ,
1791 2302 1884 2373 qui
1917 2319 2012 2359 as-

420 2389 611 2444 sentiri
641 2392 849 2461 possim
878 2391 938 2447 D.
981 2391 1272 2466 Hippolyto
1303 2395 1553 2465 quaedam
1586 2394 1881 2466 Scripturze
1932 2406 2013 2451 te—

418 2485 680 2541 stimonia
715 2488 784 2543 de
815 2490 1046 2581 praeciso
1078 2489 1404 2547 Antichristi
1457 2491 1694 2546 adventu
1745 2492 2013 2561 interpre-

332 2610 338 2617 -
417 2577 592 2645 tanti;
617 2578 785 2635 veluti
815 2577 939 2635 cum
980 2581 1058 2635 ait
1090 2581 1239 2651 (25),
1273 2582 1674 2639 Antichristum
1721 2592 2010 2639 venturum

414 2669 470 2724 in
497 2680 773 2740 postrema
823 2675 1168 2744 septuaginta
1214 2675 1681 2730 hebdomadarum
1724 2674 2007 2730 Danielis:

414 2770 631 2817 constat
669 2762 815 2817 enim
839 2802 855 2826 ,
893 2772 954 2817 ut
989 2762 1118 2817 alibi
1141 2762 1255 2832 jam
1297 2763 1565 2826 vidimus,
1611 2761 2009 2818 hebdomadam

414 2853 560 2908 hanc
589 2854 752 2909 ﬁnem
782 2855 1040 2910 habuisse
1063 2855 1118 2908 in
1140 2855 1321 2924 primo
1345 2854 1478 2912 Jesu
1510 2854 1719 2911 Christi
1750 2855 2006 2918 adventu,

343 2992 346 2998 λ
412 2961 528 3016 quo
580 2954 803 3016 peracto
858 2947 1288 3003 circumstantias
1356 2963 1550 3003 omnes
1598 2947 2012 3003 notabilissima:

415 3036 656 3105 impleta:
679 3044 830 3100 sunt,
850 3052 984 3106 quas
1007 3036 1217 3106 impleri
1247 3036 1443 3091 debere
1470 3037 1523 3091 in
1551 3035 1643 3091 illa
1671 3036 2029 3091 hebdomada.

417 3124 717 3197 Scriptura:
745 3127 1147 3183 nuntiaverant.
1179 3124 1394 3183 Extunc
1417 3127 1620 3198 quippe
1651 3126 1782 3182 urbs
1807 3125 2006 3196 inclyta

413 3214 717 3274 Jerusalem
743 3217 1020 3274 destructa
1045 3217 1172 3285 fuit,
1202 3218 1462 3288 templum
1508 3231 1782 3282 eversum,
1829 3215 2005 3271 saeri—
2037 3244 2078 3301 ο

412 3311 600 3367 ficium
624 3313 911 3375 abolitum,
935 3312 1271 3367 abominatic
1295 3309 1652 3366 desolationis
1680 3310 1781 3365 fuit
1811 3310 1863 3364 in
1885 3310 2006 3365 loco

417 3413 651 3470 sancto;
680 3405 1142 3475 quemadmodum
1164 3405 1536 3461 ecclesiastica
1560 3415 1748 3458 narrat
1773 3402 2003 3458 historia

416 3510 487 3551 ex
542 3495 649 3550 fide
703 3497 946 3565 ipsorum
1004 3494 1379 3560 Hebraeorum,
1434 3495 1560 3565 qui,
1596 3508 1722 3548 cum
1770 3493 2006 3564 propriis

415 3585 595 3641 oculis
625 3585 969 3642 calamitates
1002 3585 1124 3642 illas
1152 3585 1590 3656 conspexissent,
1636 3584 1833 3639 litteris
1872 3600 2006 3640 con-

413 3677 721 3749 signarunt.

488 3768 673 3824 Enach
698 3781 745 3826 et
772 3768 954 3825 Elias.
983 3800 1053 3812 —
1078 3770 1187 3827 Nec
1209 3772 1352 3826 ultra
1385 3771 1712 3842 conjectura:
1751 3770 1883 3825 lines
1909 3783 2004 3824 va-

413 3869 576 3932 gatur
595 3861 764 3917 altera
794 3862 910 3918 haec
939 3861 997 3917 S.
1026 3861 1298 3934 Hippolyti
1323 3862 1509 3932 Opinio
1533 3860 1685 3933 (26);
1716 3860 2001 3916 Enocbum

412 3951 626 4009 scilicet
655 3962 709 4008 et
741 3952 915 4008 Eliam
949 3954 1245 4025 prophetas
1276 3969 1372 4024 per
1397 3953 1683 4008 dimidium
1715 3960 2002 4022 septuage-

413 4045 572 4100 sima:
590 4043 944 4101 hebdomadas
964 4055 1302 4117 pugnaturos
1335 4060 1459 4100 cum
1489 4043 1862 4110 Antichristo;
1900 4058 2002 4098 nec

412 4146 526 4188 non
579 4133 958 4205 insumpturos
996 4136 1051 4190 in
1099 4116 1536 4207 praedicationes
1576 4135 1660 4192 bis
1699 4135 1867 4199 mille,
1915 4133 2000 4190 his

301 4269 305 4273 .
413 4231 636 4279 centum
676 4226 957 4297 sexaginta
988 4226 1136 4297 dies;
1174 4247 1193 4281 ι
1227 4228 1373 4298 quod
1402 4243 1558 4298 aeque
1594 4228 1863 4282 incertum
1892 4234 1995 4282 est.

412 4311 602 4369 Enoch
628 4323 683 4370 et
703 4314 850 4371 Elias
872 4317 1214 4388 apparebunt
1245 4319 1433 4390 utique
1461 4317 1783 4374 Antichristi
1814 4325 2013 4387 aetate,

2119 565 2351 621 quarum
2375 560 2579 606 certam
2603 552 2930 608 solutionem
2957 552 3125 609 latere
3147 568 3248 610 nos
3268 554 3442 610 voluit
3465 553 3700 626 Spiritus

2118 648 2363 707 sanctus,
2409 642 2570 697 sicuti
2615 650 2670 696 et
2701 642 3121 698 determinatum
3157 651 3373 714 tempus
3439 661 3551 716 quo
3580 664 3700 703 om-

2117 729 2207 783 nia
2237 732 2795 799 consummabuntur;
2827 733 2972 803 quod
3005 741 3218 802 tempus
3241 734 3599 793 nihilominus
3630 737 3699 793 ad

2116 823 2322 877 exitum
2350 824 2487 878 sexti
2516 823 2805 880 millenarii
2840 825 2909 880 ah
2937 825 3127 881 eodem
3160 824 3218 881 S.
3251 824 3542 900 Hippolyto
3561 845 3702 899 pra-

2116 913 2317 982 ﬁgitur.
2368 914 2445 970 Ex
2473 917 2673 987 quibus
2703 932 2835 972 sane
2855 918 3223 987 peculiaribus
3257 918 3368 975 divi
3424 918 3701 994 Hippolyti

2115 1003 2466 1071 opinionibus
2502 1006 2667 1075 probe
2695 1006 3056 1077 conjicimus,
3102 1026 3226 1064 eum
3265 1009 3319 1064 in
3373 1015 3700 1082 exponendo

2115 1094 2331 1151 litterali
2364 1098 2769 1169 Scripturarum
2821 1115 2989 1157 sensu
3024 1118 3218 1173 parum
3265 1106 3561 1161 admodum
3608 1121 3701 1162 ex-

2114 1189 2391 1249 celluissc.

2185 1277 2528 1334 Characteres
2600 1281 2934 1336 Antichristi.
2990 1313 3062 1324 —
3106 1283 3470 1343 Felicioribus
3513 1287 3696 1344 ventis

2112 1385 2264 1425 mare
2306 1370 2453 1425 istud
2507 1372 2780 1442 enavigat,
2832 1390 2958 1429 cum
2988 1374 3147 1431 docet
3194 1376 3309 1449 (27)
3354 1379 3700 1435 seductorem

2113 1461 2282 1527 hunc,
2320 1474 2379 1517 ut
2401 1462 2617 1521 facilius
2648 1465 2899 1523 homines
2933 1467 3197 1539 decipiat,
3232 1481 3522 1526 venturum
3575 1486 3702 1529 esse

2111 1554 2440 1623 quibusdam
2475 1557 2622 1613 notis
2642 1572 2707 1612 ac
2735 1557 2906 1628 signis
2924 1559 3268 1629 distinctum,
3295 1578 3417 1634 quae
3440 1564 3494 1618 in
3524 1565 3700 1621 sacris

2112 1645 2306 1701 litteris
2325 1643 2454 1701 Jesu
2474 1644 2695 1703 Christo
2728 1649 3081 1719 tribuuntur;
3134 1652 3391 1708 seductor
3428 1654 3598 1723 enim,
3636 1663 3700 1711 ut

2112 1736 2188 1791 ait
2210 1745 2434 1794 sanctus
2463 1736 2805 1810 Hippolytus,
2834 1756 2930 1812 per
2956 1742 3139 1798 omnia
3166 1744 3362 1800 similis
3384 1746 3554 1801 videri
3580 1747 3699 1805 vult

2039 1829 2086 1889 Β
2113 1830 2251 1888 Filio
2276 1829 2393 1887 Dei.
2429 1851 2449 1884 ε
2492 1830 2603 1887 Leo
2636 1834 2854 1904 quidem
2889 1834 3144 1893 Christus
3167 1878 3183 1904 ,
3220 1854 3286 1893 ex
3321 1840 3494 1896 sacris
3543 1838 3698 1896 Scri-

2114 1924 2320 1995 pturis;
2369 1933 2424 1979 et
2470 1939 2536 1980 ex
2586 1925 2779 1981 iisdem
2819 1925 3118 1998 scripturis
3162 1928 3249 1985 leo
3299 1930 3693 1989 Antichristus.

2114 2016 2230 2071 Rex
2277 2015 2564 2085 Christus;
2620 2032 2684 2072 ac
2718 2034 2815 2074 rex
2862 2019 3253 2076 Antichristus.
3290 2021 3577 2082 Exhibitus
3611 2034 3699 2081 est

2116 2104 2367 2162 Salvator
2395 2118 2456 2161 ut
2486 2122 2698 2174 agnus;
2751 2109 2868 2179 ipse
2910 2127 3129 2181 quoque
3167 2114 3369 2183 pariter
3408 2122 3470 2170 ut
3519 2131 3697 2187 agnus

2114 2198 2415 2268 apparebit.
2444 2197 2594 2254 Misit
2640 2199 2904 2257 Dominus
2937 2204 3212 2273 apostolos
3249 2205 3303 2259 in
3329 2222 3521 2263 omnes
3564 2223 3698 2280 ger.-

2115 2300 2234 2358 tes;
2269 2292 2444 2346 mittet
2466 2301 2521 2347 et
2544 2293 2659 2363 ipse
2694 2295 2917 2363 perinde
2962 2296 3472 2369 pseudoapostolos.
3547 2298 3699 2355 Con-

2114 2382 2356 2454 grcgavit
2403 2381 2654 2437 Salvator
2682 2399 2813 2439 oves
2837 2424 2853 2447 ,
2884 2400 3007 2455 qua:
3043 2386 3307 2457 diSpersa:
3335 2397 3527 2455 erant;
3576 2390 3696 2461 ipse

2115 2487 2333 2542 quoque
2357 2473 2558 2542 pariter
2587 2473 2847 2544 populum
2879 2476 3250 2547 congregabit,
3286 2476 3382 2547 qui
3412 2478 3696 2548 dispersus

2114 2571 2215 2615 est.
2250 2560 2405 2616 Dedit
2439 2562 2706 2617 Dominus
2736 2563 2985 2619 ﬁdelibus
3021 2566 3135 2620 suis
3171 2565 3549 2637 signaculum;
3577 2570 3695 2641 ipse

2114 2667 2333 2722 quoque
2358 2652 2611 2707 similiter
2643 2654 2812 2709 dabit.
2850 2655 3116 2724 Apparuit
3151 2655 3401 2713 Salvator
3452 2659 3696 2718 hominis

2116 2744 2341 2813 habitu;
2372 2746 2486 2815 ipse
2511 2761 2729 2817 quoque
2758 2747 2810 2801 in
2845 2747 3085 2803 hominis
3118 2750 3308 2806 habitu
3340 2753 3542 2809 veniet.
3585 2753 3697 2809 Ex-

2114 2838 2302 2893 citavit
2332 2837 2601 2906 Salvator,
2632 2855 2697 2895 ac
2720 2852 2967 2896 sanctam
3006 2842 3229 2898 domum
3276 2860 3432 2899 suam
3469 2855 3528 2901 ut
3555 2857 3697 2902 tem-

2114 2929 2263 3001 plum
2287 2929 2446 2997 i'ccit;
2488 2931 2605 3001 ipse
2631 2931 2818 2987 itidem
2851 2933 3113 3004 templum
3148 2934 3419 3005 lapidibus
3440 2946 3699 2993 construi

2113 3030 2261 3076 ctum
2294 3019 2685 3092 Hierosolymis
2734 3022 3015 3079 excitabit.
3064 3043 3084 3077 ι
3120 3021 3184 3078 Hi
3223 3034 3386 3093 sunt,
3417 3025 3571 3096 juxta
3630 3025 3693 3082 S.

2115 3109 2485 3183 Hippolytum,
2515 3113 2861 3170 characteres
2892 3116 2985 3186 qui
3021 3115 3076 3170 in
3105 3118 3341 3186 speciem
3363 3115 3494 3173 Jesu
3528 3117 3698 3173 (311ῒὶ-

2113 3211 2200 3257 sto
2226 3210 2277 3257 et
2311 3201 2647 3258 Antichristo
2692 3217 3013 3262 communes
3048 3216 3244 3274 erunt;
3300 3208 3501 3277 quibus
3541 3208 3695 3265 aliud

2114 3293 2361 3364 adjungit
2384 3294 2520 3366 (28),
2554 3312 2663 3351 non
2694 3312 2845 3368 aeque
2863 3306 3069 3354 certum
3092 3317 3107 3367 ;
3133 3299 3281 3371 quod
3307 3297 3536 3369 scilicet,
3561 3317 3693 3359 cum
3756 3358 3779 3373 ,

2116 3384 2364 3441 Salvator
2392 3388 2601 3443 venerit
2633 3388 2689 3444 in
2722 3389 3141 3449 circumcisione
3174 3393 3529 3467 inﬁmundum
3550 3438 3567 3466 ,
3596 3410 3695 3451 ve-

2104 3482 2217 3534 niet
2237 3489 2290 3535 et
2318 3479 2407 3535 ille
2430 3479 2702 3537 similiter.

2174 3576 2290 3634 Hoc
2318 3588 2502 3635 autem
2543 3589 2705 3651 pacto
2742 3597 2772 3637 a
2806 3598 2936 3638 vero
2959 3583 3182 3641 Christo
3229 3584 3444 3641 secerni
3488 3584 3692 3658 poterit

2102 3670 2357 3725 seductor
2388 3670 2515 3726 ille:
2561 3672 2667 3726 erit
2709 3673 2913 3744 quippe
2962 3673 3219 3746 politicus
3254 3684 3545 3748 tyrannus,
3589 3676 3688 3747 qui

2103 3762 2348 3816 omnium
2388 3772 2785 3819 tormentorum
2819 3765 2933 3838 (29)
2961 3782 3157 3838 genere
3186 3768 3586 3824 animadvertet
3626 3769 3687 3824 in

2100 3869 2216 3920 eos,
2245 3856 2339 3926 qui
2368 3855 2515 3912 illius
2545 3855 2854 3912 doctrinam
2897 3860 3095 3915 sectari
3126 3860 3407 3930 abnuent;
3459 3861 3691 3935 insuper

2100 3944 2253 4001 falsis
2283 3947 2743 4017 promissionibus
2769 3949 2989 4006 allicere
3004 3952 3266 4019 tentabit;
3291 3968 3387 4023 per
3410 3969 3689 4011 summam

2100 4038 2470 4108 arrogantiam
2502 4038 2716 4095 divinos
2745 4040 2985 4098 honores
3009 4044 3263 4115 exquiret
3302 4045 3415 4115 (30)
3441 4064 3455 4100 :
3515 4061 3687 4116 quem

2100 4128 2317 4183 tandem
2348 4126 2613 4193 Dominus
2644 4130 2973 4207 humiliabit,
3002 4143 3055 4188 et
3088 4148 3309 4204 poenam
3353 4134 3560 4207 indiget
3594 4136 3687 4190 ni-

2099 4220 2223 4276 miae
2252 4220 2398 4290 illius
2435 4222 2707 4292 superbia:
2745 4195 3011 4280 debitam.
3062 4223 3222 4282 Jesus
3258 4226 3512 4283 Christus
3555 4242 3685 4283 eum

2111 4312 2502 4368 exterminabit
2522 4313 2714 4385 spiritu
2743 4315 2857 4370 oris
2898 4318 2984 4370 sui
3012 4315 3163 4389 (3i);
3202 4325 3257 4373 et
3300 4316 3557 4387 deinceps
3592 4332 3688 4373 ve-

410 4401 663 4460 homines
686 4407 753 4461 ad
786 4409 1161 4477 ptenitentiatn
1186 4410 1556 4475 cohortantes,
1605 4408 1764 4464 sicuti
1804 4407 1994 4462 eodem
2096 4403 2208 4459 niet
2229 4404 2476 4475 judicare
2502 4420 2696 4461 omnes
2720 4407 2993 4463 homines.
3022 4406 3148 4464 Haec
3173 4418 3303 4464 sunt
3327 4409 3677 4478 notabiliora,

412 4493 537 4551 loco
568 4505 755 4552 noster
784 4498 875 4554 hic
897 4510 1089 4555 auctor
1116 4504 1294 4557 docet.
1321 4500 1546 4566 Verum,
1578 4516 1816 4571 quonam
1856 4513 1997 4571 pra:-

411 4587 528 4643 cise
555 4596 800 4659 tempore
827 4594 1207 4663 apparebunt?
1234 4594 1379 4662 Quot
1409 4594 1602 4650 diebus
1645 4605 1850 4649 terram
1891 4594 1993 4647 ha-

482 4696 528 4741 “
563 4706 734 4780 Apoc.
762 4726 888 4777 xm,
913 4713 1001 4767 11.

734 4826 1010 4902 Hippolyt.
1033 4832 1128 4887 lib.
1165 4833 1244 4889 De
1275 4834 1428 4902 Ant.,
1454 4851 1610 4892 num.
1633 4836 1723 4892 48.

480 4897 597 4967 (es)
636 4896 961 4967 ιάεηιξῐωαῖ

504 4965 596 5039 24)
638 4965 808 5039 idem,
840 4971 997 5038 ibid.,
1024 4988 1175 5028 num.
1203 4974 1290 5031 19.

504 4972 596 5028 24)
639 4972 808 5039 Idem,
840 4972 997 5038 ibid.,
1024 4988 1175 5028 num.
1203 4974 1290 5031 19.

481 4972 597 5109 (25)
638 5036 785 5120 idem
818 5083 834 5108 ,
868 5043 1035 5120 ibid._,
1063 5045 1342 5120 num._45
1394 5056 1450 5103 et
1498 5063 1652 5120 seqq.
1737 5048 1990 5120 Captatio

407 5106 527 5189 haec
544 5106 679 5164 certi
703 5106 970 5189 temporis
999 5106 1439 5189 Antichristi,ut
1467 5127 1524 5175 et
1549 5106 1752 5175 Christi
1792 5106 1859 5176 ald
1900 5119 1991 5189 ju-

408 5176 614 5259 dicium
644 5176 1437 5259 venturi,_omnino_cavenda,
1480 5188 1627 5259 quod
1660 5205 1826 5246 nosse
1874 5176 1993 5245 Haec

409 5250 669 5307 mortales
692 5249 1038 5312 Providentia
1066 5256 1325 5314 noluerit.
1359 5249 1637 5315 Videndus
1668 5260 1727 5316 8.
1753 5260 1995 5333 Chryso-

2096 4510 2220 4567 qua!
2247 4496 2301 4550 in
2336 4495 2461 4552 divo
2493 4494 2781 4570 Hippolyto
2815 4499 2996 4571 quoad
3036 4501 3231 4573 dogma
3265 4501 3676 4572 deprehendere

2096 4586 2270 4661 potui.

2026 4834 2072 4891 D
2103 4838 2338 4905 glomus,
2393 4829 2584 4905 homil.
2615 4829 2653 4883 2
2699 4831 2821 4905 adv.
2859 4828 3099 4902 Judaeos,
3127 4842 3182 4889 et
3210 4831 3575 4905 Hieronymus
3619 4831 3678 4888 in

2100 4901 2340 4957 Danielis
2365 4916 2445 4962 tx,
2483 4901 2685 4969 aliique
2715 4902 2936 4958 ibidem.

2162 4972 2277 5044 (26)
2313 4970 2380 5044 _S.
2408 4969 2708 5044 HippolyL,
2746 4973 2843 5027 lib.
2876 4972 2952 5044 De
2989 4972 3338 5042 Antirhristo,
3357 4988 3511 5031 num.
3542 4971 3626 5030 ιδ.

2158 5042 2272 5117 (ἓῖ)
2312 5042 2478 5117 nem.
2514 5042 2680 5117 φίας.
2726 5058 2879 5098 ωιτη.
2920 5042 2953 5117 β
3000 5052 3236 5117 erseqq.

2189 5114 2280 5181 28)
2320 5112 2487 5178 Idem,
2523 5112 2679 5180 una,
2716 5129 2870 5168 num.
2914 5113 2968 5169 6.

2186 5180 2278 5251 S9)
2318 5180 2488 5250 Idem,
2517 5183 2554 5238 ι.
2583 5199 2660 5251 c.,
2691 5200 2844 5239 num.
2879 5181 2970 5240 25.

2218 5254 2273 5323 υ)
2310 5252 2478 5325 idem,
2508 5253 2545 5325 l.
2569 5269 2644 5319 c.,
2667 5270 2821 5309 num.
2859 5254 2929 5308 52
2951 5264 3006 5309 et
3044 5270 3195 5325 seqq.

2183 5326 2273 5397 51)
2313 5322 2483 5392 Idem,
2508 5323 2544 5378 l.
2572 5340 2647 5395 c.,
2667 5342 2822 5383 num.
2845 5326 2916 5382 65
2936 5335 2989 5383 et
3014 5326 3056 5380 ll
3087 5322 3334 5381 'I'hessal.
3366 5341 3428 5393 ιι,
3454 5326 3506 5382 1.
