4074 6388
243 394 340 451 571
1220 397 1311 454 DE
1352 396 1516 455 VITA
1553 396 1645 454 ET
1680 394 1998 454 SCRIPTIS
2031 396 2100 452 ~S.
2153 395 2543 453 HIPPOLYTI.
3416 393 3519 448 378

902 795 1568 859 OBSERVATIONES
1623 791 2008 856 MORALES
2045 797 2146 856 ET
2202 797 2834 861 DISCIPLINARES.

801 919 1201 977 ARTlCULUS
1257 921 1297 978 Ι.
1864 919 1911 977 Δ
1940 923 2219 978 attendere
2244 924 2502 979 deberent
2537 924 2776 980 hzeretici
2803 923 2973 979 nostri
3008 923 3170 994 hujus
3195 924 3520 990 Steculi,nec

657 1027 862 1068 PUNCTA
900 1030 1132 1069 IIOBALIA
1167 1030 1418 1078 QUAEDMI.
1935 1028 2043 1067 non
2083 1015 2238 1068 multi
2274 1015 2367 1084 qui
2407 1015 2544 1069 inter
2569 1016 2884 1072 Catholicos
2920 1015 3058 1068 male
3093 1016 3305 1071 vivunt.

316 1101 489 1157 Caute
519 1120 584 1157 ac
629 1122 748 1158 cum
782 1116 922 1160 metu
957 1109 1198 1161 veritates
1241 1107 1511 1177 religionis
1560 1107 1833 1161 tradenda:
2007 1105 2142 1160 Cum
2173 1107 2236 1160 de
2282 1109 2549 1177 mysteriis
2582 1111 2781 1178 agitur,
2817 1109 3079 1161 curiosius
3110 1125 3212 1161 non
3248 1110 3517 1179 inquiren-

237 1204 394 1249 sunt.
427 1223 500 1234 -
529 1194 764 1251 Sanctus
794 1206 981 1252 noster
1004 1198 1296 1268 episcopus
1322 1199 1477 1253 initio
1517 1199 1601 1252 sui
1637 1208 1835 1254 tracta-
1931 1197 2077 1251 dum.
2102 1229 2171 1237 —
2199 1196 2308 1252 Nec
2337 1199 2565 1253 minoris
2611 1206 2694 1253 est
2743 1200 2991 1254 utilitatis
3052 1200 3104 1252 id
3171 1201 3314 1270 quod
3360 1201 3519 1254 docet

239 1293 338 1341 tus
405 1285 482 1340 De
535 1287 868 1342 Amic/arista
913 1289 1199 1344 lectionem
1250 1290 1453 1359 praebet
1496 1290 1562 1344 iis
1617 1306 1832 1346 summe
1931 1289 2039 1344 alio
2067 1289 2186 1343 loco
2211 1287 2349 1343 idem
2379 1289 2437 1344 S.
2476 1289 2801 1360 Hippolytus
2834 1289 2946 1362 (34)
2983 1308 2994 1343 :
3035 1291 3261 1357 scilicet,
3291 1307 3412 1344 cum
3446 1290 3528 1344 de:

235 1379 639 1440 necessariam,
671 1380 872 1450 quibus
899 1381 1040 1437 Deus
1079 1382 1317 1436 indolem
1347 1398 1410 1437 ac
1458 1383 1637 1437 dotem
1671 1393 1830 1438 cacte-
1929 1381 2205 1452 mysteriis
2227 1381 2428 1451 agitur,
2449 1383 2722 1436 curiosius
2745 1399 2851 1437 non
2885 1382 3292 1451 inquirendum.
3313 1380 3514 1436 Exem-

232 1485 333 1526 ros
360 1470 594 1526 docendi
625 1472 853 1542 largitus
879 1484 981 1528 est.
1008 1473 1066 1527 In
1093 1490 1159 1529 eo
1188 1474 1362 1544 posita
1390 1485 1570 1529 autetn
1603 1485 1686 1530 est
1715 1477 1831 1532 bare
1928 1471 2078 1540 plum
2109 1469 2453 1540 proferamus
2484 1472 2552 1526 ab
2575 1473 2765 1526 eodem
2798 1484 3136 1543 excerptum,
3160 1474 3307 1543 quod
3335 1483 3420 1527 est
3444 1474 3513 1528 de

233 1564 406 1620 lectio
435 1565 573 1635 (52),
615 1566 764 1636 quod
804 1567 1013 1622 scilicet
1053 1567 1336 1635 religionis
1369 1569 1627 1623 veritates
1672 1567 1829 1623 facile
1929 1563 2276 1632 generatione
2316 1562 2479 1619 Verbi
2518 1583 2532 1619 :
2571 1563 2707 1619 «Sed
2742 1566 2882 1620 dicet
2912 1567 3039 1619 mihi
3078 1567 3277 1636 aliquis
3309 1567 3513 1637 (verba

233 1674 353 1713 non
408 1659 627 1713 tradant
677 1660 767 1725 iis,
799 1660 892 1730 qui
924 1661 988 1714 ad
1031 1662 1346 1716 earumdem
1387 1662 1618 1716 abusum
1671 1665 1827 1733 proni
1928 1664 2056 1710 sunt
2107 1655 2164 1710 S.
2225 1655 2582 1727 Hippolyti):
2635 1657 2924 1723 Quomodo
2989 1655 3226 1712 Verbum
3269 1659 3510 1729 genitum

231 1758 372 1804 sunt
403 1764 469 1802 ac
499 1748 772 1818 dispositi,
820 1752 916 1805 sed
959 1750 1063 1819 piis
1101 1752 1445 1807 solummodo
1486 1753 1824 1821 hominibus,
1926 1748 2043 1802 est?
2077 1747 2506 1818 Explicationem
2559 1749 2722 1819 hujus
2776 1750 3016 1820 mysterii
3053 1753 3330 1820 quomodo
3375 1752 3512 1821 petis

229 1840 331 1910 qui
367 1841 423 1894 in
471 1840 667 1896 timore
710 1841 806 1895 Dei
854 1841 1063 1907 vivunt,
1097 1843 1150 1896 in
1180 1844 1468 1898 sanctitate
1504 1854 1557 1900 et
1591 1846 1823 1921 iustitia.
1928 1842 2122 1910 ιιι,ᾳυὶ
2161 1841 2383 1895 modum
2404 1841 2771 1908 generationis
2799 1840 3053 1895 humanm
3077 1859 3184 1897 non
3216 1852 3370 1914 potes
3387 1823 3524 1912 per:

230 1936 318 1989 llli
358 1935 490 2006 ipsi,
522 1936 616 2004 qui
647 1936 866 1998 docent,
890 1936 1086 1990 docere
1111 1935 1311 1990 debent
1336 1953 1460 1991 cum
1501 1948 1680 2002 metu,
1728 1953 1828 1992 nec
1928 1931 2069 1988 fecte
2099 1933 2331 1988 elferre?
2373 1932 2491 1987 Non
2531 1935 2664 1990 satis
2697 1943 2782 1988 est
2821 1936 2918 1989 tibi
2969 1936 3108 1991 scire
3183 1937 3329 2006 quod
3370 1935 3515 1993 Deus

230 2027 485 2082 ccelestia
509 2027 691 2097 eloqui
733 2027 953 2090 debent,
989 2026 1096 2080 nisi
1136 2027 1379 2082 cbaritas
1423 2037 1614 2098 urgeat
1650 2047 1664 2084 :
1699 2028 1828 2084 hinc
1927 2027 2192 2080 mundum
2227 2027 2490 2090 condidit,
2522 2027 2626 2081 nisi
2665 2027 2868 2083 audeas
2909 2029 3187 2099 inquirere
3237 2029 3515 2098 quomodo

232 2119 352 2188 ipse
387 2119 634 2188 gentium
675 2117 972 2188 Apostolus
999 2133 1122 2173 cum
1152 2131 1299 2174 metu
1323 2129 1375 2174 et
1416 2129 1574 2176 caute
1608 2121 1675 2175 de
1711 2137 1825 2192 my-
1927 2118 2206 2173 condidit?
2262 2117 2379 2172 Non
2435 2119 2634 2174 sufficit
2680 2120 2778 2174 tibi
2821 2136 3172 2190 cognoscere,
3220 2121 3367 2190 quod
3419 2119 3515 2174 Fi-

232 2212 425 2265 stet-iis
468 2211 596 2265 ﬁdei
658 2211 1020 2280 loquebatur;
1076 2211 1204 2281 quia
1238 2227 1360 2266 cum
1394 2221 1522 2267 tunc
1565 2215 1825 2283 temporis
1859 2273 1896 2283 _
1927 2213 2034 2267 lius
2094 2211 2188 2266 Dei
2239 2211 2334 2266 tibi
2382 2212 2635 2280 apparuit
2686 2211 2752 2265 ad
2801 2210 3074 2276 salutem,
3132 2210 3178 2266 si
3232 2219 3412 2264 tamen
3459 2208 3515 2264 id

235 2317 334 2355 nec
367 2316 568 2356 omnes
613 2302 867 2357 homines
921 2303 1238 2370 crederent,
1272 2321 1372 2360 nec
1406 2307 1503 2358 toti
1553 2315 1822 2360 terrarum
1857 2273 1900 2332 Β
1928 2304 2144 2370 credis;
2179 2303 2271 2358 sed
2297 2303 2518 2373 insuper
2542 2303 2819 2372 quomodo
2849 2303 3067 2373 genitus
3096 2311 3180 2358 est
3206 2302 3512 2357 secundum

231 2395 354 2449 orbi
400 2394 538 2448 ﬁdes
577 2393 949 2461 illucesceret,
991 2394 1140 2464 justa
1170 2395 1480 2453 formidinis
1527 2413 1692 2453 causa
1747 2399 1823 2453 illi
1927 2396 2178 2466 spiritum
2203 2395 2420 2450 curiose
2445 2395 2709 2464 indagas?
2742 2394 2908 2465 Atqui
2951 2393 3359 2464 generationem
3392 2392 3514 2462 ejus

232 2499 344 2537 non
371 2484 583 2550 deerat,
614 2483 730 2539 fore
762 2484 952 2539 utbaac
983 2487 1239 2557 mysteria
1272 2487 1510 2557 indignis
1536 2499 1589 2543 et
1614 2491 1678 2544 ad
1702 2506 1828 2546 con-
1925 2488 2224 2543 secundum
2283 2503 2500 2541 carnem
2547 2501 2807 2541 enarrare
2867 2501 2976 2540 non
3017 2484 3267 2554 pluribus
3345 2498 3511 2554 quam

233 2585 504 2647 templum
539 2593 757 2633 summe
785 2579 1070 2648 dispositis
1116 2580 1554 2648 innotescercnt;
1595 2583 1826 2653 ideoque
1924 2579 2141 2635 duobus
2169 2578 2455 2651 (Matthteo
2494 2587 2545 2633 et
2579 2577 2780 2648 Lucae)
2816 2577 3186 2632 concreditum
3217 2585 3329 2630 est:
3363 2583 3420 2629 et
3449 2583 3508 2629 tu

230 2667 530 2724 Timotheo
570 2670 842 2740 discipulo
896 2686 998 2725 suo
1038 2671 1202 2724 etiam
1249 2680 1412 2741 atque
1451 2674 1617 2727 etiam
1669 2691 1823 2730 com-
1924 2672 2092 2727 audes
2134 2670 2540 2740 generationem
2587 2669 2888 2726 secundum
2945 2668 3197 2737 spiritum
3244 2665 3514 2722 scrutari?

228 2761 482 2827 ntendat,
519 2767 577 2814 ut
611 2776 719 2814 non
761 2761 937 2816 tradat
967 2762 1226 2816 veritates
1252 2777 1282 2816 a
1320 2778 1378 2816 se
1402 2763 1512 2833 jam
1547 2777 1822 2835 acceptas,
1932 2785 1952 2818 ι
1983 2763 2156 2831 Quam
2189 2763 2592 2834 generationem
2631 2762 2772 2834 apud
2797 2777 2855 2816 se
2888 2759 3050 2814 Pater
3088 2768 3308 2825 servat,
3351 2775 3511 2814 reve-

229 2852 340 2906 nisi
366 2853 474 2921 piis
505 2868 569 2908 ac
598 2853 872 2924 religiosis
899 2855 1052 2918 viris,
1080 2855 1172 2925 qui
1196 2857 1333 2912 alios
1356 2858 1570 2926 possint
1603 2862 1820 2913 easdem
1932 2875 1951 2909 ι
1991 2858 2202 2911 laturus
2241 2866 2370 2911 tunc
2395 2856 2622 2919 sanctis,
2674 2854 2768 2924 qui
2809 2862 2870 2908 ut
2903 2852 3097 2907 faciem
3137 2851 3258 2922 ejus
3295 2851 3514 2908 videant

227 2946 493 2998 veritates
541 2945 758 3000 docere.
813 2963 832 2998 ι
873 2945 1011 3001 Cum
1062 2948 1228 3018 igitur
1270 2948 1461 3004 beatus
1505 2948 1820 3020 Apostolus,
1931 2969 1952 3005 ‹
1989 2949 2137 3020 digni
2161 2956 2344 3003 erunt.
2377 2967 2395 2998 ι
2435 2946 2582 3002 Satis
2610 2946 2768 3010 habe,
2805 2945 2949 3014 quod
2985 2961 3015 2998 a
3055 2943 3274 2998 Christo
3305 2943 3510 2998 dictum

232 3035 603 3107 subjungitS.
627 3033 968 3106 Hippolytus,
993 3038 1110 3093 bmc
1131 3047 1366 3095 cauteac
1384 3054 1509 3094 cum
1540 3050 1686 3094 metu
1713 3048 1824 3094 tra-
1923 3049 2007 3097 est
2045 3057 2058 3093 :
2095 3039 2249 3106 Quod
2307 3049 2492 3092 natum
2522 3047 2599 3092 est
2639 3054 2704 3091 ex
2747 3037 2962 3108 spiritu,
3024 3035 3244 3105 spiritus
3294 3045 3371 3089 est
3415 3035 3462 3067 “
3491 3074 3509 3100 ,

229 3128 415 3193 deret,
442 3151 533 3184 ο...
566 3128 758 3183 videns
779 3128 987 3184 scilicet
1011 3129 1229 3199 spiritu,
1253 3145 1360 3184 non
1403 3146 1526 3186 esse
1573 3131 1820 3186 omnium
1930 3175 1944 3189 .
1982 3172 1997 3188 .
2032 3171 2047 3188 .
2088 3173 2101 3186 .
2139 3131 2424 3186 Sufﬁciam
2460 3131 2576 3185 haec
2606 3129 2917 3184 testimonia
2969 3127 3221 3181 ﬁdelibus
3262 3124 3513 3181 veritatis

227 3218 399 3275 ﬁdem
429 3237 445 3287 ;
479 3229 688 3288 quanto
717 3235 806 3276 res
841 3221 1000 3275 nobis
1026 3222 1253 3292 majoris
1275 3222 1504 3292 periculi
1528 3221 1640 3290 lict,
1666 3222 1712 3277 si
1745 3231 1824 3278 te-
1925 3223 2221 3289 studiosis;
2256 3221 2502 3276 inﬁdeles
2536 3221 2682 3276 enim
2712 3220 2845 3274 nulli
2881 3219 3131 3274 credunt.
3173 3235 3193 3270 ›

225 3328 387 3368 mere
439 3313 699 3383 nullaque
745 3313 958 3369 ratione
1000 3314 1245 3386 profanis
1291 3315 1606 3371 hominibus
1659 3326 1823 3388 atque
1997 3314 2248 3368 Charitas
2277 3313 2606 3367 Christiana.
2642 3309 2862 3382 Figura:
2881 3305 3510 3363 Ecclesia—Charitas

224 3405 478 3477 indignis
506 3407 893 3464 tradiderimus
917 3409 1099 3463 divina
1117 3409 1368 3478 eloquia!
1399 3429 1416 3462 ι
1441 3407 1594 3465 Hane
1609 3425 1825 3466 summe
1866 3452 1872 3467 .
1925 3404 2054 3473 Iesu
2083 3406 2285 3462 Christi
2315 3415 2397 3461 est
2423 3405 2603 3458 anima
2632 3401 2909 3469 Ecclesiae,
2940 3411 2995 3455 et
3024 3409 3107 3456 est
3128 3399 3295 3454 veluti
3320 3399 3514 3452 vincu-

227 3499 608 3554 necessariam
645 3501 871 3556 moralis
906 3510 1118 3572 partem
1159 3502 1451 3557 conﬁrmat
1475 3503 1724 3558 doctrina
1769 3513 1872 3597 et:
1925 3499 2039 3552 lum
2095 3512 2206 3568 quo
2265 3494 2451 3552 fideles
2502 3495 2789 3550 uniuntur.
2821 3491 2928 3548 Per
2976 3493 3119 3548 hanc
3168 3493 3514 3560 charitatem,

231 3593 423 3664 praxis
455 3608 798 3648 summorum
839 3595 1088 3649 virorum
1123 3595 1393 3663 omnium,
1426 3595 1520 3666 qui
1551 3596 1605 3650 in
1633 3594 1820 3651 Eccle—
1930 3591 2094 3648 sicuti
2153 3599 2206 3645 et
2237 3606 2336 3660 per
2385 3590 2570 3653 ﬁdem,
2606 3585 2848 3642 Ecclesia
2894 3585 3088 3657 recipit
3138 3585 3509 3655 Baptismum:

231 3688 313 3741 sia
344 3685 1100 3743 ﬁoruerunt.0bservandum
1123 3697 1406 3758 prmterea,
1438 3688 1671 3759 quodex
1699 3689 1820 3743 lau-
1933 3706 1951 3740 ‹
1997 3686 2238 3742 Ecclesia
2270 3701 2365 3756 per
2403 3684 2562 3738 ﬁdem
2600 3723 2614 3738 .
2642 3722 2658 3736 .
2684 3723 2700 3737 .
2731 3725 2745 3739 .
2785 3691 2840 3736 et
2867 3681 3188 3736 charitatem
3223 3681 3276 3732 in
3311 3677 3508 3743 Deum,

231 3778 378 3834 datis
415 3778 477 3836 S.
512 3777 788 3851 Hippolyti
821 3780 1002 3836 verbis
1042 3780 1304 3835 invictum
1341 3799 1360 3832 ι
1398 3796 1496 3851 pro
1533 3781 1822 3851 disciplina
1977 3821 1993 3836 .
2027 3820 2042 3836 .
2082 3817 2096 3830 .
2143 3779 2340 3848 recipit
2378 3777 2659 3831 lavacrum
2694 3773 3128 3844 regenerationis
3157 3771 3295 3842 (35).
3343 3790 3363 3824 ι
3404 3771 3511 3837 Qui

231 3871 468 3926 arcani:
499 3871 694 3941 primis
739 3870 999 3927 Ecclesiae
1044 3873 1262 3929 saeculis
1310 3883 1497 3932 sancte
1524 3876 1820 3943 custodita,
1924 3879 2049 3942 post
2101 3879 2416 3938 susceptum
2473 3867 2812 3935 Baptismum
2868 3863 3350 3928 transgrediuntur
3411 3860 3508 3914 Dei

231 3973 620 4033 argumentum
646 3964 964 4019 deducatur.
1353 3952 1360 3957 ”
1924 3963 2206 4027 mandata,
2243 3960 2326 4014 vel
2361 3957 2608 4028 religioni
2633 3957 2960 4012 Christianae
2979 3955 3231 4008 nuntium
3263 3952 3505 4017 mittunt,

303 4054 423 4120 Quo
451 4064 610 4124 pacto
635 4066 836 4124 oportet
862 4055 1029 4126 legere
1050 4073 1112 4110 ac
1134 4057 1426 4128 intelligere
1446 4045 1651 4114 diuinas
1676 4057 1823 4114 Scri-
1922 4065 2180 4111 aeternam
2229 4052 2460 4124 propriae
2507 4050 2702 4104 anima:
2733 4057 2962 4103 mortem
2997 4045 3256 4101 inferunt.
3302 4043 3508 4098 Pecca—

229 4157 444 4217 pturas.
487 4177 560 4187 —
597 4145 702 4214 Qui
734 4148 789 4202 in
824 4148 1236 4218 Scripturarum
1264 4165 1544 4204 sacrarum
1586 4151 1821 4206 lectione
1913 4157 2038 4203 'tum
2072 4163 2220 4202 mors
2244 4155 2329 4200 est
2351 4146 2569 4208 animae,
2604 4144 2782 4212 inquit
2814 4149 3039 4196 sanctus
3066 4140 3157 4192 hic
3180 4137 3340 4192 Pater
3370 4134 3504 4207 (56),

230 4256 458 4314 operam
493 4242 680 4298 locant
717 4258 902 4309 suam,
947 4243 1056 4298 duo
1104 4258 1215 4313 prae
1246 4244 1421 4298 oculis
1469 4245 1672 4301 habere
1722 4247 1818 4299 de-
1924 4239 2226 4314 praesertim
2269 4247 2450 4292 autem
2485 4235 2758 4300 moecbia;
2793 4233 2921 4302 quia
2962 4231 3106 4285 enim
3139 4231 3320 4285 anima
3356 4229 3511 4284 Chri-

227 4333 384 4390 bent.
432 4337 488 4390 1ο
526 4335 605 4391 Ex
650 4335 824 4391 sacris
859 4336 947 4391 his
974 4335 1148 4404 glibris
1183 4335 1408 4390 modum
1449 4337 1819 4406 cognoscendi
1922 4343 2007 4389 sto
2031 4332 2281 4403 cupulata
2316 4329 2653 4384 discessione
2680 4341 2710 4380 a
2743 4325 2917 4379 tidein
2947 4338 3241 4394 perennem
3274 4323 3507 4377 traditur

229 4425 428 4495 Deum,
465 4428 751 4498 eidemque
780 4427 1081 4498 famulandi
1115 4441 1308 4483 eruere
1339 4429 1559 4494 debent,
1593 4445 1716 4484 cum
1751 4445 1817 4485 ex
1920 4433 2181 4492 mortem,
2215 4423 2280 4478 ad
2320 4423 2442 4492 ejus
2471 4421 2548 4477 rei
2585 4419 2744 4474 iidem
2770 4418 2975 4471 violato
3005 4431 3224 4486 quoque
3249 4431 3510 4486 corpora-

231 4521 318 4575 his
353 4520 600 4575 fontibus
629 4519 978 4576 solummodo
1010 4521 1126 4575 haec
1151 4519 1356 4574 hauriri
1384 4521 1628 4591 possint;
1657 4521 1714 4576 2°
1763 4523 1818 4577 in
1919 4520 2053 4574 lium
2082 4517 2398 4588 nuptiarum
2447 4514 2652 4569 fcedere
2687 4511 3070 4583 perversisque
3112 4509 3370 4564 thalamis
3420 4510 3508 4565 lex

231 4611 284 4667 id
323 4627 680 4682 summopere
711 4612 1027 4667 incumbere
1059 4612 1278 4678 debent,
1299 4620 1356 4666 ut
1381 4629 1568 4667 verum
1601 4629 1819 4668 earum-
1919 4626 2137 4683 poenam
2168 4609 2366 4664 mortis
2401 4604 2618 4660 indixit.
2655 4605 2713 4657 in
2766 4611 2954 4657 sancto
2987 4599 3280 4674 Hippolyto
3339 4601 3508 4654 variae

227 4703 356 4758 dem
389 4701 794 4774 Scripturarum
814 4719 1035 4759 sensum
1068 4703 1408 4774 percipiant,
1439 4712 1493 4760 et
1522 4706 1818 4761 abhorrere
1920 4700 2102 4774 quoad
2156 4698 2459 4754 Ecclesiam
2506 4693 2960 4764 comparationes
3004 4709 3067 4747 ac
3122 4691 3508 4747 similitudines

228 4795 299 4850 ab
331 4796 487 4851 omni
513 4796 961 4866 interpretatione
992 4797 1059 4851 ad
1093 4797 1380 4852 arbitrium
1416 4798 1647 4852 conﬁcta
1669 4838 1682 4862 ,
1733 4799 1817 4853 vel
1918 4803 2249 4860 occurrunt;
2297 4793 2352 4846 in
2383 4789 2578 4862 primis
2608 4796 2892 4856 comparat
2925 4800 3045 4838 eam
3086 4785 3208 4838 navi
3251 4782 3508 4837 ﬂuctibus

225 4905 352 4960 qua:
383 4889 644 4957 peculiari
677 4899 866 4944 nostro
899 4890 1114 4959 spiritui
1143 4932 1158 4957 ,
1196 4891 1509 4959 nostrisque
1545 4891 1818 4961 passioni-
1919 4891 2096 4964 pelagi
2143 4889 2361 4960 jactata:
2385 4927 2399 4950 ,
2434 4900 2557 4955 qua:
2591 4892 2774 4937 tamen
2808 4881 3097 4951 naufragio
3149 4878 3293 4933 haud
3335 4879 3505 4946 lporit,

227 4979 331 5036 bus
354 4979 430 5034 sit
449 4978 773 5044 conformis,
804 4995 913 5035 uno
936 4980 1123 5044 verbo,
1151 4980 1355 5034 nullam
1382 4981 1682 5052 Seripturis
1706 4985 1813 5038 vim
1849 4973 1891 5029 Ι)
1921 4985 2050 5055 quia
2096 4999 2126 5037 a
2171 4980 2393 5036 Christo
2443 4977 2800 5048 gubernatur.
2848 4972 2927 5027 En
2980 4974 3283 5042 elegantem
3341 4969 3506 5038 hujus

229 5071 438 5128 inferre
459 5072 692 5128 debent:
726 5090 744 5122 ‹
786 5070 905 5128 Non
937 5073 1239 5127 secundum
1266 5073 1542 5143 propriam
1565 5075 1816 5130 volunta-
1924 5072 2354 5147 comparationis
2382 5068 2807 5138 descriptionem
2836 5065 2906 5120 ab
2959 5064 3250 5135 Hippolyto
3282 5062 3509 5116 adorna-

231 5176 335 5223 tctn
366 5209 384 5234 ,
430 5181 609 5236 neque
642 5166 942 5222 secundum
992 5166 1276 5237 pr0prium
1331 5183 1576 5229 sensum,
1637 5185 1816 5238 neque
1922 5181 2032 5226 tam
2071 5168 2222 5240 ('57):
2266 5184 2284 5218 ι
2325 5163 2440 5219 Ala:
2475 5161 2688 5215 navium
2725 5171 2852 5214 sunt
2881 5157 3155 5223 Ecclesia,
3186 5170 3328 5209 mare
3354 5168 3508 5205 mun-

228 5264 334 5315 vim
391 5259 688 5315 inferentes
738 5261 792 5314 in
833 5275 919 5324 ea,
958 5276 1080 5330 qua:
1112 5259 1182 5314 ab
1227 5275 1294 5314 eo
1333 5260 1458 5314 data
1512 5271 1672 5330 sunt;
1718 5262 1814 5318 sed
1921 5263 2044 5328 dus,
2078 5261 2132 5314 in
2167 5272 2279 5328 quo
2309 5253 2552 5310 Ecclesia
2593 5252 2851 5307 ﬂuctibus
2883 5250 3158 5320 jactatur,
3204 5261 3296 5300 nec
3331 5251 3505 5299 tamen

230 5352 508 5422 quomodo
543 5351 662 5420 ipse
692 5349 884 5420 (Deus)
905 5367 1003 5422 per
1030 5360 1250 5408 sanctas
1277 5351 1591 5422 Scripturas
1618 5343 1815 5409 docere
1919 5353 2205 5424 naufragio
2232 5349 2394 5420 perit,
2417 5347 2618 5417 quippe
2639 5333 2766 5400 c'um
2800 5343 3049 5398 solertem
3087 5338 3504 5407 gubernatorem

227 5445 422 5511 voluit,
457 5444 540 5500 sic
570 5445 940 5514 intelligamus
974 5444 1111 5502 (5'5).
1146 5462 1164 5495 ι
1213 5443 1346 5510 Quae
1380 5445 1602 5517 quidem
1647 5446 1812 5501 verba
1920 5449 2192 5507 Christum
2245 5456 2432 5500 secum
2464 5441 2694 5507 habeat;
2737 5435 2844 5492 fert
2886 5447 3014 5489 vero
3041 5430 3292 5486 etiamin
3324 5431 3504 5488 medio

298 5559 344 5591 ²¹
382 5556 546 5614 Joan.
591 5573 674 5623 nt,
714 5557 770 5614 6.
2405 5609 2408 5613 ,

300 5691 418 5769 es)
459 5689 518 5769 ξς
554 5689 983 5769 Hippolytum.
1019 5694 1092 5746 De
1119 5693 1386 5769 Αηιξειιτο.
1433 5705 1586 5749 num.
1617 5693 1669 5749 ιο
1996 5693 2189 5769 (δωει
2228 5687 2526 5769 Ituraei»
2559 5689 2778 5769 "astato
2807 5677 3502 5769 ίῗί.δ¹1ἕὲ¹ῐ²ξη⁰’ῐξ’ἓι2“ί¹.¹⁷ἵὶ“

326 5705 418 5757 62)
459 5705 518 5745 δ.
555 5705 852 5763 mpporyu,
889 5705 983 5747 Ill).
1019 5705 1092 5746 De
1119 5705 1386 5758 Antium,
1433 5705 1586 5749 num.
1617 5705 1669 5749 1.
1996 5705 2112 5769 (56)
2131 5705 2189 5748 δ,
2228 5705 2526 5814 ηιρὸοιγιη
2559 5705 2778 5768 tramite.
2807 5705 2862 5734 ιη
2880 5705 3205 5779 ouaunnum,
3232 5705 3371 5747 apuu
3399 5705 3501 5730 r51-

324 5763 418 5832 35)
459 5762 631 5828 Idem,
671 5761 790 5818 adv.
829 5762 1010 5830 Noet.,
1041 5780 1194 5819 num.
1230 5768 1284 5820 9.
1917 5760 2281 5832 bric.,tom.rl
2369 5774 2482 5829 pp.,
2509 5770 2630 5826 pag.
2655 5755 2784 5819 21b,
2823 5760 2878 5806 et
2901 5751 3042 5820 apud
3073 5750 3344 5816 Calland.,
3372 5759 3412 5803 t.
3438 5747 3501 5812 Il,

321 5831 415 5906 ξω
454 5833 627 5906 idem,
654 5832 990 5906 io_id.._num.
1027 5835 1114 5906 16.
1916 5857 1930 5897 1

1916 5831 2308 5906 colum.§45_-__
2423 5897 2491 5906 .,
2715 5892 2751 5906 ..
2834 5893 2849 5906 .
2908 5893 2941 5906 -.

299 5887 417 5977 iss)
453 5887 625 5977 tdéiii,’
656 5903 754 5962 lib.
787 5887 862 5961 De
886 5887 1254 5978 Anticliam,
1291 5922 1446 5964 num.
1480 5906 1572 5964 59.
1715 5923 1756 5931 --
1922 5887 2120 5978 "(in
2147 5887 2206 5959 s.
2245 5897 2543 5971 llippolyt.,
2570 5895 2667 5952 lib.
2703 5892 2781 5952 De
2814 5891 3082 5955 Antichr..
3109 5905 3231 5962 cap.
3261 5887 3353 5946 59.
