4074 6374
624 368 731 424 579
785 447 791 452 ι

1606 367 1693 423 DE
1727 367 1890 423 VITA
1929 369 2017 425 ET
2064 371 2374 430 SCRIPTIS
2410 377 2467 431 S.
2512 375 2921 451 ΙΙΙΡΡΟΙΑΥἹΊ.⁸

3788 388 3888 443 580

622 497 865 546 erectum
901 490 1165 544 adversus
1206 495 1435 543 mortem
1473 497 1759 561 tropmum,
1784 508 1906 562 qua:
1950 496 2202 552 videlicet
2229 503 2274 559 Α
2303 499 2374 554 sit
2407 499 2661 556 Ecclesiae
2693 501 3064 572 magisterium
3093 521 3105 556 :
3147 520 3165 554 ι
3201 501 3295 557 Est
3335 505 3481 558 enim
3512 503 3761 564 Ecclesia
3792 526 3884 565 or-

623 596 831 633 crucem
872 578 1086 633 Domini
1120 593 1303 633 secum
1347 588 1544 649 portet.
1583 580 1675 636 Est
1695 583 1841 637 enim
1873 584 1993 653 ejus
2038 602 2201 656 prora

622 667 840 735 Oriens,
866 669 1062 738 puppis
1105 683 1235 723 vero
1291 667 1590 738 Occidens,
1635 675 1841 729 cavitas
1904 675 2196 747 Meridies;

623 758 758 813 clavi
783 760 887 813 duo
926 759 1296 825 Testamenta;
1322 762 1531 816 circum
1575 768 1777 820 extenti
1805 767 1957 836 funes
1998 769 2201 825 Christi

620 851 876 916 charitas,
902 867 1019 921 qua
1051 850 1349 906 Ecclesium
1374 857 1657 927 astringit;
1702 859 1889 926 linum,
1929 863 2076 931 quod
2117 880 2203 920 se—

622 957 744 995 cum
794 941 918 1008 fert,
964 943 1238 997 lavacrum
1287 954 1365 999 est
1410 951 1819 1017 regenerationis
1878 953 2031 1022 ('58);
2080 971 2203 1026 quas

622 1030 805 1087 ﬁdeles
835 1042 1076 1087 renovat.
1114 1031 1265 1089 Venti
1302 1036 1423 1091 loco
1454 1038 1607 1094 adest
1641 1039 1873 1111 Spiritus
1913 1044 2003 1098 ille
2038 1062 2066 1100 e
2102 1063 2203 1101 cae-

619 1120 708 1186 lis,
739 1139 849 1191 quo
886 1122 1070 1180 fideles
1097 1128 1491 1197 consignantur
1520 1129 1665 1196 Deo;
1704 1134 1867 1189 habet
1889 1139 2089 1206 pariter
2111 1141 2201 1197 illa

617 1216 846 1269 comites
873 1224 927 1270 et
960 1216 1157 1286 ferreas
1198 1223 1480 1284 anchoras,
1528 1235 1713 1279 sancta
1756 1229 2009 1285 nimirum
2048 1232 2202 1289 Chri-

620 1306 686 1359 sti
734 1307 1013 1374 mandata,
1068 1326 1190 1379 qua;
1233 1309 1359 1365 ferri
1423 1315 1589 1369 robur
1634 1317 1810 1387 ipsqu
1874 1322 2197 1393 prteferant;

618 1396 751 1465 quin
787 1406 841 1452 et
879 1409 1075 1455 nautas
1105 1418 1135 1455 a
1173 1403 1379 1459 dextris
1418 1416 1582 1478 atque
1619 1411 1859 1469 sinistris
1895 1426 2199 1472 sanctorum

618 1488 924 1556 angelorum
957 1508 1099 1545 more
1122 1495 1449 1563 assisteules,
1476 1515 1697 1568 quorum
1720 1520 1812 1573 ope
1835 1509 2071 1561 munitur
2100 1508 2199 1564 Ec-

617 1578 798 1635 clesia.
826 1580 881 1635 In
911 1599 973 1637 ea
1005 1585 1173 1650 scala,
1207 1604 1329 1655 qua:
1358 1589 1410 1642 in
1449 1591 1616 1645 altum
1652 1595 1719 1650 ad
1749 1606 2040 1654 antennam
2070 1604 2200 1658 sub-

618 1673 800 1740 vehit,
836 1677 1010 1747 imago
1047 1690 1122 1733 est
1158 1681 1416 1737 salutaris
1439 1684 1639 1739 Christi
1668 1692 1968 1760 passionis,
2014 1695 2199 1754 ﬁdeles

617 1763 859 1831 trahens,
896 1776 954 1819 ut
984 1767 1035 1819 in
1064 1770 1233 1825 cados
1264 1773 1581 1828 ascendant.
1615 1774 1777 1846 Signa
1817 1794 1979 1849 super
2006 1792 2199 1840 anten-

616 1869 743 1906 nam
773 1854 822 1907 iu
878 1857 1045 1910 altqu
1076 1860 1288 1914 sublata
1311 1903 1326 1927 ,
1382 1865 1779 1934 prophetarum,
1826 1881 2120 1941 martyrum
2146 1884 2194 1927 et

619 1946 982 2013 apostolorum
1027 1950 1083 2003 in
1115 1950 1315 2007 Christi
1347 1971 1501 2025 regno
1544 1959 1922 2027 quiescentium
1968 1966 2196 2034 stipatus

616 2038 770 2091 ordo.
811 2058 829 2090 ι
862 2039 1149 2111 Colligitur
1172 2059 1237 2098 ex
1266 2044 1349 2099 his
1376 2048 1584 2105 ultimis
1610 2052 1809 2117 verbis,
1840 2058 2199 2124 quemadmo-

614 2127 745 2182 dum
779 2128 914 2183 bene
943 2131 1196 2188 observat
1228 2136 1296 2189 cl.
1330 2136 1635 2193 Ceillierius
1663 2140 2061 2210 (59),sanctum
2099 2162 2196 2200 no-

616 2229 790 2275 strum
820 2224 1131 2294 episcopum
1164 2231 1529 2286 communiter
1556 2231 1625 2286 ab
1646 2234 1885 2304 antiquis
1925 2246 2196 2307 receptam

615 2315 940 2369 sententiam
993 2328 1241 2374 secutum
1291 2319 1500 2389 fuisse,
1558 2325 1704 2392 quod
1755 2326 2013 2382 nimirum
2070 2344 2197 2399 pro-

613 2406 810 2474 phetas,
852 2412 1083 2477 apostoli
1117 2424 1170 2467 et
1199 2424 1468 2486 martyres
1501 2414 1813 2473 felicitatem
1853 2428 2111 2475 aeternam
2138 2421 2195 2476 iu

613 2496 771 2551 caelis
795 2498 972 2569 adepti
1009 2502 1231 2559 fuerint.

685 2589 926 2646 Ecclesia
958 2596 1148 2649 mulier
1185 2596 1292 2651 sole
1320 2599 1539 2653 amicta.
1559 2631 1628 2641 —
1654 2599 1822 2657 Paulo
1849 2600 1991 2657 infra
2032 2604 2195 2660 aliam

610 2680 678 2736 de
724 2682 963 2741 Ecclesia
985 2688 1395 2745 similitudinem
1432 2691 1607 2759 all‘ert,
1636 2694 1765 2748 dum
1808 2695 1899 2750 illa
1926 2696 2195 2769 Apocaly-

610 2787 771 2841 pseos
810 2777 975 2830 verba
1004 2794 1126 2847 cap.
1165 2796 1260 2846 xu,
1296 2781 1417 2834 l-6:
1450 2780 1521 2835 Et
1551 2784 1661 2838 vidi
1699 2787 1909 2857 signum
1943 2805 2195 2859 magnum

611 2871 662 2915 et
688 2864 953 2933 mirabile,
982 2869 1251 2924 mulierem
1280 2874 1528 2927 amictam
1554 2876 1683 2942 sole,
1714 2887 1841 2946 etc.,
1868 2880 1922 2934 in
1949 2897 2071 2950 qua:
2118 2881 2193 2936 ita

612 2966 1016 3013 commentatur
1056 2960 1200 3032 (40):
1251 2982 1269 3014 ι
1308 2964 1588 3023 Mulierem
1629 2970 1882 3025 amictam
1934 2973 2048 3027 sole
2082 2975 2197 3029 cla-

611 3044 832 3101 rissime
871 3045 1167 3104 Ecclesiam
1216 3053 1542 3123 signiﬁcavit
1579 3054 1912 3130 (Joannes),
1955 3058 2192 3116 Paterno

612 3137 861 3193 indutam
888 3137 1086 3206 Verbo,
1111 3145 1257 3212 quod
1297 3146 1410 3201 sole
1447 3148 1741 3203 micantius
1791 3151 2054 3219 splendet.
2102 3153 2193 3209 Di—
2219 3172 2262 3230 α

611 3231 785 3287 cendo
820 3248 949 3288 vero
984 3236 1167 3287 (utram
1197 3236 1293 3290 sub
1321 3238 1538 3303 pedibus
1586 3240 1723 3310 ejus,
1752 3244 1960 3298 caelesti
2014 3246 2195 3302 chari-

612 3331 723 3379 tate
753 3324 894 3380 luna:
926 3326 982 3381 in
1022 3343 1227 3383 morem
1262 3339 1511 3386 ornatam
1537 3335 1795 3391 ostendit.
1821 3335 1977 3403 Quod
2010 3349 2192 3396 autem

608 3416 707 3480 ait,
734 3416 789 3469 in
822 3419 993 3487 capite
1023 3419 1136 3487 ejus
1175 3437 1369 3475 corona
1406 3425 1682 3479 stellarum
1710 3427 2007 3498 duodecim,
2052 3433 2192 3490 duo-

613 3507 787 3562 decim
820 3511 1101 3578 apostolos
1134 3513 1400 3584 designat,
1438 3532 1534 3586 pcr
1555 3534 1693 3588 quos
1727 3518 1951 3577 fundata
1975 3534 2058 3579 est
2090 3524 2195 3581 Ec-

613 3599 800 3654 clesia.
819 3598 887 3653 Et
908 3601 1103 3658 habens
1122 3604 1176 3656 in
1195 3614 1341 3659 utero
1368 3606 1632 3663 clamabat
1652 3615 1976 3683 parturiens,
2002 3626 2052 3670 et
2074 3634 2195 3671 cru-

614 3691 857 3746 ciabatur
882 3734 896 3759 ,
934 3705 990 3748 ut
1016 3707 1255 3767 pareret;
1286 3700 1412 3771 quia
1450 3718 1559 3757 non
1600 3715 1781 3760 cessat
1829 3707 2073 3766 Ecclesia
2125 3728 2192 3768 ex

612 3790 777 3845 corde
799 3787 1036 3849 Verbum
1072 3796 1322 3867 gignere,
1357 3799 1502 3869 quod
1532 3798 1587 3854 in
1613 3802 1818 3861 mundo
1853 3807 1922 3860 ab
1963 3808 2193 3865 inﬁdeli-

614 3884 717 3943 bus
742 3891 1174 3957 persecutionem
1198 3892 1420 3961 patitur.
1453 3893 1522 3947 Et
1541 3894 1763 3966 peperit,
1789 3898 1985 3971 inquit,
2018 3903 2192 3971 ﬁlium

614 3981 933 4047 masculum,
959 3984 1049 4053 qui
1087 3993 1199 4038 erat
1223 3994 1461 4040 recturus
1484 4004 1661 4043 omnes
1690 4002 1896 4060 gentes;
1924 3996 2183 4051 nimirum

613 4068 874 4138 Ecclesia,
899 4072 1028 4127 dum
1051 4072 1331 4129 Christum
1350 4074 1465 4143 Dei,
1486 4079 1785 4134 masculam
1812 4096 1875 4136 ac
1892 4083 2186 4152 perfectam

613 4161 839 4229 prolem,
871 4163 963 4233 qui
999 4161 1142 4220 Deus
1180 4174 1233 4219 et
1275 4167 1442 4220 homo
1468 4168 1813 4236 prmdicatur,
1858 4187 2071 4242 semper
2096 4190 2193 4244 pa-

613 4251 718 4316 rit,
749 4254 908 4311 docet
944 4272 1133 4311 omnes
1166 4267 1374 4327 gentes.
1398 4257 1572 4314 Porro
1602 4260 1855 4333 dicendo,
1890 4276 2071 4337 raptus
2103 4280 2182 4324 est

612 4345 758 4414 ﬁlius
789 4347 901 4416 ejus
942 4349 1011 4402 ad
1050 4348 1237 4414 Deum,
1273 4361 1321 4406 et
1347 4353 1416 4407 ad
1456 4354 1704 4410 thronum
1730 4357 1877 4424 eius;
1909 4362 2187 4419 caelestem

612 4451 812 4506 regem,
846 4454 955 4492 non
1005 4447 1279 4496 terrenum
1331 4458 1454 4498 esse
1505 4446 1794 4515 signiﬁcat,
1854 4451 1947 4520 qui
1992 4468 2059 4508 ex
2094 4455 2185 4510 illa

2304 588 2470 656 diuis,
2517 606 2624 645 non
2662 591 3001 647 confusionis
3031 593 3308 662 magistra.
3347 611 3365 645 ι
3391 591 3601 650 Notent
3632 596 3740 652 sibi
3777 599 3888 655 haec

2305 681 2468 735 verba
2520 697 2656 737 auro
2716 684 2987 753 cedroque
3052 682 3214 754 digna
3272 684 3531 741 Ecclesiae
3590 687 3888 755 antistites,

2306 772 2698 844 theologiaque
2724 774 2997 830 doctores.

2847 865 3244 922 ARTICULUS
3278 865 3340 920 11.

2653 970 3079 1013 ῡιιδειινλτιοκεε
3106 974 3524 1013 ῡιεεινιιΜκεε.

2307 1030 2332 1045 ’
2377 1045 2600 1116 Tempus
2634 1048 2704 1101 ad
2725 1047 3056 1118 Baptismum
3081 1050 3433 1120 recipiendum
3456 1050 3889 1119 pra/initum.—

2304 1137 2493 1205 Quoad
2515 1139 2883 1210 disciplinam,
2924 1142 3039 1197 haec
3072 1142 3410 1198 observanda
3456 1143 3696 1198 veniunt
3743 1145 3885 1212 apud

2307 1226 2364 1282 S.
2421 1227 2768 1302 Hippolytum
2815 1249 2826 1285 :
2870 1232 3083 1300 primo,
3136 1233 3541 1289 solemnitatem
3601 1231 3886 1290 Paschalis

2303 1316 2472 1375 fuisse
2502 1330 2714 1392 tempus
2753 1323 3074 1393 pra-ﬁnitum
3112 1326 3178 1378 ad
3212 1325 3639 1380 ministrantium
3668 1336 3724 1382 et
3752 1328 3889 1382 reci-

2301 1410 2556 1480 piendum
2585 1414 2939 1484 Baptismum.
2962 1416 3051 1471 Ait
3074 1418 3217 1472 enim
3252 1428 3474 1474 sanctus
3510 1420 3811 1489 episcopus
3834 1421 3884 1473 in

2302 1505 2485 1561 illud:
2541 1507 2681 1561 Dum
2731 1510 3064 1563 observarent
3110 1511 3249 1563 diem
3331 1522 3519 1580 aptum
3552 1511 3645 1576 ’³,
3738 1526 3884 1566 com—

2302 1609 2554 1655 mentans
2582 1600 2725 1671 (41):
2764 1601 2965 1668 «Quem
2994 1616 3180 1671 porro,
3204 1602 3309 1657 nisi
3336 1603 3479 1656 diem
3510 1600 3765 1666 Pascha,
3793 1618 3885 1672 per

2300 1709 2461 1763 quem
2504 1694 2778 1750 lavacrum
2813 1696 2880 1759 in,
2900 1695 3144 1765 pomario
3174 1696 3534 1751 aestuantibus
3565 1698 3829 1765 paratur?
3856 1715 3876 1747 ι

2373 1785 2757 1855 Dispositiones
2786 1788 2855 1840 ad
2886 1787 3239 1857 Baptismum.
3264 1818 3333 1827 —
3354 1786 3764 1857 Dispositiones
3795 1804 3882 1840 au-

2303 1883 2408 1930 tem
2431 1876 2630 1932 ibidem
2662 1886 2911 1933 vetustus
2942 1878 3031 1933 hic
3057 1876 3219 1931 Pater
3250 1886 3697 1945 commemorat,
3755 1879 3877 1932 dum

2300 1967 2375 2022 ita
2435 1970 2815 2039 prosequitur:
2876 1988 2895 2021 ί
2938 1970 3194 2027 Susanna
3259 1970 3448 2026 lavans
3495 1970 3708 2025 munda
3774 1968 3880 2023 Deo

2300 2076 2499 2131 sponsa
2554 2061 2767 2116 sistitur
2818 2077 2942 2116 cum
2980 2062 3193 2117 duabus
3226 2062 3359 2116 solis
3391 2062 3615 2131 puellis.
3654 2060 3879 2126 Quando

2299 2150 2442 2203 enim
2474 2148 2715 2205 Ecclesia
2751 2166 2816 2205 ex
2852 2165 3004 2206 more
3052 2152 3204 2221 cupit
3249 2151 3535 2205 lavacrum
3583 2149 3876 2218 suscipere,

2298 2239 2435 2295 duas
2458 2242 2767 2297 necessario
2795 2242 3021 2298 ancillas
3053 2242 3281 2298 comites
3307 2242 3505 2308 habet;
3541 2241 3747 2296 etenim
3777 2238 3874 2292 Ec-

2300 2332 2464 2387 clesia
2497 2349 2591 2403 per
2624 2333 2782 2388 [idem
2812 2334 2866 2388 in
2901 2335 3211 2401 Christum,
3251 2345 3305 2388 ct
3339 2349 3432 2403 per
3460 2334 3785 2388 eharitatem
3825 2331 3874 2383 iu

2300 2421 2470 2477 Deum
2517 2423 2767 2479 confessa
2819 2425 3012 2494 recipit
3046 2424 3344 2479 lavacrum.
3384 2442 3402 2476 ι
3443 2422 3588 2478 Hinc
3619 2419 3873 2492 Baptistui

2298 2513 2525 2568 comites
2552 2513 2684 2569 fides
2714 2523 2767 2569 et
2793 2514 3054 2571 charitas.
3808 2598 3815 2601 Α

2356 2602 2582 2672 Oleum,
2608 2615 2763 2676 atque
2783 2608 2959 2660 unctio
2991 2608 3045 2660 in
3066 2606 3435 2677 Baptismo.—
3453 2605 3663 2662 Eodem
3686 2605 3738 2658 in
3761 2603 3872 2658 loco

2299 2694 2357 2751 S.
2386 2694 2706 2769 Hippolytus
2756 2699 2896 2755 inter
2922 2700 3061 2755 ritus
3105 2698 3161 2754 in
3209 2699 3493 2769 Baptismo
3552 2696 3870 2755 conferendo

2298 2787 2540 2843 adhiberi
2577 2790 2768 2846 solitos
2818 2800 3066 2847 recenset
3111 2793 3290 2847 oleum
3337 2800 3507 2862 atque
3544 2793 3866 2847 unctionem.

2299 2879 2500 2934 Scribit
2550 2882 2697 2936 enim
2746 2883 2802 2937 in
2869 2898 3089 2938 versum
3144 2883 3211 2938 i7
3287 2882 3533 2941 Danielis
3572 2901 3585 2936 :
3627 2883 3868 2950 Dixitque

2296 2971 2754 3042 puellis:A/7’erte
2802 2976 2932 3029 mihi
2983 2974 3157 3030 oleum
3214 2992 3237 3033 :
3291 2994 3311 3027 ι
3365 2974 3608 3031 Proinde
3659 2974 3788 3029 fides
3818 2979 3867 3026 et

2299 3064 2557 3129 Charitas,
2608 3065 2789 3121 oleum
2843 3075 2897 3121 et
2953 3075 3253 3137 smegmata
3301 3067 3617 3122 lavantibus
3644 3070 3863 3143 .parant.

2296 3156 2556 3223 Quasnam
2580 3172 2709 3211 vero
2730 3169 3051 3228 smegmata,
3076 3156 3183 3212 nisi
3206 3155 3362 3212 Verbi
3380 3157 3682 3213 mandata?
3704 3152 3868 3220 Quodo

2296 3267 2422 3306 nam
2457 3258 2638 3303 autem
2664 3250 2866 3313 oleum,
2898 3250 3004 3305 nisi
3045 3250 3215 3305 virtus
3246 3248 3483 3319 Spiritus
3507 3248 3719 3306 sancti?
3749 3244 3868 3316 qui-

2296 3344 2399 3402 bus
2425 3357 2546 3416 post
2567 3346 2845 3399 lavacrum
2875 3352 3132 3413 tanquam
3158 3352 3435 3412 unguento
3466 3342 3658 3398 ﬁdeles
3680 3353 3865 3411 perun—

2297 3449 2518 3509 guntur.
2553 3437 2762 3491 Cuncta
2793 3437 2908 3493 haec
2952 3453 3048 3509 per
3077 3439 3293 3493 beatam
3329 3435 3644 3492 Susannam
3699 3429 3860 3489 nostri

2294 3544 2461 3586 causa
2489 3531 2865 3603 ﬁgurahantur
2891 3544 2906 3583 :
2935 3546 3004 3585 ne
3034 3529 3198 3584 modo
3235 3528 3462 3593 scilicet,
3486 3530 3585 3602 qui
3620 3528 3730 3583 Deo
3749 3539 3860 3581 cre-

2294 3623 2498 3691 dimus,
2540 3639 2606 3679 ea
2640 3640 2766 3694 qua:
2814 3621 3283 3692 inpraesentiarum
3327 3621 3383 3676 in
3426 3620 3676 3677 Ecclesia
3716 3619 3860 3679 fiunt,

2298 3722 2558 3785 tanquam
2586 3730 2721 3770 nova
2749 3729 2812 3769 ac
2845 3713 3129 3783 peregrina
3157 3712 3561 3769 existimemus.
3593 3731 3613 3766 ι

2371 3806 2592 3876 Tempus
2621 3805 2920 3860 celebrandi
2937 3804 3321 3862 solemnitatem
3337 3805 3664 3877 paschalem.
3691 3833 3757 3844 —-
3772 3797 3854 3854 Sec

2293 3898 2473 3953 cundo
2495 3896 2660 3952 tradit
2685 3897 2775 3953 hic
2800 3908 3047 3954 vetustus
3072 3897 3334 3961 Ecclesiae
3371 3896 3555 3964 Pater,
3591 3889 3861 3949 Paschatis

2294 3987 2695 4043 solemnitatem
2724 3989 2988 4045 celebrari
3017 3990 3273 4046 debuisse
3311 3987 3600 4044 Dominica
3633 3994 3749 4057 post
3773 3982 3857 4036 de-

2292 4078 2490 4132 cimam
2527 4089 2777 4149 quartam
2816 4080 3000 4135 lunam
3028 4080 3237 4147 Martii,
3292 4079 3399 4134 nisi
3426 4079 3639 4135 decima
3680 4081 3857 4147 quarta

2288 4168 2417 4224 luna
2462 4169 2723 4225 incideret
2760 4171 2814 4226 iu
2861 4172 3004 4227 diem
3058 4171 3318 4238 Sahbati;
3350 4186 3461 4241 quo
3490 4185 3625 4225 sane
3657 4169 3711 4222 in
3738 4176 3856 4219 casu

2285 4257 2443 4328 juxta
2469 4259 2721 4314 eumdem
2750 4260 3012 4316 celebrari
3049 4278 3156 4317 non
3183 4261 3414 4317 debebat
3436 4259 3610 4316 festus
3636 4254 3857 4311 Pascha-

2288 4351 2360 4407 tis
2399 4351 2518 4408 dies
2554 4351 2837 4408 Dominica
2865 4354 3133 4423 sequenti,
3167 4354 3263 4410 sed
3293 4353 3579 4409 transferri
3614 4354 3665 4407 in
3706 4349 3853 4403 aliam

2290 4444 2709 4515 subsequentem
2741 4444 3104 4512 Dominicam,
3144 4462 3212 4501 ue
3244 4445 3414 4502 festus
3447 4447 3536 4501 hic
3573 4446 3688 4501 dies
3726 4439 3852 4495 celei

613 4542 828 4596 semper
859 4530 1122 4586 nascitur.
1164 4552 1183 4584 ι
1228 4533 1372 4590 Idem
1407 4533 1466 4589 S.
1505 4534 1664 4594 Pater
1693 4541 1746 4597 iu
1784 4551 2015 4599 tractatu
2064 4562 2187 4616 per—
2221 4533 2262 4588 D
2291 4537 2541 4591 brarelu"
2586 4537 2773 4592 θοάθη)
2825 4538 2929 4605 die,
2991 4553 3102 4607 (ιυο
3158 4537 3423 4594 Dominus
3471 4545 3659 4593 ηοδίθτ
3708 4532 3853 4586 Iesus

613 4617 762 4673 brevi
790 4619 864 4674 De
894 4619 1141 4677 Susanna
1173 4628 1360 4685 multis
1396 4631 1562 4687 etiam
1593 4635 1849 4701 ostendit,
1877 4634 2188 4693 Susannam

611 4710 843 4779 figuram
864 4714 1103 4784 gessisse
1130 4716 1405 4777 Ecclesiae.
1440 4721 1495 4777 In
1533 4740 1695 4795 opere
1728 4743 1858 4783 vero
1895 4728 1969 4783 De
2018 4731 2189 4785 tradi-

611 4806 750 4862 tione
768 4811 1123 4878 apostolorum
1141 4815 1316 4879 docet,
1332 4832 1560 4873 numero
1582 4819 1669 4882 19,
1685 4821 1827 4890 apud
1842 4819 2186 4878 Gallandium

609 4909 759 4955 tomo
778 4901 1174 4962 "Bibliotheca:
1201 4907 1445 4978 Patrum,
1472 4910 1727 4967 columna
1754 4913 1879 4981 507,
1904 4916 2179 4986 quodnam

712 5018 759 5048 ”
797 5018 933 5074 Dan.
976 5038 1097 5088 xm,
1141 5023 1226 5080 15.

681 5154 798 5240 (58ξ
836 5154 993 5222 Quod
1036 5157 1136 5240 sio
1165 5159 1385 5240 lavacro
1436 5167 1865 5240 regenerationis
1905 5182 2185 5240 comparet

607 5221 966 5307 Hippolytus,
1003 5228 1136 5282 nihil
1190 5231 1335 5307 aliud
1383 5221 1725 5307 cgminpdius
1773 5221 1883 5293 uno
1914 5221 2179 5307 unus;

605 5310 717 5382 quo
741 5298 820 5376 sic
849 5299 1138 5382 capiuntur
1169 5301 1370 5382 pisces,
1410 5300 1642 5382 étﬂcujus
1671 5309 2010 5377 metaphora,
2045 5298 2182 5382 prae-'-

608 5366 808 5445 dicatio
832 5370 1146 5445 evangelica
1171 5366 1391 5427 'Proclo
1413 5416 1427 5437 ,
1458 5366 1875 5444 Chiysostomo,
1905 5366 2060 5445 etc...
2088 5366 2182 5438 de-

607 5433 867 5515 claratur.
903 5433 1242 5515 Ejusitaque
1274 5433 1449 5510 navis,
1473 5433 1595 5513 qua?
1618 5433 1984 5515 Ecclesia'est,
2003 5433 2180 5508 linum

609 5505 888 5585 capiendis
915 5505 1225 5585 pisciculis,
1252 5522 1304 5567 et
1337 5522 1395 5568 ut
1424 5505 1537 5585 jam
1577 5515 1783 5572 Christi
1829 5536 1893 5575 ac
1926 5505 2184 5578 Ecclesia;

611 5576 853 5629 membra
884 5576 992 5633 sint
1019 5591 1170 5635 extra
1193 5584 1382 5655 mutuli
1415 5576 1630 5655 profani
1656 5589 2006 5650 salsedinetu.
2030 5576 2181 5648 lava:

607 5658 762 5698 rerum
801 5657 885 5702 est
918 5652 1374 5723 regenerationis,
1415 5652 1531 5727 quo
1565 5658 1644 5713 sic
1672 5656 1894 5716 Christo
1935 5663 2183 5734 incorpo-

607 5727 814 5770 razuur.

2291 4629 2543 4685 Christus
2578 4638 2830 4685 mortuus
2868 4638 2951 4686 est
2981 4630 3114 4699 (4‘2).
3418 4720 3421 4721 ν
3594 4719 3603 4721 _
3703 4715 3715 4721 _
3778 4710 3789 4721 ,

2360 4721 2545 4777 Tertio
2580 4723 2736 4778 docet
2762 4724 3078 4778 solvendum
3120 4737 3241 4779 esse
3272 4715 3748 4791 Quadragesimale
3771 4715 3849 4780 je—

2283 4813 2501 4886 junium
2534 4814 2814 4870 Dominica
2843 4815 3157 4871 Paschatis:
3183 4833 3202 4867 r
3233 4813 3455 4869 Solvere
3486 4823 3670 4868 autem
3701 4817 3851 4876 opor-

2290 4915 2365 4963 tet
2389 4907 2680 4978 jejunium,
2715 4907 2808 4963 ubi
2840 4906 3126 4963 Dominica
3152 4906 3405 4961 inciderit
3428 4905 3561 4977 (45).
3593 4922 3615 4955 ι

2361 5185 2474 5255 (59)
2516 5185 2669 5240 Remi
2696 5185 2932 5253 Ceillier,
2971 5183 3110 5239 Hist.
3153 5184 3328 5255 génir.
3350 5183 3439 5239 des
3471 5192 3703 5246 auteurs,
3720 5184 3843 5231 tom.

2289 5252 2507 5379 ΙΙ,
2538 5257 2663 5311 571.
2958 5326 2968 5338 ,
3155 5252 3171 5255 ⁷
3287 5327 3296 5336 _

2362 5326 2379 5398 (
2419 5327 2475 5392 θ)
2514 5326 2573 5398 δέ
2607 5324 3140 5398 Hippolyt.,Al|h._De
3171 5325 3442 5390 Antrchr.,
3476 5339 3627 5398 num:

2363 5382 2957 5474 itii_1d.,_iiac{.__be
3020 5396 3303 5474 ξᾳςαηηα,
3372 5382 3526 5474 spati
3580 5382 3841 5474 causing.

2293 5465 2426 5553 tom.
2462 5465 2755 5553 "Aeolum.
2799 5466 2906 5521 M5
2937 5474 2993 5521 et
3020 5465 3163 5536 444,;
3185 5475 3238 5523 et
3260 5465 3670 5551 apudFahric.,
3716 5465 3838 5512 tom.

2289 5536 2331 5604 l,
2371 5550 2491 5605 pag.
2521 5537 2647 5590 275.

2362 5606 2475 5678 (42)
2514 5604 2621 5678 _ld.,
2655 5605 2728 5659 De
2741 5605 2898 5678 rgclo
2931 5607 3112 5677 pascit.

2363 5675 2475 5747 (is)
2513 5676 2680 5744 Idem,
2710 5675 2840 5732 me.
