4074 6388
1230 401 1317 461 DE
1355 402 1512 459 VITA
1550 402 1638 458 ET
1680 401 1992 460 SCRIPTIS
2033 403 2090 458 S.
2134 400 2527 460 HIPPOLYTI.

1539 647 1922 740 CAPUT
2012 646 2206 733 ΙΙΙ.

227 823 617 889 JUDICIUM
670 825 780 889 DE
832 828 897 891 S.
954 824 1398 890 HIPPOLYTI
1460 824 1843 900 INGENIO,
1922 800 2423 886 EBUDPI'IONE
2502 822 2605 884 AC
2662 823 2927 886 STYLO
3012 825 3121 889 DE
3154 828 3512 896 EIUSDEM

829 934 1328 999 EBRORIBUS.
1388 930 1891 1004 OPERUMQUE
1947 928 2302 991 EIUSDEM
2363 927 2899 991 EDITIONIBUS.

792 1079 1191 1138 ARTICULUS
1230 1083 1275 1137 Ι.

308 1188 380 1228 νε
416 1188 652 1239 INGENIO,
696 1189 1023 1228 EBUDITIONE
1064 1190 1130 1230 AC
1167 1191 1334 1229 STYLO
1361 1189 1406 1229 S.
1451 1188 1755 1233 “IPPOLYTI.

303 1264 595 1319 Iudicium
622 1264 995 1321 Maurinorum
1013 1266 1076 1321 de
1098 1266 1328 1337 ingenio,
1355 1267 1671 1329 eruditione,
1703 1275 1826 1331 etc.,

228 1356 295 1413 S.
331 1358 643 1429 Hippolyti.
668 1389 738 1399 —
766 1358 978 1414 Eruditi
1016 1358 1278 1413 Historia:
1320 1357 1601 1414 litterario:
1639 1356 1830 1412 Gallia:

226 1464 502 1507 auctores
528 1452 598 1506 de
621 1452 795 1508 sancti
832 1451 1106 1523 Hippolyti
1146 1450 1467 1507 Portuensis
1495 1450 1717 1522 ingenio
1765 1464 1830 1504 ac

224 1544 553 1602 eruditione
574 1545 648 1599 ita
671 1545 1027 1614 pronuntiant
1053 1543 1203 1616 (44):
1259 1544 1399 1599 Cum
1440 1552 1669 1599 sanctus
1699 1540 1829 1611 Hipo

224 1637 459 1707 polytus
512 1645 623 1691 tam
674 1637 890 1703 multa,
941 1636 1402 1706 quemadmodum
1463 1636 1826 1699 ostendimus,

226 1729 638 1799 conscripserit
670 1744 858 1799 opera,
887 1745 996 1784 non
1023 1730 1342 1784 dubitamus
1369 1729 1502 1799 quin
1530 1729 1615 1784 vir
1659 1730 1828 1789 multa

224 1822 552 1877 eruditione
587 1820 768 1877 fuerit.
800 1820 977 1888 Quid?
1011 1822 1158 1892 quod
1191 1839 1293 1879 nos
1326 1823 1561 1879 necdum
1606 1822 1660 1876 in
1706 1838 1829 1877 om-

226 1915 414 1981 nium,
440 1931 566 1984 quae
594 1930 624 1970 e
660 1914 872 1969 calamo
900 1915 1019 1985 ejus
1046 1915 1272 1980 ﬂuxere,
1306 1930 1533 1985 operum
1578 1917 1825 1973 notitiam

226 2007 577 2077 pervenisse,
598 2007 771 2061 multo
792 2016 975 2061 autem
1004 2007 1188 2061 minus
1217 2005 1306 2060 illa
1331 2007 1516 2061 omnia
1537 2014 1592 2061 et
1615 2008 1827 2079 singula

225 2099 533 2154 adnotasse
560 2098 910 2154 arbitremur.
944 2096 1059 2154 Hoc
1094 2098 1286 2153 saltem
1333 2107 1549 2154 consmt
1580 2100 1824 2167 omnino,

225 2191 381 2263 quod
408 2193 622 2247 nullum
646 2191 971 2248 eruditionis
995 2192 1379 2265 ecclesiasticae
1409 2199 1538 2246 tunc
1570 2194 1828 2263 temporis

231 2284 406 2339 fuerit
431 2300 606 2354 genus
623 2324 639 2348 ,
669 2285 745 2341 de
766 2300 876 2354 quo
900 2299 1010 2339 non
1051 2283 1255 2353 aliquid
1278 2285 1481 2353 scripto
1511 2285 1825 2355 reliquerit;

231 2376 372 2431 adeo
404 2385 466 2431 ut
483 2376 691 2445 optimo
719 2376 844 2446 jure
869 2375 1151 2430 sistendus
1178 2392 1209 2430 a
1241 2376 1399 2430 nobis
1429 2375 1530 2432 hoc
1551 2377 1674 2433 loco
1697 2392 1827 2433 san-

228 2477 359 2524 ctus
394 2466 724 2537 Hippolytus
744 2474 889 2522 esset
916 2466 1078 2521 veluti
1110 2481 1393 2522 sacrarum
1417 2467 1718 2523 litterarum
1744 2469 1824 2522 in-

234 2568 475 2628 terpres,
505 2558 815 2624 canonista,
840 2556 1149 2629 theologus,
1179 2559 1622 2623 controversista,
1659 2560 1831 2615 histo-

230 2651 415 2715 ricus,
449 2650 845 2721 chronologus,
887 2656 1074 2706 orator
1096 2657 1260 2720 atque
1280 2660 1441 2721 poeta
1458 2650 1827 2707 Christianus.

229 2735 481 2792 Sanctus
507 2752 726 2807 quoque
762 2736 1124 2811 Hieronymus
1154 2738 1267 2811 (45)
1300 2755 1410 2795 non
1437 2740 1653 2795 dubitat
1699 2755 1829 2794 san-

229 2836 387 2882 ctum
423 2838 671 2885 nostrum
707 2846 803 2886 eos
830 2831 973 2886 inter
997 2831 1262 2888 Ecclesiae
1291 2831 1481 2887 Patres
1505 2846 1789 2887 recensere
1812 2871 1828 2897 ,

236 2938 259 2972 ι
290 2920 391 2989 qui
414 2919 472 2975 in
508 2929 719 2975 tantum
753 2922 951 2992 (verba
976 2932 1105 2978 sunt
1131 2922 1374 2978 doctoris
1415 2922 1680 2990 maximi)
1707 2923 1829 2992 phi~

233 3011 603 3081 losophorum
644 3015 911 3070 doctrinis
945 3024 1107 3086 atque
1150 3013 1439 3070 sententiis
1489 3030 1620 3071 suos
1648 3031 1831 3070 resar-

230 3104 397 3159 ciuot
426 3104 625 3169 libros,
658 3115 720 3160 ut
748 3107 967 3162 nescias
1014 3107 1145 3177 quid
1172 3106 1224 3160 in
1252 3106 1357 3162 illis
1385 3107 1621 3175 primum
1652 3107 1829 3161 admi-

234 3194 359 3250 rari
383 3196 612 3263 debeas,
640 3198 1011 3255 eruditionem
1046 3198 1251 3266 saeculi,
1274 3213 1344 3254 an
1369 3199 1654 3255 scientiam
1685 3198 1832 3255 Scri-

232 3288 560 3358 pturarum.
603 3306 622 3340 ι

315 3376 616 3433 Maximam
644 3394 767 3435 esse
797 3383 940 3435 inter
980 3380 1286 3437 doctrinam
1335 3382 1511 3437 sancti
1560 3380 1832 3453 Hippolyti

232 3467 420 3520 nostri
454 3475 509 3520 et
551 3466 699 3522 illam
731 3468 844 3522 divi
870 3466 1058 3525 Irenaai
1107 3470 1195 3526 sui
1235 3472 1482 3541 magistri
1515 3471 1833 3526 consensio-

235 3572 369 3612 nem
404 3573 473 3612 ex
521 3557 611 3623 iis,
663 3574 786 3629 qua‘.
818 3576 983 3631 supra
1008 3562 1077 3616 de
1105 3562 1341 3618 residuis
1382 3563 1531 3618 illius
1574 3564 1833 3632 operibus

234 3648 673 3719 disputavimus,
709 3648 869 3705 facile
907 3651 1275 3721 deprehendet
1322 3653 1601 3708 studiosus
1629 3654 1831 3723 .lector.

236 3740 431 3796 Causa
460 3756 590 3797 vero
623 3742 790 3810 hujus
843 3745 1225 3801 consensionis
1268 3743 1614 3817 nequaquam
1650 3754 1831 3802 tamen
1863 3774 1905 3829 ρ

238 3832 298 3889 in
333 3833 484 3888 illius
530 3834 922 3904 discipulatum
981 3838 1139 3894 unice
1195 3837 1536 3896 refundenda
1570 3828 1837 3908 est;'sed

237 3924 595 3995 potissimum
648 3927 815 3981 etiam
842 3928 965 3991 .hoc
996 3929 1144 3984 illius
1197 3944 1427 3985 summa:
1477 3930 1837 3988 sollicitudini

240 4016 660 4085 ascribendum,
712 4034 877 4088 quam
933 4019 1246 4083 adhibebat,
1301 4036 1371 4075 ne
1419 4022 1503 4076 vel
1546 4022 1834 4077 minimum

244 4107 576 4179 quidquam,
604 4110 753 4189 quod
787 4110 857 4165 ab
881 4111 1325 4167 antecessoribus
1359 4112 1479 4168 suis
1531 4123 1834 4183 acceperat,

244 4200 565 4259 immutaret
595 4202 728 4273 (46).

318 4292 797 4371 Quemadmodum
845 4304 1026 4350 autem
1083 4294 1141 4351 S.
1204 4297 1444 4352 Irenaeus
1495 4296 1859 4353 divinitatem-

246 4380 416 4438 Verbi
448 4384 638 4439 aterni
672 4394 783 4440 tam
813 4387 990 4442 valide
1037 4403 1101 4442 ac
1132 4387 1332 4443 invicte
1382 4387 1748 4455 confirmavit,
1777 4399 1838 4444 ut

245 4475 409 4546 pauci
441 4477 669 4532 omnino
700 4479 877 4534 sancti
905 4477 1098 4534 Patres
1130 4480 1364 4535 concilio
1397 4474 1618 4536 Nic'aeno
1655 4492 1839 4552 poste-

247 4565 429 4621 riores
478 4565 547 4621 de
602 4567 706 4623 hoc
745 4568 1027 4639 religionis
1080 4571 1346 4642 mysterio
1400 4572 1621 4643 dignius
1670 4573 1837 4628 locuti

246 4652 491 4723 fuerint;
523 4657 604 4712 sic
628 4656 743 4714 fere
766 4659 975 4723 omnia,
1003 4676 1126 4731 qua:
1166 4671 1451 4732 superant,
1487 4664 1662 4719 sancti
1707 4662 1840 4734 Hip-

246 4745 422 4818 polyti
474 4749 679 4819 scripta
715 4750 956 4807 testibus
985 4763 1235 4809 conserta
1281 4763 1445 4818 sunt,
1489 4756 1691 4824 quibus
1722 4757 1838 4812 hac

249 4837 502 4895 doctrina
534 4840 843 4897 clarissime
874 4843 1168 4900 stabilitur.
1223 4844 1363 4901 Hinc
1413 4846 1665 4916 judicare
1714 4849 1841 4905 licet

323 4998 445 5076 ραι)
488 4998 730 5076 Histoire
751 4999 1016 5057 litteram
1036 5001 1101 5057 de
1120 5000 1176 5057 la
1212 4999 1440 5071 France,
1480 5013 1614 5058 tom.
1646 5003 1684 5070 Ι,
1712 5021 1834 5076 pag.

252 5069 360 5127 397
381 5069 436 5125 et
459 5072 602 5125 suiv.

326 5122 940 5226 (ιὲδηξξνιιξςςρηγμῃη
983 5144 1142 5224 epist.
1185 5144 1251 5226 ad
1302 5143 1555 5226 Magnum
1588 5148 1835 5214 {orator.,
1871 5122 1915 5189 D

252 5211 531 5274 num.’70,
563 5226 615 5279 p.
639 5211 745 5265 450
782 5211 912 5267 edit.
944 5211 1150 5270 noviss.
1187 5211 1587 5279 Venet.,'in-4.

254 5279 642 5408 5-(ﬁgzndgttd
671 5280 914 5357 Fabric.,
956 5286 1093 5359 Opp.
1121 5283 1396 5357 Hippolyt.
1449 5294 1583 5340 tom.
1624 5286 1664 5352 Ι,
1712 5302 1835 5358 pag.

292 5395 309 5420 ,
344 5369 500 5408 num.
527 5369 585 5407 z.

324 5424 442 5498 (ῃ)
478 5423 672 5498 $_and.,
703 5421 851 5478 Hist.
879 5422 1085 5489 eccles.,
1110 5424 1202 5478 lib.
1231 5440 1268 5488 ι,
1294 5442 1416 5498 pag.
1445 5425 1534 5480 98.

326 5494 444 5565 (48)
483 5494 645 5547 Circa
678 5503 1091 5565 annnnrtamen
1122 5494 1335 5562 aetatis,
1370 5494 1489 5563 'quo
1522 5511 1716 5565 passus
1753 5508 1838 5553 est

255 5562 533 5627 Christus,
567 5564 761 5637 maluit
792 5563 850 5619 S.
884 5562 1204 5635 Hippolytus
1228 5567 1296 5621 ab
1326 5562 1537 5620 Irenmo
1574 5568 1838 5637 magistro

257 5650 359 5689 suo
397 5634 699 5705 discedere,
751 5650 916 5705 quam
967 5650 997 5688 a
1042 5634 1319 5690 cummuui
1369 5634 1835 5693 sententiafNam

258 5705 557 5774 scripserat
600 5704 843 5777 lrenaaus
882 5720 1107 5775 passum
1135 5721 1257 5777 esse
1286 5705 1562 5764 Christum
1596 5709 1836 5777 quadra-

259 5776 485 5846 genario
507 5774 768 5843 majorem
793 5774 897 5829 Iib.’
920 5791 956 5828 ll
991 5777 1109 5828 adv.
1149 5776 1358 5842 haeres,
1380 5793 1500 5846 cap.
1530 5774 1630 5832 22:
1657 5775 1834 5831 Econ-

262 5857 341 5901 tra
372 5844 700 5917 Hippolytus
722 5846 777 5901 in
806 5847 1249 5918 interpretatione
1278 5847 1334 5905 in
1358 5844 1658 5916 Danielem,
1676 5863 1832 5906 num.

1862 1088 1907 1140 Α
1934 1080 2001 1134 de
2026 1078 2401 1149 magnitudine
2434 1078 2671 1149 injuriae,
2701 1094 2868 1149 quam
2894 1091 3086 1137 sancto
3108 1092 3301 1138 nostro
3329 1084 3516 1141 intulit

1935 1170 2171 1227 Sandius
2202 1172 2337 1242 (47),
2362 1171 2492 1226 dum
2529 1172 3035 1228 eumdem‘accusat
3057 1216 3073 1240 ,
3101 1175 3259 1244 quasi
3292 1178 3516 1246 opposi-

1933 1274 2043 1319 tam
2064 1263 2390 1319 sententiam
2423 1263 2712 1318 tenuisset.
2752 1260 2859 1319 Sed
2895 1263 2965 1318 ab
3006 1265 3106 1321 hac
3134 1264 3271 1321 falsa
3322 1268 3514 1321 crimi~

1930 1357 2153 1411 natione
2199 1356 2269 1410 cl.
2306 1354 2496 1410 Bullus
2532 1355 2642 1427 (48)
2690 1357 2942 1412 eumdem
2973 1365 3085 1411 tam
3130 1358 3289 1426 plene
3317 1373 3382 1412 ac
3416 1374 3515 1414 cn-

1931 1447 2135 1501 mulate
2164 1446 2482 1511 vindicavit,
2516 1455 2577 1501 ut
2604 1447 2753 1502 nulla
2773 1447 3012 1517 supersit
3046 1447 3281 1518 amplius
3323 1449 3426 1504 hac
3457 1449 3514 1503 in

1931 1552 1991 1592 re
2020 1535 2331 1593 diﬁicultas.

2002 1629 2230 1700 Insuper
2276 1638 2500 1686 sanctus
2543 1627 2863 1701 Hippolytus
2894 1630 2978 1685 sui
3008 1630 3253 1701 magistri
3295 1639 3517 1687 secutus

1930 1734 2014 1780 est
2039 1724 2343 1780 doctrinam
2377 1723 2429 1777 in
2461 1723 2784 1779 stabilienda
2832 1723 3141 1799 animarum
3190 1723 3516 1778 immortali-

1930 1823 2040 1870 tate
2084 1830 2150 1871 ac
2200 1830 2493 1886 corporum
2532 1816 2955 1871 resurrectione.
2988 1814 3121 1870 Dure
3148 1816 3235 1869 hae
3260 1816 3519 1871 veritates

1930 1907 2212 1977 religionis
2239 1906 2564 1963 Christianae
2593 1922 2692 1963 sua
2722 1914 2881 1962 aetate
2908 1904 3215 1975 praeprimis
3252 1907 3521 1962 acerrime

1930 2000 2261 2070 impugnata
2305 1997 2548 2053 fuerunt.
2578 1997 2903 2068 Opinionem
2947 1997 3014 2051 de
3062 1998 3517 2068 metempsychosi

1929 2091 2091 2145 etiam
2116 2090 2333 2156 evertit,
2364 2098 2527 2160 atque
2549 2089 2937 2145 auctoritatem
2968 2089 3348 2160 Apocalypsis,
3375 2090 3523 2145 velut

1930 2182 2153 2253 genuini
2184 2180 2416 2237 Joannis
2454 2182 2800 2252 evangelista:
2833 2181 3046 2250 scripti,
3075 2180 3339 2236 defendit.
3372 2181 3520 2247 Quin

1928 2289 1994 2329 eo
2019 2274 2182 2330 etiam
2209 2274 2500 2344 processit,
2523 2281 2581 2327 ut
2606 2273 2930 2328 sententiam
2954 2288 3176 2342 quoque
3203 2273 3374 2338 illam,
3400 2287 3525 2343 qua:

1930 2376 2121 2424 sancte
2153 2366 2358 2423 lrenaao
2390 2366 2572 2437 quoad
2597 2364 2895 2436 Epistulam
2931 2367 2997 2420 ad
3033 2365 3288 2421 Hebrzeos
3320 2367 3523 2421 tribui-

1932 2468 2039 2524 tur,
2071 2460 2217 2529 quod
2262 2458 2523 2512 nimirum
2555 2472 2663 2511 non
2700 2456 2773 2511 sit
2805 2456 2916 2511 divi
2958 2455 3136 2521 Pauli,
3172 2457 3520 2527 amplexatus

1930 2550 2124 2618 fuerit;
2156 2565 2471 2622 quanquam
2517 2549 2765 2605 eamdem
2815 2557 2874 2603 ut
2922 2547 3259 2617 Scripturam
3308 2563 3521 2602 sacram

1931 2643 2254 2714 susceperit.
2297 2642 2379 2697 Ad
2409 2643 2525 2697 haec
2555 2640 2873 2696 verosimile
2901 2648 2986 2695 est
3023 2639 3376 2695 Portuensem
3408 2639 3524 2709 cpi-

1931 2747 2157 2802 scopum
2189 2733 2378 2788 saltem
2410 2748 2478 2788 ex
2507 2740 2661 2802 parte
2692 2730 2937 2802 opinioni
2967 2731 3075 2784 divi
3105 2729 3294 2785 [renati
3326 2745 3516 2786 acces-

1932 2826 2072 2881 sisse
2105 2825 2173 2882 de
2208 2835 2352 2881 statu
2386 2826 2699 2880 animarum
2721 2832 2846 2894 post
2874 2834 3131 2891 mortem,
3160 2832 3215 2877 et
3254 2824 3322 2878 de
3350 2822 3522 2877 dura-

1933 2918 2081 2971 tione
2130 2918 2346 2983 mundi,
2395 2932 2560 2987 quam
2597 2926 2827 2986 uterque
2856 2916 3064 2970 exactis
3112 2930 3208 2970 sex
3255 2928 3522 2969 annorum

1935 3008 2177 3063 millibus
2206 3009 2540 3063 statuebant.

2002 3101 2073 3156 At
2116 3101 2440 3171 magistrum
2472 3116 2633 3156 suum
2666 3102 2720 3155 in
2753 3099 2941 3156 studio
2983 3096 3404 3168 interpretanda:
3435 3112 3527 3153 sa-

1935 3209 2044 3250 crae
2065 3193 2363 3262 Scriptura:
2386 3192 2662 3249 indefesso
2683 3191 3017 3257 antecelluit,
3044 3191 3275 3261 indeque
3301 3190 3522 3260 planum

1934 3283 2086 3350 fecit,
2119 3283 2267 3354 quod
2303 3297 2588 3338 sacrorum
2629 3283 2895 3337 librorum
2929 3280 3341 3351 intelligentiam
3380 3279 3528 3333 velut

1937 3392 2052 3432 rem
2087 3376 2290 3432 summi
2325 3377 2589 3430 momenti
2621 3376 2689 3431 ad
2721 3375 3039 3446 religionem
3067 3382 3272 3429 sartam
3300 3380 3527 3427 tectam-

1935 3485 2043 3540 que
2095 3467 2418 3525 servandam
2473 3467 2863 3524 consideravit.
2921 3465 3049 3521 Haec
3107 3465 3281 3536 gloria
3334 3472 3527 3520 sancto

1936 3559 2230 3631 Hippolyto
2276 3568 2467 3619 nostro
2511 3558 2762 3623 debetur,
2793 3558 2940 3628 quod
2980 3557 3187 3627 primas
3222 3557 3365 3611 inter
3398 3571 3530 3611 san-

1936 3659 2056 3706 ctos
2081 3649 2289 3715 Patres,
2322 3648 2415 3718 qui
2468 3651 2522 3702 in
2574 3648 2757 3717 plures
2806 3661 2979 3703 sacrae
3021 3645 3319 3717 Scriptura:
3356 3646 3528 3701 libros

1937 3742 2290 3799 commentati
2340 3741 2564 3807 fuerint,
2592 3739 2829 3795 tenuerit
2869 3748 3090 3810 partes;
3124 3740 3378 3809 quodque
3412 3738 3530 3808 ipse

1940 3832 2295 3889 incitamento
2344 3847 2409 3886 ac
2456 3831 2708 3901 exemplo
2758 3828 2925 3884 fuerit
2974 3845 3173 3900 magno
3212 3827 3431 3899 Origeni
3461 3828 3528 3885 ad

1940 3925 2347 3995 suscipiendum
2398 3923 2641 3978 laborem
2700 3920 2965 3976 Ecclesia:
3020 3930 3129 3974 tam
3198 3920 3525 3989 proficuum.

1940 4015 2242 4071 Fatendum
2291 4014 2455 4069 etiam
2498 4011 2686 4082 quod,
2743 4010 2980 4081 Origene
3027 4019 3291 4079 excepto,
3345 4009 3529 4064 nullus

1942 4105 2044 4162 SS.
2075 4104 2296 4159 Patrum
2347 4103 2468 4172 plus
2514 4115 2696 4171 opera:
2750 4100 2962 4155 dederit
3016 4099 3198 4155 sensui
3231 4098 3528 4167 allegorice

1938 4214 2102 4269 quam
2135 4205 2358 4253 sanctus
2385 4194 2730 4265 Hippolytus.
2765 4190 2942 4260 Hujus
2970 4191 3046 4245 rei
3084 4203 3216 4245 sane
3245 4189 3528 4244 convinci-

1941 4304 2066 4342 mur
2097 4303 2162 4341 ex
2196 4284 2441 4355 reliquiis
2475 4283 2720 4352 ejusdem
2768 4279 3289 4336 commentariorum
3336 4280 3391 4335 in
3440 4295 3529 4335 sa-

1939 4395 2062 4437 cras
2091 4379 2320 4433 litteras.
2352 4375 2580 4430 Photius
2606 4373 2719 4445 (49)
2744 4387 2964 4443 quoque
2995 4370 3251 4427 observat
3274 4372 3527 4427 eumdem

1940 4472 2234 4543 protulisse
2262 4469 2559 4527 sententias
2592 4470 2659 4521 ad
2684 4464 2930 4520 veritatis
2955 4464 3143 4519 limam
3181 4464 3365 4520 minus
3392 4479 3527 4519 exa-

1939 4571 2096 4628 ctas;
2139 4560 2233 4617 sed
2295 4560 2412 4614 haec
2454 4557 2686 4613 Photius
2733 4555 2986 4625 intelligit
3029 4555 3097 4611 de
3137 4570 3200 4610 ea
3249 4555 3529 4625 diligentia

1939 4664 1994 4710 et
2021 4669 2174 4718 cura,
2200 4667 2324 4722 qua:
2354 4650 2590 4723 primum
2634 4648 2801 4719 longo
2836 4656 3083 4717 tempore
3128 4655 3253 4718 post
3286 4655 3527 4713 aetatem,

1940 4761 2045 4817 qua
2095 4754 2319 4803 sanctus
2361 4750 2545 4799 noster
2593 4741 2911 4813 scripserat,
2946 4740 3188 4797 innotuit
3235 4749 3401 4812 atque
3432 4739 3533 4795 ob-

1941 4845 2158 4892 servata
2193 4833 2313 4889 fuit.

1939 5014 2012 5081 4,
2047 5012 2160 5068 ait:
2204 5032 2222 5064 ι
2256 5010 2460 5067 Passus
2493 5027 2619 5081 vero
2651 5017 2737 5066 est
2764 5024 2910 5065 anno
2946 5008 3225 5081 tricesimo
3262 5006 3442 5061 tertio.
3481 5022 3516 5081 _r

2018 5084 2130 5155 (49)
2177 5101 2194 5134 ι
2226 5082 2395 5155 Lecta
2422 5090 2507 5155 est
2538 5079 2820 5155 Hippolyti
2874 5079 3113 5155 episcopi
3164 5086 3250 5155 ct_
3271 5074 3528 5146 martyris

1944 5146 2317 5223 interpretatio
2365 5146 2821 5221 Danielisfquém
2866 5146 2971 5223 etsi
3024 5146 3089 5223 ad
3139 5146 3365 5202 verbum
3419 5160 3529 5199 non

1942 5218 2200 5295 explicat,
2231 5223 2556 5295 sententiam
2593 5218 2888 5295 tamen,_ut
2924 5220 2996 5273 ita
3025 5218 3227 5282 dicam,
3260 5230 3367 5295 non
3399 5229 3531 5295 prte-

1942 5291 2218 5350 tercurrit.
2247 5294 2414 5348 Multa
2459 5307 2623 5364 porro
2655 5291 2825 5355 veteri
2872 5304 3049 5364 more,
3077 5302 3183 5340 non
3207 5293 3297 5364 “ut
3340 5294 3529 5354 postea

1942 5367 2093 5420 fuere
2143 5354 2480 5420 accuratius-
2505 5354 2758 5424 excussa,
2800 5354 3527 5429 persequitur._Quanquam

1942 5450 2131 5490 eorum
2162 5436 2314 5504 posci
2350 5435 2616 5489 rationem
2647 5424 2861 5504 :equu'm
2895 5424 3132 5504 nonest.
3166 5424 3354 5504 Neque
3379 5424 3527 5504 enim

1940 5506 2026 5562 fas
2055 5507 2123 5560 ab
2151 5496 2238 5572 iis,
2265 5506 2359 5576 qui
2384 5496 2738 5576 fundamenta
2766 5500 2844 5553 rei
2868 5497 3099 5567 alicujus
3131 5496 3527 5551 consideranda

1945 5575 2557 5648 posuerint,_rationem
2616 5579 2857 5648 repetere
2902 5582 3112 5648 eorum.
3158 5582 3279 5637 quae
3328 5576 3527 5648 praete-

1946 5636 2124 5712 riere;
2180 5636 2274 5701 sed
2330 5644 2514 5700 favere
2542 5636 2975 5712 potiusconatui
3013 5638 3137 5708 ipsi,
3172 5636 3526 5712 quantulum-

1944 5707 2159 5787 cunque
2191 5717 2245 5787 in
2274 5707 3019 5787 rerumcontemplandarum
3042 5707 3527 5779 comprehensione

1946 5780 2333 5858 processerint.
2362 5803 2383 5840 ι
2422 5783 2607 5853 Phot.,
2626 5780 2765 5859 _cod.
2793 5793 2919 5836 con.
