4074 6392
602 408 715 468 385

1586 403 1675 459 DE
1714 401 1878 459 VITA
1915 400 2003 456 ET
2044 399 2363 457 SCRlPTlS
2401 397 2461 456 S.
2495 395 2859 453 HIPPOLYTI

3755 395 3851 451 384

675 524 859 596 Stylus
906 524 1077 580 sancti
1120 522 1415 593 Hippolyti.
1454 552 1524 563 —
1571 520 1725 589 Quod
1777 530 1958 575 autem
2013 520 2188 575 sancti
2219 533 2263 586 Α
2298 542 2323 570 τ
2366 516 2441 571 hil
2495 515 2658 570 habet
2708 515 2946 578 irritum,
2979 510 3232 584 quamvis
3275 510 3325 566 ei
3369 510 3494 582 styli
3525 510 3853 572 Atheniensis

602 616 878 688 Hippolyti
930 615 1144 671 dicendi
1193 614 1577 684 scribendique
1620 612 1851 667 formam
1881 613 2186 679 concernit,

604 711 722 764 haec
767 723 958 762 omnes
1005 706 1257 761 amabilis
1287 705 1586 775 primorum
1623 704 1948 759 saeculorum
1975 703 2187 773 simpli—

601 798 783 853 citatis
810 811 921 867 prae
948 811 1007 850 se
1037 793 1140 849 lert
1165 796 1536 849 characteres.
1571 792 1686 849 Hac
1718 802 1895 848 tamen
1938 807 2049 848 non
2089 793 2189 848 ob-

602 902 778 946 stante
829 890 988 943 divus
1039 887 1407 959 Hieronymus
1441 902 1695 957 magnam
1722 886 2045 956 eloquentia:
2076 885 2186 941 vim

508 1031 529 1051 ,
602 991 792 1037 sancto
838 990 1024 1035 nostro
1077 980 1300 1035 ascribit
1331 979 1444 1047 (50)
1492 997 1505 1033 :
1557 979 1827 1048 siquidem
1878 977 2188 1047 eloquentia

601 1074 828 1128 multum
884 1072 1160 1126 sociabilis
1205 1080 1286 1126 est
1337 1087 1462 1125 cum
1523 1070 1893 1140 simplicitate,
1928 1085 2093 1139 quam
2132 1069 2186 1123 in

595 1161 719 1228 ejus
753 1158 972 1227 scriptis
999 1160 1437 1214 observavimus.
1467 1158 1786 1228 Eloquentia
1820 1159 1966 1213 enim
2002 1159 2046 1214 is
2070 1174 2188 1213 om-

599 1251 731 1310 nino
776 1251 939 1316 valet,
968 1266 1284 1320 quanquam
1331 1251 1567 1321 simplici
1615 1259 1800 1305 utatur
1834 1251 1995 1322 stylo,
2030 1251 2187 1321 quis-

595 1340 724 1411 quis
754 1350 876 1410 apte
903 1350 956 1394 et
978 1342 1224 1411 apposite
1251 1342 1317 1395 ad
1348 1341 1786 1411 persuadendum
1814 1342 2067 1406 disserit;
2098 1342 2188 1396 ille

598 1442 781 1488 autem
818 1436 1141 1502 persuadere
1181 1445 1379 1505 potest,
1410 1436 1503 1506 qui
1547 1437 1884 1505 argumentis
1918 1437 2090 1491 utitur
2120 1438 2187 1492 ad

598 1525 1026 1582 commovendos
1054 1536 1108 1581 ct
1135 1527 1409 1582 sedandos
1438 1527 1668 1582 affectus
1703 1530 1939 1583 maxime
1970 1544 2186 1585 accom-

600 1615 859 1671 tnodaﬁs.

669 1706 938 1761 Ca-terum
981 1709 1155 1778 stylus
1183 1708 1303 1777 ejus
1336 1715 1457 1762 erat
1484 1707 1688 1778 gravis,
1716 1707 1921 1771 clarus,
1958 1707 2186 1773 nitidus,

596 1798 874 1862 concisus,
911 1799 1195 1853 inutilibus
1237 1799 1399 1853 rebus
1444 1799 1669 1853 minime
1708 1799 1932 1854 omnino
1962 1798 2188 1853 intrica~

2295 627 2315 661 «
2364 608 2546 663 desint
2596 607 2832 677 lepores.
2881 603 2999 659 Non
3050 620 3179 658 vera
3227 606 3450 674 promit,
3481 612 3536 658 et
3589 604 3642 657 in
3675 606 3853 674 primis

2296 718 2316 753 «
2365 698 2618 770 Epistolte
2664 698 2732 752 ad
2786 697 3042 752 Hebraeos
3086 694 3316 751 Paulum
3363 712 3469 750 non
3516 710 3636 751 esse
3679 706 3854 752 aucto-

2295 811 2316 845 «
2364 809 2607 849 rema...
2627 791 2784 863 Apud
2810 791 3061 846 eumdem
3098 798 3378 844 auctorem
3410 788 3709 859 (Photium)
3736 788 3853 846 alibi

2294 884 2571 957 Hippolyti
2619 883 2997 940 commentarii
3042 882 3326 953 cujusdam
3375 882 3431 936 in
3486 881 3756 935 Daniclem
3801 883 3857 939 lit

2290 976 2548 1031 mentio:
2598 992 2617 1026 ι
2651 973 2879 1029 Etiamsi
2930 988 3038 1027 non
3093 973 3349 1042 explicet,
3399 972 3577 1041 inquit
3621 970 3852 1036 Pbotius,

2293 1068 2478 1123 «illum
2511 1066 2830 1136 prophetam
2858 1065 2925 1119 ad
2952 1065 3209 1129 litteram,
3242 1065 3419 1133 ipsum
3453 1073 3630 1118 tamen
3661 1065 3854 1119 nullum

2295 1159 2572 1213 «omittere
2598 1173 2841 1221 sensum,
2882 1158 3191 1227 priscorum
3238 1171 3393 1210 more
3421 1171 3511 1211 res
3556 1157 3818 1225 explicare
3839 1199 3854 1223 ,

2295 1264 2433 1304 «non
2459 1265 2586 1303 vero
2620 1250 2693 1304 ita
2726 1254 2999 1313 accurate,
3031 1259 3090 1304 ut
3118 1250 3316 1303 exinde
3349 1257 3479 1302 sunt
3497 1249 3781 1319 expositae;
3808 1259 3859 1303 at

2295 1356 2433 1396 «non
2462 1342 2582 1396 ideo
2594 1344 2842 1397 censoria
2858 1342 3083 1412 dignum
3111 1357 3231 1396 esse
3257 1342 3490 1409 virgula,
3510 1342 3639 1412 quia
3656 1356 3855 1410 aequum

2295 1451 2432 1487 «non
2462 1445 2544 1490 est
2591 1434 2661 1488 ab
2708 1435 2796 1495 iis.
2824 1433 2920 1503 qui
2965 1435 3209 1489 scientiae
3257 1433 3614 1488 fundamenta
3638 1434 3856 1503 jaciunt,

2297 1526 2543 1593 «exigere
2596 1533 2659 1579 ut
2689 1525 2825 1579 nihil
2866 1525 3156 1579 emittant:
3190 1536 3379 1580 contra
3426 1541 3557 1580 vero
3588 1541 3684 1581 eos
3715 1526 3858 1580 laude

2295 1616 2521 1685 «dignos
2541 1632 2688 1679 esse,
2720 1616 2865 1687 quod
2898 1617 3059 1686 primi
3095 1632 3183 1671 res
3212 1618 3548 1687 aperuerint,
3578 1629 3631 1672 et
3655 1618 3858 1673 invene-

2303 1708 2499 1762 «rint.»
2556 1707 2825 1762 Creterum
2871 1721 3098 1762 errasse
3161 1706 3512 1779 Hippolytum
3574 1726 3692 1764 cum
3748 1710 3856 1764 linis

2292 1798 2481 1852 mundi
2514 1807 2731 1867 tempus
2766 1799 2994 1853 delinire
3017 1799 3210 1865 voluit,
3243 1810 3298 1855 et
3326 1801 3649 1855 Antichristi
3680 1800 3857 1855 adven-

598 1900 710 1957 tus,
748 1901 912 1960 atque
963 1908 1243 1947 sacrarum
1296 1892 1702 1961 Scripturarum
1756 1891 2187 1961 interpretationi
2221 1885 2261 1939 Β
2292 1898 2405 1944 tum
2440 1906 2604 1961 quem
2632 1887 2796 1946 Iesus
2820 1891 2991 1945 voluit
3014 1893 3292 1947 occultum
3313 1892 3621 1962 discipulis,
3649 1894 3727 1947 vel
3743 1910 3854 1948 cum

599 1984 838 2037 maxime
867 1999 1197 2053 congruens.
1230 1982 1335 2037 Sed
1370 1984 1582 2054 lepores
1615 1999 1679 2038 ac
1708 1992 2050 2038 venustatem
2084 1982 2189 2038 ele-

597 2070 798 2143 gantiaa
822 2073 1013 2127 Atticm
1044 2090 1149 2127 non
1182 2076 1360 2130 habet.
1388 2074 1609 2144 Regulae
1634 2090 1853 2145 quoque
1882 2076 1950 2129 ad
1983 2090 2188 2130 sermo.

598 2166 687 2220 nis
715 2165 1038 2234 elegantiam
1074 2166 1449 2235 conducentes
1469 2167 1742 2220 interdum
1789 2167 1858 2220 ab
1904 2180 1970 2221 eo
2004 2168 2187 2238 negle-

597 2266 698 2309 ctae
724 2254 964 2309 fuerunt.
998 2254 1124 2311 Haec
1166 2256 1234 2311 de
1272 2257 1474 2323 indole,
1509 2258 1748 2328 ingenio,
1776 2259 2083 2313 eruditione
2120 2274 2187 2315 ac

597 2347 740 2416 stylo
763 2347 937 2401 sancti
970 2346 1240 2418 Hippolyti
1264 2346 1554 2403 clarissimi
1582 2349 1736 2404 viric
1764 2350 2186 2420 congregatione

598 2433 785 2489 Sancti
822 2434 993 2489 Mauri
1024 2437 1473 2504 pronuntiarunt.

668 2524 836 2581 Crisis
871 2526 1128 2581 Ceillierii
1155 2528 1218 2581 de
1242 2529 1473 2598 ingenio,
1495 2529 1790 2584 eruditione
1815 2546 1878 2583 ac
1898 2529 2036 2599 stylo
2060 2546 2185 2585 san-

593 2619 665 2672 cti
704 2617 1001 2689 Hippolyti.
1031 2650 1102 2660 ——
1146 2618 1229 2673 Ab
1278 2621 1473 2674 horum
1521 2622 1765 2675 virorum
1808 2620 2016 2691 judicio
2072 2636 2183 2677 non

590 2709 799 2764 abludit
828 2711 988 2765 crisis
1021 2711 1323 2766 doctissimi
1355 2710 1634 2778 Ceillierii,
1666 2728 1777 2782 quo
1820 2713 2008 2783 judice
2051 2728 2182 2769 sau-

593 2812 715 2857 etus
745 2812 930 2857 noszer
957 2800 1283 2873 Hippolytus
1309 2804 1499 2857 habuit
1524 2804 1802 2873 ingenium
1835 2806 2180 2874 praeclarum,

594 2892 725 2947 mite
755 2901 918 2961 atque
949 2908 980 2946 a
1011 2902 1193 2963 satyra
1223 2895 1450 2948 omnino
1480 2895 1803 2950 abhorrens.
1833 2894 2183 2951 Cohazrcnter

595 2982 819 3051 cOgitat,
861 2983 1044 3037 nativo
1075 2985 1291 3038 dicendi
1328 3001 1525 3055 genere
1567 2986 1757 3053 utitur,
1800 2987 1976 3042 solide
2011 2988 2181 3043 ratio-

597 3077 838 3131 cinatur.
882 3075 1008 3132 Suis
1043 3076 1095 3132 in
1128 3094 1341 3133 sacram
1374 3078 1714 3150 Scripturam
1749 3080 2180 3151 expositionibus

594 3168 718 3238 plus
744 3170 975 3225 inhaeret
995 3171 1210 3241 spiritui
1242 3186 1407 3240 quam
1434 3172 1647 3228 litterze.
1685 3171 1882 3228 Verum
1912 3175 2181 3245 allegoriae

595 3262 740 3317 illius
771 3274 899 3319 sunt
927 3273 1191 3331 venustae,
1216 3272 1273 3319 et
1299 3264 1621 3335 plerumque
1648 3265 1782 3321 satis
1810 3267 2090 3336 appositas.
2109 3266 2180 3323 At

594 3367 723 3409 vero
749 3355 1018 3424 expositio
1067 3371 1263 3411 sensus
1311 3356 1560 3412 litteralis
1608 3372 1717 3411 non
1769 3363 1907 3412 adeo
1951 3358 2181 3415 feliciter

594 3446 772 3501 eidem
823 3447 1094 3503 interdum
1141 3450 1426 3505 successit.
1462 3449 1647 3506 Genus
1681 3451 1800 3520 ejus
1825 3452 2041 3507 dicendi
2068 3453 2180 3510 cla-

594 3552 741 3602 rum,
788 3551 952 3607 grave
998 3552 1064 3591 ac
1113 3538 1485 3604 succinctum;
1538 3542 1791 3609 quamvis
1836 3549 2017 3596 autem
2059 3544 2180 3613 ejus
2209 3557 2223 3569 '

596 3628 832 3682 orationi
860 3644 968 3682 non
1000 3628 1171 3683 insint
1192 3645 1384 3684 omnes
1407 3631 1530 3702 styli
1554 3631 1904 3689 Atheniensis
1928 3645 2182 3690 venusta-

599 3726 678 3773 tes
698 3761 712 3784 ,
744 3728 972 3774 ornatus
1012 3728 1218 3789 tamen,
1244 3721 1468 3789 nobilis,
1504 3722 1706 3779 ﬂuidus
1731 3734 1785 3780 et
1814 3740 2068 3782 amamus
2095 3736 2180 3784 est

595 3811 742 3866 illius
772 3811 945 3882 stylus
978 3812 1115 3882 (5i).

667 3902 935 3957 Caeterum
981 3910 1036 3957 et
1072 3901 1305 3957 Maurini
1339 3906 1531 3972 nostri,
1565 3914 1621 3960 et
1654 3905 1933 3976 Remigius
1960 3909 2177 3966 Ceillie-

593 3992 711 4047 rius
742 3992 796 4046 in
824 3992 1175 4062 dijudicando
1202 3996 1441 4065 ingenio,
1473 3997 1614 4068 stylo
1645 4007 1699 4052 et
1728 3998 2033 4053 eruditione
2053 4014 2180 4054 san-

593 4086 665 4138 cti
699 4083 971 4158 Hippolyti
1022 4088 1195 4142 secuti
1238 4087 1583 4156 potissimum
1622 4102 1751 4144 sunt
1775 4091 1952 4144 virum
1995 4091 2179 4146 erudi-

594 4173 867 4228 tissimum
896 4174 1171 4241 Photium,
1203 4179 1363 4246 cujus
1394 4193 1683 4233 censuram
1719 4180 1985 4251 integram
2014 4180 2179 4238 refert

596 4264 862 4335 Dupinius
887 4283 985 4321 sua
1019 4268 1072 4321 in
1099 4268 1430 4322 Bibliotheca
1449 4269 1583 4339 (52),
1602 4271 1674 4325 ita
1710 4272 1976 4341 loquens:
2006 4290 2024 4324 «
2047 4272 2179 4344 Hip-

592 4357 763 4428 polyti
805 4368 993 4412 contra
1047 4359 1332 4415 haereticos
1373 4359 1572 4415 librum
1606 4362 1811 4433 legerat
1846 4362 2094 4431 Pbotius,
2123 4373 2178 4421 et

593 4464 661 4502 en
692 4449 822 4518 quid
862 4449 929 4503 de
959 4465 1025 4504 eo
1060 4451 1296 4506 sentiat:
1346 4470 1364 4503 «
1399 4450 1711 4525 Hippolyti,
1747 4453 1935 4510 Irenaei
1968 4456 2179 4513 audito—

2231 3879 2241 3893 .
2279 3854 2333 3892 n.
2368 3838 2454 3904 M,
2485 3848 2863 3894 commentans
2892 3839 2945 3893 in
2980 3839 3110 3895 illud
3151 3839 3347 3896 Genes.
3377 3857 3529 3909 χιιι,
3559 3841 3661 3895 l'l:

2292 1980 2564 2035 instanter
2617 1981 2688 2035 ab
2736 1996 2805 2035 eo
2842 1990 3107 2049 peterent.
3147 1980 3272 2050 «id,
3317 1983 3516 2053 inquit,
3566 1983 3669 2039 500
3712 1985 3857 2039 annis

2293 2071 2760 2141 «postChristum,
2783 2074 2949 2126 lixum
2971 2072 3165 2139 voluit,
3186 2075 3343 2145 quasi
3361 2075 3601 2131 mundus
3618 2091 3709 2130 sex
3728 2075 3856 2130 mille

2294 2162 2483 2218 «annis
2508 2178 2614 2217 non
2640 2163 2875 2231 amplius
2902 2163 3201 2219 duraturus
3231 2174 3376 2220 esset
3410 2185 3423 2219 :
3458 2166 3513 2220 id
3541 2166 3703 2221 nimis
3739 2167 3857 2223 sub-

2293 2256 2442 2311 «tie.
2473 2255 2606 2326 Ejus
2640 2257 2913 2312 scribendi
2941 2256 3082 2311 ratio
3119 2259 3407 2328 perspicua
3454 2270 3559 2326 est,
3592 2269 3647 2315 et
3678 2259 3854 2327 nitida,

2292 2357 2377 2402 tet
2399 2347 2464 2402 ad
2488 2348 2943 2403 commentarium
2983 2357 3129 2418 apta,
3158 2351 3283 2405 licet
3317 2366 3345 2404 a
3371 2352 3498 2422 styli
3525 2352 3853 2406 Atheniensis

2290 2440 2535 2510 alegibus
2556 2452 2610 2494 et
2634 2440 2870 2510 puritate
2904 2443 3143 2495 recedat.
3179 2440 3368 2497 Exstat
3392 2444 3559 2498 etiam
3597 2443 3763 2514 ipsius
3789 2442 3853 2495 De

2290 2528 2539 2586 «Christo
2565 2531 2956 2585 etAntic/tristo
2987 2534 3231 2598 homilia,
3249 2536 3305 2588 iu
3332 2551 3466 2604 qua,
3495 2536 3595 2591 etsi
3623 2536 3852 2591 eumdem

2287 2622 2595 2677 «scribendi
2624 2622 2847 2677 modum
2876 2626 3197 2689 servaverit,
3227 2626 3533 2695 simplicior
3552 2637 3724 2682 tamen
3759 2634 3849 2690 est,

2288 2719 2370 2766 «et
2398 2713 2573 2782 magis
2600 2714 2804 2769 redolet
2835 2715 3271 2784 antiquitatenm
3304 2716 3403 2770 His
3432 2718 3610 2774 Photii
3628 2718 3755 2773 locis
3781 2717 3852 2770 in-

2282 2806 2521 2864 notescit
2550 2819 2657 2858 non
2702 2807 2883 2860 solum
2923 2805 3198 2878 Hippolyti
3228 2824 3480 2878 operum,
3503 2826 3623 2881 quae
3649 2811 3848 2879 legerat,

2280 2904 2684 2964 argumentum,
2729 2898 2822 2952 sed
2861 2910 2915 2953 et
2948 2891 3096 2955 illius
3124 2902 3365 2955 auctoris
3391 2909 3511 2957 tum
3540 2902 3726 2972 stylus,
3752 2909 3851 2954 tum

2279 2990 2581 3060 character.
2615 3010 2635 3044 ι
2672 2989 2948 3047 Hactenus
2979 2995 3270 3062 perdoctus
3296 2993 3463 3052 Ellies
3491 2995 3767 3066 Dupinius.
3857 2976 3864 2983 ’

2830 3105 3232 3162 ARTICULUS
3273 3105 3338 3162 ll.

2206 3231 2248 3289 ε
2365 3212 2693 3256 ηεουιιλιιεε
2727 3213 3005 3255 ονικιοαιεε
3032 3215 3096 3254 AC
3122 3215 3365 3257 ERROBBS
3398 3218 3446 3256 S.
3486 3212 3772 3257 HIPPOLY’I'I.

2354 3286 2499 3341 Num
2530 3287 2589 3343 S.
2628 3288 2948 3359 Hippolytus
2977 3289 3072 3343 sub
3090 3290 3419 3345 Antichristo
3452 3290 3716 3345 diabolum
3747 3300 3851 3356 per-

2277 3389 2544 3444 sonatum,
2575 3390 2625 3434 et
2668 3390 2957 3449 serpentem
2988 3380 3350 3435 intellexerit?
3374 3413 3449 3422 —
3482 3381 3635 3449 Quod
3665 3383 3850 3448 spectat

2279 3471 2346 3527 ad
2371 3471 2657 3542 opiniones
2680 3472 2982 3543 peculiares
3012 3488 3339 3542 erroresque
3365 3475 3543 3529 sancti
3574 3473 3730 3541 hujus
3752 3466 3849 3536 epi-

2279 3563 2452 3632 scopi,
2511 3572 2709 3632 praater
2755 3564 2871 3634 jam
2911 3563 3056 3620 dicta
3105 3566 3358 3633 superius
3405 3566 3555 3621 circa
3599 3558 3849 3617 Antichri-

2280 3665 2422 3710 stum
2453 3655 2592 3726 (55),
2621 3656 3026 3725 observandum
3051 3658 3254 3727 pariter
3284 3658 3373 3712 hic
3402 3661 3571 3725 venit,
3597 3655 3735 3726 quod
3768 3666 3847 3705 ve-

2276 3753 2459 3831 tustus
2498 3746 2588 3801 hic
2621 3745 2782 3802 Pater
2818 3748 2872 3801 in
2915 3748 3054 3802 libro
3083 3747 3156 3803 De
3189 3748 3402 3804 Christo
3435 3762 3487 3805 et
3518 3745 3840 3805 Anticltristo,

3733 3833 3844 3888 Fiat

2278 3926 2397 3981 Dan
2465 3943 2703 3997 serpens,
2742 3928 2924 3982 sedens
2979 3930 3035 3983 in
3093 3939 3263 3997 terra;
3291 3934 3534 3986 mordens
3556 3931 3839 3984 calcaneum

2276 4021 2433 4090 equi;
2493 4035 2588 4090 per
2651 4021 3135 4089 interrogationem
3196 4024 3401 4079 scribat
3447 4042 3463 4080 :
3550 4044 3568 4075 «
3600 4021 3843 4088 Quisnam

2278 4110 2441 4179 igitur
2471 4127 2717 4181 serpens,
2754 4112 2858 4167 nisi
2888 4114 3281 4180 Antichristus,
3325 4116 3583 4172 seductor
3628 4113 3731 4173 ille,
3763 4103 3844 4175 qui

2280 4203 2460 4258 dictus
2508 4203 2562 4256 in
2616 4202 2880 4258 Genesi”
2908 4215 3011 4271 est,
3040 4206 3132 4275 qui
3173 4207 3387 4262 seduxit
3418 4207 3608 4273 Evam,
3643 4215 3693 4259 et
3718 4200 3847 4254 Ada-

2277 4309 2425 4347 mum
2460 4295 2830 4364 supplantavit
2861 4296 3010 4367 (54)?
3031 4318 3049 4350 ι
3082 4296 3139 4352 Si
3168 4314 3292 4352 eum
3324 4300 3502 4369 ipsum
3539 4302 3842 4366 serpentem.

2277 4388 2371 4458 qui
2399 4388 2607 4459 primos
2631 4397 2885 4457 parentes
2906 4390 3123 4445 seduxit
3142 4399 3195 4444 et
3226 4392 3593 4460 supplantavit
3621 4389 3672 4441 in
3702 4394 3845 4454 para-

2277 4480 2419 4545 diso,
2452 4481 2583 4535 velit
2615 4479 2937 4552 Hippolytus
2960 4497 3083 4538 esse
3113 4482 3536 4549 Antichristnm,
3569 4491 3620 4535 et
3649 4479 3701 4531 in
3732 4486 3844 4544 per-

598 4556 620 4591 «
666 4540 761 4642 ris,
792 4550 978 4642 contra
1019 4541 1091 4595 52
1131 4542 1353 4642 luet-eses
1387 4544 1490 4614 legi
1518 4545 1796 4611 libellum;
1831 4546 2172 4642 aPosi‘thea-
2209 4584 2253 4639 υ
2278 4540 2451 4634 εοηέ;
2483 4570 2640 4636 quasi
2676 4540 2744 4638 5's;
2773 4540 2868 4640 ηίιί
2917 4571 3008 4625 illa
3055 4573 3235 4642 specie
3284 4540 3538 4642 apparuit
3562 4580 3615 4626 et
3644 4540 3843 4623 locutus

597 4648 617 4680 «
664 4630 750 4683 nis
788 4631 1019 4693 orditur,
1059 4639 1115 4684 et
1164 4633 1231 4686 ad
1270 4631 1503 4688 Noetum
1548 4651 1723 4705 usque
1767 4645 1823 4691 et

597 4738 618 4772 «
665 4721 859 4790 pergit.
896 4720 1005 4777 Eas
1059 4738 1252 4782 omnes
1293 4726 1459 4780 tradit
1508 4728 1577 4781 ab
1610 4726 1812 4784 lrenzco
1861 4730 2172 4787 confutatas

599 4832 617 4864 ι
667 4813 836 4869 fuisse
882 4815 1134 4880 haereses,
1167 4826 1221 4872 et
1275 4833 1334 4873 se
1383 4819 1436 4872 in
1487 4835 1552 4874 eo
1589 4821 1770 4875 libello
1817 4823 1953 4877 nihil
1996 4825 2169 4889 aliud,

598 4923 617 4956 ο
664 4920 827 4975 quam
865 4906 1011 4961 illius
1039 4906 1218 4963 Patris
1260 4909 1544 4966 ratiocinia
1576 4920 1630 4966 et
1659 4924 1978 4983 argumenta
2005 4917 2172 4971 colle-

594 5015 614 5048 «
660 4997 826 5067 gisse.
858 4997 1150 5069 Perspicua
1180 5008 1286 5068 est,
1332 5010 1385 5057 et
1419 5003 1598 5074 gravis
1624 5005 1745 5075 ejus
1768 5007 1965 5073 oratio,
1997 5015 2054 5062 et
2084 5008 2171 5062 ni-

659 5089 706 5121 “
736 5087 876 5144 Gen.
903 5105 990 5155 ιιι,
1021 5091 1074 5146 1.
1226 5087 1230 5091 ’

659 5181 854 5263 (5οη
883 5181 1206 5263 Hippolytus
1257 5185 1342 5239 vir
1390 5186 1813 5263 disertissimus.
1842 5211 1863 5245 ο
1904 5192 2170 5263 ξιιὶθτθηη

585 5252 743 5337 epist.
788 5250 1326 5337 [28.3drlsttcinium.
1370 5260 1482 5337 ιθ.
1533 5259 1806 5337 Hippolyti
1863 5250 2172 5337 eruditione

587 5323 900 5402 clarissimi.
929 5343 967 5402 i_
989 5323 1344 5402 Martyrolog.
1370 5323 2007 5402 R6manffﬁfAugusti.

662 5343 900 5377 ll‘lSSlﬂll.
929 5343 967 5405 »ι
990 5343 1344 5451 [ηαξ-ιγνοιοῦ..
1371 5343 1628 5393 numam,
1662 5343 1733 5385 22
1756 5343 2007 5402 Augusti.

815 5392 1240 5519 ἓοὲμῖιὲρειιιιρτ,
1327 5408 1417 5453 tst.
1467 5403 1586 5469 gén.
1633 5403 1723 5455 des
1753 5415 1989 5470 auteurs,
2032 5411 2074 5458 t.
2104 5401 2169 5471 ll,

633 5500 646 5514 .
684 5478 779 5516 οιι
815 5478 869 5517 Βῑ
893 5478 1017 5519 612.

588 5475 646 5533 p.
684 5475 779 5516 οἰι
815 5475 869 5517 et
893 5475 1017 5519 572.

590 5598 612 5612 -
663 5529 1037 5612 (itiijlpllpillq
1065 5536 1355 5612 _Hib_liolh.,
1393 5545 1433 5592 ι.
1470 5540 1513 5604 Ι,
1564 5556 1620 5610 p.
1661 5541 1762 5598 178
1805 5551 1860 5598 ct
1907 5544 2010 5602 179
2038 5544 2168 5601 edit.

588 5598 766 5656 Latin.
791 5598 1049 5668 Coloniae,
1062 5608 1081 5660 1
1095 5606 1215 5662 705.

661 5672 772 5743 (53)
816 5671 949 5748 Vide
978 5677 1142 5747 hujus
1171 5686 1305 5732 sect.
1338 5693 1457 5748 cap.
1492 5679 1543 5743 Vl,
1573 5691 1677 5735 art.
1713 5680 1799 5743 10.
1836 5684 1926 5741 ubi
1964 5686 2032 5740 de
2062 5687 2172 5743 ori~

592 5743 990 5823 sine,_nomine
1039 5743 1387 5823 ac_tenipore
1405 5743 1734 5823 "Antichristi
1765 5754 2125 5813 disseruimus
2151 5776 2167 5823 ;

610 5813 680 5870 uc
727 5813 991 5872 duntaxat
1043 5817 1224 5875 adhuc
1255 5813 1779 5894 animadvertimus,
1824 5828 1969 5897 quod
2021 5813 2172 5885 nullo

1874 4635 2172 4694 Νοθίίθυοε
2211 4635 2240 4639 ν
2271 4668 2375 4721 est,
2405 4635 2521 4728 ipse
2572 4635 2736 4714 tanta?
2762 4635 2873 4725 illa,
2917 4677 3040 4729 quae
3085 4635 3158 4718 de
3201 4635 3541 4719 Anti-c-Iiristo
3590 4661 3840 4715 feruntur.

2273 4751 2345 4805 sit
2393 4744 2741 4820 Operaturus,
2769 4754 2863 4824 qui
2916 4769 3044 4809 vere
3083 4755 3202 4824 ipse
3253 4756 3525 4819 diabolus,
3561 4760 3671 4815 aut,
3694 4749 3842 4818 pmut

2274 4840 2592 4914 Hippolytus
2609 4856 2787 4910 vocat,
2805 4846 3003 4901 diaboli
3031 4846 3175 4902 ﬁlius
3209 4847 3300 4913 sit,
3331 4864 3437 4903 non
3467 4848 3641 4903 solum
3672 4838 3840 4894 imita-

2274 4933 2438 4999 tione,
2472 4935 2567 4989 sed
2601 4936 2763 4990 etiam
2795 4946 3027 5005 natura;
3058 4954 3201 4993 unus
3235 4939 3444 4994 scilicet
3481 4939 3604 5010 quis
3634 4928 3840 5000 netluis'

2274 5023 2537 5079 simorum
2570 5025 3013 5095 daemonum,etsi
3033 5027 3295 5097 nonl‘orte
3317 5029 3407 5085 ille
3431 5029 3672 5085 omnium
3694 5018 3838 5093 prin‘

2275 5201 2436 5282 modo
2479 5205 2781 5262 audiendus
2815 5208 3138 5282 sitsanctus
3185 5208 3534 5282 Hippolytus,
3558 5206 3648 5282 qui
3674 5212 3831 5282 ,ροηιῑ

2275 5274 2607 5348 plementum
2634 5281 3001 5348 Aseptuaginta
3054 5264 3453 5335 hebdomadtim
3484 5264 3735 5348 fila-nidis
3769 5264 3828 5320 ad

2273 5346 2567 5415 secundum
2619 5346 2821 5402 Christi
2859 5346 3180 5415 adv-ntum,
3231 5363 3285 5405 et
3338 5353 3405 5406 ad
3453 5346 3831 5403 Anticltrislum

2274 5413 2472 5487 trahit;
2526 5431 2651 5470 cum
2705 5419 2896 5487 reliqui
2939 5413 3194 5476 Ecclesia:
3244 5420 3430 5477 Patres
3460 5437 3524 5475 ac
3554 5416 3831 5482 Scriptural3

2275 5485 2836 5561 interpretes__meliu_s
2884 5490 2951 5543 ad
3001 5491 3203 5546 Christi
3260 5494 3498 5561 primum
3554 5487 3829 5561 adventum

2273 5557 2742 5632 spectare‘velint,
2762 5559 2989 5632 ejusque
3016 5565 3208 5616 mortis
3240 5556 3477 5632 pmttani,
3509 5570 3561 5615 et
3586 5556 3828 5632 Hiems?“

2273 5613 2542 5693 lymorum
2570 5613 2863 5692 excidium,
2885 5613 3266 5686 Romanorumr
3277 5613 3561 5688 interiit;
3584 5647 3598 5682 :
3624 5613 3827 5695 qu‘gmdo

2271 5692 2467 5766 exusto
2498 5698 2720 5766 templo,
2746 5699 2827 5753 sic
2856 5702 3075 5755 victima
3109 5704 3344 5757 cessavit
3373 5712 3430 5759 et
3457 5692 3666 5764 libatiO—i
3685 5692 3834 5748 de”

2272 5763 2385 5820 lato
2423 5766 2544 5819 loco
2571 5763 2683 5829 quo
2708 5769 2883 5824 solum
2909 5770 3089 5826 facere
3112 5773 3328 5829 licebat.

2299 5878 2305 5883 .
2343 5834 2460 5908 (ει)
2501 5833 2878 5914 S..Hippolyt.,
2912 5840 2987 5896 De
3008 5841 3275 5915 Antichr.,
3309 5860 3366 5901 η.
3399 5845 3486 5903 ιι.

3995 3604 3997 3639 |

3995 3692 3997 3727 l

3995 3786 3997 3819 l

3995 3880 3998 3913 Ι

3995 3972 3997 4005 l

3995 4066 3997 4097 l

3995 4160 3997 4195 4
