4074 6450
281 362 404 443 335

1286 391 1377 449 DE
1421 391 1581 448 VITA
1612 390 1703 447 ET
1746 389 2062 448 SCRIPTIS
2090 389 2148 445 S.
2191 388 2578 448 HIPPOLYTI.

3456 398 3566 456 383

277 521 446 578 ceps,
472 516 527 563 et
567 510 690 561 κατ’
715 509 912 580 ὲξσχὴν
952 508 1243 567 diabolus:
1269 511 1406 565 nihil
1446 503 1873 567 ecclesiasticum
1904 513 1951 572 Α
1981 502 2128 571 nam,
2160 516 2218 562 ut
2242 509 2456 578 egregie
2488 506 2773 579 subjungit
2805 508 3055 565 eruditus
3080 509 3170 566 ille
3196 512 3442 582 eriticus,
3464 519 3559 586 qui

198 654 203 659 ,
276 609 394 666 est,
439 602 531 655 sed
566 617 791 671 prorsus
825 604 1123 658 abhorrens
1154 618 1184 657 a
1215 602 1339 667 ﬁde,
1377 604 1492 658 sive
1538 604 1874 673 intelligatur

276 688 410 746 fore
440 692 759 747 Antichristi
789 694 990 752 anima.
1029 695 1143 748 sive
1169 694 1305 750 alias
1340 695 1414 748 illi
1446 711 1700 765 persona.
1743 695 1876 749 Ani—

278 800 410 839 mos
438 785 720 841 hominum
746 785 891 839 aliud
918 802 1088 857 genus
1119 786 1408 855 spirituum
1443 788 1691 857 agnoscit
1715 788 1868 855 lides,

277 887 316 929 a
368 875 721 942 substantiis,
750 891 888 945 quas
939 875 1081 931 Deus
1126 884 1278 931 extra
1320 892 1550 946 corpora
1594 878 1867 945 condidit;

276 981 386 1021 nec
416 981 576 1021 sacra
604 967 853 1021 doctrina
881 969 1134 1035 admittit,
1154 979 1307 1023 extra
1332 969 1545 1026 divinas
1570 969 1866 1036 Personas,

275 1075 522 1129 quarum
556 1060 639 1113 vis
672 1060 902 1124 infinita,
934 1076 1098 1131 posse
1128 1078 1295 1116 unum
1326 1062 1480 1117 alteri
1508 1078 1538 1117 a
1571 1079 1628 1117 se
1652 1064 1870 1119 diverso

273 1165 578 1220 personam
631 1166 770 1215 esse,
821 1166 915 1206 seu
975 1154 1049 1207 illi
1109 1153 1450 1224 bypostatice
1499 1155 1660 1208 uniri.
1708 1154 1867 1222 Quod

271 1258 413 1298 vero
466 1244 835 1301 Antichristus
878 1246 953 1301 ita
1000 1247 1263 1302 daemonis
1310 1248 1503 1318 spiritu
1548 1247 1778 1314 allletur,
1808 1258 1869 1305 ut

270 1337 399 1390 suis
448 1337 710 1392 omnibus
740 1337 889 1391 illum
937 1338 1159 1404 referat,
1188 1349 1242 1396 et
1267 1343 1596 1410 quasi'alter
1628 1344 1718 1400 ille
1747 1359 1865 1398 ser-

271 1440 419 1493 pens
452 1427 712 1495 antiquus
756 1415 1025 1495 videatur,
1055 1429 1171 1498 ipse
1217 1432 1473 1487 seductor
1520 1434 1690 1498 orbis,
1718 1435 1865 1490 velut

276 1516 377 1570 ille
403 1516 511 1571 fuit
540 1519 838 1587 primorum
876 1529 1179 1588 parentum,
1213 1538 1241 1575 a
1281 1521 1434 1576 Pauli
1462 1524 1640 1578 verbis
1671 1540 1866 1579 sensu-

264 1623 383 1677 qne
417 1623 527 1661 non
562 1609 766 1663 abludit
803 1627 817 1663 :
847 1620 1100 1679 recteque
1129 1613 1300 1667 sensit
1329 1612 1672 1685 Hippolytus,
1712 1615 1757 1669 si
1787 1616 1860 1670 ita

263 1699 474 1761 voluit,
502 1700 603 1753 etsi
639 1701 942 1770 simplicius
974 1702 1187 1759 locutus
1220 1712 1303 1759 est
1336 1723 1349 1759 :
1386 1721 1485 1760 nec
1517 1705 1861 1775 improbabili

263 1790 618 1858 conjectura.
653 1792 935 1861 serpentis
975 1792 1055 1847 sic
1096 1793 1404 1850 insidiantis
1451 1804 1577 1867 typo
1607 1796 1859 1868 designa-

262 1890 390 1935 tum
424 1897 458 1935 a
487 1880 690 1952 Iacobo
733 1883 1125 1939 Antichristum
1159 1888 1417 1942 ostendit.
1459 1887 1629 1944 Verba
1657 1890 1861 1949 Graecis

260 1980 422 2035 sunt,
476 1973 598 2042 ὄφις
645 1975 902 2052 taceas,
936 1973 1304 2049 ὲγκαθή’μ.ενος
1351 1980 1444 2033 ἐπὶ
1494 1982 1699 2052 τρίϐου.
1750 1982 1862 2037 Nec

260 2062 614 2118 forteraliter
654 2050 937 2135 scripserit
983 2050 1559 2139 Hippolytus.,Auctor
1590 2073 1857 2129 subdititii

257 2153 451 2222 operis
484 2153 561 2209 De
592 2156 920 2212 Amic/triste
958 2169 1007 2212 et
1055 2162 1237 2214 mundi
1277 2166 1726 2219 consummatione
1758 2182 1855 2221 ex-

256 2246 393 2314 poni
423 2262 536 2300 uon
575 2257 772 2317 potest.
805 2250 936 2319 quin
974 2267 1162 2305 verum
1190 2262 1383 2307 natura
1411 2238 1710 2311 dmmonein
1742 2259 1856 2313 An-

260 2337 595 2404 tichristum,
618 2342 908 2406 putaverit,
937 2343 1031 2414 qui
1062 2344 1168 2399 sibi
1198 2362 1385 2424 vprum
1416 2347 1765 2422 Hippolytum
1799 2354 1854 2408 in

256 2440 387 2479 eum
421 2442 647 2482 sensum
679 2433 904 2486 traxerit
936 2454 949 2489 :
980 2430 1121 2503 quod
1151 2430 1280 2492 vero
1313 2437 1600 2510 Hippolyto
1636 2459 1744 2498 non
1770 2443 1855 2499 of-

258 2515 437 2583 ficiat,
471 2518 603 2586 quin
646 2521 934 2589 posteriori
963 2538 1093 2578 vero
1126 2540 1285 2581 sensu
1315 2529 1509 2596 exponi
1540 2541 1721 2600 queat.

330 2606 412 2660 De
442 2619 592 2662 statu
617 2610 919 2665 animarum
944 2623 1061 2683 post
1084 2626 1392 2684 prmentem
1426 2619 1609 2676 vitam.
1636 2652 1708 2662 —
1736 2622 1849 2679 Ob-

255 2700 595 2754 servandum
622 2703 882 2769 secundo,
904 2706 1060 2774 juxta
1090 2717 1337 2763 sanctum
1369 2709 1847 2787 llippolytum(55)

257 2791 680 2867 subterraneum
711 2796 1002 2863 quemdam
1035 2798 1214 2853 locum
1246 2800 1453 2867 haberi,
1484 2802 1536 2857 in
1562 2821 1723 2875 quem
1757 2823 1847 2863 se-

257 2883 463 2936 cedunt
493 2898 687 2940 omnes
717 2887 967 2943 homines
992 2900 1113 2959 post
1137 2904 1456 2962 praesentem
1489 2897 1631 2955 hanc
1654 2902 1843 2968 vitam;

255 2970 408 3029 hunc
441 2975 622 3031 locum
667 2993 908 3034 coaevum
939 2997 1060 3038 esse
1102 2986 1328 3051 mundo,
1361 2996 1578 3060 tresque
1601 2992 1844 3050 diversas

254 3065 417 3121 sedes
444 3070 925 3139 comprehendere.
958 3072 1160 3141 Prima,
1190 3093 1353 3147 quam
1378 3079 1468 3135 ille
1491 3095 1646 3138 vocat
1667 3076 1844 3140 Abra-

1978 597 2383 667 Scripturarum
2434 600 2693 670 mysteria
2744 608 2800 655 et
2842 602 3161 658 abscondita
3195 605 3466 674 explicare
3496 622 3563 663 ac

1974 690 2223 744 evolvere
2271 691 2514 761 aggressi
2568 700 2696 745 sunt
2743 692 2991 747 omnium
3041 695 3224 763 primi,
3259 698 3561 768 vituperari

1973 796 2083 835 non
2115 782 2333 845 debent,
2368 784 2413 839 si
2455 798 2563 836 non
2602 784 2788 838 omnia
2825 795 3201 855 penetrarunt,
3234 789 3344 844 imo
3369 807 3399 845 e
3425 808 3560 847 con-

1972 886 2131 926 verso
2174 873 2546 928 commendari
2590 874 2751 929 debet
2780 891 2967 930 eorum
3002 879 3171 944 zelus,
3203 884 3562 950 quantumvis

1970 977 2163 1032 parum
2198 962 2531 1033 profecerim
2565 966 2619 1019 in
2650 966 2991 1036 expositione
3015 985 3207 1025 eorum
3234 987 3357 1042 qua:
3389 988 3560 1045 expo-

1971 1053 2149 1107 nenda
2184 1063 2565 1122 susceperunt.

2038 1140 2208 1196 Error
2240 1141 2299 1198 S.
2337 1142 2608 1215 Hippolyti
2642 1147 2786 1200 circa
2817 1151 3149 1220 septuaginta
3202 1152 3551 1212 hebdomade;

1967 1231 2207 1288 Danielis
2238 1237 2467 1304 primum
2500 1238 2555 1290 in
2586 1238 2813 1293 adventu
2849 1240 3165 1297 Antichristi
3196 1247 3554 1315 complendas.

1967 1353 2037 1362 —
2070 1326 2357 1382 Innuimus
2379 1328 2493 1398 jam
2528 1330 2783 1399 superius
2837 1342 3107 1388 vetustum
3151 1336 3299 1392 hunc
3334 1336 3551 1396 Patrem

1964 1425 2279 1472 assecutum
2336 1434 2446 1473 non
2498 1434 2621 1475 esse
2683 1436 2868 1477 verum
2936 1439 3158 1481 sensum
3209 1430 3554 1502 septuaginta

1966 1508 2457 1578 hebdomadarum,
2512 1512 2581 1567 de
2629 1514 2831 1583 quibus
2878 1525 2962 1572 est
2989 1533 3169 1573 sermo
3203 1520 3256 1575 in
3289 1524 3551 1593 propheta

1964 1598 2203 1665 Daniele,
2260 1603 2684 1674 earumdemque
2738 1606 3204 1666 hebdomadarum
3252 1617 3550 1673 terminum

1961 1691 2193 1766 nimium
2230 1695 2548 1762 protendere
2573 1713 2587 1761 ;
2633 1697 2725 1766 qui
2754 1714 2886 1754 sane
2914 1716 3070 1756 error
3100 1707 3433 1764 excusabilis
3463 1719 3548 1765 est

1962 1781 2127 1837 etiam
2156 1783 2226 1839 ob
2257 1785 2477 1840 allatam
2505 1788 2666 1843 modo
2690 1789 2980 1847 rationem.
3042 1792 3243 1851 Verum
3270 1814 3424 1870 aequa
3459 1800 3547 1857 fa-

1963 1872 2168 1928 cilitate
2202 1879 2453 1931 excusari
2502 1894 2612 1933 non
2662 1889 2839 1949 potest
2883 1883 3021 1938 alter
3075 1886 3318 1955 ejusdem
3366 1906 3543 1956 error,

1969 1965 2190 2033 quando
2225 1968 2433 2023 scilicet
2461 1972 2655 2026 asserit
2686 1981 2902 2044 tempus
2929 1975 3273 2054 Babylonicae
3317 1984 3545 2053 captivi-

1963 2055 2090 2109 tatis
2109 2055 2277 2112 t‘uisse
2303 2074 2572 2114 annorum
2601 2064 3126 2136 quadringentorum
3157 2070 3373 2140 triginta
3405 2073 3544 2146 (57),

1959 2161 2081 2200 cum
2117 2156 2295 2203 tamen
2325 2148 2608 2220 Scriptura
2656 2156 3001 2226 septuaginta
3036 2167 3247 2214 tantum
3273 2176 3543 2220 annorum

1958 2236 2127 2293 fuisse
2177 2239 2359 2305 dicat;
2413 2242 2575 2297 sicuti
2609 2242 2790 2301 videre
2819 2248 2983 2301 estin
3014 2250 3276 2319 prepheta
3307 2251 3544 2311 Ieremia

1945 2332 2075 2403 'pap.
2113 2346 2238 2395 xu,
2274 2348 2326 2386 v.
2366 2332 2399 2387 9
2427 2334 2590 2390 etii.
3098 2410 3103 2415 η

2479 2427 2878 2485 ARTICULUS
2916 2431 3009 2486 Ill.

2109 2529 2410 2588 ξωτιοκωι
2448 2534 2496 2573 S.
2536 2535 2816 2575 HIPPOLYTI
2857 2537 3070 2578 οΡειιυιι
3105 2541 3381 2583 RECENSIO.

2002 2603 2161 2660 .Ante
2216 2607 2431 2664 initium
2490 2613 2774 2680 prmsentis
2830 2616 3015 2669 saeculi
3062 2619 3246 2673 nullus
3294 2621 3536 2679 virorum

1949 2696 2286 2753 eruditorum
2338 2701 2393 2755 id
2447 2702 2650 2759 laboris
2701 2721 2764 2759 ac
2793 2706 2980 2774 studii,
3028 2710 3172 2778 quod
3227 2719 3409 2765 tamen
3458 2722 3539 2769 tot

1950 2786 2073 2842 aliis
2122 2788 2283 2860 longe
2316 2791 2639 2849 inferiorum
2671 2804 2725 2850 ct
2759 2803 3067 2867 temporum
3111 2809 3166 2856 et
3216 2804 3532 2860 net-iterum

1897 2930 1908 2936 -
1949 2879 2308 2949 scriptoribus
2339 2884 2644 2954 impensum
2680 2897 2764 2943 est
2789 2891 2959 2945 multa
2993 2908 3116 2946 cum
3152 2894 3335 2964 laude,
3368 2897 3437 2950 in
3473 2914 3536 2971 se

1946 2970 2208 3039 suscepit,
2266 2980 2328 3027 ut
2358 2971 2415 3027 S.
2448 2972 2638 3029 Irenaei
2670 2977 2945 3048 discipuli,
2973 2990 3025 3035 et
3059 2993 3221 3039 tantae
3249 2970 3535 3044 vetustatis

1945 3069 2217 3133 tantisque
2241 3066 2587 3123 auctoritatis
2610 3069 2873 3138 doctoris,
2899 3076 3070 3129 sancti
3102 3078 3310 3133 scilicet
3331 3078 3535 3151 llippo-

254 3158 341 3214 hae
376 3160 582 3242 sinum,
607 3163 774 3233 justis
798 3174 882 3221 est
910 3168 1225 3239 assignata;
1258 3174 1494 3229 secunda
1525 3187 1838 3245 peccatores
1868 3195 1909 3253 (ζ
1944 3155 2036 3225 ly“
2084 3155 2409 3253 Ρονωθηδίδ
2451 3163 2692 3234 episcopi
2739 3180 2804 3220 ac
2849 3170 3107 3240 martyris
3147 3175 3277 3241 °15°r
3281 3188 3333 3237 at
3381 3190 3532 3244 qua"

251 3250 475 3315 retinet,
494 3253 588 3322 qui
617 3254 815 3310 ibidem
845 3259 1124 3327 patiuntur
1152 3265 1477 3332 temporales
1502 3283 1693 3337 ptenas
1720 3288 1841 3328 ma-

251 3339 321 3396 lis
366 3356 559 3396 eorum
611 3345 866 3414 operibus
896 3349 1141 3417 debitas;
1175 3355 1391 3409 tertiam
1435 3358 1838 3433 eﬂ‘ormatqui-

248 3435 379 3489 (iam
432 3435 577 3505 ignis
604 3439 792 3492 aeterni
826 3440 996 3506 lacus,
1024 3459 1188 3513 quem
1236 3447 1427 3519 pullus
1459 3450 1641 3508 adhuc
1683 3455 1838 3525 juxta

253 3527 311 3583 S.
346 3527 724 3617 Hippolytum,
757 3532 1036 3602 ingressus
1073 3546 1190 3604 est;
1240 3539 1346 3595 hoc
1388 3541 1588 3615 quippe
1633 3548 1837 3617 suppli-

248 3621 424 3688 cium,
457 3615 539 3677 ut'
560 3624 653 3679 ille
679 3625 776 3693 ait,
805 3628 871 3682 ad
903 3630 1133 3685 extremi
1162 3631 1354 3700 judicii
1389 3644 1632 3705 tempora
1662 3615 1839 3696 reser-

245 3722 437 3766 vatum
469 3722 576 3768 est.
608 3714 763 3771 Tunc
800 3717 1012 3788 injusti,
1047 3720 1225 3790 inquit
1256 3722 1366 3788 ille,
1398 3732 1604 3781 aeterno
1632 3730 1839 3800 suppli-

248 3804 337 3859 cio
362 3806 858 3877 adjudicabuntur;
888 3810 1023 3880 justi
1058 3828 1187 3868 vero
1219 3816 1526 3885 regnabunt
1559 3819 1613 3874 in
1644 3836 1837 3892 perpe-

249 3906 434 3965 tuum;
465 3915 622 3969 aeque
649 3901 794 3957 enim
821 3904 977 3959 docet
995 3905 1080 3961 hic
1107 3916 1301 3963 auctor
1317 3917 1576 3965 aeternam
1601 3913 1836 3983 gloriam

243 3988 414 4059 justis
442 4000 773 4047 reservatam
795 3994 916 4050 e‘sse
940 4005 1064 4066 post
1089 3999 1448 4056 universalem
1476 4006 1836 4062 resurrectio-

246 4098 396 4150 nem,
421 4085 527 4140 etsi
576 4095 703 4156 post
748 4098 982 4145 mortem
1028 4093 1266 4148 maxima
1309 4095 1661 4165 perfruantur
1687 4110 1835 4159 tran-

246 4179 521 4248 quillitate
550 4182 605 4235 in
636 4185 1098 4255 contemplatione
1126 4188 1426 4244 visibilium
1462 4192 1755 4261 bonorum,
1779 4205 1835 4253 et

246 4269 305 4322 in
331 4285 427 4340 spe
461 4271 775 4341 perfr‘uendi
818 4277 1033 4331 tandem
1065 4276 1361 4348 aliquando
1393 4260 1713 4339 coelestibus
1735 4260 1833 4340 bo-

245 4361 355 4417 nis.
392 4361 661 4433 Opinatur
701 4367 923 4437 insuper
951 4369 1111 4425 divus
1142 4368 1486 4443 Hippolytus,
1518 4375 1572 4429 in
1611 4377 1829 4433 subter-

247 4471 416 4510 raneo
442 4458 536 4512 illo
565 4459 686 4514 loco
709 4462 934 4531 angelos
966 4462 1157 4519 adesse
1178 4465 1270 4535 qui
1293 4466 1518 4535 praesint
1539 4469 1828 4527 animabus

1944 3260 2162 3317 cunque
2191 3251 2413 3319 reperiri
2445 3264 2692 3323 possent,
2724 3258 3021 3328 colligeret,
3064 3262 3401 3335 collectaque
3427 3282 3532 3336 pu-

1944 3335 2190 3393 blicarct.

2011 3428 2253 3497 Primus,
2302 3434 2394 3503 qui
2426 3451 2545 3491 eam
2580 3438 2632 3515 in
2664 3439 3051 3511 cogitationem
3088 3442 3392 3513 descendit,
3427 3462 3529 3503 ne-

1942 3520 2281 3594 glectamque
2333 3527 2620 3601 hucusque
2663 3542 2904 3601 spartam
2937 3538 3184 3602 tentavit,
3218 3547 3337 3593 erat
3388 3557 3528 3610 pra:-

1941 3612 2279 3671 clarissimus
2319 3617 2403 3672 vir
2426 3617 2668 3676 Joannes
2696 3622 2918 3688 Millius,
2954 3626 3118 3695 quive
3141 3628 3289 3682 illam
3320 3645 3529 3686 ornan-

1939 3702 2064 3758 dam
2093 3709 2362 3776 sumpsit,
2396 3712 2775 3784 potuissetque
2803 3718 3019 3786 egregie
3035 3734 3252 3786 ornare,
3270 3722 3377 3777 nisi
3400 3734 3528 3779 ante

1938 3812 2161 3852 manum
2197 3800 2441 3856 ultimam
2472 3806 2777 3874 appositam
2810 3806 3068 3865 humanis
3109 3813 3274 3867 rebus
3303 3823 3526 3884 ereptus

1902 3946 1905 3951 ,
1937 3882 2155 3941 fuisset.
2209 3886 2399 3945 Omnis
2428 3893 2648 3961 quidem
2683 3911 2808 3965 spes
2839 3913 2965 3952 cum
2998 3897 3153 3953 Millii
3186 3882 3414 3971 corpore
3438 3919 3527 3959 se-

1936 3978 2086 4048 pulta
2116 3994 2226 4033 non
2254 3981 2598 4051 credebatur,
2633 4003 2756 4041 cum
2792 3989 3030 4059 spissum
3057 3992 3310 4047 volumen
3344 3995 3525 4049 anim-

1934 4069 2319 4125 adversionum
2367 4073 2488 4143 ejus
2538 4076 2605 4130 ad
2658 4075 2715 4132 S.
2749 4076 3020 4151 Hippolyti
3055 4083 3252 4151 scripta
3280 4081 3519 4141 Joannes

1934 4158 2258 4219 Guilielmus
2290 4162 2461 4222 Janus
2490 4168 2784 4225 academize
2812 4169 3262 4243 Wittebergensis
3301 4174 3518 4246 profes-

1934 4269 2028 4308 sor
2075 4264 2271 4311 nactus
2298 4265 2465 4326 esset,
2515 4257 2964 4333 Hippolyteisque
3006 4266 3224 4335 scriptis
3254 4267 3515 4338 colligen-

1932 4345 2040 4411 dis,
2088 4347 2430 4417 expoliendis
2457 4336 2623 4420 atque
2655 4351 2969 4422 evulgandis
3000 4354 3258 4412 insudare
3295 4336 3519 4413 nuntia-

1930 4446 2100 4492 retur.
2168 4436 2272 4495 Sed
2301 4439 2580 4497 incassum
2624 4444 2867 4500 cultores
2888 4447 3231 4517 antiquitatis
3255 4452 3519 4508 ecclesia-

247 4547 447 4603 ibidem
478 4550 732 4618 detentis,
754 4567 993 4621 quorum
1027 4530 1453 4625 aliqui-debeant
1474 4558 1654 4628 justos
1679 4575 1745 4616 eo
1768 4563 1824 4618 in
1857 4540 1902 4595 θ
1932 4532 2083 4628 sui?
2105 4530 2264 4628 1³,υηῖ
2283 4532 2602 4628 ὠθδδΨΨη
2629 4547 3020 4628 θξδρθαπυηι
3057 4541 3126 4595 ab
3153 4542 3368 4597 eadem'

246 4639 371 4694 loco
399 4641 691 4710 comitari;
740 4644 834 4699 alii
867 4661 995 4700 vero
1018 4647 1346 4741 promeritas
1389 4664 1581 4719 pinnas
1607 4651 1827 4722 injustis

178 4728 185 4737 '
246 4730 510 4801 indigem.
543 4731 840 4803 Opinio‘nes
860 4735 978 4791 istae
1001 4728 1325 4796 audaciores
1355 4750 1503 4809 sunt,
1529 4757 1695 4813 quam
1728 4758 1826 4814 per

245 4832 360 4891 est;
389 4824 503 4879 imo
522 4840 713 4882 earum
738 4829 935 4899 aliqum
953 4830 1157 4886 erroris
1181 4841 1366 4887 notam
1394 4849 1503 4888 non
1525 4833 1822 4907 eﬂ’ugiunt:

245 4924 332 4971 ast
356 4932 722 4985 agnoscamus
760 4936 886 4976 cum
916 4921 1112 4978 Photio
1150 4922 1264 4995 (56)
1293 4939 1508 4982 errores
1528 4926 1686 4994 istos,
1718 4928 1826 4984 sic-

247 5008 324 5062 uti
373 5016 429 5063 et
481 5009 638 5077 alios,
677 5012 772 5082 qui
804 5013 859 5067 in
888 5013 1131 5083 ejusdem
1165 5017 1407 5072 auctoris
1434 5017 1694 5087 operibus
1729 5019 1825 5075 de-

246 5099 507 5168 prehendi
554 5111 805 5171 possunt,
838 5105 1142 5174 primorum
1196 5104 1450 5163 Ecclesia
1496 5111 1819 5166 saeculorum

247 5191 483 5246 indolem
540 5208 762 5264 sapere;
796 5195 1025 5267 ideoque
1073 5208 1228 5267 aequo
1267 5198 1392 5268 jure
1444 5199 1547 5255 hac
1599 5215 1708 5256 una
1754 5202 1822 5256 de

247 5298 412 5339 causa
457 5300 718 5356 magnum
765 5288 913 5343 hunc
963 5289 1141 5344 virum
1179 5289 1429 5345 damnari
1459 5305 1569 5344 non
1604 5306 1765 5361 posse
1801 5308 1817 5347 :

302 5446 430 5517 ’(55)
474 5444 531 5501 S.
562 5445 839 5518 Hippolyt.
876 5448 929 5503 in
959 5456 1189 5504 tractatu
1221 5449 1340 5518 adv.
1377 5446 1583 5503 (ἲν-(εσσε
1605 5457 1655 5501 et
1686 5447 1820 5503 Pla-

250 5526 435 5590 tonem,
457 5588 467 5590 Α
488 5517 1086 5590 apudLFaln-ichpp.
1119 5529 1248 5573 tom.
1278 5517 1318 5581 l,
1350 5518 1552 5590 p.220,
1589 5527 1641 5573 et
1662 5520 1817 5590 apud

250 5585 537 5649 Gallandq‘
563 5598 602 5643 t.
632 5586 677 5643 ll
713 5587 969 5643 Biblioth.
998 5585 1143 5652 ΡΡ..
1173 5585 1374 5643 colum.
1402 5589 1530 5651 451,
1557 5604 1613 5643 n.
1651 5588 1705 5644 1.

463 5658 695 5743 Photius
724 5659 779 5712 in
810 5658 1087 5743 Hibiiothn
1123 5662 1241 5743 cad,
1274 5674 1410 5743 εφη,¹
1484 5731 1496 5743 υ
1539 5678 1548 5686 .
1656 5737 1667 5743 Δ
1777 5729 1790 5743 .

319 5729 494 5799 (δη-Α
538 5730 681 5784 Audi
703 5730 849 5797 quod
871 5730 1092 5799 gravius
1127 5739 1180 5784 et
1208 5729 1568 5799 periculosius
1591 5737 1706 5797 est;
1740 5729 1820 5785 ait

250 5794 386 5856 enim
408 5794 583 5857 'Vates
631 5794 815 5870 regius
847 5794 898 5855 ι’
923 5799 1095 5854 Darsa
1148 5794 1328 5856 eorum
1368 5816 1570 5872 semper
1598 5794 1814 5856 incurva

1998 4621 2182 4677 Eduio
2223 4621 2628 4680 Greco-Latina
2651 4626 2910 4683 Fabricii.
2935 4659 3008 4671 -
3031 4632 3245 4689 Interea
3271 4633 3515 4690 celeber-

1925 4712 2101 4769 rimus
2128 4711 2414 4770 Fabricius
2461 4715 2651 4772 doctor
2677 4727 2728 4774 et
2770 4719 3052 4790 professor
3087 4720 3188 4777 SS.
3225 4723 3514 4794 theologia:

1925 4806 1980 4861 in
2013 4807 2297 4879 gymnasio
2339 4810 2757 4881 Hamburgensi.
2792 4823 2871 4871 tot
2910 4814 3141 4886 egregiis
3178 4816 3294 4887 jam
3334 4816 3514 4887 operi-

1923 4906 2029 4964 bus
2062 4908 2359 4965 litteratum
2394 4911 2583 4966 orbcm
2629 4911 2732 4967 sibi
2772 4910 3086 4966 devinctum
3113 4911 3344 4977 habens,
3376 4911 3511 4984 Hip-

1923 4999 2113 5072 polyti,
2168 5001 2235 5058 de
2268 5002 2425 5073 cujus
2474 5017 2709 5073 persona
2757 5012 2810 5058 et
2838 5002 3057 5073 scriptis
3094 5019 3192 5074 pro
3216 5003 3508 5060 ditiusissi-

1924 5107 2013 5148 ma
2032 5106 2142 5148 ‘sua
2169 5093 2401 5149 lectione
2434 5094 2777 5150 Bibiiothccw
2808 5112 2921 5151 suae
2950 5095 3149 5152 Greca:
3179 5098 3271 5152 lib.
3300 5114 3359 5163 ν,
3378 5113 3501 5169 cap.

1924 5179 1977 5249 4,
2037 5181 2185 5254 525,
2235 5183 2651 5255 diligentissime
2688 5186 2965 5253 disseruit,
3021 5202 3363 5256 quaecunque
3407 5203 3504 5242 su-

1923 5283 2171 5343 persunt,
2223 5284 2578 5331 monumenta
2631 5276 2689 5331 in
2740 5293 2906 5332 unum
2960 5292 3161 5347 corpus
3213 5291 3406 5347 cogere
3433 5293 3501 5336 ac

2602 5390 2623 5417 ο

1928 5449 2110 5530 (Ριςιζιἶ
2136 5463 2330 5530 vant,
2359 5449 2474 5519 24).
2494 5449 2577 5530 _ld
2604 5457 2707 5530 est,
2758 5457 2815 5502 ut
2840 5446 3088 5530 serviant
3107 5446 3360 5530 gentibus
3387 5462 3496 5530 non

1921 5516 2334 5603 ἀυθάτίηεεηιίξ
2365 5516 2722 5605 names"?
2752 5519 3029 5605 aerias!
3049 5516 3496 5605 Βειὲηεεξεξέῖιξεξά

1921 5586 2458 5662 ἐθωρεικῖηίιυίιξὶη
2482 5586 2794 5643 servitutem
2813 5588 3059 5641 incurva.
3074 5606 3094 5640 ι
3117 5586 3175 5642 S.
3189 5586 3493 5669 'llippolyt"

1921 5664 2016 5718 lib.
2055 5674 2224 5717 contr.
2272 5660 2511 5719 Judwos,
2558 5672 2712 5710 num.
2742 5658 2806 5723 6;
2863 5658 3004 5725 apud
3042 5656 3258 5713 Fabric.
3288 5669 3420 5711 tom.
3447 5654 3496 5713 ll

1920 5664 2016 5718 lib.
2041 5660 2224 5717 contr.
2256 5660 2511 5719 ’Judwos.
2558 5672 2712 5710 num.
2742 5660 2806 5723 6;
2863 5660 3004 5725 apud
3042 5660 3258 5713 Fabric.
3288 5669 3420 5711 tom.

1923 5732 2083 5805 0pp.,
2114 5746 2237 5805 pag.
2265 5731 2330 5800 ὃς
2360 5739 2415 5788 et
2443 5728 2584 5799 apud
2616 5725 2865 5784 Galland.
2900 5736 3031 5782 tom.
3066 5727 3132 5798 ll,
3161 5729 3265 5784 col.
3293 5727 3421 5784 449.
