4074 6404
529 337 635 391 387

1521 338 1610 392 DE
1648 335 1816 392 VITA
1857 335 1944 392 ET
1984 335 2298 392 SCRIPTIS
2332 338 2392 392 S.
2423 338 2813 394 HIPPOLYTI.

3679 347 3815 402 588

529 457 812 529 splendide
858 459 1125 514 illustrata
1153 455 1353 528 publici
1395 459 1536 529 juris
1565 460 1745 514 facere
1775 459 1830 513 in
1864 460 2105 514 animum
2140 466 2183 520 Α
2215 458 2491 512 duodecim
2523 460 2798 528 apostolis,
2862 459 3083 515 ubinam
3110 459 3348 530 quisque
3374 477 3562 517 eorum
3597 465 3828 531 przedi—

532 551 768 615 induxit,
802 552 1010 606 inscius
1046 551 1222 605 adhuc
1246 567 1408 622 quem
1439 553 1651 607 exitum
1682 552 1994 607 habiturum
2023 566 2111 605 es-

532 656 616 702 set
641 648 710 702 cl.
739 647 858 701 lani
891 648 1180 702 consilium
1210 646 1265 700 in
1293 647 1516 702 edendis
1549 647 1658 701 divi
1682 646 1956 716 Hippolyti
1985 661 2114 717 ope-

531 739 705 793 ribus.
761 737 892 793 Post
951 737 1278 793 indefessam
1338 739 1502 809 igitur
1561 739 1615 792 in
1672 738 1993 808 indagandis
2050 753 2114 793 ac

529 823 866 898 colligendis,
915 843 1036 897 qua:
1087 828 1289 898 injuria
1321 837 1625 897 temporum
1670 829 1910 881 nondum
1946 827 2113 881 inter-

530 921 800 983 ciderunt,
858 920 1030 975 sancti
1086 921 1262 975 nostri
1312 922 1549 991 scriptis,
1575 921 1788 974 duobus
1817 920 2111 974 volumini-

527 1011 630 1065 bus
656 1012 706 1064 in
741 1011 872 1065 folio
905 1012 1118 1067 minore
1151 1010 1502 1083 Hippolytum
1555 1011 1828 1081 evulgavit
1860 1013 2112 1066 laudatus

527 1101 780 1156 Albertus
837 1101 1122 1157 Fabricius
1190 1101 1528 1173 Hamburgi,
1585 1115 1819 1171 quorum
1874 1103 2111 1172 primum

525 1195 780 1248 volumen
837 1209 982 1248 anno
1034 1193 1193 1260 1716,
1249 1195 1480 1250 alterum
1532 1194 1668 1249 1718
1713 1195 1889 1249 lucem
1934 1195 2112 1264 publi-

527 1304 645 1342 cam
681 1289 837 1343 vidit.

592 1365 664 1435 ’ln
697 1383 949 1436 volumen
987 1383 1138 1452 prius
1175 1384 1452 1454 congessit
1479 1399 1824 1454 quazcunque
1859 1383 2114 1456 Hippoly—

528 1473 567 1526 ti
606 1474 768 1543 hujus
805 1475 1040 1544 rcperire
1087 1477 1280 1546 potuit.
1367 1474 1551 1531 Primo
1584 1477 1703 1532 loco
1725 1491 1948 1546 apparet
1979 1479 2114 1532 liber

527 1559 1011 1630 De‘Anticltristo,
1081 1568 1239 1636 cujus
1304 1568 1598 1622 editionem
1660 1567 2113 1623 Combelisianam

525 1657 801 1710 recensuit
833 1657 898 1710 ad
938 1657 1168 1725 primam
1215 1654 1583 1710 Parisiensem
1635 1656 1939 1711 Cudianam
1985 1665 2117 1718 anni

527 1745 686 1809 1661,
723 1761 823 1801 nec
855 1762 1028 1816 pauca
1057 1746 1384 1801 emendavit.
1444 1745 1746 1802 Substratte
1790 1748 1952 1802 etiam
1983 1759 2110 1803 sunt

479 1833 482 1836 ’
525 1835 757 1905 singulis
789 1837 1000 1906 paginis
1035 1837 1415 1892 adnotationes
1443 1838 1794 1906 Combelisii;
1851 1840 1977 1895 item
2009 1856 2105 1904 etc,

525 1943 664 1997 quas
700 1943 812 1983 sum
857 1929 1082 1983 editioni
1129 1945 1293 1982 manu
1341 1932 1560 2000 propria
1593 1932 1850 1986 alleverat
1878 1933 2107 1997 Gudius,

526 2033 634 2071 non
669 2019 890 2073 omissis
920 2020 1008 2081 iis,
1037 2035 1174 2088 quas
1232 2019 1492 2088 Epistolis
1547 2024 1661 2078 suis
1721 2026 1923 2078 criticis
1969 2026 2112 2080 inse-

525 2120 709 2164 ruerat
752 2110 1106 2181 Tanaquillus
1133 2112 1328 2168 Faber.
1385 2112 1482 2170 His
1517 2130 1646 2170 suas
1669 2117 1873 2185 passim
1913 2116 2110 2185 adjecit

525 2203 934 2259 observationes
991 2205 1105 2274 ipse
1152 2205 1460 2274 Fabricius,
1513 2208 1605 2277 qui
1657 2217 1711 2262 et
1759 2219 2000 2263 veterum
2043 2213 2110 2267 de

526 2295 618 2347 illo
649 2296 788 2349 libro
826 2299 1135 2353 testimonia
1169 2300 1440 2369 adjunxit.
1500 2299 1760 2372 Sequitur
1804 2303 1984 2357 Canon
2012 2321 2111 2374 pa-

523 2385 744 2452 schalis,
792 2387 847 2439 in
900 2388 1013 2456 jam
1063 2399 1366 2444 memorata
1417 2401 1596 2446 statua
1644 2409 1989 2460 marmorea,
2039 2401 2108 2448 ad

524 2476 717 2530 urbem
764 2477 992 2532 Romam
1029 2479 1248 2546 cﬂossa,
1299 2480 1486 2538 Graece
1519 2493 1572 2538 et
1603 2483 1815 2549 Latine,
1858 2502 1980 2540 cum
2018 2487 2104 2556 iis,

523 2582 646 2636 qua:
689 2582 797 2622 non
851 2571 1027 2624 solum
1078 2571 1130 2623 in
1163 2569 1428 2626 Canonem
1460 2574 1605 2630 hunc
1635 2573 1905 2646 Josephus
1936 2578 2109 2632 Scali-

522 2673 646 2727 ger,
702 2658 996 2730 Dionysius
1037 2658 1325 2730 Petavius,
1379 2664 1628 2735 A‘Jgidius
1671 2667 2002 2737 Bucherius,
2055 2669 2105 2727 J.

521 2746 842 2806 Dominicus
871 2752 1168 2820 Cassinus;
1206 2756 1298 2810 sed
1329 2756 1491 2810 etiam
1535 2758 1588 2810 in
1625 2758 1940 2830 Catalogum
1971 2763 2107 2814 scri-

521 2851 732 2907 ptorum
781 2841 1093 2916 Hippolyti,
1163 2845 1217 2899 in
1285 2847 1472 2901 eadem
1523 2858 1698 2903 statua
1749 2852 2104 2920 descriptum,

523 2932 832 3002 Stephanus
892 2937 940 2990 le
989 2936 1207 3009 Moyne,
1266 2938 1508 2996 Thomas
1556 2942 1778 3009 Galeus,
1820 2944 2106 3002 Eduardus

521 3023 852 3094 Bernardus,
903 3027 1047 3084 Guil.
1092 3030 1306 3086 Cavcus
1358 3033 1713 3103 scripserunt,
1760 3037 1940 3092 addita
1988 3039 2106 3108 ipsa

521 3118 724 3177 statua,
784 3115 959 3171 tribus
1009 3117 1208 3173 tabulis
1256 3121 1420 3176 amcis
1463 3137 1744 3192 expressa.
1799 3127 1936 3181 Cum
1975 3144 2103 3184 vero
2131 3165 2173 3223 α

518 3214 716 3272 praeter
756 3205 1023 3262 Cononem
1064 3211 1367 3280 paschalcm
1396 3213 1556 3268 etiam
1591 3214 2102 3274 Demonstrationem

520 3302 810 3363 temporum
844 3297 1126 3354 Paschalis
1152 3311 1205 3356 et
1234 3299 1530 3357 Chronicon
1584 3305 1906 3379 Hippolytus
1955 3325 2105 3365 com-

519 3391 781 3457 posuerit,
829 3394 1145 3449 testimonia
1187 3407 1457 3464 veterum,
1510 3400 1563 3453 in
1610 3402 1811 3472 quibus
1847 3406 2010 3460 unius
2036 3421 2100 3461 ex

519 3477 606 3534 his
649 3481 826 3535 tribus
870 3485 1073 3538 mentio
1125 3486 1203 3552 tit,
1256 3489 1588 3558 conjunctim
1639 3494 1966 3550 exhibentur
1994 3513 2103 3553 una

520 3585 644 3624 cum
693 3573 913 3641 antiqua
956 3576 1206 3632 versione
1253 3577 1442 3634 Latina
1497 3582 1783 3651 Chronici,
1837 3589 1982 3657 quod
2032 3604 2100 3643 ex

519 3661 707 3715 multis
749 3663 972 3731 judiciis
1007 3667 1073 3721 ad
1109 3667 1458 3741 Hippolytum
1513 3675 1746 3731 retulere
1799 3679 2098 3736 doctissimi

518 3751 640 3805 viri.
705 3751 866 3810 Hisce
898 3757 1147 3826 adjunxit
1171 3761 1436 3832 integram
1466 3765 1904 3823 dissertationem
1927 3770 2099 3826 Fran-

517 3844 646 3899 cisci
675 3845 958 3902 Blancbini
991 3850 1064 3905 De
1090 3850 1300 3908 Conone
1323 3859 1562 3925 paschali
1590 3859 1884 3931 Hippolyti,
1911 3863 2098 3921 Romae

515 3952 660 3990 anno
713 3938 852 3993 1705
893 3942 1093 3998 editam
1123 3986 1136 4008 ,
1192 3956 1247 4000 et
1293 3949 1735 4019 disceptationes.
1787 3957 1987 4025 quibus
2029 3959 2096 4014 de

514 4041 659 4082 anno
707 4031 884 4098 primo
928 4034 1141 4103 imperii
1177 4037 1361 4095 Severi
1387 4042 1702 4107 Alexandri,
1758 4047 1809 4100 in
1838 4049 2094 4105 cathedra

513 4134 822 4177 marmorea
875 4123 1146 4198 Hippolyti
1176 4144 1497 4201 memorato,
1549 4137 1689 4191 inter
1713 4153 1769 4194 se
1803 4143 2094 4197 contende-

510 4219 640 4264 runt
682 4209 958 4282 Virginius
999 4215 1339 4287 Valsechius,
1392 4222 1675 4295 Philippus
1716 4229 1782 4282 de
1818 4229 1868 4284 la
1898 4230 2088 4297 Turre,

512 4311 568 4354 et
592 4299 748 4358 Joan.
786 4303 1091 4376 Vignolius.
1146 4310 1278 4376 Qute
1300 4329 1463 4382 porro
1494 4317 1584 4372 hic
1613 4320 1834 4390 scripta,
1869 4324 1952 4378 vel
1979 4324 2090 4378 fra-

513 4403 730 4461 gmenta
760 4395 1049 4469 Hippolyti,
1087 4413 1214 4458 sunt
1247 4423 1260 4459 :
1292 4405 1689 4464 Demonstratio
1711 4412 1959 4469 adversus
1987 4415 2090 4470 Ju-

2217 549 2443 614 cavcrit,
2479 565 2544 602 ac
2581 549 2671 602 ubi
2704 561 3113 604 consummatus
3144 551 3230 611 sit,
3268 565 3430 620 quam
3458 553 3658 605 nudam
3679 556 3733 620 ja
3749 570 3826 607 rn

2213 641 2584 710 publicaverat
2617 640 2898 696 Fabricius
2927 657 3073 697 anno
3107 642 3264 705 1714,
3327 659 3564 696 nnacum
3617 645 3827 700 tribus

2214 732 2321 785 illis
2352 730 2427 784 De
2459 732 2567 784 vita
2597 730 2797 800 Moysi:
2848 731 3020 797 libris,
3073 731 3345 786 Gaulmini
3394 737 3822 789 commentario

2215 823 2502 877 illustratis
2531 838 2654 892 pag.
2685 822 2812 883 508,
2846 827 2936 877 sed
2979 839 3122 878 nunc
3153 827 3406 892 stipatam
3435 827 3822 896 amplissimis

2215 915 2658 969 adnotationibus
2681 914 2952 969 Francisci
2980 916 3311 971 Combelisii.
3333 916 3462 972 Item
3484 918 3554 971 De
3577 929 3819 988 septua-

2214 1007 2364 1074 ginta
2414 1007 2712 1073 apostolis,
2765 1021 2827 1059 ac
2862 1022 2981 1074 qua:
3019 1007 3244 1084 reperiri
3301 1019 3525 1077 potuere
3555 1025 3620 1062 ex
3657 1014 3824 1064 scri—

2217 1099 2327 1169 ptis
2349 1097 2623 1170 Hippolyti
2649 1099 2888 1168 junioris
2918 1099 3184 1156 Thebani.
3211 1099 3496 1155 Volumine
3525 1103 3822 1172 posterio-

2212 1192 2258 1244 ri
2293 1192 2486 1244 horum
2536 1206 2759 1260 operum
2815 1190 3513 1263 continenturzHippolyli
3561 1193 3822 1248 Demon-

2213 1282 2404 1334 stratio
2455 1281 2706 1334 adversus
2738 1278 2980 1347 Judazos,
3031 1281 3385 1350 ejusdemque
3413 1286 3658 1336 adversus
3682 1284 3825 1338 lue-

2215 1375 2355 1428 resin
2390 1367 2575 1436 Nocti,
2611 1383 2842 1442 utraque
2867 1389 3014 1428 nunc
3033 1375 3268 1443 primum
3297 1376 3481 1431 Grmce
3509 1393 3573 1432 ex
3609 1379 3823 1435 codice

2219 1464 2484 1520 Vaticano
2510 1482 2612 1520 ms.
2645 1466 2810 1531 edita,
2851 1481 2974 1519 cum
2997 1470 3184 1520 eadem
3222 1466 3472 1523 Turriani
3520 1471 3816 1538 versione,

2216 1565 2270 1609 et
2310 1557 2499 1610 iisdem
2545 1557 2708 1621 notis,
2757 1572 2877 1626 qua:
2908 1558 3021 1626 jam
3071 1559 3175 1612 vol.
3211 1560 3250 1624 Ι,
3297 1575 3418 1629 pag.
3451 1559 3555 1614 228
3586 1571 3634 1615 et
3662 1562 3814 1631 255,

2215 1649 2433 1704 inserta:
2487 1649 2849 1719 reperiuntur.
2905 1650 3228 1720 Fragmenta
3272 1669 3335 1706 ex
3382 1652 3811 1709 Commentariis

2215 1742 2270 1793 in
2315 1739 2557 1808 Genesin,
2599 1741 2783 1796 Grarce
2808 1753 2859 1797 et
2886 1742 3076 1797 Latine
3121 1743 3307 1798 itidem
3342 1745 3575 1815 primum
3617 1747 3669 1800 in
3708 1749 3816 1802 lu-

2211 1847 2327 1887 cem
2357 1833 2556 1888 emissa
2589 1849 2653 1887 ex
2676 1834 2878 1888 Catena
2903 1833 3124 1888 Patrum
3155 1836 3465 1891 Graecoi'um
3497 1837 3565 1890 88
3594 1839 3812 1894 biblio-

2211 1926 2381 1980 thecaa
2433 1926 2894 1990 Vindobonensis,
2944 1944 3065 1997 quin
3104 1930 3383 1983 continent
3412 1930 3811 1988 adnotationes

2210 2017 2278 2071 ad
2305 2017 2499 2074 Geues.
2535 2034 2572 2081 r,
2609 2019 2662 2082 5,
2690 2019 2755 2086 6;
2794 2036 2874 2086 ιιι,
2911 2019 2974 2085 8;
3007 2037 3158 2082 xux.
3189 2023 3241 2088 5,
3277 2023 3332 2082 4,
3369 2023 3421 2088 5,
3459 2024 3544 2089 11,
3577 2023 3662 2088 12,
3699 2025 3809 2082 16.

2169 2097 2174 2104 ’
2210 2112 2329 2165 Alia
2371 2111 2620 2180 quaedam
2668 2111 2992 2181 fragmenta,
3049 2121 3106 2164 ut
3154 2112 3220 2167 de
3249 2111 3499 2176 Ezechia,
3550 2113 3603 2166 in
3636 2115 3812 2169 lsaize

2210 2216 2442 2266 xxxvm,
2475 2200 2527 2263 5,
2563 2216 2628 2253 ex
2661 2200 2778 2253 cod.
2814 2199 3040 2253 Coislin.
3078 2201 3200 2254 195.
3239 2199 3416 2257 Locus
3438 2219 3500 2256 ex
3531 2200 3807 2274 Hippoly-

2209 2293 2249 2346 ti
2283 2307 2534 2346 sermoue
2559 2292 2592 2344 2
2615 2331 2628 2353 ,
2662 2291 2715 2344 in
2755 2290 3049 2356 Dauielem,
3070 2292 3267 2348 citatus
3298 2293 3634 2358 Eustralbio,
3665 2311 3806 2364 cap.

2208 2384 2274 2438 19
2298 2384 2558 2438 adversus
2581 2381 3178 2453 Psycbopannychitas,
3215 2394 3268 2439 et
3298 2385 3560 2439 nonnulla
3599 2387 3652 2440 in
3677 2386 3805 2442 lleo-
3843 2391 3852 2398 '

2207 2479 2432 2533 naudoti
2494 2477 2739 2530 Historia
2799 2478 3226 2546 patriarcharum
3281 2480 3598 2548 Alexandr.,
3660 2498 3799 2553 pag.

2206 2570 2332 2633 360,
2398 2568 2688 2640 Hippolyto
2740 2569 2997 2638 ascripta,
3046 2585 3167 2639 qua:
3213 2579 3393 2625 tamen
3439 2574 3620 2641 potius
3659 2573 3806 2629 Julii

2207 2661 2439 2716 Romani
2492 2677 2614 2717 esse
2663 2661 2913 2731 praefatio
2962 2663 3138 2717 docet.
3199 2663 3700 2721 Commentationes
3729 2667 3801 2722 in

2216 2752 2412 2809 Cenes.
2443 2770 2548 2820 vn,
2605 2753 2668 2819 6;
2705 2770 2832 2819 \‘lll,
2864 2756 2927 2821 1,
2962 2765 3016 2809 et
3045 2753 3339 2809 Deuteron.
3377 2772 3579 2824 χχχιιι,
3626 2758 3652 2811 1
3676 2797 3692 2822 ,
3719 2775 3807 2815 ex

2213 2842 2582 2901 Pentateucho
2629 2846 2862 2901 Arabico
2901 2848 3151 2902 bibliotb.
3189 2847 3514 2913 Bodleiamc,
3548 2865 3686 2919 quas
3714 2851 3803 2908 cl.

2207 2935 2442 3007 Gaguier
2468 2939 2592 2992 inde
2618 2949 2904 3009 excerptas
2935 2940 3128 2994 Latine
3159 2941 3319 2995 vertit
3348 2959 3360 2994 :
3395 2941 3448 2994 in
3475 2942 3676 3011 quibus
3706 2951 3803 2995 ta-

2206 3044 2332 3082 men
2356 3029 2490 3083 nihil
2519 3030 2942 3086 Commentariis
2977 3030 3250 3101 Hippolyti
3288 3029 3492 3086 Graecis
3525 3033 3579 3086 in
3613 3019 3806 3087 Gene-

2207 3121 2311 3177 sim
2346 3123 2653 3191 respondet.
2710 3122 2855 3179 Loca
2882 3125 3146 3178 nonnulla
3172 3126 3224 3178 in
3254 3124 3468 3178 Leontii
3502 3123 3798 3196 Byzantini

2208 3216 2302 3270 lib.
2335 3226 2561 3270 tcontra
2597 3215 2930 3283 Nestorium,
2979 3227 3033 3272 et
3078 3218 3131 3271 in
3159 3217 3400 3275 Concilio
3429 3216 3798 3273 Lateranensi

2207 3323 2352 3363 anno
2381 3309 2505 3372 649,
2541 3325 2664 3379 pag.
2695 3309 2794 3364 281
2826 3321 2881 3364 et
2910 3309 3038 3373 287,
3091 3325 3156 3363 ex
3189 3307 3478 3380 Hippolyto
3529 3309 3791 3364 adducta.

2205 3399 2500 3456 Doctorum
2535 3403 2779 3456 virorum
2831 3403 3210 3457 adnotationes
3239 3403 3305 3456 de
3334 3401 3646 3473 Hippolyto,
3682 3417 3796 3457 no-

2203 3494 2451 3548 minatim
2484 3508 2550 3548 ex
2587 3492 2738 3547 Sam.
2775 3491 2932 3547 Petiti
2964 3491 3150 3562 Eclog.
3178 3492 3504 3562 chronolog.,
3560 3493 3654 3546 lib.
3698 3510 3791 3559 nr,

2201 3601 2321 3655 cap.
2352 3585 2407 3652 2,
2452 3585 2518 3640 de
2551 3585 3223 3643 heckaedecaeterideetex
3272 3583 3470 3653 Georg.
3512 3584 3651 3638 Bulli
3678 3583 3794 3638 De-

2201 3677 2335 3746 fens.
2372 3678 2468 3746 ῥά.
2503 3675 2738 3743 Nic-mm,
2781 3685 2912 3732 sect.
2951 3693 3012 3741 ιι,
3049 3692 3170 3746 cap.
3206 3674 3261 3742 8,
3296 3687 3348 3731 et
3371 3685 3503 3732 sect.
3542 3691 3624 3738 ιιι,
3656 3690 3788 3745 cap.

2199 3771 2269 3837 8,~
2305 3773 2371 3826 de
2413 3773 2662 3827 doctrina
2694 3771 2987 3842 Hippolyti,
3050 3786 3286 3826 nnacum
3307 3768 3357 3824 J.
3421 3769 3553 3827 Ern.
3582 3768 3786 3824 Grabii

2199 3863 2642 3918 aantationibus
2695 3864 2886 3918 eodem
2947 3864 3336 3933 spectantibus.
3391 3863 3486 3919 llis
3546 3863 3790 3934 denique

2197 3959 2546 4030 subjungitur
2577 3958 2850 4030 Hippolyti
2881 3959 3117 4028 junioris
3146 3957 3388 4013 Thebani
3413 3957 3788 4028 fragmentum

2195 4064 2262 4102 ex
2314 4048 2590 4105 Chronico
2625 4051 3024 4106 commentario
3065 4051 3134 4105 ab
3177 4048 3410 4104 Henrico
3455 4048 3678 4103 Canisio
3721 4049 3787 4104 in

2196 4147 2329 4194 tom.
2365 4140 2434 4194 ΙΙΙ
2466 4139 2778 4195 Lectionum
2822 4142 3164 4212 antiquarum
3209 4142 3438 4198 editum.
3479 4142 3616 4208 Quia
3645 4157 3785 4198 vero

2196 4234 2310 4287 haec
2336 4233 2521 4288 omnia
2549 4248 2657 4287 non
2691 4233 2831 4288 ultra
2858 4232 2928 4286 62
2949 4233 3176 4304 paginas
3204 4233 3448 4304 implent,
3480 4236 3547 4290 ad
3563 4235 3782 4303 justum

2193 4325 2444 4379 volumen
2470 4323 2867 4380 conﬁciendum
2891 4325 3110 4380 additur
3124 4326 3388 4396 appendix
3409 4327 3780 4396 complectens

2193 4414 2538 4485 Spicilegium
2561 4415 2790 4469 Patrum
2814 4416 2996 4471 saeculi
3027 4427 3182 4483 tu,et
3210 4415 3475 4472 Chalcidii
3499 4417 3781 4472 Commen-

512 4486 657 4538 dazos
685 4501 752 4540 ex
781 4491 1033 4548 versione
1068 4492 1258 4550 Latina
1288 4497 1563 4555 Francisci
1594 4501 1868 4572 Turriani,
1921 4525 2086 4578 quam
2120 4509 2164 4564 Ι)
2194 4507 2357 4560 turios
2389 4507 2447 4558 in
2487 4505 2743 4560 Timceum
2774 4504 3019 4561 Platonis
3053 4507 3392 4575 emendatos,
3445 4517 3500 4562 et
3525 4510 3670 4563 notis
3708 4508 3779 4562 il-

513 4587 636 4629 esse
667 4579 992 4644 particulam
1017 4583 1524 4645 Commentariorum
1547 4591 1818 4667 Hippolyti
1851 4599 1904 4652 in
1932 4599 2088 4654 Psal-

512 4681 623 4718 mos
656 4667 939 4755 Fabricius
989 4678 1332 4747 suspicatur;
1388 4682 1690 4755 fragmenta
1721 4707 1782 4743 ex
1817 4691 1956 4745 libro
1986 4693 2086 4746 ad-

511 4773 688 4813 versus
719 4749 950 4827 Graecos,
1012 4769 1104 4837 qui
1136 4771 1452 4830 inscribitur
1487 4779 1778 4835 :Adr-ersus
1810 4782 2087 4840 Platonem

511 4850 575 4904 de
616 4869 778 4908 causa
827 4857 1092 4925 uttirersi;
1147 4877 1213 4917 ex
1245 4881 1408 4935 opere
1451 4869 1702 4926 adversus
1732 4875 1975 4942 hwreses,
2031 4877 2084 4930 in

509 4941 709 5011 quibus
725 4947 1031 5016 copiosiora
1055 4961 1202 5018 sunt,
1231 4971 1352 5024 quae
1377 4958 1640 5016 Adversus
1665 4961 1942 5032 Beronem,
1966 4941 2089 5021 lser-

508 5043 631 5087 vata
662 5051 692 5088 a
717 5035 1026 5108 Nicephoro
1070 5042 1673 5116 Constantinopolitano
1716 5060 1767 5105 et
1799 5053 2088 5109 Anastasio

505 5119 950 5195 Bibliotheeario,
985 5142 1040 5186 et
1072 5136 1321 5189 adversus
1350 5137 1577 5192 Noetum
1615 5140 1805 5197 Latine
1853 5153 2085 5213 tantum,

507 5216 596 5271 hic
627 5221 995 5291 exhibentur;
1035 5226 1164 5279 item
1201 5228 1336 5300 Περὶ
1366 5233 1722 5302 χαρισμάτων
1756 5235 2085 5308 ἀποστολικὴ

507 5312 824 5382 παράδοσις,
861 5313 1105 5371 llomilia
1135 5320 1188 5372 in
1224 5331 1563 5376 sacroSancta
1590 5323 2090 5397 Theophaniahpri-

504 5415 655 5455 mum
675 5406 818 5460 edita
844 5423 911 5461 ex
930 5426 1062 5465 mss.
1094 5413 1281 5467 codice
1300 5413 1522 5470 Thoan
1548 5416 1719 5483 Galei,
1742 5420 2087 5489 interspersis

508 5494 712 5548 notulis
727 5493 992 5566 Fabricii;
1017 5512 1070 5556 et
1094 5501 1394 5572 fragmenta
1419 5520 1484 5559 ex
1513 5504 1786 5578 Hippolyti
1814 5509 2087 5562 Commen-

510 5585 662 5636 tariis
709 5587 762 5639 in
811 5591 983 5644 varios
1039 5592 1330 5664 Scriptura:
1358 5594 1541 5662 libros,
1575 5605 1629 5650 et
1656 5611 1718 5651 ex
1750 5599 1868 5668 ejus
1899 5599 2087 5653 Homi-

508 5676 619 5730 liis.
689 5678 944 5750 Subjecta
972 5687 1238 5754 appendix
1271 5689 1651 5758 complectitur
1687 5694 1888 5762 scripta
1921 5694 2085 5749 dubia

504 5779 560 5823 et
587 5774 889 5842 supposita,
944 5776 1142 5833 librum
1169 5779 1247 5833 De
1273 5785 1720 5840 consummatione
1758 5788 1973 5855 mundi;
2007 5787 2085 5843 De

2189 4597 2471 4653 lustratos.
2526 4597 2585 4650 ln
2636 4596 2919 4669 Spicilegio
2971 4599 3063 4655 illo
3100 4608 3400 4656 occurrunt
3437 4619 3450 4654 :
3491 4601 3549 4655 1⁰
3579 4602 3777 4656 Irenaei

2189 4689 2489 4760 fragmenta
2528 4705 2700 4760 nuper
2726 4707 2755 4745 a
2781 4691 2851 4745 cl.
2881 4691 3192 4762 Christoph.
3230 4690 3418 4747 Matth.
3446 4692 3634 4748 Pfallio
3653 4695 3776 4748 edi-

2189 4792 2279 4848 ta;
2329 4783 2394 4836 2ο
2429 4781 2726 4837 Clementis
2767 4783 3120 4839 Alexandrini
3176 4785 3503 4857 fragmenta,
3547 4802 3670 4857 quae
3713 4787 3772 4842 in

2188 4865 2426 4929 editione
2472 4874 2770 4931 Oxoniensi
2819 4885 3029 4932 tantum
3087 4877 3273 4933 Griece
3321 4879 3608 4949 leguntur;
3662 4879 3772 4936 alia

2189 4966 2316 5020 item
2351 4981 2380 5020 a
2408 4965 2646 5022 Macario
2673 4967 3115 5038 Chrysocephalo
3136 5009 3151 5034 ,
3201 4968 3492 5025 Anastasio
3537 4969 3766 5035 Sinaita,

2189 5059 2498 5130 Nicephoro
2552 5059 2658 5115 (ΣΡ.
2691 5071 2744 5114 et
2791 5059 2949 5114 Joan.
2989 5060 3346 5127 Damasceno,
3393 5079 3460 5117 ex
3489 5062 3769 5120 Clemente

2187 5151 2339 5206 Alex.
2373 5154 2574 5218 citata;
2629 5153 2686 5206 3°
2713 5151 2978 5207 Methodii
3013 5153 3232 5210 Eubulii
3257 5155 3562 5210 Convivium
3589 5158 3766 5211 decem

2188 5244 2451 5312 virginum
2489 5260 2516 5297 a
2549 5242 2730 5298 Leone
2762 5243 2962 5298 Allatio
2995 5254 3049 5298 et
3082 5243 3244 5300 Petro
3273 5245 3506 5301 Possino
3538 5251 3765 5316 editum,

2188 5350 2290 5389 nec
2333 5350 2440 5389 non
2479 5335 2788 5389 Combelisii
2821 5335 3114 5389 Auctuario
3145 5335 3287 5392 Bibl.
3325 5337 3551 5391 Patrum
3591 5341 3768 5395 inser-

2188 5434 2324 5492 tum,
2360 5443 2483 5482 eum
2514 5427 2714 5481 Leonis
2745 5426 2926 5480 Allatii
2977 5427 3211 5484 diatriba
3257 5431 3321 5484 de
3350 5429 3665 5496 Methodiis;
3697 5432 3765 5486 4°

2187 5519 2399 5573 Claudii
2445 5518 2699 5573 Salmasii
2735 5517 3156 5574 Commentarius
3203 5522 3478 5576 inchoatus
3507 5525 3560 5576 in
3591 5525 3768 5577 Arno-

2187 5611 2330 5664 bium
2384 5626 2450 5664 ex
2497 5611 2810 5680 apograpbo
2841 5610 3091 5666 Gudiano
3135 5613 3345 5677 editus;
3403 5614 3466 5668 5ο
3495 5616 3626 5668 Acta
3661 5617 3767 5669 Ar-

2187 5700 2384 5766 chelai,
2419 5701 2660 5770 episc0pi
2680 5699 3082 5770 Mesopotamiae
3113 5719 3235 5756 cum
3265 5703 3474 5760 Mane-te
3494 5745 3509 5768 ,
3543 5721 3609 5758 ex
3645 5707 3765 5759 edi-

2189 5791 2336 5847 tione
2363 5790 2526 5846 Laur.
2559 5791 2853 5847 Alexandri
2885 5791 3171 5863 Zaccagnii
3195 5838 3209 5862 ,
3247 5796 3449 5865 quibus
3479 5797 3766 5866 subjungi-
