4074 6450
326 388 466 448 ’339

1352 392 1444 451 DE
1474 391 1640 447 VITA
1670 390 1758 446 ET
1797 391 2114 448 SCRIPTIS
2148 392 2211 448 S.
2255 388 2639 451 illPPOLYTl.

3517 401 3620 458 590

340 518 453 564 tur
495 509 709 565 Ludov.
754 512 953 567 Anton.
998 512 1284 569 Muratorii
1329 515 1642 587 disquisilio
1682 517 1735 570 in
1769 516 1944 571 Maui-
1975 525 2021 578 Α
2049 519 2283 587 phania;
2337 520 2400 573 5°
2444 521 2692 591 sequitur
2741 519 2814 576 De
2857 521 3267 576 charismatibus
3327 524 3620 592 apostolica

342 604 637 657 cinnorum
685 607 1207 675 anathematismos;
1260 609 1323 663 6°
1355 608 1411 663 S.
1438 609 1704 679 Pamphili
1739 618 1942 680 marty-

345 696 435 749 ris
456 694 740 764 Expositio
756 698 989 766 capitum
1011 698 1235 753 Acluum
1260 701 1690 770 apostolicorum,
1710 718 1739 755 a
1758 701 1942 755 Mont-

334 785 618 840 J‘aueonio
649 798 703 841 ct
732 785 1037 859 Zaccagnio
1065 789 1231 854 edita,
1279 790 1368 845 cui
1398 804 1452 846 et
1483 792 1603 847 alia:
1649 793 1941 863 κεφαλαιο-

334 875 583 946 ,μέτριαι
614 877 859 947 ejusdem
885 879 1010 933 libri
1053 881 1194 935 sacri
1224 880 1657 953 subjunguutur;
1712 884 1777 937 7°
1806 886 1941 940 Acta

344 966 633 1034 passionis
688 968 747 1024 S.
794 967 1065 1040 Pamphili
1107 973 1363 1043 martyris
1412 988 1477 1028 ex
1524 973 1681 1029 libris
1721 974 1939 1031 Eusebii

339 1057 716 1116 Caesariensis
755 1061 824 1116 de
853 1062 1000 1119 illius
1025 1061 1170 1131 Vita,
1218 1080 1341 1120 eum
1372 1068 1516 1121 notis
1543 1066 1937 1138 Papebrochii;

343 1150 414 1203 8°
451 1150 703 1222 Gregorii
744 1152 1137 1227 Thaumaturgi
1172 1155 1450 1227 Expositio
1476 1160 1622 1229 ﬁdei.

421 1240 459 1294 J
466 1243 706 1298 udicium
726 1244 985 1302 Ceillierii
1005 1248 1069 1303 de
1089 1251 1189 1303 hac
1216 1252 1830 1322 editione.—Ca:terum,
1851 1253 1933 1309 ob

344 1346 614 1391 servante
645 1338 951 1395 clarissimo
978 1341 1227 1414 Remigio
1254 1343 1527 1401 Ceillierio
1555 1346 1687 1418 (58),
1723 1348 1938 1404 laudata

342 1429 596 1486 Fabricii
611 1447 837 1502 operum
857 1430 1301 1509 Hippolytcorum
1320 1438 1487 1493 editio
1503 1418 1610 1493 non
1626 1440 1762 1495 satis
1783 1441 1939 1497 nobis

340 1534 545 1579 exacta
565 1525 797 1581 videtur.
815 1525 1002 1598 Neque
1017 1530 1162 1584 enim
1182 1530 1473 1599 perdoctus
1498 1532 1675 1587 editor
1688 1533 1934 1588 ordinem

343 1622 662 1684 temporum
714 1633 890 1689 neque
934 1621 1288 1675 materiarum
1337 1632 1589 1678 accurate
1630 1625 1939 1684 observavit

342 1706 404 1760 in
445 1709 801 1766 recensendis
848 1713 968 1781 ejus
1008 1713 1259 1783 scriptis;
1314 1722 1477 1785 atque
1510 1717 1818 1773 verosimile
1854 1728 1940 1775 est

339 1804 499 1873 quod
527 1819 592 1859 ea
622 1807 861 1875 imprimi
892 1809 1184 1877 curaverit,
1214 1817 1377 1880 prout
1396 1825 1460 1866 ea
1487 1815 1748 1882 receperit
1775 1814 1934 1884 eique

334 1895 403 1949 in
446 1912 649 1978 many}
700 1899 1012 1956 inciderint.
1069 1900 1196 1958 Hae
1244 1911 1427 1960 tamen
1467 1904 1588 1961 laus
1633 1907 1703 1961 cl.
1737 1906 1932 1962 Fabri-

334 1988 431 2043 cio
454 1988 705 2057 debetur,
756 1993 904 2062 quod
949 1992 1005 2048 in
1049 1995 1351 2067 colligenda
1381 1995 1812 2068 fragmentorum
1840 2006 1934 2055 eo.

330 2082 435 2151 pia
469 2084 801 2154 scriptorum
833 2086 1001 2157 hujus
1031 2086 1212 2144 Patris
1234 2090 1380 2145 haud
1404 2090 1692 2148 infeliciter
1717 2094 1935 2150 labora-

334 2176 507 2243 verit,
551 2191 677 2247 quae
718 2179 774 2232 in
822 2188 1062 2236 veterum
1090 2191 1373 2238 auctorum
1401 2185 1682 2255 operibus,
1714 2187 1769 2243 in
1801 2203 1934 2243 con-

337 2269 605 2343 ciliorum
644 2270 818 2335 Actis,
873 2279 930 2327 et
976 2272 1031 2327 in
1074 2274 1528 2331 bibliothecarum
1580 2275 1928 2347 Parisiensis,

336 2361 659 2418 Germania:
686 2374 740 2419 et
770 2363 1068 2422 Britanniae
1113 2367 1329 2439 angulis
1353 2369 1597 2439 dispersa
1636 2372 1880 2429 latebant
1913 2392 1926 2426 :

336 2456 495 2524 quod
523 2472 591 2511 ex
621 2456 691 2512 iis
717 2457 966 2528 quaedam
999 2474 1029 2514 e
1054 2458 1242 2517 Graeco
1280 2461 1336 2516 in
1369 2461 1622 2519 Latinum
1670 2466 1931 2524 traduxer

270 2532 277 2543 ’
334 2546 449 2613 rit,
505 2548 765 2617 plurimis
808 2550 1282 2609 observationibus
1332 2556 1568 2611 maxime
1618 2573 1931 2628 peraccom-

336 2640 526 2695 modis
558 2650 674 2696 tum
725 2642 793 2697 ad
843 2651 1051 2699 textum
1107 2645 1554 2714 dilucidandum,
1582 2660 1695 2705 tum
1735 2652 1802 2707 ad
1832 2652 1930 2709 do-

334 2733 535 2787 ctrinae
562 2733 742 2804 capita
775 2735 1082 2801 enodanda,
1139 2752 1261 2807 quae
1289 2738 1465 2808 prima
1497 2740 1676 2797 fronte
1700 2743 1930 2800 lectores

282 2821 299 2827 “
332 2818 633 2889 perplexos
664 2819 894 2882 reddere
921 2831 1164 2890 possent,
1199 2822 1573 2881 illustraverit.

418 2911 603 2966 Editio
656 2911 954 2967 Gallandii.
990 2945 1059 2954 —
1096 2914 1255 2969 Anno
1303 2915 1461 2982 1766,
1513 2916 1596 2972 vir
1637 2918 1927 2987 perdoctus

336 3004 593 3058 Andreas
622 3000 939 3061 Gallandius
971 3003 1243 3078 Hippolyti
1283 3005 1456 3077 Opera
1489 3008 1545 3061 in
1567 3009 1811 3063 ordinem
1846 3010 1928 3063 di-

338 3104 520 3167 gesta,
572 3095 819 3166 duasque
864 3098 920 3152 in
966 3110 1149 3168 partes
1182 3100 1407 3167 tributa,
1449 3116 1643 3157 rursus
1666 3102 1719 3155 in
1750 3102 1926 3157 lucem

2046 613 2283 666 traditio.
2342 612 2541 669 Ultimo
2592 616 2807 671 tandem
2860 617 3001 671 loco
3040 618 3254 672 sistitur
3305 616 3486 672 Canon
3526 635 3608 688 pa-

2043 704 2236 758 schalis
2288 704 2475 760 Gneec
2514 723 2578 761 ac
2628 706 2856 773 Latine,
2914 707 3209 778 interprete
3248 710 3620 766 eruditissimo

2042 794 2338 871 Francisco
2389 794 2732 865 Blanehinio,
2763 798 3016 869 notisque
3039 799 3242 869 [Egidii
3276 799 3530 856 Bucherii
3556 801 3606 856 ξι.
3671 784 3679 799 ’

2041 886 2330 944 lustratus.

2110 979 2250 1034 Alite
2279 979 2533 1036 editiones
2576 984 2930 1054 quorumdam
2970 982 3343 1053 opusculorum
3388 981 3447 1039 S.
3480 981 3618 1054 Hipc

2039 1070 2229 1140 polyti.
2287 1071 2468 1127 Editio
2506 1072 2659 1144 Cycli
2703 1074 2992 1144 paschalis.
3022 1105 3093 1117 —
3124 1072 3395 1130 Cancrum
3463 1090 3619 1130 novae

2040 1163 2294 1221 editionis
2333 1181 2559 1235 operum
2586 1166 2642 1220 S.
2672 1165 2941 1237 Hippolyti
2972 1181 3124 1236 spem
3176 1166 3304 1221 fecit
3355 1182 3406 1222 v.
3437 1166 3507 1222 ci.
3562 1165 3613 1222 Ι.

2040 1254 2185 1311 Guil.
2233 1255 2406 1312 Janus
2450 1258 2696 1314 historiae
2744 1259 2798 1313 in
2830 1258 3107 1313 academia
3156 1258 3615 1330 Wittenbergensi

2039 1348 2357 1417 professor,
2390 1350 2443 1404 in
2498 1352 2654 1420 cujus
2700 1352 2954 1407 manibus
2980 1350 3203 1407 fuerunt
3247 1352 3461 1407 scheda:
3496 1351 3617 1406 Mil-

2039 1440 2219 1508 lianae,
2249 1457 2369 1511 quas
2398 1458 2522 1497 cum
2553 1443 2814 1497 nonnulla
2848 1444 3025 1498 adhuc
3048 1444 3251 1498 inedita
3286 1444 3615 1513 complecte-

2041 1541 2149 1598 tur,
2182 1543 2296 1587 tum
2330 1535 2433 1588 alia
2478 1551 2545 1589 ex
2589 1536 2752 1590 unius
2794 1545 3003 1591 tantum
3046 1536 3251 1592 codicis
3299 1536 3614 1607 apographo

2036 1626 2203 1693 edita,
2233 1641 2356 1680 cum
2383 1626 2630 1695 pluribus
2649 1627 2891 1683 melioris
2924 1636 3067 1682 nota:
3098 1642 3202 1682 ms.
3229 1627 3445 1691 collata,
3473 1628 3614 1683 mul-

2038 1716 2218 1785 tisque
2264 1716 2512 1784 partibus
2565 1715 2936 1770 emendatiora
2991 1713 3297 1778 exhibebit,
3350 1713 3447 1778 iis,
3490 1728 3614 1784 quae

2039 1818 2223 1877 aperte
2268 1806 2558 1878 llippolyto
2604 1809 2885 1878 supposita
2931 1816 3090 1873 sunt,
3136 1807 3468 1879 segregatis,
3518 1813 3615 1860 aut

2035 1901 2227 1956 saltem
2270 1900 2586 1956 distinctis:
2643 1899 3009 1969 quorumdam
3061 1899 3223 1953 etiam
3273 1913 3446 1953 novas
3490 1912 3612 1951 ver-

2034 1994 2219 2049 siones
2236 1994 2391 2063 juxta
2419 1994 2737 2048 relationem
2762 1993 2815 2046 in
2835 1993 2985 2048 Actis
3006 1992 3345 2047 eruditorum
3364 1990 3613 2060 Lipsien-

2034 2087 2188 2141 sibus
2228 2086 2386 2153 1718,
2424 2101 2547 2155 pag.
2596 2085 2725 2151 444,
2771 2084 3031 2139 daturum
3082 2097 3144 2138 se
3187 2082 3459 2152 promisit.
3505 2081 3612 2137 Sed

2032 2177 2365 2247 promissum
2436 2192 2545 2231 non
2620 2177 2876 2232 exsolvit.
2945 2175 3253 2246 Antequam
3327 2173 3613 2230 Fabricius

2033 2271 2233 2341 scripta
2290 2269 2349 2325 S.
2400 2267 2672 2341 Hippolyti
2716 2282 2893 2325 unum
2936 2269 2993 2324 in
3034 2284 3236 2340 corpus
3280 2268 3610 2339 collegisset,

2032 2363 2280 2434 quzedam
2313 2363 2427 2433 jam
2475 2362 2771 2433 separatim
2823 2363 3093 2432 impressa
3141 2362 3479 2417 visebantur.
3520 2359 3613 2415 Sic

2032 2456 2225 2529 Cyclus
2277 2456 2543 2527 paschalis
2590 2457 2646 2511 in
2700 2471 2863 2527 opere
2914 2456 3059 2525 quod
3117 2455 3188 2510 cl.
3234 2453 3477 2527 Scaliger
3533 2454 3611 2511 De

2031 2550 2391 2604 emendatione
2445 2562 2737 2620 temporum
2794 2548 3029 2604 confecit
3078 2549 3378 2617 impressus
3424 2546 3611 2602 Graece

2030 2642 2272 2697 occurrit
2300 2643 2471 2709 i585,
2519 2640 2770 2695 Paris.in
2810 2640 2932 2705 τοι,
2987 2639 3237 2710 Lugduni
3281 2638 3608 2717 Batavorum

2030 2735 2205 2799 1598,
2271 2734 2510 2790 Coloniae
2574 2736 2928 2806 Allobrogum
2988 2730 3103 2789 seu
3144 2732 3376 2788 Genava:
3444 2731 3607 2789 1629.

2028 2827 2113 2883 Cl.
2164 2827 2431 2884 Gruterus
2468 2829 2524 2883 in
2565 2829 2886 2885 collectione
2931 2825 3344 2896 Inscriptionum
3390 2824 3607 2881 lleidel-

2020 2919 2207 2991 bergze
2257 2919 2397 2975 1600
2422 2920 2694 2992 evulgata,
2743 2929 2799 2976 et
2847 2935 2992 2975 anno
3030 2919 3168 2974 1707
3215 2917 3607 2974 Amstelodami

2028 3012 2396 3081 reimpressa,
2462 3013 2714 3067 eumdem
2769 3010 2989 3082 Cyclum
3058 3010 3360 3079 paschalem
3420 3009 3606 3065 Graece

2027 3104 2343 3173 publicavit.
2395 3104 2458 3161 P.
2504 3105 2775 3160 Bucherio
2828 3105 3121 3174 interprete
3166 3102 3361 3159 Latine
3404 3103 3609 3174 prodiit

337 3187 529 3242 emisit
574 3203 674 3243 sua
702 3188 757 3242 in
788 3188 1121 3245 Bibliotheca
1163 3203 1392 3245 veterum
1418 3192 1661 3260 Patrum,
1680 3203 1828 3250 toruo
1858 3194 1921 3262 ll,
1951 3214 1995 3273 α
2029 3210 2176 3250 anno
2210 3196 2368 3264 1651,
2401 3198 2454 3251 in
2491 3195 2613 3261 fol.,
2658 3196 3006 3266 Antwerpiaz,
3038 3197 3178 3262 fcum
3211 3196 3606 3251 commentario

342 3276 609 3334 Venetiis.
670 3281 729 3334 ln
762 3281 865 3336 hac
902 3282 1140 3338 editione
1166 3299 1289 3354 qua:
1314 3285 1577 3355 ampliora
1623 3294 1771 3354 sunt,
1813 3287 1928 3343 sive

334 3371 577 3443 integra,
608 3372 725 3429 sive
749 3374 966 3442 mutila,
1017 3375 1253 3445 priorem
1283 3376 1462 3431 locum
1506 3377 1780 3446 obtinent;
1828 3393 1929 3450 po-

335 3465 630 3521 steriorem
660 3482 791 3522 vero
822 3467 1123 3539 fragmenta
1148 3469 1356 3539 reliqua
1396 3468 1684 3526 minutiora
1712 3488 1809 3541 pro
1838 3488 1928 3527 ar-

333 3557 588 3626 gumenti
632 3556 895 3627 dignitate
937 3566 1034 3613 aut
1077 3559 1340 3614 varietate
1375 3559 1628 3616 discreta.
1679 3559 1925 3617 Primum

333 3650 524 3704 locum
562 3650 616 3704 in
640 3651 876 3706 editione
908 3636 1179 3707 Gallandii
1209 3652 1609 3709 Demonstratio
1639 3653 1697 3709 S.
1722 3652 1925 3725 Hippo-

333 3743 437 3815 lyti
464 3743 528 3796 de
554 3740 766 3798 Christo
789 3753 838 3798 et
870 3743 1198 3799 Antichristi)
1237 3756 1497 3815 occupat;
1542 3748 1682 3803 hanc
1726 3748 1926 3818 excipit

332 3837 670 3907 opusculum
708 3837 764 3891 in
796 3821 1120 3892 Susannam.
1191 3836 1376 3893 Tertio
1420 3839 1668 3910 sequitur
1696 3839 1926 3894 Demon-

326 3930 530 3985 stratio
568 3928 831 3984 adversus
874 3917 1127 3985 Iudaeos.
1157 3929 1292 3986 Dein
1316 3930 1679 4004 fragmentum
1711 3931 1925 4004 insigne

331 4022 634 4093 subjicitur
657 4039 724 4078 ex
756 4023 896 4077 libro
925 4023 1177 4078 adversus
1208 4022 1441 4088 ercos,
1479 4025 1574 4093 qui
1605 4024 1924 4089 inscribitur

322 4115 605 4171 Adversus
621 4115 902 4171 Platonem
917 4116 983 4171 de
1001 4132 1165 4172 causa
1190 4118 1440 4173 uniuersi.
1454 4115 1715 4183 Quintum
1738 4113 1922 4174 locum

328 4217 575 4279 occupat
622 4209 837 4281 egregia
888 4208 1352 4271 sanelucubratio
1391 4210 1638 4264 adversus
1666 4209 1918 4265 Noetum.

330 4302 588 4358 Tandem
628 4301 1073 4374 Hippolyteorum
1124 4311 1334 4373 partem
1365 4302 1598 4373 primam
1623 4302 1767 4372 apud
1797 4302 1923 4357 Gal-

328 4395 589 4451 landium
614 4395 875 4452 claudunt
892 4394 1191 4467 fragmenta
1226 4395 1280 4461 8,
1307 4406 1559 4466 excerpta
1581 4411 1649 4450 ex
1669 4411 1921 4455 sermone

322 4489 404 4543 de
421 4487 685 4558 theologia
699 4497 748 4541 et
767 4489 1133 4543 incarnatione
1148 4499 1337 4543 contra
1350 4488 1615 4543 Beronem
1637 4499 1690 4543 et
1706 4487 1921 4543 Helico-

2028 3299 2082 3343 et
2120 3296 2365 3343 veterum
2400 3290 2468 3345 de
2499 3288 2558 3345 S.
2603 3288 2894 3360 Hippolyto
2928 3288 3256 3344 testimoniis
3279 3289 3334 3343 in
3359 3288 3607 3359 ejusdem

2028 3377 2283 3433 Bucherii
2331 3378 2589 3432 Doctrina
2625 3388 2937 3448 temporum.
2980 3378 3310 3434 Franciscus
3353 3378 3608 3435 Blanchi—

2026 3470 2153 3527 nius
2182 3471 2332 3526 hunc
2364 3469 2582 3542 Cyclum
2627 3480 2812 3540 postea
2844 3471 3079 3526 inseruit
3123 3471 3605 3528 dissertationibus

2027 3567 2143 3620 suis
2193 3564 2271 3619 De
2316 3565 2620 3620 calendario
2647 3575 2702 3620 et
2758 3563 2904 3636 cyclo
2953 3562 3180 3618 Juliano
3216 3563 3404 3620 Romae
3463 3563 3606 3619 1705
3670 3634 3679 3645 ο

2026 3656 2332 3726 impressis.

2095 3749 2373 3804 Editiones
2405 3749 2528 3803 libri
2562 3749 2626 3803 de
2668 3747 2994 3803 Antichristo
3031 3754 3080 3801 et
3112 3745 3351 3815 opusculi
3391 3749 3447 3799 in
3494 3743 3604 3801 Stt-

2024 3858 2270 3895 sannam.
2305 3872 2376 3882 —
2405 3841 2938 3897 Demonstrationem
2977 3839 3049 3894 De
3100 3837 3312 3893 Christo
3361 3848 3411 3892 et
3444 3836 3605 3892 Anti-

2024 3935 2223 3990 christo
2255 3935 2463 4006 primus
2512 3935 2567 3989 in
2612 3934 2789 3989 lucem
2837 3934 3051 3997 extulit,
3093 3932 3406 4001 Graecisque
3458 3933 3604 4003 typis

2023 4028 2194 4084 edidit
2219 4027 2376 4094 1661,
2419 4028 2476 4081 in
2504 4026 2581 4093 8°,
2626 4026 2991 4096 Marquardus
3036 4023 3250 4079 Gudius
3296 4023 3599 4080 Holsatus:

2023 4120 2221 4175 deinde
2261 4135 2407 4174 anno
2436 4118 2594 4184 1672,
2627 4116 3047 4172 Graec-Latine
3072 4116 3310 4186 vulgavit
3354 4116 3601 4172 illustra-

2022 4212 2207 4282 vitque
2225 4210 2555 4267 Franciscus
2576 4209 2939 4265 Combelisius
2965 4210 3019 4264 in
3036 4209 3290 4263 Auctario
3318 4209 3601 4262 novissimo

2022 4296 2366 4352 Bibliotheca:
2395 4296 2644 4373 Patrum,
2673 4306 2822 4351 torno
2853 4295 2895 4362 Ι,
2926 4311 3053 4367 pag.
3079 4296 3262 4363 26-62,
3288 4295 3514 4353 Parisiis
3544 4298 3602 4352 in

2024 4390 2142 4458 fol.,
2173 4391 2358 4446 addito
2386 4391 2550 4445 etiam
2584 4390 2850 4460 opusculo
2873 4390 2929 4443 in
2963 4388 3267 4444 Susaunam
3291 4382 3473 4462 apag.
3505 4391 3603 4447 50-

2022 4483 2112 4539 56.
2156 4483 2471 4538 Combeiisii
2514 4482 2695 4538 versio
2741 4482 2937 4537 Latina
2962 4481 3209 4553 quinque
3257 4491 3384 4554 post
3425 4498 3602 4538 annos

325 4595 469 4633 nem
494 4578 654 4651 (alias
685 4577 966 4645 llelicem).
992 4577 1129 4636 ﬂuic
1158 4577 1474 4636 Gallandius
1496 4580 1917 4649 praecedentium
1953 4562 1996 4616 υ
2026 4576 2252 4645 repetita
2283 4576 2336 4629 in
2358 4574 2686 4629 Bibliotheca
2704 4574 2822 4630 PP.
2845 4574 3198 4646 Lugdunensi
3216 4584 3350 4631 tom.
3381 4574 3599 4646 XXVII,

330 4671 637 4745 editorum‘
655 4671 1064 4728 observationes
1092 4672 1308 4743 adjecit,
1337 4686 1514 4742 neque
1536 4681 1694 4728 notas
1708 4672 1917 4737 omisit,

327 4782 487 4840 quas
513 4764 759 4820 eruditus
790 4762 1303 4821 Sirmondianorum
1345 4766 1524 4822 editor
1573 4766 1808 4836 margini
1836 4766 1919 4820 al-

330 4859 511 4925 levit;
556 4859 833 4915 Anastasii
882 4858 1122 4913 versioni
1179 4858 1614 4913 testimoniorum
1661 4857 1921 4929 Hippoly-

329 4963 554 5008 teorum
575 4950 1031 5007 Comheiisianam
1061 4950 1434 5027 recensionem
1464 4950 1918 5020 apposuit.atque

329 5046 581 5114 integras
613 5042 1059 5113 Cappcronnierii
1103 5043 1607 5103 animadversiones
1654 5042 1934 5128 subdiditn

328 5137 395 5191 lu
428 5145 583 5206 parte
607 5151 646 5190 ιι
680 5135 1034 5190 continentur
1062 5134 1272 5204 reliqua
1304 5134 1508 5203 scripta
1543 5132 1862 5204 Hippolytea
1900 5152 1913 5187 :

329 5238 390 5283 et
416 5228 478 5280 1ο
503 5236 1070 5295 occurruntexcerpta
1093 5225 1608 5282 Commentariorum
1636 5225 1689 5279 in
1708 5225 1916 5293 aliquot

328 5335 508 5377 sacra:
551 5317 849 5389 Scriptura:
890 5320 1059 5376 libros
1088 5335 1117 5374 a
1160 5318 1370 5376 Joanne
1410 5317 1632 5373 Alberto
1664 5316 1915 5372 Fabricio

330 5423 450 5466 tum
485 5425 515 5465 e
542 5425 645 5465 ms.
674 5410 955 5466 codicibus
985 5419 1139 5466 eruta
1159 5450 1174 5477 ,
1227 5421 1339 5465 tum
1366 5424 1432 5465 ex
1457 5409 1696 5479 antiquis
1721 5408 1912 5464 Eccle-

280 5488 283 5491 ’
328 5504 429 5558 sire
477 5502 837 5570 scriptoribus
883 5506 1126 5571 studiose
1169 5504 1425 5568 collecta;
1484 5502 1547 5555 2°
1588 5501 1917 5558 exhibentur

328 5594 489 5647 varia
547 5592 724 5662 λόγων
774 5608 870 5650 seu
933 5594 1246 5649 Sermonum
1292 5595 1753 5663 homiliarumque
1803 5594 1917 5648 fra-

326 5693 554 5758 gmenta
586 5704 600 5740 :
630 5686 807 5757 iisque
827 5687 1175 5758 praemittitur
1197 5688 1423 5743 homilia
1451 5688 1505 5741 in
1535 5696 1718 5741 sancta
1746 5685 1912 5741 Theo-

2021 4684 2146 4739 pag.
2180 4668 2286 4739 1;9,
2319 4683 2466 4723 anno
2492 4667 2702 4723 scilicet
2731 4666 2890 4723 1677.

2094 4756 2365 4812 Εάὶεοηεδ
2398 4765 2657 4812 tractatus
2684 4758 2934 4813 adversus
2963 4756 3181 4813 Juda'os
3202 4768 3252 4813 et
3282 4757 3512 4814 Crtecos.
3531 4789 3603 4800 —

2023 4852 2550 4909 Demonstrationem
2581 4854 2830 4909 adversus
2878 4854 3097 4910 Judazos
3123 4896 3139 4922 ,
3174 4856 3287 4909 sive
3332 4855 3452 4924 epis
3486 4852 3599 4908 ira-

2022 4955 2303 5017 gmentum
2353 4943 2543 4999 Latine
2597 4960 2667 5000 ex
2710 4944 2992 5002 Fraucisci
3045 4944 3302 5000 Turriani
3345 4945 3597 5000 versione

2025 5037 2235 5109 primus
2263 5037 2503 5108 vulgavit
2542 5035 2869 5093 Possev’inus
2900 5039 2952 5092 in
2986 5039 3262 5107 Apparatu
3286 5052 3467 5102 sacro,
3501 5035 3594 5091 ubi

2023 5129 2091 5183 de
2137 5127 2431 5200 Hippolyto
2471 5112 2721 5196 disserit,
2776 5128 3016 5184 Venetiis
3066 5128 3238 5194 1605,
3269 5135 3323 5182 et
3354 5128 3597 5183 Colonia:

2025 5222 2185 5289 1608,
2216 5224 2268 5276 in
2304 5223 2398 5276 fol.
2427 5240 2442 5289 ;
2483 5232 2531 5277 et
2560 5220 2790 5277 Carolus
2817 5219 3087 5290 Josephus
3128 5219 3443 5273 lmbonatus
3482 5215 3598 5272 Me-

2021 5315 2356 5370 diolanensis
2398 5316 2452 5369 in
2486 5313 2818 5368 Bibliotheca
2862 5309 3351 5366 Latino—Hebraica
3405 5307 3597 5365 Romae

2023 5409 2192 5472 1694,
2218 5409 2273 5462 ἱιι
2301 5408 2419 5474 fol.,
2449 5424 2573 5481 pag.
2606 5408 2692 5463 74.
2732 5408 3118 5479 Fragmentum
3164 5404 3378 5474 insigne
3411 5404 3593 5457 adver-

2021 5519 2112 5556 sus
2146 5501 2357 5557 Graecus
2388 5511 2438 5556 et
2479 5502 2756 5555 Platonem
2791 5500 3008 5563 Graece,
3045 5505 3105 5551 ut.
3152 5512 3218 5551 ex
3249 5496 3399 5551 Italia
3436 5511 3595 5550 acce-

2020 5605 2193 5664 perat,
2225 5593 2436 5663 primus
2465 5592 2633 5647 edidit
2679 5590 2851 5645 David
2886 5587 3230 5643 llrescbclius
3261 5589 3314 5643 in
3350 5589 3495 5644 notis
3527 5589 3597 5642 ad

2021 5685 2274 5741 Photium
2304 5701 2427 5756 pag.
2457 5686 2581 5749 925,
2601 5685 2858 5754 Augustae
2892 5679 3298 5737 Vindelicorum
3333 5681 3495 5751 1601,
3537 5681 3596 5738 in

406 5846 521 5918 (58)
564 5844 719 5904 Remi
752 5845 991 5917 Ccillier,
1048 5845 1284 5903 Histoire
1329 5848 1501 5919 génér.
1549 5853 1640 5903 des
1695 5856 1932 5915 auteurs,
1965 5856 2100 5904 tom.
2129 5847 2195 5915 ll,
2228 5862 2350 5918 pag.
2385 5845 2507 5902 572.
