4074 6382
535 320 635 376 39!

1515 311 1604 366 DE
1640 310 1807 366 VITA
1847 309 1934 364 ET
1977 305 2291 363 SEHIPTIS
2331 305 2391 362 S.
2433 303 2825 360 lllPPOLYTl.

3682 305 3779 357 3‘32

534 437 669 504 fol.,
704 445 759 494 et
790 445 1044 493 re‘cusum
1087 435 1318 492 Genera:
1347 434 1519 499 1615,
1565 431 1890 502 Rothomagi
1934 429 2104 494 1655,
2137 431 2182 489 Α
2214 426 2354 481 riani
2413 426 2667 481 versione
2731 425 2942 495 primus
2985 423 3227 496 vulgavit
3267 422 3518 483 Canisius
3570 435 3693 485 tom.
3735 431 3773 485 ν

536 531 590 585 in
611 529 706 586 fol.
726 529 932 585 Deinde
957 547 1080 584 cum
1115 545 1213 585 sua
1237 529 1485 583 versione
1516 527 1826 597 Stephanus
1855 527 1904 580 le
1926 523 2120 595 Moyne

537 619 592 674 in
629 620 805 674 Variis
837 623 1026 685 s'acris,
1059 637 1180 691 pag.
1204 622 1294 685 55,
1323 619 1570 690 Lugduni
1601 617 1929 672 Batavorum
1959 615 2116 678 1685,

542 714 703 780 1694,
740 715 792 767 in
819 714 894 768 4ο.
917 713 1052 767 Cum
1083 714 1268 766 eadem
1290 711 1732 780 interpretatione
1764 709 1926 763 etiam
1959 722 2120 760 recu~

548 806 786 860 dendum
847 805 994 858 dedit
1035 802 1082 856 J.
1122 803 1374 856 Albertus
1410 800 1694 855 Fabricius
1733 799 1784 852 in
1823 795 2120 867 appendice

537 900 604 953 ad
633 914 796 971 opefa
824 896 1041 967 Josephi
1065 896 1261 962 Judaei,
1292 895 1492 966 Lipsiae
1517 894 1674 958 1691,
1701 893 1754 946 in
1780 891 1874 947 fol.

588 991 860 1045 Editiones
881 1001 1140 1046 tractatus
1161 991 1412 1044 adversus
1432 990 1654 1044 hceresin
1675 987 1852 1050 Nocti,
1872 995 1920 1039 et
1937 993 2121 1039 contra

537 1083 789 1140 Beronem
833 1095 879 1136 et
914 1083 1245 1137 llclicem.——
1279 1083 1664 1152 Fragmentum
1696 1079 1772 1133 De
1804 1078 1910 1131 Deo
1935 1093 2039 1131 uno
2069 1087 2119 1131 et

540 1177 713 1238 trino,
741 1186 789 1230 et
828 1177 893 1230 de
933 1177 1182 1246 mysterio
1234 1174 1618 1230 incarnationis
1661 1183 1847 1227 contra
1897 1170 2121 1225 haresin

540 1266 702 1321 Nocti
746 1268 849 1322 sub
908 1268 1145 1322 humilia:
1194 1268 1415 1322 nomine
1467 1265 1659 1320 Latine
1703 1263 1871 1318 edidit
1912 1278 1980 1316 ex
2023 1276 2123 1315 sua

537 1359 788 1414 versione
831 1358 1108 1413 Gcrardus
1143 1356 1371 1412 Vossius
1413 1353 1774 1425 Tungrensis,
1817 1351 1884 1406 ad
1917 1351 2122 1406 calcem

539 1448 786 1522 Gregorii
813 1449 1234 1520 Tbaumaturgi,
1263 1449 1576 1518 Moguntiae,
1602 1446 1762 1507 1604,
1796 1444 1850 1497 in
1875 1443 1953 1508 4ο,
1981 1442 2124 1496 notis

539 1543 702 1596 etiam
736 1543 996 1610 subjectis
1037 1558 1066 1595 τι
1102 1559 1222 1612 pag.
1262 1540 1449 1594 58-68.
1497 1538 1615 1605 Qua
1662 1553 1795 1592 vero
1847 1535 1915 1590 de
1957 1550 2122 1589 causa

539 1648 664 1686 cum
693 1633 948 1701 operibus
975 1632 1031 1686 S.
1061 1630 1306 1702 Gregorii
1335 1629 1728 1698 Thaumaturgi
1755 1627 1840 1682 hic
1861 1634 2125 1680 tractatus

540 1721 767 1776 Parisiis
797 1721 934 1774 1622
960 1722 1324 1790 reimpressus
1378 1735 1484 1773 non
1532 1718 1728 1780 fuerit,
1785 1718 2119 1787 ignoramus.

539 1813 700 1866 Anno
735 1822 912 1865 tamen
948 1812 1084 1866 1618
1116 1813 1168 1865 in
1203 1812 1532 1864 Bibliotheca
1557 1809 1780 1862 Patrum
1808 1808 2122 1863 Coloniensi

543 1904 662 1958 sine
695 1905 840 1958 notis
870 1904 1086 1972 prodiit,
1119 1919 1173 1957 et
1207 1903 1459 1974 Lugduni
1495 1903 1651 1967 1677,
1682 1913 1816 1956 ιοιη.
1857 1901 1943 1968 lll,
1976 1910 2030 1955 et
2065 1902 2120 1955 in

543 1996 920 2064 supplemento
953 1994 1268 2050 Morclliano
1301 1995 1475 2049 Paris.
1501 1994 1659 2058 1659,
1692 2004 1826 2049 ιοιιι.
1853 1993 1894 2061 I,
1914 2010 1967 2063 p.
1993 1993 2117 2048 620.

557 2084 883 2154 Fragmenta
920 2097 1042 2139 octo
1082 2089 1146 2138 de
1177 2086 1436 2156 theologia
1465 2097 1514 2139 et
1544 2088 1905 2140 incarnatione
1935 2087 2114 2139 adver-

549 2190 641 2229 sus
666 2174 922 2229 Beronem
946 2185 995 2230 et
1025 2176 1258 2230 llelicem
1303 2177 1609 2244 haereticos,
1662 2176 1852 2232 Latine
1879 2193 1945 2232 ex
1979 2175 2121 2230 Tur-

2221 521 2576 589 Antiquarum
2606 519 2918 582 lectionum,
2951 533 3075 587 pag.
3111 517 3236 582 154,
3276 516 3584 589 lngolsla'dii
3625 525 3774 593 1604,

2221 615 2275 668 in
2316 616 2391 668 4ο.
2428 614 2554 670 Haec
2590 614 2892 684 fragmenta
2933 629 3059 668 cum
3095 611 3285 668 eadem
3335 617 3580 670 versione
3607 618 3655 671 in
3696 619 3781 674 Bio

2221 705 2495 760 bliothecis
2527 705 2627 760 SS.
2666 705 2889 758 Patrum
2931 704 3284 768 Coloniensi,
3321 703 3697 774 Lugdunensi,
3735 719 3783 764 et

2219 795 2447 852 Parisiis
2475 797 2608 852 1654
2636 797 2964 866 reimpressa
2996 795 3236 849 fuerunt.
3266 796 3465 850 Eadem
3498 797 3781 868 fragmenta

2225 886 2418 944 Latine
2479 888 2688 958 pridem
2759 887 2921 942 vertit
2977 886 3305 941 Anastasius
3371 889 3784 958 apocrisiarius,

2223 977 2387 1047 inque
2435 977 2786 1032 Collectancis
2840 977 3120 1032 Anastasii
3171 978 3576 1034 Bibliothecarii
3630 983 3785 1039 edidit

2222 1069 2449 1126 Parisiis
2476 1071 2634 1134 1620,
2670 1072 2724 1126 in
2760 1071 2838 1137 8°,
2866 1070 3215 1139 Sirmondus,
3253 1073 3452 1128 additis
3483 1090 3513 1128 e
3546 1072 3786 1129 'I’urriani

2223 1165 2410 1221 codice
2434 1163 2660 1229 Graecis,
2698 1175 2864 1233 atque
2894 1165 2967 1218 ita
2999 1164 3189 1219 Graece
3233 1180 3298 1219 ac
3329 1163 3520 1220 Latine
3549 1165 3789 1236 leguntur

2222 1259 2384 1313 etiam
2416 1258 2470 1312 in
2512 1267 2650 1312 tom.
2695 1257 2763 1312 lll
2799 1255 3039 1327 Operam
3073 1256 3351 1312 Sirmondi
3387 1244 3611 1314 Parisiis
3639 1259 3786 1325 l696,

2224 1353 2278 1406 in
2313 1351 2432 1416 fol.,
2474 1367 2597 1420 pag.
2631 1351 2762 1406 585.
2812 1349 2999 1406 Graece
3048 1351 3178 1405 item
3227 1360 3282 1405 et
3338 1351 3527 1407 Latine
3566 1351 3788 1422 Operam

2225 1445 2401 1498 sancti
2426 1442 2648 1496 Maximi
2675 1451 2806 1496 tom.
2843 1440 2863 1493 ι
2904 1441 3189 1510 praemissa
3222 1441 3394 1496 edidit
3421 1443 3790 1511 Combelisius,

2225 1538 2320 1607 qui
2345 1535 2690 1592 etAnastasii
2716 1534 3023 1590 versionem
3058 1537 3356 1588 recensuit.
3381 1534 3580 1588 Eadem
3609 1535 3794 1590 exinde

2227 1629 2280 1683 in
2323 1644 2482 1682 suum
2531 1625 2880 1698 Hippolytum
2915 1627 3191 1680 transtulit
3223 1626 3528 1681 Fabricius.
3560 1626 3794 1683 Posthac

2225 1735 2291 1775 ex
2321 1719 2634 1774 Combefisii
2660 1719 2898 1773 editione
2931 1717 3118 1773 Graeca
3149 1719 3457 1788 desumpsit
3482 1718 3792 1789 Basnagius,

2227 1828 2290 1868 ae
2313 1811 2569 1866 'I'urriani
2608 1811 2846 1866 versioni
2877 1810 3130 1881 adjunxit
3150 1819 3284 1866 tom.
3319 1809 3338 1864 Ι
3369 1809 3622 1865 Thesauri
3641 1810 3794 1864 Cani-

2227 1903 2397 1971 siani;
2459 1902 2526 1957 ad
2574 1903 2733 1973 cujus
2781 1904 2986 1959 calcem
3048 1915 3310 1976 praeterea
3365 1919 3422 1958 ν.
3473 1904 3542 1958 cl.
3593 1901 3794 1956 Claudii

2228 1995 2678 2066 Cappcronnierii
2728 1997 3234 2054 animadversiones
3271 1999 3322 2052 in
3371 1995 3646 2051 Anastasii
3688 2011 3798 2050 ver-

2229 2089 2438 2142 sionem
2478 2103 2603 2142 cum
2651 2090 2856 2144 Graecis
2905 2091 3162 2145 collatam
3209 2090 3415 2161 adjecit
3465 2105 3610 2144 anno
3640 2088 3797 2154 I725,

2230 2180 2625 2236 Amstclodami
2662 2181 2716 2236 in
2747 2180 2898 2237 folio.

543 2427 665 2490 DE
715 2427 1133 2492 ANONYMO
1189 2430 1615 2495 CHRONICI
1667 2430 2059 2496 AL'CTORE
2109 2433 2264 2496 SUB
2325 2433 2838 2497 ALEXANDRO
2884 2433 3214 2497 SEVERO
3271 2429 3797 2498 CONSCRIPTI.

1181 2559 1373 2620 Varia
1406 2560 1815 2622 eruditorum
1864 2559 2098 2640 placita
2155 2562 2240 2624 de
2299 2562 2500 2642 hujus
2531 2561 2834 2626 Chronici
2885 2574 3169 2625 auctore.

612 2682 760 2739 lnter
787 2686 961 2754 Opera
992 2685 1050 2739 S.
1083 2676 1359 2758 Hippolyti
1391 2675 1633 2758 episcopi
1664 2698 1719 2743 et
1749 2688 2029 2759 martyris,
2059 2688 2129 2744 de

543 2778 743 2847 quibus
779 2779 1063 2848 hucusque
1090 2780 1488 2843 disseruimus,
1529 2782 1780 2835 nonnulli
1828 2782 1932 2835 viri
1976 2781 2127 2837 docti

2235 2704 2354 2742 rum
2389 2689 2622 2758 primus.
2653 2685 3203 2743 Occurrebat'dolort
3235 2695 3426 2740 nostro
3455 2685 3535 2740 vir
3559 2682 3800 2738 doctissi-

2228 2797 2352 2836 mus
2378 2781 2635 2835 dominus
2681 2779 2761 2846 Du
2795 2779 2980 2850 Gange
3022 2779 3074 2832 in
3107 2789 3382 2848 postrema
3423 2777 3660 2831 editione
3691 2773 3796 2829 Pa-

545 2874 940 2924 recensendum
976 2870 1362 2927 existimarunt
1391 2882 1446 2926 et
1472 2874 1767 2928 Chronicon
1799 2875 1960 2941 illud,
1981 2876 2136 2947 quod
2230 2873 2425 2928 scholis
2453 2873 2741 2938 Chronici;
2772 2872 2862 2927 ubi
2886 2873 2954 2927 de
2986 2871 3258 2944 Hippolyti
3287 2870 3525 2935 Conone,
3563 2879 3616 2924 et
3650 2866 3800 2922 Com-

546 2978 874 3032 anonymus,
911 2963 1002 3032 qui
1039 2969 1143 3018 sub
1179 2967 1440 3022 extremis
1482 2967 1776 3022 Alexandri
1809 2967 1995 3024 Severi
2029 2970 2131 3023 im-

546 3056 814 3125 peratoris
843 3057 1178 3124 temporibus
1202 3057 1408 3123 floruit,
1432 3049 1692 3114 Africano
1719 3075 1957 3128 coaevus,
1981 3062 2125 3116 circa

545 3145 749 3200 Christi
796 3162 1002 3200 annum
1046 3147 1174 3214 256,
1228 3150 1515 3219 scripsisse
1561 3153 1915 3221 comperitur.
1974 3151 2126 3210 Hanc

545 3241 869 3296 sententiam
907 3255 1018 3310 prae
1059 3241 1271 3296 caeteris
1317 3251 1401 3296 est
1455 3244 1740 3313 amplexus
1783 3260 1838 3300 ν.
1868 3245 1938 3300 cl.
1982 3244 2126 3299 ϐων

544 3329 667 3401 gius
698 3331 833 3400 (59).
871 3330 976 3384 Sed
1004 3331 1057 3385 in
1087 3333 1252 3386 aliam
1291 3311 1906 3392 abierunt—Pearsonius
1931 3336 2041 3407 (60)
2074 3345 2128 3392 et
2155 3311 2201 3376 ο

545 3421 1020 3491 Dodvrellus(6l):
1051 3437 1286 3492 quorum
1322 3425 1594 3493 posterior
1635 3441 1992 3498 anonymum,
2017 3443 2130 3498 quo

546 3511 616 3565 de
653 3511 892 3581 agimus.
927 3512 1218 3581 scripsisse
1243 3515 1433 3568 statuit
1463 3516 1656 3584 paucis
1703 3527 1830 3586 post
1873 3517 2130 3590 Hippoly-

547 3611 664 3655 tum
692 3603 887 3668 annis;
924 3618 1048 3657 cum
1089 3603 1230 3658 alias
1281 3615 1506 3661 sanctus
1540 3607 1642 3662 iste
1673 3620 1879 3680 martyr
1922 3619 1975 3664 et
2009 3611 2127 3680 epi-

549 3708 750 3764 sc0pus
810 3696 990 3764 primo
1061 3695 1308 3766 ejusdem
1374 3698 1672 3756 Alexandri
1727 3700 1915 3756 Severi
1982 3718 2130 3759 anno

550 3789 771 3860 Cyclum
800 3805 962 3844 suum
989 3790 1280 3848 inchoasse
1303 3805 1582 3852 noscatur.
1603 3795 1896 3864 Caeterum,
1927 3798 2127 3868 inquit,

548 3885 720 3938 multa
766 3893 952 3939 noster
980 3901 1290 3956 anonymus
1321 3887 1505 3956 habet,
1552 3905 1674 3960 quae
1703 3905 1828 3944 cum
1864 3891 2130 3962 hypothe—

549 3977 702 4031 sibus
736 3974 1013 4048 Hippolyti
1061 3979 1469 4050 chronologicis
1500 3981 1554 4034 in
1597 3982 1844 4050 ejusdem
1889 3982 2128 4052 paschali

549 4066 758 4121 Canone
807 4068 1113 4123 observatis
1164 4071 1481 4126 consentire
1531 4073 1840 4139 videantur,
1899 4089 2130 4144 quaeque

549 4156 686 4212 adeo
734 4155 1024 4229 Hippolyto
1074 4173 1410 4231 anonymum
1463 4161 1716 4218 debuisse
1786 4163 1870 4218 fas
1926 4173 2012 4220 est
2070 4171 2132 4218 ut

550 4249 913 4318 suspicemur.
939 4251 1186 4316 Quorum
1237 4252 1459 4322 quidem
1508 4255 1752 4310 virorum
1787 4255 2130 4311 eruditorum

551 4342 834 4397 sententiae
866 4341 954 4396 illa
987 4343 1043 4397 in
1085 4346 1281 4414 primis
1311 4362 1414 4401 nos
1449 4357 1650 4422 cogunt
1687 4350 1970 4413 accedere,
2007 4363 2130 4419 quae

552 4431 658 4488 hac
688 4433 755 4488 de
787 4449 846 4488 re
872 4435 1130 4503 praeclare
1173 4437 1308 4492 satis
1335 4438 1632 4494 edisseruit
1674 4439 1905 4496 illustris
1931 4441 2131 4511 praesul

553 4523 884 4582 Franciscus
913 4525 1270 4585 Blanchinius
1295 4529 1430 4601 (62).
1463 4530 1556 4588 Sic
1589 4533 1754 4604 igitur
1783 4533 1909 4591 ille:

2237 2967 2494 3022 nicntario
2521 2967 2746 3022 Pascha:
2775 2966 3010 3036 plurima
3029 2980 3155 3019 cum
3176 2964 3517 3019 disseruerat
3543 2961 3798 3027 solidiori,

2233 3075 2340 3129 qua
2374 3059 2561 3129 pollet,
2595 3059 2904 3114 eruditione
2950 3057 3004 3111 in
3040 3056 3190 3110 omni
3240 3072 3441 3123 genere
3487 3057 3802 3120 litterarum,

2232 3145 2385 3200 visus
2406 3155 2488 3202 est
2517 3146 2758 3216 aliquam
2783 3145 2839 3200 in
2871 3161 3024 3216 spem
3057 3161 3158 3200 nos
3190 3145 3466 3201 adducere
3513 3147 3639 3202 libri
3677 3142 3803 3214 Hip—

2233 3236 2433 3310 polytei
2490 3237 2800 3308 reperiumli
2849 3237 2902 3292 in
2954 3246 3170 3292 vetusto
3221 3236 3314 3290 illo
3366 3237 3588 3302 codice,
3651 3250 3804 3306 quem

2231 3326 2489 3383 Canisius
2515 3330 2868 3398 Antiquarum
2898 3328 3183 3382 lectionum
3209 3337 3341 3380 tom.
3371 3325 3464 3393 ΙΙΙ,
3486 3336 3540 3381 et
3567 3326 3807 3380 Labbeus

2233 3420 2287 3474 in
2323 3421 2499 3489 primo
2528 3419 2874 3474 Bibliotheca!
2899 3421 3391 3489 manuscriptorum
3421 3420 3642 3489 publico
3672 3419 3808 3474 bono

2232 3511 2287 3566 in
2333 3513 2508 3568 lucem
2557 3512 3258 3582 protulerant.‘Adornavit
3297 3528 3431 3568 vero
3483 3518 3646 3573 etiam
3700 3515 3809 3586 ipse

2231 3619 2282 3658 v.
2303 3605 2373 3659 cl.
2400 3605 2615 3659 tertiam
2651 3605 2896 3674 ejusdem
2928 3608 3174 3674 opusculi
3206 3608 3533 3678 editionem,
3570 3625 3719 3665 num.
3746 3603 3808 3662 Ν

2231 3696 2286 3750 in
2326 3695 2546 3752 Selectis
2581 3697 2649 3750 ad
2684 3697 3068 3752 illustrandum
3105 3698 3437 3769 Chronicon,
3485 3705 3632 3773 quod
3659 3715 3812 3773 para-

2231 3788 2354 3842 bat:
2385 3789 2544 3860 cujus
2570 3789 2788 3844 titulum
2820 3790 2874 3843 in
2919 3791 3163 3846 indiculo
3198 3791 3421 3847 Selectis
3455 3795 3710 3864 praeﬁxo,
3748 3807 3811 3846 ex

2232 3881 2472 3951 antiquis
2518 3881 2852 3937 membranis
2908 3898 3036 3937 cum
3091 3883 3345 3939 redderet
3394 3902 3525 3958 pag.
3575 3888 3711 3953 405,
3743 3887 3812 3940 ita

2233 3974 2696 4029 (ommeudavit:
2740 3977 2846 4032 lV.'
2901 3978 3065 4033 Liber
3121 3978 3494 4046 generationis
3547 3981 3617 4034 ab
3646 3979 3813 4034 Adam

2244 4081 2416 4136 usque
2483 4066 2550 4121 ad
2605 4067 2872 4131 ordinem,
2905 4081 3029 4136 quae
3063 4068 3188 4140 (sic)
3217 4071 3574 4126 continentur
3613 4072 3667 4126 in
3717 4071 3816 4124 hoc

2244 4156 2414 4212 libro.
2495 4158 2639 4228 Opus
2707 4160 2847 4230 quod
2904 4159 3196 4232 Hippolyto
3265 4161 3557 4219 Portuensi
3626 4164 3816 4218 ascribi

2234 4265 2384 4319 posse
2423 4250 2673 4304 duximus
2715 4253 2770 4304 in
2810 4253 3126 4322 prwfatione
3171 4271 3189 4310 :
3227 4269 3292 4308 ea:
3344 4257 3579 4312 editione
3606 4255 3817 4310 Ilenrici

2236 4342 2482 4409 Canisii,
2524 4353 2572 4396 ct
2606 4343 2842 4413 Philippi
2883 4343 3081 4399 Labbei
3121 4347 3190 4398 ad
3228 4346 3386 4416 ﬁdem
3425 4351 3624 4403 codicis
3668 4347 3820 4403 colle—

2235 4434 2308 4504 gii
2360 4451 2472 4490 soc.
2519 4435 2649 4490 Jesu
2697 4435 3024 4491 Parisiensis
3073 4441 3418 4509 recognitum.
3469 4440 3538 4496 Et
3588 4457 3716 4496 ecce
3766 4441 3818 4494 in

2233 4527 2554 4598 praefatione
2577 4527 2850 4598 plurimus
2867 4537 2952 4584 est
2976 4529 3028 4583 in
3054 4530 3390 4600 conjecturis
3404 4532 3818 4603 conquirendis,

633 4637 651 4669 σ
684 4617 1014 4676 Dolebamus
1044 4623 1188 4690 quod
1227 4623 1365 4678 liber
1390 4625 1483 4678 ille
1519 4625 1877 4691 interciderit,
1918 4627 2010 4682 ubi
2044 4627 2132 4683 di-
2163 4652 2208 4708 ι)
2239 4619 2382 4674 unde
2411 4617 2698 4689 "iPpOlle
2726 4621 2977 4691 marlyt‘i,
3017 4637 3181 4691 Quem
3217 4622 3578 4680 Portueusem
3604 4625 3819 4695 episco-

557 4722 796 4796 gcssera‘t
867 4712 1193 4785 Hippolytus
1263 4716 1762 4773 demonstrationem
1835 4730 2132 4790 temporum

557 4801 802 4868 Pasclue,
837 4806 1278 4875 quemadmodum
1308 4810 1366 4862 in
1393 4809 1592 4864 tabula.
1623 4809 1772 4883 Opus
1801 4815 1945 4869 enim
1976 4815 2131 4882 illud,

557 4895 605 4949 si
664 4894 730 4949 ad
784 4912 886 4951 nos
944 4897 1218 4968 integrum
1271 4904 1640 4971 pervenisset,
1685 4906 1875 4962 haberi
1915 4907 2136 4964 deberet

559 4995 683 5056 post
712 5003 900 5042 sacras
921 4989 1132 5046 litteras
1164 4996 1411 5048 omnium
1435 4997 1916 5066 pretiosissimum.
1951 4998 2136 5071 Siqui-

557 5078 679 5132 dem
725 5087 851 5132 ante
891 5077 1242 5152 Hippolytum
1287 5100 1448 5138 nemo
1476 5086 1778 5157 digesserat
1823 5089 1880 5142 in
1926 5099 2133 5145 certam

557 5170 790 5234 seriem,
846 5187 946 5226 nec
994 5175 1060 5228 ad
1112 5175 1246 5245 cycli
1299 5193 1548 5232 normam
1604 5181 1886 5251 redegerat
1949 5197 2136 5236 sacros

557 5264 786 5319 annales
812 5282 825 5318 :
855 5266 1002 5335 quod
1034 5266 1123 5321 ille
1154 5269 1404 5337 praestitit
1435 5269 1877 5328 Christianorum
1905 5275 2139 5344 scripto-

565 5487 594 5561 ⁵
629 5420 1141 5545 (lange,
1171 5425 1388 5537 Praefat.
1441 5427 1511 5482 ad
1557 5428 1854 5485 Chronicon
1909 5431 2134 5502 Pasch.,

635 5529 1092 5643 ξξςιῖέέξτερξι,
1106 5529 1333 5643 Hisserl.
1364 5567 1389 5622 l
1417 5568 1483 5624 de
1507 5583 1748 5626 success.
1781 5570 1944 5643 prim.
1971 5572 2134 5630 Rom.

561 5632 708 5706 ponti
718 5631 911 5706 f._»ca_p.
945 5634 1096 5706 1οης
1125 5637 1176 5691 1.

617 5685 1468 5783 (61)1)ὸᾶήεὶξίΰῖεξὲτιείὶιευι.
1489 5711 1553 5770 de
1571 5709 1727 5769 Rom.
1751 5714 1945 5785 pontii.
1969 5715 2134 5778 prim.

2237 4727 2366 4783 pum
2405 4727 2474 4768 ex
2537 4727 2616 4766 vn
2683 4713 3084 4769 suburbicariis
3117 4713 3292 4772 fuisse
3341 4727 3620 4783 autumat,
3656 4715 3818 4773 tribui

2236 4819 2348 4877 prae
2371 4804 2586 4860 cameris
2613 4804 2827 4860 debeat.
2855 4823 2875 4858 ι

2316 4898 2534 4966 Verum,
2562 4899 2604 4954 si
2638 4900 2705 4954 ad
2737 4898 3086 4973 Hippolytum
3108 4901 3422 4972 episcopum
3447 4913 3503 4958 et
3523 4913 3819 4975 martyrem

2238 4989 2420 5046 Conon
2458 4991 2558 5044 iste
2584 5006 2929 5047 marmoreus
2965 4992 3283 5048 referendus
3311 5004 3416 5060 est,
3466 5007 3528 5049 ut
3572 4997 3818 5050 omnium

2239 5084 2526 5137 doctorum
2561 5083 2843 5152 ipsiusque
2873 5083 3010 5139 adeo
3037 5082 3228 5152 Cangii
3254 5085 3519 5155 suffragio
3549 5087 3816 5150 refertur;

2241 5172 2744 5228 demonstraturum
2803 5191 2889 5229 me
2942 5191 3064 5230 esse
3113 5177 3368 5243 confido,
3429 5179 3497 5232 ad
3568 5180 3819 5232 eumdem

2242 5262 2594 5336 Hippolytum
2628 5279 2736 5319 non
2776 5264 3051 5336 pertinere
3080 5264 3324 5320 codicem
3371 5265 3526 5320 illum
3573 5267 3823 5321 Canisia-

2241 5455 2508 5505 success.,
2546 5456 2667 5510 cap.
2701 5441 2784 5504 14,
2821 5439 2849 5512 ς
2882 5442 2966 5498 19.

2314 5513 2428 5594 (62)
2468 5511 2718 5594 Blanchu
2763 5511 2998 5594 Dissert.
3027 5513 3095 5569 de
3133 5513 3475 5594 Qa3._pa_sch.
3521 5513 3582 5568 S.
3619 5514 3822 5594 lnlippo-

2243 5580 2361 5652 lyti,
2389 5599 2510 5658 cap.
2535 5583 2588 5648 5,
2625 5581 2652 5653 §
2690 5583 2718 5634 7
2743 5599 2924 5654 seqq.,
2953 5593 3007 5642 et
3027 5585 3174 5658 apud
3195 5580 3412 5642 Fabric.
3445 5596 3581 5642 tom.
3613 5580 3752 5658 Opp.
3780 5583 3824 5652 ι,

2241 5668 2367 5726 pag.
2399 5655 2499 5709 114
2521 5663 2574 5710 et
2610 5669 2764 5724 seqq.
