4074 6388
322 371 422 430 593

1292 377 1379 432 DE
1419 377 1580 435 VITA
1617 379 1707 434 ET
1751 377 2063 435 SCRIPTIS
2097 382 2156 438 S.
2185 385 2578 446 lllPPOLYTI.

3465 389 3571 452 39‘

321 511 444 550 num
481 503 534 548 et
576 491 950 562 Labbcanum,
986 500 1318 568 caeteroquin
1354 501 1704 570 spectabilem
1734 521 1746 555 :
1791 501 1885 556 sed
1917 507 1964 561 Α
1997 523 2015 552 ι
2055 504 2260 560 bratur.
2293 507 2409 576 lpse
2437 511 2582 563 enim
2607 509 2956 580 eratjustum
2981 510 3204 567 Pascha.
3231 514 3274 566 Α
3307 512 3570 572 Passione

319 603 436 643 esse
464 587 641 656 potius
691 588 1171 656 referendum,‘vel
1207 593 1274 646 ad
1319 592 1584 648 lleronem
1628 593 1780 648 illum
1821 610 1888 649 ex

313 681 634 752 philosopho
665 680 1038 736 Christianum
1063 692 1117 737 et
1146 679 1440 756 mﬁtyt‘em
1471 705 1483 740 :
1515 702 1676 756 quem
1712 687 1826 756 ipse
1855 702 1886 740 a

316 783 600 828 neocoratu
643 775 828 844 templi
879 775 1158 846 Serapidis
1211 777 1264 831 in
1315 777 1482 832 Portu
1547 778 1794 833 Romano
1818 779 1886 832 ad

313 865 504 920 Christi
544 867 704 922 ﬁdem
758 879 1042 924 evocatum
1098 873 1410 940 suspicatur
1458 888 1524 925 ex
1573 871 1758 926 Graeca
1801 873 1886 924 in-

312 959 602 1028 scriptione
627 961 769 1030 apud
801 962 1064 1031 Sponium
1107 973 1239 1018 seet.
1283 981 1338 1027 x,
1368 979 1520 1016 num.
1552 964 1643 1028 ‘22,
1682 962 1882 1018 Severo

308 1053 610 1108 Alexandro
641 1055 962 1124 imperante,
993 1057 1206 1128 ipsique
1232 1057 1365 1111 adeo
1389 1055 1678 1128 Hippolyto
1698 1073 1884 1126 aequa-

306 1143 439 1210 lem;
468 1155 524 1199 et
554 1146 620 1200 de
654 1147 992 1214 temporibus
1033 1148 1324 1216 scripsisse
1354 1148 1514 1202 docet
1543 1165 1608 1202 ex
1638 1161 1878 1202 veterum

302 1236 650 1303 testimoniis,
701 1253 939 1307 eumque
998 1240 1331 1308 neophytum
1375 1240 1621 1308 explesse
1672 1250 1879 1312 marty-

302 1329 458 1383 rium.
505 1329 724 1384 Accedo
771 1331 956 1399 itaque
1001 1331 1066 1384 ad
1121 1346 1242 1384 eam
1303 1333 1664 1399 sententiam,
1711 1348 1876 1403 quam

303 1423 536 1478 secundo
586 1423 709 1478 loco
759 1425 902 1478 idem
938 1424 1188 1479 laudatus
1221 1436 1413 1481 auctor
1456 1428 1510 1480 in
1560 1427 1877 1497 praefatione

300 1517 588 1581 subtexuit,
605 1518 796 1575 dicens
818 1521 901 1574 vel
918 1520 1205 1592 Hippolyto
1220 1523 1496 1593 episcopo,
1514 1525 1598 1578 vel
1625 1542 1643 1575 ί
1667 1525 1877 1579 auctori

297 1610 626 1681 synchrono,
677 1614 772 1682 qui
816 1615 1014 1669 vixerit
1060 1617 1162 1672 sub
1197 1617 1509 1672 Alexandro
1551 1620 1817 1688 Augusto,
1850 1637 1869 1670 ›

296 1717 410 1756 esse
465 1701 672 1756 librum
735 1705 1187 1774 adjudieandum.
1239 1707 1471 1763 Pra‘stat
1522 1710 1643 1780 ejus
1705 1712 1870 1766 verba

296 1795 652 1850 transcribere
672 1811 740 1851 ex
763 1813 916 1852 num.
941 1798 1008 1851 18
1036 1799 1406 1868 praefationis:

361 1902 380 1935 ‹
407 1885 682 1940 Caeterum
720 1885 996 1960 Hippolyti
1046 1890 1321 1958 Chronico,
1371 1893 1437 1947 de
1479 1907 1590 1963 quo
1624 1893 1866 1964 agimus,

293 1976 559 2045 geminum
593 1994 761 2049 prope
800 1988 921 2045 est,
959 1981 1064 2034 nisi
1095 1983 1389 2052 ipsummet
1413 1984 1678 2038 exstiterit
1706 1985 1873 2038 Chro-

289 2068 432 2121 nicon
459 2069 621 2136 illud,
655 2073 803 2140 quod
834 2074 1007 2128 edidit
1035 2074 1304 2130 Henricus
1338 2077 1596 2132 Canisius
1634 2087 1765 2132 tom.
1803 2080 1872 2134 Ill

287 2159 456 2230 Antiq.
473 2161 718 2230 lection.,
742 2177 795 2218 et
819 2163 1104 2236 Philippus
1123 2165 1377 2222 Labbeus
1411 2179 1540 2224 tom.
1572 2169 1754 2225 lnam
1777 2171 1872 2226 Bi-

288 2249 556 2308 bliotheca:
606 2269 673 2308 ex
718 2271 824 2310 ms.
860 2257 1050 2313 codice
1094 2259 1310 2328 collegii
1352 2259 1527 2317 Paris.
1576 2277 1693 2318 soc.
1740 2262 1870 2319 Jesu

285 2346 446 2403 hocce
497 2349 713 2406 titulo:
764 2350 863 2407 'De
913 2353 1267 2409 divisionibus
1334 2366 1383 2411 et
1446 2361 1868 2428 generationibus

286 2441 524 2510 gentium.
558 2441 718 2508 Quod
738 2445 958 2514 quidem
977 2446 1273 2503 Chroniron
1286 2451 1352 2505 ad
1373 2450 1666 2508 Alexandri
1684 2452 1867 2510 Severi

285 2546 475 2588 annum
504 2552 637 2600 xm,
665 2553 901 2609 eumque
929 2540 1141 2611 imperii
1172 2553 1526 2613 postremum,
1560 2561 1670 2616 quo
1698 2547 1868 2618 impe-

285 2636 426 2681 rante
455 2643 514 2683 se
551 2629 764 2685 vixisse
809 2647 920 2687 non
978 2635 1148 2689 semel
1178 2648 1375 2691 auctor
1426 2638 1622 2704 innuit,
1660 2641 1864 2709 perdu-

283 2717 429 2772 eitur.
459 2717 510 2776 ls
561 2736 696 2777 vero
735 2723 790 2776 in
844 2726 1164 2794 praefatione
1195 2729 1599 2799 descripturum
1641 2747 1701 2786 se
1744 2733 1860 2787 ait:

288 2827 306 2860 ι
338 2808 594 2867 Gentium
649 2813 1011 2885 divisionem,
1041 2827 1096 2874 et
1131 2830 1420 2889 parentum
1458 2823 1860 2878 dinumeratam

288 2917 306 2950 ε
338 2905 772 2978 generationem,
808 2907 1227 2966 inhabitationis
1260 2927 1480 2982 quoque
1511 2924 1782 2984 tempora,
1808 2925 1863 2970 et

288 3009 306 3042 α
337 2993 601 3050 bellorum
628 2999 1072 3066 commissiones,
1094 3001 1414 3072 etjudicum
1445 3013 1714 3075 tempora,
1739 3007 1856 3076 qui,

287 3099 304 3133 ι
335 3093 386 3142 et
413 3088 622 3157 quibus
668 3090 888 3161 regibus
930 3094 1044 3146 lati
1095 3101 1244 3161 sunt,
1291 3096 1592 3167 qualesque
1631 3099 1858 3168 captivi-

285 3193 302 3226 ι
339 3186 470 3236 tates
521 3181 749 3251 populi,
813 3191 868 3238 et
905 3185 1108 3255 quibus
1162 3187 1440 3257 judicibus
1487 3189 1850 3259 contigerint,
1879 3203 1924 3263 α

284 3283 303 3317 ι
334 3269 532 3340 quique
567 3272 908 3341 sacerdotes,
939 3274 1140 3344 quibus
1174 3276 1514 3347 temporibus
1537 3276 1777 3347 fuerant,
1801 3290 1856 3336 et

283 3378 301 3413 ι
332 3379 446 3434 quae
474 3366 712 3435 divisio,
745 3376 800 3423 et
846 3384 968 3439 quae
1021 3370 1254 3440 perditio
1294 3371 1434 3428 facta
1471 3373 1581 3440 sit,
1613 3389 1852 3444 quonam

281 3471 299 3504 ‹
334 3457 489 3518 modo
542 3459 828 3529 generatio
877 3461 1106 3517 seminis
1163 3463 1332 3518 Israel
1393 3463 1459 3518 de
1501 3464 1756 3522 Patribus
1796 3469 1851 3521 in

282 3547 542 3607 «Christo
606 3553 882 3622 completa
941 3555 1053 3620 sit,
1104 3565 1159 3609 et
1216 3563 1353 3625 quot
1402 3558 1703 3627 quantique
1757 3574 1854 3629 per

281 3657 297 3689 ι
329 3651 522 3709 quanta
565 3651 817 3714 tempora
863 3644 1281 3702 dinumerentur
1331 3653 1458 3702 anni
1516 3665 1548 3704 a
1599 3659 1849 3706 creatura

280 3750 297 3783 ι
329 3737 508 3791 saeculi
564 3753 747 3806 usque
787 3738 841 3792 in
882 3739 1029 3795 hunc
1075 3741 1242 3795 diem.
1275 3759 1293 3792 ι
1338 3739 1648 3798 Praefationi
1684 3743 1844 3798 index

275 3826 573 3897 Subjieitur,
627 3829 788 3898 cujus
824 3832 856 3884 6
892 3841 1056 3900 caput
1092 3831 1246 3887 hisce
1283 3832 1466 3888 verbis
1521 3841 1842 3903 conceptum

275 3912 457 3988 legitur
487 3938 500 3975 :
552 3939 572 3971 ‹
611 3920 920 3976 Deelaratio
949 3919 1195 3989 Paschm,
1227 3931 1279 3977 et
1314 3926 1437 3994 quis
1477 3923 1697 3993 quando
1729 3939 1846 3977 ser-

279 4025 298 4058 t
323 4013 462 4067 vavit
494 4028 563 4068 ex
600 4015 943 4083 temporibus
982 4013 1156 4085 Moysi
1193 4016 1244 4069 in
1283 4015 1430 4069 hunc
1458 4015 1624 4068 diem.
1661 4033 1679 4066 ι
1712 4013 1844 4080 Quae

273 4103 476 4171 quidem
500 4107 570 4162 ad
596 4121 663 4160 ea
685 4105 1019 4172 referuntur,
1035 4123 1155 4176 quae
1178 4106 1450 4160 habentur
1473 4105 1527 4160 in
1551 4121 1612 4161 ea
1639 4107 1838 4161 sectio—

274 4207 353 4259 ne,
383 4197 469 4251 ubi
494 4199 563 4252 de
584 4197 856 4255 Pascbate
881 4198 1112 4255 subinde
1133 4214 1160 4251 a
1183 4197 1386 4252 Judaais
1415 4207 1608 4252 exacto
1635 4199 1834 4268 agitur.

275 4273 398 4340 Tum
415 4288 637 4343 additur
660 4306 673 4342 :
707 4306 726 4339 ι
747 4288 790 4341 Α
811 4288 1157 4358 generatione
1181 4297 1362 4344 autem
1396 4287 1598 4343 Christi
1626 4297 1750 4358 post
1769 4288 1839 4342 50

277 4391 294 4424 ι
329 4391 496 4434 annos
552 4394 683 4435 cum
737 4393 936 4449 passus
986 4387 1070 4435 est
1104 4378 1368 4435 Dominus
1389 4420 1404 4445 ,
1426 4379 1662 4453 iPascha
1695 4379 1839 4436 cele-

499 5898 775 5958 PATROL.
811 5893 931 5954 Gn.
963 5887 1046 5955 Χ.

1996 614 2016 648 ε
2057 605 2239 652 autem
2293 597 2508 654 Domini
2572 616 2746 670 usque
2805 603 2859 655 in
2913 619 3008 658 xnt
3087 619 3291 658 annum
3352 607 3568 676 imperii

1995 709 2016 742 ε
2053 691 2346 746 Alexandri
2370 693 2602 750 Caesaris
2630 695 2757 749 anni
2782 695 2907 762 206,
2927 707 3203 753 servatum
3225 707 3310 753 est
3329 698 3564 765 Pascha,

1994 799 2014 833 ι
2051 783 2196 850 quod
2235 784 2290 837 in
2330 786 2908 841 commemorationem
2953 787 3173 842 Domini
3222 791 3395 845 nostri
3432 790 3565 848 Jesu

1991 895 2010 927 ‹
2050 876 2251 930 Christi
2287 887 2536 931 servatur
2558 895 2588 931 a
2616 879 2794 934 nobis.
2822 878 2984 933 Fiunt
3013 881 3179 950 igitur
3211 898 3403 938 omnes
3433 885 3566 939 anni

1993 986 2010 1018 ι
2050 969 2118 1021 ab
2143 968 2314 1022 Adam
2351 985 2524 1039 usque
2567 972 2621 1024 in
2658 972 2806 1027 hunc
2838 973 2980 1027 diem
3011 976 3138 1028 anni
3171 975 3332 1031 5738.
3373 997 3390 1029 ›
3429 977 3563 1044 Quae

1985 1057 2202 1124 quidem
2239 1057 2329 1110 hic
2368 1074 2397 1111 a
2425 1059 2584 1114 nobis
2625 1062 2789 1116 allata
2824 1063 2869 1117 si
2911 1064 3034 1134 quis
3069 1080 3195 1120 cum
3220 1067 3307 1133 iis,
3341 1084 3462 1137 qua)
3493 1070 3561 1124 de

1985 1146 2253 1220 Hippolyti
2282 1149 2538 1204 Chronico
2566 1155 2867 1224 attigimus,
2899 1156 2965 1210 ad
2995 1159 3260 1212 amussim
3304 1159 3558 1215 conferre

1981 1243 2148 1308 'velit;
2191 1243 2322 1297 illud
2379 1244 2557 1315 ipsum
2612 1262 2733 1302 esse
2780 1249 3024 1316 ejusdem
3067 1251 3364 1305 Chronicon
3412 1254 3557 1310 haud

1981 1331 2267 1387 dilliculter
2293 1332 2430 1388 forte
2463 1337 2744 1404 concedet,
2781 1339 2868 1392 cui
2903 1340 3223 1396 laterculum
3261 1344 3308 1397 is
3340 1347 3556 1413 praemi-

1981 1425 2133 1489 serit,
2173 1426 2254 1480 vel
2277 1426 2597 1492 subdiderit,
2651 1427 2712 1483 ,in
2771 1426 3050 1485 Paschalis
3082 1429 3225 1496 festi,
3258 1432 3324 1486 de
3356 1449 3465 1503 quo
3497 1433 3556 1489 in

1979 1518 2089 1584 illa,
2121 1535 2284 1588 quam
2312 1518 2575 1586 diximus,
2613 1525 2853 1578 sectione
2880 1525 3008 1594 egit,
3035 1525 3346 1580 inveniendi
3387 1541 3554 1580 cano-

1977 1625 2100 1664 nem
2127 1627 2221 1666 seu
2255 1614 2494 1682 regulam
2518 1630 2530 1678 ;
2558 1615 2624 1668 ad
2652 1632 2814 1684 quam
2844 1617 3150 1686 praeteritos
3177 1627 3232 1672 et
3259 1628 3551 1687 sequentes

1977 1715 2154 1756 annos
2189 1704 2497 1772 expendere
2532 1706 2790 1762 lectorem
2827 1711 3082 1764 voluerit.
3117 1728 3136 1763 ι

1899 1844 1944 1906 Β
2043 1843 2212 1903 Recte
2259 1830 2480 1918 quidem
2529 1859 2943 1921 argumentatur
2990 1865 3059 1906 ex
3125 1852 3276 1908 hisce
3330 1851 3550 1908 duobus

1976 1942 2223 1997 numeris
2257 1957 2526 1998 annorum
2548 1960 2578 1998 a
2596 1942 2860 2000 Passione
2883 1945 3099 1998 Domini
3123 1945 3191 2000 ad
3221 1959 3425 2000 annum
3446 1962 3550 2001 xm

1977 2033 2163 2090 Severi
2195 2036 2512 2104 Alexandri,
2545 2053 2648 2093 nec
2673 2054 2783 2093 non
2819 2039 2888 2093 ab
2917 2053 3003 2104 eo,
3033 2054 3198 2108 quem
3235 2055 3367 2094 xxxr
3417 2049 3545 2094 ante

1972 2126 2292 2184 Passionem
2322 2145 2390 2185 ex
2435 2139 2678 2185 veterum
2721 2134 2987 2187 sententia
3032 2133 3396 2188 incarnationi
3443 2132 3550 2189 D04

1971 2222 2190 2277 minieae
2219 2222 2514 2277 tribuebat.
2553 2221 2896 2290 Quinetiam,
2951 2232 3013 2278 ut
3059 2225 3256 2280 addam
3281 2225 3548 2292 reliquas

1970 2313 2209 2382 epochas
2242 2314 2296 2368 in
2331 2330 2642 2369 marmoreo
2658 2311 2868 2368 Canone
2896 2317 3215 2383 reccnsitas,
3243 2317 3540 2371 concedam

1969 2405 2259 2475 plerasque
2288 2420 2479 2460 earum
2504 2421 2629 2460 eum
2665 2406 2912 2460 numeris
2945 2406 3152 2462 codicis
3179 2406 3454 2462 Labbeani
3491 2417 3547 2463 et

1969 2497 2247 2553 Canisiani
2309 2513 2633 2568 congruere.
2693 2496 2893 2552 Verum
2928 2513 3054 2552 cum
3114 2498 3423 2568 discrepent
3471 2500 3542 2553 ab

1966 2588 2174 2642 eisdem
2232 2589 2491 2657 reliquae,
2557 2604 2732 2658 eaque
2782 2589 3126 2658 potissimum
3178 2604 3302 2658 qua:
3353 2589 3543 2643 deﬁnit

1966 2678 2312 2733 intervallum
2343 2679 2487 2732 inter
2516 2679 2626 2733 duo
2650 2677 2937 2747 Paschata,
2971 2679 3142 2734 Exodi
3168 2689 3223 2735 et
3259 2679 3536 2748 Ezechiae;

1963 2774 2244 2828 evidenter
2283 2773 2594 2828 ostenditur
2637 2789 3007 2828 marmoreum
3050 2773 3323 2846 Hippolyti
3365 2775 3536 2830 ωηο-ι

1963 2869 2119 2921 nicon
2147 2868 2421 2922 diversum
2457 2883 2579 2922 esse
2613 2881 2642 2920 a
2691 2867 2896 2935 scripto
2926 2866 3028 2936 ipsi
3057 2867 3272 2937 aequali,
3303 2867 3355 2919 in
3381 2881 3537 2920 com-

1961 2962 2107 3031 putis
2163 2961 2527 3016 dissentienti.
2586 2960 2723 3014 Cum
2779 2976 2909 3015 vero
2965 2967 3209 3026 constet,
3263 2957 3536 3032 Hippolyti

1961 3067 2224 3106 numeros
2253 3061 2363 3106 tam
2403 3066 2575 3121 prope
2608 3051 2868 3106 accedere
2909 3051 2978 3105 ad
3011 3052 3332 3121 peritiorum
3373 3052 3535 3108 chroa

1959 3145 2281 3216 nologorum
2343 3145 2660 3209 sententias,
2738 3144 2818 3198 uti
2861 3160 2927 3198 ex
2987 3145 3394 3212 comparatione
3436 3161 3538 3201 os-t

1958 3252 2172 3296 tensum
2215 3237 2318 3295 fuit
2372 3252 2533 3307 supra
2579 3245 2848 3293 :econtra
2894 3251 3022 3291 vero
3064 3236 3288 3306 ;vitiosa
3357 3239 3535 3292 mania

1956 3332 2096 3388 feste
2135 3331 2208 3389 sit
2249 3330 2584 3400 computatio
2635 3330 2892 3401 anonymi
2929 3330 2982 3385 in
3036 3330 3342 3386 deﬁniendo
3389 3347 3533 3402 prte-

1957 3425 2144 3482 sertim
2175 3423 2462 3478 intervallo
2496 3437 2526 3478 a
2553 3423 2821 3478 Paschate
2849 3422 3017 3478 Josue
3051 3423 3119 3478 ad
3150 3422 3360 3478 Pascha
3396 3423 3531 3478 Ezed

1955 3519 2124 3586 chiae;
2163 3532 2339 3586 operat
2369 3517 2600 3586 pretium
2641 3515 2798 3580 duco,
2829 3515 3069 3570 rationes
3113 3513 3385 3592 Hippolyti
3427 3516 3531 3572 hoc

1959 3610 2014 3663 in
2058 3617 2416 3663 monumento
2451 3606 2772 3676 superstites
2806 3605 3097 3670 exhibere;
3142 3613 3202 3660 ut
3232 3605 3346 3660 haec
3382 3606 3528 3666 antio

1955 3699 2221 3764 quissima
2259 3699 2506 3753 omnium
2556 3697 2910 3767 chronologia
2950 3695 3242 3766 paschalis,
3275 3694 3530 3750 maximaeI

1955 3791 2228 3862 Hippolyti
2264 3790 2468 3860 peritiae
2494 3788 2669 3852 testis,
2704 3787 2758 3841 in
2799 3787 3326 3843 commendationem
3371 3786 3532 3840 cedat

1953 3886 2235 3956 sapientiae
2267 3878 2511 3943 Patrum.
2552 3884 2647 3953 qui
2688 3881 2923 3952 proximi
2964 3881 3031 3934 ab
3063 3880 3345 3948 apostolis,
3373 3885 3427 3933 et
3455 3879 3526 3933 ab

1954 3977 2268 4047 apostolicis
2288 3976 2422 4030 viris
2448 3973 2622 4045 prima
2646 3973 2901 4028 Ecclesiae
2929 3972 3146 4036 saecula,
3172 3978 3232 4025 ut
3259 3969 3525 4038 sanguine

1952 4085 2052 4139 pro
2099 4068 2320 4125 Christo
2382 4067 2532 4134 fuso,
2578 4067 2652 4122 ita
2703 4067 2868 4122 etiam
2920 4065 3137 4134 scriptis
3196 4061 3524 4118 clarissimis

1949 4164 2310 4219 illustrarunt.

1949 4280 2240 4353 (Canonem
2265 4280 2566 4350 past-[talem
2593 4276 2651 4332 S.
2676 4274 2954 4348 Hippolyti
2988 4275 3102 4328 vide
3136 4272 3327 4344 infra.)
3357 4270 3519 4328 E911.

1949 4378 2116 4432 PATR.

3115 5870 3198 5934 13
