4074 6386
355 354 470 416 :97
1153 355 1242 410 ne
1275 353 1666 412 PORTUENSI
1706 353 1764 410 s.
1806 350 2168 408 mppom'n
2207 336 2709 411 SEDES—PARS
2747 355 2786 409 ι.
3489 350 3602 409 eos

358 471 503 542 genii
530 480 579 525 et
610 471 865 534 ubertate,
897 482 1050 542 atque
1072 474 1224 541 copia
1251 474 1563 528 eruditionis
1604 473 1922 539 clarissimo,
1952 473 2015 526 de
2054 469 2335 526 Portuensi
2373 474 2545 527 sancti
2578 472 2854 542 Hippolyti
2886 472 3113 541 epis:0pi
3134 480 3182 526 et
3205 472 3453 541 martyris
3479 477 3600 528 sede

356 542 793 595 dissertationem
829 544 963 611 (64).
984 542 1135 606 Quod
1162 553 1216 596 ut
1250 544 1504 607 intellexi,
1536 543 1668 597 nihil
1696 560 1856 603 curto,
1884 543 2070 606 studii,
2095 543 2379 608 diligentia:
2404 542 2943 611 prwtermittendum,
2979 542 3208 611 nihilque
3249 559 3407 597 mora:
3434 544 3600 598 infer-

361 612 662 679 ponendum
688 614 889 679 putavi,
922 614 1047 683 quin
1067 630 1203 684 eam,
1229 614 1317 667 ubi
1346 616 1558 667 tandem
1599 614 1932 681 reperiretur,
1982 614 2410 684 pervestigarent;
2443 622 2620 684 utpote
2643 614 2731 681 qui
2772 612 2926 679 plane
2972 614 3319 682 prospicerent
3350 630 3488 677 eum,
3511 616 3603 684 qui

362 692 518 734 tanta
551 683 945 749 perspicuitate,
977 683 1165 751 peritia
1204 700 1398 744 rerum,
1424 684 1688 736 industria
1716 684 2005 752 ﬂoruisset,
2032 683 2197 735 ntulto
2224 682 2430 748 felicius
2459 682 2512 735 in
2534 699 2591 735 eo
2615 700 2796 751 genere
2818 685 3112 751 argumenti
3135 683 3296 751 fuisse
3318 682 3601 745 versatum,

364 768 533 823 quam,
556 753 758 805 versari
785 764 983 821 egomet
1020 754 1322 821 potuissem.
1373 753 1606 823 Cumque
1648 753 1957 823 inquirendo
2003 754 2367 823 comperissem
2401 752 2720 821 Stephanum
2752 752 3011 823 Gallium,
3043 753 3304 822 singulari
3336 753 3601 807 hominem

356 821 611 893 doctrina
643 823 1007 893 constantique
1033 824 1085 875 in
1143 824 1396 876 amicitiis
1432 821 1660 877 colendis
1704 821 1828 891 fide,
1852 824 2051 892 scripta
2088 824 2267 875 omnia
2313 821 2581 891 Ruggerii,
2641 838 2791 893 quem
2832 822 3042 875 virtutis
3075 821 3237 876 causa
3280 823 3500 876 charum
3550 825 3607 877 in

361 892 552 958 primis
583 892 857 955 habuerat,
890 892 1140 962 rebusque
1161 893 1401 947 omnibus
1422 893 1656 961 juverat,
1681 894 1997 956 obtinuisse;
2040 908 2157 945 eum
2200 893 2460 958 equidem,
2493 892 2679 946 statim
2704 908 2767 945 ac
2792 894 2960 961 potui,
3011 894 3197 962 cupide
3238 895 3470 955 conveni,
3516 910 3606 947 ro-

358 962 584 1034 gavique
612 962 862 1034 majorem
893 963 950 1015 in
988 961 1218 1028 modum,
1256 963 1766 1034 utdissertationem
1800 963 1995 1031 ipsam,
2027 963 2073 1016 si
2104 962 2258 1014 modo
2308 961 2377 1015 ad
2406 962 2606 1034 ipsius_
2632 978 3084 1034 manusqunacum
3123 965 3327 1016 caeteris
3352 964 3604 1034 Ruggerii

283 1094 292 1103 .
361 1030 820 1085 lucubrationibus
852 1034 1183 1103 pervenisset,
1210 1033 1341 1103 mihi
1364 1049 1457 1101 pro
1482 1050 1580 1087 sua
1608 1030 1937 1087 humanitate
1958 1034 2086 1086 dare
2118 1049 2179 1085 ne
2207 1042 2538 1103 gravaretur.
2571 1030 2744 1103 Quam
2772 1033 2841 1086 ad
2872 1049 2982 1086 rem
3009 1035 3288 1101 interprete
3326 1030 3486 1087 etiam
3516 1044 3603 1088 at-

346 1106 464 1169 ‘que
489 1111 711 1168 patrono
746 1099 862 1154 sum
891 1119 1016 1155 usus
1044 1101 1270 1167 Josepho
1303 1099 1587 1172 Garampio
1612 1105 1834 1172 prtesule
1876 1099 2223 1172 amplissimo,
2256 1100 2510 1157 Clementi
2565 1099 2707 1154 XIV
2749 1104 2987 1172 pontiﬁci
3019 1099 3250 1156 maximo
3279 1104 3342 1157 ab
3388 1106 3602 1158 arcanis

360 1172 525 1233 uotis,
560 1173 850 1242 optimeque
872 1173 947 1243 de
973 1189 1026 1227 re
1053 1172 1320 1227 litterario
1344 1171 1554 1243 publica
1582 1171 1791 1237 merito,
1828 1174 1916 1227 cui
1935 1171 2072 1227 certe
2099 1172 2160 1225 ob
2189 1172 2395 1242 egregia
2422 1171 2674 1229 beneficia
2706 1171 2761 1226 in
2787 1190 2866 1227 me
2887 1171 3005 1242 jam
3030 1174 3149 1227 inde
3176 1191 3207 1226 a
3236 1191 3398 1241 puero
3417 1175 3485 1227 ad
3506 1176 3603 1227 hoc

360 1257 529 1310 usque
576 1240 774 1313 tempus
799 1240 1017 1305 collata,
1065 1240 1606 1313 quantum'debeam,
1652 1245 1882 1313 cogitare
1915 1245 2023 1309 vix,
2067 1240 2233 1296 verbis
2282 1240 2459 1295 autem
2489 1244 2713 1313 exsequi
2750 1260 2810 1297 ne
2850 1240 2937 1297 vix
2966 1244 3173 1313 quidem
3196 1240 3427 1311 possum.
3476 1244 3596 1297 Voti

352 1327 589 1383 compos
604 1312 799 1383 factus,
853 1329 1056 1383 omnem
1105 1330 1286 1366 curant
1332 1322 1381 1366 et
1412 1316 1648 1367 studium
1692 1312 1746 1367 iu
1797 1330 1948 1383 opere
1976 1313 2315 1382 pervolvendo
2344 1312 2638 1383 collocavi.
2685 1312 2919 1383 Cumque
2950 1312 3403 1382 deprehendissent
3434 1315 3601 1367 multo

356 1382 523 1454 etiam
551 1381 684 1433 illud
718 1382 1026 1454 prteclarius
1057 1400 1186 1447 esse,
1209 1400 1367 1453 quam
1404 1394 1670 1453 putaram,
1705 1381 1995 1454 cuicunque
2017 1385 2225 1437 demum
2277 1382 2447 1438 labori
2490 1400 2602 1436 meo
2653 1381 3041 1451 prteferendum
3081 1385 3233 1446 duxi,
3265 1385 3602 1454 dandamque

356 1452 632 1523 mihiesse
658 1452 959 1522 diligentem
976 1452 1228 1523 cperam,
1250 1462 1327 1515 ut,
1356 1452 1512 1523 quam
1539 1456 1655 1521 [teri
1687 1464 1879 1520 posset,
1907 1452 2053 1507 ocius
2077 1454 2133 1506 in
2157 1454 2322 1506 lucem
2344 1455 2687 1507 emitteretur.
2724 1453 2825 1507 Sed
2852 1465 2907 1507 ut
2932 1454 3221 1523 perfectura
3246 1452 3599 1523 numerisque,

354 1531 419 1573 ut
454 1522 628 1583 aiunt,
661 1524 902 1575 omnibus
930 1522 1227 1593 absolutum
1250 1522 1504 1592 prodiret,
1531 1525 1867 1578 tribuendum
1894 1526 2063 1593 primo
2088 1526 2266 1577 censui
2295 1525 2349 1576 in
2373 1533 2548 1592 partes
2577 1524 2710 1577 duas
2744 1522 2969 1593 quarum
3013 1522 3161 1593 prior
3182 1524 3245 1578 de
3276 1522 3593 1577 testimoniis

355 1592 681 1665 scriptorum
708 1594 1046 1665 antiquorum
1075 1595 1144 1646 ad
1180 1592 1239 1647 S.
1273 1593 1619 1665 Hippolytum
1651 1595 1864 1664 ejusque
1896 1592 2070 1648 sedem
2097 1594 2454 1662 spectantibus
2482 1604 2636 1658 esset,
2673 1592 2844 1648 altera
2884 1611 3131 1663 responsa
3170 1596 3238 1646 ad
3285 1606 3603 1664 argumenta

352 1662 787 1734 gdrersartorum
815 1664 1274 1730 complecteretur;
1305 1675 1417 1718 tum
1444 1662 1566 1719 huic
1594 1665 1748 1718 alteri
1780 1662 1939 1734 parti
1965 1703 1980 1728 ,
2014 1680 2131 1734 qute
2162 1665 2413 1728 deerant,
2444 1664 2669 1732 adjunxi
2692 1680 2710 1727 ;
2740 1665 2862 1718 inde
2890 1662 3209 1732 scriptorum
3230 1706 3246 1728 ,
3292 1662 3516 1732 quorum
3546 1683 3601 1719 se

355 1730 654 1800 Ruggerius
685 1734 1006 1786 auctoritate
1028 1736 1309 1800 munierat,
1344 1734 1460 1788 loca
1495 1737 1657 1800 adivi,
1692 1752 1753 1788 ac
1784 1730 1939 1789 verba
1965 1730 2189 1797 contuli,
2227 1730 2591 1803 accurateque,
2620 1744 2676 1787 ut
2698 1750 2797 1803 par
2822 1744 2956 1800 erat,
2987 1730 3145 1804 utque
3168 1730 3437 1798 postulare
3463 1740 3601 1789 ratio

353 1804 669 1876 uidebatur,
709 1804 1002 1871 descripsi;
1048 1814 1330 1872 postremo,
1363 1822 1424 1858 ne
1463 1807 1587 1874 quid
1622 1806 1835 1874 insuper
1862 1806 2141 1876 quisquam
2170 1804 2490 1859 desideraret
2522 1844 2539 1872 ,
2576 1805 2945 1859 adnotationes
2978 1805 3187 1871 addidi,
3212 1806 3399 1874 quibus
3425 1821 3504 1860 res
3533 1807 3598 1860 ab

354 1873 474 1944 ipso
498 1873 801 1944 constituta:
832 1875 997 1942 magis
1028 1876 1294 1944 magisque
1315 1873 1772 1943 con/irritarentur.
1873 1873 1883 1876 ⁷
1995 1873 2004 1876 ⁷
2098 1893 2101 1896 ‘

427 1943 618 2011 Accipe
649 1960 782 1995 nunc
804 1944 1009 2012 paucis,
1040 1942 1155 2014 quir
1186 1942 1499 2014 Ruggerium
1524 1962 1699 2000 causa:
1739 1946 1808 1999 ad
1842 1944 2176 1999 scribendum
2222 1943 2553 2013 impulerint.
2592 1942 2783 1999 Petrus
2833 1944 3126 2001 Ottobonus
3180 1942 3315 2014 (65),
3348 1942 3406 1998 S.
3432 1943 3498 1999 R.
3527 1944 3599 2000 E.

354 2013 652 2084 cardinalis
689 2022 740 2065 et
764 2015 1035 2082 episcopus
1069 2013 1400 2077 Portuensis,
1432 2016 1635 2069 cultum
1661 2018 1944 2070 decessoris
1973 2016 2059 2069 sui
2091 2031 2153 2068 ac
2184 2015 2435 2084 martyris
2465 2014 2830 2082 restituturus,
2866 2035 2900 2070 a
2932 2015 3211 2080 Patribus,
3250 2014 3441 2084 quibus
3484 2032 3600 2070 cre-

350 2082 475 2158 dita
497 2091 574 2158 est
603 2084 667 2135 de
708 2086 1095 2158 sacrisritibus
1132 2084 1463 2158 dijudicandi
1502 2087 1952 2158 constituendique
1978 2102 2140 2158 cura,
2175 2082 2395 2158 petierat
2446 2095 2502 2137 ut
2542 2085 2767 2158 oﬂicium
2804 2085 3179 2158 proprium_de
3210 2082 3270 2138 εξ
3304 2084 3593 2158 Hippolyto

352 2102 475 2134 aua
497 2102 573 2135 est
603 2102 667 2135 ae
708 2102 874 2137 sacris
906 2102 1095 2137 rmous
1132 2102 1463 2206 arguatcanat
1502 2102 1952 2158 constituenaique
1978 2102 2140 2148 cura,
2175 2102 2395 2154 petierat
2446 2102 2502 2137 ut
2542 2102 2767 2153 amotum
2804 2102 3078 2152 proprium
3116 2102 3179 2136 ae
3210 2102 3267 2138 ο.
3304 2102 3593 2156 mppotyto

352 2153 574 2229 recitari
603 2169 809 2223 remque
836 2155 1069 2229 divinam
1106 2171 1166 2208 su
1232 2156 1358 2221 ritu,
1389 2167 1445 2229 ut
1473 2157 1864 2229 aiunt,primte
1888 2156 2074 2229 classis
2114 2156 2169 2208 iu
2200 2156 2327 2229 ejus
2340 2157 2648 2208 memoriam
2677 2158 2962 2226 quotannis
2993 2158 3047 2208 in
3080 2154 3364 2229 Portuensi
3387 2157 3600 2210 αἰωρεδὶ

354 2223 474 2279 ﬁeri
498 2235 823 2297 paterentur.
853 2223 1087 2277 Fuerunt
1109 2236 1302 2297 autem,
1338 2228 1428 2297 qui
1454 2228 1587 2280 satis
1612 2223 1757 2280 ab'se
1789 2228 1905 2297 ﬁeri
1931 2226 2044 2294 ejus
2070 2227 2353 2297 postulatis
2395 2235 2642 2297 negarent
2685 2223 2865 2293 posse,
2900 2238 3176 2297 propterea
3210 2226 3347 2293 quod
3394 2243 3603 2279 summa

346 2296 708 2414 quorumdam
748 2299 1029 2347 recentium
1055 2294 1372 2365 scriptorum
1398 2298 1721 2351 dissensione
1752 2299 1817 2350 de
1858 2296 2142 2349 Portuensi
2179 2294 2239 2350 S.
2294 2294 2568 2364 Hippolyti
2608 2297 2728 2348 sede
2747 2307 3059 2350 certaretur.
3089 2294 3326 2348 Prteerat
3351 2305 3476 2349 tunc
3505 2297 3605 2350 Bi-

390 2363 628 2414 liOthectz
663 2363 1030 2414 Ottobonianm
1059 2365 1366 2414 Ruaaerius.
1393 2366 1533 2414 Huic
1561 2368 1853 2414 cardinalis
1875 2367 2232 2414 amntissimus
2262 2367 2314 2414 in
2334 2366 2600 2414 mandatis
2627 2365 2767 2414 dedit
2798 2376 2853 2414 ut
2880 2367 3055 2414 varias
3086 2365 3185 2414 hac
3202 2367 3267 2414 de
3291 2382 3344 2414 re
3368 2367 3603 2414 interque

390 2363 628 2436 (iathecte
663 2363 1030 2418 Ottobonianw
1059 2363 1366 2435 Ruggerius.
1392 2366 1533 2421 Huic
1561 2368 1853 2421 cardinalis
1875 2367 2232 2436 amplissimus
2262 2367 2314 2419 in
2334 2366 2600 2436 mandatis
2627 2365 2767 2418 dedit
2798 2376 2853 2419 ut
2880 2367 3055 2420 varias
3086 2365 3185 2417 hac
3202 2367 3267 2418 de
3291 2382 3344 2436 re
3368 2367 3603 2436 interque

353 2449 411 2508 se
440 2435 753 2508 d_iss_i_dente_s
779 2437 1065 2508 sententias
1088 2436 1413 2508 expenderet,
1451 2449 1780 2508 veterumque
1802 2447 2254 2508 monumentorum
2280 2435 2795 2508 auctoritatefretus
2813 2435 3359 2508 demonstraret,quid
3390 2435 3603 2508 demum

352 2504 420 2556 de
540 2502 819 2573 Hippolyti
849 2506 968 2559 sede
991 2501 1242 2577 Romana:
1266 2506 1514 2562 Ecclesiae
1545 2501 1704 2577 ferrei
1731 2508 1972 2561 traditio.
2004 2506 2294 2577 lluggerius
2323 2506 2464 2558 dicto
2484 2501 2739 2577 audiens,
2770 2508 2947 2576 priore
2972 2505 3184 2577 quidem
3233 2501 3348 2577 loco
3387 2507 3602 2575 collegit

354 2570 950 2648 ntajorum_nostrorum
978 2576 1041 2630 de
1070 2590 1379 2646 argumento
1402 2570 1601 2641 eodem,
1634 2588 1887 2648 quotquot
1913 2570 2142 2631 invenire
2171 2577 2343 2648 potuit
2375 2575 2677 2648 testimonia
2694 2570 2935 2639 {deinde
2966 2570 3315 2648 Tillemontii,
3341 2570 3603 2648 aliorum-

352 2660 478 2718 que,
501 2646 591 2718 qui
614 2645 736 2718 huic
756 2647 957 2718 assensi
981 2644 1171 2711 essent,
1221 2649 1285 2702 de
1329 2649 1577 2702 orientali
1601 2644 2046 2718 sancti'martyris
2096 2644 2348 2718 cathedra
2394 2644 2803 2718 conjectationes
2841 2648 3081 2718 depulit;
3108 2644 3601 2718 deincepsqueASte-

344 2714 521 2781 pham
616 2714 843 2785 Moynii,
867 2728 1106 2770 sanctum
1136 2725 1374 2789 eumdem
1405 2731 1689 2789 martyrem
1724 2720 1791 2771 ad
1821 2714 2121 2774 Honieritas
2146 2716 2371 2789 Αναὺὶωῄ
2390 2715 2750 2789 amandantis,
2778 2718 2954 2786 rejecit
2971 2714 3372 2789 divinationem.
3409 2715 3604 2770 Oblata

348 2801 468 2859 sae.
497 2787 702 2859 rituum
724 2788 1113 2857 congregationi
1140 2788 1250 2859 haec
1285 2788 1531 2859 Ruggerii
1549 2786 1889 2851 dissertatio,
1921 2804 2097 2851 necne,
2134 2786 2516 2859 fuerit,fateor
2537 2800 2615 2837 me
2640 2788 2907 2859 igno_rare.
2961 2786 3250 2859 Hoc__sci_o,
3288 2787 3449 2859 Petro
3479 2802 3604 2859 car-

344 2855 528 2908 dinali
554 2855 942 2929 Ottobonoivitu
964 2859 1165 2926 functo,
1189 2855 1507 2928 Ruggerium
1533 2860 1768 2913 eamdem
1787 2901 1802 2923 ,
1831 2859 2033 2929 aliquot
2064 2857 2437 2929 appendicibus
2460 2864 2697 2929 auctam,
2744 2856 3024 2912 Benedicto
3068 2856 3154 2909 XI
3174 2855 3236 2922 V,
3278 2858 3602 2929 immortalis

349 2927 624 2999 memoria:
643 2928 882 2995 pontiﬁci
913 2930 1162 2993 maximo,
1178 2926 1420 2999 dedicare
1448 2930 1561 2999 (66)
1590 2930 1872 2999 cogitasse,
1898 2926 2037 2982 anno
2064 2928 2225 2991 1741,
2255 2943 2355 2999 quo
2376 2926 2590 2997 quidem
2625 2930 2762 2999 typis
2786 2929 2957 2998 ipsam
2986 2930 3138 2997 coepit
3175 2928 3427 2980 excudere
3449 2927 3601 2997 (b7);

346 2996 444 3069 sed
475 3013 712 3066 pressum
744 2999 925 3069 inopia
955 3002 1029 3051 rei
1063 2998 1373 3066 familiaris,
1425 2996 1627 3068 incepta
1657 2996 1907 3069 perﬁcere
1930 3000 2240 3069 nequivisse.
2268 2996 2593 3066 Quanquam
2627 2998 2737 3050 dici
2770 2996 2856 3052 vix
2888 2996 3091 3068 potest,
3125 2999 3310 3068 quanti
3338 2996 3471 3069 eam;
3500 2999 3600 3051 viri

343 3065 653 3138 doctissimi
680 3065 1069 3138 obveritatent,
1097 3071 1405 3138 gravitatem
1430 3065 1833 3130 sententiarum,
1865 3065 2073 3138 vimque
2092 3069 2373 3134 orationis,
2410 3065 2531 3138 qua
2564 3068 2856 3138 perscripta
2880 3065 3073 3138 fuerat,
3104 3065 3406 3136 penderent.
3434 3067 3603 3122 Bene-

343 3136 529 3210 dictus
551 3139 661 3205 ipse
684 3134 826 3210 XILV
850 3138 919 3191 ad
943 3134 1203 3192 summam
1230 3138 1714 3210 [luggeriiilaudem
1746 3140 1882 3210 (68),
1910 3134 2022 3210 huic
2049 3139 2352 3210 litterarum
2372 3134 2645 3210 mandavit
2675 3134 3023 3210 mouunientis
3048 3153 3066 3193 :
3105 3134 3130 3189 '«
3164 3138 3300 3191 Dum
3330 3138 3440 3192 [nec
3466 3148 3604 3192 scrt-

349 3209 550 3276 bimus,
583 3210 721 3279 typis
750 3208 1004 3264 Romanis
1036 3210 1212 3263 editur
1233 3205 1445 3264 erudita
1474 3205 1790 3265 Dissertatio
1811 3205 1875 3265 de
1901 3209 2189 3265 Portuensi
2219 3209 2339 3265 sede
2360 3207 2533 3263 sancti
2567 3205 2842 3280 Hippolyti
2871 3210 3100 3280 episcopi
3142 3216 3191 3262 et
3243 3211 3515 3279 martyris,
3546 3212 3602 3262 in

343 3439 465 3494 vita
495 3438 833 3511 clarissimus
854 3436 1207 3511 vir-Joannes
1230 3438 1666 3511 Christophorus
1689 3436 1924 3511 Amadu-
1952 3444 2000 3503 Α
2026 3436 2290 3511 Vaticani
2354 3439 2631 3509 archetypi
2703 3438 2863 3511 ﬁdem
2940 3451 3259 3508 expressum
3322 3438 3602 3511 cyclisque

344 3511 487 3567 tius.
546 3525 657 3578 quo
707 3510 1048 3564 familiariter
1097 3510 1240 3565 idem
1290 3509 1596 3581 Ruggerius
1649 3508 1923 3576 utebatur,
2029 3508 2725 3581 paschalibusdistinctum
2764 3510 3069 3564 COIIOCﬂ\iL

346 3581 804 3634 commentarium
833 3581 1247 3650 diligentissime
1276 3580 1599 3650 conScrjpsit
1626 3588 1687 3650 et,
1710 3581 1927 3635 erudito

343 3650 530 3718 operi,
563 3651 651 3703 cui
681 3653 870 3706 titulus
916 3647 1129 3719 {Leges
1181 3651 1397 3704 novella:
1455 3647 1794 3719 Vanecdota:
1825 3650 1927 3703 im-

340 3729 655 3789 peratorum
679 3720 956 3774 Theodosii
972 3718 1211 3775 Juuioris
1228 3731 1277 3774 et
1304 3720 1604 3775 Valentiani
1624 3718 1749 3783 Ill,
1795 3730 1922 3786 etc.,

342 3806 473 3860 pag.
504 3806 687 3845 Lxxvu
715 3793 844 3846 edit.
877 3790 1064 3845 Romae
1094 3808 1237 3846 anno
1275 3791 1433 3855 ἸἹϋἹ,
1462 3790 1707 3860 pratiixit.
1757 3789 1813 3845 ln
1857 3807 1924 3845 eo

344 3871 609 3915 accurate
670 3863 1065 3931 diligenterque
1116 3863 1322 3927 omnia,
1372 3877 1493 3929 quae
1540 3862 1605 3914 ad
1653 3864 1788 3915 tanti
1823 3861 1924 3915 viri

343 3940 560 3995 studia,
610 3930 811 3997 mores,
863 3930 1323 3993 elucubrationes.
1369 3933 1584 3999 aliaque
1610 3930 1923 3998 hujusmodi

342 4002 757 4071 quodammodo
817 4012 1065 4071 spectare
1114 4011 1364 4071 possunt,
1420 4011 1815 4068 recensentur;
1854 4004 1923 4056 ad

338 4072 819 4143 quemlectorem,
852 4089 919 4127 ne
952 4081 1380 4143 actum__agatur,
1414 4071 1709 4143 rejicimus.

421 4140 537 4212 (64)
570 4140 690 4196 Non
725 4146 903 4197 solum
935 4144 1003 4197 de
1034 4142 1090 4195 S.
1124 4140 1394 4213 Hippolyti
1423 4142 1662 4213 episcopi
1692 4148 1747 4195 et
1778 4156 1924 4213 mar-

342 4214 489 4285 tyris
522 4211 663 4285 'sede
712 4214 1153 4285 dissertationem
1196 4211 1918 4285 eonscripsit_Ruggerins,

343 4282 544 4338 verum
580 4284 744 4338 etiam
794 4283 1199 4354 quamplurima
1252 4282 1670 4354 praeclarissima
1719 4284 1920 4354 ingenii

338 4355 435 4410 sui
461 4351 827 4409 monumenta
863 4351 1101 4424 reliiluit,
1123 4351 1270 4424 quae
1316 4354 1384 4407 ab
1412 4353 1601 4407 eodem
1624 4351 1920 4424 Amadutio

342 4440 568 4479 summa
617 4424 898 4496 diligentia
952 4423 1008 4478 in
1037 4423 1226 4478 eodem
1278 4423 1673 4478 commentario
1721 4437 1919 4476 nume-

342 4505 563 4549 rantur.

419 4565 533 4636 (65)
558 4563 1072 4636 Petrusycardinalis
1100 4562 1446 4636 AOttobonus,
1494 4569 1555 4615 ut
1592 4559 1914 4636 Portuensis

339 4633 607 4690 Eculesia:
637 4634 808 4688 infula
831 4634 1065 4690 donatus
1091 4633 1212 4702 fuit,
1267 4635 1449 4690 statim
1477 4647 1702 4703 prorsua
1744 4633 1911 4685 animi

341 4705 723 4776 anagnitudine
748 4714 802 4759 et
831 4706 1108 4775 religione,
1134 4709 1201 4761 ad
1234 4702 1491 4760 eamdem
1509 4702 1724 4776 eximiis
1755 4711 1917 4771 atque

2102 3579 2216 3649 (66)
2248 3579 2428 3649 Multis
2463 3581 2872 3649 perspicuisque
2903 3577 3391 3649 signiﬁcationibus
3421 3577 3600 3635 Bene-

2027 3648 2206 3705 dictus
2230 3648 2346 3703 XIV
2397 3648 2856 3705 PIMCGsteudit
2906 3648 3098 3719 quanti
3139 3650 3491 3719 Ruggcriutu,
3546 3660 3600 3705 et

2028 3720 2199 3790 ipsius
2232 3736 2452 3790 operam
2485 3720 2708 3785 faceret,
2734 3736 2839 3790 qua
2872 3730 3019 3775 certe
3044 3720 3185 3774 litlt‘ll
3211 3722 3304 3774 diu
3330 3729 3414 3773 est
3447 3736 3602 3789 usus,

2026 3792 2483 3861 quemadmodum
2516 3807 2581 3846 ex
2627 3793 2714 3857 iis,
2758 3807 2882 3861 «tua:
2938 3792 3007 3845 ab
3064 3791 3273 3861 eodem
3307 3791 3603 3861 Amadutio

2026 3860 2361 3926 referuntur,
2395 3862 2649 3929 cognosci
2680 3860 2972 3931 potestiet
2993 3875 3095 3931 ego
3117 3860 3231 3927 ipse
3264 3860 3318 3912 in
3349 3860 3598 3928 llegestis

2025 3931 2415 4001 manuscriptis
2437 3930 2788 4001 epistularum
2819 3940 2873 3985 et
2902 3930 3123 4001 Bullarii
3147 3931 3390 3998 ejusdem
3416 3935 3602 3999 ponti-

2023 3999 2164 4068 ﬁcis,
2189 3999 2488 4071 quzenunc
2522 4003 2575 4055 in
2626 4002 2895 4057 tabulario
2937 4000 3197 4054 Vaticano
3228 4009 3599 4068 asservantur,

2022 4073 2405 4127 animadverti.
2462 4072 2536 4127 De
2585 4073 2797 4127 caeteris
2856 4071 3165 4125 eruditione
3210 4071 3599 4137 praestantibus

2022 4143 2179 4207 viris,
2218 4143 2363 4212 apud
2392 4159 2532 4212 quos
2587 4140 2890 4212 Ruggerius
2948 4140 3597 4212 plurimum_valuitexi-

2024 4209 2337 4266 stimatinne
2392 4209 3031 4278 doctrinae,"adeundus
3103 4209 3425 4264 Amadutius
3488 4211 3594 4266 loc.

2022 4284 2137 4346 cit.,
2175 4284 2202 4346 ς
2233 4284 2285 4337 9.

2233 4284 2316 4407 id
2340 4353 2410 4408 80
2445 4353 2653 4408 scilicet
2678 4350 2904 4423 paginas
2951 4364 3090 4423 opus
3138 4360 3504 4423 processerat,
3530 4352 3600 4407 de

2020 4418 2220 4494 quibus
2250 4424 2362 4478 haec
2401 4426 2559 4479 habet
2590 4418 2916 4494 Ani—adutius
2964 4421 3069 4494 loc.
3100 4418 3274 4494 cit.,r§
3298 4420 3362 4494 ξε
3388 4418 3601 4494 Disser-

2022 4488 2156 4548 tatio
2189 4494 2408 4563 quidem
2464 4496 2531 4548 de
2562 4501 2753 4548 sancto
2795 4490 3084 4562 Hippolyto
3132 4488 3272 4561 typis
3316 4488 3600 4549 Vaticanis

2023 4564 2425 4619 Salvioniorum
2477 4565 2603 4619 cudi
2638 4573 2899 4632 caeperat,
2956 4576 3129 4631 eaque
3160 4563 3277 4631 jam
3324 4577 3500 4632 usque
3529 4564 3601 4619 ad

2018 4651 2142 4706 pag.
2183 4633 2253 4688 80
2290 4644 2658 4704 processerat;
2698 4634 2805 4706 sed
2848 4634 3171 4706 nummariae
3207 4633 3285 4706 rei
3326 4632 3596 4706 fouean-

2021 4702 2222 4776 igustia,
2254 4702 2359 4775 qua
2390 4706 2534 4759 malo
2567 4703 2803 4776 quodam
2843 4702 2954 4757 fato
2995 4718 3054 4757 ut
3113 4703 3412 4773 plurimum
3457 4704 3601 4759 litte-

341 4774 661 4847 ingent'rbus
716 4774 998 4850 beneﬁciis
1052 4779 1352 4830 ornandam
1374 4774 1817 4850 _augendamquc
1858 4789 1916 4827 sc
1950 4796 1991 4850 Β
2021 4774 2125 4831 rati
2158 4774 2465 4850 urgentur,
2516 4774 2655 4845 opus
2707 4775 3100 4850 intermissum
3137 4782 3241 4838 est,
3273 4782 3437 4850 atque
3461 4775 3598 4829 adeo

339 4845 520 4900 totum
544 4847 829 4901 convertit.
863 4848 1068 4901 Idcirco
1098 4862 1284 4901 sacras
1309 4845 1452 4900 aedes
1480 4846 1651 4897 nimio
1677 4852 1917 4898 vetusta-

339 4917 415 4971 tis
449 4918 703 4986 squalore
726 4917 1009 4971 sordentes
1044 4916 1099 4970 in
1143 4918 1461 4987 ampliorem
1496 4914 1915 4987 elegantiorem-

340 5002 456 5058 que
481 4983 714 5042 formam
769 4987 1025 5052 restituit,
1084 4983 1315 5057 aliisque
1344 4986 1562 5058 pietatis
1592 4983 1660 5039 et
1695 4983 1915 5058 muniti-

338 5055 543 5113 centia:
570 5057 942 5112 monumentis
968 5055 1351 5112 vetustissima:
1375 5057 1519 5111 sedis
1544 5055 1774 5125 jactur-is
1804 5069 1918 5125 tne-

339 5128 463 5183 deri
525 5138 759 5183 conatus
800 5137 907 5184 est.
967 5128 1113 5182 Inter
1164 5141 1386 5183 caeteras
1435 5141 1562 5180 vero
1603 5124 1921 5180 Portuensis

339 5200 606 5254 Ecclesiae
643 5214 918 5253 aerumnas
942 5198 1359 5253 eminentissimi
1384 5197 1485 5251 viri
1513 5195 1758 5248 animum
1793 5209 1913 5247 ma—

339 5272 493 5323 xime
521 5272 753 5340 angebat
775 5270 959 5338 magni
994 5267 1265 5339 Hippolyti
1296 5266 1547 5340 episcopi
1572 5276 1627 5319 et
1655 5266 1910 5335 martyris

340 5336 633 5395 obliterata
682 5336 947 5394 memoria
976 5339 1032 5393 in
1065 5336 1438 5408 illis'prorsus
1470 5336 1602 5408 oris,
1634 5350 1771 5405 quas
1798 5350 1913 5403 Ipse

340 5412 567 5486 proprio
602 5412 871 5486 sanguine
927 5407 1245 5486 illustrant.
1277 5410 1456 5476 Quare
1488 5407 1637 5461 dedit
1687 5420 1910 5486 operam

342 5476 401 5534 ut
426 5476 670 5537 debitum
709 5476 802 5535 illi
857 5482 1062 5536 cultum
1119 5482 1451 5545 restitueret,
1507 5492 1615 5530 non
1661 5476 1824 5529 modo
1855 5476 1910 5528 in

338 5549 632 5607 Portuensi
663 5550 925 5617 Ecclesia,
951 5567 1139 5625 verum
1189 5554 1352 5605 etiam
1381 5552 1458 5625 __in
1512 5548 1742 5625 ipsamet
1778 5546 1910 5625 urbe

338 5639 471 5696 quae
521 5625 697 5696 sacris
741 5625 914 5696 ipsius
971 5624 1176 5677 ditatur
1235 5620 1479 5696 θεων-ἥδ,
1540 5618 1908 5696 pulcherrima

338 5686 691 5749 confessione
744 5686 798 5746 iii
854 5692 1220 5747 Laurentiana
1261 5690 1320 5745 S.
1372 5690 1588 5743 Damasi
1623 5686 1843 5741 basilica
1877 5700 1909 5739 a

338 5765 715 5819 fundamentis
774 5766 829 5817 in
879 5764 999 5833 ejus
1045 5763 1306 5817 honorem
1359 5761 1631 5821 excitata,
1684 5756 1907 5833 Deoqne

337 5836 543 5904 dicata,
582 5838 636 5890 in
688 5850 796 5904 qua
841 5826 1115 5905 egregium
1174 5833 1344 5903 ipsius
1397 5835 1809 5885 monumentum
1838 5826 1906 5879 ad

1128 6034 1145 6060 ο

2021 4848 2202 4901 omnis
2232 4844 2299 4900 de
2325 4848 2516 4901 eodem
2550 4844 2681 4901 cura
2708 4845 2949 4911 evanuit,
2983 4854 3042 4899 ut
3088 4844 3364 4913 impressa:
3391 4847 3598 4899 chartae

2021 4932 2232 4983 omnes,
2266 4931 2389 4986 quae
2440 4917 2779 4988 typOgrapho
2807 4924 3204 4988 remanserant,
3231 4914 3349 4988 vili
3368 4929 3596 4988 prorsus

2021 4989 2198 5056 pretio
2222 4984 2330 5042 illis
2368 4984 2717 5052 cesseriutfa
2763 4987 2966 5055 quibus
3007 4984 3290 5039 artiﬁciosi
3336 4984 3492 5056 ignes
3523 4984 3595 5039 ad

2022 5054 2246 5112 Adriani
2273 5058 2471 5111 molem
2524 5058 2580 5111 in
2608 5057 2717 5111 divi
2766 5054 2913 5110 Petri
2955 5056 3298 5111 solemnitate
3346 5054 3592 5108 exhiberi

2022 5128 2320 5197 quotannis
2346 5136 2765 5183 consueverunt.
2810 5126 3078 5197 Caeterum
3123 5123 3588 5197 quinque‘saltem

2021 5193 2385 5268 exemplaria
2417 5200 2806 5268 impressarum
2867 5193 3197 5268 huiusmodi
3261 5194 3588 5261 paginarum

2021 5265 2211 5323 Romae
2276 5284 2308 5323 a
2356 5265 2589 5323 diversis
2647 5266 2903 5338 lluggerii
2948 5265 3173 5338 amicis_
3204 5274 3586 5338 asservantur,

2017 5353 2253 5407 quorum
2285 5355 2455 5392 unum
2478 5339 2641 5393 etiam
2667 5332 2810 5407 apud
2842 5350 2929 5389 me
2968 5343 3085 5400 est,
3123 5332 3286 5401 idque
3306 5334 3590 5407 margina-

2016 5402 2163 5465 libus
2193 5411 2418 5479 insuper
2440 5402 2896 5479 adnotationibus
2924 5418 3087 5479 manu
3113 5402 3351 5458 exaratis
3380 5402 3588 5460 inStru-

2016 5489 2187 5545 ctum,
2216 5475 2363 5546 quod
2395 5480 2530 5533 mihi
2557 5479 2669 5546 jam
2700 5475 2899 5546 petenti
2926 5475 3041 5546 ipse
3067 5485 3444 5546 concesserat.

2088 5495 2187 5545 Im,
2216 5495 2363 5603 Ἑιοα
2395 5495 2530 5533 Imm
2557 5495 2669 5601 {itm
2700 5495 3041 5556 pelenttlpsc
3075 5495 3444 5528 concesserat.

2088 5549 2200 5620 (68)
2275 5550 2428 5605 ened.
2484 5550 2551 5602 XI
2646 5547 2998 5604 Lambertun,
3056 5542 3133 5620 De
3188 5559 3453 5620 servorum
3492 5543 3587 5597 Dei

2016 5614 2401 5690 beatiﬁcat'ione
2450 5630 2512 5690 et
2534 5622 2539 5629 ’
2564 5621 2834 5690 beatorum
2879 5614 3298 5690 _canonizatione
3322 5654 3338 5678 ,
3359 5615 3586 5690 _lib.__t,

2017 5679 2358 5762 cap.'4,iin.
2406 5689 2493 5758 l0,
2536 5704 2656 5760 pag.
2714 5686 2815 5751 52,
2870 5684 3109 5754 Operam
3159 5694 3305 5738 torno
3357 5679 3400 5752 Ι,
3450 5679 3585 5740 edit.

2017 5761 2144 5817 anni
2177 5761 2330 5818 1747.
