4074 6388
343 369 456 427 405

1149 365 1238 420 DE
1275 363 1672 422 PORTUENSI
1712 367 1770 422 S.
1805 362 2165 420 HlPPOLYTl
2200 363 2394 419 SEDE.
2427 393 2498 403 —
2526 360 2707 417 PARS
2736 359 2778 415 l.

3494 360 3600 418 £06

339 502 526 549 autem
559 489 847 548 Commodi
873 489 1113 545 animum
1148 490 1459 559 praesciens,
1481 490 1703 550 invenit,
1727 504 1916 558 quem-
1945 495 1989 550 Λ
2018 488 2139 548 eius
2181 486 2389 558 judicio
2432 486 2489 540 in
2531 492 2722 541 senatu
2768 481 3109 546 interfuerit,
3165 483 3309 551 quod
3348 482 3597 551 impossi-

340 584 637 640 admodum
680 583 799 653 ipse
837 590 1028 653 potens
1063 590 1237 646 esset;
1284 597 1412 636 nam
1445 581 1715 653 persuasit
1755 581 1920 634 Com-

340 676 531 740 modo,
562 683 624 728 ut
651 674 767 744 ipse
788 671 1004 728 deliciis
1030 680 1270 731 vacaret.
1317 671 1458 725 idem
1506 685 1634 724 vero
1661 669 1918 724 Perennis

337 765 495 821 curis
525 764 896 831 incumberet,
946 761 1093 833 quod
1121 761 1455 817 Commodus
1500 762 1743 815 la2tanter
1764 775 1920 814 acce-

338 858 440 929 pit.
466 877 485 910 ι
521 857 588 912 Et
611 856 777 926 paulo
805 865 930 926 post
956 872 970 908 :
1006 872 1024 905 ι
1050 853 1203 908 Tunc
1231 861 1410 907 tamen
1434 852 1695 907 Perennis
1724 861 1916 906 cuncta

339 951 566 1006 sibimet
591 949 908 1015 vindicavit,
944 962 1082 1019 quos
1116 947 1287 1002 voluit
1335 945 1629 1011 interemit,
1662 944 1918 1013 spoliavit

340 1040 646 1112 plurimos,
681 1042 867 1097 omnia
913 1040 1037 1110 jura
1064 1039 1348 1094 subvertit.
1379 1056 1399 1090 ι
1436 1035 1748 1105 Lampridio
1787 1050 1921 1089 cou-

337 1134 586 1189 sentiunt
609 1132 710 1188 Dio
727 1130 838 1204 (96)
863 1140 917 1187 et
948 1129 1312 1196 Herodianus,
1334 1129 1478 1184 unde
1505 1128 1666 1183 nobis
1687 1143 1926 1198 arguere.

336 1225 468 1280 licet
496 1241 662 1296 quam
691 1225 828 1279 altas
858 1224 913 1277 in
965 1222 1198 1293 imperio
1230 1221 1477 1275 Romano
1513 1221 1722 1276 radices
1747 1221 1917 1291 egerit

337 1313 604 1373 Perennis
652 1315 915 1386 potentia.
968 1313 1115 1379 Sed,
1172 1328 1241 1368 ne
1285 1313 1373 1367 cui
1419 1313 1645 1367 dubium
1677 1312 1917 1381 supersit

337 1408 643 1465 Perennem
691 1407 950 1477 capitales
989 1404 1493 1460 animadversiones
1547 1404 1601 1458 in
1657 1404 1917 1473 ipsosmet

332 1509 621 1558 senatores
645 1499 985 1564 exercuisse,
1011 1496 1391 1551 exscribamus
1416 1495 1505 1550 hic
1548 1495 1916 1549 luculentissi—

335 1606 489 1646 tnum
508 1588 802 1645 llerodiani
824 1587 938 1658 (-97)
963 1587 1360 1653 testimonium,
1377 1601 1444 1640 ex
1466 1601 1577 1655 quo
1603 1600 1710 1640 non
1734 1585 1914 1640 solum

333 1690 554 1738 constat
602 1680 901 1735 Perennem
933 1680 1150 1750 plenam
1187 1678 1241 1732 in
1287 1677 1577 1748 primarius
1604 1686 1914 1743 senatores,

330 1775 429 1845 qui
451 1812 469 1840 ,
499 1772 879 1843 coniuratione
909 1770 1075 1837 facta,
1106 1770 1467 1825 Commodum
1497 1768 1564 1824 dc
1591 1769 1770 1823 medio
1806 1770 1910 1823 tol-

2020 578 2128 633 bile
2174 592 2238 632 ac
2282 577 2504 648 penitus
2539 576 2901 646 incongruum
2950 572 3129 628 doctis
3158 573 3296 627 viris
3345 572 3482 627 falso
3516 574 3596 627 vi-

2018 683 2142 724 sum
2169 675 2273 723 est.

2020 823 2131 878 VII.
2178 820 2498 877 Prudentius
2531 821 2889 892 Hippolytum
2927 820 3273 875 Portueusem
3310 821 3595 890 elegantis—

2090 893 2222 946 simo
2257 894 2489 945 carmine
2519 891 2785 958 laudavit,
2827 893 2890 945 de
2937 908 3039 962 quo
3084 901 3257 946 tamen
3291 893 3432 947 varie
3473 909 3594 947 sen-

2094 966 2238 1017 tiunt
2279 963 2496 1016 eruditi.

2088 1114 2449 1181 Prudentius,
2506 1113 2597 1183 qui
2664 1114 2766 1169 sub
2834 1111 3145 1169 Theodosio
3193 1112 3423 1167 Juniore
3496 1111 3596 1167 llo-

2018 1207 2161 1271 ruit,
2203 1207 2256 1260 iu
2310 1206 2452 1260 libro
2497 1205 2639 1274 Περὶ
2691 1204 3042 1274 Στεφάνων,
3102 1205 3305 1275 hymno
3361 1205 3418 1257 11
3477 1203 3591 1275 (1),

2019 1299 2363 1369 llippolytum
2399 1303 2690 1368 martyrem
2722 1296 3080 1351 Portuensem
3107 1297 3444 1352 carminibus
3476 1297 3593 1351 suis

2017 1390 2330 1455 celebravit,
2349 1390 2507 1457 cujus
2536 1390 2908 1444 cosmeterium
2945 1390 3000 1443 in
3023 1406 3152 1460 agro
3179 1389 3394 1444 Verano
3424 1391 3593 1445 situm

2016 1489 2173 1536 aatate
2202 1496 2299 1534 sua
2326 1494 2673 1549 summepere
2707 1481 3110 1535 venerabantur
3137 1477 3367 1534 Romani
3393 1481 3593 1535 exteri-

2016 1589 2140 1642 que.
2168 1572 2368 1627 Verum
2402 1589 2471 1627 ex
2500 1580 2580 1627 tot
2608 1572 2935 1644 llippolytis,
2963 1589 3102 1643 quos
3134 1574 3304 1628 sacris
3333 1573 3599 1627 Ecclesia:

2016 1663 2174 1718 fastis
2199 1661 2465 1731 ascriptus
2492 1663 2789 1729 cernimus,
2819 1666 3076 1734 quisnam
3104 1665 3192 1718 ille
3216 1664 3399 1729 fuerit,
3427 1680 3590 1733 quem

2015 1757 2346 1812 Prudentius
2388 1758 2603 1828 egregio
2650 1748 2753 1812 hoc
2796 1756 3041 1812 carmine
3084 1757 3346 1821 laudarit,
3392 1756 3593 1809 acriter

333 1867 453 1921 lere
504 1866 853 1935 cogitarunt,
899 1862 1336 1933 iurisdictionem
1384 1860 1669 1929 habuisse,
1716 1876 1905 1917 verum
1936 1850 1982 1904 Β
2011 1854 2296 1920 hucusque
2342 1850 2680 1920 disputatum
2736 1849 2840 1905 fuit
2887 1866 2916 1905 a
2964 1849 3361 1904 recentioribus
3409 1848 3591 1917 magni

328 1957 538 2024 etiam,
602 1954 749 2025 quod
802 1968 1151 2024 summopere
1216 1952 1558 2017 mirandum,
1622 1953 1912 2022 ipsammet

328 2047 620 2104 Commodi
665 2062 915 2102 sororem
963 2046 1099 2101 tanti
1136 2044 1359 2101 sceleris
1407 2045 1687 2100 consciam
1720 2045 1911 2100 mortis

328 2140 604 2210 supplicio
651 2140 965 2195 mulctasse.
1009 2158 1033 2191 ι
1068 2137 1412 2204 Quaestiones
1472 2146 1689 2201 autem,
1737 2138 1915 2206 inquit

326 2231 703 2297 Herodianus,
752 2229 1024 2285 Perennio
1059 2230 1346 2301 diligenter
1390 2238 1710 2291 exercente,
1756 2244 1912 2284 soror

328 2325 456 2392 ipsa
483 2322 794 2385 Commodi,
825 2322 1202 2391 coniuratique
1227 2336 1437 2383 omnes,
1467 2320 1757 2389 cmteriquc
1778 2304 1913 2388 pra:—

323 2423 482 2471 terea
515 2415 1000 2486 quantulacunque
1047 2413 1360 2483 suspicione
1389 2412 1598 2478 attacti,
1645 2410 1911 2480 supplicio

325 2509 509 2564 all‘ecti
560 2515 708 2561 sunt.
760 2526 780 2559 ι
815 2505 1138 2575 Spartianus
1182 2503 1239 2558 in
1294 2502 1513 2568 Severo,
1565 2512 1623 2557 ut
1666 2502 1912 2557 animad-

324 2601 494 2656 vertit
520 2599 906 2655 Tilleniontius
942 2598 1079 2669 (98),
1115 2613 1145 2651 a
1174 2594 1444 2667 przcl‘ectis
1467 2597 1721 2665 prattorio
1754 2610 1912 2651 sena-

328 2694 505 2748 torios
533 2691 970 2761 virosjudicatos
1002 2688 1174 2743 fuisse
1201 2696 1452 2743 testatur.
1481 2686 1716 2742 Severus
1740 2687 1908 2753 enim,

335 2804 356 2836 σ
385 2784 483 2854 qui
508 2799 540 2838 a
569 2784 695 2838 divo
723 2783 905 2838 Marco
930 2782 1099 2836 latum
1127 2781 1340 2834 clavum
1363 2779 1537 2848 petiit,
1561 2787 1615 2832 et
1644 2777 1906 2846 accepit,»

324 2888 383 2933 et
414 2876 837 2947 quamplurimis
877 2872 1094 2945 praefuit
1136 2872 1465 2944 provinciis,
1521 2890 1539 2920 ‹
1580 2871 1634 2923 in
1683 2868 1869 2924 Silicia
1894 2910 1909 2936 ,

327 2968 494 3038 quasi
521 2967 589 3021 de
621 2966 852 3036 imperio
876 2966 959 3021 vel
988 2974 1162 3029 vates,
1187 2963 1270 3017 vel
1292 2962 1575 3017 Chaldaeos
1604 2961 1914 3017 consuluis-

325 3070 444 3124 set,
494 3075 619 3115 reus
665 3056 844 3115 iactus
877 3058 1021 3128 apud
1058 3056 1340 3127 praefectos
1393 3054 1679 3124 praetorio,
1714 3054 1912 3123 quibus

326 3150 639 3207 audiendus
684 3152 844 3204 datus
896 3149 1103 3214 fuerat,
1149 3150 1263 3218 jam
1299 3148 1599 3203 Commodo
1632 3149 1686 3202 in
1719 3148 1908 3202 odium

325 3250 620 3309 veniente,
671 3243 957 3298 absolutus
988 3251 1102 3307 est,
1146 3239 1544 3295 calumniatore
1596 3241 1649 3293 in
1691 3240 1907 3294 crucem

328 3347 459 3391 acto
490 3336 626 3406 (99).
652 3354 673 3387 ι
709 3335 789 3390 Ex
820 3335 906 3390 bis
940 3335 1124 3406 itaque
1171 3333 1624 3389 luculentissimis
1649 3333 1912 3403 exemplis

325 3436 520 3498 aperte
548 3435 813 3494 constat,
861 3426 1161 3483 Perennem
1189 3466 1204 3491 ,
1246 3435 1584 3493 czeterosque
1628 3423 1910 3495 praefectos

323 3520 591 3590 praetorio
626 3519 732 3577 sub
781 3518 1083 3574 Commodo
1131 3519 1343 3588 plenam
1390 3517 1444 3572 in
1490 3527 1772 3573 senatores
1808 3534 1909 3588 po-

325 3610 943 3681 testatem,habuisse;
999 3626 1170 3680 quare
1223 3609 1378 3663 irrito
1426 3624 1655 3678 prorsus
1710 3621 1911 3663 conatu

327 3692 611 3772 Scaliger,
639 3709 695 3756 et
720 3710 844 3771 post
873 3715 997 3755 eum
1037 3700 1289 3772 .‘lloynius
1331 3707 1386 3754 et
1425 3699 1659 3770 Pagius,
1711 3698 1909 3753 Ruﬁno

324 3795 566 3852 inscitiae
585 3804 639 3850 et
666 3793 724 3850 S.
762 3792 1088 3864 Hieronymo
1131 3794 1470 3848 credulitatis
1497 3802 1653 3849 notas
1695 3793 1911 3847 inurere

323 3892 653 3951 tentarunt,
704 3898 828 3939 cum
856 3883 1180 3953 Apollonius
1221 3884 1372 3938 urbis
1409 3892 1631 3938 senator
1669 3898 1789 3938 esse
1818 3898 1911 3953 pu-

324 3976 521 4043 tuerit,
538 3975 789 4047 quamvis
811 3973 1073 4029 Perennis
1108 3976 1361 4044 praetorio
1385 3975 1670 4045 praefectus
1693 3976 1909 4044 capitali

408 4194 524 4267 (96)
571 4192 819 4267 Cassius_
847 4191 946 4245 Dio
978 4194 1357 4267 Cocceianus,
1401 4192 1606 4267 Hister.
1662 4193 1911 4267 nonnum.-

330 4262 432 4321 lib.
467 4262 613 4318 um
638 4265 747 4335 ,_in
779 4262 1063 4335 Commodo
1086 4304 1101 4326 ,
1151 4274 1283 4335 tum,
1316 4262 1396 4330 ll,
1434 4264 1557 4335 §9,
1592 4280 1713 4334 pag.
1750 4264 1908 4326 1210,

330 4337 471 4392 1211
502 4335 631 4389 edit.
667 4332 962 4403 Hamburgi
990 4335 1120 4387 anni
1154 4332 1312 4387 l752.

409 4405 525 4474 (97)
565 4403 683 4458 Lib.
722 4419 774 4467 ι,
823 4402 944 4473 cap.
977 4403 1040 4468 8,
1086 4421 1206 4474 pag.
1258 4402 1329 4474 25
1377 4404 1508 4460 edit.
1553 4402 1638 4458 Jo.
1693 4402 1908 4461 llcnrici

330 4473 566 4531 Bait-leti
596 4477 795 4544 anno}
806 4474 923 4544 69_l_
942 4473 1307 4544 Argentdrati.

2012 1945 2257 1999 nominis
2303 1946 2688 2014 scriptoribus.
2735 1946 2843 2000 Alii
2885 1946 3064 2008 enim,
3111 1942 3347 2014 quorum
3395 1952 3594 2013 agmen

2012 2037 2162 2092 ducit
2210 2039 2480 2093 maximus
2526 2038 2814 2092 Annalium
2861 2039 3341 2092 ecclesiasticarum
3392 2051 3595 2105 parens

2012 2129 2280 2185 Baronius
2318 2131 2431 2200 (2),
2479 2130 2776 2185 Prudentio
2819 2130 2954 2183 vitio
2985 2138 3240 2194 vertunt,
3289 2129 3434 2199 quod
3481 2136 3591 2181 tres

2012 2221 2329 2293 Hippolytus
2359 2223 2414 2276 in
2451 2238 2616 2283 unum
2663 2220 3001 2286 confuderit,
3032 2223 3347 2291 episcopum
3384 2219 3593 2273 scilicet

2014 2314 2550 2378 nostrum,.militem
2588 2315 2692 2367 sub
2722 2312 3013 2367 Valeriano
3039 2328 3260 2381 passum
3293 2321 3347 2365 et
3369 2313 3590 2364 demum
3638 2350 3644 2357 .

2011 2403 2359 2475 Hippolytum
2396 2406 2771 2475 presbyterum
2822 2404 3254 2468 Autioehcnum,
3292 2404 3446 2473 prius
3478 2401 3591 2456 N0-

2009 2500 2118 2554 vati
2142 2501 2489 2570 discipulum,
2514 2509 2698 2569 postea
2724 2500 3019 2569 gloriosqu
3050 2497 3252 2551 Christi
3295 2506 3588 2567 martyrem

2012 2591 2116 2645 sub
2148 2588 2330 2643 Decio.
2369 2588 2479 2642 Alii
2508 2602 2661 2652 vero,
2716 2587 2856 2649 inter
2888 2600 3026 2655 quos
3056 2582 3432 2638 Theudoricus
3464 2580 3594 2636 Rui-

2011 2681 2222 2737 nartius
2245 2680 2346 2748 (3),
2379 2679 2737 2734 Sebastianus
2766 2675 3146 2730 Tillemontius
3176 2674 3275 2745 (4),
3309 2672 3595 2743 Remigius

2010 2772 2316 2831 Ceillierius
2360 2771 2479 2843 (5),
2527 2770 2726 2838 aliique
2755 2767 3083 2822 contrariam
3117 2781 3342 2836 prorsus
3366 2775 3591 2819 tuentur

2012 2865 2360 2927 sententiam,
2391 2871 2445 2918 et
2465 2860 2820 2917 Prudentium
2852 2859 2920 2913 ab
2952 2860 3055 2913 hoc
3078 2857 3420 2914 confusionis
3454 2857 3590 2911 vitio

2011 2958 2286 3012 vindicare
2320 2965 2627 3021 conantur,
2651 2955 2780 3007 dum
2824 2954 3045 3007 unicum
3082 2951 3431 3021 Hippolytum
3465 2966 3588 3020 pre-

2012 3050 2286 3121 sbyterum
2309 3049 2376 3102 ab
2398 3047 2514 3117 ipso
2530 3047 2807 3101 laudatum
2825 3045 3033 3108 dicunt,
3052 3045 3143 3113 qui
3160 3043 3589 3098 Novatianorum

2014 3149 2176 3197 sectae
2228 3140 2438 3209 laqueis
2488 3140 2766 3208 quondam
2826 3138 3101 3203 irretitus,
3152 3152 3344 3192 eorum
3391 3136 3591 3190 haeresi

1937 3205 1980 3263 ϐ
2011 3205 2354 3305 postmodum
2384 3205 2592 3301 eiurata
2619 3272 2633 3297 ,
2680 3230 2944 3298 insignem
2992 3227 3238 3299 martyrii
3267 3226 3503 3296 palmam
3531 3225 3588 3280 in

2013 3326 2182 3381 Portu
2234 3322 2482 3378 Romano
2527 3331 2609 3377 est
2653 3320 2902 3391 adeptus.
2939 3319 3166 3373 Demum
3217 3319 3418 3372 Fronto
3472 3315 3587 3370 Du-

2013 3432 2159 3473 caaus
2180 3416 2256 3489 (6)
2287 3416 2520 3471 inediam
2546 3416 2687 3469 inter
2706 3415 2806 3468 llOS
2831 3411 3111 3482 professus
3136 3419 3218 3466 est
3241 3409 3591 3476 sententiam;

2012 3510 2141 3564 dum
2174 3509 2520 3581 Hippolytum
2553 3508 2868 3578 episcopum
2893 3505 3250 3561 Portueusem
3278 3518 3310 3557 a
3340 3502 3588 3557 Pruden-

2011 3604 2089 3658 tio
2134 3603 2239 3657 hoc
2288 3601 2531 3657 carmine
2573 3600 2855 3655 laudatum
2901 3597 3147 3664 censuit,
3193 3610 3353 3667 quem
3395 3592 3593 3648 Novati

2011 3695 2292 3751 erroribus
2331 3702 2551 3763 captum
2594 3701 2648 3746 et
2700 3707 2825 3746 mox
2867 3699 2991 3745 ante
3037 3687 3285 3760 martyrii
3325 3700 3592 3742 coronam

2011 3789 2317 3843 exsolutum
2342 3784 2580 3840 tradidit.
2609 3782 2821 3850 Quibus
2844 3799 2973 3838 vero
2996 3784 3269 3838 rationum
3299 3781 3594 3838 momentis

2011 3879 2297 3950 praecipua:
2328 3893 2654 3948 magnorum
2691 3878 2933 3931 virorum
2977 3876 3222 3930 nitantur
3267 3875 3592 3940 sententiae,

2012 3973 2164 4041 prius
2194 3970 2490 4041 inquirere,
2513 3977 2569 4024 et
2597 3970 2816 4025 demum
2849 3968 2977 4039 quid
3012 3979 3135 4038 post
3188 3977 3266 4023 tot
3299 3977 3591 4038 tantosque

2011 4199 2360 4267 imperatore.
2394 4215 2412 4247 ι
2459 4195 2515 4249 ld
2552 4194 2731 4267 ipsum
2765 4194 2961 4267 repetit
3004 4193 3058 4246 iu
3084 4192 3246 4267 __notis
3278 4191 3351 4267 ad
3386 4190 3586 4267 Many:

2011 4262 2278 4337 refugium
2328 4262 2634 4337 ltomanum
2662 4266 2751 4337 die
2770 4265 2847 4337 511
2862 4262 3140 4337 Januarii,
3190 4279 3241 4331 p.
3272 4263 3362 4337 55,
3394 4263 3586 4337 die_l_§

2011 4333 2241 4408 Augusti
2266 4377 2279 4395 ,
2300 4352 2451 4408 _pag.
2481 4334 2620 4408 541),
2646 4344 2701 4390 et
2727 4335 2798 4388 22
2826 4333 3069 4404 ejusdem
3116 4334 3322 4388 mensis
3340 4376 3354 4402 ,
3387 4348 3440 4403 p.
3480 4333 3588 4388 555

2011 4405 2266 4463 editionis
2300 4405 2593 4460 Rosweidi.

2089 4479 2165 4547 (5)
2204 4478 2339 4530 Acta
2381 4485 2671 4544 martyrum
2715 4475 2940 4547 sincera,
2979 4489 3100 4547 pag.
3150 4475 3254 4528 145
3280 4476 3393 4547 (cit.
3431 4475 3586 4547 edit,

408 4543 721 4617 (98)]‘om.
752 4541 817 4598 lll
837 4586 853 4612 ,
877 4541 1047 4600 Νοιθὲ
1078 4561 1173 4600 sur
1203 4544 1349 4600 saint
1376 4542 1672 4614 Apollone,
1700 4554 1826 4600 note
1856 4545 1910 4612 4,
1945 4553 1989 4607 D
2018 4541 2390 4602 admonitione
2440 4548 2494 4599 in
2522 4541 2993 4617 martyrium
3019 4541 3291 4617 Hippolyti
3339 4565 3352 4600 :
3393 4564 3411 4597 ι
3449 4544 3589 4617 _Non

370 4614 459 4670 au.
487 4614 614 4669 615.

328 4633 704 4757 Ρῃῗὸὥὶἓῖιηι
734 4682 1165 4757 {EliiSpartiani
1211 4683 1378 4739 verba
1422 4686 1476 4738 in
1512 4684 1698 4739 Severo
1733 4685 1909 4756 impe-

328 4754 549 4826 fatere,
584 4770 707 4826 pag.
735 4755 806 4826 65
840 4754 1046 4808 Hister.
1077 4757 1305 4826 August.
1332 4756 1542 4825 script.,
1587 4756 1716 4810 edit.
1753 4754 1906 4811 citat.

407 4824 968 4897 (l)_Pag.‘l94_edit.
1010 4824 1326 4893 Autuerpia:
1367 4824 1496 4880 anni
1539 4825 1695 4897 1564.
1744 4828 1911 4882 Aure-

331 4893 745 4952 lin's'Clemens
792 4893 1123 4950 Prudentius
1158 4905 1321 4950 natus
1347 4907 1432 4951 est
1459 4911 1605 4949 anno
1639 4896 1775 4963 548,
1807 4898 1910 4952 sub

332 4968 503 5023 Saliae
552 4964 877 5029 consulatu,
930 4975 990 5020 ut
1038 4967 1177 5036 ipse“
1209 4974 1437 5021 testatur
1490 4968 1546 5020 iu
1595 4968 1910 5036 praefatione

330 5036 794 5107 Cathemerinwu,
837 5051 959 5107 pag.
996 5033 1085 5107 58}
1140 5033 1269 5107 Ejus
1304 5036 1541 5104 Operum
1597 5033 1908 5107 catalogum

333 5108 474 5163 texit
529 5104 853 5160 Gennadius
899 5104 953 5160 in
1022 5104 1281 5176 Catqlogo
1335 5107 1566 5160 virorum
1614 5104 1909 5162 illustrium

330 5193 460 5248 cap.
495 5177 596 5248 15,
625 5191 687 5248 p._
714 5175 842 5248 958.
862 5176 1031 5248 r’l‘om.’
1058 5176 1112 5248 ll
1135 5174 1372 5246 Operum
1402 5177 1461 5231 S.
1492 5175 1804 5248 Hieronymi
1829 5180 1910 5233 ci-

333 5244 465 5303 tata:
487 5247 617 5301 edit.
630 5244 918 5319 Vallarsii.
935 5247 1070 5319 Vide
1096 5244 1346 5301 Huiuart.
1376 5248 1431 5300 in
1450 5248 1583 5319 Act:
1608 5244 1909 5319 Martyrum

331 5321 570 5383 sincer.,
618 5330 744 5386 pag.
788 5316 929 5382 144,
981 5318 1074 5372 ubi
1122 5328 1406 5372 auctorum
1445 5318 1500 5373 in
1553 5316 1907 5373 Prudentium

332 5389 530 5444 laudes
557 5388 844 5456 descripta:
868 5389 1230 5456 reperiuntur.

356 5402 530 5444 auues
557 5402 844 5444 UBSCI‘IDW
868 5402 1230 5444 I'CDel‘lllﬂltlt‘.

405 5403 530 5442 nues
557 5403 844 5456 descripta:
868 5403 1230 5457 reperiuntur.

405 5458 484 5529 (ἓ)
514 5458 606 5529 ΔΑίι
658 5471 873 5529 annum,
901 5459 1106 5512 Christi
1151 5459 1285 5529 229,
1332 5474 1486 5512 num.
1536 5457 1601 5521 9,
1649 5466 1780 5512 tom.
1820 5458 1907 5527 ll,

332 5525 474 5599 pagi
498 5527 596 5581 481
658 5525 790 5582 edit.
853 5528 1013 5583 Lucae
1046 5546 1059 5581 :
1097 5546 1115 5578 ι
1146 5528 1270 5583 Haec
1324 5529 1671 5599 Prudentius,
1699 5530 1791 5597 qui
1824 5525 1906 5584 taé

260 5664 265 5668 δ
334 5598 464 5653 inca
493 5613 683 5670 errore
723 5599 938 5667 lapsus,
969 5606 1080 5653 tres
1115 5600 1166 5653 in
1205 5615 1372 5653 unutn
1405 5598 1687 5670 confundit
1714 5601 1910 5670 llippo—

336 5671 503 5741 lytus.
554 5668 780 5741 militem
801 5684 1009 5741 nempe
1039 5684 1257 5737 passum
1284 5669 1386 5741 sub
1430 5667 1752 5733 Valeriano,
1782 5667 1908 5740 epi-

333 5738 568 5808 scopum
602 5739 706 5810 sub
751 5738 1060 5810 Alexandro
1106 5750 1159 5793 et
1200 5740 1573 5810 presbyterum
1617 5738 1908 5795 Antioche-

333 5807 508 5879 num,
578 5808 707 5864 olim
779 5807 1170 5877 Novatianum,
1204 5807 1523 5881 martyrem
1579 5810 1681 5867 sub
1745 5811 1905 5867 Decio

2015 4619 2181 4689 igitur
2218 4619 2400 4689 alium
2452 4614 2803 4689 agnoscimus
2847 4614 3190 4686 Hippolytum
3220 4614 3273 4669 iu
3311 4617 3416 4671 huc
3449 4614 3590 4689 Pru-

2012 4685 2180 4743 detitii
2218 4687 2673 4759 hymnu,prartcr
2701 4685 3058 4759 Portueuseui
3107 4696 3398 4759 martyrem
3445 4688 3589 4740 cele-

2013 4757 2333 4823 berrimum,
2384 4757 2473 4811 cui
2528 4758 2642 4811 Inec
2683 4757 2888 4822 onmia,
2936 4772 3060 4825 quae
3101 4758 3171 4811 ab
3210 4757 3314 4811 hoc
3367 4766 3591 4813 auctore

2011 4827 2342 4891 referuntur,
2374 4827 2579 4894 optime
2601 4835 2911 4895 competere
2933 4827 3332 4883 existimamus.
3374 4846 3393 4878 ι

2083 4898 2355 5024 ξυῄτυηι.
2388 4896 2476 4965 lll,
2506 4913 2628 4967 pag.
2654 4899 2780 4963 675,
2797 4897 2961 4954 Nutes
2994 4913 3089 4953 sur
3114 4899 3259 4953 saint
3283 4895 3586 4967 Hippolyte,

2108 4986 2137 5022 e
2202 5009 2214 5022 .

2011 4980 2137 5026 note
2162 4980 2214 5024 4.

2083 5040 2161 5125 (ἒξ)
2202 5038 2362 5125 Τοπι·
2393 5037 2612 5125 lacae-
2634 5038 2889 5125 sares
2911 5037 3041 5125 .5635
3081 5034 3196 5125 $9,.-

2082 5106 2159 5181 (6)
2202 5111 2259 5164 ln
2288 5125 2387 5165 sua
2414 5106 2705 5179 Nicephori
2737 5106 2949 5181 Callisti
2980 5106 3373 5181 Ecclesiastica:
3417 5106 3587 5181 Iusto-.-

2010 5177 2106 5235 me
2137 5177 2578 5250 interpretatione
2602 5194 2727 5234 cum
2745 5178 2948 5250 Graecis
2987 5178 3183 5250 collata
3207 5186 3263 5232 et
3287 5177 3585 5250 recognita,

2013 5263 2120 5306 tam
2147 5254 2214 5305 ad
2247 5246 2368 5320 cap.
2397 5250 2486 5316 51,
2521 5252 2618 5305 lib.
2656 5266 2707 5304 Iv
2760 5248 2929 5315 Hist.,
2957 5264 3010 5319 p.
3035 5247 3159 5312 550,
3189 5261 3351 5316 quam
3375 5246 3585 5320 φεμ-5,

2012 5322 2105 5376 Lb.
2130 5338 2205 5385 vn,
2237 5335 2293 5390 p.
2315 5316 2454 5375 ⁷595
2477 5321 2843 5376 είιίιὼυιειὶεε
2880 5316 3215 5390 Parisiorum
3256 5317 3388 5390 anni
3424 5316 3584 5390 1

2012 5392 2103 5446 ubi
2147 5386 2483 5447 de'Novato
2531 5395 2754 5452 suisque
2818 5390 3042 5444 asseclis
3074 5386 3318 5452 disserit,
3374 5387 3586 5441 nullum

2011 5463 2179 5517 alium
2208 5460 2555 5533 Hippolytum
2587 5478 2618 5515 a
2651 5458 2948 5514 Prudentia
2994 5461 3046 5533 ip
3080 5473 3181 5513 suo
3216 5458 3418 5527 hymno
3447 5458 3585 5533 Alau-

2010 5534 2198 5588 datum
2232 5527 2497 5599 agnoscit,
2526 5547 2689 5601 quam
2719 5538 2967 5583 nostrum
2998 5527 3352 5601 Portuensem
3377 5528 3588 5596 episcoo

2012 5618 2162 5672 pum.
2195 5619 2214 5654 ‹
2248 5598 2567 5672 Hippolytus
2606 5600 2922 5654 Purtuensis
2950 5598 3238 5667 episcopus
3262 5607 3317 5672 et
3345 5607 3585 5672 _inar_tyr,

2012 5667 2134 5726 cum
2151 5673 2220 5728 ad
2251 5667 2576 5741 supplicium
2612 5677 2914 5741 raperetur,
2948 5678 3007 5741 ut
3044 5677 3129 5741 est
3168 5668 3311 5738 apud
3343 5667 3618 5741 Pruden-o

2010 5746 2169 5807 tium,
2198 5762 2216 5794 ι
2244 5737 2554 5810 respondit:
2579 5760 2598 5790 ι
2629 5739 2667 5792 F
2674 5737 2839 5810 agite,
2875 5753 2909 5792 ο
2936 5739 3145 5804 miseri,
3168 5758 3189 5790 ι
3208 5737 3351 5801 “ει(;.,
3375 5738 3588 5808 insigne

2010 5808 2414 5869 retractationis
2449 5826 2545 5867 seu
2588 5808 2951 5867 rerocationis
2981 5811 3315 5880 exemplum.
