4074 6384
476 343 579 404 ιιι

1273 344 1361 399 DE
1397 342 1793 401 PORTUENSI
1840 343 1897 398 S.
1945 342 2315 401 HIPPOLYTI
2349 343 2539 400 SEDE.
2574 373 2643 383 —
2672 340 2913 399 PARS].

3620 347 3729 402 412

466 466 667 554 vulgus
693 466 896 523 emisit.
948 465 1126 522 Pridie
1164 465 1434 523 Kalendas
1467 466 1751 521 Februarii
1779 465 2046 538 Mar-tyro-
2074 474 2121 529 Α
2150 469 2258 524 cris
2281 468 2538 525 Ecclesia:
2560 467 2717 523 fastis
2737 468 3004 536 aseriptos
3025 468 3319 537 cernimus,
3349 467 3727 536 Prudentium,

469 559 674 629 legium
717 557 1017 613 Florentini
1064 558 1199 629 (22),
1233 558 1631 615 Dacherianum
1672 558 1809 631 (25),
1838 567 1892 614 et
1922 558 2049 614 Gel-

469 651 696 706 lonense
751 650 895 721 (24),
951 650 1299 724 Hippolytum
1354 653 1644 723 quemdam
1708 653 2051 709 Alexandria:

470 750 797 797 memorant.
840 761 860 793 ι
912 742 966 796 In
1017 743 1348 799 Alexandria
1392 744 1625 811 Tarsici,
1680 744 1873 813 Zotici,
1917 747 2050 800 Am-

467 833 641 898 moni,
696 832 990 898 Commini,
1044 832 1280 906 Cyriaci,
1331 836 1579 902 Gemini,
1641 836 1856 903 Gelasi,
1907 838 2051 908 Epo-

468 923 572 991 liti,
609 943 627 976 ι
665 933 768 979 etc.
798 925 934 995 (sive
964 924 1260 998 Hippolyti)
1288 943 1449 997 quem
1478 928 1613 984 alias
1642 948 1661 981 ι
1696 928 2044 1002 Appolytum,

468 1015 813 1088 Eppolytum,
844 1018 1194 1089 Oppolytum,
1245 1018 1593 1090 Yppolytum,
1627 1039 1645 1073 ι
1686 1022 1922 1091 majores
1947 1037 2049 1076 no-

468 1110 566 1164 stri
592 1109 783 1164 mediis
814 1110 964 1165 hisce
1005 1111 1339 1181 temporibus
1381 1114 1650 1167 dixerunt.
1690 1115 1898 1180 Quarto
1940 1113 2049 1168 No-

466 1216 566 1258 nas
600 1201 884 1257 Februarii
930 1222 948 1255 ι
994 1203 1433 1274 Forosempronii
1464 1207 1551 1260 via
1591 1205 1880 1273 Flaminia,
1934 1209 2048 1262 mil-

464 1293 623 1347 liario
643 1294 712 1350 ab
744 1295 879 1349 urbe
906 1295 1029 1362 174,
1064 1294 1364 1363 Laurentii,
1394 1296 1637 1370 Eppolyti
1673 1317 1692 1350 ι
1726 1299 2043 1354 memoriam

463 1386 736 1441 celebrant
781 1387 1164 1459 Marty-rologia
1221 1386 1559 1457 Florentini,
1610 1390 1891 1457 Dacherii,
1943 1392 2048 1446 An-

462 1477 772 1547 tuerpiense
806 1487 863 1533 et
887 1479 1347 1549 Aquisgranense.
1395 1479 1717 1536 Gellonense
1778 1497 1909 1537 vero
1953 1498 2045 1539 se-

461 1565 650 1633 quenti
679 1564 768 1620 die
801 1564 1151 1639 Hippolytum
1188 1570 1479 1637 quemdam
1513 1569 1788 1626 Africanis
1829 1572 2046 1641 adjudi-

460 1665 550 1711 cat
581 1674 595 1711 :
636 1675 655 1709 ι
686 1656 872 1713 Africa
910 1658 1129 1722 Felicis,
1181 1659 1486 1725 Laurentii,
1519 1661 1804 1726 Celerime,
1844 1661 2046 1733 Hippo-

2150 561 2217 616 de
2245 576 2355 631 quo
2411 576 2557 617 nunc
2597 561 2831 633 agimus,
2870 561 3101 616 duorum
3134 561 3218 617 vel
3262 561 3422 616 trium
3464 570 3612 631 gesta
3669 561 3726 615 in

2151 669 2320 707 unum
2352 652 2625 710 conﬂasse
2669 653 2826 710 facile
2865 655 3137 725 quispiam
3170 669 3294 709 cum
3332 654 3572 711 maximo
3608 655 3724 706 An—

2152 743 2353 798 nalium
2408 745 2691 801 conditore
2742 746 3011 817 suspicari
3055 754 3260 817 posset,
3311 746 3357 801 si
3410 744 3726 814 hujusmodi

2116 872 2121 877 -
2152 845 2629 893 monumentorum
2663 846 2814 892 tanta
2845 839 2928 893 vis
2964 848 3128 904 esset,
3160 847 3219 892 ut
3251 848 3468 903 cuncta,
3513 853 3634 906 quae
3669 838 3728 891 in

2150 930 2218 983 iis
2248 930 2535 997 habentur,
2601 930 2842 985 indubiis
2868 930 3152 985 doctorum
3183 930 3426 984 virorum
3452 928 3729 998 suffragiis

2149 1021 2330 1075 statim
2352 1021 2631 1092 probanda
2649 1023 2844 1077 forent.
2882 1020 2977 1078 His
2999 1022 3272 1091 siquidem
3301 1021 3521 1090 positis,
3562 1037 3593 1075 a
3621 1020 3730 1075 Ba-

2150 1114 2291 1168 ronii
2351 1116 2617 1171 sententia
2664 1115 2748 1169 vel
2804 1116 3090 1169 minimum
3124 1114 3408 1170 deﬂectere
3446 1115 3726 1184 piaculum

2146 1209 2492 1271 duceremus,
2520 1222 2643 1262 cum
2677 1207 2816 1272 Ado,
2857 1205 3162 1273 Usuardus,
3213 1205 3499 1272 Notkerus,
3548 1208 3728 1262 tribus

2146 1299 2266 1355 istis
2293 1297 2595 1370 Hippolytis
2622 1314 2687 1354 ea
2718 1300 3000 1369 perspicue
3036 1300 3294 1365 tribuant,
3324 1314 3445 1368 quae
3474 1314 3575 1353 suo
3606 1308 3730 1353 tan-

2146 1399 2260 1445 tum
2290 1389 2578 1462 Hippolyto
2605 1390 2899 1446 vindicavit
2927 1390 3277 1446 Prudentius.
3313 1390 3467 1444 Illum
3495 1391 3638 1445 enim
3670 1399 3730 1446 et

2145 1484 2543 1555 presbyterum,
2600 1483 2900 1538 Novatiano
2945 1484 3074 1536 olim
3117 1483 3393 1537 schismati
3449 1483 3726 1538 addictum

2145 1572 2295 1637 facit,
2340 1582 2393 1628 et
2430 1576 2773 1644 postmodum
2807 1574 2978 1647 plebis
3015 1573 3334 1629 Portuensis
3359 1585 3536 1644 caput,
3569 1589 3632 1629 ac
3666 1576 3728 1631 in

2145 1666 2313 1721 Portu
2344 1666 2592 1721 Romano
2631 1667 2785 1736 equis
2814 1667 3144 1735 discerptum
3180 1673 3469 1737 martyrem
3500 1664 3725 1734 obiisse,

460 1747 578 1818 lyti,
628 1746 948 1805 Felicitatis.
992 1769 1009 1801 ο
1048 1749 1659 1821 Forosemprouiensem
1694 1751 2043 1825 Hippolytum
2077 1821 2110 1828 _
2148 1772 2415 1826 sacraque
2445 1758 2616 1826 ipsius
2641 1758 2865 1828 pignora
2891 1758 2944 1810 in
2967 1758 3154 1811 urbem
3190 1759 3471 1823 translata,
3507 1758 3560 1811 in
3592 1774 3727 1826 agro

462 1836 724 1895 Rabanus
752 1841 886 1912 (25),
912 1849 967 1895 et
999 1840 1270 1897 Netkcrus
1305 1842 1417 1914 (26)
1453 1860 1507 1897 ιν
1543 1844 1724 1898 Nonas
1763 1821 2043 1922 Februarii
2075 1821 2120 1877 Β
2150 1821 2362 1902 Yerauo
2392 1866 2421 1902 a
2458 1821 2950 1904 fidelibus'condita
2971 1850 3161 1903 scribit
3181 1821 3525 1903 Christianus
3544 1821 3724 1919 poeta.

459 1932 737 1988 exhibent.
770 1932 1013 2004 Septimo
1036 1934 1306 1990 Kalendas
1336 1936 1460 1990 Maii
1488 1956 1507 1987 ι
1541 1938 1595 1991 in
1622 1937 1805 1993 Africa
1831 1937 2044 1993 Grisco-

465 2026 569 2092 uis,
602 2025 862 2092 Zenonis,
890 2024 1212 2093 lininandri,
1240 2028 1540 2088 Carmiaui.
1576 2030 1822 2095 Arionis,
1884 2029 2041 2100 lppo-

460 2115 580 2188 lyti,
606 2116 835 2172 Diuduri
873 2138 892 2170 ι
924 2119 1249 2173 mentionem
1289 2120 1485 2174 habent
1508 2119 1887 2191 Martyrologia
1922 2121 2044 2176 Flo-

462 2208 662 2263 rentini
712 2219 766 2264 et
816 2210 1088 2266 Dacherii.
1144 2210 1471 2266 Gellonense
1525 2213 1735 2267 nullum
1801 2213 1906 2268 hac
1956 2212 2044 2269 die

461 2298 809 2372 Hippolytum
843 2300 1031 2369 refert,
1071 2302 1305 2358 fortasse
1331 2303 1460 2374 quia
1499 2305 1670 2375 ipsius
1717 2305 2043 2360 memoriam

460 2408 516 2445 rv
536 2390 719 2448 Nonas
740 2391 1046 2457 Februarii,
1085 2405 1141 2448 ut
1177 2395 1438 2460 diximus,
1475 2399 1768 2453 recensuit.
1810 2416 1909 2453 xm
1938 2398 2042 2455 Ka-

460 2482 653 2539 lendas
698 2482 852 2550 Julii,
909 2503 929 2538 ‹
982 2484 1171 2541 Roma:
1224 2487 1485 2558 Yppoliti,
1520 2488 1769 2558 Honorii,
1826 2492 2040 2556 Evodii,

459 2573 606 2630 Petri
651 2593 669 2627 ι
719 2576 770 2635 in
812 2575 974 2633 dictis
1017 2579 1192 2634 tribus
1226 2578 1627 2653 Martyrologiis
1666 2583 1918 2653 leguntur
1944 2602 2043 2640 no-

459 2667 632 2723 mina.
659 2666 1104 2741 Martyrologium
1141 2681 1323 2727 tamen
1362 2676 1799 2744 manuscriptum
1844 2678 2043 2745 reginae

459 2753 691 2820 Sueciae,
721 2755 1038 2811 Florentino
1070 2759 1182 2829 (27)
1223 2768 1381 2824 teste,
1417 2778 1525 2817 non
1554 2762 1921 2835 Hippolytum,
1947 2766 2041 2821 sed

461 2866 487 2899 ς
520 2847 575 2902 in
608 2846 879 2920 Hippolyti
907 2854 1222 2905 cmmeterio
1268 2872 1287 2904 ι
1320 2854 1624 2909 uatalitium
1662 2857 2042 2925 praedictorum

464 2951 764 3012 martyrum
803 2940 946 2997 diem
979 2943 1311 2999 celebratum
1348 2946 1600 3002 afﬁrmat.
1632 2948 1808 3015 Quam
1849 2952 2041 3022 optimi

460 3032 672 3089 codicis
699 3033 983 3090 lectionem
1013 3037 1210 3090 merito
1240 3037 1436 3106 probat
1464 3040 1549 3092 vir
1575 3040 1947 3108 doctissimus,
1975 3059 2042 3099 ex

459 3139 569 3196 qua
590 3139 708 3181 eam
736 3123 966 3183 fortasse
987 3128 1275 3198 descripsit
1298 3128 1606 3199 Stephanus
1632 3132 1681 3186 le
1696 3131 2036 3207 Moyne(28).
2066 3152 2113 3215 ς

461 3215 668 3271 Octavo
693 3214 821 3272 ldus
847 3219 1077 3288 Augusti
1110 3238 1128 3269 ι
1167 3218 1353 3274 Romae
1394 3221 1447 3273 in
1493 3218 1817 3278 cmmeterio’
1846 3223 2043 3282 Calixti

460 3307 550 3363 via
599 3308 772 3378 Appia
830 3311 1027 3365 natalis
1073 3309 1218 3365 Xisti
1258 3312 1522 3382 episcopi,
1556 3322 1687 3380 etc.,
1741 3314 2042 3389 Laurentii,

460 3399 718 3470 Eppoliti,
749 3412 804 3456 et
826 3404 1061 3456 militum
1092 3402 1215 3469 163,
1265 3421 1284 3454 ι
1343 3419 1411 3459 ex
1458 3406 1732 3474 praedictis
1771 3406 2042 3481 Martyro-

464 3492 626 3562 logiis
684 3494 1008 3548 memoriam
1057 3495 1331 3559 eruimus,
1400 3507 1627 3567 excepto
1672 3501 2045 3558 vetustissimo

460 3583 847 3656 Martyrologio
868 3587 926 3642 S.
960 3586 1268 3655 Villihrodi,
1297 3598 1353 3645 et
1377 3591 1549 3646 altero
1577 3593 1778 3662 reginae
1814 3592 2040 3661 Sueciae,

460 3691 606 3747 quae,
639 3677 1069 3735 utFlorentinus
1101 3690 1272 3747 notat,
1315 3680 1667 3755 Hippolytum
1706 3686 1811 3743 hac
1838 3688 1925 3744 die
1962 3705 2045 3743 re-

462 3768 651 3835 ticent,
704 3770 935 3840 ideoque
989 3770 1135 3827 hunc
1177 3772 1245 3828 ab
1295 3771 1604 3846 Hippolyto,
1657 3792 1820 3847 quem
1860 3778 2044 3836 Idibus

461 3860 694 3931 Augusti
721 3870 909 3917 sancta
931 3873 1221 3920 veneratur
1256 3864 1499 3923 Ecclesia
1520 3909 1535 3933 ,
1578 3870 1722 3925 haud
1765 3870 2042 3925 diversum

457 3961 647 4009 censet
675 3952 742 4009 ad
774 3953 978 4009 dictum
1009 3956 1154 4011 diem
1188 3958 1419 4027 ipsemet
1449 3960 1821 4019 Florentinus.

532 4042 589 4098 In
625 4052 778 4100 tanto
810 4046 976 4118 igitur
1025 4046 1439 4123 Hippolytorum
1478 4071 1732 4125 numero,
1764 4074 1904 4128 quos
1949 4075 2043 4116 sa-

538 4316 649 4382 (2‘2)
689 4314 823 4395 Vide
846 4318 1047 4395 pridie__
1067 4318 1186 4375 Kal.
1215 4282 1563 4395 rgat-(pag.
1612 4322 1737 4389 291,
1788 4323 1879 4379 ubi
1934 4323 2039 4395 legi

464 4396 695 4457 possunt
714 4388 957 4457 ejusdem
988 4388 1287 4445 Florentiui
1314 4388 1645 4448 natationes.

2146 1938 2351 1994 Horum
2383 1941 2601 2009 quidem
2650 1942 2862 2012 singula
2894 1942 3124 2013 singulis
3170 1952 3414 1996 veterum
3461 1942 3725 2014 Martyro-

2145 2031 2411 2100 logiorum
2460 2030 2761 2104 Hippolytis
2806 2034 3096 2088 convenire
3132 2049 3325 2088 omnes
3368 2033 3574 2088 vident.
3631 2032 3727 2088 Et-

2144 2123 2287 2174 enim
2332 2123 2706 2193 presbyterum
2753 2121 3111 2177 Novatianum
3154 2122 3725 2192 Antiochiaepassum

2144 2212 2230 2267 bis
2294 2211 2407 2267 fere
2447 2214 2626 2269 verbis
2673 2229 2862 2269 omnes
2890 2230 3012 2269 cum
3067 2212 3303 2267 Notkcro
3348 2214 3665 2267 describunt
3707 2231 3723 2266 :

2150 2321 2169 2354 ι
2224 2304 2380 2373 Apud
2432 2304 2777 2358 Antiochiam
2839 2304 3023 2374 passio
3074 2304 3251 2358 sancti
3302 2301 3594 2374 Hippolyti,
3626 2304 3726 2373 qui

2144 2392 2337 2448 Novati
2375 2395 2669 2450 schismate
2710 2394 3105 2464 aliquantulum
3142 2395 3421 2464 deceptus,
3463 2403 3728 2464 operante

2144 2484 2314 2554 gratia
2340 2484 2546 2539 Christi
2594 2493 2903 2547 correctus,
2963 2483 3028 2538 ad
3091 2485 3413 2539 charitatem
3466 2482 3727 2539 Ecclesiae

2146 2579 2325 2644 rediit,
2356 2592 2456 2647 pro
2480 2592 2609 2646 qua,
2644 2586 2698 2632 et
2727 2577 2779 2630 in
2824 2591 2928 2647 qua
2976 2577 3188 2631 illustre
3229 2578 3546 2649 martyrium
3591 2593 3725 2633 con~

2144 2671 2435 2725 summavit
2465 2669 2598 2739 (29).
2642 2687 2661 2720 ι
2690 2665 3038 2738 Hippolytum
3070 2668 3293 2722 militem
3329 2669 3487 2737 equis
3514 2668 3726 2723 discer-

2144 2771 2294 2832 ptum
2341 2761 2483 2815 Beda
2535 2776 2659 2815 cum
2712 2774 2841 2814 mox
2886 2760 3170 2816 recensitis
3215 2759 3617 2831 Martyrologiis
3666 2776 3727 2824 ei

2142 2853 2417 2908 Breviario
2441 2852 2731 2907 Mozarabo
2755 2851 2868 2923 (50)
2903 2859 3136 2906 testatur
3176 2850 3279 2906 hoc
3320 2861 3478 2922 pacto
3506 2870 3520 2906 :
3557 2872 3575 2904 ι
3608 2850 3726 2906 Ho-

2142 2957 2246 2996 maa
2275 2940 2331 2996 S.
2371 2941 2665 3013 Hippolyti,
2701 2941 2795 3011 qui
2838 2949 3078 3010 tempore
3124 2938 3269 2995 Decii
3318 2943 3515 3011 ligatus
3559 2943 3729 3012 pedes

2143 3033 2211 3088 ad
2244 3035 2383 3089 colla
2430 3035 2820 3089 indomitorum
2874 3049 3166 3104 equorum,
3227 3035 3307 3089 sic
3351 3051 3448 3105 per
3485 3035 3727 3091 carduos

2144 3126 2481 3197 tribulosque
2514 3135 2718 3181 tractus
2755 3127 2937 3182 emisit
2975 3128 3223 3197 spiritum
3256 3127 3387 3199 (5i).
3429 3147 3450 3179 ι
3488 3126 3715 3197 Episco-

2147 3235 2275 3290 pum
2310 3236 2438 3273 vero
2487 3230 2695 3274 veteres
2740 3220 2833 3273 isti
2870 3220 3363 3275 ecclesiasticarum
3414 3220 3729 3276 tabularum

2147 3312 2441 3382 scriptores
2470 3312 2590 3366 solo
2615 3311 2853 3382 episcopi
2885 3312 3174 3383 designant
3214 3311 3454 3366 nomine.
3494 3311 3552 3366 In
3576 3310 3732 3365 Mar-

2146 3404 2411 3475 tyrologio
2442 3410 2624 3457 tamen
2661 3401 2927 3467 Romano,
2982 3404 3085 3458 hoc
3128 3418 3195 3459 ex
3236 3403 3387 3459 Actis
3429 3405 3487 3457 S.
3531 3403 3735 3461 Aurea:

2146 3496 2476 3566 descriptum
2514 3495 2711 3565 legitur
2745 3494 2917 3564 ipsius
2942 3495 3176 3566 elogium
3212 3495 3323 3567 (32)
3356 3515 3370 3550 :
3405 3515 3423 3548 ι
3470 3495 3526 3549 lu
3555 3496 3731 3552 Portu

2147 3586 2396 3642 Romano
2437 3585 2710 3657 Hippolyti
2760 3586 3003 3657 episc0pi
3059 3586 3365 3641 eruditione
3412 3587 3730 3653 clarissimi,

2145 3681 2242 3751 qui
2270 3680 2373 3735 sub
2411 3678 2724 3733 Alexandro
2764 3677 3113 3748 imperatore,
3147 3678 3219 3733 ob
3251 3678 3565 3748 pneclaram
3600 3680 3732 3735 ﬁdei

2146 3770 2546 3827 confessionem
2579 3771 2832 3826 manibus
2866 3770 3203 3840 pedibusque
3247 3770 3427 3842 ligatis
3461 3773 3514 3825 in
3559 3772 3729 3826 altam

2145 3862 2359 3918 foveam
2406 3864 2565 3933 aquis
2598 3865 2816 3933 plenam
2863 3864 3254 3933 praecipitatus,
3314 3866 3562 3934 martyrii
3610 3867 3731 3935 pal—

2144 3971 2291 4009 mam
2334 3956 2582 4025 accepit;
2639 3955 2797 4025 cujus
2854 3970 3055 4023 corpus
3106 3971 3138 4010 a
3190 3955 3519 4012 Christianis
3579 3959 3729 4027 apud

2144 4050 2394 4105 eumdem
2430 4051 2610 4106 locum
2646 4050 2918 4120 sepultum
2962 4049 3084 4104 fuit.
3125 4068 3144 4101 ι
3201 4049 3299 4105 His
3331 4051 3516 4120 itaque
3561 4067 3732 4124 argu-

2145 4322 2479 4390 totidemque
2510 4326 2565 4373 et
2596 4315 2794 4390 iisdem
2819 4316 3133 4390 nominibus
3173 4325 3440 4390 martyres
3480 4317 3534 4372 in
3567 4328 3727 4374 vetu-

2144 4388 2825 4455 Stissimo'Antuerpieusi,
2868 4388 3207 4451 Corbeiensi,
3258 4388 3535 4442 et'nostro
3578 4406 3729 4444 mar.

670 4458 842 4554 .Ap‘ud
864 4456 1066 4544 Lucam
1090 4461 1359 4517 d’Acherii
1386 4473 1516 4518 tom.
1552 4462 1595 4517 H
1620 4463 1913 4536 Spiciiegii,
1941 4466 2031 4521 cit.
2067 4498 2111 4554 υ
2144 4462 2415 4543 tyrologio
2454 4458 2666 4554 ‘scripti
2688 4466 2881 4554 “sum;
2905 4456 3265 4554 Elmendanga
3297 4468 3627 4554 quapropter
3646 4463 3726 4554 ,ιιι

461 4528 716 4582 editionis
750 4541 868 4597 pag.
911 4528 963 4581 5.

534 4597 648 4675 (ἓξ)
686 4599 842 4675 Apud
867 4598 1055 4675 ipsum
1081 4598 1299 4675 Acherii
1328 4610 1461 4675 tom.
1495 4605 1643 4671 eod.,
1677 4620 1802 4675 pag.
1831 4604 1922 4662 27.
1994 4659 2000 4667 ,

2138 4526 2431 4604 postremis
2454 4526 2669 4604 lacuna,
2686 4537 2741 4582 et
2757 4528 3050 4604 legendum
3082 4545 3154 4604 :_¢
3184 4526 3442 4604 Romaein
3468 4526 3729 4604 cmmem—

2139 4597 2252 4681 Erio
2266 4599 2604 4681 Hyppply'titi
2615 4598 2740 4681 Erat
2756 4597 2839 4651 D.’
2852 4597 3121 4681 Hippolyti
3138 4601 3508 4681 cosmeterium
3527 4600 3729 4669 inagro

535 4666 648 4745 (25)
686 4668 842 4745 Apud
882 4666 1185 4745 Henricum
1226 4670 1507 4745 Canisium
1554 4666 1695 4729 tom:
1722 4666 1787 4740 ΙῘ,
1811 4684 1963 4745 parte
1995 4666 2032 4731 ιι
2135 4666 2807 4745 Verano'jiajiburtina,
2846 4666 3255 4745 vel_idein,_vel
3303 4684 3471 4745 prope
3495 4666 3728 4745 fonne-

462 4737 645 4813 411151],
691 4738 838 4801 lect.,
871 4739 1147 4813 editionis
1204 4742 1381 4798 citatas
1425 4761 1545 4813 pag.
1593 4746 1697 4801 519
1732 4764 1744 4799 :
1775 4737 2035 4801 {Romae

464 4806 916 4881 ForoSemprouii
937 4812 1021 4863 via
1065 4809 1329 4866 Flaminia
1368 4806 1624 4870 milliario
1663 4816 1728 4868 ab
1751 4818 1885 4870 urbe
1909 4817 2032 4881 174,

463 4876 765 4951 Laurentii,
796 4888 850 4932 et
873 4878 1166 4951 Hippolyti,
1202 4892 1256 4935 et
1284 4885 1541 4940 nativitas
1568 4887 1625 4941 S.
1662 4885 1969 4941 Fortunati.
2012 4876 2029 4939 ἰ

536 4948 650 5021 (26)
703 4950 858 5018 Apud
891 4948 1164 5023 currulem
1208 4952 1488 5008 Canisium
1547 4968 1681 5011 tom.
1731 4958 1920 5011 eodem
1969 4956 2034 5023 ll,

460 5020 710 5096 gemiti,
735 5020 993 5096 pag_.__98_:
1025 5041 1043 5073 ι
1087 5020 1215 5096 item
1237 5023 1445 5096 Romae
1479 5025 1918 5096 Forosempronii
1949 5020 2037 5082 via

459 5086 1012 5169 Flaminia—milliaria
1060 5094 1128 5169 ab
1158 5091 1301 5148 Urbe
1330 5097 1459 5169 l65,
1486 5086 1793 5165 Laurentii,
1834 5096 2037 5169 Hippo-

457 5158 575 5230 lyti,
607 5170 661 5215 et
688 5162 945 5217 nativitas
976 5161 1033 5216 S.
1061 5163 1363 5221 Fortunati.
1395 5186 1415 5218 ι

532 5230 710 5309 (27)]
774 5230 966 5309 Plures
1009 5231 1281 5309 Hippolyti
1330 5238 1553 5293 nomine
1593 5237 1822 5309 cmlites,
1854 5237 2042 5309 inquit

457 5296 808 5381 Flor-cntinus
837 5303 891 5358 in
913 5308 1059 5381 notis
1078 5296 1158 5359 'a-d
1199 5296 1338 5381 [iane
1369 5309 1511 5381 diem
1546 5324 1667 5381 pag.
1697 5296 1823 5381 695,
1852 5296 2041 5365 Romae

457 5369 681 5447 fuerunt
713 5375 955 5447 venerati
988 5392 1002 5429 :
1052 5390 1176 5430 cum
1208 5375 1449 5433 llouorio
1486 5369 1688 5445 tamen,
1726 5369 1937 5434 Evodio
1989 5390 2044 5435 et

458 5438 830 5521 Petro'sOCiis,
856 5446 1113 5521 alihi_no_n
1136 5450 1428 5521 succurrit.
1459 5449 1566 5504 Eos
1589 5438 1821 5515 tantum,
1849 5460 1904 5504 et
1931 5466 2041 5505 non

459 5510 600 5564 alios
628 5509 816 5566 Romae
849 5530 947 5569 xm
988 5514 1107 5569 Kal.
1141 5519 1193 5569 in
1226 5521 1332 5571 line
1364 5521 1554 5574 recolit
1582 5521 1745 5574 etiam
1775 5509 1909 5575 mss.
1953 5536 2041 5575 reo-

501 5582 603 5664 ium
629 5579 858 5664 Sueeiat,
890 5586 994 5664 hac
1030 5596 1210 5640 tamen
1243 5588 1565 5664 differentia,
1586 5598 1664 5664 Aut
1700 5607 1813 5664 non
1844 5589 2043 5660 Hippo-

410 5666 415 5671 ‘
460 5653 656 5727 lylum,
687 5653 779 5706 sed
812 5653 881 5727 in_
902 5656 1022 5727 ejus
1048 5661 1366 5713 cremeterio
1392 5653 1720 5727 Honorium,
1774 5653 2041 5715 Evodium

460 5720 1387 5800 etPetrum_reddat,quoiinagis
1423 5731 1598 5800 placet
1641 5751 1653 5785 :
1695 5720 1718 5783 ἑ
1768 5733 1958 5786 ltoma:
1985 5732 2040 5785 in

464 5809 486 5844 ι
509 5794 820 5849 εωιιιοεειίο
840 5793 1107 5867 Hippolyti
1138 5795 1236 5853 SS.
1272 5793 1518 5867 Honorii,
1552 5801 1734 5858 Evodii
1757 5802 1988 5864 etl‘etri,
2026 5823 2044 5855 ι

2138 4745 2331 4798 terium
2360 4741 2419 4793 Β.
2459 4738 2902 4811 ϐγτὶιιριεηιμιοιι
2935 4739 3009 4792 ita
3031 4739 3287 4811 designat
3316 4738 3451 4792 liber
3491 4739 3726 4793 Pontili-

2136 4815 2270 4868 calis
2300 4813 2351 4864 in
2383 4808 2605 4865 Adriani
2661 4810 2678 4861 l
2718 4809 2838 4863 Vita
2883 4827 2895 4861 :
2950 4826 2967 4858 ι
3026 4808 3199 4861 Simul
3244 4817 3299 4862 et
3347 4812 3725 4865 cmmeteriurn

2144 4903 2162 4935 ι
2198 4884 2258 4939 Β.
2295 4882 2565 4953 Hippolyti
2593 4878 2835 4953 juxta
2869 4877 3249 4941 Laurentium,
3284 4879 3427 4947 quod
3457 4894 3490 4953 a
3526 4881 3726 4953 priscis

2143 4973 2161 5006 ι
2197 4951 2506 5009 marcuerat
2552 4951 2987 5020 temporibus,_a
3026 4963 3169 5003 novo
3214 4951 3495 5020 renovavit
3541 4991 3553 5004 .
3604 4952 3725 5018 pari

2143 5043 2162 5077 ι
2200 5028 2359 5079 modo
2407 5032 2462 5077 et
2499 5017 2783 5077 ecclesiam
2821 5019 2882 5073 B.
2917 5017 3122 5073 Christi
3152 5019 3407 5091 martyris
3449 5017 3724 5091 _Stephani

2146 5116 2164 5148 ι
2205 5098 2363 5151 sitam
2388 5093 2544 5163 juxta
2570 5092 2889 5162 praedictum
2920 5089 3309 5145 cmmeterium
3347 5089 3404 5143 S.
3446 5089 3724 5161 Hippolyti

2148 5186 2166 5219 ε
2206 5166 2459 5221 similiter
2488 5163 2838 5217 restauravit.
2883 5178 2901 5212 ι

2213 5236 2324 5309 (28)
2363 5233 2669 5309 ξιοιθεοιιι.
2706 5232 2795 5309 ad_
2818 5229 2939 5309 V_ar.
2959 5246 3135 5309 _sacr.,
3174 5229 3267 5309 fol.
3297 5230 3368 5285 52
3392 5237 3447 5285 et
3473 5245 3627 5309 seqq.

2213 5299 2326 5375 (29)
2367 5306 2506 5359 Sunt
2527 5299 2713 5373 ipsius
2751 5299 2973 5357 Notkeri
3020 5310 3182 5356 verba
3230 5302 3287 5356 in
3315 5302 3535 5371 ,nostris
3573 5300 3725 5357 notis

2144 5379 2395 5447 superius
2421 5376 2666 5447 recitata:

2217 5442 2331 5519 (50)
2368 5447 2483 5500 Fol.
2509 5445 2615 5519 ξ)ῼᾷ
2637 5442 2900 5519 Breviarii
2924 5442 3221 5519 Hozarabi.

2221 5510 2333 5589 (51)
2387 5519 2461 5589 Ita
2509 5515 2691 5589 idibus
2727 5514 2959 5589 Augusti
3011 5516 3193 5584 passio
3230 5511 3286 5565 S.
3323 5510 3719 5589 Hippolytide-

2146 5583 2401 5645 scribitur
2432 5588 2495 5657 in
2517 5584 2899 5657 Martyrologio
2921 5584 3076 5639 Beda:
3105 5600 3228 5639 cum
3262 5583 3720 5657 Auctario'Flori.

2145 5673 2198 5713 et
2222 5662 2454 5713 aliorum
2489 5656 2543 5709 in
2586 5654 2721 5709 tom.
2765 5654 2807 5705 ll
2853 5655 2971 5709 Act.
3009 5664 3326 5709 sanctorum
3358 5655 3562 5711 mensis
3586 5654 3726 5709 Har-

2148 5732 2205 5785 tii
2240 5731 2385 5783 edito
2412 5743 2533 5796 pag.
2575 5725 2645 5779 26
2665 5725 2795 5780 edit.
2831 5723 3047 5781 Venetae
3075 5727 3201 5779 anni
3238 5723 3400 5779 1755.

2219 5800 2330 5871 (⁸52)
2373 5798 2467 5854 Die
2497 5811 2610 5852 χιιι
2640 5797 2889 5866 Augusti.
