4074 6380
332 397 432 454 115

1104 394 1199 466 ,ΒΕ
1232 392 1630 452 PORTUENSI
1661 395 1723 452 S.
1757 391 2118 448 HIPPOLYTI
2165 393 2358 449 SEDE.
2385 426 2455 435 -
2480 394 2662 451 PARS
2699 394 2740 450 1.

3448 395 3553 449 ιη

332 514 525 572 mentis
549 530 780 587 magnus
802 516 1068 572 Baronius
1100 532 1256 573 suam
1287 518 1524 574 lirmavit
1553 519 1897 584 sententiam,
1926 526 1970 579 Α
2000 533 2162 586 quam
2192 533 2259 573 ex
2287 516 2451 573 veteri
2478 518 2689 588 pictura
2717 513 2889 587 ipsius
2911 513 3121 570 tumulo
3147 502 3559 585 apposita,ﬁcar-

333 625 433 681 qua
461 606 823 664 Prudentium
854 609 1193 665 confusionis
1224 609 1356 665 vitio
1404 611 1461 665 in
1501 612 1604 666 hac
1641 626 1701 665 re
1743 611 1896 665 labo—

333 708 536 756 rantem
567 700 890 756 ostenderet.
923 698 1180 768 Quamvis
1213 717 1339 756 vero
1362 701 1667 772 hujusmodi
1701 717 1898 756 monu-

336 800 529 859 menta,
562 808 632 847 ex
673 793 874 862 quibus
912 792 1141 861 hujusce
1179 795 1460 849 sententia:
1502 802 1615 849 tota
1652 794 1736 848 vis
1765 809 1898 863 pen-

333 883 437 949 det,
463 882 725 951 maxima,
760 892 822 937 ut
861 885 1077 954 egregie
1112 899 1212 939 nos
1251 885 1456 948 docuit,
1489 894 1543 940 et
1582 885 1797 954 pietate,
1843 894 1898 940 et

334 973 573 1029 doctrina
602 974 688 1027 vir
718 973 949 1044 insignis
987 973 1361 1028 Theodoricus
1394 973 1716 1030 Ruinartius
1755 975 1891 1047 (55),

332 1064 568 1134 polleant
618 1065 962 1132 auctoritate,
997 1073 1185 1136 utpote
1230 1081 1351 1137 quae
1393 1082 1461 1122 ex
1510 1066 1897 1123 vetustissimis

334 1155 697 1211 Ecclesiarum
736 1155 957 1220 tabulis,
1000 1172 1138 1226 quas
1180 1157 1396 1211 illorum
1432 1157 1726 1227 scriptores
1765 1173 1899 1212 con-

300 1312 306 1323 ,
334 1251 568 1316 suluere,
609 1250 718 1305 sint
747 1251 1096 1321 deprompta;
1146 1260 1324 1306 tamen
1355 1266 1479 1306 cum
1507 1251 1656 1305 omni
1680 1252 1898 1321 penitus

295 1350 307 1417 μ
333 1342 525 1397 mendo
587 1342 776 1397 eadem
829 1357 1016 1397 carere
1069 1357 1228 1397 nemo
1270 1341 1540 1398 alﬁrmare
1592 1343 1783 1413 possit,
1817 1343 1897 1396 id-

294 1436 478 1491 !circo
510 1436 628 1491 solo
661 1436 880 1489 illorum
908 1435 1221 1490 testimonio
1252 1434 1607 1490 Prudentium
1650 1434 1897 1491 disertis-

332 1526 532 1582 simum
574 1528 755 1597 quarti
795 1527 979 1582 saeculi
1014 1527 1330 1596 scriptorem
1370 1526 1708 1582 confusionis
1745 1541 1899 1583 reum

330 1620 541 1675 traduci
574 1620 720 1675 haud
755 1634 917 1690 posse
938 1620 1083 1675 docti
1119 1620 1221 1673 viri
1255 1620 1706 1674 animadvertunt.

329 1733 397 1791 Χ.
429 1733 752 1788 Ruinartius
776 1734 991 1788 unicum
1032 1751 1065 1788 a
1090 1732 1380 1796 Prudentia
1412 1731 1755 1804 Hippolytum
1782 1734 1903 1789 lau—

905 1805 1090 1858 datum
1118 1805 1340 1858 censuit.

396 1898 724 1953 Ruinartius
764 1897 878 1970 (51)
924 1898 1129 1967 itaque,
1179 1906 1234 1952 et
1276 1906 1398 1968 post
1438 1912 1560 1951 eum
1607 1896 1901 1952 Tillemon-

330 1989 434 2044 tius
469 1987 615 2060 (55),
646 1988 931 2044 Ceillierus
960 1988 1094 2059 (56),
1120 1987 1331 2043 Caveus
1361 1987 1496 2060 (57),
1539 1987 1758 2044 Samuel
1801 1988 1901 2043 Ba-

333 2082 559 2163 snagius
590 2080 702 2151 (⁵58)
744 2081 945 2150 aliique
984 2097 1049 2135 ex
1106 2081 1514 2145 recentioribus,
1561 2081 1899 2136 Christiano-

334 2188 449 2228 rum
478 2181 769 2242 poetarnm
813 2173 1112 2242 principem
1149 2171 1502 2228 Prudentium
1551 2172 1898 2244 Hippolytum

333 2264 733 2336 presbyterum,
756 2282 863 2320 non
885 2265 1196 2335 episcopum
1221 2264 1571 2322 Portuensem
1590 2265 1903 2324 Novatiana

332 2366 487 2412 sectae
520 2357 731 2428 laqueis
752 2358 1028 2427 quondam
1052 2368 1271 2427 captum
1300 2358 1516 2428 egregio
1536 2358 1639 2413 hoc
1660 2360 1902 2413 carmine

331 2447 592 2503 laudasse
622 2455 874 2515 censent;
933 2446 1187 2519 quodque
1235 2464 1301 2504 ex
1348 2449 1697 2519 sequentibus
1726 2450 1901 2519 ipsius

332 2538 672 2595 carminibus
704 2544 824 2594 tuto
855 2536 1050 2594 deduci
1078 2553 1240 2610 posse
1265 2539 1365 2596 sibi
1398 2539 1762 2611 persuadent;

334 2650 554 2707 Invenio
610 2652 977 2723 Hippolytum,
1019 2655 1108 2724 qui
1151 2654 1414 2723 quondam
1447 2655 1674 2709 schisma
1704 2654 1901 2710 Novati

402 2724 691 2794 Presbyter
728 2727 978 2794 attigerat
1008 2737 1191 2778 nostra
1209 2727 1469 2794 sequenda
1506 2742 1697 2795 negans
1731 2727 1862 2797 (59),

400 2814 509 2872 Nec
558 2816 735 2885 ipsum
769 2817 880 2870 ullo
923 2814 1262 2871 confusionis
1298 2817 1433 2871 vitio
1466 2816 1521 2869 in
1554 2819 1901 2875 recensendis

336 2905 616 2981 Hippolyti
660 2908 918 2979 martyris
961 2909 1252 2978 triumphis
1286 2911 1567 2968 laborasse
1612 2921 1897 2977 asserunt,

336 3010 525 3070 utpote
559 3000 657 3071 qui
683 3016 794 3056 non
825 3001 1081 3077 inanibus
1112 3003 1261 3073 vulgi
1295 3004 1636 3068 commentis,
1673 3004 1903 3074 aliisque

338 3094 571 3150 turbidis
604 3091 849 3149 fontibus
875 3093 1011 3148 tanti
1041 3094 1295 3165 martyris
1318 3110 1406 3150 res
1430 3103 1609 3166 gestas
1636 3095 1900 3163 hauserit,

1997 611 2235 666 minibus
2261 626 2320 666 se
2348 609 2615 681 didicisse,
2631 616 2858 664 testatur
2878 607 2989 677 (41)
3018 624 3033 662 :

2068 703 2230 759 Erexi
2263 702 2332 756 ad
2372 704 2559 771 caelum
2582 701 2792 771 faciem,
2825 702 2966 753 stetit
2997 698 3148 753 obvia
3183 706 3371 754 contra

2138 772 2305 828 Fucis
2332 769 2564 826 colorum
2583 769 2736 841 picta
2762 771 2940 840 imago
2971 771 3244 840 martyris.

1996 866 2064 923 Et
2096 866 2285 937 paucis
2315 863 2611 934 interjectis
2637 880 2652 917 :

2069 978 2370 1035 Historiam
2398 977 2606 1047 pictura
2632 975 2833 1047 referti:
2858 989 2975 1044 qua:
3002 971 3399 1047 traditalibris,

2149 1049 2333 1104 Veram
2364 1044 2554 1102 vetusti
2589 1046 2834 1115 temporis
2861 1053 3118 1098 monstrat
3143 1044 3323 1113 ﬁdem.
3508 1110 3513 1113 1

1996 1162 2351 1220 Prudentium
2380 1161 2545 1232 igitur
2577 1167 2900 1231 martyrum,
2927 1171 3067 1227 quos
3100 1156 3361 1217 laudavit.
3405 1168 3558 1226 gesta

1999 1256 2411 1312 accuratissime
2437 1253 2722 1323 scripsisse
2749 1258 2914 1321 patet.
2946 1249 3290 1319 Quapropter
3318 1247 3557 1303 Ruinar-

1999 1350 2109 1404 tius
2138 1364 2196 1403 se
2243 1362 2351 1401 non
2406 1346 2572 1399 alium
2621 1343 2970 1415 Hippolytum
3020 1344 3076 1396 in
3125 1342 3229 1396 hoc
3280 1339 3560 1395 Prudentii

2000 1442 2202 1512 hymno
2234 1453 2530 1509 agnoscere
2561 1435 2780 1501 fatetur,
2816 1444 3008 1505 praeter
3032 1433 3384 1489 Portuensem
3414 1447 3563 1486 mar-

2000 1539 2173 1603 tyrem
2207 1529 2640 1594 celeberrimum,
2673 1527 2763 1582 cui
2809 1527 2923 1580 haec
2955 1525 3159 1589 omnia,
3193 1539 3313 1593 quae
3355 1523 3423 1577 ab
3463 1538 3562 1577 au-

2000 1632 2151 1678 ctore
2175 1620 2508 1686 referuntur,
2538 1618 2741 1690 optime
2765 1625 3074 1685 competere
3100 1615 3398 1670 existimat.
3434 1612 3564 1667 Rui-

2001 1710 2162 1771 nartii
2193 1713 2512 1768 sententiam
2563 1710 2736 1766 secuti
2772 1716 2921 1775 sunt,
2962 1716 3023 1762 ut
3048 1706 3308 1772 diximus,
3347 1704 3562 1761 Ceillie—

2002 1806 2118 1858 rius
2134 1811 2188 1857 et
2210 1800 2612 1856 Tillemontius.
2638 1797 2744 1854 Sed
2762 1814 2886 1853 cum
2910 1797 3086 1850 virum
3107 1795 3321 1866 egregie
3342 1795 3562 1849 doctum

2002 1896 2227 1951 minime
2268 1894 2534 1958 latuisset,
2564 1891 2919 1946 Prudentium
2971 1887 3256 1959 Hippolyto
3305 1902 3407 1942 suo
3450 1888 3565 1956 epi-

2001 1987 2150 2057 scopi
2185 1993 2363 2055 partes
2389 2001 2448 2040 re
2468 1992 2524 2040 et
2550 1984 2770 2039 nomine
2800 1985 3083 2055 perspicue
3111 1983 3199 2037 his
3229 1979 3566 2037 carminibus

1999 2078 2259 2135 tribuisse
2285 2097 2299 2133 :

2073 2171 2249 2225 Plebis
2277 2187 2454 2225 amore
2476 2187 2587 2225 sua:
2613 2170 2794 2223 multis
2825 2169 3193 2224 comitantibus
3218 2169 3355 2235 ibat,

2140 2241 2424 2296 Consultus
2449 2257 2691 2311 autetiam
2715 2250 2856 2294 secta
2885 2241 3021 2309 foret
3049 2241 3233 2294 melior
3267 2237 3403 2309 (42).

2000 2334 2068 2389 Et
2092 2334 2253 2404 paulo
2283 2341 2406 2405 post
2433 2332 2547 2404 (15)
2580 2350 2596 2389 :

2072 2446 2203 2502 Htec
2230 2446 2546 2515 persultanti
2574 2445 2765 2500 celsum
2793 2445 2967 2499 subito
2999 2452 3120 2497 ante
3151 2441 3386 2497 tribunal

2146 2517 2381 2586 Offertur
2401 2517 2573 2569 senior
2603 2516 2820 2586 nexibus
2848 2515 3158 2586 implicitus.

2073 2582 2269 2651 Stipati
2300 2588 2496 2657 circum
2515 2586 2730 2657 juvene;
2753 2585 2982 2637 clamore
3007 2582 3317 2657 fremebant,

2151 2657 2335 2727 Ipsum
2363 2652 2828 2710 Christicolis'esse
2854 2665 3009 2723 caput
3033 2652 3265 2727 populis.

2069 2728 2129 2784 Si
2143 2718 2286 2852 ﬁeret
2314 2727 2631 2791 exstinctum
2656 2740 2869 2794 propere
2895 2718 3071 2793 caput,
3100 2718 3277 2775 omnia
3303 2718 3447 2792 vulgi

2190 2808 2366 2852 ectora
2391 2795 2645 2849 Romanis
2676 2804 2859 2852 sponte
2888 2792 3151 2848 sacranda
3185 2792 3332 2852 deis;

2190 2808 2366 2853 ectora
2391 2792 2859 2865 Romanis‘sponte
2888 2792 3151 2848 sacranda
3185 2792 3332 2855 deis;

2002 2908 2064 2954 ut
2099 2896 2403 2969 argumenti
2432 2894 2744 2965 huiusmodi
2790 2894 2897 2948 vim
2932 2892 3259 2955 declinaret,
3295 2904 3404 2961 quo
3440 2903 3577 2943 sane

2002 2990 2200 3059 posito,
2235 2985 2518 3058 potissima
2544 2985 2663 3055 ejus
2693 2983 3005 3053 conjectura
3030 2983 3100 3038 de
3129 2981 3419 3052 Hippolyto
3447 2994 3570 3048 pre—

2003 3082 2219 3153 sbytero
2248 3079 2462 3150 penitus
2483 3085 2784 3142 corrueret,
2814 3075 2882 3130 ad
2907 3073 3273 3130 Sozomcnum
3304 3070 3573 3141 confugit,

335 3187 427 3242 sed
458 3186 675 3256 optimo
703 3186 907 3242 veteris
938 3186 1164 3256 pictura:
1188 3161 1508 3241 testimonio
1534 3186 1806 3251 suffultus,
1834 3161 1898 3244 ad
1930 3226 1933 3256 ε

2004 3173 2230 3242 ejusque
2258 3169 2570 3225 testimonio
2608 3169 2743 3234 haec,
2789 3183 2914 3238 quae
2945 3166 3013 3221 ad
3060 3165 3406 3235 Hippolytum
3450 3161 3567 3231 epi-

336 3275 453 3345 ejus
478 3276 648 3331 ﬁdem
678 3275 1092 3333 celeberrimum
1122 3276 1268 3331 illius
1296 3285 1569 3333 certamen
1595 3279 1681 3334 his
1704 3280 1904 3335 carmi-

338 3368 492 3424 nibus
523 3367 880 3438 descripserit
908 3386 921 3421 :

403 3481 701 3556 Exemplar
722 3482 938 3556 sceleris
964 3485 1136 3556 paries
1159 3483 1310 3556 liabet
1333 3483 1526 3556 illitus,
1556 3486 1612 3539 in
1638 3502 1739 3556 quo

475 3552 793 3608 Multicolor
817 3552 970 3621 fucus
999 3554 1189 3623 digerit
1220 3570 1369 3608 omne
1398 3555 1566 3623 nefas.

406 3623 579 3695 Picta
591 3639 746 3692 super
767 3623 1027 3695 tumulum
1048 3625 1240 3695 species
1262 3624 1478 3694 liquidis
1496 3626 1628 3695 viget
1645 3624 1868 3692 umbris,

475 3693 737 3764 Elﬁgians
761 3693 921 3747 tracti
945 3694 1180 3748 membra
1204 3693 1423 3749 cruenta
1448 3693 1708 3768 virilib).

405 3806 516 3863 Nec
544 3805 664 3861 sola
690 3802 963 3878 Hippolyti
991 3815 1140 3878 gesta
1170 3807 1240 3895 ad
1262 3808 1460 3863 veteris
1491 3809 1718 3878 picturae
1749 3810 1906 3865 tidem

339 3896 700 3954 Prudentium
738 3897 994 3954 narrasse
1034 3907 1278 3966 constat;
1319 3914 1446 3963 nam
1487 3910 1543 3954 et
1573 3901 1907 3955 horrendum

2005 3278 2229 3333 scopum
2287 3260 2533 3317 referunt
2580 3259 2852 3315 Baronius
2913 3258 3204 3327 caeterique
3253 3255 3577 3328 presbytero

2003 3358 2167 3411 etiam
2195 3369 2495 3425 congruere
2522 3368 2682 3423 posse
2710 3352 2978 3408 dictitavit
3020 3350 3155 3420 (Μ).
3177 3348 3269 3403 Ille
3297 3348 3443 3402 enim
3461 3344 3574 3417 (15)

2008 3447 2263 3502 Historia:
2307 3443 2680 3499 ecclesiastica:
2731 3443 2874 3498 libro
2915 3442 3093 3512 primo
3145 3438 3478 3509 praecipuum
3519 3435 3578 3490 in

2004 3537 2366 3594 Alexandrina
2398 3535 2639 3592 Ecclesia
2671 3550 2878 3590 morem
2908 3533 3216 3588 obtinuisse
3255 3529 3474 3591 scribit,
3518 3535 3581 3582 ut

2007 3629 2110 3685 sub
2139 3642 2251 3682 uno
2268 3627 2555 3695 episcopo,
2599 3625 2693 3695 qui
2722 3625 2979 3679 omnibus
3028 3633 3246 3693 praeest,
3278 3619 3580 3691 presbyteri

2009 3718 2297 3790 separatim
2326 3717 2599 3774 Ecclesias
2630 3716 2939 3771 obtinerent
2967 3724 3022 3769 et
3050 3712 3310 3784 populum
3364 3711 3431 3766 ad
3458 3710 3582 3765 illas

2008 3810 2301 3868 convenire
2327 3809 2548 3865 solitum
2580 3808 2931 3878 colligerent,
2976 3820 3138 3876 quem
3165 3805 3331 3860 etiam
3369 3817 3579 3857 morem

2010 3902 2067 3956 in
2094 3900 2384 3956 Portuensi
2407 3899 2653 3954 Ecclesia
2676 3899 2917 3969 viguisse
2941 3898 3082 3951 haud
3109 3893 3445 3964 impossibile
3467 3908 3580 3947 cre-

340 3992 472 4047 illud
501 3990 742 4047 ethnicae
788 3990 1145 4046 immanitatis
1178 3992 1508 4061 exemplum,
1553 3991 1699 4062 quod
1749 3993 1908 4047 tertio
2011 3992 2146 4048 didit
2172 3993 2256 4047 vir
2276 3991 2666 4057 doctissimus;
2699 3990 2930 4060 ideoque
2948 3988 3296 4059 Hippolytum
3326 3994 3577 4040 nostrum

341 4082 768 4141 Christi'sarculo
789 4082 988 4139 Forum
1004 4082 1701 4153 Cornelii,pra:clarissima
1733 4083 1912 4139 JEmi-
2010 4085 2066 4140 in
2099 4084 2285 4140 eadem
2316 4082 2559 4139 Ecclesia
2606 4082 2844 4151 aliquam
2897 4099 2914 4131 ι
2952 4081 3126 4151 plebis
3158 4087 3364 4148 partem
3406 4096 3424 4128 ι
3466 4091 3580 4131 suae

342 4173 427 4230 lite
458 4174 679 4242 civitas,
726 4173 959 4243 aspexit,
992 4173 1121 4228 dum
1164 4173 1224 4227 S.
1275 4173 1574 4230 Cassianus
1613 4174 1908 4245 gloriosam
2011 4193 2157 4233 curae
2179 4175 2532 4233 commissam
2558 4172 2813 4229 habuisse
2838 4172 3071 4238 censuit,
3098 4170 3287 4225 eodem
3319 4168 3579 4229 nimirum

302 4345 309 4351 .
344 4268 594 4340 martyrii
643 4267 883 4337 palmam
933 4265 1009 4321 ibi
1061 4264 1164 4320 fuit
1197 4265 1446 4336 adeptus,
1494 4279 1606 4320 non
1636 4265 1872 4335 ,aliunde
1893 4303 1911 4331 ,
2007 4271 2150 4341 jure,
2178 4283 2288 4340 quo
2319 4265 2526 4324 nostris
2551 4264 2704 4320 hisce
2728 4250 3064 4335 temporibus
3092 4260 3358 4332 parochos
3404 4275 3581 4331 popu-

414 4427 529 4496 (55)
575 4425 860 4497 Legendus
885 4424 1212 4497 Buinartius
1241 4424 1295 4478 in
1332 4422 1494 4497 citata
1546 4420 1913 4497 admonitione

347 4494 401 4550 in
422 4492 756 4566 martyrium
786 4494 844 4550 S.
884 4495 1177 4566 Hippolyti,
1207 4509 1328 4564 pag.
1363 4494 1486 4557 114,
1519 4492 1664 4566 _n_._'5.

415 4566 527 4638 (54)
553 4554 627 4638 In
642 4566 897 4635 praedicta
925 4554 1315 4638 admohitione,
1345 4554 1634 4638 μειερ-145,
1674 4563 1910 4638 num:_1_.
1945 4554 1992 4608 D

419 4631 533 4703 (55)
573 4631 705 4692 Ιιόρ.
758 4636 1009 4705 superius
1051 4636 1239 4700 citato,
1280 4631 1440 4689 tomf
1473 4631 1562 4697 ΙΙΙ,
1618 4648 1740 4704 pag.
1792 4632 1916 4697 675,

349 4718 473 4763 note
500 4708 557 4771 4,
589 4722 688 4761 sur
718 4703 864 4761 saint
884 4703 1189 4775 Hippolyte.

418 4777 532 4845 (5.6)
574 4775 733 4831 Tom.
764 4775 830 4838 ll,
861 4772 1178 4845 pagfcit'ata
1209 4772 1332 4845 567.

416 4841 532 4918 (57)
573 4841 898 4918 (ἑυίιρθιιῃιίε
932 4841 1323 4918 ρεξνοηδενέρι.
1356 4844 1481 4918 eccl.
1531 4841 1737 4918 Hister.
1779 4842 1920 4897 litte-

349 4911 659 4986 raria'tom.
693 4915 737 4981 l,
768 4911 892 4986 pag:
923 4914 1028 4968 102
1055 4915 1183 4970 edit.
1208 4911 1402 4986 onnii
1430 4913 1754 4986 annii1740.

421 4989 536 5054 (58)
594 4983 816 5041 Samuel
848 4983 1164 5054 ’Basnagius
1207 4985 1754 5054 quttemanvillaeus,
1804 4984 1914 5036 An-

353 5060 459 5112 nal.
486 5052 694 5127 politic.
730 5052 1073 5127 ecclesiastici
1098 5067 1240 5127 tom.
1266 5052 1329 5118 ll,
1364 5070 1508 5127 anno
1530 5055 1670 5127 7222,
1702 5069 1915 5111 numer.

353 5130 407 5195 8,
441 5124 697 5198 μεὶς.ᾉῖὃὸ
721 5126 853 5198 edit.
874 5124 1382 5198 Roterodamiann.
1413 5125 1570 5198 1706.

424 5193 964 5269 (39ledentiusex
987 5195 1081 5249 lib.
1109 5195 1250 5263 Περὶ
1282 5195 1620 5269 στεξρᾴερέων,
1653 5194 1803 5269 bym.
1830 5193 1917 5256 11,

355 5265 505 5339 apud
529 5268 809 5339 Huinart.,
842 5265 969 5339 _Act.
995 5268 1195 5339 select.,
1224 5281 1371 5339 pag.,
1405 5266 1527 5328 145,
1559 5281 1611 5317 v.
1640 5265 1732 5339 18.

391 5333 407 5339 ’
427 5338 540 5405 (40)
554 5337 696 5392 idem
715 5336 1043 5391 Prudentius
1059 5336 1115 5389 in
1136 5333 1258 5391 eod.
1274 5333 1448 5406 b‘ym.,
1470 5350 1613 5391 vers.
1633 5334 1757 5399 124,
1776 5333 1919 5404 apud

360 5408 637 5463 Ruinam.
663 5422 787 5463 ωε.
822 5404 945 5462 148.

410 5409 637 5473 ninart.,
663 5422 787 5473 pag.
822 5409 945 5462 148.

428 5422 637 5473 nnart.,
663 5422 787 5477 pag.
822 5422 945 5462 alio.

428 5476 903 5550 (illPrudentius
942 5476 1131 5549 hymn.
1177 5477 1232 5541 9,
1274 5475 1341 5529 de
1368 5473 1718 5550 S.AQ_11_SSiaI_I_0
1746 5473 1920 5550 Foro-

360 5543 691 5614 corneliano,
747 5563 801 5602 v.
861 5545 895 5599 9
932 5543 997 5615 et
1035 5562 1173 5615 seq.,
1244 5561 1366 5615 pag.
1436 5545 1539 5599 156
1607 5545 1736 5598 edit.
1805 5543 1920 5598 An-

360 5618 690 5743 sierpign‘sis
719 5616 851 5672 anni
884 5614 1042 5684 1664,
1070 5614 1273 5673 affabre
1294 5614 1612 5687 martyrium
1644 5614 1818 5684 ipsius
1845 5615 1920 5669 ita

398 5704 536 5743 eset-1
580 5705 597 5741 ι
649 5706 664 5743 :

398 5697 621 5744 εδει-ιωι
649 5706 664 5743 ἶ

434 5826 640 5900 Plagas
667 5829 810 5887 mille
834 5846 1014 5902 gerens
1041 5829 1448 5924 totos.lacerata
1474 5838 1760 5905 pet-partus,

2153 4429 2375 4498 Ruptam
2404 4427 2622 4482 minutis
2649 4424 2918 4498 proferens
2944 4422 3357 4498 pu_n_ctis.cut.em
3387 4435 3407 4483 ;

2090 4490 2360 4554 Innuineri
2385 4500 2582 4552 circum
2609 4490 2779 4566 pueri,
2798 4491 3105 4566 miserabile
3124 4491 3238 4545 visu

2162 4569 2419 4638 Confossa
2446 4559 2620 4638 parvis
2649 4559 2884 4638 membra
2903 4559 3131 4631 ﬁgebant
3168 4561 3318 4630 stylis
3337 4576 3356 4615 .'

2095 4640 2240 4710 Unde
2266 4635 2552 4710 pugillares
2579 4635 2723 4691 soliti
2749 4647 3049 4710 percurrere
3073 4647 3219 4710 ceras

2161 4702 2410 4765 Scltbldre
2447 4721 2688 4761 murmur
2716 4702 3032 4758 adnotantes
3060 4702 3398 4770 scripserant.

2089 4781 2345 4836 .rEdituus
2377 4778 2647 4832 consultus
2679 4776 2755 4828 ait
2781 4790 2798 4828 :
2829 4772 2979 4837 Quod
3011 4772 3295 4841 prospicis,
3321 4770 3505 4840 hospes

2163 4850 2285 4904 Non
2312 4858 2388 4903 est
2411 4848 2608 4913 inanis,
2639 4855 2731 4900 aut
2760 4843 2919 4899 anilis
2951 4842 3155 4913 fabula.

2094 4921 2389 4977 Historiam
2411 4920 2622 4989 pictura
2644 4916 2826 4986 refert,
2853 4922 2957 4969 etc.

2093 5057 2204 5139 μᾷ)
2247 5026 2576 5139 Prudentius
2604 5049 2907 5139 AinLeodegm
2943 5046 3253 5139 hymnul‘g,
3293 5058 3435 5099 vers.
3475 5040 3589 5117 27,

2023 5116 2161 5199 apud
2188 5116 2365 5197 ipsum
2391 5124 2643 5178 Ruinart.
2676 5121 2781 5176 loc.
2817 5121 2935 5182 cit.,
2973 5116 3095 5188 pag.
3130 5116 3253 5171 145.

2092 5197 2204 5267 (15)
2233 5196 2603 5267 Νθωρθλγεῐυε.
2632 5191 2717 5267 Ti,
2752 5191 2893 5267 apud
2914 5189 3187 5267 Ruinam,
3212 5199 3338 5267 pag:
3370 5181 3495 5267 1&7.

2116 5199 2204 5267 15)
2234 5199 2436 5265 Nempe
2460 5209 2603 5248 vers.
2632 5199 2717 5258 77,
2752 5199 2893 5261 apud
2915 5199 3187 5252 numam,
3216 5199 3338 5254 pag.
3370 5199 3495 5236 ut.

2092 5199 2204 5338 (44)
2237 5266 2411 5336 Ipsius
2441 5262 2732 5338 ltuinartii
2750 5261 2912 5315 verba
2946 5260 3000 5314 in
3041 5268 3169 5314 nota
3209 5255 3243 5312 5
3272 5255 3340 5309 ad
3377 5252 3584 5308 dictum

2021 5330 2282 5410 hymnum
2304 5350 2447 5390 vers.
2476 5334 2640 5390 citato
2662 5330 2732 5385 27
2758 5348 2771 5362 -

2160 5448 2340 5504 Plebis
2367 5461 2544 5501 amore
2574 5459 2704 5510 sum,
2732 5450 2863 5508 etc.,

2021 5542 2249 5598 inferius
2310 5539 2622 5596 referuntur
2685 5536 2851 5605 hujus
2924 5528 3326 5589 dissertationis
3387 5528 3416 5599 ᾗ
3472 5526 3583 5596 15,

2008 5623 2236 5686 partel.

2094 5665 2232 5748 (ist
2260 5665 2600 5735 Sozomenus
2621 5688 2831 5748 nempe
2864 5674 2958 5748 lib.
3002 5689 3020 5727 ι
3066 5671 3207 5748 Hist.
3232 5667 3536 5748 effrenae.
3553 5700 3579 5748 ,

2023 5737 2143 5822 cap.
2178 5737 2265 5814 15,
2284 5766 2416 5822 pag.
2449 5749 2519 5822 55
2550 5746 2677 5822 edit.
2708 5737 3046 5816 (iantabrigze
3072 5742 3200 5798 anni
3229 5737 3387 5805 1720,
3414 5737 3578 5802 cujus

2021 5816 2184 5882 verba
2218 5816 2443 5876 inferius
2472 5816 2865 5874 describentur.
