4074 6424
443 397 555 452 815

1251 391 1339 448 DE
1377 385 1770 446 POHTUENSI
1807 388 1866 442 S.
1905 383 2269 444 HIPPOLYTI
2301 380 2490 439 SEDE.
2525 411 2593 421 —
2617 379 2799 436 PARS
2828 380 2871 436 1.

3573 379 3682 440 ιιο

442 518 514 573 lis
543 516 660 573 suis
680 516 968 586 sejunctim
993 528 1229 586 praeesse
1255 513 1536 578 videmus;
1564 510 1821 582 quodque
1843 510 2009 566 etiam
2039 519 2087 575 Α
2117 510 2327 565 sionem
2365 507 2568 578 hymno
2614 502 2913 573 prolixiore
2957 510 3283 572 prosecutus
3319 509 3403 558 est
3432 500 3681 560 Prudeno

446 609 703 665 Romana
753 608 1010 663 Ecclesia
1066 605 1315 675 exemplo
1367 604 1559 659 fulcire
1610 602 1839 667 nititur,
1891 616 2014 675 qua

442 700 695 756 eumdem
729 700 887 768 plane
924 712 1129 753 morem
1161 712 1225 750 ac
1251 694 1701 751 consuetudinem
1740 694 2009 762 servavit,

443 800 506 845 ut
538 791 770 859 singulis
813 789 984 844 titulis
1012 788 1214 857 singuli
1244 787 1653 856 pralicereutur
1680 785 2008 857 presbyteri.

444 880 541 936 His
572 882 818 953 profecto
847 880 1182 950 argumentis
1214 880 1300 933 vir
1324 878 1675 934 doctissimus
1698 876 2012 947 hujusmodi

442 973 811 1042 conjecturam
844 973 912 1026 ab
945 974 1063 1041 ipso
1094 970 1332 1041 primum
1362 970 1723 1039 excogitatam
1756 969 2009 1034 munivit,

440 1080 668 1135 quaque
700 1065 863 1117 etiam
896 1080 1071 1134 nuper
1099 1063 1346 1134 egregios
1390 1071 1549 1117 nacta
1597 1069 1682 1115 est
1729 1060 1972 1115 vindices
1993 1100 2009 1123 ,

439 1169 633 1224 nempe
658 1152 922 1209 Joannem
943 1153 1242 1223 Baptistam
1272 1151 1541 1207 Solerium
1565 1149 1896 1205 etJoannem
1920 1148 2013 1203 Pi-

439 1245 613 1310 nium,
653 1259 887 1313 quorum
924 1245 1060 1299 alter
1100 1243 1449 1315 Hippolytum
1493 1258 1525 1296 a
1570 1239 1864 1296 Prudentio
1891 1255 2008 1296 me-

436 1345 706 1389 moratum
749 1337 1001 1391 eumdem
1038 1353 1161 1393 esse
1194 1345 1400 1402 censet,
1434 1350 1595 1405 quem
1634 1343 1842 1389 veteres
1864 1333 1996 1387 Mar-

434 1426 662 1495 tyrologi
692 1427 999 1483 Antiochia
1031 1445 1257 1498 passum
1292 1428 1536 1490 tradunt,
1575 1435 1630 1481 et
1665 1442 1828 1496 quem
1862 1425 2009 1479 anti-

433 1519 525 1586 qui
541 1518 853 1587 pontilicum
870 1519 1241 1576 Romanorum
1260 1520 1511 1591 catalogi,
1527 1517 2012 1573 Bucherianussci-

432 1608 559 1664 licet
584 1617 637 1664 et
664 1608 1117 1668 Henschenianns
1136 1613 1247 1683 (46)
1265 1629 1387 1667 cum
1408 1612 1464 1666 S.
1491 1611 1760 1665 Pontiano
1790 1625 2008 1664 summo

429 1701 685 1769 pontiﬁce
739 1704 794 1757 in
852 1703 1167 1759 Sardiniam
1224 1706 1519 1775 relegatum
1571 1703 1805 1767 docent;
1857 1701 2008 1772 quod

429 1794 593 1847 etiam
623 1804 749 1850 ante
783 1797 963 1865 ipsum
991 1798 1296 1853 autumavit
1326 1797 1639 1851 Dodwellus
1682 1793 1828 1866 (i7);
1876 1793 2009 1864 Hip-

430 1885 678 1954 polytum
718 1903 848 1942 vero
890 1890 1210 1959 episcopum
1240 1889 1544 1944 Antiochia
1572 1903 1792 1958 passum
1834 1886 2008 1941 credit

425 1974 585 2047 juxta
614 1977 944 2034 Tillemontii
970 1981 1337 2051 conjecturas,
1365 1980 1524 2050 cujus
1554 1986 1879 2049 argumenta
1905 1976 2007 2033 So-

428 2064 602 2122 lcrius
637 2070 754 2140 ipse
785 2072 1096 2141 exscripsit,
1140 2073 1307 2126 tacito
1339 2073 1458 2142 ejus
1495 2073 1718 2126 nomine
1746 2070 1881 2142 (48).
1909 2070 2005 2124 Al-

428 2167 517 2214 ter
561 2175 717 2225 vero,
766 2178 959 2232 nempe
1003 2161 1195 2218 Pinius
1227 2163 1362 2233 (49),
1410 2162 1681 2218 Ruinartii
1723 2163 2007 2217 sententia

430 2249 733 2304 maximum
767 2265 827 2307 se
869 2252 1141 2308 addidisse
1173 2263 1506 2308 momentum
1552 2252 1869 2315 arbitratur,
1911 2266 2006 2321 pe-

430 2341 622 2409 culiari
651 2344 903 2413 quadam.
930 2345 1247 2415 conjectura
1293 2345 1347 2399 in
1394 2344 1633 2399 medium
1664 2344 1825 2399 allata
1845 2383 1862 2407 ,
1896 2359 2004 2414 qua

428 2431 708 2488 Prudentii
730 2434 1077 2507 Hippolytum
1098 2452 1203 2491 non
1231 2437 1289 2493 in
1315 2451 1449 2508 agro
1477 2434 1715 2502 Verano,
1741 2444 1801 2492 ut
1822 2437 2007 2491 hacte-

425 2540 534 2580 nus
582 2525 727 2581 docti
772 2527 874 2581 viri
921 2529 1289 2592 crediderunt,
1332 2529 1610 2599 sepultum
1652 2529 2001 2600 suspicatur,

426 2616 521 2670 sed
575 2616 631 2670 in
675 2617 761 2675 via
802 2616 1071 2685 Ostiensi;
1113 2622 1371 2691 quodque
1404 2636 1472 2675 ex
1521 2619 1850 2677 Kalendario
1890 2619 2001 2675 Bu-

425 2706 710 2771 cheriano,
740 2717 794 2763 et
840 2726 907 2764 ex
947 2711 1302 2780 sequentibus
1339 2709 1621 2767 Prudentii
1663 2712 2005 2770 carminibus

423 2796 619 2853 deduci
645 2814 807 2867 posse
838 2800 1068 2857 allirmat
1094 2820 1109 2855 :
1488 2796 1495 2799 ’

498 2907 716 2986 Talibus
752 2911 1025 2986 Hippolyti
1053 2929 1241 2986 corpus
1267 2915 1556 2969 mandatur
1583 2918 1796 2986 opertis,

571 2980 790 3052 Propter
811 2980 901 3035 ubi
923 2980 1165 3052 apposita
1192 2996 1268 3039 est
1295 3002 1393 3037 ara
1415 2986 1596 3040 dicata
1615 2980 1753 3040 'Deo.

500 3047 611 3127 Illa
638 3047 966 3127 sacramenti
988 3047 1238 3127 donatrix
1260 3071 1468 3127 inausa,
1494 3057 1774 3127 eademque

571 3120 779 3204 Custos
790 3122 899 3191 ﬁda
929 3124 1015 3204 sui
1045 3125 1301 3204 martyris
1322 3120 1565 3204 apposita

494 3188 682 3264 Serum
710 3188 992 3247 ad'wterni
1014 3210 1156 3263 spem
1178 3188 1527 3261 fitdicis'ossa
1559 3195 1818 3264 sepulcro,

567 3260 755 3336 Pascit
772 3264 922 3336 idem
947 3260 1147 3320 sanctis
1178 3260 1474 3321 Tibricolas
1495 3260 1739 3336 dapibus.

485 3329 550 3385 Μ
558 3332 641 3385 ira
678 3331 782 3387 loci
808 3335 1001 3403 pietas,
1029 3343 1136 3390 etc.
1566 3329 1591 3415 ἠ

424 3442 628 3500 Verum
669 3447 884 3515 jurene,
910 3462 981 3501 an
1008 3447 1205 3517 injuria
1242 3449 1360 3504 hac
1384 3449 1451 3504 de
1490 3448 1780 3522 Hippolyto
1806 3461 1997 3509 nostro

422 3538 740 3592 censuerint
767 3537 869 3591 viri
892 3538 1216 3604 doctissimi,
1246 3538 1423 3595 fusius
1450 3557 1553 3595 suo
1581 3543 1703 3598 loco
1725 3544 1995 3614 discepta-

425 3627 630 3683 bimus.

421 3734 456 3809 ς
487 3735 579 3818 χι.
619 3735 820 3792 Fronto
835 3736 1097 3818 “Dacicus,
1134 3741 1479 3818 Hippolytum
1514 3748 1817 3818 episcopum
1858 3748 1993 3803 Por-

492 3815 794 3887 tuensem_a
824 3808 1116 3887 Prudentia
1139 3808 1436 3887 laudatum,
1467 3808 1835 3887 eumque'ante
1856 3836 1994 3874 mar-

494 3879 692 3949 tyrium
723 3878 1040 3934 Novatianis
1072 3885 1264 3951 favisse
1288 3878 1532 3940 credidit.

489 3991 782 4053 Frontonis
832 3993 1011 4053 Ducai
1061 4000 1408 4067 sententiam,
1440 4018 1607 4071 quam
1653 4006 1815 4060 tertio
1865 4006 1989 4061 loco

419 4084 674 4153 superius
722 4087 1123 4155 recensuimus,
1175 4099 1257 4144 tot
1308 4093 1588 4162 tantisque
1633 4097 1991 4164 scriptoribus

418 4176 515 4248 qui
549 4176 616 4233 de
661 4175 931 4251 Hippolyti
976 4182 1150 4236 nostri
1183 4184 1312 4239 sede
1350 4185 1568 4240 curiose
1611 4201 1675 4239 ac
1705 4188 1991 4258 diligenter

419 4267 703 4339 hucusque
731 4271 1100 4341 disputarunt,
1132 4275 1347 4343 penitus
1380 4277 1777 4348 incompertam
1820 4282 1992 4339 fuisse

417 4357 891 4426 deprehendimus.
942 4360 1075 4419 Eam
1128 4364 1378 4420 brevibus
1443 4365 1551 4422 illis
1633 4368 1806 4435 notis,
1864 4370 1988 4439 qui-

416 4447 523 4504 bus
606 4449 895 4522 Nicephorl
978 4453 1405 4514 Ecclesiasticam
1484 4457 1772 4515 illustravit
1824 4461 1988 4515 histo-

2115 602 2247 657 tius.
2284 618 2305 652 ι
2342 597 2569 653 Demum
2598 610 2721 652 cum
2766 595 2861 649 lib.
2891 609 2967 658 γι,
2992 609 3112 664 cap.
3141 594 3176 649 5
3201 595 3315 662 (51)
3352 609 3456 650 nos
3482 595 3680 652 doceat

2113 691 2476 762 Nicephorus,
2518 689 2796 745 decretum
2833 686 3003 743 fuisse
3039 688 3094 741 in
3144 686 3377 743 concilio
3410 687 3568 759 jussu
3610 688 3674 745 S.

2112 784 2353 840 Cornelii
2407 781 2682 853 pontiﬁcis
2731 780 2978 846 maximi,
3027 779 3216 835 Roma
3260 790 3483 847 coacto,
3526 782 3677 852 quod

2110 876 2448 931 Novatianus
2477 888 2604 928 cum
2636 873 2907 944 episcOpis
2934 872 3044 927 illis
3070 873 3409 943 ueterisque,
3450 873 3547 944 qui
3575 888 3675 928 ve-

2113 984 2261 1025 sana
2309 968 2457 1023 illius
2511 965 2798 1023 dementia
2844 965 3311 1035 subscripserant,
3355 980 3387 1020 e
3431 964 3672 1021 ﬁdelium

2111 1068 2256 1116 cmtu
2272 1059 2640 1115 ecclesiastico
2666 1058 2955 1115 interdicto
2979 1056 3518 1127 proscriberentur...
3545 1073 3565 1107 ι
3590 1056 3678 1111 la-

2111 1153 2195 1221 psi
2223 1166 2352 1205 vero
2381 1150 2577 1206 fratres
2602 1160 2657 1206 et
2686 1150 3065 1219 resipiscentes
3093 1146 3328 1217 benigne
3351 1144 3673 1200 admittendi

2112 1243 2531 1312 humaniterque
2580 1240 2877 1307 tractandi;
2918 1258 2937 1294 ι
2989 1239 3191 1293 Fronto
3223 1238 3338 1293 hac
3381 1234 3675 1306 Nicephori

2111 1334 2273 1388 verba
2302 1335 2367 1389 ad
2394 1333 2739 1406 Hippolytum
2775 1332 3093 1401 episc0pum
3126 1329 3332 1396 retulit,
3363 1342 3525 1398 quem
3558 1326 3671 1381 No~

2109 1425 2326 1479 vatiana
2370 1426 2492 1480 labe
2540 1426 2925 1495 inquinatum,
2976 1421 3324 1493 postmodum
3375 1418 3676 1489 resipuisse

2109 1515 2360 1581 credidit,
2415 1514 2711 1571 Prudentio
2752 1522 2890 1570 teste
2936 1533 2950 1568 :
3008 1531 3028 1565 ι
3057 1511 3399 1582 Hippolytus.
3456 1507 3672 1578 inquit,

2109 1605 2427 1663 Portuensis
2459 1608 2749 1678 episcopus
2770 1615 2826 1676 et
2846 1614 3073 1677 martyr,
3094 1619 3222 1660 cum
3247 1602 3317 1661 ad
3343 1600 3674 1672 supplicium

2109 1703 2410 1764 raperetur,
2439 1702 2499 1750 ut
2517 1703 2601 1750 est
2631 1695 2772 1765 apud
2790 1693 3165 1759 Prudentium,

2180 1805 2463 1877 Respondit
2492 1822 2510 1860 :
2540 1806 2754 1877 Fugite,
2779 1823 2811 1861 o
2833 1809 3031 1869 miseri,
3058 1806 3378 1861 exsecranda
3405 1804 3603 1860 Novati

2246 1876 2546 1932 Schismata
2563 1895 2583 1942 ;
2613 1876 2887 1932 catholicis
2919 1877 3118 1931 reddite
3148 1894 3235 1931 vos
3261 1877 3490 1946 populis.

2183 1946 2300 2019 Una
2322 1947 2660 2019 ﬁdes‘rigeat,
2689 1950 2861 2016 prisco
2891 1964 3006 2018 qua
3033 1945 3464 2019 conditateinplo
3484 1956 3560 2000 est
3577 1961 3600 2000 .'

2250 2015 2420 2082 Quam
2448 2015 2647 2071 Paulus
2674 2015 2878 2080 retinet,
2902 2015 3123 2088 quamve
3149 2015 3399 2088 cathedra
3431 2015 3598 2070 Petra.

2178 2087 2311 2153 Quae
2334 2088 2512 2152 docui,
2538 2089 2779 2141 docuisse
2802 2087 2977 2157 piget;
3010 2087 3299 2157 venerabile
3325 2097 3528 2157 martyr

2249 2158 2437 2224 Cerno,
2468 2159 2606 2227 quod
2637 2174 2669 2211 a
2696 2157 2845 2216 cultu
2868 2157 3019 2210 rebar
3037 2158 3215 2213 abesse
3239 2156 3355 2211 Dei.

2112 2268 2381 2341 «Insigne
2430 2270 2853 2334 retractationis,
2910 2285 3007 2324 seu
3061 2269 3421 2325 revocationis
3475 2284 3671 2324 ρεθυιρ-

2104 2362 2277 2433 plum.
2315 2381 2335 2413 ι
2392 2360 2665 2418 Hactenus
2710 2360 2936 2427 Fronto,
2977 2362 3137 2433 cujus
3171 2370 3491 2434 argumenta
3534 2362 3681 2416 infe-

2105 2454 2221 2511 rius
2255 2454 2633 2509 discutiemus.

2366 2547 2479 2602 Xll.
2518 2548 2740 2602 Baronii
2769 2549 3032 2602 sententia
3068 2547 3402 2617 expenditur.

2175 2639 2407 2695 Maxima
2437 2639 2602 2710 igitur
2636 2655 2976 2696 summorum
3006 2641 3246 2694 virorum
3291 2639 3359 2695 de
3391 2637 3680 2695 Prudentii

2103 2730 2392 2804 Hippolyto
2430 2731 2654 2786 dissidia
2701 2745 2808 2785 non
2859 2732 3029 2785 levem
3075 2747 3219 2786 nunc
3267 2731 3426 2786 nobis
3471 2730 3679 2785 dubio-

2103 2835 2224 2874 rum
2256 2829 2489 2888 segetem
2519 2818 2778 2889 prabent,
2808 2820 3010 2888 quibus
3038 2821 3120 2875 rei
3148 2822 3370 2884 veritas,
3399 2835 3563 2891 quam
3592 2829 3676 2875 to-

2101 2913 2176 2967 tis
2203 2911 2410 2969 viribus
2457 2911 2676 2981 assequi
2719 2926 3003 2978 conamur,
3053 2913 3227 2968 denso
3261 2913 3510 2984 caliginis
3547 2913 3673 2968 velo

2101 3002 2418 3057 oll‘unditur.
2454 3001 2679 3068 Verum,
2709 3013 2767 3058 ut
2800 3015 3005 3075 nostra_
3024 3002 3131 3059 fert
3153 3004 3359 3074 Opinio,
3391 3020 3506 3059 rem
3528 3004 3673 3060 hanc

2105 3095 2267 3149 tantis
2297 3095 2703 3150 dimcultatibus
2737 3097 3018 3165 obseptam
3070 3095 3213 3149 haud
3242 3109 3363 3150 esse
3400 3095 3675 3166 comperi-

2026 3191 2068 3247 c
2103 3199 2246 3251 mus,
2276 3185 2429 3254 quin,
2464 3200 2521 3239 re
2550 3185 2742 3241 sedulo
2770 3201 3063 3256 perpensa,
3104 3186 3469 3241 clarissimam
3508 3187 3672 3245 nobis

2097 3275 2294 3341 lucem,
2328 3278 2382 3331 in
2408 3276 2800 3333 obscurissima
2821 3278 2952 3333 licet
2974 3279 3276 3348 quastione
3298 3278 3668 3348 versantibus,

2094 3369 2345 3438 protinus
2395 3370 2650 3441 aliulgere
2695 3371 3121 3440 conspiciamus.
3173 3368 3377 3427 Omnes
3418 3370 3564 3426 enim
3595 3384 3672 3426 ex

2094 3461 2269 3516 doctis
2299 3462 2450 3527 viris,
2477 3478 2712 3533 quorum
2746 3464 3031 3519 sententia
3063 3478 3173 3517 non
3198 3463 3483 3519 minimum
3508 3462 3671 3519 nobis

2094 3554 2148 3610 in
2178 3556 2279 3610 hac
2307 3571 2365 3610 re
2413 3556 2618 3627 negotii
2665 3554 2938 3611 facessere
2975 3563 3220 3625 possent,
3275 3569 3390 3609 rem
3436 3554 3670 3611 summis

2092 3653 2304 3703 tantum
2335 3646 2493 3701 labiis
2527 3647 2799 3703 delibasse
2826 3653 3063 3710 constat,
3116 3661 3214 3701 nec
3243 3655 3443 3717 prater
3470 3661 3536 3701 ea
3572 3661 3668 3700 ra-

2091 3737 2259 3793 tionis
2308 3745 2603 3803 momenta,
2641 3754 2763 3809 qua
2796 3738 3043 3793 omnium
3088 3738 3299 3809 primus
3337 3738 3670 3809 excogitavit

2093 3829 2436 3897 Buinartius,
2467 3838 2527 3888 ut
2566 3829 2922 3886 Prudentium
2959 3827 3301 3887 confusionis
3337 3833 3471 3887 vitio
3508 3833 3666 3885 labo-

2092 3931 2304 3978 rantem
2339 3931 2602 3989 tueretur,
2644 3923 2770 3977 novi
2803 3925 2940 3979 nihil
2991 3928 3060 3981 ab
3104 3927 3240 3998 ipsis
3286 3925 3659 3995 excogitatum

2091 4015 2596 4080 animadvertimus,
2650 4033 2763 4093 quo
2810 4033 2930 4083 nos,
2980 4019 3109 4074 licet
3157 4019 3379 4083 invitos,
3413 4018 3469 4071 in
3508 4017 3658 4072 illius

2091 4110 2357 4164 sententia
2396 4125 2655 4182 perpetuo
2693 4127 2913 4167 manere
2960 4112 3362 4181 compellerent.
3410 4108 3660 4179 Quapro-

2090 4206 2208 4268 pter
2263 4199 2309 4254 si
2363 4199 2606 4269 ejusdem
2660 4199 2930 4257 Huinartii
2992 4204 3315 4256 sententiam
3373 4200 3658 4269 ipsismet,

2091 4290 2291 4360 quibus
2347 4292 2537 4347 nititur
2587 4300 2828 4347 veterum
2874 4292 3227 4359 testimoniis,
3272 4305 3527 4346 corruere
3560 4290 3661 4344 de-

2091 4387 2539 4456 monstrabimus,
2579 4388 2654 4442 nil
2710 4388 2871 4444 nobis
2921 4389 3028 4444 erit
3084 4387 3302 4458 reliqui,
3358 4386 3661 4458 quominus

2091 4472 2345 4548 magnum
2373 4476 2722 4551 Hippolytum
2761 4481 3076 4549 episcopum
3101 4488 3156 4535 et
3193 4488 3489 4552 martyrem
3527 4479 3662 4533 Por-

418 4541 583 4640 τξαηιτ
639 4544 856 4640 concise
907 4543 1198 4640 admodum
1250 4546 1463 4606 duobus
1494 4550 1547 4606 in
1580 4552 1715 4608 locis
1742 4555 1991 4623 exposuit
2019 4551 2067 4612 ι)
2095 4541 2275 4625 tuensi.
2293 4541 2550 4625 Ecclesia
2572 4541 3003 4640 adjudicandum
3049 4586 3116 4626 ex
3156 4541 3653 4640 ipsius'Prudenlii

416 4636 503 4690 vir
537 4636 895 4693 clarissimus.
930 4637 1128 4696 Narrat
1176 4641 1515 4714 Nicephorus
1562 4646 1701 4702 libro
1740 4662 1815 4713 tv,
1863 4662 1986 4717 cap.

418 4725 483 4779 31
528 4724 665 4796 (50),
707 4724 1050 4800 Hippolytum
1101 4745 1349 4789 nostrum
1398 4738 1647 4806 quadam
1697 4739 1986 4809 scripsisse

418 4828 540 4886 qua
583 4818 1000 4886 reprehensione
1026 4834 1134 4876 non
1162 4831 1371 4891 carent,
1414 4827 1634 4895 quibus,
1665 4829 1984 4900 martyrium

417 4910 763 4985 postmodum
788 4921 1138 4978 consecutus,
1171 4930 1387 4970 omnem
1429 4918 1747 4987 ignorantia
1797 4935 1985 4975 macu-

415 4997 523 5053 lam
570 5000 812 5056 detersit.
850 4999 946 5058 His
995 5002 1289 5074 Nicephori
1321 5009 1499 5065 verbis
1547 5010 1687 5065 hanc
1738 5010 1982 5063 notulam

414 5089 647 5162 subjecit
686 5083 935 5148 Fronto:
975 5111 995 5147 s
1029 5092 1201 5166 Hujus
1241 5096 1457 5170 (nempe
1507 5097 1804 5171 Hippolyti)
1849 5114 1976 5170 pas-

488 5310 600 5392 (ﬂi)
625 5313 685 5392 in
724 5322 859 5392 toni.
905 5316 927 5370 1
956 5314 1077 5371 Act.
1101 5328 1291 5392 sapct.
1320 5319 1532 5392 mensis
1554 5319 1776 5389 Aprilis.
1805 5319 1832 5392 §
1876 5322 1975 5392 l9,

2088 4659 2421 4715 carminibus
2443 4661 2817 4729 patentissime
2855 4662 3278 4733 conspiciamus.
3325 4659 3483 4728 Quod
3528 4662 3657 4731 qui-

2085 4749 2206 4803 dem
2257 4759 2384 4807 ante
2438 4761 2658 4807 centum
2705 4755 3101 4827 quinquaginta
3163 4763 3218 4808 et
3276 4753 3416 4808 ultra
3475 4766 3652 4808 annos

2084 4843 2329 4898 maxime
2358 4844 2648 4901 Annalium
2679 4847 2951 4902 conditori
2979 4846 3215 4917 primum
3240 4844 3551 4901 suboluisse
3572 4845 3654 4897 vi-

2084 4935 2522 5013 ὠιηιιελνθνυηι
2547 4953 2670 4993 cum
2702 4954 2931 5008 magnus
2963 4939 3046 4994 vir
3092 4939 3360 4993 immensa
3390 4937 3653 4992 ecclesia-

2083 5027 2341 5083 sticarum
2373 5030 2652 5085 annalium
2684 5031 2827 5086 mole
2855 5031 3201 5095 obrueretur,
3249 5044 3405 5085 suam
3434 5028 3501 5082 de
3544 5028 3652 5082 hac

2081 5121 2382 5192 quastione
2409 5123 2756 5188 sententiam,
2788 5138 2853 5179 ea
2902 5137 3009 5193 qua
3049 5131 3284 5192 poterat,
3320 5121 3647 5176 selectorum

2150 5322 2261 5394 (£8)
2289 5322 2353 5396 ln
2384 5324 2527 5380 notis
2571 5325 2635 5396 ad
2669 5324 3109 5396 Martyrologium
3159 5323 3395 5381 Usuardi
3443 5324 3532 5396 die
3560 5322 3647 5396 750

416 5395 471 5466 p.
495 5382 568 5436 24
595 5385 740 5466 edit_._
756 5384 969 5466 Veneta
987 5388 1300 5466 anni_l757,
1331 5391 1383 5444 in
1413 5390 1470 5445 S.
1504 5382 1764 5466 Pontiano
1798 5382 1831 5444 ἴ
1854 5410 1871 5442 ι
1903 5382 1979 5446 Eo
2076 5382 2342 5460 Ianum-ii,
2395 5412 2517 5466 pag.
2572 5395 2639 5447 70
2695 5382 2825 5450 Act:
2880 5382 3143 5455 SHITClOI'h
3176 5396 3380 5452 mensis
3446 5394 3641 5458 Junii,

418 5459 660 5532 tempore
701 5455 1002 5532 Pontianus
1052 5460 1371 5532 episcopus,
1404 5470 1458 5515 et
1500 5459 1820 5532 Hippolytus
1862 5479 1979 5529 pre-

416 5523 854 5602 s‘byteressules
900 5536 1029 5581 sunt
1053 5523 1321 5599 deportati
1348 5523 1417 5586 iu
1459 5523 1974 5587 ἱιιδιὶιξιιηίιοιςὶὺηιη

419 5589 751 5659 Sardiniam,
790 5614 807 5645 ι
846 5606 949 5651 etc.

454 5661 597 5744 ,(47)
620 5662 986 5722 υἱεεενέαιίωι.
1003 5667 1603 5744 gyprianica,_t_iissert.
1649 5672 1706 5744 i_l
1742 5670 1817 5726 De
1838 5684 1993 5741 pau-‘

415 5739 613 5816 citate"
635 5748 946 5816 martyrum,
973 5740 1026 5816 _§
1056 5739 1161 5816 49η
1196 5741 1420 5816 pag._83
1465 5742 1622 5816 edita
1645 5739 1877 5814 Opct'utn
1912 5744 1970 5797 S.

414 5803 616 5859 Caecilii
645 5803 927 5879 Cyprianif,
959 5803 1345 5867 Ainstclollaini
1375 5828 1463 5867 an.
1496 5811 1648 5869 l700.

2080 5466 2395 5607 wi‘i'aiiin.
2419 5547 2657 5591 sanctor.
2674 5539 2875 5592 mensis
2898 5539 3149 5607 Augusti,
3166 5545 3296 5607 tom.
3313 5533 3379 5587 Ill
3395 5535 3643 5607 ,(lit'L‘Xlli.

2147 5605 2257 5674 (50)
2288 5606 2597 5676 Nicephoru,
2632 5624 2752 5677 pag.
2790 5609 2894 5663 550
2942 5603 3198 5666 editionis
3232 5604 3459 5661 Lutetia:
3485 5603 3643 5659 Pari-

2076 5675 2279 5730 siorntn
2304 5677 2428 5729 anni
2462 5676 2615 5730 1650.

2144 5747 2258 5817 (51)
2291 5748 2432 5803 ldeut
2453 5788 2468 5815 ,
2504 5762 2625 5819 pag.
2659 5746 2781 5805 595.
