4074 6416
334 355 440 414 417

332 488 784 546 argumentorum
811 483 987 556 copia,
1015 493 1227 549 munire
1251 499 1514 568 nequivit,
1542 502 1614 556 ita
1642 514 1698 558 ut
1722 521 1913 563 omnes

333 568 622 626 dubitandi
675 576 857 632 aditus
903 579 970 634 iis
1003 583 1440 656 occluderentur,
1492 594 1693 662 quibus
1725 596 1779 651 in
1811 613 1908 667 po-

325 668 538 715 sterum
589 661 659 719 de
699 667 890 722 eadem
939 671 1153 729 diverse
1192 692 1421 746 prorsus
1449 683 1516 736 ab
1557 684 1678 754 ipso
1705 691 1910 745 sentire

321 753 642 822 placuisset.
677 757 915 829 Etenim,
961 774 1020 820 ut
1050 767 1284 838 ingenue
1330 753 1636 844 fateamur,
1675 797 1807 850 pura
1845 800 1908 840 ac

315 852 452 913 puta
506 859 755 906 veterum
809 853 1320 930 Martyrologiorum
1383 869 1722 938 testimonia,
1784 892 1906 946 qua

313 936 479 1003 alias,
531 940 626 994 ubi
681 943 749 998 de
804 950 1011 1005 sanctis
1059 953 1262 1009 Christi
1299 961 1637 1032 martyribus
1684 936 1901 1036 agitur,

312 1045 513 1100 magna
549 1037 876 1096 auctoritate
911 1043 1113 1110 pollere
1144 1062 1250 1101 non
1284 1051 1597 1119 difﬁtemur,
1631 1057 1685 1111 in
1718 1058 1820 1116 bac
1846 1077 1903 1117 re

309 1117 618 1179 Prudentio
685 1132 1061 1190 vetustissimo
1110 1138 1584 1215 disertissimoque
1645 1153 1898 1221 scriptori

304 1218 701 1284 anteponenda
754 1237 864 1277 non
906 1240 1048 1293 esse,
1085 1240 1453 1291 recte,nostro
1485 1239 1705 1308 quidem
1751 1243 1901 1310 judi-

305 1304 420 1370 cio,
458 1304 784 1368 Ruinartius
827 1322 882 1369 et
925 1315 1307 1379 Tillemontius
1351 1304 1609 1384 docuere.
1642 1304 1898 1403 Quapro-

302 1405 434 1467 pter
475 1401 580 1454 alia
633 1418 864 1472 prorsus
913 1409 999 1463 via
1045 1413 1205 1468 nobis
1251 1416 1613 1475 incedendum
1653 1426 1894 1482 arbitra-

302 1504 458 1555 mur,
494 1507 603 1560 qua
641 1494 1064 1556 intricatissima
1107 1504 1235 1562 huic
1260 1511 1550 1578 quaslioni
1586 1515 1893 1574 clarissima

298 1580 555 1638 veritatis
583 1586 676 1641 lux
709 1604 810 1658 pro
841 1592 1048 1650 viribus
1082 1596 1361 1658 efferatur.

300 1689 449 1748 XIII.
506 1693 773 1754 Ruinartii
823 1705 1148 1786 conjectura,
1200 1715 1388 1793 quibus
1433 1720 1639 1775 nitatur
1693 1724 1890 1793 funda-

810 1777 1022 1844 mentis,
1059 1777 1379 1842 ostenditur.

376 1858 700 1920 Ruinartius
733 1865 942 1937 itaque,
970 1879 1031 1925 ut
1063 1879 1314 1944 superius
1352 1881 1632 1945 innuimus
1667 1925 1683 1950 ,
1720 1890 1884 1945 nullis
1921 1876 1960 1934 Β

294 1951 426 2006 aliis
467 1963 712 2013 veterum
758 1966 1129 2021 monumentis
1171 1973 1501 2038 conjectura
1539 1993 1652 2031 sua
1687 1978 1883 2037 funda-

291 2054 482 2102 menta
533 2047 682 2118 jecit,
714 2053 1094 2125 'praterquam
1143 2063 1262 2117 solo
1298 2063 1585 2123 Sozomeni
1637 2073 1882 2130 testimo-

289 2137 412 2192 nio.
456 2157 475 2190 α
509 2137 670 2208 Hac,
720 2143 903 2215 inquit
951 2147 1066 2220 (52)
1119 2150 1357 2224 (nempe
1403 2173 1566 2229 supra
1613 2168 1877 2222 recensita

286 2227 577 2287 Prudentii
626 2237 950 2307 carmina),
1015 2243 1083 2297 ad
1144 2227 1496 2319 Hippolytum
1557 2255 1876 2328 episcopum

287 2323 573 2390 referunt;
633 2329 728 2384 sed
785 2331 917 2400 quid
970 2343 1119 2391 vetat
1183 2341 1557 2412 presbyterum
1629 2323 1872 2420 aliquam

281 2417 466 2486 plebis
499 2428 707 2486 partem
741 2437 857 2478 sua
885 2439 1033 2481 cura
1065 2431 1419 2488 commissam
1467 2436 1758 2508 habuisse;
1793 2453 1874 2499 ta-

281 2506 367 2561 les
402 2520 533 2564 sunt
566 2513 746 2576 hodie,
780 2531 920 2585 quos
950 2521 1243 2589 parochos,
1275 2541 1372 2580 seu
1407 2530 1666 2588 curiones
1697 2506 1874 2606 appel-

279 2596 487 2655 lamus.
525 2601 714 2658 Refert
746 2605 1104 2678 Sozomenus,
1144 2632 1164 2667 i
1204 2624 1309 2671 etc.
1345 2618 1518 2690 Cujus
1551 2626 1716 2680 verba
1731 2596 1868 2684 .mox

277 2693 562 2752 dabimus.
621 2718 640 2750 ι
678 2700 824 2756 Idem
870 2705 1248 2778 (prosequitur
1294 2711 1640 2786 Ruinartius)
1683 2719 1871 2780 Roma

276 2784 548 2843 usitatum
580 2789 750 2847 fuisse
780 2795 940 2852 docet
974 2797 1267 2872 Dionysius
1297 2803 1574 2864 Petavius.
1605 2784 1738 2868 Vide
1764 2813 1868 2869 Va—

277 2875 406 2932 lesii
438 2889 602 2935 notas
631 2882 702 2937 ad
736 2885 881 2942 hunc
914 2887 1208 2948 Sozomeui
1244 2896 1449 2966 locum,
1491 2910 1546 2956 et
1573 2902 1865 2962 Commen-

289 2970 495 3026 tarium
524 2977 786 3043 pravium
819 2979 882 3034 D.
913 2981 964 3038 J.
991 2983 1289 3042 Mabillonii
1322 2990 1374 3044 in
1403 2995 1648 3050 ordinem
1670 2997 1867 3056 Roma-

282 3076 424 3116 num
442 3080 564 3134 cap.
583 3067 637 3122 3.
667 3087 687 3120 ι
713 3070 1122 3147 Verumtamen,
1149 3095 1281 3149 pace
1297 3086 1431 3139 tanti
1461 3088 1584 3152 viri,
1603 3092 1791 3158 multa,
1811 3102 1866 3150 et

274 3155 506 3223 quidem
532 3160 795 3228 maxima,
815 3181 916 3221 nos
930 3179 1114 3224 vetant
1132 3173 1263 3241 quin
1293 3190 1448 3231 suam
1472 3183 1864 3251 amplectamur

268 3251 630 3308 sententiam.
658 3252 793 3322 lmo,
825 3262 1098 3320 utmelius
1127 3265 1401 3336 dicamus,
1423 3273 1589 3329 iidem
1605 3275 1862 3337 Petavius

265 3349 330 3393 et
358 3338 624 3412 Valesius,
650 3362 793 3416 quos
820 3359 1080 3422 tanquam
1113 3359 1441 3428 conjectum
1472 3381 1584 3421 sua
1605 3379 1862 3437 patronos

266 3430 513 3498 appellat
534 3433 616 3487 vir
635 3437 1000 3510 clarissimus,
1028 3461 1129 3502 nos
1147 3447 1361 3506 diversa
1385 3469 1611 3522 prorsus
1645 3460 1713 3514 ab
1742 3462 1860 3530 ipso

263 3523 480 3577 sentire
495 3529 850 3596 compellunt.
869 3531 1066 3591 Narrat
1086 3537 1428 3600 Sozomeuus
1451 3546 1542 3602 lib.
1567 3566 1606 3615 ι,
1625 3568 1744 3622 cap.
1762 3523 1857 3624 λδ,

261 3612 466 3669 Arium
491 3616 702 3688 legatos
727 3623 946 3680 misisse
977 3629 1043 3682 ad
1067 3628 1358 3688 Paulinum
1387 3635 1536 3708 Tyri,
1561 3612 1857 3702 Eusebium

262 3705 557 3777 Caesareas,
591 3721 646 3766 et
675 3715 742 3768 ad
771 3714 1146 3789 Patrophilum
1179 3705 1527 3800 Scythopolis
1549 3735 1856 3808 episcopos,

261 3801 531 3873 ipsosque
588 3823 812 3878 rogasse
841 3822 900 3868 ut
935 3815 1039 3871 sibi
1073 3819 1186 3890 (55)
1219 3838 1454 3881 unacum
1487 3801 1603 3886 suis
1639 3801 1856 3904 permit;

259 3902 448 3948 terent
488 3898 699 3966 plebem
742 3902 877 3972 ipsis
909 3908 1274 3968 adbarentem
1323 3917 1376 3970 in
1406 3898 1657 3979 Ecclesia
1696 3928 1853 3982 colli-

259 4001 416 4058 gere,
449 3992 700 4046 eumdem
732 4009 796 4048 ex
829 4012 940 4066 quo
977 4016 1104 4057 mox
1137 4005 1328 4076 dejecti
1358 4009 1594 4080 fuerant,
1622 4019 1851 4086 gradum

256 4081 659 4141 obtinentibus.
717 4086 843 4143 Mox
899 4093 1103 4150 subdit:
1173 4117 1192 4150 ‹
1243 4101 1516 4173 Antiquus
1569 4081 1714 4164 enim
1765 4121 1850 4167 est

255 4172 605 4229 Alexandria:
637 4193 777 4245 mos,
814 4181 907 4248 qui
955 4192 1009 4237 et
1043 4186 1209 4242 etiam
1262 4172 1408 4247 nunc.
1442 4196 1609 4266 viget,
1648 4209 1706 4254 ut
1744 4203 1848 4259 sub

257 4280 374 4319 uno
405 4267 686 4338 episcopo,
717 4271 811 4341 qui
837 4275 1094 4332 omnibus
1123 4293 1338 4353 praeest,
1373 4289 1670 4360 presbyteri
1693 4309 1847 4350 seor-

255 4372 384 4412 sum
433 4360 698 4416 ecclesias
748 4365 1052 4434 obtineant,
1103 4379 1159 4425 et
1210 4373 1265 4427 in
1334 4375 1527 4433 iisdem
1580 4385 1842 4452 populum

255 4463 614 4522 congregem.
657 4473 676 4505 ι
718 4453 919 4511 Eadem
953 4459 1117 4514 etiam
1146 4463 1305 4521 docet
1333 4466 1672 4540 Epiphanius
1700 4477 1837 4546 (54),

1125 371 1209 427 DE
1255 371 1649 436 PORTUENSI
1685 382 1742 438 S.
1783 383 2144 444 lllPPOLYTl
2186 391 2377 451 SEDE.
2421 428 2491 438 —-
2528 397 2707 459 PARS
2743 403 2789 460 l.

3494 419 3600 482 tl8

1944 517 1987 572 Α
2016 527 2124 581 que
2155 517 2535 575 conventicula
2572 523 2696 590 vici,
2735 527 2848 583 sive
2883 529 3050 588 laura
3099 536 3167 591 ab
3208 538 3598 604 Alexandrinis

2014 605 2182 674 vulgo
2218 611 2593 669 nominantur.
2637 637 2656 668 ι
2705 617 2816 676 llas
2845 639 3010 691 porro
3046 627 3318 690 Ecclesias
3344 638 3601 711 deinceps

2012 709 2296 754 enumerat
2327 700 2667 774 Epiphanius
2713 713 2848 784 (55),
2888 731 3082 788 nempe
3116 721 3360 797 Dionysii
3406 700 3598 787 Eccle-

2011 788 2171 856 siam,
2215 790 2473 858 Theona.
2511 799 2692 866 Pierii,
2750 805 3090 877 Serapionis,
3130 812 3360 886 Persea,
3411 820 3594 894 Dizye,

2008 879 2288 952 Mendidii,
2315 887 2576 960 Anniani,
2602 894 2876 966 Baucalis,
2905 912 2958 956 et
2980 914 3228 975 cateras,
3259 928 3493 981 quarum
3518 934 3597 972 re-

2006 977 2139 1033 ticet
2166 982 2411 1037 nomina.

2241 1072 2381 1130 XIV.
2411 1076 2684 1136 Ruinartii
2713 1099 3024 1156 argumenta
3053 1093 3356 1152 diluuntur.

2081 1159 2207 1218 Hac
2252 1166 2418 1237 igitur
2463 1185 2710 1228 veterum
2759 1181 3072 1239 testimonia
3117 1187 3426 1246 clarissimo
3452 1192 3591 1248 Rui-

2003 1257 2178 1310 nartio
2229 1261 2557 1332 conjiciendi
2604 1282 2797 1326 ansam
2852 1277 3166 1344 praebuere,
3224 1280 3588 1341 Portuensem

2000 1345 2301 1407 Ecclesiam
2345 1355 2411 1408 ad
2458 1356 2633 1413 instar
2658 1362 3065 1436 Alexandrina,
3095 1373 3280 1428 varios
3326 1377 3588 1434 habuisse

2000 1440 2187 1497 titulos
2236 1447 2679 1519 presbyterorum
2730 1470 2876 1512 cura
2930 1465 3294 1532 commissos,
3347 1485 3583 1537 quorum

1998 1547 2168 1588 unum
2202 1533 2549 1608 Hippolytum
2595 1553 2844 1600 nostrum
2894 1550 3201 1609 obtinuisse
3236 1533 3486 1622 credidit,
3524 1569 3587 1616 ut

1993 1638 2061 1677 ex
2090 1642 2212 1682 mox
2242 1629 2421 1686 allatis
2453 1632 2599 1689 illius
2627 1637 2808 1693 verbis
2845 1641 3296 1703 manifestissime
3336 1662 3573 1708 constat.

1995 1715 2193 1772 Verum
2227 1721 2384 1794 longe
2407 1740 2507 1780 sua
2536 1728 2793 1796 opinione
2823 1730 3030 1788 fallitur
3059 1737 3145 1791 vir
3178 1739 3537 1800 doctissimus
3561 1766 3577 1812 ;

1993 1826 2117 1864 nam
2154 1813 2470 1883 bujusmodi
2522 1824 2996 1893 consuetudinem,
3039 1833 3205 1899 quam
3236 1831 3580 1893 Alexandria

1991 1902 2232 1970 viguisse
2269 1909 2496 1964 tradunt
2517 1910 2859 1982 Epiphanius
2888 1926 2942 1971 et
2973 1918 3336 1989 Sozomenus,
3372 1924 3426 1979 in
3461 1943 3579 1982 ma-

1984 1995 2148 2051 ximis
2213 2008 2425 2055 tantum
2479 2005 2710 2061 urbibus
2774 2019 2906 2064 tunc
2955 2014 3217 2082 temporis
3269 2016 3577 2076 obtinuisse

1981 2085 2174 2142 docent
2209 2088 2507 2164 Dionysius
2536 2095 2812 2164 Petavius,
2849 2113 2902 2156 et
2930 2101 3202 2162 lleuricus
3230 2106 3481 2166 Valesius
3513 2112 3569 2166 in

1979 2179 2172 2236 iisdem
2211 2186 2376 2253 notis,
2407 2203 2546 2258 quas
2585 2193 2689 2246 sibi
2729 2191 2909 2249 facere
2944 2199 3176 2254 credidit
3207 2203 3290 2254 vir
3322 2203 3568 2260 clarissi-

1978 2285 2121 2324 mus.
2183 2269 2272 2338 Et,
2316 2285 2376 2328 ut
2417 2293 2447 2329 a
2476 2275 2704 2334 Petavio
2758 2283 3108 2354 incipiamus,
3161 2289 3250 2344 hic
3291 2307 3447 2346 suam
3501 2297 3570 2348 do.

1976 2364 2080 2418 hac
2111 2379 2168 2419 re
2199 2370 2526 2424 sententiam
2559 2372 2644 2427 bis
2676 2374 2854 2430 verbis
2882 2380 3138 2448 exposuit
3174 2381 3286 2454 (56)
3316 2402 3329 2437 :
3389 2403 3406 2435 ι
3440 2386 3566 2439 Sin-

1972 2457 2218 2526 gularem
2250 2461 2396 2527 ,ait,
2458 2472 2589 2518 tunc
2649 2470 2912 2539 temporis
2970 2473 3311 2530 Alexandria
3355 2494 3563 2534 morem

1899 2587 1902 2592 .
1972 2547 2120 2604 hunc
2154 2549 2346 2614 fuisse,
2383 2553 2468 2608 vel
2501 2556 2694 2611 saltem
2723 2560 2912 2628 paucis
2944 2561 3008 2628 in,
3030 2563 3292 2620 Ecclesiis
3322 2584 3562 2639 usurpa-

1972 2648 2113 2707 tum,
2139 2657 2206 2697 ex
2233 2659 2300 2699 eo
2329 2646 2615 2716 conjicias,
2641 2652 2784 2720 quot!
2814 2661 2924 2706 tam
2955 2670 3216 2724 expresse
3247 2658 3562 2716 istiusmodi

1970 2736 2384 2793 consuetudinis
2423 2748 2686 2810 tauquam
2733 2743 3119 2804 Alexandrina
3149 2749 3412 2808 Ecclesia:
3460 2769 3560 2824 pe-

1968 2825 2212 2894 culiaris,
2242 2831 2491 2886 meminit
2525 2832 2936 2907 (Epiphanius),
2969 2841 3047 2894 uti
3080 2842 3343 2898 nimirum
3371 2846 3558 2914 plures

1967 2917 2022 2972 in
2052 2919 2242 2974 eadem
2280 2921 2416 2976 urbe
2459 2923 2602 2978 tituli
2647 2924 2846 2993 forent,
2888 2931 3091 3000 quibus
3137 2935 3367 3004 singulis
3421 2953 3560 2994 suus

1965 3009 2263 3064 attributus
2319 3019 2466 3066 esset
2497 3016 2802 3082 presbyter,
2845 3021 2940 3089 qui
2986 3023 3388 3080 ecclesiasticas
3431 3026 3560 3081 fun-

1965 3100 2177 3156 ctiones
2223 3101 2338 3157 illic
2378 3104 2578 3160 obiret.
2617 3125 2636 3158 ›
2705 3107 2772 3161 Et
2821 3120 2946 3180 post
2998 3129 3172 3182 pauca
3221 3118 3336 3172 hac
3371 3120 3552 3176 addit:

1891 3227 1934 3284 ο
1972 3211 1992 3244 ι
2021 3191 2140 3249 Non
2166 3195 2356 3250 dubito
2386 3198 2692 3267 majoribus
2720 3202 2986 3260 duntaxat
3018 3207 3074 3261 in
3109 3209 3338 3266 urbibus
3367 3215 3552 3282 plures

1967 3291 2110 3346 inter
2133 3297 2392 3362 pomaria
2422 3298 2608 3354 titulos
2638 3298 2829 3365 fuisse,
2861 3319 2986 3358 cum
3015 3304 3156 3360 intra
3185 3308 3374 3364 eadem
3398 3322 3553 3380 septa

1964 3385 2252 3454 contineri,
2288 3404 2508 3458 unaque
2540 3392 2838 3449 convenire
2871 3410 2978 3449 non
3013 3407 3269 3468 possent;
3303 3401 3550 3473 adeoque

1961 3477 2307 3548 presbyteros
2337 3479 2568 3550 singulis
2600 3481 2859 3541 Ecclesiis
2911 3487 3218 3562 impositos.
3272 3491 3330 3545 ln
3363 3496 3549 3552 mino-

1960 3568 2114 3624 ribus
2165 3580 2344 3625 autem
2377 3587 2443 3627 ac
2472 3573 2654 3630 minus
2699 3575 3079 3647 frequentibus
3117 3583 3333 3654 Oppidis
3381 3603 3548 3643 unam

1958 3658 2225 3716 duntaxat
2277 3660 2580 3717 Ecclesiam
2631 3667 2937 3735 exstitisse,
2992 3670 3046 3723 in
3089 3687 3254 3741 quam
3303 3676 3548 3730 universi

1956 3750 2316 3820 confluerent,
2371 3754 2684 3823 cujusmodi
2721 3758 2885 3830 Cypri
2935 3762 3100 3818 urbes
3131 3776 3311 3821 erant.
3372 3767 3546 3835 Unde,

1955 3845 2101 3913 quod
2131 3844 2480 3903 Alexandria
2526 3862 2801 3920 receptum
2837 3863 2978 3920 erat,
3009 3857 3158 3912 velut
3189 3861 3550 3928 popularibus

1954 3934 2070 3990 suis
2123 3939 2471 4007 peregrinum
2521 3950 2576 3996 et
2614 3943 2938 3998 inusitatum
2993 3947 3274 4001 adnotavit
3305 3949 3543 4019 Epipha-

1952 4026 2096 4080 nius.
2135 4045 2155 4080 ι
2215 4027 2312 4084 His
2343 4041 2656 4087 consonant
2701 4043 2865 4088 etiam
2917 4051 3003 4104 ea,
3040 4055 3162 4108 qua
3205 4041 3370 4108 paulo
3401 4042 3544 4098 infra

1951 4117 2114 4172 habet
2163 4119 2303 4192 (57),
2351 4123 2481 4176 dum
2526 4124 2593 4178 de
2635 4123 3158 4197 chorepiscOporum
3212 4132 3539 4202 antiquitate

1948 4211 2228 4267 disseruit.
2272 4233 2290 4264 ‹
2321 4215 2501 4284 Atque
2539 4217 2676 4284 hac,
2721 4219 2919 4288 inquit,
2949 4219 3242 4290 Epiphanii
3285 4232 3394 4278 tam
3444 4243 3538 4281 ac-

1947 4311 2136 4356 curata
2177 4305 2243 4358 de
2268 4305 2654 4362 Alexandrina
2697 4308 2956 4365 Ecclesia
2995 4313 3246 4382 pluribus
3287 4317 3537 4374 ecclesiis

1946 4394 2275 4462 observatio,
2309 4412 2422 4451 rem
2467 4413 2569 4452 nec
2610 4399 2738 4453 alibi
2782 4401 3010 4471 passim,
3058 4419 3158 4459 nec
3202 4405 3331 4460 olim
3368 4425 3533 4463 usur-

1943 4492 2128 4553 patam
2180 4503 2246 4543 ac
2279 4498 2550 4560 receptam
2602 4491 2780 4547 fuisse
2822 4493 3179 4551 demonstrat.
3220 4517 3238 4549 ι
3288 4497 3399 4555 Nec
3431 4502 3536 4555 mi—

252 4551 448 4596 θοηῑτθ
470 4544 706 4601 Ατίεηοε
739 4547 1009 4616 scribens:
1045 4551 1175 4607 dum
1205 4555 1394 4613 Arium
1428 4577 1617 4619 eorum
1645 4583 1840 4636 paren-
1871 4610 1916 4665 Β
1947 4593 2067 4631 rum
2113 4579 2160 4632 si
2202 4579 2346 4635 hanc
2379 4581 2757 4637 Alexandrina
2773 4583 3031 4642 Ecclesia
3081 4593 3534 4670 consuetudinem

253 4645 366 4670 iam
406 4653 426 4670 ι
464 4651 627 4670 unum
671 4653 736 4670 ην
772 4640 1044 4670 ηνωιιέηιςη
1096 4647 1337 4670 ,νηηιηηεεΔ
1627 4656 1666 4670 π

253 4645 366 4688 tem
406 4653 426 4686 ε
464 4651 628 4691 unam
671 4653 738 4692 ex
772 4640 1046 4707 pradictis
1094 4647 1360 4713 ecclesiis,
1393 4668 1586 4723 nempe
1627 4656 1837 4714 Bauca-

251 4724 486 4790 lensem,
557 4726 865 4782 obtinuisse
919 4733 1161 4788 tradidit.
1219 4757 1237 4788 ι
1301 4742 1512 4797 Etenim
1570 4761 1841 4820 quotquot

248 4815 595 4871 Alexandria
629 4819 916 4874 catholica
950 4832 1358 4885 communionis
1425 4835 1670 4893 scelesia
1710 4851 1839 4897 sunt

249 4907 346 4961 uni
379 4908 795 4980 archiepiscopo
829 4913 1108 4983 subjecta,
1133 4934 1267 4975 suus
1293 4923 1492 4994 cuique
1515 4932 1838 4998 praepositus

250 5008 338 5053 est
365 5016 411 5072 Α
463 5001 773 5072 presbyter,
802 5005 899 5073 qui
924 5005 1289 5066 ecclesiastica
1314 5030 1543 5088 munera
1561 5020 1627 5076 iis
1658 5023 1836 5077 admi-

249 5095 470 5158 nistret,
505 5098 601 5166 qui
651 5099 797 5153 circa
848 5099 1108 5156 ecclesias
1149 5106 1268 5160 illas
1315 5108 1582 5177 habitant,
1610 5130 1834 5170 earum-

313 5206 430 5278 (52)
462 5205 736 5294 lfuinart"
756 5212 893 5269 Acta
921 5224 1211 5294 martyrum
1238 5221 1440 5294 sincera
1466 5235 1515 5276 et
1541 5227 1752 5294 selecta,
1779 5230 1831 5283 in

242 5289 437 5365 saneto
471 5279 789 5365 Hippolyto,
817 5301 941 5357 pag.
974 5279 1098 5354 143,
1127 5302 1256 5345 nota
1293 5293 1327 5348 5
1353 5295 1420 5347 ad
1452 5279 1827 5365 bymnuuiﬂll

242 5347 548 5406 Prudentii.

462 5421 581 5497 Lib.
619 5440 635 5477 ι
669 5423 816 5480 Hist.
841 5428 994 5497 eccl.,
1026 5451 1075 5491 c.
1104 5434 1192 5490 15.

311 5490 424 5574 (54)
457 5495 674 5574 Adsere.
727 5497 914 5574 (neres.
959 5490 1058 5561 lib.
1107 5523 1166 5572 ιι,
1215 5507 1406 5562 bares.
1448 5508 1540 5574 69,
1599 5526 1752 5568 num.
1798 5515 1818 5567 l

238 5570 434 5617 contra
463 5563 854 5624 Ariomauitas.

312 5632 431 5713 (ἕξ)
455 5633 599 5713 _Loc.
622 5639 761 5713 _cit.,g
780 5653 902 5713 pag.
929 5643 1051 5701 798.

307 5703 424 5774 (56)
455 5703 1114 5791 1η.θη-ἰιιξαᾱῦθῇἰρηίὺιις
1147 5720 1214 5774 ad
1241 5720 1440 5776 dictam
1469 5722 1701 5778 haresin
1733 5725 1822 5791 69,
1853 5743 1861 5750 '

233 5791 362 5865 qua
406 5785 626 5858 exstant
678 5784 882 5865 tona!!!
916 5783 1152 5858 Operum
1190 5792 1364 5861 ipsius
1423 5794 1483 5849 S.
1512 5783 1820 5865 Epiphanii,

233 5849 365 5902 edit.
397 5849 579 5904 citata:
609 5866 733 5922 pag.
758 5852 885 5910 9.76.

1943 4679 2055 4722 tam
2104 4683 2361 4726 accurate
2403 4676 2615 4729 notavit
2659 4675 3032 4746 Epiphanius;
3083 4697 3210 4736 nam
3254 4685 3309 4737 in
3354 4685 3532 4742 insula

1941 4760 2140 4830 Cypro,
2175 4761 2229 4813 in
2261 4778 2366 4830 qua
2410 4768 2525 4833 ipse
2554 4767 2930 4837 cpisc0patum
2963 4769 3222 4836 obtinuit,
3254 4772 3527 4830 interdum

1939 4850 2103 4902 etiam
2148 4851 2280 4914 vici,
2332 4862 2394 4906 ut
2434 4864 2619 4909 narrat
2660 4855 3001 4916 Sozomenus
3053 4863 3187 4933 (58),
3237 4881 3530 4923 consecra-

1938 4948 2025 4993 tos
2076 4957 2194 4996 avo
2231 4959 2333 4996 suo
2372 4945 2685 5002 habuerunt
2727 4953 3037 5022 episcopos.
3087 4954 3194 5010 Nec
3238 4973 3266 5010 a
3303 4957 3526 5015 Petavio

1935 5032 2020 5085 vel
2079 5033 2364 5088 minimum
2411 5035 2666 5093 dissentit
2705 5039 2956 5099 Valesius
2992 5046 3126 5116 (59).
3181 5045 3294 5102 lmo
3328 5049 3522 5118 hujus-

1935 5124 2083 5179 modi
2125 5141 2332 5181 morem
2371 5129 2509 5184 adeo
2552 5132 2940 5192 Alexandrina
2966 5138 3224 5193 Ecclesia:
3273 5142 3523 5208 pceulia~

2007 5233 2127 5309 (57)
2171 5235 2316 5309 Idem
2347 5235 2600 5295 Petavius
2640 5242 2693 5297 in
2729 5247 2916 5302 eadem
2950 5248 3421 5306 animadversione
3450 5256 3518 5309 ad

1934 5300 2177 5378 haresing
2203 5307 2294 5369 69,
2341 5325 2463 5378 pag.
2499 5311 2624 5367 281.

2158 5376 2278 5456 _Lib.
2312 5376 2385 5456 vi.
2417 5376 2559 5456 Hist.
2591 5384 2755 5438 eccles
2788 5422 2802 5446 .
2836 5402 2953 5456 cap.
2985 5387 3109 5441 507.

2003 5445 2212 5523 (59)_ln
2257 5451 2417 5523 notis
2434 5453 2498 5504 ad
2535 5465 2697 5523 caput
2729 5456 2815 5517 l5,
2854 5445 2944 5510 lib.
2978 5477 2990 5510 ι
3029 5457 3170 5513 Hist.
3202 5465 3384 5519 cccles.
3415 5466 3517 5523 So-

1931 5518 2164 5584 zouteni,
2199 5534 2319 5587 pag.
2346 5521 2440 5597 .53,
2489 5524 2578 5576 ubi
2602 5518 2742 5593 'post
2777 5528 3018 5592 recitata,
3055 5547 3178 5597 qua:
3219 5534 3273 5588 in
3307 5537 3514 5594 disser-

1928 5588 2134 5668 talione
2183 5592 2476 5668 descrip_ta_
2510 5588 2639 5647 sunt
2680 5597 2864 5668 verba,
2918 5607 2977 5650 ut
3007 5588 3281 5668 probaret
3322 5588 3512 5664 contra

1929 5655 2214 5739 Petaviuqt
2259 5677 2323 5714 ex
2366 5655 2431 5714 'S.
2459 5661 2764 5739 Innocentii
2810 5655 2962 5736 papa
3007 5655 3234 5739 epistula
3290 5678 3514 5735 minime

1928 5726 2144 5794 deduci,
2175 5727 2366 5814 Bonna.
2387 5747 2486 5800 per
2519 5735 2705 5788 titulos
2733 5726 2912 5814 fuisse
2949 5726 3508 5814 pre'sbyteros—‘distri:

1928 5797 2110 5862 butos,
2135 5801 2235 5884 qui
2263 5797 2473 5882 plebem
2493 5807 2802 5884 separatim
2839 5797 3504 5884 regerentfbiecsubjun-

1930 5868 2006 5937 git
2038 5886 2090 5921 :c
2121 5869 2200 5924 Ad
2237 5868 2394 5941 c'ujus
2430 5873 2507 5927 rei
2547 5868 2927 5943 probationem
2959 5868 3177 5940 adddci:
3209 5868 3505 5956 (Petavius)
