  <div class='ocr_page' id='page_1' title='image "/cluster/home/n/w/nwhite01/storage/ocr_20150623/10/coo.31924054872894/223.png"; bbox 0 0 4074 6398; ppageno 0'>
   <div class='ocr_carea' id='block_1_1' title="bbox 1617 121 1677 199">
    <p class='ocr_par' dir='ltr' id='par_1_1' title="bbox 1617 121 1677 199">
     <span class='ocr_line' id='line_1_1' title="bbox 1617 121 1677 199; baseline 0 0"><span class='ocrx_word' id='word_1_1' title='bbox 1617 121 1677 199; x_wconf 62' lang='grc' dir='ltr'><strong>ο.</strong></span> 
     </span>
    </p>
   </div>
   <div class='ocr_carea' id='block_1_2' title="bbox 474 351 3765 439">
    <p class='ocr_par' dir='ltr' id='par_1_2' title="bbox 474 351 3765 439">
     <span class='ocr_line' id='line_1_2' title="bbox 474 351 3765 439; baseline -0.002 -10"><span class='ocrx_word' id='word_1_2' title='bbox 474 379 585 439; x_wconf 64' lang='lat'><strong>423</strong></span> <span class='ocrx_word' id='word_1_3' title='bbox 1270 364 1358 428; x_wconf 74' lang='lat' dir='ltr'><strong>nr:</strong></span> <span class='ocrx_word' id='word_1_4' title='bbox 1391 364 1789 430; x_wconf 79' lang='lat' dir='ltr'><strong>PORTUENSI</strong></span> <span class='ocrx_word' id='word_1_5' title='bbox 1849 368 1906 424; x_wconf 88' lang='lat' dir='ltr'><strong>s.</strong></span> <span class='ocrx_word' id='word_1_6' title='bbox 1961 352 2326 424; x_wconf 76' lang='lat' dir='ltr'><strong>Hirpomt</strong></span> <span class='ocrx_word' id='word_1_7' title='bbox 2365 365 2561 423; x_wconf 68' lang='lat' dir='ltr'><strong>sane.</strong></span> <span class='ocrx_word' id='word_1_8' title='bbox 2595 398 2665 409; x_wconf 90' lang='grc'><strong><em>-</em></strong></span> <span class='ocrx_word' id='word_1_9' title='bbox 2694 367 2877 423; x_wconf 63' lang='lat' dir='ltr'><strong>rans</strong></span> <span class='ocrx_word' id='word_1_10' title='bbox 2908 368 2951 424; x_wconf 91' lang='grc' dir='ltr'>ι.</span> <span class='ocrx_word' id='word_1_11' title='bbox 3655 351 3765 424; x_wconf 63' lang='lat' dir='ltr'><strong>tsi</strong></span> 
     </span>
    </p>
   </div>
   <div class='ocr_carea' id='block_1_3' title="bbox 477 452 3761 570">
    <p class='ocr_par' dir='ltr' id='par_1_3' title="bbox 477 452 3761 570">
     <span class='ocr_line' id='line_1_3' title="bbox 477 452 3761 570; baseline -0.004 -13"><span class='ocrx_word' id='word_1_12' title='bbox 477 516 603 557; x_wconf 89' lang='lat' dir='ltr'><strong>mus</strong></span> <span class='ocrx_word' id='word_1_13' title='bbox 630 498 872 555; x_wconf 81' lang='lat' dir='ltr'><strong>Joannes</strong></span> <span class='ocrx_word' id='word_1_14' title='bbox 903 492 1253 553; x_wconf 78' lang='lat' dir='ltr'><strong>Mabillonius</strong></span> <span class='ocrx_word' id='word_1_15' title='bbox 1288 495 1425 567; x_wconf 70' lang='lat'><strong>(82),</strong></span> <span class='ocrx_word' id='word_1_16' title='bbox 1460 495 1671 566; x_wconf 88' lang='lat' dir='ltr'><strong>optimo</strong></span> <span class='ocrx_word' id='word_1_17' title='bbox 1701 492 1759 548; x_wconf 85' lang='lat' dir='ltr'><strong>S.</strong></span> <span class='ocrx_word' id='word_1_18' title='bbox 1785 492 2059 548; x_wconf 90' lang='lat' dir='ltr'><strong>lnnocen-</strong></span> <span class='ocrx_word' id='word_1_19' title='bbox 2098 499 2144 554; x_wconf 76' lang='grc' dir='ltr'><strong>Α</strong></span> <span class='ocrx_word' id='word_1_20' title='bbox 2173 502 2285 559; x_wconf 90' lang='lat' dir='ltr'><strong>tur,</strong></span> <span class='ocrx_word' id='word_1_21' title='bbox 2330 492 2514 548; x_wconf 89' lang='lat' dir='ltr'><strong>nullus</strong></span> <span class='ocrx_word' id='word_1_22' title='bbox 2543 452 2828 570; x_wconf 37' lang='lat' dir='ltr'><strong>dubitoand&#39;i</strong></span> <span class='ocrx_word' id='word_1_23' title='bbox 2858 492 3015 548; x_wconf 91' lang='lat' dir='ltr'><strong>locus</strong></span> <span class='ocrx_word' id='word_1_24' title='bbox 3063 489 3357 561; x_wconf 86' lang='lat' dir='ltr'><strong>supererit,</strong></span> <span class='ocrx_word' id='word_1_25' title='bbox 3401 488 3536 560; x_wconf 84' lang='lat' dir='ltr'><strong>quin</strong></span> <span class='ocrx_word' id='word_1_26' title='bbox 3564 487 3761 545; x_wconf 91' lang='lat' dir='ltr'><strong>iisdem</strong></span> 
     </span>
    </p>
   </div>
   <div class='ocr_carea' id='block_1_4' title="bbox 478 588 2071 658">
    <p class='ocr_par' dir='ltr' id='par_1_4' title="bbox 478 588 2071 658">
     <span class='ocr_line' id='line_1_4' title="bbox 478 588 2071 658; baseline -0.006 -9"><span class='ocrx_word' id='word_1_27' title='bbox 478 593 541 649; x_wconf 90' lang='lat' dir='ltr'><strong>tii</strong></span> <span class='ocrx_word' id='word_1_28' title='bbox 565 591 588 646; x_wconf 91' lang='lat' dir='ltr'><strong>l</strong></span> <span class='ocrx_word' id='word_1_29' title='bbox 616 591 932 649; x_wconf 89' lang='lat' dir='ltr'><strong>testimonio</strong></span> <span class='ocrx_word' id='word_1_30' title='bbox 974 588 1230 646; x_wconf 84' lang='lat' dir='ltr'><strong>sulIultus</strong></span> <span class='ocrx_word' id='word_1_31' title='bbox 1259 629 1274 654; x_wconf 93' lang='lat'><strong>,</strong></span> <span class='ocrx_word' id='word_1_32' title='bbox 1324 588 1421 658; x_wconf 89' lang='lat' dir='ltr'><strong>qui</strong></span> <span class='ocrx_word' id='word_1_33' title='bbox 1463 588 1904 643; x_wconf 68' lang='lat' dir='ltr'><strong>cremeteriorum</strong></span> <span class='ocrx_word' id='word_1_34' title='bbox 1945 601 2071 656; x_wconf 89' lang='lat' dir='ltr'><strong>pre-</strong></span> 
     </span>
    </p>
   </div>
   <div class='ocr_carea' id='block_1_5' title="bbox 479 679 2071 758">
    <p class='ocr_par' dir='ltr' id='par_1_5' title="bbox 479 679 2071 758">
     <span class='ocr_line' id='line_1_5' title="bbox 479 679 2071 758; baseline -0.006 -16"><span class='ocrx_word' id='word_1_35' title='bbox 479 685 728 758; x_wconf 88' lang='lat' dir='ltr'><strong>sbyteros</strong></span> <span class='ocrx_word' id='word_1_36' title='bbox 757 701 788 740; x_wconf 90' lang='lat' dir='ltr'><strong>a</strong></span> <span class='ocrx_word' id='word_1_37' title='bbox 816 683 1130 739; x_wconf 89' lang='lat' dir='ltr'><strong>titularihus</strong></span> <span class='ocrx_word' id='word_1_38' title='bbox 1163 697 1261 737; x_wconf 91' lang='lat' dir='ltr'><strong>seu</strong></span> <span class='ocrx_word' id='word_1_39' title='bbox 1310 681 1521 736; x_wconf 88' lang='lat' dir='ltr'><strong>urbicis</strong></span> <span class='ocrx_word' id='word_1_40' title='bbox 1550 681 1777 736; x_wconf 88' lang='lat' dir='ltr'><strong>omnino</strong></span> <span class='ocrx_word' id='word_1_41' title='bbox 1821 679 2071 734; x_wconf 87' lang='lat' dir='ltr'><strong>diversos</strong></span> 
     </span>
    </p>
   </div>
   <div class='ocr_carea' id='block_1_6' title="bbox 478 772 2072 848">
    <p class='ocr_par' dir='ltr' id='par_1_6' title="bbox 478 772 2072 848">
     <span class='ocr_line' id='line_1_6' title="bbox 478 772 2072 848; baseline -0.006 -13"><span class='ocrx_word' id='word_1_42' title='bbox 478 787 718 835; x_wconf 77' lang='lat' dir='ltr'><strong>testatur</strong></span> <span class='ocrx_word' id='word_1_43' title='bbox 744 778 798 832; x_wconf 91' lang='lat' dir='ltr'><strong>in</strong></span> <span class='ocrx_word' id='word_1_44' title='bbox 835 776 1067 848; x_wconf 87' lang='lat' dir='ltr'><strong>epistola</strong></span> <span class='ocrx_word' id='word_1_45' title='bbox 1112 776 1180 831; x_wconf 90' lang='lat' dir='ltr'><strong>ad</strong></span> <span class='ocrx_word' id='word_1_46' title='bbox 1212 774 1552 829; x_wconf 78' lang='lat' dir='ltr'><strong>Decentium.</strong></span> <span class='ocrx_word' id='word_1_47' title='bbox 1590 772 1907 829; x_wconf 85' lang='lat' dir='ltr'><strong>Mabillonio</strong></span> <span class='ocrx_word' id='word_1_48' title='bbox 1940 773 2072 826; x_wconf 83' lang='lat' dir='ltr'><strong>sub-</strong></span> 
     </span>
    </p>
   </div>
   <div class='ocr_carea' id='block_1_7' title="bbox 481 866 2069 938">
    <p class='ocr_par' dir='ltr' id='par_1_7' title="bbox 481 866 2069 938">
     <span class='ocr_line' id='line_1_7' title="bbox 481 866 2069 938; baseline -0.005 -11"><span class='ocrx_word' id='word_1_49' title='bbox 481 872 675 928; x_wconf 78' lang='lat' dir='ltr'><strong>scribit</strong></span> <span class='ocrx_word' id='word_1_50' title='bbox 714 869 1122 925; x_wconf 89' lang='lat' dir='ltr'><strong>eruditissimus</strong></span> <span class='ocrx_word' id='word_1_51' title='bbox 1164 867 1353 938; x_wconf 89' lang='lat' dir='ltr'><strong>Lupus</strong></span> <span class='ocrx_word' id='word_1_52' title='bbox 1403 866 1555 938; x_wconf 72' lang='lat'><strong>(82&gt;),</strong></span> <span class='ocrx_word' id='word_1_53' title='bbox 1606 867 1702 936; x_wconf 88' lang='lat' dir='ltr'><strong>qui</strong></span> <span class='ocrx_word' id='word_1_54' title='bbox 1750 866 2069 936; x_wconf 89' lang='lat' dir='ltr'><strong>hujnsmodi</strong></span> 
     </span>
    </p>
   </div>
   <div class='ocr_carea' id='block_1_8' title="bbox 480 958 2072 1032">
    <p class='ocr_par' dir='ltr' id='par_1_8' title="bbox 480 958 2072 1032">
     <span class='ocr_line' id='line_1_8' title="bbox 480 958 2072 1032; baseline -0.004 -14"><span class='ocrx_word' id='word_1_55' title='bbox 480 962 741 1019; x_wconf 83' lang='lat' dir='ltr'><strong>ecclesias</strong></span> <span class='ocrx_word' id='word_1_56' title='bbox 773 963 829 1016; x_wconf 92' lang='lat' dir='ltr'><strong>in</strong></span> <span class='ocrx_word' id='word_1_57' title='bbox 868 960 1176 1032; x_wconf 79' lang='lat' dir='ltr'><strong>majoribus</strong></span> <span class='ocrx_word' id='word_1_58' title='bbox 1220 960 1385 1014; x_wconf 91' lang='lat' dir='ltr'><strong>etiam</strong></span> <span class='ocrx_word' id='word_1_59' title='bbox 1425 958 1747 1014; x_wconf 78' lang='lat' dir='ltr'><strong>civitatibus</strong></span> <span class='ocrx_word' id='word_1_60' title='bbox 1792 973 1902 1012; x_wconf 85' lang='lat' dir='ltr'><strong>non</strong></span> <span class='ocrx_word' id='word_1_61' title='bbox 1945 972 2072 1027; x_wconf 90' lang='lat' dir='ltr'><strong>prc-</strong></span> 
     </span>
    </p>
   </div>
   <div class='ocr_carea' id='block_1_9' title="bbox 480 1051 2069 1129">
    <p class='ocr_par' dir='ltr' id='par_1_9' title="bbox 480 1051 2069 1129">
     <span class='ocr_line' id='line_1_9' title="bbox 480 1051 2069 1129; baseline -0.004 -17"><span class='ocrx_word' id='word_1_62' title='bbox 480 1056 822 1129; x_wconf 86' lang='lat' dir='ltr'><strong>sbyterorum</strong></span> <span class='ocrx_word' id='word_1_63' title='bbox 848 1070 970 1124; x_wconf 91' lang='lat' dir='ltr'><strong>ope,</strong></span> <span class='ocrx_word' id='word_1_64' title='bbox 992 1053 1087 1109; x_wconf 88' lang='lat' dir='ltr'><strong>sed</strong></span> <span class='ocrx_word' id='word_1_65' title='bbox 1120 1053 1290 1109; x_wconf 85' lang='lat' dir='ltr'><strong>solius</strong></span> <span class='ocrx_word' id='word_1_66' title='bbox 1313 1052 1552 1123; x_wconf 81' lang='lat' dir='ltr'><strong>episcopi</strong></span> <span class='ocrx_word' id='word_1_67' title='bbox 1588 1067 1719 1106; x_wconf 91' lang='lat' dir='ltr'><strong>cura</strong></span> <span class='ocrx_word' id='word_1_68' title='bbox 1757 1051 2069 1106; x_wconf 83' lang='lat' dir='ltr'><strong>moderatas</strong></span> 
     </span>
    </p>
   </div>
   <div class='ocr_carea' id='block_1_10' title="bbox 478 1143 2070 1217">
    <p class='ocr_par' dir='ltr' id='par_1_10' title="bbox 478 1143 2070 1217">
     <span class='ocr_line' id='line_1_10' title="bbox 478 1143 2070 1217; baseline -0.005 -11"><span class='ocrx_word' id='word_1_69' title='bbox 478 1158 732 1207; x_wconf 84' lang='lat' dir='ltr'><strong>testatur.</strong></span> <span class='ocrx_word' id='word_1_70' title='bbox 772 1168 790 1203; x_wconf 76' lang='grc' dir='ltr'><strong>ι</strong></span> <span class='ocrx_word' id='word_1_71' title='bbox 820 1147 1016 1203; x_wconf 84' lang='lat' dir='ltr'><strong>Plures</strong></span> <span class='ocrx_word' id='word_1_72' title='bbox 1059 1146 1254 1215; x_wconf 82' lang='lat' dir='ltr'><strong>fuisse,</strong></span> <span class='ocrx_word' id='word_1_73' title='bbox 1293 1146 1491 1217; x_wconf 88' lang='lat' dir='ltr'><strong>inquit,</strong></span> <span class='ocrx_word' id='word_1_74' title='bbox 1526 1145 1787 1201; x_wconf 85' lang='lat' dir='ltr'><strong>ecclesias</strong></span> <span class='ocrx_word' id='word_1_75' title='bbox 1815 1144 1979 1199; x_wconf 87' lang='lat' dir='ltr'><strong>etiam</strong></span> <span class='ocrx_word' id='word_1_76' title='bbox 2015 1143 2070 1199; x_wconf 91' lang='lat' dir='ltr'><strong>iu</strong></span> 
     </span>
    </p>
   </div>
   <div class='ocr_carea' id='block_1_11' title="bbox 481 1237 2068 1312">
    <p class='ocr_par' dir='ltr' id='par_1_11' title="bbox 481 1237 2068 1312">
     <span class='ocr_line' id='line_1_11' title="bbox 481 1237 2068 1312; baseline -0.004 -16"><span class='ocrx_word' id='word_1_77' title='bbox 481 1242 606 1297; x_wconf 88' lang='lat' dir='ltr'><strong>aliis</strong></span> <span class='ocrx_word' id='word_1_78' title='bbox 658 1240 963 1312; x_wconf 88' lang='lat' dir='ltr'><strong>majoribus</strong></span> <span class='ocrx_word' id='word_1_79' title='bbox 1004 1239 1343 1303; x_wconf 86' lang='lat' dir='ltr'><strong>civitatibus.</strong></span> <span class='ocrx_word' id='word_1_80' title='bbox 1387 1254 1496 1293; x_wconf 93' lang='lat' dir='ltr'><strong>non</strong></span> <span class='ocrx_word' id='word_1_81' title='bbox 1548 1246 1634 1293; x_wconf 88' lang='lat' dir='ltr'><strong>est</strong></span> <span class='ocrx_word' id='word_1_82' title='bbox 1680 1237 2068 1293; x_wconf 85' lang='lat' dir='ltr'><strong>dubitandum.</strong></span> 
     </span>
    </p>
   </div>
   <div class='ocr_carea' id='block_1_12' title="bbox 485 1329 2071 1402">
    <p class='ocr_par' dir='ltr' id='par_1_12' title="bbox 485 1329 2071 1402">
     <span class='ocr_line' id='line_1_12' title="bbox 485 1329 2071 1402; baseline 0.001 -19"><span class='ocrx_word' id='word_1_83' title='bbox 485 1331 688 1387; x_wconf 82' lang='lat' dir='ltr'><strong>Verum</strong></span> <span class='ocrx_word' id='word_1_84' title='bbox 722 1332 777 1387; x_wconf 92' lang='lat' dir='ltr'><strong>in</strong></span> <span class='ocrx_word' id='word_1_85' title='bbox 811 1332 946 1401; x_wconf 88' lang='lat' dir='ltr'><strong>ipsis</strong></span> <span class='ocrx_word' id='word_1_86' title='bbox 973 1347 1081 1386; x_wconf 89' lang='lat' dir='ltr'><strong>non</strong></span> <span class='ocrx_word' id='word_1_87' title='bbox 1107 1330 1436 1402; x_wconf 87' lang='lat' dir='ltr'><strong>presbyteri,</strong></span> <span class='ocrx_word' id='word_1_88' title='bbox 1467 1329 1562 1384; x_wconf 90' lang='lat' dir='ltr'><strong>sed</strong></span> <span class='ocrx_word' id='word_1_89' title='bbox 1590 1344 1684 1399; x_wconf 87' lang='lat' dir='ltr'><strong>per</strong></span> <span class='ocrx_word' id='word_1_90' title='bbox 1729 1330 1913 1386; x_wconf 84' lang='lat' dir='ltr'><strong>varios</strong></span> <span class='ocrx_word' id='word_1_91' title='bbox 1943 1344 2071 1384; x_wconf 88' lang='lat' dir='ltr'><strong>suc-</strong></span> 
     </span>
    </p>
   </div>
   <div class='ocr_carea' id='block_1_13' title="bbox 480 1421 2071 1491">
    <p class='ocr_par' dir='ltr' id='par_1_13' title="bbox 480 1421 2071 1491">
     <span class='ocr_line' id='line_1_13' title="bbox 480 1421 2071 1491; baseline -0.004 -10"><span class='ocrx_word' id='word_1_92' title='bbox 480 1425 688 1481; x_wconf 86' lang='lat' dir='ltr'><strong>cessive</strong></span> <span class='ocrx_word' id='word_1_93' title='bbox 717 1425 834 1480; x_wconf 85' lang='lat' dir='ltr'><strong>dies</strong></span> <span class='ocrx_word' id='word_1_94' title='bbox 868 1425 1083 1479; x_wconf 90' lang='lat' dir='ltr'><strong>videtur</strong></span> <span class='ocrx_word' id='word_1_95' title='bbox 1123 1423 1275 1479; x_wconf 89' lang='lat' dir='ltr'><strong>solus</strong></span> <span class='ocrx_word' id='word_1_96' title='bbox 1300 1421 1429 1475; x_wconf 91' lang='lat' dir='ltr'><strong>olim</strong></span> <span class='ocrx_word' id='word_1_97' title='bbox 1468 1421 1780 1491; x_wconf 86' lang='lat' dir='ltr'><strong>episcopus,</strong></span> <span class='ocrx_word' id='word_1_98' title='bbox 1806 1429 1903 1475; x_wconf 89' lang='lat' dir='ltr'><strong>aut</strong></span> <span class='ocrx_word' id='word_1_99' title='bbox 1933 1435 2071 1475; x_wconf 88' lang='lat' dir='ltr'><strong>non-</strong></span> 
     </span>
    </p>
   </div>
   <div class='ocr_carea' id='block_1_14' title="bbox 479 1512 2063 1588">
    <p class='ocr_par' dir='ltr' id='par_1_14' title="bbox 479 1512 2063 1588">
     <span class='ocr_line' id='line_1_14' title="bbox 479 1512 2063 1588; baseline -0.004 -16"><span class='ocrx_word' id='word_1_100' title='bbox 479 1518 587 1573; x_wconf 85' lang='lat' dir='ltr'><strong>nisi</strong></span> <span class='ocrx_word' id='word_1_101' title='bbox 614 1518 736 1588; x_wconf 92' lang='lat' dir='ltr'><strong>ipso</strong></span> <span class='ocrx_word' id='word_1_102' title='bbox 766 1525 1042 1588; x_wconf 62' lang='lat' dir='ltr'><strong>praesente</strong></span> <span class='ocrx_word' id='word_1_103' title='bbox 1073 1531 1142 1571; x_wconf 82' lang='lat' dir='ltr'><strong>ac</strong></span> <span class='ocrx_word' id='word_1_104' title='bbox 1172 1514 1399 1585; x_wconf 90' lang='lat' dir='ltr'><strong>jubente</strong></span> <span class='ocrx_word' id='word_1_105' title='bbox 1422 1514 1707 1585; x_wconf 73' lang='lat' dir='ltr'><strong>presbyter</strong></span> <span class='ocrx_word' id='word_1_106' title='bbox 1727 1512 2001 1567; x_wconf 86' lang='lat' dir='ltr'><strong>docuisse.</strong></span> <span class='ocrx_word' id='word_1_107' title='bbox 2044 1530 2063 1563; x_wconf 80' lang='grc' dir='ltr'><strong>ι</strong></span> 
     </span>
    </p>
   </div>
   <div class='ocr_carea' id='block_1_15' title="bbox 487 1606 2070 1679">
    <p class='ocr_par' dir='ltr' id='par_1_15' title="bbox 487 1606 2070 1679">
     <span class='ocr_line' id='line_1_15' title="bbox 487 1606 2070 1679; baseline -0.003 -15"><span class='ocrx_word' id='word_1_108' title='bbox 487 1607 714 1664; x_wconf 83' lang='lat' dir='ltr'><strong>Videtur</strong></span> <span class='ocrx_word' id='word_1_109' title='bbox 739 1609 893 1665; x_wconf 89' lang='lat' dir='ltr'><strong>solus</strong></span> <span class='ocrx_word' id='word_1_110' title='bbox 920 1610 1213 1679; x_wconf 86' lang='lat' dir='ltr'><strong>episcopus</strong></span> <span class='ocrx_word' id='word_1_111' title='bbox 1243 1607 1458 1663; x_wconf 90' lang='lat' dir='ltr'><strong>cunctis</strong></span> <span class='ocrx_word' id='word_1_112' title='bbox 1481 1607 1603 1662; x_wconf 80' lang='lat' dir='ltr'><strong>istis</strong></span> <span class='ocrx_word' id='word_1_113' title='bbox 1635 1606 1885 1662; x_wconf 91' lang='lat' dir='ltr'><strong>ecclesiis</strong></span> <span class='ocrx_word' id='word_1_114' title='bbox 1916 1607 2070 1661; x_wconf 89' lang='lat' dir='ltr'><strong>solus</strong></span> 
     </span>
    </p>
   </div>
   <div class='ocr_carea' id='block_1_16' title="bbox 480 1699 2067 1773">
    <p class='ocr_par' dir='ltr' id='par_1_16' title="bbox 480 1699 2067 1773">
     <span class='ocr_line' id='line_1_16' title="bbox 480 1699 2067 1773; baseline -0.002 -17"><span class='ocrx_word' id='word_1_115' title='bbox 480 1700 794 1759; x_wconf 84' lang='lat' dir='ltr'><strong>immediate</strong></span> <span class='ocrx_word' id='word_1_116' title='bbox 824 1700 1169 1773; x_wconf 79' lang='lat' dir='ltr'><strong>praesedisse.</strong></span> <span class='ocrx_word' id='word_1_117' title='bbox 1203 1699 1301 1755; x_wconf 85' lang='lat' dir='ltr'><strong>llis</strong></span> <span class='ocrx_word' id='word_1_118' title='bbox 1324 1699 1488 1771; x_wconf 79' lang='lat' dir='ltr'><strong>igitur</strong></span> <span class='ocrx_word' id='word_1_119' title='bbox 1512 1700 1731 1769; x_wconf 87' lang='lat' dir='ltr'><strong>positis,</strong></span> <span class='ocrx_word' id='word_1_120' title='bbox 1762 1699 2067 1756; x_wconf 87' lang='lat' dir='ltr'><strong>doctissimi</strong></span> 
     </span>
    </p>
   </div>
   <div class='ocr_carea' id='block_1_17' title="bbox 480 1792 2066 1865">
    <p class='ocr_par' dir='ltr' id='par_1_17' title="bbox 480 1792 2066 1865">
     <span class='ocr_line' id='line_1_17' title="bbox 480 1792 2066 1865; baseline -0.003 -15"><span class='ocrx_word' id='word_1_121' title='bbox 480 1795 756 1852; x_wconf 76' lang='lat' dir='ltr'><strong>Ruinartii</strong></span> <span class='ocrx_word' id='word_1_122' title='bbox 813 1795 1187 1865; x_wconf 81' lang='lat' dir='ltr'><strong>conjecturam</strong></span> <span class='ocrx_word' id='word_1_123' title='bbox 1237 1794 1456 1864; x_wconf 87' lang='lat' dir='ltr'><strong>penitus</strong></span> <span class='ocrx_word' id='word_1_124' title='bbox 1491 1792 1786 1848; x_wconf 86' lang='lat' dir='ltr'><strong>evanuisse</strong></span> <span class='ocrx_word' id='word_1_125' title='bbox 1834 1793 2066 1848; x_wconf 80' lang='lat' dir='ltr'><strong>conlidi-</strong></span> 
     </span>
    </p>
   </div>
   <div class='ocr_carea' id='block_1_18' title="bbox 481 1883 2066 1957">
    <p class='ocr_par' dir='ltr' id='par_1_18' title="bbox 481 1883 2066 1957">
     <span class='ocr_line' id='line_1_18' title="bbox 481 1883 2066 1957; baseline -0.004 -11"><span class='ocrx_word' id='word_1_126' title='bbox 481 1906 646 1957; x_wconf 87' lang='lat' dir='ltr'><strong>mus;</strong></span> <span class='ocrx_word' id='word_1_127' title='bbox 681 1905 807 1946; x_wconf 91' lang='lat' dir='ltr'><strong>cum</strong></span> <span class='ocrx_word' id='word_1_128' title='bbox 856 1889 1003 1943; x_wconf 82' lang='lat' dir='ltr'><strong>enim</strong></span> <span class='ocrx_word' id='word_1_129' title='bbox 1037 1887 1313 1942; x_wconf 78' lang='lat' dir='ltr'><strong>maximas</strong></span> <span class='ocrx_word' id='word_1_130' title='bbox 1345 1894 1555 1939; x_wconf 89' lang='lat' dir='ltr'><strong>tantum</strong></span> <span class='ocrx_word' id='word_1_131' title='bbox 1594 1884 1760 1940; x_wconf 88' lang='lat' dir='ltr'><strong>urbes</strong></span> <span class='ocrx_word' id='word_1_132' title='bbox 1794 1884 1851 1938; x_wconf 92' lang='lat' dir='ltr'><strong>in</strong></span> <span class='ocrx_word' id='word_1_133' title='bbox 1880 1883 2066 1954; x_wconf 86' lang='lat' dir='ltr'><strong>plures</strong></span> 
     </span>
    </p>
   </div>
   <div class='ocr_carea' id='block_1_19' title="bbox 484 1975 2067 2055">
    <p class='ocr_par' dir='ltr' id='par_1_19' title="bbox 484 1975 2067 2055">
     <span class='ocr_line' id='line_1_19' title="bbox 484 1975 2067 2055; baseline -0.003 -18"><span class='ocrx_word' id='word_1_134' title='bbox 484 1982 676 2039; x_wconf 88' lang='lat' dir='ltr'><strong>titulos</strong></span> <span class='ocrx_word' id='word_1_135' title='bbox 733 1981 1179 2055; x_wconf 76' lang='lat' dir='ltr'><strong>presbyterorum</strong></span> <span class='ocrx_word' id='word_1_136' title='bbox 1248 1993 1395 2033; x_wconf 74' lang='lat' dir='ltr'><strong>cura:</strong></span> <span class='ocrx_word' id='word_1_137' title='bbox 1472 1978 1800 2033; x_wconf 89' lang='lat' dir='ltr'><strong>commissos</strong></span> <span class='ocrx_word' id='word_1_138' title='bbox 1863 1975 2067 2032; x_wconf 91' lang='lat' dir='ltr'><strong>divisas</strong></span> 
     </span>
    </p>
   </div>
   <div class='ocr_carea' id='block_1_20' title="bbox 481 2068 2064 2139">
    <p class='ocr_par' dir='ltr' id='par_1_20' title="bbox 481 2068 2064 2139">
     <span class='ocr_line' id='line_1_20' title="bbox 481 2068 2064 2139; baseline -0.005 -9"><span class='ocrx_word' id='word_1_139' title='bbox 481 2074 655 2131; x_wconf 80' lang='lat' dir='ltr'><strong>fuisse</strong></span> <span class='ocrx_word' id='word_1_140' title='bbox 683 2081 918 2139; x_wconf 89' lang='lat' dir='ltr'><strong>constet,</strong></span> <span class='ocrx_word' id='word_1_141' title='bbox 948 2072 1191 2127; x_wconf 89' lang='lat' dir='ltr'><strong>minores</strong></span> <span class='ocrx_word' id='word_1_142' title='bbox 1240 2085 1374 2125; x_wconf 88' lang='lat' dir='ltr'><strong>vero</strong></span> <span class='ocrx_word' id='word_1_143' title='bbox 1410 2084 1575 2123; x_wconf 87' lang='lat' dir='ltr'><strong>unam</strong></span> <span class='ocrx_word' id='word_1_144' title='bbox 1620 2078 1831 2123; x_wconf 80' lang='lat' dir='ltr'><strong>tantum</strong></span> <span class='ocrx_word' id='word_1_145' title='bbox 1873 2068 2064 2123; x_wconf 87' lang='lat' dir='ltr'><strong>titula-</strong></span> 
     </span>
    </p>
   </div>
   <div class='ocr_carea' id='block_1_21' title="bbox 481 2161 2066 2234">
    <p class='ocr_par' dir='ltr' id='par_1_21' title="bbox 481 2161 2066 2234">
     <span class='ocr_line' id='line_1_21' title="bbox 481 2161 2066 2234; baseline -0.001 -13"><span class='ocrx_word' id='word_1_146' title='bbox 481 2180 621 2234; x_wconf 87' lang='lat' dir='ltr'><strong>rem,</strong></span> <span class='ocrx_word' id='word_1_147' title='bbox 657 2173 719 2220; x_wconf 90' lang='lat' dir='ltr'><strong>ut</strong></span> <span class='ocrx_word' id='word_1_148' title='bbox 767 2164 842 2219; x_wconf 89' lang='lat' dir='ltr'><strong>ita</strong></span> <span class='ocrx_word' id='word_1_149' title='bbox 889 2164 1159 2229; x_wconf 88' lang='lat' dir='ltr'><strong>dicamus,</strong></span> <span class='ocrx_word' id='word_1_150' title='bbox 1210 2162 1501 2218; x_wconf 86' lang='lat' dir='ltr'><strong>ecclesiam</strong></span> <span class='ocrx_word' id='word_1_151' title='bbox 1558 2161 1752 2232; x_wconf 89' lang='lat' dir='ltr'><strong>primis</strong></span> <span class='ocrx_word' id='word_1_152' title='bbox 1804 2161 2066 2218; x_wconf 84' lang='lat' dir='ltr'><strong>habuisse</strong></span> 
     </span>
    </p>
   </div>
   <div class='ocr_carea' id='block_1_22' title="bbox 481 2252 2065 2328">
    <p class='ocr_par' dir='ltr' id='par_1_22' title="bbox 481 2252 2065 2328">
     <span class='ocr_line' id='line_1_22' title="bbox 481 2252 2065 2328; baseline -0.003 -14"><span class='ocrx_word' id='word_1_153' title='bbox 481 2257 822 2328; x_wconf 85' lang='lat' dir='ltr'><strong>temporibus</strong></span> <span class='ocrx_word' id='word_1_154' title='bbox 857 2256 1091 2311; x_wconf 89' lang='lat' dir='ltr'><strong>doceant</strong></span> <span class='ocrx_word' id='word_1_155' title='bbox 1124 2254 1229 2309; x_wconf 89' lang='lat' dir='ltr'><strong>viri</strong></span> <span class='ocrx_word' id='word_1_156' title='bbox 1273 2253 1579 2309; x_wconf 89' lang='lat' dir='ltr'><strong>doctissimi</strong></span> <span class='ocrx_word' id='word_1_157' title='bbox 1605 2252 1886 2321; x_wconf 85' lang='lat' dir='ltr'><strong>Petavius,</strong></span> <span class='ocrx_word' id='word_1_158' title='bbox 1918 2252 2065 2309; x_wconf 86' lang='lat' dir='ltr'><strong>Tho-</strong></span> 
     </span>
    </p>
   </div>
   <div class='ocr_carea' id='block_1_23' title="bbox 480 2344 2063 2418">
    <p class='ocr_par' dir='ltr' id='par_1_23' title="bbox 480 2344 2063 2418">
     <span class='ocr_line' id='line_1_23' title="bbox 480 2344 2063 2418; baseline -0.003 -14"><span class='ocrx_word' id='word_1_159' title='bbox 480 2351 781 2413; x_wconf 88' lang='lat' dir='ltr'><strong>massinus,</strong></span> <span class='ocrx_word' id='word_1_160' title='bbox 811 2346 1021 2418; x_wconf 88' lang='lat' dir='ltr'><strong>Lupus,</strong></span> <span class='ocrx_word' id='word_1_161' title='bbox 1052 2355 1106 2402; x_wconf 91' lang='lat' dir='ltr'><strong>et</strong></span> <span class='ocrx_word' id='word_1_162' title='bbox 1133 2347 1367 2416; x_wconf 88' lang='lat' dir='ltr'><strong>ipsemet</strong></span> <span class='ocrx_word' id='word_1_163' title='bbox 1397 2345 1780 2400; x_wconf 87' lang='lat' dir='ltr'><strong>Tillemontius</strong></span> <span class='ocrx_word' id='word_1_164' title='bbox 1811 2344 1946 2416; x_wconf 72' lang='lat'><strong>(84),</strong></span> <span class='ocrx_word' id='word_1_165' title='bbox 1969 2347 2063 2415; x_wconf 90' lang='lat' dir='ltr'><strong>qui</strong></span> 
     </span>
    </p>
   </div>
   <div class='ocr_carea' id='block_1_24' title="bbox 481 2435 2057 2508">
    <p class='ocr_par' dir='ltr' id='par_1_24' title="bbox 481 2435 2057 2508">
     <span class='ocr_line' id='line_1_24' title="bbox 481 2435 2057 2508; baseline -0.003 -14"><span class='ocrx_word' id='word_1_166' title='bbox 481 2439 755 2495; x_wconf 79' lang='lat' dir='ltr'><strong>Rninartii</strong></span> <span class='ocrx_word' id='word_1_167' title='bbox 787 2439 1113 2493; x_wconf 87' lang='lat' dir='ltr'><strong>sententiam</strong></span> <span class='ocrx_word' id='word_1_168' title='bbox 1142 2437 1414 2508; x_wconf 87' lang='lat' dir='ltr'><strong>probavit,</strong></span> <span class='ocrx_word' id='word_1_169' title='bbox 1442 2435 1566 2506; x_wconf 87' lang='lat' dir='ltr'><strong>quis</strong></span> <span class='ocrx_word' id='word_1_170' title='bbox 1591 2452 1833 2506; x_wconf 86' lang='lat' dir='ltr'><strong>unquam</strong></span> <span class='ocrx_word' id='word_1_171' title='bbox 1858 2435 2057 2508; x_wconf 83' lang='lat' dir='ltr'><strong>Hippo-</strong></span> 
     </span>
    </p>
   </div>
   <div class='ocr_carea' id='block_1_25' title="bbox 479 2528 2061 2605">
    <p class='ocr_par' dir='ltr' id='par_1_25' title="bbox 479 2528 2061 2605">
     <span class='ocr_line' id='line_1_25' title="bbox 479 2528 2061 2605; baseline -0.001 -17"><span class='ocrx_word' id='word_1_172' title='bbox 479 2532 650 2605; x_wconf 86' lang='lat' dir='ltr'><strong>lytum</strong></span> <span class='ocrx_word' id='word_1_173' title='bbox 699 2539 949 2586; x_wconf 90' lang='lat' dir='ltr'><strong>nostrum</strong></span> <span class='ocrx_word' id='word_1_174' title='bbox 995 2531 1328 2601; x_wconf 68' lang='lat' dir='ltr'><strong>praecipuum</strong></span> <span class='ocrx_word' id='word_1_175' title='bbox 1385 2528 1624 2600; x_wconf 85' lang='lat' dir='ltr'><strong>aliquem</strong></span> <span class='ocrx_word' id='word_1_176' title='bbox 1676 2529 1733 2582; x_wconf 90' lang='lat' dir='ltr'><strong>in</strong></span> <span class='ocrx_word' id='word_1_177' title='bbox 1771 2528 2061 2586; x_wconf 88' lang='lat' dir='ltr'><strong>Portuensi</strong></span> 
     </span>
    </p>
   </div>
   <div class='ocr_carea' id='block_1_26' title="bbox 479 2620 2061 2687">
    <p class='ocr_par' dir='ltr' id='par_1_26' title="bbox 479 2620 2061 2687">
     <span class='ocr_line' id='line_1_26' title="bbox 479 2620 2061 2687; baseline -0.001 -10"><span class='ocrx_word' id='word_1_178' title='bbox 479 2622 733 2680; x_wconf 31' lang='lat' dir='ltr'><strong>Ecclesia.</strong></span> <span class='ocrx_word' id='word_1_179' title='bbox 747 2623 968 2681; x_wconf 89' lang='lat' dir='ltr'><strong>titulum</strong></span> <span class='ocrx_word' id='word_1_180' title='bbox 996 2622 1301 2677; x_wconf 88' lang='lat' dir='ltr'><strong>obtinuisse</strong></span> <span class='ocrx_word' id='word_1_181' title='bbox 1333 2620 1645 2687; x_wconf 89' lang='lat' dir='ltr'><strong>contendet,</strong></span> <span class='ocrx_word' id='word_1_182' title='bbox 1681 2635 1807 2675; x_wconf 93' lang='lat' dir='ltr'><strong>cum</strong></span> <span class='ocrx_word' id='word_1_183' title='bbox 1834 2620 2061 2676; x_wconf 92' lang='lat' dir='ltr'><strong>unicum</strong></span> 
     </span>
    </p>
   </div>
   <div class='ocr_carea' id='block_1_27' title="bbox 480 2713 2059 2786">
    <p class='ocr_par' dir='ltr' id='par_1_27' title="bbox 480 2713 2059 2786">
     <span class='ocr_line' id='line_1_27' title="bbox 480 2713 2059 2786; baseline -0.001 -14"><span class='ocrx_word' id='word_1_184' title='bbox 480 2717 708 2785; x_wconf 88' lang='lat' dir='ltr'><strong>ibidem,</strong></span> <span class='ocrx_word' id='word_1_185' title='bbox 737 2724 927 2786; x_wconf 89' lang='lat' dir='ltr'><strong>utpote</strong></span> <span class='ocrx_word' id='word_1_186' title='bbox 966 2714 1024 2769; x_wconf 91' lang='lat' dir='ltr'><strong>in</strong></span> <span class='ocrx_word' id='word_1_187' title='bbox 1066 2714 1265 2769; x_wconf 91' lang='lat' dir='ltr'><strong>minori</strong></span> <span class='ocrx_word' id='word_1_188' title='bbox 1316 2713 1472 2781; x_wconf 88' lang='lat' dir='ltr'><strong>urbe,</strong></span> <span class='ocrx_word' id='word_1_189' title='bbox 1505 2713 1726 2768; x_wconf 89' lang='lat' dir='ltr'><strong>titulum</strong></span> <span class='ocrx_word' id='word_1_190' title='bbox 1763 2714 2059 2781; x_wconf 82' lang='lat' dir='ltr'><strong>exstitisse,</strong></span> 
     </span>
    </p>
   </div>
   <div class='ocr_carea' id='block_1_28' title="bbox 479 2805 2062 2881">
    <p class='ocr_par' dir='ltr' id='par_1_28' title="bbox 479 2805 2062 2881">
     <span class='ocr_line' id='line_1_28' title="bbox 479 2805 2062 2881; baseline -0.003 -16"><span class='ocrx_word' id='word_1_191' title='bbox 479 2810 739 2881; x_wconf 66' lang='lat' dir='ltr'><strong>primaeva</strong></span> <span class='ocrx_word' id='word_1_192' title='bbox 776 2807 1049 2878; x_wconf 82' lang='lat' dir='ltr'><strong>majorum</strong></span> <span class='ocrx_word' id='word_1_193' title='bbox 1101 2815 1419 2862; x_wconf 91' lang='lat' dir='ltr'><strong>nostrorum</strong></span> <span class='ocrx_word' id='word_1_194' title='bbox 1462 2805 1753 2877; x_wconf 87' lang='lat' dir='ltr'><strong>disciplina</strong></span> <span class='ocrx_word' id='word_1_195' title='bbox 1793 2822 1893 2863; x_wconf 90' lang='lat' dir='ltr'><strong>nos</strong></span> <span class='ocrx_word' id='word_1_196' title='bbox 1942 2822 2062 2861; x_wconf 91' lang='lat' dir='ltr'><strong>mo-</strong></span> 
     </span>
    </p>
   </div>
   <div class='ocr_carea' id='block_1_29' title="bbox 480 2903 642 2959">
    <p class='ocr_par' dir='ltr' id='par_1_29' title="bbox 480 2903 642 2959">
     <span class='ocr_line' id='line_1_29' title="bbox 480 2903 642 2959; baseline -0.012 -1"><span class='ocrx_word' id='word_1_197' title='bbox 480 2903 642 2959; x_wconf 85' lang='lat' dir='ltr'><strong>neat?</strong></span> 
     </span>
    </p>
   </div>
   <div class='ocr_carea' id='block_1_30' title="bbox 549 2988 2060 3063">
    <p class='ocr_par' dir='ltr' id='par_1_30' title="bbox 549 2988 2060 3063">
     <span class='ocr_line' id='line_1_30' title="bbox 549 2988 2060 3063; baseline 0 -15"><span class='ocrx_word' id='word_1_198' title='bbox 549 2992 797 3048; x_wconf 85' lang='lat' dir='ltr'><strong>Sublatis</strong></span> <span class='ocrx_word' id='word_1_199' title='bbox 838 2992 1024 3063; x_wconf 89' lang='lat' dir='ltr'><strong>itaque</strong></span> <span class='ocrx_word' id='word_1_200' title='bbox 1064 3000 1146 3046; x_wconf 92' lang='lat' dir='ltr'><strong>tot</strong></span> <span class='ocrx_word' id='word_1_201' title='bbox 1174 2992 1450 3063; x_wconf 85' lang='lat' dir='ltr'><strong>tantisque</strong></span> <span class='ocrx_word' id='word_1_202' title='bbox 1490 2990 1783 3047; x_wconf 89' lang='lat' dir='ltr'><strong>dubiorum</strong></span> <span class='ocrx_word' id='word_1_203' title='bbox 1813 2988 2060 3048; x_wconf 76' lang='lat' dir='ltr'><strong>fontibus</strong></span> 
     </span>
    </p>
   </div>
   <div class='ocr_carea' id='block_1_31' title="bbox 478 3082 2055 3154">
    <p class='ocr_par' dir='ltr' id='par_1_31' title="bbox 478 3082 2055 3154">
     <span class='ocr_line' id='line_1_31' title="bbox 478 3082 2055 3154; baseline -0.001 -12"><span class='ocrx_word' id='word_1_204' title='bbox 478 3099 547 3142; x_wconf 72' lang='lat' dir='ltr'><strong>es</strong></span> <span class='ocrx_word' id='word_1_205' title='bbox 570 3086 688 3141; x_wconf 87' lang='lat' dir='ltr'><strong>sola</strong></span> <span class='ocrx_word' id='word_1_206' title='bbox 709 3084 1011 3142; x_wconf 88' lang='lat' dir='ltr'><strong>doctissimi</strong></span> <span class='ocrx_word' id='word_1_207' title='bbox 1041 3082 1316 3139; x_wconf 82' lang='lat' dir='ltr'><strong>Ruinartii</strong></span> <span class='ocrx_word' id='word_1_208' title='bbox 1339 3083 1655 3154; x_wconf 88' lang='lat' dir='ltr'><strong>conjectura</strong></span> <span class='ocrx_word' id='word_1_209' title='bbox 1684 3083 2055 3152; x_wconf 88' lang='lat' dir='ltr'><strong>manantibus,</strong></span> 
     </span>
    </p>
   </div>
   <div class='ocr_carea' id='block_1_32' title="bbox 482 3173 2132 3262">
    <p class='ocr_par' dir='ltr' id='par_1_32' title="bbox 482 3173 2132 3262">
     <span class='ocr_line' id='line_1_32' title="bbox 482 3173 2132 3262; baseline -0.002 -28"><span class='ocrx_word' id='word_1_210' title='bbox 482 3179 561 3235; x_wconf 81' lang='lat' dir='ltr'><strong>nil</strong></span> <span class='ocrx_word' id='word_1_211' title='bbox 597 3178 760 3234; x_wconf 91' lang='lat' dir='ltr'><strong>nobis</strong></span> <span class='ocrx_word' id='word_1_212' title='bbox 791 3192 1082 3248; x_wconf 88' lang='lat' dir='ltr'><strong>superesse</strong></span> <span class='ocrx_word' id='word_1_213' title='bbox 1125 3176 1484 3240; x_wconf 86' lang='lat' dir='ltr'><strong>arbitramur,</strong></span> <span class='ocrx_word' id='word_1_214' title='bbox 1518 3174 1815 3246; x_wconf 87' lang='lat' dir='ltr'><strong>quominus</strong></span> <span class='ocrx_word' id='word_1_215' title='bbox 1858 3173 2059 3247; x_wconf 86' lang='lat' dir='ltr'><strong>Hippo-</strong></span> <span class='ocrx_word' id='word_1_216' title='bbox 2088 3203 2132 3262; x_wconf 68' lang='grc' dir='ltr'>ο</span> 
     </span>
    </p>
   </div>
   <div class='ocr_carea' id='block_1_33' title="bbox 479 3267 2064 3346">
    <p class='ocr_par' dir='ltr' id='par_1_33' title="bbox 479 3267 2064 3346">
     <span class='ocr_line' id='line_1_33' title="bbox 479 3267 2064 3346; baseline -0.004 -16"><span class='ocrx_word' id='word_1_217' title='bbox 479 3271 651 3346; x_wconf 88' lang='lat' dir='ltr'><strong>lytum</strong></span> <span class='ocrx_word' id='word_1_218' title='bbox 680 3272 835 3326; x_wconf 89' lang='lat' dir='ltr'><strong>illum</strong></span> <span class='ocrx_word' id='word_1_219' title='bbox 873 3269 1254 3337; x_wconf 88' lang='lat' dir='ltr'><strong>Portuensem,</strong></span> <span class='ocrx_word' id='word_1_220' title='bbox 1283 3284 1447 3340; x_wconf 91' lang='lat' dir='ltr'><strong>quem</strong></span> <span class='ocrx_word' id='word_1_221' title='bbox 1484 3267 1819 3323; x_wconf 86' lang='lat' dir='ltr'><strong>Prudentius</strong></span> <span class='ocrx_word' id='word_1_222' title='bbox 1846 3268 2064 3339; x_wconf 84' lang='lat' dir='ltr'><strong>elegan-</strong></span> 
     </span>
    </p>
   </div>
   <div class='ocr_carea' id='block_1_34' title="bbox 478 3362 2061 3428">
    <p class='ocr_par' dir='ltr' id='par_1_34' title="bbox 478 3362 2061 3428">
     <span class='ocr_line' id='line_1_34' title="bbox 478 3362 2061 3428; baseline 0 -7"><span class='ocrx_word' id='word_1_223' title='bbox 478 3364 700 3421; x_wconf 77' lang='lat' dir='ltr'><strong>tissimo</strong></span> <span class='ocrx_word' id='word_1_224' title='bbox 722 3364 967 3419; x_wconf 87' lang='lat' dir='ltr'><strong>laudavit</strong></span> <span class='ocrx_word' id='word_1_225' title='bbox 994 3362 1261 3428; x_wconf 88' lang='lat' dir='ltr'><strong>carmine,</strong></span> <span class='ocrx_word' id='word_1_226' title='bbox 1292 3377 1402 3418; x_wconf 89' lang='lat' dir='ltr'><strong>non</strong></span> <span class='ocrx_word' id='word_1_227' title='bbox 1437 3363 1585 3418; x_wconf 91' lang='lat' dir='ltr'><strong>illius</strong></span> <span class='ocrx_word' id='word_1_228' title='bbox 1607 3363 1762 3420; x_wconf 89' lang='lat' dir='ltr'><strong>urbis</strong></span> <span class='ocrx_word' id='word_1_229' title='bbox 1782 3364 2061 3421; x_wconf 88' lang='lat' dir='ltr'><strong>titularem</strong></span> 
     </span>
    </p>
   </div>
   <div class='ocr_carea' id='block_1_35' title="bbox 478 3455 2058 3531">
    <p class='ocr_par' dir='ltr' id='par_1_35' title="bbox 478 3455 2058 3531">
     <span class='ocr_line' id='line_1_35' title="bbox 478 3455 2058 3531; baseline -0.001 -18"><span class='ocrx_word' id='word_1_230' title='bbox 478 3457 886 3531; x_wconf 84' lang='lat' dir='ltr'><strong>presbyterum,</strong></span> <span class='ocrx_word' id='word_1_231' title='bbox 914 3455 1009 3512; x_wconf 90' lang='lat' dir='ltr'><strong>sed</strong></span> <span class='ocrx_word' id='word_1_232' title='bbox 1054 3456 1372 3528; x_wconf 89' lang='lat' dir='ltr'><strong>episcopum</strong></span> <span class='ocrx_word' id='word_1_233' title='bbox 1417 3456 1698 3513; x_wconf 82' lang='lat' dir='ltr'><strong>exstitisse</strong></span> <span class='ocrx_word' id='word_1_234' title='bbox 1751 3457 2058 3513; x_wconf 84' lang='lat' dir='ltr'><strong>credamus.</strong></span> 
     </span>
    </p>
   </div>
   <div class='ocr_carea' id='block_1_36' title="bbox 481 3547 2062 3619">
    <p class='ocr_par' dir='ltr' id='par_1_36' title="bbox 481 3547 2062 3619">
     <span class='ocr_line' id='line_1_36' title="bbox 481 3547 2062 3619; baseline 0 -14"><span class='ocrx_word' id='word_1_235' title='bbox 481 3548 551 3605; x_wconf 80' lang='lat' dir='ltr'><strong>Et</strong></span> <span class='ocrx_word' id='word_1_236' title='bbox 579 3565 711 3606; x_wconf 84' lang='lat' dir='ltr'><strong>sane</strong></span> <span class='ocrx_word' id='word_1_237' title='bbox 733 3547 1055 3618; x_wconf 90' lang='lat' dir='ltr'><strong>pientissimi</strong></span> <span class='ocrx_word' id='word_1_238' title='bbox 1083 3556 1259 3618; x_wconf 69' lang='lat' dir='ltr'><strong>poeta:</strong></span> <span class='ocrx_word' id='word_1_239' title='bbox 1287 3548 1553 3616; x_wconf 89' lang='lat' dir='ltr'><strong>carmina,</strong></span> <span class='ocrx_word' id='word_1_240' title='bbox 1584 3558 1646 3604; x_wconf 93' lang='lat' dir='ltr'><strong>ut</strong></span> <span class='ocrx_word' id='word_1_241' title='bbox 1668 3549 1782 3619; x_wconf 87' lang='lat' dir='ltr'><strong>jam</strong></span> <span class='ocrx_word' id='word_1_242' title='bbox 1814 3550 2062 3605; x_wconf 85' lang='lat' dir='ltr'><strong>animad-</strong></span> 
     </span>
    </p>
   </div>
   <div class='ocr_carea' id='block_1_37' title="bbox 482 3638 2059 3713">
    <p class='ocr_par' dir='ltr' id='par_1_37' title="bbox 482 3638 2059 3713">
     <span class='ocr_line' id='line_1_37' title="bbox 482 3638 2059 3713; baseline 0.004 -19"><span class='ocrx_word' id='word_1_243' title='bbox 482 3641 647 3697; x_wconf 85' lang='lat' dir='ltr'><strong>vertit</strong></span> <span class='ocrx_word' id='word_1_244' title='bbox 670 3639 965 3708; x_wconf 90' lang='lat' dir='ltr'><strong>Baronius,</strong></span> <span class='ocrx_word' id='word_1_245' title='bbox 1001 3640 1366 3712; x_wconf 90' lang='lat' dir='ltr'><strong>episcopalem</strong></span> <span class='ocrx_word' id='word_1_246' title='bbox 1420 3638 1697 3713; x_wconf 80' lang='lat' dir='ltr'><strong>Hippolyti</strong></span> <span class='ocrx_word' id='word_1_247' title='bbox 1737 3641 2059 3713; x_wconf 87' lang='lat' dir='ltr'><strong>dignitatem</strong></span> 
     </span>
    </p>
   </div>
   <div class='ocr_carea' id='block_1_38' title="bbox 482 3733 1538 3808">
    <p class='ocr_par' dir='ltr' id='par_1_38' title="bbox 482 3733 1538 3808">
     <span class='ocr_line' id='line_1_38' title="bbox 482 3733 1538 3808; baseline -0.001 -18"><span class='ocrx_word' id='word_1_248' title='bbox 482 3733 738 3808; x_wconf 75' lang='lat' dir='ltr'><strong>graphice</strong></span> <span class='ocrx_word' id='word_1_249' title='bbox 768 3733 930 3791; x_wconf 92' lang='lat' dir='ltr'><strong>nobis</strong></span> <span class='ocrx_word' id='word_1_250' title='bbox 961 3734 1033 3790; x_wconf 92' lang='lat' dir='ltr'><strong>ob</strong></span> <span class='ocrx_word' id='word_1_251' title='bbox 1057 3734 1250 3790; x_wconf 92' lang='lat' dir='ltr'><strong>oculos</strong></span> <span class='ocrx_word' id='word_1_252' title='bbox 1282 3742 1494 3805; x_wconf 90' lang='lat' dir='ltr'><strong>ponunt</strong></span> <span class='ocrx_word' id='word_1_253' title='bbox 1524 3752 1538 3789; x_wconf 91' lang='lat'><strong>:</strong></span> 
     </span>
    </p>
   </div>
   <div class='ocr_carea' id='block_1_39' title="bbox 557 3850 1880 3922">
    <p class='ocr_par' dir='ltr' id='par_1_39' title="bbox 557 3850 1880 3922">
     <span class='ocr_line' id='line_1_39' title="bbox 557 3850 1880 3922; baseline 0 -16"><span class='ocrx_word' id='word_1_254' title='bbox 557 3850 694 3907; x_wconf 82' lang='lat' dir='ltr'><strong>Cum</strong></span> <span class='ocrx_word' id='word_1_255' title='bbox 711 3850 831 3922; x_wconf 83' lang='lat' dir='ltr'><strong>jam</strong></span> <span class='ocrx_word' id='word_1_256' title='bbox 874 3866 1064 3905; x_wconf 72' lang='lat' dir='ltr'><strong>vesano</strong></span> <span class='ocrx_word' id='word_1_257' title='bbox 1107 3851 1274 3904; x_wconf 80' lang='lat' dir='ltr'><strong>victor</strong></span> <span class='ocrx_word' id='word_1_258' title='bbox 1314 3858 1588 3922; x_wconf 70' lang='lat' dir='ltr'><strong>raperetur</strong></span> <span class='ocrx_word' id='word_1_259' title='bbox 1627 3852 1693 3905; x_wconf 90' lang='lat' dir='ltr'><strong>ab</strong></span> <span class='ocrx_word' id='word_1_260' title='bbox 1730 3851 1880 3906; x_wconf 82' lang='lat' dir='ltr'><strong>hoste</strong></span> 
     </span>
    </p>
   </div>
   <div class='ocr_carea' id='block_1_40' title="bbox 624 3920 1719 3985">
    <p class='ocr_par' dir='ltr' id='par_1_40' title="bbox 624 3920 1719 3985">
     <span class='ocr_line' id='line_1_40' title="bbox 624 3920 1719 3985; baseline -0.001 -10"><span class='ocrx_word' id='word_1_261' title='bbox 624 3920 945 3976; x_wconf 73' lang='lat' dir='ltr'><strong>Exsultante</strong></span> <span class='ocrx_word' id='word_1_262' title='bbox 968 3922 1173 3985; x_wconf 89' lang='lat' dir='ltr'><strong>anima,</strong></span> <span class='ocrx_word' id='word_1_263' title='bbox 1198 3923 1367 3975; x_wconf 85' lang='lat' dir='ltr'><strong>victor</strong></span> <span class='ocrx_word' id='word_1_264' title='bbox 1393 3920 1464 3974; x_wconf 82' lang='lat' dir='ltr'><strong>ad</strong></span> <span class='ocrx_word' id='word_1_265' title='bbox 1496 3922 1719 3974; x_wconf 74' lang='lat' dir='ltr'><strong>exitium</strong></span> 
     </span>
    </p>
   </div>
   <div class='ocr_carea' id='block_1_41' title="bbox 553 3991 1845 4049">
    <p class='ocr_par' dir='ltr' id='par_1_41' title="bbox 553 3991 1845 4049">
     <span class='ocr_line' id='line_1_41' title="bbox 553 3991 1845 4049; baseline -0.005 0"><span class='ocrx_word' id='word_1_266' title='bbox 553 3992 734 4049; x_wconf 80' lang='lat' dir='ltr'><strong>Plebis</strong></span> <span class='ocrx_word' id='word_1_267' title='bbox 762 4008 940 4046; x_wconf 90' lang='lat' dir='ltr'><strong>amore</strong></span> <span class='ocrx_word' id='word_1_268' title='bbox 968 4007 1080 4046; x_wconf 76' lang='lat' dir='ltr'><strong>sua:</strong></span> <span class='ocrx_word' id='word_1_269' title='bbox 1111 3991 1291 4044; x_wconf 87' lang='lat' dir='ltr'><strong>multis</strong></span> <span class='ocrx_word' id='word_1_270' title='bbox 1318 3991 1693 4047; x_wconf 78' lang='lat' dir='ltr'><strong>comitantibus</strong></span> <span class='ocrx_word' id='word_1_271' title='bbox 1731 3991 1845 4045; x_wconf 88' lang='lat' dir='ltr'><strong>ibat</strong></span> 
     </span>
    </p>
   </div>
   <div class='ocr_carea' id='block_1_42' title="bbox 623 4061 1763 4134">
    <p class='ocr_par' dir='ltr' id='par_1_42' title="bbox 623 4061 1763 4134">
     <span class='ocr_line' id='line_1_42' title="bbox 623 4061 1763 4134; baseline -0.002 -16"><span class='ocrx_word' id='word_1_272' title='bbox 623 4061 932 4130; x_wconf 85' lang='lat' dir='ltr'><strong>Cansultus,</strong></span> <span class='ocrx_word' id='word_1_273' title='bbox 955 4078 1196 4134; x_wconf 68' lang='lat' dir='ltr'><strong>quianam</strong></span> <span class='ocrx_word' id='word_1_274' title='bbox 1221 4071 1365 4116; x_wconf 85' lang='lat' dir='ltr'><strong>secta</strong></span> <span class='ocrx_word' id='word_1_275' title='bbox 1391 4062 1526 4130; x_wconf 77' lang='lat' dir='ltr'><strong>foret</strong></span> <span class='ocrx_word' id='word_1_276' title='bbox 1560 4061 1763 4116; x_wconf 81' lang='lat' dir='ltr'><strong>melior.</strong></span> 
     </span>
    </p>
   </div>
   <div class='ocr_carea' id='block_1_43' title="bbox 480 4177 876 4250">
    <p class='ocr_par' dir='ltr' id='par_1_43' title="bbox 480 4177 876 4250">
     <span class='ocr_line' id='line_1_43' title="bbox 480 4177 876 4250; baseline -0.008 -15"><span class='ocrx_word' id='word_1_277' title='bbox 480 4177 551 4236; x_wconf 88' lang='lat' dir='ltr'><strong>Et</strong></span> <span class='ocrx_word' id='word_1_278' title='bbox 575 4180 832 4250; x_wconf 84' lang='lat' dir='ltr'><strong>deinceps</strong></span> <span class='ocrx_word' id='word_1_279' title='bbox 862 4194 876 4232; x_wconf 88' lang='lat'><strong>:</strong></span> 
     </span>
    </p>
   </div>
   <div class='ocr_carea' id='block_1_44' title="bbox 553 4289 1915 4364">
    <p class='ocr_par' dir='ltr' id='par_1_44' title="bbox 553 4289 1915 4364">
     <span class='ocr_line' id='line_1_44' title="bbox 553 4289 1915 4364; baseline -0.004 -14"><span class='ocrx_word' id='word_1_280' title='bbox 553 4292 684 4349; x_wconf 68' lang='lat' dir='ltr'><strong>Hec</strong></span> <span class='ocrx_word' id='word_1_281' title='bbox 705 4292 1045 4364; x_wconf 79' lang='lat' dir='ltr'><strong>persultanti,</strong></span> <span class='ocrx_word' id='word_1_282' title='bbox 1076 4289 1274 4364; x_wconf 65' lang='lat' dir='ltr'><strong>celsum</strong></span> <span class='ocrx_word' id='word_1_283' title='bbox 1301 4292 1479 4346; x_wconf 82' lang='lat' dir='ltr'><strong>subito</strong></span> <span class='ocrx_word' id='word_1_284' title='bbox 1510 4301 1631 4364; x_wconf 84' lang='lat' dir='ltr'><strong>ante</strong></span> <span class='ocrx_word' id='word_1_285' title='bbox 1680 4291 1915 4346; x_wconf 79' lang='lat' dir='ltr'><strong>tribunal</strong></span> 
     </span>
    </p>
   </div>
   <div class='ocr_carea' id='block_1_45' title="bbox 628 4362 1665 4433">
    <p class='ocr_par' dir='ltr' id='par_1_45' title="bbox 628 4362 1665 4433">
     <span class='ocr_line' id='line_1_45' title="bbox 628 4362 1665 4433; baseline -0.004 -12"><span class='ocrx_word' id='word_1_286' title='bbox 628 4362 866 4433; x_wconf 60' lang='lat' dir='ltr'><strong>Oﬁertur</strong></span> <span class='ocrx_word' id='word_1_287' title='bbox 897 4364 1073 4417; x_wconf 86' lang='lat' dir='ltr'><strong>senior</strong></span> <span class='ocrx_word' id='word_1_288' title='bbox 1108 4362 1327 4433; x_wconf 72' lang='lat' dir='ltr'><strong>nexibus</strong></span> <span class='ocrx_word' id='word_1_289' title='bbox 1356 4363 1665 4431; x_wconf 68' lang='lat' dir='ltr'><strong>implicitus.</strong></span> 
     </span>
    </p>
   </div>
   <div class='ocr_carea' id='block_1_46' title="bbox 553 4430 1814 4502">
    <p class='ocr_par' dir='ltr' id='par_1_46' title="bbox 553 4430 1814 4502">
     <span class='ocr_line' id='line_1_46' title="bbox 553 4430 1814 4502; baseline -0.002 -13"><span class='ocrx_word' id='word_1_290' title='bbox 553 4430 753 4502; x_wconf 79' lang='lat' dir='ltr'><strong>Stipati</strong></span> <span class='ocrx_word' id='word_1_291' title='bbox 783 4434 981 4502; x_wconf 73' lang='lat' dir='ltr'><strong>circum</strong></span> <span class='ocrx_word' id='word_1_292' title='bbox 1002 4432 1218 4502; x_wconf 82' lang='lat' dir='ltr'><strong>juvenes</strong></span> <span class='ocrx_word' id='word_1_293' title='bbox 1249 4430 1480 4487; x_wconf 82' lang='lat' dir='ltr'><strong>clamore</strong></span> <span class='ocrx_word' id='word_1_294' title='bbox 1501 4432 1814 4502; x_wconf 76' lang='lat' dir='ltr'><strong>fremebant,</strong></span> 
     </span>
    </p>
   </div>
   <div class='ocr_carea' id='block_1_47' title="bbox 652 4501 1742 4574">
    <p class='ocr_par' dir='ltr' id='par_1_47' title="bbox 652 4501 1742 4574">
     <span class='ocr_line' id='line_1_47' title="bbox 652 4501 1742 4574; baseline -0.001 -16"><span class='ocrx_word' id='word_1_295' title='bbox 652 4518 804 4573; x_wconf 85' lang='lat' dir='ltr'><strong>psum</strong></span> <span class='ocrx_word' id='word_1_296' title='bbox 837 4501 1166 4557; x_wconf 81' lang='lat' dir='ltr'><strong>Christicolis</strong></span> <span class='ocrx_word' id='word_1_297' title='bbox 1196 4518 1306 4556; x_wconf 83' lang='lat' dir='ltr'><strong>esse</strong></span> <span class='ocrx_word' id='word_1_298' title='bbox 1328 4514 1484 4573; x_wconf 85' lang='lat' dir='ltr'><strong>caput</strong></span> <span class='ocrx_word' id='word_1_299' title='bbox 1502 4501 1742 4574; x_wconf 74' lang='lat' dir='ltr'><strong>populis.</strong></span> 
     </span>
    </p>
   </div>
   <div class='ocr_carea' id='block_1_48' title="bbox 480 4623 2056 4697">
    <p class='ocr_par' dir='ltr' id='par_1_48' title="bbox 480 4623 2056 4697">
     <span class='ocr_line' id='line_1_48' title="bbox 480 4623 2056 4697; baseline 0.001 -15"><span class='ocrx_word' id='word_1_300' title='bbox 480 4623 609 4682; x_wconf 65' lang='lat' dir='ltr'><strong>Haec</strong></span> <span class='ocrx_word' id='word_1_301' title='bbox 632 4624 854 4696; x_wconf 89' lang='lat' dir='ltr'><strong>quidem</strong></span> <span class='ocrx_word' id='word_1_302' title='bbox 894 4623 1177 4680; x_wconf 88' lang='lat' dir='ltr'><strong>Prudentii</strong></span> <span class='ocrx_word' id='word_1_303' title='bbox 1218 4625 1408 4690; x_wconf 85' lang='lat' dir='ltr'><strong>verba,</strong></span> <span class='ocrx_word' id='word_1_304' title='bbox 1439 4625 1485 4680; x_wconf 91' lang='lat' dir='ltr'><strong>si</strong></span> <span class='ocrx_word' id='word_1_305' title='bbox 1530 4640 1656 4680; x_wconf 91' lang='lat' dir='ltr'><strong>cum</strong></span> <span class='ocrx_word' id='word_1_306' title='bbox 1703 4626 1926 4697; x_wconf 89' lang='lat' dir='ltr'><strong>antiqua</strong></span> <span class='ocrx_word' id='word_1_307' title='bbox 1962 4625 2056 4683; x_wconf 84' lang='lat' dir='ltr'><strong>illa</strong></span> 
     </span>
    </p>
   </div>
   <div class='ocr_carea' id='block_1_49' title="bbox 478 4717 2057 4789">
    <p class='ocr_par' dir='ltr' id='par_1_49' title="bbox 478 4717 2057 4789">
     <span class='ocr_line' id='line_1_49' title="bbox 478 4717 2057 4789; baseline 0 -14"><span class='ocrx_word' id='word_1_308' title='bbox 478 4718 702 4776; x_wconf 88' lang='lat' dir='ltr'><strong>Patrum</strong></span> <span class='ocrx_word' id='word_1_309' title='bbox 746 4724 1062 4773; x_wconf 88' lang='lat' dir='ltr'><strong>nostrorum</strong></span> <span class='ocrx_word' id='word_1_310' title='bbox 1114 4717 1403 4789; x_wconf 86' lang='lat' dir='ltr'><strong>disciplina</strong></span> <span class='ocrx_word' id='word_1_311' title='bbox 1434 4732 1725 4789; x_wconf 88' lang='lat' dir='ltr'><strong>parumper</strong></span> <span class='ocrx_word' id='word_1_312' title='bbox 1767 4719 2057 4775; x_wconf 84' lang='lat' dir='ltr'><strong>conferan-</strong></span> 
     </span>
    </p>
   </div>
   <div class='ocr_carea' id='block_1_50' title="bbox 552 4852 2052 4927">
    <p class='ocr_par' dir='ltr' id='par_1_50' title="bbox 552 4852 2052 4927">
     <span class='ocr_line' id='line_1_50' title="bbox 552 4852 2052 4927; baseline 0 -16"><span class='ocrx_word' id='word_1_313' title='bbox 552 4853 1078 4927; x_wconf 28' lang='lat' dir='ltr'><strong>(82)ACommentai_&#39;.</strong></span> <span class='ocrx_word' id='word_1_314' title='bbox 1127 4853 1188 4927; x_wconf 10' lang='lat' dir='ltr'><strong>in!</strong></span> <span class='ocrx_word' id='word_1_315' title='bbox 1219 4852 1472 4927; x_wconf 73' lang='lat' dir='ltr'><strong>Ordinem</strong></span> <span class='ocrx_word' id='word_1_316' title='bbox 1527 4853 1841 4923; x_wconf 85' lang='lat' dir='ltr'><strong>Romanum,</strong></span> <span class='ocrx_word' id='word_1_317' title='bbox 1898 4871 1948 4911; x_wconf 93' lang='lat' dir='ltr'><strong>c.</strong></span> <span class='ocrx_word' id='word_1_318' title='bbox 1996 4856 2052 4924; x_wconf 80' lang='lat'><strong>3,</strong></span> 
     </span>
    </p>
   </div>
   <div class='ocr_carea' id='block_1_51' title="bbox 476 4923 1416 4999">
    <p class='ocr_par' dir='ltr' id='par_1_51' title="bbox 476 4923 1416 4999">
     <span class='ocr_line' id='line_1_51' title="bbox 476 4923 1416 4999; baseline -0.004 -17"><span class='ocrx_word' id='word_1_319' title='bbox 476 4923 721 4999; x_wconf 58' lang='lat' dir='ltr'><strong>pag.l6_,</strong></span> <span class='ocrx_word' id='word_1_320' title='bbox 752 4933 886 4999; x_wconf 72' lang='lat' dir='ltr'><strong>tom.</strong></span> <span class='ocrx_word' id='word_1_321' title='bbox 918 4923 963 4978; x_wconf 92' lang='lat' dir='ltr'><strong>ll</strong></span> <span class='ocrx_word' id='word_1_322' title='bbox 998 4923 1189 4978; x_wconf 58' lang='lat' dir='ltr'><strong>Musaei</strong></span> <span class='ocrx_word' id='word_1_323' title='bbox 1212 4925 1416 4999; x_wconf 77' lang='lat' dir='ltr'><strong>Italici.</strong></span> 
     </span>
    </p>
   </div>
   <div class='ocr_carea' id='block_1_52' title="bbox 550 4995 2048 5068">
    <p class='ocr_par' dir='ltr' id='par_1_52' title="bbox 550 4995 2048 5068">
     <span class='ocr_line' id='line_1_52' title="bbox 550 4995 2048 5068; baseline -0.007 -14"><span class='ocrx_word' id='word_1_324' title='bbox 550 4995 663 5068; x_wconf 76' lang='lat'><strong>(85)</strong></span> <span class='ocrx_word' id='word_1_325' title='bbox 697 4996 761 5068; x_wconf 77' lang='lat' dir='ltr'><strong>ln</strong></span> <span class='ocrx_word' id='word_1_326' title='bbox 808 4995 1027 5051; x_wconf 84' lang='lat' dir='ltr'><strong>dissert.</strong></span> <span class='ocrx_word' id='word_1_327' title='bbox 1074 4997 1401 5064; x_wconf 73' lang='lat' dir='ltr'><strong>prooendali,</strong></span> <span class='ocrx_word' id='word_1_328' title='bbox 1443 5011 1562 5065; x_wconf 88' lang='lat' dir='ltr'><strong>cap.</strong></span> <span class='ocrx_word' id='word_1_329' title='bbox 1597 4995 1652 5062; x_wconf 86' lang='lat'><strong>6,</strong></span> <span class='ocrx_word' id='word_1_330' title='bbox 1686 5012 1809 5067; x_wconf 83' lang='lat' dir='ltr'><strong>pag.</strong></span> <span class='ocrx_word' id='word_1_331' title='bbox 1841 4998 1910 5053; x_wconf 72' lang='lat'><strong>52</strong></span> <span class='ocrx_word' id='word_1_332' title='bbox 1955 4999 2048 5052; x_wconf 71' lang='lat' dir='ltr'><strong>cii.</strong></span> 
     </span>
    </p>
   </div>
   <div class='ocr_carea' id='block_1_53' title="bbox 475 5064 945 5136">
    <p class='ocr_par' dir='ltr' id='par_1_53' title="bbox 475 5064 945 5136">
     <span class='ocr_line' id='line_1_53' title="bbox 475 5064 945 5136; baseline -0.013 -11"><span class='ocrx_word' id='word_1_333' title='bbox 475 5064 611 5125; x_wconf 82' lang='lat' dir='ltr'><strong>tom.</strong></span> <span class='ocrx_word' id='word_1_334' title='bbox 640 5064 658 5123; x_wconf 88' lang='lat' dir='ltr'><strong>l</strong></span> <span class='ocrx_word' id='word_1_335' title='bbox 683 5064 945 5136; x_wconf 83' lang='lat' dir='ltr'><strong>Operum.</strong></span> 
     </span>
    </p>
   </div>
   <div class='ocr_carea' id='block_1_54' title="bbox 545 5135 2048 5212">
    <p class='ocr_par' dir='ltr' id='par_1_54' title="bbox 545 5135 2048 5212">
     <span class='ocr_line' id='line_1_54' title="bbox 545 5135 2048 5212; baseline 0.001 -20"><span class='ocrx_word' id='word_1_336' title='bbox 545 5135 881 5212; x_wconf 21' lang='lat' dir='ltr'><strong>(84)4_&#39;l‘om.</strong></span> <span class='ocrx_word' id='word_1_337' title='bbox 938 5135 1010 5212; x_wconf 69' lang='grc' dir='ltr'><strong>Χ,</strong></span> <span class='ocrx_word' id='word_1_338' title='bbox 1062 5138 1125 5212; x_wconf 82' lang='lat' dir='ltr'><strong>_in</strong></span> <span class='ocrx_word' id='word_1_339' title='bbox 1161 5135 1344 5212; x_wconf 89' lang='lat' dir='ltr'><strong>_Saint</strong></span> <span class='ocrx_word' id='word_1_340' title='bbox 1400 5135 1684 5212; x_wconf 76' lang='lat' dir='ltr'><strong>_lnnocent,</strong></span> <span class='ocrx_word' id='word_1_341' title='bbox 1745 5152 1868 5212; x_wconf 77' lang='lat' dir='ltr'><strong>pag.</strong></span> <span class='ocrx_word' id='word_1_342' title='bbox 1924 5136 2048 5202; x_wconf 81' lang='lat'><strong>665,</strong></span> 
     </span>
    </p>
   </div>
   <div class='ocr_carea' id='block_1_55' title="bbox 475 5205 2052 5278">
    <p class='ocr_par' dir='ltr' id='par_1_55' title="bbox 475 5205 2052 5278">
     <span class='ocr_line' id='line_1_55' title="bbox 475 5205 2052 5278; baseline -0.001 -12"><span class='ocrx_word' id='word_1_343' title='bbox 475 5205 749 5273; x_wconf 35' lang='lat' dir='ltr'><strong>articii&#39;t’r,</strong></span> <span class='ocrx_word' id='word_1_344' title='bbox 803 5206 890 5261; x_wconf 86' lang='lat' dir='ltr'><strong>Du</strong></span> <span class='ocrx_word' id='word_1_345' title='bbox 940 5209 1110 5262; x_wconf 83' lang='lat' dir='ltr'><strong>leuain</strong></span> <span class='ocrx_word' id='word_1_346' title='bbox 1137 5205 1439 5278; x_wconf 85' lang='lat' dir='ltr'><strong>dontparle</strong></span> <span class='ocrx_word' id='word_1_347' title='bbox 1471 5205 1860 5278; x_wconf 43' lang='lat' dir='ltr'><strong>[attagena—ubi</strong></span> <span class='ocrx_word' id='word_1_348' title='bbox 1906 5221 2052 5264; x_wconf 86' lang='lat' dir='ltr'><strong>recte</strong></span> 
     </span>
    </p>
   </div>
   <div class='ocr_carea' id='block_1_56' title="bbox 476 5277 2051 5349">
    <p class='ocr_par' dir='ltr' id='par_1_56' title="bbox 476 5277 2051 5349">
     <span class='ocr_line' id='line_1_56' title="bbox 476 5277 2051 5349; baseline -0.002 -13"><span class='ocrx_word' id='word_1_349' title='bbox 476 5294 785 5336; x_wconf 84' lang='lat' dir='ltr'><strong>sermonem</strong></span> <span class='ocrx_word' id='word_1_350' title='bbox 821 5279 1001 5349; x_wconf 80' lang='lat' dir='ltr'><strong>habet</strong></span> <span class='ocrx_word' id='word_1_351' title='bbox 1042 5280 1111 5334; x_wconf 91' lang='lat' dir='ltr'><strong>de</strong></span> <span class='ocrx_word' id='word_1_352' title='bbox 1160 5277 1427 5349; x_wconf 80' lang='lat' dir='ltr'><strong>fermento</strong></span> <span class='ocrx_word' id='word_1_353' title='bbox 1476 5279 1565 5333; x_wconf 90' lang='lat' dir='ltr'><strong>die</strong></span> <span class='ocrx_word' id='word_1_354' title='bbox 1616 5277 1901 5333; x_wconf 88' lang='lat' dir='ltr'><strong>Dominicn</strong></span> <span class='ocrx_word' id='word_1_355' title='bbox 1953 5295 2051 5349; x_wconf 91' lang='lat' dir='ltr'><strong>per</strong></span> 
     </span>
    </p>
   </div>
   <div class='ocr_carea' id='block_1_57' title="bbox 474 5347 2053 5422">
    <p class='ocr_par' dir='ltr' id='par_1_57' title="bbox 474 5347 2053 5422">
     <span class='ocr_line' id='line_1_57' title="bbox 474 5347 2053 5422; baseline 0 -19"><span class='ocrx_word' id='word_1_356' title='bbox 474 5350 715 5422; x_wconf 79' lang='lat' dir='ltr'><strong>acolytos</strong></span> <span class='ocrx_word' id='word_1_357' title='bbox 760 5348 905 5422; x_wconf 88' lang='lat' dir='ltr'><strong>mitti</strong></span> <span class='ocrx_word' id='word_1_358' title='bbox 950 5349 1135 5422; x_wconf 74' lang='lat' dir='ltr'><strong>solito,</strong></span> <span class='ocrx_word' id='word_1_359' title='bbox 1166 5347 2053 5422; x_wconf 13' lang='lat' dir='ltr'><strong>deiquo_lnno_centium_pontili-</strong></span> 
     </span>
    </p>
   </div>
   <div class='ocr_carea' id='block_1_58' title="bbox 474 5417 2046 5491">
    <p class='ocr_par' dir='ltr' id='par_1_58' title="bbox 474 5417 2046 5491">
     <span class='ocr_line' id='line_1_58' title="bbox 474 5417 2046 5491; baseline 0.001 -17"><span class='ocrx_word' id='word_1_360' title='bbox 474 5417 991 5491; x_wconf 33' lang='lat' dir='ltr'><strong>cemiiuterrogabat</strong></span> <span class='ocrx_word' id='word_1_361' title='bbox 1038 5417 1328 5477; x_wconf 83' lang='lat' dir='ltr'><strong>Decentins</strong></span> <span class='ocrx_word' id='word_1_362' title='bbox 1356 5417 1692 5491; x_wconf 72' lang='lat' dir='ltr'><strong>{Eugubinus</strong></span> <span class='ocrx_word' id='word_1_363' title='bbox 1736 5417 2046 5491; x_wconf 76' lang='lat' dir='ltr'><strong>episcopus.</strong></span> 
     </span>
    </p>
   </div>
   <div class='ocr_carea' id='block_1_59' title="bbox 545 5488 2049 5565">
    <p class='ocr_par' dir='ltr' id='par_1_59' title="bbox 545 5488 2049 5565">
     <span class='ocr_line' id='line_1_59' title="bbox 545 5488 2049 5565; baseline 0.001 -22"><span class='ocrx_word' id='word_1_364' title='bbox 545 5488 659 5565; x_wconf 61' lang='grc' dir='ltr'><strong>(εξ)</strong></span> <span class='ocrx_word' id='word_1_365' title='bbox 680 5488 809 5565; x_wconf 69' lang='lat' dir='ltr'><strong>_lloc</strong></span> <span class='ocrx_word' id='word_1_366' title='bbox 834 5488 1222 5565; x_wconf 63' lang='lat' dir='ltr'><strong>argumentum</strong></span> <span class='ocrx_word' id='word_1_367' title='bbox 1259 5488 1488 5565; x_wconf 73' lang='lat' dir='ltr'><strong>miriﬁce</strong></span> <span class='ocrx_word' id='word_1_368' title='bbox 1513 5488 1816 5565; x_wconf 66' lang='lat' dir='ltr'><strong>tractarunt</strong></span> <span class='ocrx_word' id='word_1_369' title='bbox 1841 5488 2049 5565; x_wconf 67' lang='lat' dir='ltr'><strong>Bojier-</strong></span> 
     </span>
    </p>
   </div>
   <div class='ocr_carea' id='block_1_60' title="bbox 474 5557 2046 5632">
    <p class='ocr_par' dir='ltr' id='par_1_60' title="bbox 474 5557 2046 5632">
     <span class='ocr_line' id='line_1_60' title="bbox 474 5557 2046 5632; baseline 0.001 -20"><span class='ocrx_word' id='word_1_370' title='bbox 474 5557 564 5632; x_wconf 83' lang='lat' dir='ltr'><strong>t_us</strong></span> <span class='ocrx_word' id='word_1_371' title='bbox 606 5557 967 5632; x_wconf 75' lang='lat' dir='ltr'><strong>Bellarminus</strong></span> <span class='ocrx_word' id='word_1_372' title='bbox 1009 5560 1087 5616; x_wconf 80' lang='lat' dir='ltr'><strong>De</strong></span> <span class='ocrx_word' id='word_1_373' title='bbox 1128 5562 1494 5616; x_wconf 80' lang='lat' dir='ltr'><strong>controversiis</strong></span> <span class='ocrx_word' id='word_1_374' title='bbox 1539 5561 2046 5632; x_wconf 71' lang='lat' dir='ltr'><strong>Christianwﬁdei,</strong></span> 
     </span>
    </p>
   </div>
   <div class='ocr_carea' id='block_1_61' title="bbox 473 5628 2041 5703">
    <p class='ocr_par' dir='ltr' id='par_1_61' title="bbox 473 5628 2041 5703">
     <span class='ocr_line' id='line_1_61' title="bbox 473 5628 2041 5703; baseline 0.002 -20"><span class='ocrx_word' id='word_1_375' title='bbox 473 5628 713 5703; x_wconf 59' lang='lat' dir='ltr'><strong>Operam</strong></span> <span class='ocrx_word' id='word_1_376' title='bbox 761 5636 894 5684; x_wconf 89' lang='lat' dir='ltr'><strong>tom.</strong></span> <span class='ocrx_word' id='word_1_377' title='bbox 929 5629 990 5698; x_wconf 89' lang='lat' dir='ltr'><strong>ll,</strong></span> <span class='ocrx_word' id='word_1_378' title='bbox 1014 5634 1119 5703; x_wconf 84' lang='lat' dir='ltr'><strong>lib.</strong></span> <span class='ocrx_word' id='word_1_379' title='bbox 1157 5649 1197 5699; x_wconf 92' lang='grc' dir='ltr'>ι,</span> <span class='ocrx_word' id='word_1_380' title='bbox 1227 5647 1347 5701; x_wconf 87' lang='lat' dir='ltr'><strong>cap.</strong></span> <span class='ocrx_word' id='word_1_381' title='bbox 1387 5631 1536 5703; x_wconf 50' lang='lat' dir='ltr'><strong>“et</strong></span> <span class='ocrx_word' id='word_1_382' title='bbox 1570 5647 1750 5703; x_wconf 69' lang='lat' dir='ltr'><strong>seqq.,</strong></span> <span class='ocrx_word' id='word_1_383' title='bbox 1794 5628 1917 5703; x_wconf 76' lang='lat' dir='ltr'><strong>pag.</strong></span> <span class='ocrx_word' id='word_1_384' title='bbox 1946 5633 2041 5703; x_wconf 68' lang='lat'><strong>151</strong></span> 
     </span>
    </p>
   </div>
   <div class='ocr_carea' id='block_1_62' title="bbox 473 5696 2049 5757">
    <p class='ocr_par' dir='ltr' id='par_1_62' title="bbox 473 5696 2049 5757">
     <span class='ocr_line' id='line_1_62' title="bbox 473 5696 2049 5757; baseline 0.001 -3"><span class='ocrx_word' id='word_1_385' title='bbox 473 5696 609 5754; x_wconf 86' lang='lat' dir='ltr'><strong>edit.</strong></span> <span class='ocrx_word' id='word_1_386' title='bbox 634 5696 854 5753; x_wconf 63' lang='lat' dir='ltr'><strong>Venetae</strong></span> <span class='ocrx_word' id='word_1_387' title='bbox 884 5696 1164 5757; x_wconf 69' lang='lat' dir='ltr'><strong>an.l721.</strong></span> <span class='ocrx_word' id='word_1_388' title='bbox 1184 5696 1429 5757; x_wconf 37' lang='lat' dir='ltr'><strong>&#39;Vid&#39;endi</strong></span> <span class='ocrx_word' id='word_1_389' title='bbox 1461 5696 1664 5756; x_wconf 54' lang='lat' dir='ltr'><strong>Thom:</strong></span> <span class='ocrx_word' id='word_1_390' title='bbox 1684 5696 1821 5757; x_wconf 66' lang='lat' dir='ltr'><strong>Mor.</strong></span> <span class='ocrx_word' id='word_1_391' title='bbox 1854 5696 1906 5756; x_wconf 79' lang='grc' dir='ltr'>ιῖι</span> <span class='ocrx_word' id='word_1_392' title='bbox 1940 5701 2049 5755; x_wconf 85' lang='lat' dir='ltr'><strong>Lu-</strong></span> 
     </span>
    </p>
   </div>
   <div class='ocr_carea' id='block_1_63' title="bbox 478 5770 2044 5843">
    <p class='ocr_par' dir='ltr' id='par_1_63' title="bbox 478 5770 2044 5843">
     <span class='ocr_line' id='line_1_63' title="bbox 478 5770 2044 5843; baseline 0.003 -21"><span class='ocrx_word' id='word_1_393' title='bbox 478 5770 610 5823; x_wconf 84' lang='lat' dir='ltr'><strong>ther.</strong></span> <span class='ocrx_word' id='word_1_394' title='bbox 646 5782 790 5843; x_wconf 83' lang='lat' dir='ltr'><strong>_pag.</strong></span> <span class='ocrx_word' id='word_1_395' title='bbox 844 5770 982 5838; x_wconf 72' lang='lat'><strong>“4;</strong></span> <span class='ocrx_word' id='word_1_396' title='bbox 1031 5770 1271 5828; x_wconf 78' lang='lat' dir='ltr'><strong>Joannes</strong></span> <span class='ocrx_word' id='word_1_397' title='bbox 1322 5773 1475 5828; x_wconf 86' lang='lat' dir='ltr'><strong>card.</strong></span> <span class='ocrx_word' id='word_1_398' title='bbox 1531 5771 1773 5829; x_wconf 81' lang='lat' dir='ltr'><strong>Roffens.</strong></span> <span class='ocrx_word' id='word_1_399' title='bbox 1820 5773 2044 5843; x_wconf 51' lang='grc' dir='ltr'><strong>[ἠείδης.</strong></span> 
     </span>
    </p>
   </div>
   <div class='ocr_carea' id='block_1_64' title="bbox 472 5840 2045 5917">
    <p class='ocr_par' dir='ltr' id='par_1_64' title="bbox 472 5840 2045 5917">
     <span class='ocr_line' id='line_1_64' title="bbox 472 5840 2045 5917; baseline 0.003 -21"><span class='ocrx_word' id='word_1_400' title='bbox 472 5840 758 5907; x_wconf 75' lang='lat' dir='ltr'><strong>sacerdot.,</strong></span> <span class='ocrx_word' id='word_1_401' title='bbox 796 5856 1074 5913; x_wconf 74' lang='lat' dir='ltr'><strong>congress.</strong></span> <span class='ocrx_word' id='word_1_402' title='bbox 1121 5844 1174 5908; x_wconf 78' lang='lat' dir='ltr'><strong>l,</strong></span> <span class='ocrx_word' id='word_1_403' title='bbox 1211 5858 1266 5915; x_wconf 85' lang='lat' dir='ltr'><strong>p.</strong></span> <span class='ocrx_word' id='word_1_404' title='bbox 1313 5843 1480 5911; x_wconf 73' lang='lat' dir='ltr'><strong>I254;</strong></span> <span class='ocrx_word' id='word_1_405' title='bbox 1518 5845 1772 5901; x_wconf 79' lang='lat' dir='ltr'><strong>Albcrtus</strong></span> <span class='ocrx_word' id='word_1_406' title='bbox 1817 5840 2045 5917; x_wconf 71' lang='lat' dir='ltr'><strong>Pighius</strong></span> 
     </span>
    </p>
   </div>
   <div class='ocr_carea' id='block_1_65' title="bbox 2174 582 3766 656">
    <p class='ocr_par' dir='ltr' id='par_1_65' title="bbox 2174 582 3766 656">
     <span class='ocr_line' id='line_1_65' title="bbox 2174 582 3766 656; baseline 0 -17"><span class='ocrx_word' id='word_1_407' title='bbox 2174 601 2434 655; x_wconf 85' lang='lat' dir='ltr'><strong>magnum</strong></span> <span class='ocrx_word' id='word_1_408' title='bbox 2512 582 2857 656; x_wconf 79' lang='lat' dir='ltr'><strong>Hippolytum</strong></span> <span class='ocrx_word' id='word_1_409' title='bbox 2928 582 3291 638; x_wconf 86' lang='lat' dir='ltr'><strong>Portuensem</strong></span> <span class='ocrx_word' id='word_1_410' title='bbox 3347 582 3667 653; x_wconf 85' lang='lat' dir='ltr'><strong>episcopum</strong></span> <span class='ocrx_word' id='word_1_411' title='bbox 3728 599 3766 639; x_wconf 84' lang='lat' dir='ltr'><strong>a</strong></span> 
     </span>
    </p>
   </div>
   <div class='ocr_carea' id='block_1_66' title="bbox 2171 675 3768 748">
    <p class='ocr_par' dir='ltr' id='par_1_66' title="bbox 2171 675 3768 748">
     <span class='ocr_line' id='line_1_66' title="bbox 2171 675 3768 748; baseline -0.001 -17"><span class='ocrx_word' id='word_1_412' title='bbox 2171 676 2470 732; x_wconf 89' lang='lat' dir='ltr'><strong>Prudentio</strong></span> <span class='ocrx_word' id='word_1_413' title='bbox 2513 678 2861 748; x_wconf 79' lang='lat' dir='ltr'><strong>designatum</strong></span> <span class='ocrx_word' id='word_1_414' title='bbox 2906 690 3032 731; x_wconf 90' lang='lat' dir='ltr'><strong>cum</strong></span> <span class='ocrx_word' id='word_1_415' title='bbox 3084 675 3526 731; x_wconf 87' lang='lat' dir='ltr'><strong>eminentissimo</strong></span> <span class='ocrx_word' id='word_1_416' title='bbox 3573 677 3768 730; x_wconf 78' lang='lat' dir='ltr'><strong>Anna-</strong></span> 
     </span>
    </p>
   </div>
   <div class='ocr_carea' id='block_1_67' title="bbox 2173 767 3769 839">
    <p class='ocr_par' dir='ltr' id='par_1_67' title="bbox 2173 767 3769 839">
     <span class='ocr_line' id='line_1_67' title="bbox 2173 767 3769 839; baseline 0.001 -16"><span class='ocrx_word' id='word_1_417' title='bbox 2173 770 2307 824; x_wconf 84' lang='lat' dir='ltr'><strong>lium</strong></span> <span class='ocrx_word' id='word_1_418' title='bbox 2352 771 2637 825; x_wconf 85' lang='lat' dir='ltr'><strong>conditore</strong></span> <span class='ocrx_word' id='word_1_419' title='bbox 2678 770 3062 825; x_wconf 87' lang='lat' dir='ltr'><strong>decernamus.</strong></span> <span class='ocrx_word' id='word_1_420' title='bbox 3100 768 3237 835; x_wconf 87' lang='lat' dir='ltr'><strong>Quis</strong></span> <span class='ocrx_word' id='word_1_421' title='bbox 3274 767 3422 823; x_wconf 88' lang='lat' dir='ltr'><strong>enim</strong></span> <span class='ocrx_word' id='word_1_422' title='bbox 3471 769 3525 822; x_wconf 93' lang='lat' dir='ltr'><strong>in</strong></span> <span class='ocrx_word' id='word_1_423' title='bbox 3566 769 3769 839; x_wconf 81' lang='lat' dir='ltr'><strong>primis</strong></span> 
     </span>
    </p>
   </div>
   <div class='ocr_carea' id='block_1_68' title="bbox 2172 860 3770 933">
    <p class='ocr_par' dir='ltr' id='par_1_68' title="bbox 2172 860 3770 933">
     <span class='ocr_line' id='line_1_68' title="bbox 2172 860 3770 933; baseline 0 -18"><span class='ocrx_word' id='word_1_424' title='bbox 2172 860 2431 917; x_wconf 70' lang='lat' dir='ltr'><strong>Erclesiaa</strong></span> <span class='ocrx_word' id='word_1_425' title='bbox 2459 862 2800 933; x_wconf 84' lang='lat' dir='ltr'><strong>temporibus</strong></span> <span class='ocrx_word' id='word_1_426' title='bbox 2823 861 3035 932; x_wconf 84' lang='lat' dir='ltr'><strong>plebem</strong></span> <span class='ocrx_word' id='word_1_427' title='bbox 3064 861 3358 932; x_wconf 81' lang='lat' dir='ltr'><strong>colligebat</strong></span> <span class='ocrx_word' id='word_1_428' title='bbox 3384 861 3770 931; x_wconf 83' lang='lat' dir='ltr'><strong>docebatque?</strong></span> 
     </span>
    </p>
   </div>
   <div class='ocr_carea' id='block_1_69' title="bbox 2172 951 3770 1024">
    <p class='ocr_par' dir='ltr' id='par_1_69' title="bbox 2172 951 3770 1024">
     <span class='ocr_line' id='line_1_69' title="bbox 2172 951 3770 1024; baseline 0.001 -21"><span class='ocrx_word' id='word_1_429' title='bbox 2172 953 2307 1019; x_wconf 83' lang='lat' dir='ltr'><strong>Quis</strong></span> <span class='ocrx_word' id='word_1_430' title='bbox 2350 969 2451 1024; x_wconf 88' lang='lat' dir='ltr'><strong>pro</strong></span> <span class='ocrx_word' id='word_1_431' title='bbox 2485 953 2690 1009; x_wconf 86' lang='lat' dir='ltr'><strong>Christi</strong></span> <span class='ocrx_word' id='word_1_432' title='bbox 2724 953 2963 1008; x_wconf 78' lang='lat' dir='ltr'><strong>ﬁdelium</strong></span> <span class='ocrx_word' id='word_1_433' title='bbox 3007 953 3187 1022; x_wconf 87' lang='lat' dir='ltr'><strong>capite</strong></span> <span class='ocrx_word' id='word_1_434' title='bbox 3213 953 3379 1023; x_wconf 83' lang='lat' dir='ltr'><strong>vulgo</strong></span> <span class='ocrx_word' id='word_1_435' title='bbox 3412 951 3719 1007; x_wconf 87' lang='lat' dir='ltr'><strong>habebatur</strong></span> <span class='ocrx_word' id='word_1_436' title='bbox 3740 953 3770 1005; x_wconf 82' lang='lat'><strong>?</strong></span> 
     </span>
    </p>
   </div>
   <div class='ocr_carea' id='block_1_70' title="bbox 2171 1042 3773 1112">
    <p class='ocr_par' dir='ltr' id='par_1_70' title="bbox 2171 1042 3773 1112">
     <span class='ocr_line' id='line_1_70' title="bbox 2171 1042 3773 1112; baseline -0.001 -14"><span class='ocrx_word' id='word_1_437' title='bbox 2171 1044 2309 1112; x_wconf 81' lang='lat' dir='ltr'><strong>Quis</strong></span> <span class='ocrx_word' id='word_1_438' title='bbox 2342 1045 2666 1099; x_wconf 85' lang='lat' dir='ltr'><strong>venerandis</strong></span> <span class='ocrx_word' id='word_1_439' title='bbox 2697 1044 2805 1099; x_wconf 89' lang='lat' dir='ltr'><strong>illis</strong></span> <span class='ocrx_word' id='word_1_440' title='bbox 2838 1043 3074 1099; x_wconf 87' lang='lat' dir='ltr'><strong>senioris</strong></span> <span class='ocrx_word' id='word_1_441' title='bbox 3104 1053 3158 1097; x_wconf 90' lang='lat' dir='ltr'><strong>et</strong></span> <span class='ocrx_word' id='word_1_442' title='bbox 3191 1043 3491 1098; x_wconf 87' lang='lat' dir='ltr'><strong>sacerdotis</strong></span> <span class='ocrx_word' id='word_1_443' title='bbox 3522 1042 3773 1097; x_wconf 90' lang='lat' dir='ltr'><strong>nomini—</strong></span> 
     </span>
    </p>
   </div>
   <div class='ocr_carea' id='block_1_71' title="bbox 2170 1135 3767 1207">
    <p class='ocr_par' dir='ltr' id='par_1_71' title="bbox 2170 1135 3767 1207">
     <span class='ocr_line' id='line_1_71' title="bbox 2170 1135 3767 1207; baseline -0.001 -16"><span class='ocrx_word' id='word_1_444' title='bbox 2170 1137 2277 1191; x_wconf 92' lang='lat' dir='ltr'><strong>bus</strong></span> <span class='ocrx_word' id='word_1_445' title='bbox 2337 1138 2405 1191; x_wconf 87' lang='lat' dir='ltr'><strong>ab</strong></span> <span class='ocrx_word' id='word_1_446' title='bbox 2457 1137 2859 1206; x_wconf 82' lang='lat' dir='ltr'><strong>antiquissimis</strong></span> <span class='ocrx_word' id='word_1_447' title='bbox 2918 1135 3283 1207; x_wconf 88' lang='lat' dir='ltr'><strong>scriptoribus</strong></span> <span class='ocrx_word' id='word_1_448' title='bbox 3340 1143 3401 1189; x_wconf 94' lang='lat' dir='ltr'><strong>ut</strong></span> <span class='ocrx_word' id='word_1_449' title='bbox 3458 1135 3767 1205; x_wconf 87' lang='lat' dir='ltr'><strong>plurimum</strong></span> 
     </span>
    </p>
   </div>
   <div class='ocr_carea' id='block_1_72' title="bbox 2172 1224 3767 1299">
    <p class='ocr_par' dir='ltr' id='par_1_72' title="bbox 2172 1224 3767 1299">
     <span class='ocr_line' id='line_1_72' title="bbox 2172 1224 3767 1299; baseline -0.001 -18"><span class='ocrx_word' id='word_1_450' title='bbox 2172 1226 2468 1298; x_wconf 86' lang='lat' dir='ltr'><strong>insignitus</strong></span> <span class='ocrx_word' id='word_1_451' title='bbox 2496 1227 2641 1282; x_wconf 79' lang='lat' dir='ltr'><strong>fuit?</strong></span> <span class='ocrx_word' id='word_1_452' title='bbox 2669 1226 3046 1298; x_wconf 86' lang='lat' dir='ltr'><strong>Episcopusne</strong></span> <span class='ocrx_word' id='word_1_453' title='bbox 3078 1244 3146 1282; x_wconf 91' lang='lat' dir='ltr'><strong>an</strong></span> <span class='ocrx_word' id='word_1_454' title='bbox 3181 1225 3504 1299; x_wconf 83' lang='lat' dir='ltr'><strong>presbyter?</strong></span> <span class='ocrx_word' id='word_1_455' title='bbox 3531 1224 3767 1297; x_wconf 81' lang='lat' dir='ltr'><strong>Episco-</strong></span> 
     </span>
    </p>
   </div>
   <div class='ocr_carea' id='block_1_73' title="bbox 2170 1317 3768 1391">
    <p class='ocr_par' dir='ltr' id='par_1_73' title="bbox 2170 1317 3768 1391">
     <span class='ocr_line' id='line_1_73' title="bbox 2170 1317 3768 1391; baseline -0.001 -17"><span class='ocrx_word' id='word_1_456' title='bbox 2170 1332 2303 1391; x_wconf 90' lang='lat' dir='ltr'><strong>pum</strong></span> <span class='ocrx_word' id='word_1_457' title='bbox 2335 1334 2469 1374; x_wconf 87' lang='lat' dir='ltr'><strong>sane</strong></span> <span class='ocrx_word' id='word_1_458' title='bbox 2498 1319 2861 1374; x_wconf 85' lang='lat' dir='ltr'><strong>sanctissimis</strong></span> <span class='ocrx_word' id='word_1_459' title='bbox 2910 1319 3222 1388; x_wconf 68' lang='lat' dir='ltr'><strong>huiusmodi</strong></span> <span class='ocrx_word' id='word_1_460' title='bbox 3270 1317 3597 1373; x_wconf 90' lang='lat' dir='ltr'><strong>muneribus</strong></span> <span class='ocrx_word' id='word_1_461' title='bbox 3629 1317 3768 1373; x_wconf 81' lang='lat' dir='ltr'><strong>fun-</strong></span> 
     </span>
    </p>
   </div>
   <div class='ocr_carea' id='block_1_74' title="bbox 2170 1408 3771 1480">
    <p class='ocr_par' dir='ltr' id='par_1_74' title="bbox 2170 1408 3771 1480">
     <span class='ocr_line' id='line_1_74' title="bbox 2170 1408 3771 1480; baseline -0.001 -14"><span class='ocrx_word' id='word_1_462' title='bbox 2170 1419 2345 1473; x_wconf 88' lang='lat' dir='ltr'><strong>ctum,</strong></span> <span class='ocrx_word' id='word_1_463' title='bbox 2377 1425 2441 1465; x_wconf 90' lang='lat' dir='ltr'><strong>ac</strong></span> <span class='ocrx_word' id='word_1_464' title='bbox 2484 1410 2776 1480; x_wconf 62' lang='lat' dir='ltr'><strong>praecipuis</strong></span> <span class='ocrx_word' id='word_1_465' title='bbox 2814 1409 2967 1465; x_wconf 89' lang='lat' dir='ltr'><strong>hisce</strong></span> <span class='ocrx_word' id='word_1_466' title='bbox 3011 1411 3331 1465; x_wconf 89' lang='lat' dir='ltr'><strong>nominibus</strong></span> <span class='ocrx_word' id='word_1_467' title='bbox 3377 1426 3407 1463; x_wconf 90' lang='lat' dir='ltr'><strong>a</strong></span> <span class='ocrx_word' id='word_1_468' title='bbox 3459 1408 3771 1479; x_wconf 82' lang='lat' dir='ltr'><strong>majoribus</strong></span> 
     </span>
    </p>
   </div>
   <div class='ocr_carea' id='block_1_75' title="bbox 2172 1502 3769 1573">
    <p class='ocr_par' dir='ltr' id='par_1_75' title="bbox 2172 1502 3769 1573">
     <span class='ocr_line' id='line_1_75' title="bbox 2172 1502 3769 1573; baseline -0.001 -14"><span class='ocrx_word' id='word_1_469' title='bbox 2172 1505 2379 1559; x_wconf 91' lang='lat' dir='ltr'><strong>nostris</strong></span> <span class='ocrx_word' id='word_1_470' title='bbox 2410 1505 2607 1573; x_wconf 86' lang='lat' dir='ltr'><strong>priscis</strong></span> <span class='ocrx_word' id='word_1_471' title='bbox 2634 1504 2741 1558; x_wconf 89' lang='lat' dir='ltr'><strong>illis</strong></span> <span class='ocrx_word' id='word_1_472' title='bbox 2777 1503 3117 1573; x_wconf 82' lang='lat' dir='ltr'><strong>temporibus</strong></span> <span class='ocrx_word' id='word_1_473' title='bbox 3152 1502 3519 1572; x_wconf 81' lang='lat' dir='ltr'><strong>designatum,</strong></span> <span class='ocrx_word' id='word_1_474' title='bbox 3546 1510 3769 1557; x_wconf 85' lang='lat' dir='ltr'><strong>veteres</strong></span> 
     </span>
    </p>
   </div>
   <div class='ocr_carea' id='block_1_76' title="bbox 2172 1594 3765 1665">
    <p class='ocr_par' dir='ltr' id='par_1_76' title="bbox 2172 1594 3765 1665">
     <span class='ocr_line' id='line_1_76' title="bbox 2172 1594 3765 1665; baseline -0.001 -13"><span class='ocrx_word' id='word_1_475' title='bbox 2172 1605 2443 1652; x_wconf 86' lang='lat' dir='ltr'><strong>testantur</strong></span> <span class='ocrx_word' id='word_1_476' title='bbox 2474 1594 2685 1660; x_wconf 86' lang='lat' dir='ltr'><strong>Patres,</strong></span> <span class='ocrx_word' id='word_1_477' title='bbox 2717 1610 2953 1665; x_wconf 85' lang='lat' dir='ltr'><strong>quorum</strong></span> <span class='ocrx_word' id='word_1_478' title='bbox 2995 1594 3191 1665; x_wconf 86' lang='lat' dir='ltr'><strong>placita</strong></span> <span class='ocrx_word' id='word_1_479' title='bbox 3233 1596 3284 1648; x_wconf 91' lang='lat' dir='ltr'><strong>in</strong></span> <span class='ocrx_word' id='word_1_480' title='bbox 3331 1610 3497 1648; x_wconf 92' lang='lat' dir='ltr'><strong>unum</strong></span> <span class='ocrx_word' id='word_1_481' title='bbox 3530 1595 3765 1650; x_wconf 81' lang='lat' dir='ltr'><strong>collecta</strong></span> 
     </span>
    </p>
   </div>
   <div class='ocr_carea' id='block_1_77' title="bbox 2171 1687 3764 1759">
    <p class='ocr_par' dir='ltr' id='par_1_77' title="bbox 2171 1687 3764 1759">
     <span class='ocr_line' id='line_1_77' title="bbox 2171 1687 3764 1759; baseline -0.002 -14"><span class='ocrx_word' id='word_1_482' title='bbox 2171 1704 2315 1759; x_wconf 71' lang='lat' dir='ltr'><strong>saepe</strong></span> <span class='ocrx_word' id='word_1_483' title='bbox 2346 1698 2645 1744; x_wconf 87' lang='lat' dir='ltr'><strong>occurrunt</strong></span> <span class='ocrx_word' id='word_1_484' title='bbox 2675 1687 2728 1741; x_wconf 91' lang='lat' dir='ltr'><strong>in</strong></span> <span class='ocrx_word' id='word_1_485' title='bbox 2761 1687 2979 1741; x_wconf 79' lang='lat' dir='ltr'><strong>eximiis</strong></span> <span class='ocrx_word' id='word_1_486' title='bbox 3006 1702 3330 1756; x_wconf 85' lang='lat' dir='ltr'><strong>magnorum</strong></span> <span class='ocrx_word' id='word_1_487' title='bbox 3361 1688 3605 1742; x_wconf 84' lang='lat' dir='ltr'><strong>virorum</strong></span> <span class='ocrx_word' id='word_1_488' title='bbox 3643 1687 3764 1758; x_wconf 84' lang='lat'><strong>(85)</strong></span> 
     </span>
    </p>
   </div>
   <div class='ocr_carea' id='block_1_78' title="bbox 2172 1780 3770 1852">
    <p class='ocr_par' dir='ltr' id='par_1_78' title="bbox 2172 1780 3770 1852">
     <span class='ocr_line' id='line_1_78' title="bbox 2172 1780 3770 1852; baseline 0 -18"><span class='ocrx_word' id='word_1_489' title='bbox 2172 1781 2450 1852; x_wconf 87' lang='lat' dir='ltr'><strong>operibus,</strong></span> <span class='ocrx_word' id='word_1_490' title='bbox 2494 1782 2696 1851; x_wconf 82' lang='lat' dir='ltr'><strong>quibus</strong></span> <span class='ocrx_word' id='word_1_491' title='bbox 2729 1780 2798 1834; x_wconf 90' lang='lat' dir='ltr'><strong>ab</strong></span> <span class='ocrx_word' id='word_1_492' title='bbox 2832 1781 3028 1834; x_wconf 86' lang='lat' dir='ltr'><strong>insana</strong></span> <span class='ocrx_word' id='word_1_493' title='bbox 3080 1780 3621 1850; x_wconf 81' lang='lat' dir='ltr'><strong>presbyterianorum</strong></span> <span class='ocrx_word' id='word_1_494' title='bbox 3668 1796 3770 1850; x_wconf 86' lang='lat' dir='ltr'><strong>pc-</strong></span> 
     </span>
    </p>
   </div>
   <div class='ocr_carea' id='block_1_79' title="bbox 2173 1868 3767 1940">
    <p class='ocr_par' dir='ltr' id='par_1_79' title="bbox 2173 1868 3767 1940">
     <span class='ocr_line' id='line_1_79' title="bbox 2173 1868 3767 1940; baseline 0 -16"><span class='ocrx_word' id='word_1_495' title='bbox 2173 1871 2402 1925; x_wconf 80' lang='lat' dir='ltr'><strong>tulantia</strong></span> <span class='ocrx_word' id='word_1_496' title='bbox 2434 1870 2808 1940; x_wconf 88' lang='lat' dir='ltr'><strong>episcopalem</strong></span> <span class='ocrx_word' id='word_1_497' title='bbox 2839 1869 3184 1940; x_wconf 88' lang='lat' dir='ltr'><strong>dignitatem,</strong></span> <span class='ocrx_word' id='word_1_498' title='bbox 3211 1869 3264 1922; x_wconf 90' lang='lat' dir='ltr'><strong>in</strong></span> <span class='ocrx_word' id='word_1_499' title='bbox 3295 1870 3427 1939; x_wconf 87' lang='lat' dir='ltr'><strong>ipsis</strong></span> <span class='ocrx_word' id='word_1_500' title='bbox 3458 1870 3623 1925; x_wconf 89' lang='lat' dir='ltr'><strong>etiam</strong></span> <span class='ocrx_word' id='word_1_501' title='bbox 3647 1868 3767 1924; x_wconf 43' lang='lat' dir='ltr'><strong>Lu‘</strong></span> 
     </span>
    </p>
   </div>
   <div class='ocr_carea' id='block_1_80' title="bbox 2171 1961 3768 2031">
    <p class='ocr_par' dir='ltr' id='par_1_80' title="bbox 2171 1961 3768 2031">
     <span class='ocr_line' id='line_1_80' title="bbox 2171 1961 3768 2031; baseline 0.001 -14"><span class='ocrx_word' id='word_1_502' title='bbox 2171 1964 2411 2017; x_wconf 70' lang='lat' dir='ltr'><strong>themate</strong></span> <span class='ocrx_word' id='word_1_503' title='bbox 2469 1961 2764 2031; x_wconf 88' lang='lat' dir='ltr'><strong>impietatis</strong></span> <span class='ocrx_word' id='word_1_504' title='bbox 2819 1961 3083 2026; x_wconf 71' lang='lat' dir='ltr'><strong>exordiis,</strong></span> <span class='ocrx_word' id='word_1_505' title='bbox 3135 1977 3352 2017; x_wconf 89' lang='lat' dir='ltr'><strong>summa</strong></span> <span class='ocrx_word' id='word_1_506' title='bbox 3412 1979 3537 2017; x_wconf 89' lang='lat' dir='ltr'><strong>cum</strong></span> <span class='ocrx_word' id='word_1_507' title='bbox 3595 1963 3768 2019; x_wconf 85' lang='lat' dir='ltr'><strong>laude</strong></span> 
     </span>
    </p>
   </div>
   <div class='ocr_carea' id='block_1_81' title="bbox 2170 2051 3771 2126">
    <p class='ocr_par' dir='ltr' id='par_1_81' title="bbox 2170 2051 3771 2126">
     <span class='ocr_line' id='line_1_81' title="bbox 2170 2051 3771 2126; baseline 0.001 -19"><span class='ocrx_word' id='word_1_508' title='bbox 2170 2053 2537 2109; x_wconf 79' lang='lat' dir='ltr'><strong>vindicarunt.</strong></span> <span class='ocrx_word' id='word_1_509' title='bbox 2568 2052 2796 2109; x_wconf 81' lang='lat' dir='ltr'><strong>Monstri</strong></span> <span class='ocrx_word' id='word_1_510' title='bbox 2828 2055 2976 2108; x_wconf 91' lang='lat' dir='ltr'><strong>enim</strong></span> <span class='ocrx_word' id='word_1_511' title='bbox 3002 2053 3183 2108; x_wconf 90' lang='lat' dir='ltr'><strong>simile</strong></span> <span class='ocrx_word' id='word_1_512' title='bbox 3208 2063 3375 2121; x_wconf 88' lang='lat' dir='ltr'><strong>esset,</strong></span> <span class='ocrx_word' id='word_1_513' title='bbox 3409 2055 3454 2109; x_wconf 90' lang='lat' dir='ltr'><strong>si</strong></span> <span class='ocrx_word' id='word_1_514' title='bbox 3488 2051 3535 2107; x_wconf 93' lang='lat' dir='ltr'><strong>ll</strong></span> <span class='ocrx_word' id='word_1_515' title='bbox 3559 2054 3771 2126; x_wconf 59' lang='lat' dir='ltr'><strong>ppoly-b</strong></span> 
     </span>
    </p>
   </div>
   <div class='ocr_carea' id='block_1_82' title="bbox 2169 2143 3772 2217">
    <p class='ocr_par' dir='ltr' id='par_1_82' title="bbox 2169 2143 3772 2217">
     <span class='ocr_line' id='line_1_82' title="bbox 2169 2143 3772 2217; baseline -0.001 -18"><span class='ocrx_word' id='word_1_516' title='bbox 2169 2155 2283 2199; x_wconf 91' lang='lat' dir='ltr'><strong>tum</strong></span> <span class='ocrx_word' id='word_1_517' title='bbox 2315 2145 2693 2217; x_wconf 83' lang='lat' dir='ltr'><strong>presbyterum</strong></span> <span class='ocrx_word' id='word_1_518' title='bbox 2734 2163 2753 2196; x_wconf 78' lang='grc' dir='ltr'><strong>ι</strong></span> <span class='ocrx_word' id='word_1_519' title='bbox 2813 2144 2988 2214; x_wconf 88' lang='lat' dir='ltr'><strong>plebis</strong></span> <span class='ocrx_word' id='word_1_520' title='bbox 3029 2143 3350 2200; x_wconf 87' lang='lat' dir='ltr'><strong>Portuensis</strong></span> <span class='ocrx_word' id='word_1_521' title='bbox 3392 2154 3558 2215; x_wconf 84' lang='lat' dir='ltr'><strong>caput</strong></span> <span class='ocrx_word' id='word_1_522' title='bbox 3592 2146 3772 2200; x_wconf 79' lang='lat' dir='ltr'><strong>exsti-</strong></span> 
     </span>
    </p>
   </div>
   <div class='ocr_carea' id='block_1_83' title="bbox 2168 2235 3768 2307">
    <p class='ocr_par' dir='ltr' id='par_1_83' title="bbox 2168 2235 3768 2307">
     <span class='ocr_line' id='line_1_83' title="bbox 2168 2235 3768 2307; baseline 0.001 -17"><span class='ocrx_word' id='word_1_523' title='bbox 2168 2247 2298 2291; x_wconf 79' lang='lat' dir='ltr'><strong>tisse</strong></span> <span class='ocrx_word' id='word_1_524' title='bbox 2329 2235 2712 2302; x_wconf 88' lang='lat' dir='ltr'><strong>crederemus;</strong></span> <span class='ocrx_word' id='word_1_525' title='bbox 2752 2252 2877 2292; x_wconf 91' lang='lat' dir='ltr'><strong>cum</strong></span> <span class='ocrx_word' id='word_1_526' title='bbox 2917 2236 3037 2292; x_wconf 92' lang='lat' dir='ltr'><strong>sine</strong></span> <span class='ocrx_word' id='word_1_527' title='bbox 3066 2237 3351 2307; x_wconf 86' lang='lat' dir='ltr'><strong>episcopo,</strong></span> <span class='ocrx_word' id='word_1_528' title='bbox 3388 2252 3489 2292; x_wconf 91' lang='lat' dir='ltr'><strong>nec</strong></span> <span class='ocrx_word' id='word_1_529' title='bbox 3537 2236 3768 2304; x_wconf 83' lang='lat' dir='ltr'><strong>oli‘erre,</strong></span> 
     </span>
    </p>
   </div>
   <div class='ocr_carea' id='block_1_84' title="bbox 2167 2326 3772 2399">
    <p class='ocr_par' dir='ltr' id='par_1_84' title="bbox 2167 2326 3772 2399">
     <span class='ocr_line' id='line_1_84' title="bbox 2167 2326 3772 2399; baseline 0.001 -18"><span class='ocrx_word' id='word_1_530' title='bbox 2167 2342 2347 2397; x_wconf 91' lang='lat' dir='ltr'><strong>neque</strong></span> <span class='ocrx_word' id='word_1_531' title='bbox 2393 2326 2726 2383; x_wconf 83' lang='lat' dir='ltr'><strong>sacriﬁcium</strong></span> <span class='ocrx_word' id='word_1_532' title='bbox 2774 2328 3082 2395; x_wconf 86' lang='lat' dir='ltr'><strong>immolare,</strong></span> <span class='ocrx_word' id='word_1_533' title='bbox 3132 2344 3313 2399; x_wconf 91' lang='lat' dir='ltr'><strong>neque</strong></span> <span class='ocrx_word' id='word_1_534' title='bbox 3361 2330 3564 2384; x_wconf 83' lang='lat' dir='ltr'><strong>missas</strong></span> <span class='ocrx_word' id='word_1_535' title='bbox 3614 2329 3772 2383; x_wconf 60' lang='lat' dir='ltr'><strong>celes</strong></span> 
     </span>
    </p>
   </div>
   <div class='ocr_carea' id='block_1_85' title="bbox 2165 2419 3769 2492">
    <p class='ocr_par' dir='ltr' id='par_1_85' title="bbox 2165 2419 3769 2492">
     <span class='ocr_line' id='line_1_85' title="bbox 2165 2419 3769 2492; baseline 0.001 -19"><span class='ocrx_word' id='word_1_536' title='bbox 2165 2420 2327 2475; x_wconf 84' lang='lat' dir='ltr'><strong>brare</strong></span> <span class='ocrx_word' id='word_1_537' title='bbox 2368 2420 2713 2492; x_wconf 81' lang='lat' dir='ltr'><strong>presbyteros</strong></span> <span class='ocrx_word' id='word_1_538' title='bbox 2753 2420 3019 2490; x_wconf 81' lang='lat' dir='ltr'><strong>potuisse,</strong></span> <span class='ocrx_word' id='word_1_539' title='bbox 3049 2421 3190 2475; x_wconf 91' lang='lat' dir='ltr'><strong>miro</strong></span> <span class='ocrx_word' id='word_1_540' title='bbox 3208 2419 3457 2476; x_wconf 79' lang='lat' dir='ltr'><strong>&#39;doceant</strong></span> <span class='ocrx_word' id='word_1_541' title='bbox 3488 2436 3769 2477; x_wconf 82' lang='lat' dir='ltr'><strong>consensu</strong></span> 
     </span>
    </p>
   </div>
   <div class='ocr_carea' id='block_1_86' title="bbox 2163 2512 3766 2580">
    <p class='ocr_par' dir='ltr' id='par_1_86' title="bbox 2163 2512 3766 2580">
     <span class='ocr_line' id='line_1_86' title="bbox 2163 2512 3766 2580; baseline 0.002 -13"><span class='ocrx_word' id='word_1_542' title='bbox 2163 2513 2537 2569; x_wconf 81' lang='lat' dir='ltr'><strong>vetustissima</strong></span> <span class='ocrx_word' id='word_1_543' title='bbox 2566 2512 2789 2568; x_wconf 90' lang='lat' dir='ltr'><strong>Patrum</strong></span> <span class='ocrx_word' id='word_1_544' title='bbox 2812 2523 2867 2569; x_wconf 89' lang='lat' dir='ltr'><strong>et</strong></span> <span class='ocrx_word' id='word_1_545' title='bbox 2888 2515 3272 2571; x_wconf 88' lang='lat' dir='ltr'><strong>Conciliorum</strong></span> <span class='ocrx_word' id='word_1_546' title='bbox 3303 2526 3656 2570; x_wconf 89' lang='lat' dir='ltr'><strong>monumenta</strong></span> <span class='ocrx_word' id='word_1_547' title='bbox 3680 2534 3695 2580; x_wconf 88' lang='lat'><strong>;</strong></span> <span class='ocrx_word' id='word_1_548' title='bbox 3744 2532 3766 2569; x_wconf 68' lang='grc' dir='ltr'><strong>ο</strong></span> 
     </span>
    </p>
   </div>
   <div class='ocr_carea' id='block_1_87' title="bbox 2162 2602 3775 2677">
    <p class='ocr_par' dir='ltr' id='par_1_87' title="bbox 2162 2602 3775 2677">
     <span class='ocr_line' id='line_1_87' title="bbox 2162 2602 3775 2677; baseline 0.003 -21"><span class='ocrx_word' id='word_1_549' title='bbox 2162 2603 2437 2674; x_wconf 73' lang='lat' dir='ltr'><strong>praecipue</strong></span> <span class='ocrx_word' id='word_1_550' title='bbox 2466 2618 2600 2659; x_wconf 89' lang='lat' dir='ltr'><strong>vero</strong></span> <span class='ocrx_word' id='word_1_551' title='bbox 2618 2602 2676 2658; x_wconf 89' lang='lat' dir='ltr'><strong>S.</strong></span> <span class='ocrx_word' id='word_1_552' title='bbox 2706 2602 2949 2674; x_wconf 87' lang='lat' dir='ltr'><strong>lgnatius</strong></span> <span class='ocrx_word' id='word_1_553' title='bbox 2966 2615 3171 2677; x_wconf 90' lang='lat' dir='ltr'><strong>martyr</strong></span> <span class='ocrx_word' id='word_1_554' title='bbox 3188 2605 3324 2675; x_wconf 89' lang='lat'><strong>(86),</strong></span> <span class='ocrx_word' id='word_1_555' title='bbox 3349 2606 3439 2675; x_wconf 92' lang='lat' dir='ltr'><strong>qni</strong></span> <span class='ocrx_word' id='word_1_556' title='bbox 3468 2606 3653 2660; x_wconf 87' lang='lat' dir='ltr'><strong>divino</strong></span> <span class='ocrx_word' id='word_1_557' title='bbox 3671 2606 3775 2661; x_wconf 76' lang='lat' dir='ltr'><strong>af-</strong></span> 
     </span>
    </p>
   </div>
   <div class='ocr_carea' id='block_1_88' title="bbox 2163 2693 3777 2772">
    <p class='ocr_par' dir='ltr' id='par_1_88' title="bbox 2163 2693 3777 2772">
     <span class='ocr_line' id='line_1_88' title="bbox 2163 2693 3777 2772; baseline 0.006 -23"><span class='ocrx_word' id='word_1_558' title='bbox 2163 2693 2324 2749; x_wconf 84' lang='lat' dir='ltr'><strong>ﬂatus</strong></span> <span class='ocrx_word' id='word_1_559' title='bbox 2345 2694 2553 2767; x_wconf 83' lang='lat' dir='ltr'><strong>Spiritu</strong></span> <span class='ocrx_word' id='word_1_560' title='bbox 2583 2697 2786 2767; x_wconf 89' lang='lat' dir='ltr'><strong>ubique</strong></span> <span class='ocrx_word' id='word_1_561' title='bbox 2809 2698 2990 2754; x_wconf 81' lang='lat' dir='ltr'><strong>ﬁdeles</strong></span> <span class='ocrx_word' id='word_1_562' title='bbox 3006 2708 3209 2764; x_wconf 90' lang='lat' dir='ltr'><strong>monet,</strong></span> <span class='ocrx_word' id='word_1_563' title='bbox 3235 2714 3253 2749; x_wconf 87' lang='grc' dir='ltr'><strong>ι</strong></span> <span class='ocrx_word' id='word_1_564' title='bbox 3277 2715 3344 2753; x_wconf 92' lang='lat' dir='ltr'><strong>ne</strong></span> <span class='ocrx_word' id='word_1_565' title='bbox 3370 2700 3489 2754; x_wconf 89' lang='lat' dir='ltr'><strong>sine</strong></span> <span class='ocrx_word' id='word_1_566' title='bbox 3503 2701 3777 2772; x_wconf 75' lang='lat' dir='ltr'><strong>episcopo</strong></span> 
     </span>
    </p>
   </div>
   <div class='ocr_carea' id='block_1_89' title="bbox 2166 2788 3682 2862">
    <p class='ocr_par' dir='ltr' id='par_1_89' title="bbox 2166 2788 3682 2862">
     <span class='ocr_line' id='line_1_89' title="bbox 2166 2788 3682 2862; baseline 0.002 -22"><span class='ocrx_word' id='word_1_567' title='bbox 2166 2788 2374 2857; x_wconf 87' lang='lat' dir='ltr'><strong>aliquid</strong></span> <span class='ocrx_word' id='word_1_568' title='bbox 2401 2788 2628 2854; x_wconf 81' lang='lat' dir='ltr'><strong>faciant,</strong></span> <span class='ocrx_word' id='word_1_569' title='bbox 2654 2791 2747 2845; x_wconf 89' lang='lat' dir='ltr'><strong>sed</strong></span> <span class='ocrx_word' id='word_1_570' title='bbox 2780 2791 2933 2845; x_wconf 89' lang='lat' dir='ltr'><strong>illum</strong></span> <span class='ocrx_word' id='word_1_571' title='bbox 2969 2800 3279 2861; x_wconf 92' lang='lat' dir='ltr'><strong>sequantur</strong></span> <span class='ocrx_word' id='word_1_572' title='bbox 3308 2803 3370 2846; x_wconf 94' lang='lat' dir='ltr'><strong>ut</strong></span> <span class='ocrx_word' id='word_1_573' title='bbox 3393 2802 3623 2862; x_wconf 90' lang='lat' dir='ltr'><strong>patrem.</strong></span> <span class='ocrx_word' id='word_1_574' title='bbox 3662 2810 3682 2843; x_wconf 73' lang='grc' dir='ltr'><strong>ι</strong></span> 
     </span>
    </p>
   </div>
   <div class='ocr_carea' id='block_1_90' title="bbox 2233 2879 3777 2971">
    <p class='ocr_par' dir='ltr' id='par_1_90' title="bbox 2233 2879 3777 2971">
     <span class='ocr_line' id='line_1_90' title="bbox 2233 2879 3777 2971; baseline 0.004 -38"><span class='ocrx_word' id='word_1_575' title='bbox 2233 2879 2305 2934; x_wconf 84' lang='lat' dir='ltr'><strong>At</strong></span> <span class='ocrx_word' id='word_1_576' title='bbox 2362 2881 2507 2936; x_wconf 89' lang='lat' dir='ltr'><strong>dicet</strong></span> <span class='ocrx_word' id='word_1_577' title='bbox 2557 2881 2761 2952; x_wconf 87' lang='lat' dir='ltr'><strong>aliquis</strong></span> <span class='ocrx_word' id='word_1_578' title='bbox 2816 2883 3171 2955; x_wconf 86' lang='lat' dir='ltr'><strong>presbyteros</strong></span> <span class='ocrx_word' id='word_1_579' title='bbox 3216 2883 3431 2955; x_wconf 91' lang='lat' dir='ltr'><strong>plebem</strong></span> <span class='ocrx_word' id='word_1_580' title='bbox 3481 2885 3777 2971; x_wconf 60' lang='lat' dir='ltr'><strong>docuisse,</strong></span> 
     </span>
    </p>
   </div>
   <div class='ocr_carea' id='block_1_91' title="bbox 2161 2972 3777 3044">
    <p class='ocr_par' dir='ltr' id='par_1_91' title="bbox 2161 2972 3777 3044">
     <span class='ocr_line' id='line_1_91' title="bbox 2161 2972 3777 3044; baseline 0.003 -18"><span class='ocrx_word' id='word_1_581' title='bbox 2161 2972 2373 3044; x_wconf 89' lang='lat' dir='ltr'><strong>plebem</strong></span> <span class='ocrx_word' id='word_1_582' title='bbox 2401 2973 2704 3044; x_wconf 82' lang='lat' dir='ltr'><strong>collegisse,</strong></span> <span class='ocrx_word' id='word_1_583' title='bbox 2728 2985 2781 3029; x_wconf 89' lang='lat' dir='ltr'><strong>et</strong></span> <span class='ocrx_word' id='word_1_584' title='bbox 2808 2975 3100 3029; x_wconf 85' lang='lat' dir='ltr'><strong>sacerdotis</strong></span> <span class='ocrx_word' id='word_1_585' title='bbox 3139 2980 3195 3030; x_wconf 89' lang='lat' dir='ltr'><strong>et</strong></span> <span class='ocrx_word' id='word_1_586' title='bbox 3234 2977 3458 3030; x_wconf 89' lang='lat' dir='ltr'><strong>senioris</strong></span> <span class='ocrx_word' id='word_1_587' title='bbox 3478 2977 3640 3031; x_wconf 89' lang='lat' dir='ltr'><strong>etiam</strong></span> <span class='ocrx_word' id='word_1_588' title='bbox 3658 2992 3777 3031; x_wconf 83' lang='lat' dir='ltr'><strong>no-</strong></span> 
     </span>
    </p>
   </div>
   <div class='ocr_carea' id='block_1_92' title="bbox 2162 3064 3768 3140">
    <p class='ocr_par' dir='ltr' id='par_1_92' title="bbox 2162 3064 3768 3140">
     <span class='ocr_line' id='line_1_92' title="bbox 2162 3064 3768 3140; baseline 0.006 -22"><span class='ocrx_word' id='word_1_589' title='bbox 2162 3064 2407 3121; x_wconf 90' lang='lat' dir='ltr'><strong>minibus</strong></span> <span class='ocrx_word' id='word_1_590' title='bbox 2437 3065 2542 3121; x_wconf 90' lang='lat' dir='ltr'><strong>hoc</strong></span> <span class='ocrx_word' id='word_1_591' title='bbox 2575 3082 2691 3121; x_wconf 71' lang='lat' dir='ltr'><strong>aevo</strong></span> <span class='ocrx_word' id='word_1_592' title='bbox 2723 3066 2894 3123; x_wconf 81' lang='lat' dir='ltr'><strong>fuisse</strong></span> <span class='ocrx_word' id='word_1_593' title='bbox 2925 3068 3199 3124; x_wconf 91' lang='lat' dir='ltr'><strong>interdum</strong></span> <span class='ocrx_word' id='word_1_594' title='bbox 3230 3068 3566 3140; x_wconf 88' lang='lat' dir='ltr'><strong>designatos.</strong></span> <span class='ocrx_word' id='word_1_595' title='bbox 3595 3068 3768 3127; x_wconf 84' lang='lat' dir='ltr'><strong>Fate-</strong></span> 
     </span>
    </p>
   </div>
   <div class='ocr_carea' id='block_1_93' title="bbox 2164 3159 3767 3235">
    <p class='ocr_par' dir='ltr' id='par_1_93' title="bbox 2164 3159 3767 3235">
     <span class='ocr_line' id='line_1_93' title="bbox 2164 3159 3767 3235; baseline 0.006 -24"><span class='ocrx_word' id='word_1_596' title='bbox 2164 3173 2291 3212; x_wconf 91' lang='lat' dir='ltr'><strong>mur</strong></span> <span class='ocrx_word' id='word_1_597' title='bbox 2314 3159 2426 3214; x_wconf 81' lang='lat' dir='ltr'><strong>haec</strong></span> <span class='ocrx_word' id='word_1_598' title='bbox 2451 3161 2637 3215; x_wconf 89' lang='lat' dir='ltr'><strong>omnia</strong></span> <span class='ocrx_word' id='word_1_599' title='bbox 2659 3160 2882 3215; x_wconf 89' lang='lat' dir='ltr'><strong>licuisse</strong></span> <span class='ocrx_word' id='word_1_600' title='bbox 2902 3161 3065 3216; x_wconf 88' lang='lat' dir='ltr'><strong>etiam</strong></span> <span class='ocrx_word' id='word_1_601' title='bbox 3090 3162 3451 3235; x_wconf 90' lang='lat' dir='ltr'><strong>presbyteris,</strong></span> <span class='ocrx_word' id='word_1_602' title='bbox 3478 3162 3767 3235; x_wconf 85' lang='lat' dir='ltr'><strong>permissu</strong></span> 
     </span>
    </p>
   </div>
   <div class='ocr_carea' id='block_1_94' title="bbox 2163 3251 3768 3326">
    <p class='ocr_par' dir='ltr' id='par_1_94' title="bbox 2163 3251 3768 3326">
     <span class='ocr_line' id='line_1_94' title="bbox 2163 3251 3768 3326; baseline 0.004 -22"><span class='ocrx_word' id='word_1_603' title='bbox 2163 3258 2346 3304; x_wconf 86' lang='lat' dir='ltr'><strong>tamen</strong></span> <span class='ocrx_word' id='word_1_604' title='bbox 2379 3251 2645 3322; x_wconf 91' lang='lat' dir='ltr'><strong>episcopi,</strong></span> <span class='ocrx_word' id='word_1_605' title='bbox 2680 3267 2844 3322; x_wconf 92' lang='lat' dir='ltr'><strong>quem</strong></span> <span class='ocrx_word' id='word_1_606' title='bbox 2889 3253 3064 3324; x_wconf 89' lang='lat' dir='ltr'><strong>plebis</strong></span> <span class='ocrx_word' id='word_1_607' title='bbox 3108 3255 3212 3309; x_wconf 86' lang='lat' dir='ltr'><strong>sibi</strong></span> <span class='ocrx_word' id='word_1_608' title='bbox 3242 3256 3557 3310; x_wconf 69' lang='lat' dir='ltr'><strong>commissae</strong></span> <span class='ocrx_word' id='word_1_609' title='bbox 3592 3256 3768 3326; x_wconf 90' lang='lat' dir='ltr'><strong>prin-</strong></span> 
     </span>
    </p>
   </div>
   <div class='ocr_carea' id='block_1_95' title="bbox 2164 3343 3768 3412">
    <p class='ocr_par' dir='ltr' id='par_1_95' title="bbox 2164 3343 3768 3412">
     <span class='ocr_line' id='line_1_95' title="bbox 2164 3343 3768 3412; baseline 0.003 -15"><span class='ocrx_word' id='word_1_610' title='bbox 2164 3343 2339 3412; x_wconf 90' lang='lat' dir='ltr'><strong>cipem</strong></span> <span class='ocrx_word' id='word_1_611' title='bbox 2388 3358 2453 3397; x_wconf 93' lang='lat' dir='ltr'><strong>ac</strong></span> <span class='ocrx_word' id='word_1_612' title='bbox 2498 3344 2898 3399; x_wconf 90' lang='lat' dir='ltr'><strong>moderatorem</strong></span> <span class='ocrx_word' id='word_1_613' title='bbox 2927 3344 3183 3400; x_wconf 81' lang='lat' dir='ltr'><strong>Christus</strong></span> <span class='ocrx_word' id='word_1_614' title='bbox 3220 3343 3490 3401; x_wconf 88' lang='lat' dir='ltr'><strong>Dominus</strong></span> <span class='ocrx_word' id='word_1_615' title='bbox 3541 3348 3768 3402; x_wconf 84' lang='lat' dir='ltr'><strong>consti-</strong></span> 
     </span>
    </p>
   </div>
   <div class='ocr_carea' id='block_1_96' title="bbox 2164 3434 3768 3498">
    <p class='ocr_par' dir='ltr' id='par_1_96' title="bbox 2164 3434 3768 3498">
     <span class='ocr_line' id='line_1_96' title="bbox 2164 3434 3768 3498; baseline 0.006 -9"><span class='ocrx_word' id='word_1_616' title='bbox 2164 3436 2287 3490; x_wconf 91' lang='lat' dir='ltr'><strong>tuit.</strong></span> <span class='ocrx_word' id='word_1_617' title='bbox 2320 3434 2580 3491; x_wconf 77' lang='lat' dir='ltr'><strong>Fatemur</strong></span> <span class='ocrx_word' id='word_1_618' title='bbox 2601 3437 2824 3492; x_wconf 85' lang='lat' dir='ltr'><strong>senioris</strong></span> <span class='ocrx_word' id='word_1_619' title='bbox 2856 3444 2913 3492; x_wconf 87' lang='lat' dir='ltr'><strong>et</strong></span> <span class='ocrx_word' id='word_1_620' title='bbox 2937 3439 3229 3493; x_wconf 86' lang='lat' dir='ltr'><strong>sacerdotis</strong></span> <span class='ocrx_word' id='word_1_621' title='bbox 3262 3439 3490 3494; x_wconf 88' lang='lat' dir='ltr'><strong>nomina</strong></span> <span class='ocrx_word' id='word_1_622' title='bbox 3516 3438 3623 3494; x_wconf 88' lang='lat' dir='ltr'><strong>illis</strong></span> <span class='ocrx_word' id='word_1_623' title='bbox 3648 3440 3768 3498; x_wconf 83' lang='lat' dir='ltr'><strong>hoc</strong></span> 
     </span>
    </p>
   </div>
   <div class='ocr_carea' id='block_1_97' title="bbox 2162 3529 3762 3602">
    <p class='ocr_par' dir='ltr' id='par_1_97' title="bbox 2162 3529 3762 3602">
     <span class='ocr_line' id='line_1_97' title="bbox 2162 3529 3762 3602; baseline 0.003 -20"><span class='ocrx_word' id='word_1_624' title='bbox 2162 3542 2279 3583; x_wconf 68' lang='lat' dir='ltr'><strong>aevo</strong></span> <span class='ocrx_word' id='word_1_625' title='bbox 2307 3529 2641 3598; x_wconf 89' lang='lat' dir='ltr'><strong>quandoque</strong></span> <span class='ocrx_word' id='word_1_626' title='bbox 2671 3530 2899 3596; x_wconf 90' lang='lat' dir='ltr'><strong>tributa,</strong></span> <span class='ocrx_word' id='word_1_627' title='bbox 2930 3530 3393 3602; x_wconf 90' lang='lat' dir='ltr'><strong>quemadmodum</strong></span> <span class='ocrx_word' id='word_1_628' title='bbox 3441 3540 3497 3586; x_wconf 88' lang='lat' dir='ltr'><strong>et</strong></span> <span class='ocrx_word' id='word_1_629' title='bbox 3537 3546 3762 3601; x_wconf 47' lang='lat' dir='ltr'><strong>prazpoa</strong></span> 
     </span>
    </p>
   </div>
   <div class='ocr_carea' id='block_1_98' title="bbox 2174 3619 3757 3693">
    <p class='ocr_par' dir='ltr' id='par_1_98' title="bbox 2174 3619 3757 3693">
     <span class='ocr_line' id='line_1_98' title="bbox 2174 3619 3757 3693; baseline 0.004 -21"><span class='ocrx_word' id='word_1_630' title='bbox 2174 3619 2268 3673; x_wconf 87' lang='lat' dir='ltr'><strong>siti</strong></span> <span class='ocrx_word' id='word_1_631' title='bbox 2291 3634 2491 3675; x_wconf 92' lang='lat' dir='ltr'><strong>nomen</strong></span> <span class='ocrx_word' id='word_1_632' title='bbox 2523 3621 2655 3691; x_wconf 92' lang='lat' dir='ltr'><strong>ipsis</strong></span> <span class='ocrx_word' id='word_1_633' title='bbox 2681 3622 2977 3693; x_wconf 89' lang='lat' dir='ltr'><strong>episcopis,</strong></span> <span class='ocrx_word' id='word_1_634' title='bbox 3007 3623 3076 3677; x_wconf 88' lang='lat' dir='ltr'><strong>ab</strong></span> <span class='ocrx_word' id='word_1_635' title='bbox 3101 3623 3341 3693; x_wconf 89' lang='lat' dir='ltr'><strong>antiquis</strong></span> <span class='ocrx_word' id='word_1_636' title='bbox 3371 3638 3497 3679; x_wconf 89' lang='lat' dir='ltr'><strong>cum</strong></span> <span class='ocrx_word' id='word_1_637' title='bbox 3522 3622 3757 3689; x_wconf 75' lang='lat' dir='ltr'><strong>Graecis.</strong></span> 
     </span>
    </p>
   </div>
   <div class='ocr_carea' id='block_1_99' title="bbox 2163 3711 3759 3786">
    <p class='ocr_par' dir='ltr' id='par_1_99' title="bbox 2163 3711 3759 3786">
     <span class='ocr_line' id='line_1_99' title="bbox 2163 3711 3759 3786; baseline 0.006 -23"><span class='ocrx_word' id='word_1_638' title='bbox 2163 3717 2277 3765; x_wconf 90' lang='lat' dir='ltr'><strong>tum</strong></span> <span class='ocrx_word' id='word_1_639' title='bbox 2332 3711 2543 3769; x_wconf 88' lang='lat' dir='ltr'><strong>Latinis</strong></span> <span class='ocrx_word' id='word_1_640' title='bbox 2589 3712 2850 3770; x_wconf 87' lang='lat' dir='ltr'><strong>Patribus</strong></span> <span class='ocrx_word' id='word_1_641' title='bbox 2898 3730 3009 3770; x_wconf 88' lang='lat' dir='ltr'><strong>non</strong></span> <span class='ocrx_word' id='word_1_642' title='bbox 3046 3715 3215 3771; x_wconf 89' lang='lat' dir='ltr'><strong>semel</strong></span> <span class='ocrx_word' id='word_1_643' title='bbox 3256 3716 3536 3786; x_wconf 85' lang='lat' dir='ltr'><strong>impertita</strong></span> <span class='ocrx_word' id='word_1_644' title='bbox 3579 3714 3759 3772; x_wconf 72' lang='lat' dir='ltr'><strong>fuisse</strong></span> 
     </span>
    </p>
   </div>
   <div class='ocr_carea' id='block_1_100' title="bbox 2163 3804 3755 3879">
    <p class='ocr_par' dir='ltr' id='par_1_100' title="bbox 2163 3804 3755 3879">
     <span class='ocr_line' id='line_1_100' title="bbox 2163 3804 3755 3879; baseline 0.003 -20"><span class='ocrx_word' id='word_1_645' title='bbox 2163 3813 2377 3859; x_wconf 87' lang='lat' dir='ltr'><strong>constat</strong></span> <span class='ocrx_word' id='word_1_646' title='bbox 2421 3804 2585 3876; x_wconf 78' lang='lat'><strong>(86‘).</strong></span> <span class='ocrx_word' id='word_1_647' title='bbox 2616 3804 2729 3862; x_wconf 85' lang='lat' dir='ltr'><strong>Nec</strong></span> <span class='ocrx_word' id='word_1_648' title='bbox 2765 3806 2978 3862; x_wconf 82' lang='lat' dir='ltr'><strong>inﬁcias</strong></span> <span class='ocrx_word' id='word_1_649' title='bbox 3007 3809 3150 3864; x_wconf 92' lang='lat' dir='ltr'><strong>imus</strong></span> <span class='ocrx_word' id='word_1_650' title='bbox 3195 3809 3542 3879; x_wconf 90' lang='lat' dir='ltr'><strong>presbyteros</strong></span> <span class='ocrx_word' id='word_1_651' title='bbox 3584 3809 3755 3864; x_wconf 87' lang='lat' dir='ltr'><strong>etiam</strong></span> 
     </span>
    </p>
   </div>
   <div class='ocr_carea' id='block_1_101' title="bbox 2161 3896 3750 3973">
    <p class='ocr_par' dir='ltr' id='par_1_101' title="bbox 2161 3896 3750 3973">
     <span class='ocr_line' id='line_1_101' title="bbox 2161 3896 3750 3973; baseline 0.002 -23"><span class='ocrx_word' id='word_1_652' title='bbox 2161 3896 2375 3967; x_wconf 88' lang='lat' dir='ltr'><strong>publice</strong></span> <span class='ocrx_word' id='word_1_653' title='bbox 2398 3897 2611 3967; x_wconf 90' lang='lat' dir='ltr'><strong>plebem</strong></span> <span class='ocrx_word' id='word_1_654' title='bbox 2636 3899 2911 3967; x_wconf 89' lang='lat' dir='ltr'><strong>docuisse,</strong></span> <span class='ocrx_word' id='word_1_655' title='bbox 2943 3901 3035 3956; x_wconf 90' lang='lat' dir='ltr'><strong>sed</strong></span> <span class='ocrx_word' id='word_1_656' title='bbox 3059 3902 3438 3958; x_wconf 90' lang='lat' dir='ltr'><strong>consentiente</strong></span> <span class='ocrx_word' id='word_1_657' title='bbox 3461 3903 3750 3973; x_wconf 85' lang='lat' dir='ltr'><strong>episcopo,</strong></span> 
     </span>
    </p>
   </div>
   <div class='ocr_carea' id='block_1_102' title="bbox 2161 3984 3751 4062">
    <p class='ocr_par' dir='ltr' id='par_1_102' title="bbox 2161 3984 3751 4062">
     <span class='ocr_line' id='line_1_102' title="bbox 2161 3984 3751 4062; baseline 0.003 -18"><span class='ocrx_word' id='word_1_658' title='bbox 2161 3992 2274 4046; x_wconf 90' lang='lat' dir='ltr'><strong>imo</strong></span> <span class='ocrx_word' id='word_1_659' title='bbox 2300 4000 2355 4047; x_wconf 90' lang='lat' dir='ltr'><strong>et</strong></span> <span class='ocrx_word' id='word_1_660' title='bbox 2380 3990 2550 4046; x_wconf 90' lang='lat' dir='ltr'><strong>laicos</strong></span> <span class='ocrx_word' id='word_1_661' title='bbox 2573 4007 2811 4061; x_wconf 90' lang='lat' dir='ltr'><strong>quoque,</strong></span> <span class='ocrx_word' id='word_1_662' title='bbox 2842 3992 2937 4062; x_wconf 93' lang='lat' dir='ltr'><strong>qui</strong></span> <span class='ocrx_word' id='word_1_663' title='bbox 2969 3992 3038 4047; x_wconf 90' lang='lat' dir='ltr'><strong>ab</strong></span> <span class='ocrx_word' id='word_1_664' title='bbox 3066 3993 3170 4048; x_wconf 89' lang='lat' dir='ltr'><strong>hoc</strong></span> <span class='ocrx_word' id='word_1_665' title='bbox 3205 3984 3464 4048; x_wconf 77' lang='lat' dir='ltr'><strong>arcentur</strong></span> <span class='ocrx_word' id='word_1_666' title='bbox 3494 4008 3751 4061; x_wconf 88' lang='lat' dir='ltr'><strong>munere,</strong></span> 
     </span>
    </p>
   </div>
   <div class='ocr_carea' id='block_1_103' title="bbox 2158 4080 3753 4153">
    <p class='ocr_par' dir='ltr' id='par_1_103' title="bbox 2158 4080 3753 4153">
     <span class='ocr_line' id='line_1_103' title="bbox 2158 4080 3753 4153; baseline 0.003 -16"><span class='ocrx_word' id='word_1_667' title='bbox 2158 4080 2350 4137; x_wconf 91' lang='lat' dir='ltr'><strong>eodem</strong></span> <span class='ocrx_word' id='word_1_668' title='bbox 2408 4082 2739 4153; x_wconf 87' lang='lat' dir='ltr'><strong>quandoque</strong></span> <span class='ocrx_word' id='word_1_669' title='bbox 2787 4082 3024 4151; x_wconf 76' lang='lat' dir='ltr'><strong>functos,</strong></span> <span class='ocrx_word' id='word_1_670' title='bbox 3081 4093 3328 4140; x_wconf 86' lang='lat' dir='ltr'><strong>veterum</strong></span> <span class='ocrx_word' id='word_1_671' title='bbox 3388 4095 3753 4141; x_wconf 89' lang='lat' dir='ltr'><strong>monumenta</strong></span> 
     </span>
    </p>
   </div>
   <div class='ocr_carea' id='block_1_104' title="bbox 2161 4176 3747 4246">
    <p class='ocr_par' dir='ltr' id='par_1_104' title="bbox 2161 4176 3747 4246">
     <span class='ocr_line' id='line_1_104' title="bbox 2161 4176 3747 4246; baseline 0.003 -18"><span class='ocrx_word' id='word_1_672' title='bbox 2161 4182 2454 4240; x_wconf 88' lang='lat' dir='ltr'><strong>testantur;</strong></span> <span class='ocrx_word' id='word_1_673' title='bbox 2487 4176 2632 4244; x_wconf 94' lang='lat' dir='ltr'><strong>quod</strong></span> <span class='ocrx_word' id='word_1_674' title='bbox 2661 4184 2840 4230; x_wconf 84' lang='lat' dir='ltr'><strong>tamen</strong></span> <span class='ocrx_word' id='word_1_675' title='bbox 2877 4177 3301 4246; x_wconf 87' lang='lat' dir='ltr'><strong>reprehensione</strong></span> <span class='ocrx_word' id='word_1_676' title='bbox 3330 4192 3441 4233; x_wconf 92' lang='lat' dir='ltr'><strong>non</strong></span> <span class='ocrx_word' id='word_1_677' title='bbox 3473 4179 3747 4245; x_wconf 87' lang='lat' dir='ltr'><strong>caruisse,</strong></span> 
     </span>
    </p>
   </div>
   <div class='ocr_carea' id='block_1_105' title="bbox 2158 4264 3749 4342">
    <p class='ocr_par' dir='ltr' id='par_1_105' title="bbox 2158 4264 3749 4342">
     <span class='ocr_line' id='line_1_105' title="bbox 2158 4264 3749 4342; baseline 0.003 -23"><span class='ocrx_word' id='word_1_678' title='bbox 2158 4266 2229 4321; x_wconf 91' lang='lat' dir='ltr'><strong>iis</strong></span> <span class='ocrx_word' id='word_1_679' title='bbox 2259 4275 2447 4325; x_wconf 86' lang='lat' dir='ltr'><strong>notum</strong></span> <span class='ocrx_word' id='word_1_680' title='bbox 2477 4277 2581 4330; x_wconf 88' lang='lat' dir='ltr'><strong>est,</strong></span> <span class='ocrx_word' id='word_1_681' title='bbox 2611 4268 2706 4337; x_wconf 92' lang='lat' dir='ltr'><strong>qui</strong></span> <span class='ocrx_word' id='word_1_682' title='bbox 2746 4264 3000 4340; x_wconf 80' lang='lat' dir='ltr'><strong>Origenis</strong></span> <span class='ocrx_word' id='word_1_683' title='bbox 3031 4285 3120 4325; x_wconf 85' lang='lat' dir='ltr'><strong>res</strong></span> <span class='ocrx_word' id='word_1_684' title='bbox 3150 4278 3334 4340; x_wconf 78' lang='lat' dir='ltr'><strong>gestas</strong></span> <span class='ocrx_word' id='word_1_685' title='bbox 3375 4270 3585 4342; x_wconf 89' lang='lat' dir='ltr'><strong>optime</strong></span> <span class='ocrx_word' id='word_1_686' title='bbox 3626 4270 3749 4326; x_wconf 87' lang='lat' dir='ltr'><strong>cal-</strong></span> 
     </span>
    </p>
   </div>
   <div class='ocr_carea' id='block_1_106' title="bbox 2159 4355 3749 4432">
    <p class='ocr_par' dir='ltr' id='par_1_106' title="bbox 2159 4355 3749 4432">
     <span class='ocr_line' id='line_1_106' title="bbox 2159 4355 3749 4432; baseline 0.004 -22"><span class='ocrx_word' id='word_1_687' title='bbox 2159 4357 2269 4411; x_wconf 90' lang='lat' dir='ltr'><strong>lent</strong></span> <span class='ocrx_word' id='word_1_688' title='bbox 2292 4355 2429 4423; x_wconf 80' lang='lat'><strong>(87).</strong></span> <span class='ocrx_word' id='word_1_689' title='bbox 2452 4356 2766 4430; x_wconf 90' lang='lat' dir='ltr'><strong>Presbyteri</strong></span> <span class='ocrx_word' id='word_1_690' title='bbox 2791 4360 2958 4430; x_wconf 79' lang='lat' dir='ltr'><strong>igitur</strong></span> <span class='ocrx_word' id='word_1_691' title='bbox 2986 4372 3143 4416; x_wconf 87' lang='lat' dir='ltr'><strong>sacra</strong></span> <span class='ocrx_word' id='word_1_692' title='bbox 3171 4361 3487 4432; x_wconf 88' lang='lat' dir='ltr'><strong>bujusmodi</strong></span> <span class='ocrx_word' id='word_1_693' title='bbox 3510 4376 3749 4417; x_wconf 88' lang='lat' dir='ltr'><strong>munera</strong></span> 
     </span>
    </p>
   </div>
   <div class='ocr_carea' id='block_1_107' title="bbox 2159 4450 3750 4525">
    <p class='ocr_par' dir='ltr' id='par_1_107' title="bbox 2159 4450 3750 4525">
     <span class='ocr_line' id='line_1_107' title="bbox 2159 4450 3750 4525; baseline 0.004 -23"><span class='ocrx_word' id='word_1_694' title='bbox 2159 4450 2429 4518; x_wconf 90' lang='lat' dir='ltr'><strong>permissu</strong></span> <span class='ocrx_word' id='word_1_695' title='bbox 2462 4464 2678 4519; x_wconf 88' lang='lat' dir='ltr'><strong>semper</strong></span> <span class='ocrx_word' id='word_1_696' title='bbox 2706 4450 2948 4523; x_wconf 89' lang='lat' dir='ltr'><strong>episcopi</strong></span> <span class='ocrx_word' id='word_1_697' title='bbox 2993 4461 3123 4509; x_wconf 91' lang='lat' dir='ltr'><strong>tunc</strong></span> <span class='ocrx_word' id='word_1_698' title='bbox 3172 4454 3433 4523; x_wconf 89' lang='lat' dir='ltr'><strong>temporis</strong></span> <span class='ocrx_word' id='word_1_699' title='bbox 3476 4469 3750 4525; x_wconf 56' lang='lat' dir='ltr'><strong>exsequc-a</strong></span> 
     </span>
    </p>
   </div>
   <div class='ocr_carea' id='block_1_108' title="bbox 2088 4532 3751 4614">
    <p class='ocr_par' dir='ltr' id='par_1_108' title="bbox 2088 4532 3751 4614">
     <span class='ocr_line' id='line_1_108' title="bbox 2088 4532 3751 4614; baseline 0.002 -20"><span class='ocrx_word' id='word_1_700' title='bbox 2088 4552 2136 4614; x_wconf 78' lang='grc' dir='ltr'>ο</span> <span class='ocrx_word' id='word_1_701' title='bbox 2164 4541 2381 4605; x_wconf 89' lang='lat' dir='ltr'><strong>bantur,</strong></span> <span class='ocrx_word' id='word_1_702' title='bbox 2408 4549 2463 4594; x_wconf 89' lang='lat' dir='ltr'><strong>et</strong></span> <span class='ocrx_word' id='word_1_703' title='bbox 2489 4532 2706 4609; x_wconf 78' lang='lat' dir='ltr'><strong>quidem</strong></span> <span class='ocrx_word' id='word_1_704' title='bbox 2747 4556 2856 4595; x_wconf 85' lang='lat' dir='ltr'><strong>nun</strong></span> <span class='ocrx_word' id='word_1_705' title='bbox 2907 4542 3223 4610; x_wconf 87' lang='lat' dir='ltr'><strong>promiscue</strong></span> <span class='ocrx_word' id='word_1_706' title='bbox 3258 4557 3484 4608; x_wconf 88' lang='lat' dir='ltr'><strong>omnes;</strong></span> <span class='ocrx_word' id='word_1_707' title='bbox 3517 4556 3646 4598; x_wconf 89' lang='lat' dir='ltr'><strong>nam</strong></span> <span class='ocrx_word' id='word_1_708' title='bbox 3672 4557 3751 4598; x_wconf 77' lang='lat' dir='ltr'><strong>ex</strong></span> 
     </span>
    </p>
   </div>
   <div class='ocr_carea' id='block_1_109' title="bbox 2159 4633 3751 4706">
    <p class='ocr_par' dir='ltr' id='par_1_109' title="bbox 2159 4633 3751 4706">
     <span class='ocr_line' id='line_1_109' title="bbox 2159 4633 3751 4706; baseline -0.001 -18"><span class='ocrx_word' id='word_1_709' title='bbox 2159 4633 2293 4703; x_wconf 89' lang='lat' dir='ltr'><strong>ipsis</strong></span> <span class='ocrx_word' id='word_1_710' title='bbox 2322 4634 2627 4704; x_wconf 58' lang='lat' dir='ltr'><strong>praecipuos</strong></span> <span class='ocrx_word' id='word_1_711' title='bbox 2644 4633 2713 4687; x_wconf 90' lang='lat' dir='ltr'><strong>ab</strong></span> <span class='ocrx_word' id='word_1_712' title='bbox 2739 4634 3016 4706; x_wconf 88' lang='lat' dir='ltr'><strong>episcopis</strong></span> <span class='ocrx_word' id='word_1_713' title='bbox 3044 4645 3253 4691; x_wconf 87' lang='lat' dir='ltr'><strong>tantum</strong></span> <span class='ocrx_word' id='word_1_714' title='bbox 3299 4635 3533 4690; x_wconf 90' lang='lat' dir='ltr'><strong>selectos</strong></span> <span class='ocrx_word' id='word_1_715' title='bbox 3564 4650 3633 4689; x_wconf 86' lang='lat' dir='ltr'><strong>an</strong></span> <span class='ocrx_word' id='word_1_716' title='bbox 3659 4649 3751 4688; x_wconf 54' lang='lat' dir='ltr'><strong>md</strong></span> 
     </span>
    </p>
   </div>
   <div class='ocr_carea' id='block_1_110' title="bbox 2158 4724 3749 4797">
    <p class='ocr_par' dir='ltr' id='par_1_110' title="bbox 2158 4724 3749 4797">
     <span class='ocr_line' id='line_1_110' title="bbox 2158 4724 3749 4797; baseline 0.003 -19"><span class='ocrx_word' id='word_1_717' title='bbox 2158 4724 2511 4789; x_wconf 84' lang='lat' dir='ltr'><strong>advertimus,</strong></span> <span class='ocrx_word' id='word_1_718' title='bbox 2555 4739 2695 4796; x_wconf 91' lang='lat' dir='ltr'><strong>quos</strong></span> <span class='ocrx_word' id='word_1_719' title='bbox 2765 4726 2835 4780; x_wconf 88' lang='lat' dir='ltr'><strong>ab</strong></span> <span class='ocrx_word' id='word_1_720' title='bbox 2898 4727 3144 4797; x_wconf 75' lang='lat' dir='ltr'><strong>iniuncto</strong></span> <span class='ocrx_word' id='word_1_721' title='bbox 3207 4726 3437 4782; x_wconf 91' lang='lat' dir='ltr'><strong>docendi</strong></span> <span class='ocrx_word' id='word_1_722' title='bbox 3490 4743 3749 4797; x_wconf 89' lang='lat' dir='ltr'><strong>munere,</strong></span> 
     </span>
    </p>
   </div>
   <div class='ocr_carea' id='block_1_111' title="bbox 2160 4856 3746 4933">
    <p class='ocr_par' dir='ltr' id='par_1_111' title="bbox 2160 4856 3746 4933">
     <span class='ocr_line' id='line_1_111' title="bbox 2160 4856 3746 4933; baseline 0.006 -20"><span class='ocrx_word' id='word_1_723' title='bbox 2160 4856 2362 4933; x_wconf 57' lang='lat' dir='ltr'><strong>Eccles.</strong></span> <span class='ocrx_word' id='word_1_724' title='bbox 2393 4860 2655 4933; x_wconf 75' lang='lat' dir='ltr'><strong>hierarch.</strong></span> <span class='ocrx_word' id='word_1_725' title='bbox 2709 4862 2806 4917; x_wconf 90' lang='lat' dir='ltr'><strong>lib.</strong></span> <span class='ocrx_word' id='word_1_726' title='bbox 2845 4878 2925 4929; x_wconf 88' lang='grc' dir='ltr'>ιιι,</span> <span class='ocrx_word' id='word_1_727' title='bbox 2958 4878 3081 4933; x_wconf 88' lang='lat' dir='ltr'><strong>cap.</strong></span> <span class='ocrx_word' id='word_1_728' title='bbox 3114 4865 3220 4925; x_wconf 64' lang='lat'><strong>10:</strong></span> <span class='ocrx_word' id='word_1_729' title='bbox 3258 4865 3565 4921; x_wconf 78' lang='lat' dir='ltr'><strong>Stanislnus</strong></span> <span class='ocrx_word' id='word_1_730' title='bbox 3587 4867 3746 4924; x_wconf 86' lang='lat' dir='ltr'><strong>card.</strong></span> 
     </span>
    </p>
   </div>
   <div class='ocr_carea' id='block_1_112' title="bbox 2156 4925 3747 5000">
    <p class='ocr_par' dir='ltr' id='par_1_112' title="bbox 2156 4925 3747 5000">
     <span class='ocr_line' id='line_1_112' title="bbox 2156 4925 3747 5000; baseline 0.004 -17"><span class='ocrx_word' id='word_1_731' title='bbox 2156 4925 2360 4985; x_wconf 85' lang='lat' dir='ltr'><strong>Hosius</strong></span> <span class='ocrx_word' id='word_1_732' title='bbox 2386 4933 2438 4984; x_wconf 91' lang='lat' dir='ltr'><strong>in</strong></span> <span class='ocrx_word' id='word_1_733' title='bbox 2472 4930 2690 4986; x_wconf 74' lang='lat' dir='ltr'><strong>Iudicio</strong></span> <span class='ocrx_word' id='word_1_734' title='bbox 2713 4943 2761 4986; x_wconf 82' lang='lat' dir='ltr'><strong>et</strong></span> <span class='ocrx_word' id='word_1_735' title='bbox 2789 4925 3010 4987; x_wconf 84' lang='lat' dir='ltr'><strong>censura</strong></span> <span class='ocrx_word' id='word_1_736' title='bbox 3027 4925 3106 4988; x_wconf 41' lang='lat' dir='ltr'><strong>Ide</strong></span> <span class='ocrx_word' id='word_1_737' title='bbox 3138 4936 3417 4989; x_wconf 81' lang='lat' dir='ltr'><strong>adoranda</strong></span> <span class='ocrx_word' id='word_1_738' title='bbox 3450 4934 3747 5000; x_wconf 81' lang='lat' dir='ltr'><strong>Trinitate,</strong></span> 
     </span>
    </p>
   </div>
   <div class='ocr_carea' id='block_1_113' title="bbox 2156 5000 3742 5073">
    <p class='ocr_par' dir='ltr' id='par_1_113' title="bbox 2156 5000 3742 5073">
     <span class='ocr_line' id='line_1_113' title="bbox 2156 5000 3742 5073; baseline 0.006 -18"><span class='ocrx_word' id='word_1_739' title='bbox 2156 5017 2211 5071; x_wconf 90' lang='lat' dir='ltr'><strong>p.</strong></span> <span class='ocrx_word' id='word_1_740' title='bbox 2241 5000 2343 5073; x_wconf 61' lang='grc'><strong>156</strong></span> <span class='ocrx_word' id='word_1_741' title='bbox 2375 5002 2505 5073; x_wconf 85' lang='lat' dir='ltr'><strong>edit.</strong></span> <span class='ocrx_word' id='word_1_742' title='bbox 2534 5001 2846 5073; x_wconf 75' lang='lat' dir='ltr'><strong>Antuerpia:</strong></span> <span class='ocrx_word' id='word_1_743' title='bbox 2865 5005 2991 5058; x_wconf 90' lang='lat' dir='ltr'><strong>anni</strong></span> <span class='ocrx_word' id='word_1_744' title='bbox 3018 5004 3182 5071; x_wconf 74' lang='lat'><strong>16&#39;“;</strong></span> <span class='ocrx_word' id='word_1_745' title='bbox 3211 5005 3484 5070; x_wconf 79' lang='lat' dir='ltr'><strong>Petavius,</strong></span> <span class='ocrx_word' id='word_1_746' title='bbox 3505 5006 3742 5065; x_wconf 89' lang='lat' dir='ltr'><strong>Dissert.</strong></span> 
     </span>
    </p>
   </div>
   <div class='ocr_carea' id='block_1_114' title="bbox 2154 5071 3745 5145">
    <p class='ocr_par' dir='ltr' id='par_1_114' title="bbox 2154 5071 3745 5145">
     <span class='ocr_line' id='line_1_114' title="bbox 2154 5071 3745 5145; baseline 0.004 -19"><span class='ocrx_word' id='word_1_747' title='bbox 2154 5071 2355 5145; x_wconf 49' lang='lat' dir='ltr'><strong>eccles:</strong></span> <span class='ocrx_word' id='word_1_748' title='bbox 2379 5071 2472 5145; x_wconf 82' lang='lat' dir='ltr'><strong>lib.</strong></span> <span class='ocrx_word' id='word_1_749' title='bbox 2503 5074 2554 5140; x_wconf 82' lang='lat' dir='ltr'><strong>l,</strong></span> <span class='ocrx_word' id='word_1_750' title='bbox 2579 5089 2700 5145; x_wconf 87' lang='lat' dir='ltr'><strong>cap.</strong></span> <span class='ocrx_word' id='word_1_751' title='bbox 2743 5071 2761 5127; x_wconf 77' lang='grc' dir='ltr'><strong>ι</strong></span> <span class='ocrx_word' id='word_1_752' title='bbox 2788 5084 2843 5145; x_wconf 89' lang='lat' dir='ltr'><strong>et</strong></span> <span class='ocrx_word' id='word_1_753' title='bbox 2877 5089 3065 5145; x_wconf 83' lang='lat' dir='ltr'><strong>seqq.;</strong></span> <span class='ocrx_word' id='word_1_754' title='bbox 3098 5074 3370 5132; x_wconf 82' lang='lat' dir='ltr'><strong>Baronius</strong></span> <span class='ocrx_word' id='word_1_755' title='bbox 3410 5078 3476 5131; x_wconf 87' lang='lat' dir='ltr'><strong>ad</strong></span> <span class='ocrx_word' id='word_1_756' title='bbox 3529 5091 3745 5133; x_wconf 87' lang='lat' dir='ltr'><strong>annum</strong></span> 
     </span>
    </p>
   </div>
   <div class='ocr_carea' id='block_1_115' title="bbox 2155 5139 3739 5218">
    <p class='ocr_par' dir='ltr' id='par_1_115' title="bbox 2155 5139 3739 5218">
     <span class='ocr_line' id='line_1_115' title="bbox 2155 5139 3739 5218; baseline 0.005 -22"><span class='ocrx_word' id='word_1_757' title='bbox 2155 5139 2247 5218; x_wconf 72' lang='lat'><strong>58,</strong></span> <span class='ocrx_word' id='word_1_758' title='bbox 2268 5139 2441 5218; x_wconf 40' lang='grc' dir='ltr'><strong>εδει</strong></span> <span class='ocrx_word' id='word_1_759' title='bbox 2463 5150 2519 5218; x_wconf 62' lang='lat' dir='ltr'><strong>et</strong></span> <span class='ocrx_word' id='word_1_760' title='bbox 2551 5139 2733 5218; x_wconf 60' lang='lat' dir='ltr'><strong>seqq,</strong></span> <span class='ocrx_word' id='word_1_761' title='bbox 2765 5139 2971 5218; x_wconf 54' lang='lat' dir='ltr'><strong>A_nna_lf</strong></span> <span class='ocrx_word' id='word_1_762' title='bbox 2992 5139 3125 5200; x_wconf 80' lang='lat' dir='ltr'><strong>iom.</strong></span> <span class='ocrx_word' id='word_1_763' title='bbox 3156 5148 3194 5211; x_wconf 95' lang='lat' dir='ltr'><strong>l,</strong></span> <span class='ocrx_word' id='word_1_764' title='bbox 3221 5162 3343 5218; x_wconf 89' lang='lat' dir='ltr'><strong>pag.</strong></span> <span class='ocrx_word' id='word_1_765' title='bbox 3371 5147 3466 5202; x_wconf 74' lang='grc'><strong>491</strong></span> <span class='ocrx_word' id='word_1_766' title='bbox 3492 5156 3739 5218; x_wconf 15' lang='grc' dir='ltr'><strong>θιγεθψι.</strong></span> 
     </span>
    </p>
   </div>
   <div class='ocr_carea' id='block_1_116' title="bbox 2228 5210 3590 5287">
    <p class='ocr_par' dir='ltr' id='par_1_116' title="bbox 2228 5210 3590 5287">
     <span class='ocr_line' id='line_1_116' title="bbox 2228 5210 3590 5287; baseline 0.001 -17"><span class='ocrx_word' id='word_1_767' title='bbox 2228 5210 2353 5287; x_wconf 31' lang='grc' dir='ltr'>(ἕξ).</span> <span class='ocrx_word' id='word_1_768' title='bbox 2374 5210 2748 5287; x_wconf 15' lang='grc' dir='ltr'><strong>ΙρΑΕρὶειῖίὶιρ</strong></span> <span class='ocrx_word' id='word_1_769' title='bbox 2773 5213 3103 5280; x_wconf 88' lang='lat' dir='ltr'><strong>Trallianos,</strong></span> <span class='ocrx_word' id='word_1_770' title='bbox 3142 5210 3385 5287; x_wconf 55' lang='grc' dir='ltr'>ιιιιῐῐιξιι,</span> <span class='ocrx_word' id='word_1_771' title='bbox 3417 5233 3470 5287; x_wconf 89' lang='lat' dir='ltr'><strong>p.</strong></span> <span class='ocrx_word' id='word_1_772' title='bbox 3502 5217 3590 5272; x_wconf 72' lang='grc'><strong>64.</strong></span> 
     </span>
    </p>
   </div>
   <div class='ocr_carea' id='block_1_117' title="bbox 2223 5281 3741 5354">
    <p class='ocr_par' dir='ltr' id='par_1_117' title="bbox 2223 5281 3741 5354">
     <span class='ocr_line' id='line_1_117' title="bbox 2223 5281 3741 5354; baseline 0.004 -18"><span class='ocrx_word' id='word_1_773' title='bbox 2223 5281 2362 5354; x_wconf 79' lang='lat'><strong>(86‘)</strong></span> <span class='ocrx_word' id='word_1_774' title='bbox 2400 5281 2491 5339; x_wconf 91' lang='lat' dir='ltr'><strong>Sic</strong></span> <span class='ocrx_word' id='word_1_775' title='bbox 2513 5281 2659 5354; x_wconf 81' lang='lat' dir='ltr'><strong>apud</strong></span> <span class='ocrx_word' id='word_1_776' title='bbox 2710 5284 3005 5341; x_wconf 88' lang='lat' dir='ltr'><strong>Eusebium</strong></span> <span class='ocrx_word' id='word_1_777' title='bbox 3064 5286 3161 5341; x_wconf 88' lang='lat' dir='ltr'><strong>lib.</strong></span> <span class='ocrx_word' id='word_1_778' title='bbox 3208 5304 3239 5340; x_wconf 92' lang='lat' dir='ltr'><strong>v</strong></span> <span class='ocrx_word' id='word_1_779' title='bbox 3288 5281 3434 5342; x_wconf 52' lang='lat' dir='ltr'><strong>Hist:</strong></span> <span class='ocrx_word' id='word_1_780' title='bbox 3482 5288 3741 5343; x_wconf 86' lang='lat' dir='ltr'><strong>ecclesia-</strong></span> 
     </span>
    </p>
   </div>
   <div class='ocr_carea' id='block_1_118' title="bbox 2152 5355 3740 5436">
    <p class='ocr_par' dir='ltr' id='par_1_118' title="bbox 2152 5355 3740 5436">
     <span class='ocr_line' id='line_1_118' title="bbox 2152 5355 3740 5436; baseline 0.005 -29"><span class='ocrx_word' id='word_1_781' title='bbox 2152 5355 2322 5436; x_wconf 50' lang='lat' dir='ltr'><strong>sticae,</strong></span> <span class='ocrx_word' id='word_1_782' title='bbox 2356 5370 2485 5436; x_wconf 85' lang='lat' dir='ltr'><strong>cap.</strong></span> <span class='ocrx_word' id='word_1_783' title='bbox 2512 5355 2758 5436; x_wconf 71' lang='lat' dir='ltr'><strong>24,_pag.</strong></span> <span class='ocrx_word' id='word_1_784' title='bbox 2790 5356 2918 5436; x_wconf 47' lang='lat'><strong>258“,</strong></span> <span class='ocrx_word' id='word_1_785' title='bbox 2966 5357 3129 5436; x_wconf 85' lang='lat' dir='ltr'><strong>etiam</strong></span> <span class='ocrx_word' id='word_1_786' title='bbox 3162 5356 3393 5413; x_wconf 85' lang='lat' dir='ltr'><strong>Romani</strong></span> <span class='ocrx_word' id='word_1_787' title='bbox 3444 5359 3740 5436; x_wconf 80' lang='lat' dir='ltr'><strong>pontillces</strong></span> 
     </span>
    </p>
   </div>
   <div class='ocr_carea' id='block_1_119' title="bbox 2151 5426 3737 5496">
    <p class='ocr_par' dir='ltr' id='par_1_119' title="bbox 2151 5426 3737 5496">
     <span class='ocr_line' id='line_1_119' title="bbox 2151 5426 3737 5496; baseline 0.004 -18"><span class='ocrx_word' id='word_1_788' title='bbox 2151 5426 2450 5496; x_wconf 88' lang='lat' dir='ltr'><strong>presbyteri</strong></span> <span class='ocrx_word' id='word_1_789' title='bbox 2471 5426 2854 5496; x_wconf 70' lang='lat' dir='ltr'><strong>nominantur.</strong></span> <span class='ocrx_word' id='word_1_790' title='bbox 2874 5426 3300 5496; x_wconf 74' lang='lat' dir='ltr'><strong>Prtepositorum</strong></span> <span class='ocrx_word' id='word_1_791' title='bbox 3322 5426 3543 5482; x_wconf 81' lang='lat' dir='ltr'><strong>nomine</strong></span> <span class='ocrx_word' id='word_1_792' title='bbox 3567 5430 3737 5485; x_wconf 89' lang='lat' dir='ltr'><strong>etiam</strong></span> 
     </span>
    </p>
   </div>
   <div class='ocr_carea' id='block_1_120' title="bbox 2150 5495 3735 5569">
    <p class='ocr_par' dir='ltr' id='par_1_120' title="bbox 2150 5495 3735 5569">
     <span class='ocr_line' id='line_1_120' title="bbox 2150 5495 3735 5569; baseline 0.003 -21"><span class='ocrx_word' id='word_1_793' title='bbox 2150 5495 2440 5569; x_wconf 79' lang='lat' dir='ltr'><strong>episcopos</strong></span> <span class='ocrx_word' id='word_1_794' title='bbox 2468 5495 2720 5569; x_wconf 73' lang='lat' dir='ltr'><strong>intelligit</strong></span> <span class='ocrx_word' id='word_1_795' title='bbox 2744 5495 2801 5569; x_wconf 60' lang='lat'><strong>8.</strong></span> <span class='ocrx_word' id='word_1_796' title='bbox 2826 5495 3136 5569; x_wconf 80' lang='lat' dir='ltr'><strong>Cyprianus</strong></span> <span class='ocrx_word' id='word_1_797' title='bbox 3165 5498 3449 5569; x_wconf 45' lang='lat' dir='ltr'><strong>epist;_l5,</strong></span> <span class='ocrx_word' id='word_1_798' title='bbox 3476 5515 3598 5569; x_wconf 85' lang='lat' dir='ltr'><strong>pag.</strong></span> <span class='ocrx_word' id='word_1_799' title='bbox 3626 5499 3735 5554; x_wconf 70' lang='lat'><strong>190</strong></span> 
     </span>
    </p>
   </div>
   <div class='ocr_carea' id='block_1_121' title="bbox 2149 5565 3736 5639">
    <p class='ocr_par' dir='ltr' id='par_1_121' title="bbox 2149 5565 3736 5639">
     <span class='ocr_line' id='line_1_121' title="bbox 2149 5565 3736 5639; baseline 0.003 -20"><span class='ocrx_word' id='word_1_800' title='bbox 2149 5565 2280 5639; x_wconf 82' lang='lat' dir='ltr'><strong>edit.</strong></span> <span class='ocrx_word' id='word_1_801' title='bbox 2312 5565 2917 5639; x_wconf 41' lang='lat' dir='ltr'><strong>citatarAmstelodanii</strong></span> <span class='ocrx_word' id='word_1_802' title='bbox 2943 5570 3071 5639; x_wconf 89' lang='lat' dir='ltr'><strong>anni</strong></span> <span class='ocrx_word' id='word_1_803' title='bbox 3114 5565 3274 5623; x_wconf 78' lang='grc'><strong>1700.</strong></span> <span class='ocrx_word' id='word_1_804' title='bbox 3308 5567 3445 5623; x_wconf 79' lang='lat' dir='ltr'><strong>Vide</strong></span> <span class='ocrx_word' id='word_1_805' title='bbox 3476 5565 3736 5639; x_wconf 49' lang='lat' dir='ltr'><strong>Du‘cange</strong></span> 
     </span>
    </p>
   </div>
   <div class='ocr_carea' id='block_1_122' title="bbox 2149 5635 3738 5707">
    <p class='ocr_par' dir='ltr' id='par_1_122' title="bbox 2149 5635 3738 5707">
     <span class='ocr_line' id='line_1_122' title="bbox 2149 5635 3738 5707; baseline 0.005 -19"><span class='ocrx_word' id='word_1_806' title='bbox 2149 5636 2316 5707; x_wconf 54' lang='lat' dir='ltr'><strong>‘33er</strong></span> <span class='ocrx_word' id='word_1_807' title='bbox 2364 5635 2678 5707; x_wconf 83' lang='lat' dir='ltr'><strong>Presby_ter,</strong></span> <span class='ocrx_word' id='word_1_808' title='bbox 2714 5646 2768 5691; x_wconf 88' lang='lat' dir='ltr'><strong>et</strong></span> <span class='ocrx_word' id='word_1_809' title='bbox 2813 5640 2987 5694; x_wconf 87' lang='lat' dir='ltr'><strong>Macri</strong></span> <span class='ocrx_word' id='word_1_810' title='bbox 3033 5638 3088 5695; x_wconf 85' lang='lat' dir='ltr'><strong>in</strong></span> <span class='ocrx_word' id='word_1_811' title='bbox 3140 5639 3516 5707; x_wconf 73' lang='lat' dir='ltr'><strong>Hierolcxico,</strong></span> <span class='ocrx_word' id='word_1_812' title='bbox 3566 5635 3738 5697; x_wconf 73' lang='lat' dir='ltr'><strong>Verbo</strong></span> 
     </span>
    </p>
   </div>
   <div class='ocr_carea' id='block_1_123' title="bbox 2148 5702 2750 5775">
    <p class='ocr_par' dir='ltr' id='par_1_123' title="bbox 2148 5702 2750 5775">
     <span class='ocr_line' id='line_1_123' title="bbox 2148 5702 2750 5775; baseline 0.007 -18"><span class='ocrx_word' id='word_1_813' title='bbox 2148 5702 2433 5775; x_wconf 66' lang='lat' dir='ltr'><strong>Presbyter</strong></span> <span class='ocrx_word' id='word_1_814' title='bbox 2462 5715 2516 5760; x_wconf 87' lang='lat' dir='ltr'><strong>et</strong></span> <span class='ocrx_word' id='word_1_815' title='bbox 2532 5702 2750 5762; x_wconf 44' lang='lat' dir='ltr'><strong>&#39;Senior.</strong></span> 
     </span>
    </p>
   </div>
   <div class='ocr_carea' id='block_1_124' title="bbox 2221 5771 3737 5855">
    <p class='ocr_par' dir='ltr' id='par_1_124' title="bbox 2221 5771 3737 5855">
     <span class='ocr_line' id='line_1_124' title="bbox 2221 5771 3737 5855; baseline 0.009 -28"><span class='ocrx_word' id='word_1_816' title='bbox 2221 5771 2461 5855; x_wconf 42' lang='grc' dir='ltr'><strong>(εἰη-’ὓς</strong></span> <span class='ocrx_word' id='word_1_817' title='bbox 2504 5778 2757 5855; x_wconf 49' lang='grc' dir='ltr'><strong>υΛιίξξειιίε</strong></span> <span class='ocrx_word' id='word_1_818' title='bbox 2807 5780 2974 5852; x_wconf 81' lang='lat' dir='ltr'><strong>gestis</strong></span> <span class='ocrx_word' id='word_1_819' title='bbox 3018 5779 3283 5855; x_wconf 81' lang='lat' dir='ltr'><strong>legendus</strong></span> <span class='ocrx_word' id='word_1_820' title='bbox 3325 5779 3737 5855; x_wconf 68' lang='lat' dir='ltr'><strong>Tillcroontius,</strong></span> 
     </span>
    </p>
   </div>
   <div class='ocr_carea' id='block_1_125' title="bbox 2149 5844 3529 5923">
    <p class='ocr_par' dir='ltr' id='par_1_125' title="bbox 2149 5844 3529 5923">
     <span class='ocr_line' id='line_1_125' title="bbox 2149 5844 3529 5923; baseline 0.007 -22"><span class='ocrx_word' id='word_1_821' title='bbox 2149 5854 2282 5902; x_wconf 90' lang='lat' dir='ltr'><strong>tom.</strong></span> <span class='ocrx_word' id='word_1_822' title='bbox 2316 5844 2404 5901; x_wconf 88' lang='lat' dir='ltr'><strong>Ill.</strong></span> <span class='ocrx_word' id='word_1_823' title='bbox 2439 5848 2491 5902; x_wconf 91' lang='lat' dir='ltr'><strong>in</strong></span> <span class='ocrx_word' id='word_1_824' title='bbox 2527 5844 2768 5919; x_wconf 70' lang='lat' dir='ltr'><strong>Origene,</strong></span> <span class='ocrx_word' id='word_1_825' title='bbox 2798 5844 2851 5907; x_wconf 72' lang='lat' dir='ltr'><strong>et</strong></span> <span class='ocrx_word' id='word_1_826' title='bbox 2884 5844 3206 5921; x_wconf 65' lang='lat' dir='ltr'><strong>praesertim,</strong></span> <span class='ocrx_word' id='word_1_827' title='bbox 3236 5867 3359 5923; x_wconf 87' lang='lat' dir='ltr'><strong>pag.</strong></span> <span class='ocrx_word' id='word_1_828' title='bbox 3402 5852 3529 5910; x_wconf 71' lang='lat'><strong>525.</strong></span> 
     </span>
    </p>
   </div>
  </div>
