4074 6386
351 402 454 460 ιξδ

1125 405 1214 460 ΒΕ
1247 403 1636 464 PORTUENSI
1674 407 1732 461 S.
1775 406 2140 464 HiPPOLYTl
2179 408 2371 464 SEDE.
2412 439 2481 449 —
2520 407 2702 464 PARS
2736 409 2778 465 ῐ.

3481 408 3586 467 426

356 526 589 597 majores
610 527 784 582 nostri
807 526 1159 591 διδασκάλους
1182 543 1277 583 seu
1308 528 1558 583 doctores
1583 529 1766 584 dixere
1790 530 1923 600 (88).
1955 535 2000 591 Α
2029 545 2192 600 gnere
2214 531 2419 595 liceret,
2453 529 2796 603 Hippolytum
2829 540 3074 588 nostrum
3127 533 3316 590 eodem
3341 532 3463 602 iure
3485 551 3591 602 quo

357 619 494 676 Cum
547 619 735 689 itaque
779 619 1047 687 delegato,
1101 630 1160 673 ut
1206 620 1278 674 ita
1320 621 1588 686 dicamus,
1619 623 1738 690 jure
1785 623 1918 687 haec,

355 727 475 781 qua:
496 727 624 766 mox
653 713 1017 778 narravimus,
1043 728 1267 766 munera
1294 712 1484 783 primis
1511 713 1766 770 Ecclesia:
1787 725 1923 769 tem-

354 802 580 874 poribus
609 803 947 858 obtinuerint
977 803 1304 875 presbyteri,
1344 805 1468 874 quis
1513 823 1752 876 unquam
1800 807 1923 878 Ilip-

353 894 593 964 polytum
655 894 1068 964 presbyterum,
1133 910 1294 963 quem
1353 898 1612 965 populum
1670 899 1923 954 docuisse

349 985 480 1041 dicit
505 983 860 1052 Prudentius,
888 984 1203 1040 Portuensis
1242 987 1417 1057 plebis
1458 999 1621 1059 caput
1649 991 1921 1048 exstitisse

350 1076 643 1133 contendet
660 1077 684 1130 ?

416 1167 620 1222 Verum
654 1167 854 1236 aliquis
909 1167 1245 1224 existimabit
1279 1170 1625 1241 llippolytum
1673 1183 1918 1229 nostrum

347 1275 456 1314 non
482 1275 548 1314 ea
583 1269 761 1315 mente
796 1259 1047 1329 specioso
1076 1263 1260 1330 capitis
1288 1263 1452 1331 plebis
1478 1265 1698 1319 nomine
1726 1281 1754 1319 a
1784 1265 1922 1321 Pru-

345 1352 534 1407 dentio
573 1351 860 1417 donatum,
901 1358 960 1404 ut
993 1351 1255 1408 indicaret
1303 1355 1480 1424 ipsum
1516 1356 1597 1409 vel
1622 1357 1918 1422 titularem,

343 1447 431 1502 vel
469 1446 774 1517 simplicem
821 1449 874 1503 in
922 1447 1211 1503 Portuensi
1242 1447 1483 1504 Ecclesia
1542 1451 1917 1522 presbyterum

349 1539 545 1602 fuisse,
580 1540 766 1621 sed’ut
798 1539 971 1605 illum,
1001 1548 1188 1608 utpote
1238 1539 1293 1594 in
1326 1541 1526 1596 minori
1560 1542 1696 1596 urbe
1717 1543 1918 1614 degen-

340 1641 475 1697 tem,
535 1645 658 1701 qua:
707 1630 900 1700 primis
948 1630 1209 1687 Ecclesiae
1270 1632 1605 1701 temporibus
1655 1633 1913 1703 episc0po

344 1723 538 1779 forsan
575 1738 762 1778 carere
785 1723 984 1792 potuit,
1019 1731 1283 1792 potestate
1308 1723 1408 1779 sibi
1432 1723 1574 1779 facta
1609 1740 1640 1779 a
1670 1724 1919 1780 Romano

340 1810 625 1882 pontifice,
660 1809 1019 1866 Portuensem
1050 1809 1352 1868 Ecclesiam
1398 1813 1636 1883 episcopi
1684 1815 1802 1869 loco
1831 1817 1920 1870 ad-

2022 623 2320 690 presbyteri
2383 623 2455 678 illi
2515 639 2646 678 suas
2697 635 2826 679 tunc
2867 625 3125 694 temporis
3173 627 3592 683 moderabantur

2025 714 2317 777 Ecclesias,
2353 713 2640 769 Portuensi
2675 716 2978 786 prmfuisse,
3002 718 3086 772 vel
3116 717 3302 773 forsan
3334 729 3393 774 ut
3424 721 3592 775 chor-

2021 808 2358 876 episcopum.
2404 823 2564 876 quem
2596 809 2649 861 in
2681 810 2862 877 parvis
2891 810 3227 872 civitatibus,
3251 813 3405 881 pagis
3427 813 3590 867 etiarn

2021 911 2076 954 et
2105 899 2240 954 vicis
2269 899 2527 953 constitui
2575 899 2797 954 solitum
2857 899 3025 956 fuisse
3070 911 3281 957 veteres
3333 903 3590 958 Ecclesiae

2020 1005 2260 1047 canones
2288 1000 2579 1055 testantur,
2610 992 2857 1048 eamdem
2887 991 3241 1048 Portuensem
3286 993 3585 1050 Ecclesiam

2020 1083 2452 1139 administrasse.
2491 1081 2586 1137 His
2613 1083 2880 1154 siquidem
2926 1085 3140 1153 positis,
3170 1095 3225 1139 et
3267 1085 3592 1142 Prudentius

2021 1173 2090 1227 ab
2122 1172 2268 1228 omni
2319 1171 2661 1227 confusionis
2714 1181 2842 1226 nota
2891 1181 3035 1227 esset
3091 1172 3371 1239 immunis,
3407 1182 3461 1227 et
3493 1175 3589 1228 do-

2020 1263 2248 1318 ctissimi
2281 1261 2557 1318 Ruinartii
2593 1262 2906 1332 conjectura
2936 1273 3081 1318 sarta
3123 1273 3368 1333 tectaque
3405 1279 3593 1319 mane-

2020 1363 2125 1408 ret.
2159 1352 2483 1424 llujusmodi
2519 1363 2698 1408 tamen
2753 1354 3088 1422 argumentis
3115 1362 3267 1408 tanta
3325 1353 3464 1410 haud
3507 1357 3587 1410 vis

2020 1444 2183 1508 inest,
2218 1453 2280 1498 ut
2321 1443 2577 1498 facillime
2633 1443 2880 1497 enervari
2937 1459 3042 1497 non
3102 1444 3297 1513 possit.
3355 1443 3586 1502 Omissis

2018 1535 2166 1592 enim
2194 1535 2262 1590 iis
2304 1551 2424 1606 quae
2450 1534 2517 1589 de
2548 1535 2860 1604 hujusmodi
2887 1536 3322 1607 presbyterorum
3352 1546 3406 1590 et
3427 1538 3584 1592 chor-

2017 1627 2398 1696 episcoporum
2446 1627 2570 1695 jure
2606 1627 2802 1680 acriter
2831 1626 2969 1680 inter
3010 1642 3070 1682 se
3110 1629 3455 1696 disputarunt
3486 1629 3586 1683 do-

2019 1719 2094 1775 cti
2127 1719 2226 1772 viri
2248 1717 2502 1773 Petavius
2536 1718 2670 1788 (91),
2716 1717 3112 1774 Thomassinus
3147 1719 3281 1788 (92),
3319 1720 3585 1776 Christia-

2021 1825 2124 1865 nus
2152 1808 2338 1879 Lupus
2371 1808 2506 1878 (95),
2544 1807 2870 1879 Beveregius
2903 1809 3036 1881 (94),
3082 1809 3407 1879 ccetcriquc;
3449 1809 3581 1866 illud

339 1876 692 1957 ministrasse
722 1900 1075 1970 significaret.
1122 1903 1276 1969 Quod
1301 1876 1518 1973 egregio
1542 1876 1599 1957 8:
1633 1906 1914 1976 Epiplianii
1947 1876 1990 1931 Β
2018 1876 2300 1955 monuisse
2329 1876 2583 1961 sutliciat,
2615 1876 2772 1954 haud
2795 1901 3068 1956 immerito
3103 1901 3161 1954 in
3215 1901 3440 1956 dubium
3485 1919 3585 1956 vo-

336 1991 660 2047 testimonio
691 1993 896 2048 firmari
940 2003 1145 2063 posset,
1181 1995 1275 2064 qui
1305 2005 1493 2049 contra
1525 1996 1758 2052 Arianos
1781 1999 1916 2052 scri-

339 2083 483 2139 bens
508 2081 1051 2155 Presbyterianorum
1081 2087 1252 2141 nostri
1283 2087 1380 2141 aevi
1411 2096 1623 2152 atavos,
1662 2104 1770 2142 non
1797 2105 1917 2142 om-

335 2175 510 2232 nibus
540 2176 768 2231 urbibus
797 2176 851 2230 in
878 2177 968 2231 illa
1005 2176 1307 2247 primorum
1350 2191 1653 2250 temporum
1687 2181 1914 2250 penuria

333 2269 633 2338 episcopos
660 2268 821 2326 datos
865 2269 1037 2326 fuisse
1086 2253 1291 2336 monet,
1341 2272 1436 2327 sed
1484 2273 1827 2343 presbyteros
1859 2274 1914 2328 in

333 2361 536 2416 iisdem
569 2362 951 2434 episcoporum
1001 2365 1120 2421 vice
1147 2365 1422 2420 suffectos.
1475 2367 1534 2419 In
1582 2367 1705 2422 aliis
1764 2383 1913 2434 vero,

332 2469 470 2508 cum
499 2464 724 2509 econtra
750 2455 1001 2512 deessent
1033 2457 1351 2528 presbyteri,
1387 2457 1538 2512 solus
1576 2457 1678 2513 fuit
1709 2460 1917 2515 consti-

336 2551 497 2598 tutus
553 2544 862 2615 episcopus,
912 2546 1028 2617 qui,
1081 2547 1426 2602 ministrante
1453 2548 1703 2611 diacono,
1761 2550 1915 2604 Clu-i-

339 2635 541 2691 stiana:
570 2636 711 2706 plebi
738 2647 996 2707 pra-esset
1047 2636 1180 2709 (89).
1219 2638 1315 2695 His
1341 2641 1504 2695 etiam
1535 2640 1659 2694 addi
1693 2651 1916 2712 possent

332 2729 629 2785 notissima
682 2730 776 2786 illa
837 2731 894 2786 S.
953 2732 1239 2788 Athanasii
1294 2734 1603 2790 testimonia
1659 2737 1725 2790 de
1763 2737 1915 2806 pagis

330 2820 678 2889 Mareotidis,
710 2823 826 2892 qui,
864 2839 990 2879 cum
1050 2825 1228 2880 nullos
1283 2825 1546 2880 baberent
1606 2827 1910 2896 episcopos,

331 2913 460 2968 sola
488 2914 930 2984 presbyterorum
963 2929 1064 2985 ope
1089 2915 1436 2985 regebantur,
1462 2917 1659 2986 quibus
1682 2917 1915 2973 Alexan-

331 3005 536 3061 drinus
564 3005 869 3078 imperabat
917 3007 1209 3078 episcopus
1261 3006 1395 3078 (90).
1431 3007 1569 3064 Hinc
1615 3009 1774 3065 nobis
1824 3025 1914 3064 ar-

414 3180 642 3268 (8.8)7De_
689 3182 1022 3268 presbyteris
1056 3181 1417 3268 doctoribus,
1471 3185 1581 3268 qui_
1615 3187 1913 3255 saepissime
1939 3211 1982 3268 ε

331 3242 488 3322 apud
511 3242 791 3322 'antiquos
818 3242 1003 3308 Patres
1041 3261 1356 3315 occurrunt,
1396 3242 1616 3321 legenda
1657 3242 1801 3312 certe
1828 3242 1912 3313 est

329 3321 658 3396 dissertatio
685 3323 718 3396 6
743 3321 1322 3396 CyprianicaAHenrici
1351 3321 1630 3396 Dodwe‘lli,
1666 3341 1786 3396 pag.
1813 3329 1904 3394 54,

329 3391 439 3448 ubi
464 3392 629 3446 multa
686 3391 997 3461 hujuSniodi
1041 3392 1297 3462 dictionis
1332 3394 1591 3462 exempla
1626 3391 1912 3452 inve'niunQ-

325 3471 432 3515 tur
457 3480 472 3527 ;
502 3463 783 3516 adeundus
807 3472 889 3516 est
911 3464 1072 3516 etiam
1103 3461 1413 3516 Holstenius
1439 3466 1492 3516 in
1512 3461 1668 3521 notis
1685 3467 1750 3520 ad
1778 3470 1908 3523 Acta

335 3531 450 3586 SS.
482 3530 761 3602 Perpetua:
791 3542 845 3586 et
866 3531 1186 3602 Felicitatis,
1219 3547 1344 3602 pag.
1399 3533 1502 3587 149
1543 3537 1675 3590 e'dit.
1727 3535 1912 3592 Retine

327 3602 472 3674 anni
502 3601 661 3667 1665,
693 3602 784 3674 ubi
819 3603 933 3674 agit
955 3603 1024 3674 de
1047 3601 1279 3674 Aspasio
1301 3601 1638 3674 presbytero
1663 3607 1907 3674 doctore,

325 3673 500 3741 Cujus
528 3677 580 3724 in
615 3670 888 3740 praedictis
909 3670 1059 3726 Actis
1084 3672 1286 3725 mentio
1314 3670 1417 3726 est.

415 3741 526 3810 (89)
553 3741 610 3795 S.
645 3741 978 3810 Epiphanius
1002 3741 1095 3795 lib.
1129 3741 1486 3810 nrAdversus
1517 3743 1759 3808 hereses,
1790 3744 1906 3800 bte-

329 3813 451 3867 resi
490 3811 576 3872 77,
610 3809 762 3881 num.
789 3811 843 3876 5,
879 3825 998 3881 pag.
1023 3810 1149 3872 908,
1181 3809 1344 3880 Oper.
1396 3821 1526 3866 tom.
1579 3815 1594 3866 l
1651 3817 1780 3869 edit.
1806 3815 1907 3869 Pa-

329 3883 442 3954 ris.
467 3881 602 3934 1622
621 3880 854 3946 :cQuare
871 3880 968 3954 ubi
979 3882 1216 3954 nondum
1237 3881 1582 3954 episcopatus
1602 3885 1798 3954 dignus
1812 3887 1910 3939 ali-

328 3953 466 4022 quis
483 3962 815 4023 occurrerat,
838 3951 1018 4023 nullus
1042 3951 1091 4005 ei
1123 3951 1242 4004 loco
1258 3953 1584 4023 praepositus
1602 3951 1910 4023 estepisco-

328 4020 465 4092 pus.
485 4020 552 4074 At
572 4021 664 4074 ubi
691 4029 745 4092 et
770 4020 1063 4092 necessitas
1093 4021 1422 4092 postulabat,
1445 4037 1544 4076 nec
1572 4020 1782 4087 eorum,
1813 4027 1904 4092 qui

325 4091 656 4162 episcopatu
681 4091 829 4160 digni
877 4099 1063 4162 erant,
1103 4091 1259 4160 copia
1309 4091 1514 4162 deerat,
1548 4093 1620 4145 ibi
1664 4091 1905 4162 episcopi

327 4161 644 4220 constituti.
679 4161 750 4214 At
774 4175 896 4214 cum
925 4160 1065 4214 haud
1097 4175 1291 4229 magna
1317 4160 1606 4215 multitudo
1634 4160 1790 4223 foret,
1821 4160 1908 4218 re-

329 4231 506 4300 periri
539 4230 672 4284 nulli
703 4237 1024 4298 potuerunt,
1068 4230 1504 4300 quiipresbyteri
1545 4242 1902 4288 crearentur:

331 4298 484 4353 unde
513 4300 630 4354 solo
673 4301 928 4368 episcopo
954 4299 1192 4353 contenti
1229 4298 1464 4352 fuerunt.
1492 4317 1510 4350 ι

413 4370 524 4441 (90)
585 4371 840 4441 Apologia
872 4381 1057 4441 contra
1103 4369 1366 4441 Arianos,
1404 4384 1558 4441 num.
1609 4370 1697 4433 17,
1729 4369 1893 4441 Oper.

333 4447 473 4492 tom.
502 4437 542 4505 Ι,
570 4455 692 4509 pag.
737 4439 838 4492 157
873 4439 1000 4492 edit.
1037 4437 1210 4493 Paris.
1241 4438 1376 4509 anni
1409 4437 1904 4505 l698chuod'au-

332 4517 447 4563 tem
484 4508 596 4564 haec
630 4525 738 4563 non
761 4523 906 4578 mera
938 4510 1102 4562 verba
1134 4509 1262 4572 sint,
1288 4508 1382 4578 sed
1409 4522 1492 4562 res
1517 4520 1697 4578 gestae,
1739 4520 1901 4570 testes

333 4587 471 4651 sunt
514 4595 705 4633 omnes
758 4577 1013 4632 Marcone
1061 4559 1379 4651 presbyteri,
1429 4559 1548 4651 quia
1580 4559 1898 4651 episcopum
1934 4559 1977 4617 θ

332 4648 766 4703 circumeuntem
785 4663 998 4716 semper
1012 4648 1363 4702 comitantur.
1394 4647 1496 4704 iEt
1523 4663 1672 4703 num.
1694 4647 1785 4714 28,
1809 4668 1902 4707 ea-

333 4720 461 4772 dem
492 4719 769 4789 Apoloyia,
799 4734 919 4789 pag.
953 4717 1135 4789 147;}
1159 4716 1296 4771 Cum
1348 4718 1694 4773 advenissent
1723 4731 1903 4776 autem

334 4789 634 4861 presbyteri
663 4786 990 4861 '_Mareotici_,
1027 4786 1363 4861 allirmarunt
1410 4803 1583 4856 neque
1627 4791 1904 4861 lscliyram

332 4855 458 4927 esse
503 4855 787 4913 catholica:
852 4855 1107 4927 Ecclesiae
1137 4855 1535 4927 presbyterum,
1573 4855 1766 4927 neque'
1800 4862 1906 4916 tale

331 4926 553 4981 facinus
584 4938 930 4998 perpetrasse
987 4925 1319 4991 Macarium,
1377 4927 1539 4995 quale
1578 4929 1625 4981 is
1661 4925 1754 4984 illi
1801 4933 1904 4985 im-

373 4999 578 5056 utabat.
619 5017 639 5050 ι

332 5013 782 5137 υυῖἓῖῖηίιῖηοιίε
822 5064 977 5137 αδδ.
1006 5063 1368 5137 Epiphaniam
1412 5066 1603 5122 hmr‘esi
1651 5068 1718 5122 69
1751 5069 1904 5123 Aria-

329 5134 550 5203 norum,
582 5154 705 5208 pag.
733 5138 859 5202 278,
894 5135 1059 5208 Oper.
1104 5145 1234 5208 tom.
1271 5134 1338 5208 ll,
1391 5139 1481 5190 ubi
1515 5153 1748 5202 summa,
1795 5156 1900 5207 qua

329 5207 500 5286 pollet
556 5203 904 5271 eruditione,
945 5203 1047 5260 'de
1107 5203 1622 5276 chorepiscoporum
1693 5203 1902 5279 origine

328 5288 461 5345 aglt.

401 5347 516 5417 (.92)
542 5344 693 5400 Part.
716 5362 757 5412 1,
789 5345 880 5400 lib.
907 5358 970 5409 rt,
1001 5357 1124 5417 cap.
1153 5341 1177 5417 1
1205 5351 1260 5397 et
1286 5342 1340 5408 9.,
1368 5357 1492 5414 pag.
1519 5344 1624 5398 210
1646 5355 1696 5400 et
1719 5361 1899 5417 seqq.,

329 5416 423 5469 ubi
453 5413 675 5471 disserit
705 5418 773 5471 de
797 5413 1199 5483 cborepiscopis
1226 5428 1322 5483 per
1352 5413 1475 5468 octo
1500 5419 1682 5484 priora
1713 5413 1900 5472 Eccle-

325 5487 425 5540 size
451 5487 672 5540 Saecula.

403 5557 516 5626 (95)
551 5555 611 5609 ln
641 5570 851 5626 canone
874 5554 908 5609 6
936 5553 1152 5610 concilii
1193 5550 1537 5626 Sardiccnsis
1578 5555 1632 5608 in
1683 5566 1816 5609 tom.
1879 5556 1900 5610 Ι

327 5621 588 5694 Operam,
619 5642 744 5694 pag.
784 5625 890 5678 279
941 5636 994 5679 et
1023 5639 1175 5693 seqq.
1211 5621 1464 5680 editionis
1503 5624 1715 5680 Veneta:
1772 5629 1899 5681 anni

326 5697 491 5758 i621,
519 5709 575 5752 et
603 5697 731 5750 alibi
757 5697 973 5763 saepius.

401 5767 516 5834 (94)
565 5766 889 5823 Guilielmus
935 5765 1280 5834 Bevercgius,
1319 5764 1597 5818 Pandecta’
1639 5781 1899 5818 canonum

321 5833 426 5894 SS.
465 5833 824 5906 apostolorum
851 5844 900 5887 et
923 5833 1288 5902 conciliorum,
1323 5837 1374 5890 in
1415 5849 1652 5892 canones
1677 5838 1896 5891 concilii

649 5934 924 5995 ΡΑτιιοιι.
969 5931 1084 5990 Gn.
1133 5932 1214 5992 Χ.

2017 1992 2130 2048 cari
2172 2007 2354 2061 posse,
2385 2007 2516 2046 num
2546 1991 2739 2046 iisdem
2770 1991 3175 2062 chorepisc0pis
3200 2007 3261 2046 ca
3291 2003 3436 2048 recte
3483 1995 3583 2048 tri-

2015 2082 2110 2137 bui
2137 2091 2361 2151 queant,
2393 2098 2516 2153 qua:
2543 2081 2611 2136 de
2661 2081 2949 2153 Hippolyto
2992 2085 3189 2139 cecinit
3233 2083 3583 2154 Prudentius,

2015 2177 2316 2244 praesertim
2346 2190 2475 2230 vero
2513 2191 2643 2230 num
2674 2176 2774 2243 ipsi
2820 2177 2873 2230 in
2910 2178 3164 2246 primteva
3209 2176 3433 2233 Patrum
3480 2179 3586 2234 lin-

2015 2283 2120 2338 gua
2141 2267 2464 2323 Christianae
2492 2267 2662 2338 plebis
2695 2267 2870 2336 capita
2901 2269 3175 2324 exstitisse
3202 2269 3412 2324 dicendi
3437 2272 3583 2336 sint,

2015 2374 2140 2414 cum
2171 2360 2224 2414 in
2260 2359 2515 2415 omnibus
2547 2359 2738 2414 vicinae
2777 2360 2928 2416 urbis
2971 2363 3221 2430 episcopo
3251 2377 3345 2417 eos
3379 2363 3581 2431 subje-

2014 2460 2133 2508 etos
2179 2467 2300 2507 esse
2351 2452 2619 2519 jusserint
2672 2451 3028 2509 vetustissimi
3089 2451 3345 2508 Ecclesiae
3405 2469 3575 2509 cano-

2015 2559 2114 2598 nes
2146 2544 2283 2614 (95).
2320 2542 2440 2609 llis,
2472 2543 2653 2598 denuo
2700 2543 3018 2613 repetimus,
3055 2545 3299 2609 omissis,
3346 2545 3449 2600 alia
3481 2562 3580 2601 no-

2013 2636 2100 2692 bis
2128 2637 2363 2706 suppetit
2390 2637 2672 2706 potissima
2704 2637 2868 2703 ratio,
2921 2653 3028 2707 qua
3082 2637 3390 2708 hujusmodi
3420 2657 3581 2712 argu-

2016 2737 2255 2782 mentum
2288 2728 2341 2782 in
2378 2743 2436 2784 re
2480 2736 2663 2783 nostra
2697 2728 2909 2797 penitus
2946 2731 3239 2785 evanescit.
3294 2729 3446 2787 Hanc
3482 2749 3581 2787 no-

2014 2818 2100 2874 bis
2133 2818 2438 2889 suppeditat
2465 2819 2836 2874 vetustissima
2866 2820 3257 2877 suburbicaria:
3289 2825 3581 2894 provincia

2014 2909 2387 2964 ecclesiastica
2415 2909 2623 2979 politia,
2654 2910 2708 2963 in
2741 2925 2868 2980 qua,
2902 2920 2961 2965 ut
2989 2912 3190 2970 diserte
3237 2924 3423 2968 monet
3474 2916 3577 2969 do-

2015 3001 2291 3058 ctissimus
2319 3001 2635 3057 Dominicus
2665 3002 2857 3074 Georgi
2885 3004 3019 3075 (96),
3050 3006 3288 3077 episcopi
3315 3007 3515 3077 passim
3545 3021 3576 3061 a

2017 3185 2360 3245 Antiocheni,
2417 3193 2545 3239 tom.
2581 3181 2623 3246 l,
2659 3199 2780 3253 pag.
2839 3183 2964 3252 440,
3018 3185 3146 3240 edit.
3205 3183 3400 3241 Oxonii
3447 3190 3576 3242 anni

2017 3255 2187 3319 167%;
2219 3268 2428 3309 necnon
2459 3254 2914 3308 Adnotationibus
2963 3255 3018 3310 in
3069 3271 3309 3312 canones
3358 3258 3574 3312 concilii

2011 3325 2313 3394 Ancyraui,
2372 3339 2495 3377 can.
2520 3323 2620 3394 15,
2677 3333 2808 3377 tom.
2857 3323 2921 3388 ll,
2970 3337 3108 3394 part.
3143 3342 3204 3384 ll.
3270 3341 3389 3394 pag.
3447 3328 3574 3391 175,

2013 3392 2152 3459 176ξ
2187 3396 2240 3448 in
2270 3392 2640 3448 notationibus
2671 3409 2791 3448 can.
2829 3392 3047 3450 concilii
3076 3392 3420 3461 Antiocheni,
3447 3412 3572 3452 can.

2011 3463 2099 3527 10,
2135 3479 2257 3533 βῆς,
2292 3462 2415 3527 190,
2442 3472 2575 3516 tom.
2607 3464 2797 3518 eodem
2829 3463 2892 3526 ll,
2922 3473 3060 3533 part.
3093 3481 3152 3519 ιι.

2085 3533 2195 3602 (95)
2225 3531 2460 3606 Legendi
2494 3542 2630 3606 sunt
2650 3548 2886 3590 canones
2911 3531 3270 3590 conciliorum
3302 3535 3583 3606 Ancyranl

2011 3604 2100 3664 15,
2133 3614 2185 3657 et
2208 3603 2531 3658 Antioclieni
2574 3603 2660 3657 10.

2082 3674 2195 3741 (96)
2244 3671 2488 3743 Historia
2549 3673 2894 3743 diplomatica
2953 3674 3216 3728 cathedra:
3259 3675 3572 3743 episcopalis

2009 3744 2242 3796 civitatis
2271 3742 2432 3796 Setia:
2455 3743 2510 3796 in
2540 3743 2714 3803 Latio,
2744 3741 2772 3812 ᾗ
2803 3743 2856 3806 5,
2896 3759 3018 3812 pag.
3051 3747 3083 3797 6
3127 3741 3356 3799 edition.
3388 3745 3575 3799 Bonue

2008 3814 2137 3868 anni
2163 3813 2322 3876 1751,
2353 3813 2441 3866 ubi
2471 3813 2538 3866 ad
2577 3828 2736 3882 suum
2769 3822 3148 3882 argumentum
3189 3815 3572 3870 stabiliendum

2011 3883 2304 3936 multarum
2353 3883 2566 3936 erudite
2613 3881 2978 3936 Ecclesiarum
3034 3885 3422 3939 cathedralium
3471 3902 3572 3938 no-

2008 3954 2155 4005 mina
2179 3963 2369 4021 auctor
2398 3953 2674 4020 producit;
2714 3953 2851 4021 hinc
2875 3953 3113 4021 episcopi
3147 3953 3570 4020 Minturnenses,

2009 4021 2305 4088 Formiani,
2341 4019 2677 4080 Laurentini,
2711 4019 3074 4086 Privernates,
3110 4021 3298 4077 Trium
3320 4024 3574 4078 taberna-

2010 4107 2152 4162 rum,
2205 4092 2544 4162 Aquinate5_,_
2585 4089 2920 4162 Gabienses,
2974 4090 3254 4158 Labicani,
3314 4091 3568 4162 Trebani,

2010 4158 2438 4231 Suliattgustani,
2499 4158 2843 4231 Nomentani,
2895 4159 3185 4224 Lurenses,
3235 4172 3287 4216 et
3327 4161 3572 4215 For-ono-

2008 4232 2154 4296 vani,
2190 4228 2242 4284 iii
2271 4231 2427 4284 Latio
2458 4242 2511 4284 et
2545 4228 2761 4282 Sabinis
2816 4245 2880 4283 ex
2931 4238 3170 4283 veterum
3217 4231 3568 4286 historiarum

2006 4309 2060 4371 et
2088 4302 2444 4371 conciliorum
2468 4297 2834 4354 monumentis
2854 4300 2922 4351 ab
2947 4301 3132 4371 eodem
3169 4310 3411 4365 auctore,
3443 4318 3566 4371 pag.

2008 4369 2040 4421 6
2082 4374 2147 4423 ad
2196 4371 2285 4433 56,
2338 4369 2586 4424 adductis
2641 4371 2970 4424 referuntur.
3004 4368 3160 4434 Quod
3191 4386 3320 4424 vero
3353 4373 3417 4424 ad
3444 4368 3567 4426 rein

2009 4449 2252 4493 nostram
2309 4442 2544 4492 maxime
2612 4438 2759 4500 facit,
2813 4439 2865 4491 iu
2931 4438 3128 4493 Tuscia
3191 4441 3568 4496 suburbicaria

2007 4509 2438 4577 quamplurimos
2461 4509 2805 4576 episcopatus
2834 4509 3107 4565 exstitisse
3130 4522 3336 4566 certum
3370 4520 3472 4565 est.
3510 4511 3566 4566 lu

2007 4596 2068 4632 ea
2123 4581 2268 4632 enim
2331 4579 2490 4632 Silva:
2521 4579 2785 4648 Candida;
2811 4579 3154 4648 episcopatus
3196 4582 3421 4642 exstitit,
3448 4581 3568 4636 Ca2-

2006 4649 2204 4720 rensi_s,
2231 4651 2730 4720 Centumcelleirsis,
2759 4647 3165 4712 Graviscarum,
3207 4650 3570 4720 Tarquinien-

2007 4719 2104 4784 sis,
2130 4716 2514 4784 Tuscanensis,
2545 4717 2913 4783 Bulccntinus,
2940 4722 3024 4772 cui
3055 4723 3294 4776 succedit
3314 4716 3572 4776 Castren-

2007 4790 2103 4851 sis,
2152 4786 2501 4857 V'alcutanus,
2565 4785 2928 4852 Volliuiensis,
2975 4789 3196 4844 Castelli
3251 4791 3568 4857 Felicitatis,

2006 4857 2351 4923 Ferentinus,
2383 4856 2848 4927 Polymartiensis,
2881 4858 3243 4927 Faleritanus,
3280 4856 3571 4916 Balneorc€

2006 4928 2233 4991 giensis,
2291 4927 2660 4988 Gallesiensis,
2711 4927 3046 4994 Blenranus,
3113 4931 3567 4994 Marturanensis,

2006 4997 2499 5060 Foroclaudiensis,
2534 4998 2954 5067 Aqutevirensis,
2989 4999 3238 5061 Fidenas,
3284 5012 3338 5055 et
3385 5004 3568 5054 forsan

2004 5068 2166 5138 etiam
2203 5069 2456 5122 Lorensis
2478 5085 2491 5132 ;
2516 5082 2750 5136 quorum
2778 5069 3157 5138 episcoporum
3184 5073 3402 5124 nomina
3427 5072 3564 5124 idem

2005 5136 2270 5206 Georgius
2300 5146 2544 5191 veterum
2571 5137 2750 5208 allatis
2799 5136 3143 5194 documentis
3178 5141 3387 5204 recitat,
3432 5157 3570 5208 pra:-

2006 5216 2089 5277 ter
2112 5209 2458 5276 episcopatus
2497 5207 2592 5276 qui
2637 5223 2785 5261 nunc
2815 5211 3075 5277 temporis
3126 5211 3302 5263 adhuc
3327 5207 3563 5266 exstant.

2006 5276 2519 5349 Quapropteridem
2543 5285 2752 5341 auctor,
2785 5276 3226 5349 §48,conclud_it
3259 5295 3272 5331 :
3310 5298 3328 5329 ς
3354 5279 3568 5349 Episco-

2004 5348 2154 5414 pales
2179 5346 2465 5401 cathedras
2521 5363 2630 5400 non
2663 5346 2826 5401 modo
2867 5349 2921 5400 in
2977 5347 3138 5402 claris
3172 5347 3310 5402 Latii
3349 5346 3413 5403 et'
3458 5347 3568 5401 Tu-

2005 5431 2133 5488 scia:
2162 5416 2556 5488 snburbicaria:
2611 5418 2837 5472 urbibus
2884 5416 3125 5485 antiquis
3157 5419 3494 5488 temporibus
3535 5433 3566 5472 a

2007 5483 2271 5558 ltoinanis
2295 5487 2642 5558 pontiﬁcibus
2701 5483 3212 5558 institutaspatque
3259 5483 3332 5543 ita
3360 5489 3569 5558 spissus

2005 5554 2243 5625 (fuisse),
2275 5563 2339 5626 ut
2363 5557 2524 5611 veluti
2549 5557 2693 5609 inter
2714 5570 2833 5610 sese
2861 5554 3250 5626 contingerent,
3284 5560 3378 5614 sed
3393 5554 3567 5613 etiam

2006 5626 2061 5678 in
2089 5624 2292 5680 nullius
2321 5624 2490 5698 ferme
2518 5625 2797 5698 dignitatis
2837 5624 3066 5698 oppidis
3095 5629 3384 5698 episcopos
3412 5629 3570 5682 desti-

2005 5704 2163 5749 natos
2194 5735 2209 5749 .
2244 5735 2259 5750 .
2293 5733 2310 5748 .
2343 5693 2651 5766 fortasseji
2697 5693 3059 5762 mirabuntur,
3111 5693 3314 5766 quibus
3359 5700 3570 5752 incom-

2003 5776 2154 5832 perta
2181 5775 2268 5838 est
2280 5836 2289 5838 Α
2321 5765 2543 5838 antiqua
2572 5764 2828 5838 Ecclesia;
2882 5764 3165 5837 disciplina
3195 5770 3263 5824 de
3300 5769 3572 5838 episcopis

2005 5839 2060 5890 in
2097 5836 2324 5905 singulis
2376 5837 2602 5891 urbibus
2653 5835 3069 5904 constituendis,
3111 5854 3250 5910 qum,
3303 5835 3436 5907 pace
3469 5835 3573 5890 lic-

3263 5936 3336 5993 ib
