4074 6416
383 425 490 483 ης)

1161 422 1247 477 DE
1288 422 1679 478 PORTUENSI
1722 425 1779 479 S.
1822 425 2188 481 HIPPOLYTI
2232 425 2427 491 SEDE.
2468 455 2536 463 —
2578 424 2757 482 PARS
2795 426 2836 482 1.

3527 423 3632 479 430

374 543 461 599 vel
491 542 943 613 chorepiscopum
980 541 1266 598 Portucnsi
1299 542 1556 600 Ecclesiae
1590 559 1821 615 praeesse
1845 560 1955 601 non
1984 553 2026 608 Α
2059 545 2151 599 tali
2178 546 2398 601 nomine
2423 563 2700 618 nunquam
2722 549 3020 604 donassent
3041 547 3262 604 ethnici.
3287 545 3634 603 Tillemontio

373 634 637 706 potuisse,
666 633 1111 689 manifestissime
1161 635 1452 690 evincitur.
1483 636 1552 690 At
1584 635 1630 690 si
1677 635 1803 705 quis
1846 653 1953 691 un-

370 740 535 794 quam
559 722 916 780 Tillemontio
938 724 1038 796 (7),
1059 724 1304 781 Adriano
1334 724 1561 782 Bailetto
1593 727 1699 799 (8),
1725 727 1954 783 Claudio

369 815 566 887 Fleury
600 815 703 886 (9),
729 824 786 871 et
814 814 1064 888 Remigio
1083 816 1360 872 Ceillierio
1390 816 1504 888 (10)
1530 818 1784 873 assentiri
1816 819 1954 873 mal-

368 910 464 975 let,
491 909 611 978 qu-i,
646 908 899 978 quamvis
947 907 1130 978 quoad
1175 906 1524 980 Hippolytum
1571 910 1951 982 presbyterum

367 1016 495 1056 cum
528 999 818 1055 Ruinartio
847 1000 1006 1070 plane
1025 1000 1401 1066 consentiant,
1433 1008 1612 1055 tamen
1639 1000 1817 1071 ipsum
1843 1016 1953 1056 non

368 1092 729 1157 Portuensis,
783 1093 879 1149 sed
948 1092 1208 1148 Romana:
1259 1092 1518 1150 Ecclesiae
1574 1094 1951 1166 presbyterum

369 1184 760 1250 crediderunt;
798 1184 847 1238 is
874 1181 1121 1253 profecto
1165 1185 1304 1239 sciat
1327 1184 1640 1253 hujusmodi
1672 1185 1950 1254 conjectu-

368 1291 490 1331 ram
523 1292 554 1331 a
579 1276 813 1346 genuina
841 1275 1169 1345 pientissimi
1196 1284 1367 1344 poeta:
1388 1285 1568 1330 mente
1600 1276 1759 1346 longe
1789 1277 1953 1332 nimis

366 1367 561 1423 abesse
585 1385 598 1421 :
623 1365 952 1421 Prudentius
977 1365 1124 1421 enim
1153 1365 1499 1438 Hippolytum
1527 1382 1687 1422 suum
1710 1368 1762 1420 in
1784 1366 1950 1422 Portu

366 1458 620 1514 Romano
651 1459 860 1529 plebem
902 1458 1160 1515 habuisse
1186 1459 1338 1525 dicit,
1383 1459 1670 1529 ipsumque
1690 1475 1812 1515 eam
1848 1460 1953 1515 ibi-

366 1550 490 1607 dem
530 1552 898 1622 alloquentem
943 1551 1153 1608 inducit
1192 1566 1358 1622 supra
1407 1552 1642 1608 laudatis
1692 1553 1950 1608 carmini-

366 1643 474 1700 bus
505 1660 521 1696 :

593 1819 605 1832 .
638 1774 850 1849 Fugite,
882 1794 919 1849 ογ
944 1778 1146 1849 miseri,
1176 1777 1503 1849 exsecranda
1541 1774 1738 1849 Novati

437 1845 777 1913 Scltismatd;
811 1848 1087 1903 catholicis
1122 1848 1323 1901 reddite
1357 1863 1443 1902 vos
1468 1846 1697 1917 populis,
1729 1857 1834 1901 etc.

363 2003 710 2074 Quapropter
758 2005 814 2059 in
866 2003 1218 2060 convellenda
1261 2004 1578 2075 hujusmodi
1632 2003 1946 2073 conjectura

362 2097 583 2165 longius
627 2097 935 2166 immorari,
970 2111 1152 2167 opera:
1197 2097 1431 2166 pretium
1477 2095 1619 2150 haud
1648 2109 1771 2149 esse
1790 2095 1945 2149 duci-

364 2205 519 2251 mus;
553 2189 669 2243 sola
697 2190 843 2243 enim
879 2187 1157 2243 Prudentii
1185 2189 1348 2243 verba
1395 2188 1528 2243 satis
1568 2203 1838 2258 superque
1867 2189 1946 2243 ei-

359 2281 485 2337 dem
517 2280 773 2336 falsitatis
806 2291 990 2336 notam
1021 2283 1268 2335 inurunt.
1310 2281 1521 2335 Etenim
1554 2280 1679 2350 quis
1705 2295 1943 2350 unquam

360 2373 626 2429 Romana:
655 2372 912 2429 Ecclesiae
936 2373 1310 2444 presbyterum
1343 2389 1468 2428 cum
1511 2381 1620 2429 tota
1660 2374 1812 2444 plebe
1841 2372 1943 2429 sibi

357 2463 658 2520 commissa
697 2479 766 2519 ex
812 2463 945 2518 urbe
999 2464 1055 2517 in
1093 2462 1316 2518 Portum
1358 2475 1487 2519 tunc
1538 2466 1795 2535 temporis
1842 2465 1945 2517 mi-

355 2570 551 2625 grasse
578 2554 971 2610 arbitrabitur?
999 2553 1134 2621 Quis
1162 2553 1510 2627 Hippolytum
1549 2556 1808 2612 Romante
1837 2556 1941 2611 Ec-

355 2646 544 2702 clesiae
599 2645 975 2716 presbyterum
1033 2644 1409 2701 Christianum
1481 2648 1722 2702 fidelium
1781 2661 1944 2719 caput

356 2740 550 2793 Romm
582 2737 688 2793 sub
711 2750 928 2791 summo
949 2737 1209 2805 pontifice
1231 2736 1666 2792 Christianorum
1697 2739 1939 2793 omnium

352 2840 585 2899 parente
615 2845 681 2883 ac
715 2830 959 2899 principe
987 2832 1266 2887 exstitisse
1290 2833 1628 2887 somniabit?
1651 2830 1762 2888 Nec
1788 2833 1943 2904 juvat

352 2923 599 2992 obiicere
628 2921 982 2977 Prudentium
1016 2924 1369 2979 sanctissima
1406 2924 1717 2994 hujusmodi
1764 2928 1941 2979 nomi-

350 3030 453 3082 na,
486 3024 745 3085 tanquam
787 3015 1069 3084 gentilium
1101 3030 1196 3071 ore
1244 3017 1475 3085 prolata,
1508 3014 1795 3086 Hippolyto
1841 3032 1942 3072 suo

347 3104 653 3170 indidisse;
685 3120 812 3160 nam
837 3106 1055 3176 ipsimet
1072 3107 1275 3162 ethnici
1300 3107 1665 3162 hicrarchicos
1686 3107 1942 3163 Christia-

2058 636 2290 707 denique
2341 638 2473 692 nihil
2520 639 2775 709 prodesse
2823 648 3000 708 potest
3053 641 3438 710 antiquissima
3482 649 3633 695 vete-

2059 743 2179 781 rum
2216 728 2329 801 (l5)
2365 731 2734 785 Romanorum
2766 731 3127 794 consuetudo,
3159 732 3212 785 in
3240 747 3472 801 quorum
3510 746 3637 800 pro-

2056 819 2252 874 vinciis
2285 820 2363 874 rei
2410 829 2562 875 extra
2600 820 2882 875 civitatum
2933 821 3198 892 pomoeria
3247 806 3491 877 extremo
3520 822 3634 878 alli—

2057 908 2339 962 ciebantur
2393 910 2694 979 supplicio,
2728 919 2788 964 ut
2813 925 2882 964 ex
2925 921 2988 966 ea
3039 912 3406 981 argumentari
3454 913 3630 977 liceat,

2058 996 2406 1069 Hippolytum
2438 998 2766 1067 Romanum,
2798 1008 2859 1054 ut.
2889 1001 3073 1065 aiunt,
3097 1001 3493 1071 presbyterum,
3533 1004 3634 1058 bac

2055 1090 2121 1144 de
2151 1105 2318 1146 causa
2343 1101 2496 1147 extra
2531 1089 2728 1147 Urbem
2766 1094 3093 1157 adductum,
3137 1103 3192 1149 et
3235 1094 3287 1146 in
3321 1092 3487 1148 Porta
3523 1093 3634 1148 Ro—

2057 1195 2221 1236 mano
2257 1183 2519 1253 martyrio
2546 1180 2715 1238 fuisse
2748 1193 3110 1249 coronatum;
3142 1200 3290 1248 nam,
3322 1194 3380 1239 ut
3419 1186 3632 1255 egregie

2055 1287 2156 1326 nos
2200 1273 2412 1327 monuit
2462 1275 2546 1328 vir
2591 1274 2943 1329 doctissimus
2982 1272 3233 1330 Valesius
3263 1275 3398 1346 (l6),
3441 1276 3631 1344 hujus-

2054 1362 2196 1416 modi
2222 1364 2671 1419 consuetudinem
2706 1380 2813 1419 non
2862 1379 3095 1435 semper,
3135 1366 3280 1435 quod
3314 1366 3382 1421 ad
3410 1376 3629 1422 sanctos

2050 1453 2252 1508 Christi
2302 1463 2569 1525 martyres
2630 1456 2854 1527 attinet,
2902 1456 3092 1510 eodem
3145 1465 3305 1526 pacto
3358 1466 3629 1513 servatam

2050 1543 2219 1599 fuisse
2247 1545 2535 1601 dicendum
2570 1554 2684 1611 est,
2719 1547 2791 1600 ita
2829 1555 2887 1601 ut
2916 1563 3129 1617 semper
3166 1549 3218 1602 in
3251 1549 3631 1604 sanctissimos

2051 1638 2246 1692 heroas
2288 1649 2440 1692 extra
2491 1634 2650 1693 Urbis
2697 1639 2958 1708 pomaria
2995 1639 3239 1694 saevitum
3270 1638 3448 1695 fuerit.
3481 1640 3629 1707 Qua-

2049 1738 2268 1798 propter
2322 1738 2377 1783 et
2421 1731 2680 1798 temporis
2724 1744 2834 1799 quo
2881 1730 2981 1800 ipsi
3023 1730 3203 1799 passi,
3241 1739 3293 1785 et
3332 1731 3627 1801 supplicio-

2050 1835 2171 1874 rum
2217 1821 2416 1891 quibus
2464 1821 2641 1875 aﬂ‘ecti
2687 1820 2939 1886 fuerunt,
2990 1824 3255 1877 rationem
3315 1823 3619 1878 habendam

2049 1922 2191 1966 recte
2249 1922 2432 1967 monet
2484 1912 2754 1980 Valesius,
2801 1923 2859 1968 ut
2892 1916 3086 1969 exinde
3139 1915 3457 1986 passionum
3506 1916 3625 1971 loca

2047 2012 2167 2070 tuto
2222 2004 2466 2074 dignosci
2523 2005 2754 2074 possint.
2802 2002 3013 2060 Etenim
3066 2007 3135 2071 ii,
3184 2006 3276 2076 qui
3329 2017 3623 2076 praetorum

2048 2097 2314 2154 sententia
2348 2097 2527 2167 gladio
2563 2099 2948 2163 animadversi,
3000 2098 3082 2152 vel
3117 2098 3170 2152 in
3218 2114 3434 2153 crucem
3480 2098 3623 2166 acti,

2046 2189 2132 2244 vel
2160 2190 2283 2259 igne
2316 2189 2583 2254 damnati,
2622 2190 2704 2244 vel
2735 2191 2953 2246 demum
2987 2191 3257 2262 lapidibus
3288 2192 3468 2246 obruti
3502 2191 3622 2248 fue-

2046 2297 2138 2348 re;
2179 2282 2211 2334 ii
2262 2296 2393 2335 sane
2436 2290 2588 2336 extra
2639 2279 2798 2335 Urbis
2835 2283 3036 2337 mos-nia
3077 2284 3320 2354 martyrii
3364 2299 3620 2338 coronam

2046 2382 2172 2428 Sunt
2198 2372 2396 2442 adepti,
2420 2373 2898 2443 quemadmodum,
2930 2383 2989 2427 ut
3013 2374 3079 2428 de
3106 2374 3316 2428 caneris
3339 2375 3621 2438 sileamus,

2047 2463 2106 2520 S.
2136 2464 2443 2535 Cyprianus
2464 2474 2616 2519 extra
2646 2464 2996 2534 Carthaginis
3025 2479 3212 2519 muros
3242 2465 3297 2516 in
3323 2481 3450 2534 agro
3470 2462 3620 2520 Sexti

2044 2557 2221 2626 capite
2254 2556 2443 2626 plexus
2498 2555 2602 2612 fuit
2646 2556 2795 2627 (17),
2829 2566 2881 2611 et
2914 2554 3307 2626 Lugdunenses
3352 2566 3619 2627 martyres

2043 2648 2310 2703 Athanaci
2354 2647 2466 2714 (18)
2499 2647 2823 2711 occubuere,
2874 2655 2928 2702 et
2976 2646 3032 2700 S.
3081 2644 3415 2718 Polycarpus
3463 2656 3617 2703 extra

2046 2739 2448 2810 Smyrttaaorum
2508 2741 2777 2811 pomoeria
2825 2739 2951 2810 igne
2982 2737 3084 2793 fuit
3125 2739 3445 2807 absumptus
3480 2740 3610 2809 (l9).

2044 2832 2083 2886 li
2114 2847 2276 2896 vero,
2303 2834 2396 2903 qui
2450 2834 2516 2888 ad
2565 2833 2768 2887 bestias
2819 2831 3082 2894 damnati,
3112 2830 3197 2885 vel
3240 2831 3483 2907 quolibet
3507 2831 3616 2885 alio

2043 2923 2358 2993 huiusmodi
2405 2925 2671 2994 supplicio
2716 2922 2963 2977 dilaniati
3001 2921 3186 2987 fuere,
3223 2922 3276 2976 hi
3322 2922 3376 2976 in
3420 2923 3618 2978 mediis

2043 3016 2272 3070 urbibus
2303 3025 2614 3085 cuuctoque
2646 3024 2925 3084 spectante
2953 3014 3154 3085 populo
3190 3015 3242 3068 iu
3277 3014 3617 3084 amphithea-

2044 3107 2162 3170 tris,
2188 3108 2241 3160 in
2271 3108 2404 3176 ipsis
2430 3107 2706 3162 Caesarum
2736 3105 3008 3160 natalibus
3031 3106 3349 3176 martyrium
3378 3106 3617 3176 plerum-

352 3213 558 3254 norum
603 3198 824 3253 ordines
871 3199 1040 3267 probe
1089 3207 1376 3271 noverunt,
1403 3207 1462 3252 ut
1489 3207 1637 3268 patet
1665 3214 1732 3254 ex
1768 3201 1940 3256 notis-
1967 3240 2008 3295 Ο
2043 3216 2149 3269 que
2195 3210 2717 3256 consummaverunt
2764 3199 2899 3270 (20).
2950 3197 3059 3255 Eos
3098 3198 3363 3269 denique,
3397 3200 3489 3269 qui
3525 3215 3615 3254 re-

347 3290 500 3345 simo
557 3290 653 3344 illo
703 3291 983 3344 Aureliani
1041 3291 1385 3360 imperatoris
1432 3291 1729 3361 rescripto,
1789 3292 1936 3361 quod
1973 3287 2008 3295 “”
2043 3291 2267 3359 pentino
2296 3290 2439 3359 vulgi
2473 3304 2538 3344 ae
2570 3289 2860 3358 pra‘sidum
2892 3289 3073 3343 furore
3097 3289 3341 3358 oppressi
3370 3287 3613 3351 fuerunt,

348 3379 544 3435 laudat
576 3378 845 3434 Eusebius
880 3380 1016 3449 (11),
1056 3387 1112 3434 et.
1145 3388 1211 3435 ex
1255 3380 1447 3435 edictis
1484 3380 1759 3434 Maximini
1800 3380 1934 3450 (12),

350 3470 635 3526 Valeriani
671 3472 784 3542 (l5)
831 3481 885 3526 et
933 3472 1250 3527 Diocletiani
1301 3473 1454 3542 (14),
1497 3473 1696 3543 quibus
1738 3473 1840 3542 ipsi
1882 3474 1935 3526 in

344 3565 660 3633 episcopos,
692 3563 1042 3633 presbyteros
1084 3578 1149 3617 ac
1188 3563 1448 3620 diaconos
1480 3564 1662 3635 gladio
1692 3565 1935 3620 animad-

346 3657 499 3710 verti
545 3656 791 3726 jussere;
849 3655 1088 3724 ideoque
1133 3654 1181 3709 si
1244 3653 1563 3728 Hippolytus
1620 3644 1957 3712 Portuensis‘

348 3748 523 3819 plebis
563 3758 717 3816 caput
754 3763 938 3801 revera
988 3763 1093 3802 non
1140 3748 1458 3812 exstitisset,
1509 3749 1658 3803 illum
1692 3747 1935 3819 profecto

425 3904 504 3975 (7)
540 3904 698 3960 Tom.
731 3903 819 3966 Ill,
854 3920 977 3975 pag.
1007 3903 1133 3976 412,
1164 3901 1703 3976 inASaint1Corneille,
1724 3912 1778 3957 et
1807 3917 1930 3974 pag.

340 3972 631 4048 675,:ngte
659 3976 712 4039 4,
734 3991 806 4048 su
816 3972 1022 4048 (saint
1045 3972 1346 4048 Hippolyte.
1364 3980 1367 3983 ‘
1382 3972 1419 4048 ff

322 4090 336 4103 .
426 4046 506 4117 (8)
526 4044 697 4117 f'IA'om.
732 4044 795 4117 ll,
825 4044 927 4117 Las
956 4044 1070 4098 Vies
1094 4041 1186 4099 des
1213 4041 1413 4117 saintsf,
1432 4051 1555 4117 xtnf
1579 4042 1707 4117 ᾖον-ις
1726 4041 1928 4117 d’aout,

341 4110 618 4189 pag.'165
664 4116 792 4189 edit.
829 4115 860 4169 ἐι
897 4114 1052 4170 Paris
1071 4156 1094 4189 ,_
1119 4130 1211 4189 an.
1237 4110 1617 4189 _l704..;Saint
1643 4110 1930 4189 Hippolyte

340 4180 1053 4286 ‘tj‘o‘mai‘nmmgrt'yr
1081 4185 1112 4239 a
1138 4182 1288 4241 OSIie
1328 4198 1400 4239 ou
1436 4180 1685 4271 aperto,
1716 4180 1774 4238 et
1798 4180 1930 4251 jour

340 4254 722 4317 ix1|"d‘aout,
749 4271 871 4325 pag.
904 4254 1030 4310 545.
1104 4324 1107 4325 ν
1320 4321 1328 4325 η
1396 4322 1405 4325 Α
1468 4254 1508 4325 ἠΪ

424 4326 501 4397 (9)
547 4321 766 4397 Αῢνέθέξ
795 4321 859 4380 de
914 4324 1173 4397 l‘ltistot're
1222 4321 1648 4397 ecclesiastique,
1705 4330 1847 4397 ωλι)ζ
1881 4321 1924 4384 l,

340 4390 544 4463 arth,
574 4406 661 4450 ιη’
687 4390 871 4460 siécle,
916 4397 973 4450 in
1024 4396 1169 4449 saint
1219 4390 1540 4465 Hippolytey
1577 4407 1700 4462 pag.
1744 4390 1849 4445 5‘26
1871 4402 1926 4446 et

341 4482 509 4537 seqq.
541 4467 674 4537 edit.
701 4465 732 4520 a
758 4465 1019 4537 Qologne,
1049 4465 1207 4537 1751.
1321 4494 1325 4499 ι

423 4541 536 4661 (10)
564 4541 721 4591 Tum.
755 4541 798 4589 ll
840 4541 955 4603 cit.,
985 4551 1106 4607 cap.
1136 4541 1228 4602 55,
1259 4549 1381 4606 pag.
1415 4541 1516 4587 567
1538 4570 1553 4595 ,
1591 4541 1623 4609 ᾳ

342 4617 552 4688 90,198..
567 4606 701 4688 ,θηθο
1026 4675 1094 4688 ,η
1474 4652 1483 4659 -

488 4678 537 4752 1)
565 4672 716 4752 lIibr.
748 4692 847 4743 vn,
871 4691 991 4752 cap.
1026 4675 1119 4752 5Q.
1152 4672 1426 4752 p:_tg._5_6t_l.
1535 4714 1562 4752 .‘
1588 4722 1589 4725 η
1620 4672 1642 4749 ’ς
1663 4740 1699 4752 _
1805 4741 1816 4752 _
1843 4743 1853 4752 _

428 4740 538 4818 (12)
572 4749 647 4820 De
676 4740 1052 4820 persecutione
1068 4740 1349 4820 Dia—trimiui
1376 4740 1926 4820 lege_ndu§'._Eusebius

345 4810 501 4873 Hist.
521 4810 717 4899 ἐπιθῇ.
750 4817 847 4872 lib.
870 4831 948 4884 vr,
978 4831 1098 4887 cap.
1131 4815 1224 4897 28_,
1251 4830 1373 4938 pag.
1402 4810 1529 4868 295.
1602 4810 1682 4894 7,";
1760 4882 1773 4894 ι
1913 4883 1922 4894 .

422 4888 535 4938 (15)
571 4886 716 4938 Satis
737 4888 999 4938 nrohatur
1027 4904 1093 4938 ex
1121 4894 1279 4938 emst.
1359 4881 1394 4937 0
1429 4877 1486 4936 S.
1518 4880 1774 4938 Cvnrlam
1794 4924 1810 4938 .
1833 4899 1922 4938 aut

448 4888 535 4958 15)
571 4886 716 4943 Satis
737 4877 999 4958 probatur
1027 4877 1093 4941 ex
1121 4877 1279 4956 epist.
1322 4877 1394 4958 80
1429 4877 1486 4936 S.
1518 4877 1774 4957 Cyp'riani
1794 4924 1810 4950 ,
1833 4883 1925 4958 qui

350 4954 527 5034 refert
574 4954 861 5034 scripsisse
907 4954 1255 5034 Yalcrian'um
1288 4955 1380 5034 _a_d.
1404 4954 1783 5034 senatum,.ttt
1809 4954 1926 5034 epi~

343 5029 518 5152 sclopi,
550 5040 604 5082 et
655 5026 974 5099 presbyteri,
1003 5037 1058 5083 et
1089 5027 1304 5083 diaconi
1327 5026 1382 5080 in
1415 5026 1716 5078 continebti
1746 5026 1926 5080 anitu-

343 5116 376 5153 a
424 5108 722 5153 vertantur.

343 5114 722 5154 advertantur.

382 5168 388 5239 ί
420 5168 534 5239 (14)
566 5167 850 5223 Summam
873 5168 1043 5239 edicti
1068 5182 1099 5222 a
1125 5164 1463 5239 Diocletiano
1490 5163 1727 5239 catenati
1761 5163 1927 5218 refert

344 5232 623 5305 Eusebius
646 5240 742 5293 lib.
770 5254 867 5294 vm
896 5238 969 5293 Η.
997 5237 1089 5301 Ε..
1119 5251 1239 5306 cap.
1275 5236 1332 5303 2,
1363 5250 1487 5306 pag.
1532 5233 1660 5306 579.
1692 5232 1926 5306 Lactan-g

349 5304 545 5363 tius’in
571 5311 666 5365 lib.
696 5308 774 5363 De
806 5316 962 5362 mort.
996 5304 1406 5378 persecuturum,
1443 5318 1566 5378 cap.
1589 5304 1678 5378 15,
1705 5319 1827 5378 pag.
1853 5304 1924 5378 Ξῖ

342 5380 483 5435 edit.
524 5380 698 5436 Paris.
730 5379 862 5433 anni
906 5374 1067 5443 1710,
1097 5379 1165 5432 de
1200 5375 1575 5447 persecutione
1604 5374 1921 5447 Diocletiani

344 5451 520 5503 multa
573 5451 771 5513 habet,
819 5459 872 5504 et
932 5449 986 5503 in
1044 5462 1107 5504 ea
1148 5444 1541 5516 coiitpreltensos
1595 5444 1922 5515 presbyteros

347 5521 518 5574 etiam
550 5529 790 5575 enarrat.

419 5590 533 5661 (15)
564 5584 1512 5661 Legendus__Henric._Valesius_in
1559 5592 1670 5638 not.
1723 5585 1791 5661 ad
1825 5584 1919 5640 lib.

341 5656 524 5715 mm
544 5656 821 5714 Aminiaui
853 5657 1171 5722 Marcellini,
1201 5672 1321 5727 pag.
1346 5656 1471 5722 526,
1500 5665 1622 5708 uota
1647 5673 1697 5719 c,
1729 5657 1815 5708 ed.

416 5728 777 5805 (lti)_l)eteus.
807 5729 1026 5799 diseept.
1071 5733 1134 5782 de
1164 5723 1418 5791 ὺὰδιῖιεὶδ,
1458 5739 1594 5797 part.
1628 5743 1689 5793 ιι,
1717 5740 1838 5795 cap.
1864 5723 1920 5793 2,

342 5800 620 5872 μβ.

417 5865 530 5941 (Π)
563 5870 639 5926 lta
679 5867 942 5925 habemus
990 5869 1045 5926 in
1083 5867 1252 5937 ipsius
1295 5867 1443 5923 Actis
1464 5907 1478 5936 ,
1512 5866 1696 5922 relatis
1725 5880 1754 5919 a
1788 5865 1919 5920 ltui-

1489 6062 1518 6081 Α·
1538 6051 1587 6071 ’δ’

481 4502 732 4659 itaita:
1259 4549 1381 4606 pag.
1415 4502 1553 4595 567‘,
1591 4531 1657 4609 de
1704 4531 1761 4586 S.
1796 4529 1923 4601 Hip—
1958 4583 2003 4638 Β

2042 3381 2098 3435 in
2141 3381 2274 3451 ipsis
2306 3381 2534 3435 urbibus
2568 3396 2675 3433 non
2716 3394 2841 3434 raro
2871 3390 3136 3433 mactatos
3176 3377 3344 3434 fuisse
3376 3385 3611 3442 constat,

2040 3473 2501 3544 quemadmodum
2550 3468 2994 3527 Nicomedieuses
3044 3482 3345 3542 martyres,
3379 3486 3517 3540 quos
3552 3487 3613 3527 se

2039 3573 2303 3634 praesente
2353 3563 2599 3618 comburi
2645 3563 2813 3632 jussit
2870 3562 3273 3629 Diocletianus,
3325 3560 3612 3617 Lactantio

2040 3665 2177 3710 teste
2210 3654 2344 3724 (2i).
2371 3653 2447 3708 Ex
2476 3654 2767 3723 postremis
2802 3655 2887 3708 his
2912 3670 3054 3709 unus
3088 3653 3331 3723 profecto
3358 3652 3460 3708 fuit
3483 3652 3612 3724 Hip-

2039 3748 2276 3818 polytus.
2311 3762 2472 3817 quem
2504 3747 2803 3816 improviso
2835 3746 3062 3801 rectoris
3087 3756 3138 3800 et
3172 3744 3314 3815 vulgi
3345 3743 3527 3801 furore
3555 3747 3609 3800 in

2035 3904 2216 3958 nartio
2243 3903 2361 3957 Act.
2392 3913 2612 3973 martyr.
2640 3919 2761 3973 pag.
2796 3902 2916 3963 189,
2944 3918 3096 3973 num.
3123 3902 3157 3956 5
3186 3921 3200 3957 :
3230 3920 3249 3954 ι
3285 3900 3351 3955 Et
3372 3902 3444 3955 ita
3466 3901 3606 3957 idem

2033 3974 2441 4045 Cyprianus‘in
2486 3971 2671 4043 agrum
2718 3971 2865 4045 Sexti
2900 3972 3191 4045 perductus
3224 3980 3329 4036 est,
3366 3981 3421 4025 et
3446 3972 3519 4045 ibi
3548 3992 3611 4045 se

2034 4041 2253 4098 lacerna
2285 4053 2340 4099 et
2359 4041 2893 4114 byrro‘exspoliavit,
2924 4052 2980 4096 et
3001 4056 3142 4109 genu
3172 4041 3231 4096 in
3262 4051 3407 4096 terra
3438 4042 3606 4109 ﬂexit,

2032 4123 2087 4169 et
2120 4114 2173 4167 in
2200 4111 2503 4168 orationem
2533 4127 2592 4168 se
2613 4111 2844 4166 Domino
2869 4114 3181 4180 prostravit.
3215 4129 3235 4163 ι

2103 4182 2215 4254 (18)
2247 4182 2635 4254 Perlustranda
2665 4191 2794 4254 sunt
2819 4197 2941 4254 qua:
2959 4180 3226 4254 Eusebius
3251 4180 3395 4254 lib.v
3418 4180 3491 4254 Η.
3514 4181 3606 4254 _E.,

2030 4250 2159 4323 cap.
2187 4250 2241 4317 1,
2274 4253 2341 4323 de
2376 4252 2718 4323 martyribus
2755 4250 3210 4321 LugdunensibUS
3230 4252 3481 4323 Ascripsit.
3511 4251 3609 4308 Le-

2029 4320 2235 4391 gendus
2282 4320 2602 4377 Ruinartius
2641 4322 2759 4376 Act.
2794 4320 3041 4393 martyr.,
3069 4335 3188 4393 pag.
3226 4320 3295 4375 52
3327 4330 3382 4393 et
3427 4337 3604 4393 seqq.,

2028 4393 2123 4462 qui
2153 4393 2406 4447 observat
2442 4393 2707 4462 celebrem
2735 4392 2898 4462 etiam
2926 4406 3046 4445 esse
3068 4392 3247 4444 locum
3272 4391 3606 4452 Athenaeum

2029 4460 2378 4533 appellatum,
2408 4461 2500 4515 ubi
2531 4463 2680 4533 pa_ssi
2723 4460 2981 4533 dicuntur
3013 4462 3047 4513 ii
3083 4469 3371 4531 martyres,
3408 4477 3438 4515 a
3471 4478 3604 4533 quo,

2030 4530 2211 4588 uit—ait
2252 4532 2546 4602 Gregorius
2576 4530 2936 4596 Turonensis,
2971 4530 3290 4599 vocantura
3325 4530 3606 4588 nonnullis

2030 4612 2289 4673 martyres
2316 4601 2732 4673 (A’tltanaceuses.

2098 4670 2544 4753 (l§)1_\deund‘us
2581 4670 3048 4753 RttittartiusAct.
3091 4680 3314 4753 martyr.
3354 4684 3476 4753 pag.
3514 4672 3604 4753 '52,

2028 4739 2120 4815 ubi
2152 4739 2412 4815 Ecclesia:
2436 4739 2800 4815 (Smyrncnsis
2832 4742 3119 4812 epistolam
3160 4739 3516 4815 de'martyrio
3544 4742 3601 4798 S.

2026 4811 2311 4882 Polycarpi
2340 4811 2600 4882 scriptaiu
2628 4811 2814 4866 refert.

2098 4830 2121 4864 ›ι
2161 4830 2254 4868 ear
2294 4830 2311 4865 l
2340 4830 2600 4882 scriptam
2628 4830 2814 4866 retert.

2098 4830 2212 4955 (ἕο)
2232 4830 2440 4955 lforum
2484 4883 2730 4955 exempla
2760 4883 2913 4955 plura
2955 4882 3225 4938 habentur
3253 4884 3401 4955 apud
3430 4883 3602 4955 Anto-

2030 4952 2527 5025 nium'Gallouium
2578 4954 2631 5006 in
2666 4953 2804 5007 libro
2830 4952 2903 5007 De
2933 4964 3237 5025 ηιανῑεμοιιηιΔ
3256 4953 3602 5025 cruciatibus,

2028 5023 2213 5078 multis
2244 5024 2297 5077 iu
2328 5023 2482 5086 locis,
2506 5025 2887 5094 etpraesertim
2914 5023 3133 5094 quando
3156 5023 3281 5094 agit,
3300 5024 3367 5077 de
3400 5033 3603 5094 marty-

2026 5094 2181 5147 ribus
2206 5094 2281 5163 adﬁ
2310 5095 2515 5148 bestias
2547 5092 2840 5163 damnatis,
2871 5092 3066 5162 p.457
3102 5092 3214 5148 edit
3257 5092 3601 5163 Antwerpa'c,

2027 5163 2157 5217 anni
2188 5162 2347 5218 1668.
2374 5162 2467 5233 De,
2496 5164 2660 5217 natali
2715 5162 2992 5233 (laesarum
3038 5164 3145 5228 die,
3185 5179 3295 5232 quo
3338 5162 3604 5233 martyres

2027 5233 2365 5289 necabantur
2387 5276 2403 5299 ,
2448 5232 2705 5303 frequens
2739 5248 2920 5288 sermo
2948 5233 3188 5303 occurrit
3211 5232 3444 5303 indictis
3475 5247 3601 5285 sau—

2025 5300 2591 5375 ctorum_martyruni,
2624 5315 2676 5358 et
2705 5304 2981 5375 praecipue
3005 5303 3055 5355 in
3086 5302 3237 5375 Actis
3269 5300 3369 5375 SS.
3401 5300 3602 5370 Perpe-

2025 5383 2133 5430 tua:
2156 5382 2212 5430 et
2245 5372 2563 5439 Felicitatis,
2602 5375 2787 5428 relatis
2821 5390 2851 5427 a
2881 5372 3168 5426 liuiuartio
3213 5373 3267 5425 in
3304 5372 3417 5424 Act.
3454 5388 3601 5425 mar-

2025 5454 2156 5514 εντ’..
2188 5460 2309 5515 pag.
2343 5444 2433 5511 83,
2461 5444 2551 5499 ubi
2587 5443 2730 5515 Geta:
2762 5443 2992 5515 Caesaris
3028 5441 3223 5515 natalis
3254 5442 3599 5511 exprimitur.

2025 5510 2221 5586 nempe
2260 5510 2423 5571 'dics'
2458 5530 2570 5584 quo
2618 5512 2800 5569 Caesar
2859 5510 3036 5567 factus
3088 5511 3295 5579 fuerat,
3328 5510 3404 5566 ut
3457 5522 3601 5568 recte

2025 5585 2345 5641 lluinartius
2372 5593 2573 5639 monet.

2095 5654 2465 5728 μυθικὴ-οε
2500 5653 2753 5728 mortibus
2795 5661 3141 5728 persecutum,
3169 5651 3197 5724 ς
3225 5652 3323 5714 14.
3355 5665 3477 5721 pag.
3502 5650 3598 5728 25,

2023 5723 2120 5780 cit.
2151 5723 2280 5781 edit.
2315 5744 2335 5776 ι
2370 5726 2455 5779 Ira
2489 5723 2901 5793 (Diocletianus)
2936 5723 3327 5792 inflammatus,
3350 5725 3602 5793 excarni-

2022 5795 2176 5851 ﬁcari
2202 5810 2396 5849 omnes
2424 5790 2556 5850 sues
2601 5795 2849 5864 protinus
2876 5790 3166 5865 (praecepit.
3197 5790 3431 5849 Sedebat
3461 5790 3600 5858 ipse,

2023 5874 2188 5938 atque
2221 5866 2537 5923 innocentes
2567 5865 2691 5936 igne
2721 5864 2981 5921 torrebat.
3015 5881 3036 5916 ι
