4074 6394
453 421 552 477 151

1229 418 1314 473 DE
1355 416 1743 474 PORTUENSI
1785 417 1842 472 S.
1888 416 2248 473 HIPPOLYTI
2291 415 2483 472 SEDE.
2527 449 2593 457 —
2633 417 2813 472 PARS
2845 417 2882 472 l.

3577 415 3685 472 452

449 538 616 593 Porta
664 535 908 590 Romano
956 533 1214 603 martyrio
1246 541 1566 587 coronatum
1600 532 2017 602 elegantissimis
2046 539 2090 594 Α
2119 532 2258 587 ratio
2305 531 2532 587 suadere
2576 530 2866 594 videretur,
2911 529 3054 599 quod
3093 539 3143 584 et
3184 527 3456 602 Hippolyti
3490 531 3676 584 memi-

445 631 536 686 bis
571 630 906 685 carminibus
940 636 1167 681 testatur
1198 625 1524 679 Prudentius
1547 625 1660 694 (22)
1688 642 1700 676 :

527 743 626 797 His
654 743 744 796 ubi
769 743 986 795 detorsit
1013 740 1141 793 la'ro
1168 739 1230 790 de
1261 737 1468 790 tramite
1504 735 1723 804 plebem,

595 813 1006 880 Monstravitque
1035 812 1199 878 sequi,
1229 824 1333 880 qua
1362 808 1444 880 via
1475 808 1876 880 (leaztra‘rocat;

522 881 686 947 Seque
719 884 899 935 ducem
923 876 1057 933 recti
1092 876 1276 947 spretis
1307 876 1638 945 anfractibus
1672 876 1808 928 idem

643 953 846 1012 rwbuit,
873 952 1067 1003 erroris
1089 950 1178 1018 qui
1199 948 1344 1018 prius
1374 956 1560 1018 auctor
1587 954 1738 1008 erat;

522 1020 740 1076 Sistitur
772 1023 955 1074 insano
982 1016 1206 1079 recteri,
1228 1016 1572 1072 Christicolas
1600 1027 1721 1068 tunc

592 1093 744 1145 Ostia
773 1093 1004 1152 vexanti,
1038 1104 1128 1156 per
1156 1088 1398 1141 Tiberina
1427 1088 1584 1140 viros.

520 1161 626 1214 Illo
653 1176 876 1230 namque
913 1161 998 1213 die
1031 1160 1193 1212 Roma
1229 1165 1530 1218 secesserat,
1562 1156 1702 1230 ipsos

590 1231 742 1284 Peste
767 1225 1092 1284 suburbanos
1117 1239 1173 1282 ut
1205 1238 1435 1298 quateret
1465 1225 1682 1295 populos
1706 1242 1724 1298 ς

522 1302 638 1355 Non
673 1309 943 1355 contentus
974 1301 1189 1352 humum
1217 1293 1366 1351 celsa
1406 1293 1547 1350 intra
1576 1296 1768 1348 maenia
1801 1293 1981 1348 Roma

592 1371 848 1440 Tinguere
869 1371 1139 1440 justorum
1171 1369 1400 1440 aedibus
1425 1365 1678 1440 assiduis.

518 1436 825 1495 Janiculum
866 1436 984 1493 cum
1021 1439 1138 1508 jam
1184 1437 1476 1504 madidum,
1508 1436 1644 1504 fora,
1691 1444 1884 1508 rostra,
1925 1451 2015 1488 su-

1709 1505 1945 1576 [burram

585 1581 826 1635 Cerneret
852 1579 1015 1633 eluvie
1038 1578 1310 1647 sanguinis
1337 1576 1573 1646 aﬂluere;

515 1651 818 1706 Protulerat
852 1651 1050 1702 rabiem
1085 1647 1338 1717 Tyrrheni
1366 1651 1434 1700 ad
1465 1647 1662 1717 littoris
1693 1661 1866 1707 oram,

588 1722 816 1790 Qua'que
845 1720 958 1772 loca
983 1715 1250 1788 sequereris
1281 1718 1524 1786 proxima
1547 1715 1743 1769 Portus
1770 1717 1940 1768 habet.

446 1812 582 1866 Cmn
635 1813 800 1882 igitur
845 1809 1172 1866 Prudentius
1219 1807 1566 1880 Hippolytum
1605 1822 1768 1861 suum
1809 1821 1914 1860 non
1949 1821 2014 1859 ex

2121 623 2267 677 uisse
2289 622 2598 687 debuerint,
2631 637 2792 691 quem
2819 623 3029 687 eodem,
3062 636 3171 690 quo
3198 621 3314 686 isti,
3342 621 3512 675 ferme
3547 631 3683 675 tem-
3709 630 3718 638 '

2121 728 2248 782 pore
2275 711 2633 768 Novatianum
2677 713 2962 784 reliquisse
2997 715 3203 768 dicunt.
3249 713 3354 766 Sed
3382 712 3528 767 hunc
3562 711 3690 782 Hip-

2120 801 2358 870 polytum
2389 802 2488 855 sub
2513 801 2673 856 tinem
2708 803 2836 856 anni
2870 801 2970 856 251
3003 803 3242 856 nondum
3269 802 3564 871 resipuisse
3593 817 3690 872 pa-

2121 900 2196 944 tet
2226 906 2289 944 ex
2314 893 2540 960 epistola
2569 892 2627 948 8.
2655 891 2891 948 Cornelii
2919 891 2986 946 ad
3015 892 3239 947 Fabium
3264 893 3684 955 Antiochenam,

2119 995 2282 1048 quam
2310 981 2526 1036 labente
2555 982 2657 1036 hoc
2689 997 2835 1036 anno
2859 982 3115 1052 scriptam
3145 983 3340 1037 docent
3371 983 3516 1036 docti
3544 981 3644 1034 viri
3669 999 3684 1044 ;

2120 1070 2173 1122 in
2217 1071 2305 1124 illa
2333 1071 2476 1126 enim
2517 1072 2573 1126 S.
2605 1073 2848 1142 pontifex
2889 1073 3136 1128 disertim
3181 1082 3409 1128 testatur
3436 1073 3688 1128 beatissi-

2123 1175 2271 1214 mum
2308 1171 2599 1232 martyrem
2629 1162 2893 1235 Moysem,
2928 1164 3022 1234 qui
3052 1163 3240 1218 Romae
3289 1180 3458 1234 nuper
3485 1165 3689 1218 eximio

2119 1261 2173 1305 et
2201 1251 2507 1306 admirabili
2528 1255 2784 1324 martyrio
2803 1255 3091 1310 decoratus
3110 1254 3305 1320 fuerat,
3324 1254 3686 1310 Novatianum

2121 1357 2227 1396 una
2263 1358 2386 1396 cum
2420 1344 2659 1414 quinque
2691 1346 3020 1417 presbyteris
3067 1347 3150 1402 sui
3181 1348 3398 1402 sceleris
3427 1349 3688 1415 consciis,

2124 1431 2383 1486 societate
2409 1441 2462 1485 et
2493 1434 2875 1488 communione
2905 1436 2986 1489 sui
3006 1451 3289 1504 separasse
3317 1436 3448 1506 (24).
3474 1436 3690 1508 Moyses

2119 1523 2222 1576 sub
2277 1525 2436 1576 finem
2489 1524 2617 1577 anni
2670 1523 2770 1578 251
2825 1528 3084 1596 martyrio
3131 1536 3429 1582 coronatus
3476 1527 3598 1595 fuit,
3633 1539 3692 1582 et

2119 1614 2280 1682 paulo
2327 1623 2450 1683 post
2500 1615 2673 1684 ipsius
2721 1618 3030 1686 passionem
3085 1617 3143 1671 S.
3188 1616 3474 1674 Cornelius
3522 1634 3688 1688 supra

2119 1705 2393 1760 laudatam
2443 1707 2729 1775 epistolam
2783 1709 2948 1762 dedit.
3011 1707 3213 1764 Eodem
3269 1707 3383 1765 fere
3445 1718 3691 1779 tempore

2120 1797 2258 1852 idem
2308 1797 2365 1851 S.
2412 1797 2655 1867 pontifex
2699 1798 2815 1870 (25)
2851 1798 2907 1855 8.
2953 1799 3286 1871 Cyprianum
3330 1815 3429 1872 per
3478 1801 3690 1857 litteras

449 1904 596 1961 Urbe
639 1904 958 1969 adductum,
991 1903 1082 1957 sed
1134 1902 1186 1956 in
1237 1900 1401 1954 Portu
1440 1899 1708 1965 Romano,
1738 1899 1866 1953 dum
1901 1898 2012 1967 ple-
2046 1885 2084 1938 Β
2114 1891 2399 1944 certiorem
2444 1891 2678 1945 reddidit
2708 1891 2775 1945 de
2817 1891 3146 1962 presbyteris
3183 1901 3238 1946 et
3279 1891 3691 1949 confessoribus

448 1999 568 2052 hem
623 1996 1022 2066 alloquebatur,
1079 2007 1399 2063 oppressmn
1449 1991 1632 2058 dicat;
1693 2005 1852 2045 nemo
1903 2004 2012 2044 non

447 2090 593 2144 videt
626 2089 802 2158 ipsum
835 2103 943 2140 non
972 2087 1024 2139 in
1057 2083 1224 2147 Urbe,
1257 2083 1349 2139 sed
1391 2084 1446 2138 in
1483 2083 1646 2138 Portu
1678 2083 1887 2152 plebem
1917 2081 2019 2136 lia.

447 2179 652 2242 buisse,
705 2194 770 2232 ac
816 2177 1037 2238 ibidem,
1089 2175 1170 2229 vel
1206 2176 1260 2228 in
1308 2175 1450 2229 illius
1485 2173 1700 2228 viciniis
1741 2171 2014 2228 horrendo

447 2274 540 2327 illo
583 2272 828 2342 martyrii
876 2285 1070 2342 genere
1114 2268 1325 2323 fortiter
1354 2267 1696 2323 occubuisse.
1729 2264 1938 2321 Etenim
1966 2266 2011 2320 si

447 2364 767 2434 Hippolytus
823 2361 1082 2416 Romanae
1137 2359 1392 2415 Ecclesia:
1446 2359 1726 2429 presbyter
1771 2371 2010 2426 unquam

445 2456 765 2518 exszitisset,
815 2469 926 2523 quo
969 2453 1091 2522 jure
1135 2449 1189 2506 in
1230 2449 1516 2505 Portuensi
1560 2447 1821 2515 Ecclesia,
1847 2462 2012 2517 quam

447 2563 605 2602 suum
639 2555 768 2601 tunc
801 2545 1058 2615 temporis
1083 2543 1398 2613 episcopum
1435 2539 1690 2595 habuisse
1714 2539 2010 2599 credimus,

445 2639 560 2708 ipse
589 2634 797 2706 plebem
837 2633 1036 2687 docere
1071 2631 1274 2700 potuit;
1307 2645 1431 2685 cum
1482 2639 1724 2684 veterum
1759 2626 2015 2683 Ecclesiae

445 2740 716 2781 canonum
771 2722 1052 2778 sanctione
1102 2719 1304 2775 exteris
1351 2717 1682 2788 presbyteris
1737 2717 1790 2770 in
1835 2716 2012 2770 aliena

445 2816 725 2890 parochia,
752 2831 818 2868 ex
848 2814 937 2880 iis,
967 2828 1087 2881 quae
1119 2812 1185 2866 ad
1213 2810 1512 2866 Ecclesiam
1545 2809 1834 2880 pertinent,
1860 2806 2014 2877 quid-

447 2925 609 2980 quam
643 2921 902 2978 peragere
936 2905 1158 2958 velitum
1189 2901 1354 2957 fuisse
1385 2916 1578 2956 omnes
1615 2900 1826 2956 sciant?
1862 2899 2011 2953 Tan-

444 3003 568 3057 dem
614 3014 736 3054 cum
789 2996 1059 3068 Hippolyti
1110 2993 1404 3059 Romanae,
1453 3001 1516 3047 ut
1553 2993 1724 3057 aiunt,
1757 2990 2011 3046 Ecclesia

445 3089 745 3166 presbyteri
784 3088 925 3142 haud
957 3085 1305 3140 meminerint
1341 3085 1399 3138 S.
1431 3084 1759 3155 Cyprianus,
1785 3080 1842 3137 S.
1867 3081 2004 3136 Cor-

446 3185 619 3239 nelius
669 3192 721 3237 et
763 3180 821 3236 S.
857 3179 1124 3235 Pacianus
1173 3175 1612 3240 Barcinonensis,
1655 3189 1724 3228 ex
1771 3188 2006 3244 quorum
2038 3214 2080 3270 ϐ

447 3274 665 3344 scriptis
689 3271 1117 3328 Novatianorum
1155 3284 1245 3324 res
1290 3278 1470 3338 gestas
1498 3282 1691 3322 eruere
1724 3281 1825 3321 nos
1847 3281 2011 3336 opor-

435 3373 556 3430 tet;
582 3379 690 3417 non
718 3363 850 3418 levis
892 3363 1017 3416 inde
1060 3361 1234 3416 oritur
1273 3359 1534 3429 suspicio,
1565 3358 1711 3428 quod
1741 3359 2011 3427 praecipua

449 3459 564 3511 ιιωο
592 3458 875 3512 doctorum
900 3455 1145 3509 virorum
1169 3453 1235 3508 de
1267 3450 1552 3522 Hippolyto
1597 3452 1862 3506 sententia
1890 3450 2011 3505 lalsi

445 3547 581 3602 vitio
605 3560 949 3614 summopere
982 3545 1208 3599 laboret.
1241 3543 1278 3596 li
1320 3544 1486 3606 enim,
1513 3559 1635 3597 eum
1667 3542 2009 3612 Hippolytum

447 3653 608 3693 suum
641 3638 694 3690 in
725 3637 858 3705 ipsis
886 3633 1317 3690 Novatianorum
1347 3633 1607 3696 exordiis,
1640 3638 1741 3689 hoc
1767 3641 1849 3688 est
1870 3647 2014 3687 anno

448 3728 649 3784 Christi
693 3727 821 3793 252,
869 3726 935 3780 ad
988 3725 1282 3780 Eeclesiam
1335 3725 1564 3779 rediisse
1600 3724 1804 3783 dicant.
1852 3732 2014 3793 atque

447 3837 661 3885 omnes,
690 3821 782 3890 qui
833 3819 920 3874 his
954 3818 1256 3889 praesertim
1288 3817 1623 3888 temporibus
1651 3815 1843 3871 Novati
1869 3815 2015 3870 schi-

437 3927 567 3970 sma
601 3911 909 3982 ejurarunt,
951 3925 981 3964 a
1021 3909 1292 3979 praedictis
1319 3907 1572 3962 Patrihns
1601 3905 2014 3961 accuratissime

440 4005 760 4061 iudicentur
801 4001 938 4071 (25),
973 4001 1263 4069 episcopus
1303 4013 1495 4067 nempe
1528 3997 1614 4051 ille
1640 3995 1732 4066 qui
1761 3993 2015 4049 Novatia-

449 4108 579 4148 num
617 4089 860 4156 inunxit,
904 4088 1167 4142 Maximus
1205 4087 1506 4157 presbyter,
1551 4084 1823 4150 Urbanus,
1856 4083 2016 4138 Sido-

448 4184 595 4252 nius,
619 4182 900 4239 Celerinus
924 4190 977 4236 et
1012 4177 1277 4235 Macarius
1303 4177 1680 4244 confessores;
1713 4186 1860 4232 recta
1886 4177 2016 4232 hinc

520 4383 632 4453 (22)
662 4382 858 4454 Hymn.
899 4382 1087 4454 eodem
1109 4382 1200 4454 11,
1231 4397 1282 4434 v.
1313 4381 1382 4436 55
1409 4390 1461 4436 et
1496 4395 1676 4450 seqq.,
1711 4379 1852 4451 apud
1883 4377 2017 4434 Rui-

453 4452 592 4507 nart.
627 4452 730 4524 loc.
764 4453 880 4524 cit.,
908 4468 1031 4524 pag.
1061 4452 1184 4506 140.

521 4524 633 4587 (25)
663 4522 721 4576 8.
753 4515 1039 4577 Cornelius
1065 4523 1117 4575 in
1150 4536 1247 4575 sua
1271 4521 1428 4589 epist.
1473 4519 1538 4573 ad
1569 4515 1793 4575 Fabium
1825 4521 2016 4574 Antio-

2115 1984 2183 2037 ad
2236 1981 2528 2038 Ecclesiam
2582 1983 2853 2050 reversis;
2901 1993 3064 2054 atque
3097 1985 3288 2038 ultimo
3347 1985 3510 2055 hujus
3559 1986 3690 2040 anni

2116 2081 2357 2139 tempore
2403 2069 2710 2140 Cyprianus
2755 2072 2822 2127 de
2862 2081 2972 2126 tam
3017 2073 3159 2128 felici
3195 2083 3392 2129 eventu
3424 2074 3685 2130 Cornelio

2115 2158 2418 2229 gratulatus
2449 2159 2586 2230 (26),
2619 2159 2912 2216 Maximum
2969 2164 3343 2234 presbyterum
3399 2174 3454 2220 et
3509 2167 3692 2222 socios

2115 2249 2458 2306 confessores
2482 2250 2698 2317 laudat;
2724 2250 3066 2324 Hippolytum
3096 2263 3277 2309 tamen
3302 2256 3550 2326 nusp‘am
3575 2273 3694 2311 meo

2116 2351 2314 2396 morat.
2349 2341 2463 2398 Hoc
2495 2344 2710 2397 interim
2752 2343 2915 2400 Decio
2949 2345 3062 2414 (27)
3105 2347 3319 2401 Abrutti
3361 2348 3413 2400 in
3452 2347 3690 2404 Moresia

2115 2434 2404 2499 exstincto,
2438 2451 2539 2506 pax
2567 2435 2823 2491 Ecclesiae
2853 2447 2932 2492 est
2969 2439 3211 2504 reddita;
3251 2439 3530 2509 sequentis
3557 2455 3692 2494 vero

2115 2525 2242 2579 anni
2287 2527 2443 2581 initio
2487 2525 2790 2597 Cyprianus
2843 2528 3036 2583 iisdem
3085 2529 3322 2584 Maximo
3371 2532 3689 2603 presbytero

2115 2624 2170 2670 et
2191 2617 2356 2673 sociis
2379 2617 2808 2676 humanissimas
2827 2622 3070 2676 exaravit
3092 2622 3299 2678 litteras
3326 2622 3460 2694 (28),
3490 2624 3693 2694 quibus

2115 2707 2249 2776 ips‘is
2299 2723 2566 2778 nuperum
2616 2710 2683 2764 ad
2727 2711 3021 2767 Ecclesiam
3069 2713 3304 2769 reditum
3349 2716 3688 2786 gratulatur;

2114 2797 2309 2854 deinde
2335 2814 2519 2854 mense
2549 2799 2845 2857 Februario
2875 2803 3198 2858 luculentam
3233 2805 3393 2860 aliam
3429 2807 3494 2860 ad
3525 2808 3695 2862 Anto-

2113 2891 2334 2944 nianum
2367 2891 2691 2962 conscripsit
2722 2895 3006 2964 epistolam
3043 2897 3189 2967 (29),
3223 2897 3275 2951 in
3303 2913 3408 2968 qua
3441 2896 3696 2956 Novatia.

2113 2995 2309 3034 norum
2333 2996 2422 3036 res
2450 2991 2631 3052 gestas
2653 2986 3060 3041 accuratissime
3081 2987 3415 3054 describens,
3444 2989 3690 3059 quinque

2112 3071 2234 3128 illos
2279 3073 2621 3144 presbyteros
2666 3074 2843 3130 adhuc
2897 3077 2951 3130 in
3001 3078 3293 3132 schismate
3323 3081 3691 3149 permansisse

2113 3180 2224 3219 non
2269 3165 2499 3220 obscure
2542 3165 2783 3235 indicat;
2825 3181 3184 3238 quapropter,
3232 3170 3279 3225 si
3321 3187 3463 3226 unus
3505 3186 3568 3228 ex
3619 3173 3691 3228 iis

2114 3255 2412 3312 exstitisset
2438 3254 2777 3326 Hippolytus,
2810 3259 2924 3328 ipse
2955 3260 3130 3314 adhuc
3161 3261 3212 3313 in
3243 3262 3536 3317 schismate
3560 3279 3688 3332 per-

2115 3347 2384 3402 mansisse
2408 3347 2670 3404 dicendus
2702 3359 2864 3403 esset.
2896 3349 3133 3404 Lubente
3156 3349 3317 3405 Junio
3338 3352 3452 3422 (50)
3474 3355 3690 3421 Callus,

2115 3446 2398 3506 grassante
2428 3437 2536 3503 lue,
2584 3441 3017 3508 persecutionem
3070 3442 3122 3494 in
3159 3442 3502 3500 Christianos
3539 3448 3698 3502 exci-

2115 3526 2268 3592 tavit,
2303 3543 2466 3596 quam
2495 3530 2768 3585 nescimus
2797 3546 2896 3585 cur
2917 3530 3276 3586 brevissimam
3308 3534 3478 3590 fuisse
3505 3537 3696 3592 dicant

2115 3617 2421 3676 Dodwellus
2456 3620 2568 3691 (51)
2609 3630 2665 3677 et
2693 3620 2893 3693 Pagius
2938 3625 3091 3695 (52).
3144 3640 3268 3680 cum
3320 3627 3528 3695 integro
3575 3627 3692 3684 fere

2116 3725 2260 3764 anno
2284 3725 2404 3766 eam
2431 3713 2757 3783 perdurasse
2777 3714 3054 3771 sciamus:
3088 3731 3150 3770 ea
3177 3717 3444 3788 siquidem
3475 3719 3694 3774 labente

2115 3799 2280 3854 Junio
2309 3803 2472 3872 hujus
2497 3803 2625 3858 anni
2657 3805 2888 3859 excitata
2919 3806 3140 3862 sedente
3164 3806 3458 3878 Stephano,
3486 3819 3540 3863 et
3565 3822 3693 3879 post

2117 3892 2252 3947 Galli
2281 3894 2579 3960 interitum,
2611 3895 2713 3951 hoc
2740 3906 2842 3958 est,
2875 3911 3059 3952 mense
3084 3897 3226 3952 Maio
3251 3899 3377 3952 anni
3409 3903 3694 3970 sequentis

2115 3983 2380 4039 exstincta
2423 3983 2544 4039 fuit.
2591 3983 2706 4040 Hoc
2733 4001 2864 4042 sane
2891 4003 3036 4042 anno
3064 3987 3384 4060 Hippolytus
3417 3991 3518 4046 iste
3550 4007 3696 4046 mar-

2118 4075 2259 4144 tyrio
2287 4077 2537 4131 eoronari
2578 4079 2782 4148 potuit;
2822 4093 3008 4134 verum
3030 4121 3046 4145 ,
3090 4081 3385 4150 quominus
3414 4081 3466 4136 id
3496 4082 3696 4137 creda-

2117 4183 2261 4236 mus,
2294 4178 2478 4239 aperte
2504 4171 2690 4226 suadet
2717 4172 2941 4242 epistola
2972 4171 3228 4242 Cypriani
3263 4173 3331 4228 ad
3354 4171 3696 4243 Cornelium,

2117 4381 2296 4437 adhuc
2340 4384 2394 4437 in
2436 4384 2576 4440 vivis
2627 4393 2802 4448 esset,
2849 4385 3133 4440 audaciam
3178 4383 3297 4454 ejus
3336 4400 3398 4438 ac
3446 4383 3691 4438 furorem

2119 4463 2460 4522 perspectum
2513 4454 2752 4519 habens,
2787 4470 2818 4508 a
2857 4456 3244 4509 communione
3278 4471 3375 4508 sua
3419 4458 3698 4522 separavit

2121 4524 2639 4594 unacumﬂquinque
2693 4525 3043 4594 presbyteris,
3076 4527 3168 4594 qui
3215 4539 3272 4578 se
3316 4526 3518 4594 pariter
3564 4538 3694 4580 cum

451 4581 669 4649 clieus'is
702 4592 955 4646 Ecclesiae
971 4592 1264 4663 Aprzesulem
1300 4581 1485 4651 inissa,
1523 4591 1680 4663 cujus
1713 4591 2013 4663 fragmenta
2049 4581 2090 4635 Ι)
2121 4594 2306 4663 111οΑ21)
2340 4581 2595 4648 Ecclesia:
2622 4581 3225 4663 coijpore'abruperant.
3259 4612 3278 4644 ι

451 4668 616 4719 refert
657 4663 923 4718 Eusebius
959 4661 1031 4714 ll.
1072 4661 1162 4725 E.,
1193 4661 1291 4730 Iih_._
1314 4676 1386 4725 vi,
1412 4673 1531 4728 cap.
1556 4661 1624 4713 45
1645 4700 1658 4723 ,
1685 4676 1802 4730 pag.
1828 4662 1932 4715 510
1964 4671 2018 4714 ct

452 4749 629 4804 scqq.,
647 4734 774 4804 haec
803 4731 870 4804 de
895 4731 1126 4786 reversis
1155 4731 1220 4785 ad
1255 4728 1576 4804 Ecclesiam_
1584 4728 1780 4804 scribit
1809 4745 1823 4782 :
1855 4749 1872 4781 ι
1907 4731 2017 4804 hla-

451 4797 633 4858 ximus
653 4801 909 4858 Ecclesia:
929 4812 1129 4856 nostra:
1163 4802 1440 4870 presbyter
1472 4807 1526 4852 et
1556 4797 1828 4864 Urbanus,
1854 4801 2016 4855 ambo

451 4891 516 4929 ex
547 4873 668 4928 ﬁdei
703 4872 1043 4927 confessione
1081 4869 1349 4941 egregiam
1387 4869 1500 4938 jam
1536 4871 1774 4925 secundo
1803 4871 2015 4925 laudem

452 4944 648 5014 adepti.
686 4942 943 4997 Sidonius
971 4940 1134 4996 etiam
1170 4940 1564 5014 etﬁCelei-inus,
1593 4941 1795 5014 virAqui
1821 4950 2014 5014 cuneta

454 5009 846 5068 tormentorum
872 5026 1068 5082 genera
1113 5026 1208 5082 per
1236 5009 1328 5064 Dei
1364 5010 1794 5065 misericordiam
1828 5012 2015 5064 fortis-

451 5086 588 5138 sime
632 5081 894 5138 sustinuit
932 5122 946 5134 .
993 5121 1006 5134 .
1051 5120 1064 5132 .
1110 5121 1122 5134 .
1168 5081 1221 5134 hi
1273 5095 1460 5133 omnes
1503 5119 1517 5133 .
1561 5119 1573 5132 .
1619 5120 1633 5133 .
1671 5081 1738 5134 ad
1771 5090 2014 5134 sanctam

453 5153 747 5209 Ecclesium
775 5153 976 5207 reversi
1013 5161 1158 5206 sunt.
1190 5170 1206 5203 ι
1235 5149 1462 5214 Horum,
1492 5158 1716 5219 excepto
1742 5150 2012 5211 Celerino,

451 5232 624 5278 esst-at
657 5223 880 5294 epistola
915 5223 981 5277 ad
1017 5233 1264 5294 sanctum
1291 5221 1616 5294 Cyprianum
1642 5222 1708 5274 de
1731 5236 1860 5289 pace
1889 5236 2012 5275 cum

452 5288 707 5348 Cornelio
735 5309 871 5363 papa
895 5303 1100 5363 etcum
1129 5288 1384 5363 universo
1421 5288 1752 5363 clerofacta,
1781 5305 1909 5363 qua;
1933 5299 2016 5363 est

455 5378 604 5415 nium.
637 5365 705 5418 55
735 5360 887 5418 inter
918 5362 1158 5431 ejusdem
1192 5360 1457 5432 Cypriani
1506 5361 1665 5430 epist.
1723 5376 1843 5430 pag.
1884 5360 2011 5422 259,

452 5434 546 5499 qui
586 5436 715 5500 ipsis
743 5433 1044 5502 rescripsit,
1070 5441 1126 5485 et
1167 5431 1384 5486 illarum
1412 5433 1806 5502 regressionem,
1848 5432 2013 5483 eccle-

451 5504 720 5554 siasticam
752 5500 932 5570 paceni
949 5541 962 5566 ,
1001 5513 1050 5556 et
1093 5503 1385 5569 fraternam
1414 5500 1904 5570 redintegrationem
1932 5509 2016 5556 est

454 5573 770 5626 gratulatus.
1921 5570 1931 5580 '

452 5609 935 5711 θ’ἷὲῖῖὲἱῗνετικι
969 5640 1026 5695 s.
1052 5641 1288 5696 Cornelii
1331 5640 1471 5710 apud
1510 5639 1687 5711 ipsum
1718 5639 2010 5711 Eusebium

454 5709 554 5781 loc.
608 5709 700 5765 cit.
746 5726 868 5781 pag.
917 5713 1021 5766 515
1064 5727 1077 5762 :
1113 5730 1131 5761 ‹
1178 5709 1558 5777 Qucm’etiam
1609 5709 2012 5781 (Novatianum)

451 5779 660 5851 Moyses
708 5779 1054 5836 beatissimus
1101 5792 1324 5850 martyr,
1372 5782 1464 5850 qui
1519 5779 1690 5851 nuper
1724 5784 1863 5848 apud
1912 5795 2012 5834 nes

450 5850 663 5921 egregio
692 5864 746 5908 et
773 5854 1090 5907 admirando
1124 5851 1380 5919 martyrio
1407 5850 1724 5920 perfunctus
1748 5859 1848 5918 est,
1880 5851 2008 5906 dmn

2194 4661 2306 4733 (25)
2354 4663 2652 4718 Adeundus
2699 4662 2938 4718 Joannes
2988 4660 3316 4718 Pearsonius
3375 4661 3431 4716 in
3488 4660 3688 4720 Annal.

2119 4730 2454 4804 Cyprianicis
2483 4735 2549 4787 ad
2581 4749 2709 4787 ann.
2735 4733 2863 4796 251,
2894 4749 2948 4804 p_.
2976 4733 3067 4798 25,
3104 4733 3132 4804 §
3161 4735 3247 4788 14.

2190 4797 2302 4874 (20)
2332 4801 2392 4874 lu
2421 4804 2579 4874 epist.
2609 4803 2697 4874 51,
2732 4819 2855 4874 pag.
2880 4797 3005 4856 256.

2190 4819 2302 4872 (zu)
2335 4819 2392 4856 Ill
2421 4819 2579 4874 epISt.
2609 4819 2697 4867 bl,
2732 4819 2855 4926 pag).
2880 4819 3005 4856 κου.

2189 4871 2779 5014 5idem
2853 4874 3140 4928 earsonius
3167 4873 3272 4927 loc.
3299 4872 3391 4927 cit.
3417 4871 3484 4926 ad
3509 4872 3688 4943 ipsum

2117 4956 2320 4996 annum
2361 4956 2488 5008 251,
2521 4956 2548 5008 ς
2584 4956 2672 4997 to.

2188 5012 2302 5081 (28)
2338 5010 2558 5083 Scilicet
2581 5029 2734 5067 num.
2767 5012 2857 5077 54,
2881 5028 3002 5083 pag.
3025 5011 3154 5083 240.
3180 5010 3312 5068 Vide
3339 5012 3690 5069 Pearsonium

2118 5080 2174 5136 in
2200 5080 2400 5153 Annal.
2429 5082 2760 5152 Cyprianicis
2790 5084 2856 5138 ad
2882 5080 3086 5153 animm
3119 5082 3241 5146 252,
3269 5099 3322 5153 p.
3356 5083 3447 5147 27,
3471 5100 3526 5136 n.
3559 5084 3611 5136 5.

2189 5153 2300 5222 (29)
2337 5152 2431 5208 Est
2454 5169 2606 5208 num.
2645 5154 2734 5217 55,
2760 5169 2814 5224 p.
2846 5152 2941 5224 241
2972 5170 2986 5218 ;
3012 5152 3284 5224 videndus
3316 5155 3372 5207 in
3407 5155 3546 5207 hanc
3569 5166 3686 5206 rem

2116 5220 2446 5277 Pearsonius
2479 5225 2535 5277 in
2563 5224 2722 5279 dictis
2761 5220 2960 5278 Ἆηηαι.
2993 5221 3324 5292 Cyprianicis
3373 5225 3440 5278 ad
3485 5237 3691 5277 annum

2113 5292 2242 5356 252,
2275 5293 2452 5363 p.27,
2482 5310 2536 5346 n.
2572 5293 2658 5347 14.

2187 5361 2299 5435 (50)
2333 5361 2412 5435 pe
2464 5364 2580 5435 hac,
2609 5363 2990 5435 persecutione
3036 5361 3292 5432 illiusque
3321 5375 3490 5435 causa
3517 5361 3692 5435 Aplura

2117 5431 2290 5555 hab’tét'
2329 5431 2658 5489 Pearsonius
2700 5437 2768 5487 ad
2809 5433 3014 5487 dictum
3065 5431 3270 5487 annum
3314 5432 3460 5498 252,
3511 5431 3539 5502 ᾗ
3588 5432 3692 5494 10,

2117 5519 2167 5555 ι).
2196 5518 2228 5555 :.
2271 5542 2282 5555 .

2196 5507 2224 5536 υ)

2114 5519 2167 5572 p.
2188 5519 2298 5642 (51)
2317 5570 2375 5625 1η
2404 5571 2680 5642 ᾱίεεοῐοῑαι.
2711 5571 3069 5642 Cyprianicis,
3095 5571 3310 5626 dissert.
3349 5572 3437 5637 11,
3465 5569 3539 5623 De
3566 5584 3698 5639 pau-

2114 5640 2286 5695 citate
2307 5653 2623 5710 martyrum,
2652 5640 2680 5711 §
2712 5640 2806 5707 58,
2833 5657 2886 5711 p.
2922 5642 3024 5696 86:
3068 5663 3086 5692 ι
3123 5641 3467 5696 Brevissimis
3509 5642 3696 5709 itaque

2115 5711 2378 5766 limitibus
2402 5721 2512 5765 tota
2548 5712 2636 5766 illa
2667 5713 2832 5765 Italiae
2863 5721 2947 5766 est
2974 5712 3232 5765 conclusa
3260 5711 3653 5780 persecutia}

2186 5783 2297 5850 (52)
2336 5782 2414 5834 Ad
2443 5797 2646 5835 annmn
2668 5782 2870 5836 Christi
2897 5781 3025 5845 255,
3053 5798 3203 5836 num.
3234 5775 3297 5835 Π
3322 5791 3374 5836 et
3399 5781 3486 5848 18,
3511 5794 3566 5850 p.
3598 5775 3694 5844 20,

2115 5864 2153 5907 t.
2187 5853 2248 5906 ΙΙΙ
2277 5852 2467 5905 Annal.
2496 5852 2780 5907 ecclesiast.
2819 5851 3056 5906 Baronii.
