4074 6386
317 419 417 476 455

1085 417 1169 472 DE
1207 412 1602 472 PORTUENSI
1643 413 1698 468 S.
1741 410 2102 468 HIPPOLYTI
2144 411 2336 467 SEDE.
2384 441 2459 452 -ς
2492 409 2671 465 PARS
2709 409 2753 465 1.

3455 407 3568 462 454.

309 539 476 595 Roma
507 537 746 594 exsulem
777 539 1162 595 Centumcellis
1185 539 1492 610 degentem.
1527 538 1582 592 in
1612 551 1718 607 qua
1743 534 1873 589 Cor-
1899 541 1943 596 Α
1973 533 2295 588 Lambcrtus
2323 531 2468 603 (58),
2511 542 2564 588 et
2605 541 2728 602 post
2753 546 2877 586 eum
2911 529 3109 603 Pagius
3141 529 3285 599 (59),
3315 539 3369 584 et
3396 528 3557 585 Tille-

308 631 445 686 nelio
477 631 779 700 gratulatur
805 630 871 687 de
899 631 1066 702 lapsis
1097 631 1332 702 gloriosa
1360 628 1703 684 confessione
1729 626 1883 682 resti-

306 722 430 775 tutis
463 721 618 791 (55),
662 737 727 776 ac
764 722 830 776 de
869 720 1157 777 Novatiani
1201 721 1423 791 perﬁdia
1468 720 1582 775 haec
1623 718 1879 774 disserit:

309 831 326 864 ι
363 811 545 881 Neque
565 813 711 866 enim
761 813 955 883 quaerit
999 813 1140 879 illos,
1168 828 1307 882 quos
1345 812 1456 882 jam
1489 812 1744 880 subegit;
1786 820 1882 868 aut

302 904 454 972 gestit
484 911 754 968 evertere,
796 919 935 973 quos
971 903 1084 973 jam
1128 918 1258 958 suos
1316 901 1462 956 fecit.
1530 899 1786 957 Inimicus
1826 909 1881 956 et

301 993 469 1049 hostis
491 991 768 1061 Ecclesiae,
813 1010 954 1065 quos
992 995 1240 1049 alienavit
1282 995 1350 1048 ab
1373 993 1616 1049 Ecclesia
1641 1004 1696 1048 et
1725 992 1877 1049 foras

298 1085 466 1151 duxit,
494 1095 556 1140 ut
577 1086 821 1155 captivos
847 1095 902 1140 et
935 1087 1145 1142 vinctos
1170 1087 1470 1141 contemnit
1495 1098 1548 1141 et
1569 1087 1825 1155 praeterit.
1851 1105 1871 1138 ι

296 1175 371 1229 Ex
422 1177 626 1245 quibus
668 1176 849 1231 verbis
906 1177 1040 1231 satis
1086 1186 1339 1232 constare
1386 1186 1638 1247 putamus
1684 1175 1875 1231 Novati

295 1274 593 1322 sectatores
622 1266 803 1323 adhuc
841 1267 896 1320 in
927 1267 1100 1336 ipsius
1141 1268 1337 1323 castris
1372 1267 1668 1333 militasse;
1697 1268 1876 1338 lapso-

294 1374 409 1414 rum
465 1359 615 1414 enim
669 1362 892 1415 nomine
939 1359 997 1416 S.
1061 1359 1391 1430 Cyprianum
1452 1358 1872 1429 haudquaquam

294 1447 669 1504 schismaticos
694 1451 762 1504 ad
785 1449 1082 1506 Eeclesiam
1112 1463 1382 1508 reversos.
1407 1449 1503 1504 sed
1532 1449 1872 1504 thurilicatos

291 1539 624 1610 designasse,
673 1557 833 1596 nemo
871 1553 955 1598 est
987 1542 1081 1612 qui
1121 1542 1346 1596 nesciat.
1386 1539 1512 1596 Haec
1533 1557 1661 1595 vero
1685 1557 1871 1597 mense

291 1634 531 1704 Augusto
576 1635 690 1705 (54)
742 1636 904 1705 hujus
937 1638 1065 1690 anni
1106 1635 1386 1705 scripserit
1431 1632 1489 1689 S.
1531 1635 1866 1704 Cyprianus;

288 1737 620 1796 quapmpter
662 1728 807 1780 hunc
845 1725 1190 1796 Hippolytum
1217 1725 1434 1791 eodem,
1466 1739 1576 1795 quo
1612 1726 1726 1780 [nec
1757 1723 1866 1795 Cy-

288 1817 506 1886 prianus
547 1816 842 1882 scribebat,
889 1827 1129 1886 tempore
1175 1816 1495 1888 martyrium
1541 1815 1775 1871 subiisse
1803 1829 1865 1868 o-

1985 626 2223 680 montius
2269 624 2414 696 (40),
2458 640 2524 679 ex
2557 624 2664 688 his,
2695 632 2747 680 et
2769 638 2834 678 ex
2866 623 2972 677 illis
2993 663 3007 689 ,
3053 637 3174 692 quae
3212 621 3372 691 paulo
3394 637 3562 690 supra.

1980 718 2046 772 de
2075 718 2178 772 hac
2207 718 2584 786 persecutione
2611 715 2874 772 disseruit
2898 714 2955 770 S.
2982 715 3191 782 doctor,
3222 714 3469 769 eamdem
3501 715 3555 767 in

1979 808 2293 863 Catholicos
2344 817 2554 862 tantum
2583 806 2652 860 ad
2685 806 3080 875 confundendos
3123 807 3391 860 Itwreticos
3415 820 3555 874 prae—

1977 901 2139 970 cipuo
2181 899 2273 953 Dei
2315 899 2544 954 consilio
2593 899 2849 952 indictam
2909 897 3364 954 animadvertunt.
3417 896 3555 973 Hinc

1979 991 2326 1062 Hippolytum
2384 990 2563 1059 ipsum
2614 987 2913 1052 Romanae,
2962 998 3022 1043 ut
3062 990 3248 1054 aiunt,
3299 987 3555 1044 Ecclesia:

1977 1083 2345 1152 presbyterum
2385 1079 2578 1133 Nevati
2621 1080 2866 1149 partibus
2905 1079 3199 1143 addictum,
3246 1081 3348 1134 hac
3377 1095 3554 1149 perse-

1975 1173 2192 1228 cutione
2233 1174 2562 1227 exstinctum
2610 1172 2696 1226 vix
2737 1172 2957 1226 credere
2985 1158 3295 1240 possumus.
3341 1169 3550 1232 Etenim

1974 1264 2298 1320 Prudentius
2346 1265 2522 1334 ipsum
2581 1278 2690 1318 uno
2719 1303 2734 1328 ,
2783 1262 3082 1332 eodemque
3131 1258 3437 1325 momento,
3499 1271 3561 1316 et

1973 1358 2210 1413 schisma
2257 1357 2522 1426 ejurasse,
2560 1365 2614 1411 et
2662 1355 2980 1427 martyrium
3007 1354 3240 1410 subiisse
3278 1341 3428 1409 dicit.
3467 1354 3552 1408 ld-

1973 1449 2119 1503 cireo
2168 1449 2222 1502 in
2269 1447 2400 1516 ipsis
2446 1446 2844 1516 persecutionis
2913 1445 3152 1500 exordiis
3204 1444 3548 1516 Hippolytum

1969 1538 2256 1594 Novatiani
2275 1538 2529 1608 dogmata
2546 1538 2698 1606 sequi
2715 1539 2972 1607 oportuit;
3003 1537 3147 1608 quod
3170 1538 3215 1593 si
3239 1552 3420 1592 verum
3445 1546 3546 1612 est,

1970 1628 2289 1700 Hippolytus
2321 1643 2452 1684 sane
2496 1642 2608 1682 non
2637 1628 2691 1681 in
2737 1628 2856 1698 ipso
2881 1627 3125 1698 martyrii
3163 1637 3438 1682 momento
3479 1627 3560 1682 ad“

1969 1716 2266 1772 Ecclesiam
2311 1717 2488 1772 redire
2518 1717 2714 1786 potuit,
2759 1716 2852 1772 sed
2883 1716 3043 1788 longe
3075 1725 3199 1772 ante
3229 1717 3544 1789 martyrium

1967 1807 2159 1864 Novati
2189 1807 2426 1863 schisma
2455 1809 2699 1878 ejurasse
2727 1807 2988 1863 dicendus
3021 1816 3196 1864 esset:
3249 1811 3445 1864 etenim
3478 1809 3546 1874 si,

288 1917 552 1978 porteret;
586 1908 704 1972 sed,
731 1923 856 1962 cum
900 1924 1086 1962 mense
1112 1906 1257 1963 Julio
1282 1907 1340 1964 S.
1364 1907 1646 1962 Cornelius
1676 1907 1730 1960 in
1763 1921 1860 1962 ex-
1894 1891 1936 1950 Β
1964 1899 2094 1953 dum
2123 1899 2178 1954 in
2209 1898 2354 1954 Urbe
2397 1898 2736 1963 morabatur,
2767 1897 3082 1953 Novatianis
3114 1897 3246 1954 favit
3291 1900 3546 1971 Hippoly-

287 1998 460 2052 silium
494 1998 704 2052 missus
748 1995 911 2052 fuerit
941 1998 1087 2068 (55),
1111 2012 1176 2052 ac
1200 2011 1308 2050 non
1348 1996 1422 2051 ita
1453 1997 1561 2051 cito
1589 1996 1656 2050 ad
1682 1993 1741 2052 S.
1771 1995 1870 2066 Cy-

285 2087 531 2158 prianum
553 2127 568 2150 ,
605 2089 699 2158 qui
736 2090 788 2142 in
821 2087 1001 2143 Africa
1030 2088 1287 2156 degebat,
1319 2087 1386 2142 de
1420 2088 1523 2142 hac
1554 2102 1611 2141 re
1640 2087 1866 2143 nuntius

284 2179 622 2250 pervenerit;
675 2179 787 2234 imo
830 2195 954 2234 cum
984 2195 1051 2235 ex
1078 2182 1197 2249 ipso
1217 2179 1460 2248 epistola:
1483 2187 1740 2234 contextu
1769 2195 1867 2249 pa-

282 2279 380 2325 teat
414 2269 472 2324 S.
507 2269 854 2335 Cornelium,
888 2271 1017 2325 dum
1049 2271 1338 2336 scribebat,
1375 2271 1486 2341 jam
1520 2272 1705 2326 multis
1745 2272 1864 2327 die-

277 2357 374 2414 bus
392 2360 584 2415 exsilii
616 2359 961 2415 incommoda
992 2360 1306 2430 pertulisse;
1347 2361 1542 2415 merito
1579 2361 1719 2415 hanc
1744 2360 1862 2430 epi-

278 2452 462 2505 stolam
517 2451 731 2506 labente
772 2450 1017 2518 Augusto
1067 2467 1096 2505 a
1148 2450 1205 2505 S.
1256 2449 1531 2522 Cypriano
1582 2461 1861 2505 exaratam

278 2539 582 2609 putandum
611 2548 717 2604 est,
750 2555 913 2609 quem
939 2539 1123 2594 forsan
1163 2540 1326 2608 paulo
1348 2547 1474 2594 ante
1497 2539 1621 2594 ldus
1657 2546 1720 2592 de
1759 2554 1861 2594 suo

279 2631 460 2686 exsilio
483 2630 786 2686 certiorem
823 2629 1128 2685 reddiderat
1152 2628 1211 2685 S.
1250 2628 1566 2694 Cornelius;
1606 2629 1860 2700 quocirca

279 2719 553 2794 Hippolyti
584 2721 744 2777 istius
782 2721 1102 2792 martyrium
1141 2721 1196 2776 in
1236 2722 1384 2776 hisce
1405 2721 1663 2790 temporis
1686 2735 1860 2790 angu-

280 2815 389 2870 stiis
416 2813 719 2870 locandum
771 2813 946 2879 foret,
996 2828 1119 2868 cum
1169 2813 1346 2883 ipsum
1399 2811 1585 2866 Idibus
1632 2811 1858 2882 Augusti

284 2919 496 2975 passum
540 2903 687 2959 dicat
717 2903 1065 2960 Prudentius.
1098 2904 1299 2961 Verum
1326 2903 1468 2958 hanc
1489 2903 1885 2959 narrationem.

279 3009 379 3048 non
415 2993 776 3050 mediocriter
801 3003 1110 3063 suspectam
1133 2993 1367 3049 reddunt
1398 3008 1484 3059 ea,
1503 3007 1624 3062 quae
1649 2992 1716 3048 de
1743 2990 1855 3048 No-

281 3085 500 3142 vatiani:
554 3085 699 3140 haud
727 3085 961 3142 obscure
1009 3085 1212 3140 iudicat
1237 3084 1294 3138 S.
1324 3083 1627 3156 Cyprianus
1650 3085 1764 3155 (56)
1800 3085 1853 3138 in

278 3179 492 3248 epistola
538 3193 703 3249 quam
748 3193 933 3234 mense
969 3175 1246 3233 Decembri
1276 3176 1388 3247 (57)
1417 3176 1635 3246 scripsit
1678 3175 1744 3231 ad
1789 3175 1847 3230 S.

1875 3227 1916 3284 C

1969 1997 2089 2058 tus,
2132 1990 2309 2060 ipsum
2353 2005 2628 2060 nunquam
2681 1990 3032 2045 damnassent
3079 1989 3320 2055 ethnici,
3362 2000 3547 2060 utpote

1966 2079 2059 2149 qui
2083 2079 2539 2148 persecutionem,
2562 2087 2622 2133 ut
2647 2078 2908 2143 diximus,
2935 2078 2988 2132 in
3005 2078 3313 2136 Catholicos
3336 2087 3544 2133 tantum

1955 2171 2330 2247 ’concitarint‘,
2362 2171 2472 2226 imo
2501 2171 2641 2225 hanc
2673 2171 2847 2240 ipsam
2884 2171 3314 2240 persecutionem
3365 2169 3544 2226 Nova-

1965 2261 2099 2316 tiani
2131 2259 2434 2322 molitione,
2456 2266 2515 2313 ut
2534 2266 2783 2313 sanctum
2814 2259 3126 2314 Cornelium
3153 2259 3255 2314 sibi
3285 2260 3544 2314 aemulum

1963 2351 2030 2408 de
2059 2350 2237 2406 medio
2283 2349 2524 2416 tolleret,
2574 2357 2904 2404 commotam
2940 2349 3106 2406 fuisse
3156 2366 3264 2406 non
3313 2351 3414 2405 levi
3456 2366 3544 2406 ra-

1963 2443 2130 2498 tionis
2159 2452 2438 2497 momento
2467 2456 2534 2495 ex
2581 2440 2741 2496 Libro
2778 2441 3074 2511 pontiﬁcali
3119 2443 3426 2512 suspicatus
3459 2453 3551 2498 est.

1961 2534 2232 2588 Bencinus
2257 2534 2410 2604 (41);
2466 2532 2613 2603 quod
2660 2548 2789 2588 sane
2827 2533 2970 2587 haud
3003 2533 3354 2589 inverisimile
3381 2536 3541 2590 nobis

1961 2624 2194 2688 videtur,
2219 2638 2343 2678 cum
2375 2622 2710 2679 Novatianus
2751 2639 3031 2694 nunquam
3057 2663 3072 2686 ,
3110 2633 3167 2679 ut
3193 2616 3391 2680 diserte
3420 2641 3540 2680 mo-

1961 2726 2052 2771 net
2091 2715 2148 2772 S.
2176 2715 2443 2772 Pacianus
2467 2716 2602 2786 (42),
2632 2717 2948 2786 martyrium
2987 2717 3247 2784 subierit;
3288 2720 3536 2787 quamvis

1961 2808 2105 2862 illius
2157 2808 2376 2864 assecla:
2426 2807 2672 2871 quazdam
2699 2807 2833 2862 Acta
2864 2807 2918 2861 in
2964 2809 3156 2877 vulgus
3206 2809 3534 2874 emiserint,

1959 2912 2081 2966 quae
2103 2895 2462 2952 Novatianum
2496 2905 2788 2967 martyrem
2811 2897 3012 2952 obiisse
3044 2898 3243 2952 ferunt.
3275 2897 3397 2953 llzec
3419 2915 3538 2953 me-

1958 2987 2062 3041 ritu
2087 2987 2277 3057 rejecit
2305 2987 2364 3042 S.
2398 2987 2660 3058 EuIOgius
2694 2987 3094 3044 Alexandrinus
3119 2989 3231 3060 (45)
3257 3029 3274 3061 ,
3321 2991 3414 3060 qui
3459 3007 3537 3046 se-

1959 3088 2050 3134 xto
2082 3078 2286 3134 Christi
2329 3079 2528 3135 sazculo
2565 3079 2768 3134 lloruit.
2803 3079 2898 3134 llis
2931 3080 3055 3134 addi
3098 3091 3273 3150 potest
3298 3081 3545 3138 luculen-

1961 3171 2234 3226 tissimum
2267 3172 2624 3227 vetustissimi
2667 3172 2947 3242 scriptoris
2979 3171 3091 3244 (44)
3131 3175 3495 3243 testimonium
3515 3215 3539 3249 ,

278 3268 491 3325 Lucium
524 3269 859 3339 pontiﬁcem,
885 3268 944 3323 S.
972 3268 1210 3323 Cornelii
1237 3281 1629 3333 successorem,
1658 3282 1850 3337 nempe
1875 3262 1916 3284 ν
1953 3262 2048 3333 qui
2078 3263 2181 3318 hoc
2221 3263 2411 3318 eodem
2462 3273 2704 3332 tempore
2731 3262 3157 3318 Novatianorum
3204 3266 3534 3325 dementiam

277 3359 607 3418 Novatianos
635 3361 816 3432 quiete
854 3375 916 3416 ac
941 3360 1230 3430 tranquille
1273 3360 1506 3430 degisse,
1542 3373 1642 3414 nec
1672 3374 1853 3428 perse-

277 3451 502 3508 cutionis
558 3449 940 3516 incommodis,
981 3451 1145 3506 etiam
1171 3459 1284 3504 tum
1313 3489 1328 3515 ,
1378 3449 1506 3504 dum
1558 3449 1848 3514 scribebat,

279 3543 436 3602 fuisse
463 3545 760 3601 obnoxios.
811 3563 831 3596 ‹
875 3541 1062 3614 Neque
1091 3542 1257 3610 enim,
1283 3543 1478 3614 inquit,
1509 3543 1851 3613 persequitur

278 3645 327 3691 et
355 3638 640 3708 impugnat
677 3636 882 3692 Christi
916 3635 1280 3702 adversarius,
1328 3636 1432 3691 nisi
1471 3644 1646 3690 castra
1675 3643 1730 3690 et
1756 3635 1852 3688 mi-

279 3728 391 3786 lites
420 3731 665 3795 Christi,
713 3728 1001 3785 haereticos
1049 3737 1351 3799 prostratos
1384 3729 1551 3783 semel
1602 3737 1656 3782 et
1696 3730 1849 3797 ipsos

279 3836 401 3878 suos
455 3822 635 3878 factos
683 3821 984 3876 contemnit
1023 3827 1076 3875 et
1126 3818 1380 3891 praeterit.
1439 3837 1459 3872 ι
1512 3818 1850 3890 Quapropter

364 3956 452 4023 55)
492 3955 672 4025 Epist.
703 3953 793 4021 60,
828 3969 952 4025 pag.
987 3952 1113 4025 270_.

365 4021 452 4094 54)
492 4021 577 4080 na
621 4026 782 4080 etiam
818 4021 1048 4094 amrmat
1075 4021 1406 4094 Pearsonius
1439 4024 1492 4078 in
1539 4023 1700 4079 dictis
1733 4024 1847 4079 An-

278 4093 478 4150 nalibus
512 4095 581 4149 ad
613 4110 818 4150 annum
844 4095 972 4160 252,
1009 4093 1036 4163 §
1067 4093 1153 4152 12.
1185 4109 1240 4163 p.
1279 4095 1372 4148 50.

490 4163 784 4244 kegendit-s
818 4165 956 4244 idem
992 4163 1320 4244 l’earsonius
1345 4163 1466 4244 eod,
1501 4163 1529 4235 §
1565 4164 1727 4234 l2,p.
1756 4164 1844 4222 50.

343 4232 454 4306 (56)
490 4232 664 4306 Epist.
704 4233 792 4306 61,
825 4232 994 4306 Lucio
1023 4234 1170 4306 data,
1207 4249 1328 4306 pag.
1357 4235 1485 4287 272,

344 4302 454 4375 (57)
493 4303 680 4375 Mense
708 4302 989 4375 Decembri
1032 4302 1368 4375 l'uisse’hanc
1403 4305 1683 4373 epistolam
1715 4305 1849 4358 scri-

279 4373 416 4444 ptam
437 4373 746 4444 prudenter
773 4374 1069 4444 arbitratur
1095 4373 1424 4444 Pearsonius
1464 4375 1517 4427 in
1553 4375 1846 4429 Annalibus

280 4442 524 4513 Cypridn.
557 4443 738 4498 citatis
759 4443 826 4513 ad
849 4458 1051 4513 annum
1076 4445 1204 4510 (252,
1231 4442 1258 4512 §
1297 4444 1383 4508 19,
1417 4459 1542 4513 pag.
1572 4445 1662 4498 52.

343 4512 736 4637 gwégozmagé
763 4511 832 4566 de
859 4512 918 4567 S.
943 4511 1174 4586 Cyprieu
1191 4554 1207 4581 ,
1235 4511 1387 4583 praef.
1410 4511 1588 4584 ,3pai't.
1625 4514 1666 4579 l,
1701 4513 1730 4584 §
1755 4514 1853 4576 6-1,

314 4595 392 4648 ag.
424 4591 516 4648 59,
554 4591 668 4637 not.
705 4599 757 4635 a.

279 4594 392 4650 pag.
424 4594 516 4648 59,
554 4594 668 4637 not.
705 4599 757 4635 a.

281 4715 302 4726 -
345 4651 456 4726 (59)
496 4651 579 4726 Ad
611 4665 816 4726 annum
837 4649 967 4726 255,
996 4667 1156 4706 num.
1177 4653 1262 4721 19,
1293 4669 1415 4726 pag.
1441 4653 1530 4721 21,
1560 4653 1652 4709 ubi
1686 4654 1848 4706 etiam

280 4715 551 4776 Lamberti
584 4721 852 4776 sententia
882 4721 1133 4776 refertur.
1250 4715 1259 4721 ’
1294 4715 1337 4752 ’θ

284 4791 451 4910 muli)
493 4790 563 4846 In
590 4790 744 4846 Saint
774 4789 1062 4858 Corneille,
1095 4793 1248 4848 artic.
1285 4795 1371 4858 16,
1411 4810 1536 4865 pag,
1566 4793 1690 4860 467,
1715 4801 1846 4846 (om.

348 4929 456 5000 (41)
495 4930 642 4986 Inter
665 4931 940 4986 variorum
976 4939 1134 4986 notas
1173 4931 1239 4985 ad
1270 4932 1618 4987 Anastasinm
1648 4931 1850 4985 Biblio-

283 4998 597 5070 thecarium,
632 5015 757 5070 quae
780 5010 996 5057 exstant
1027 5002 1079 5055 in
1121 5003 1314 5056 celebri
1350 5004 1587 5058 editione
1620 5002 1690 5056 ab
1725 5018 1849 5054 cru-

280 5067 546 5140 ditissimo
577 5067 696 5125 vir'o
725 5069 1015 5126 Francisco
1044 5071 1353 5127 Blanchino.
1379 5073 1663 5135 adornata,
1696 5087 1848 5140 repe-

282 5139 490 5192 riuntur
533 5139 694 5193 etiam
747 5152 886 5196 notze
925 5140 1217 5196 clarissimi
1262 5143 1362 5196 viri
1405 5142 1663 5208 Beneini;
1711 5139 1848 5194 etin

282 5217 657 5280 [eiiinostram
687 5208 907 5280 legenda
938 5219 1088 5276 sunt,
1109 5227 1228 5280 qua:
1258 5212 1312 5265 in
1337 5223 1462 5266 nota
1493 5213 1527 5266 5
1569 5212 1634 5265 ad
1669 5209 1845 5263 Vitam

286 5271 601 5351 _S;nCornelii
624 5271 933 5351 papz‘epag.
960 5271 1084 5351 197,
1113 5271 1220 5335 col.
1255 5282 1306 5351 i,
1337 5282 1465 5336 edit.
1503 5280 1695 5351 Romae
1714 5280 1853 5351 anni

285 5343 449 5420 1725,
469 5357 598 5420 tum.
624 5343 1008 5420 llfhaben'tur.
1031 5343 1261 5420 (Patrol.
1281 5350 1485 5406 Latina:
1505 5362 1542 5404 t.
1564 5347 1843 5415 CXXVII).

286 5479 297 5491 η
347 5415 458 5484 (42)
497 5413 552 5491 In
581 5419 744 5491 epist.
776 5418 842 5491 A2
866 5421 951 5491 _ad
1011 5413 1492 5490 Symprnnianum,
1529 5435 1650 5491 qum
1674 5413 1847 5491 exstat

285 5485 334 5534 in
361 5495 491 5558 tom.
529 5485 545 5537 1
567 5485 904 5558 Collectionis
930 5485 1176 5544 maxime};
1205 5485 1858 5558 conciliorum—Hispaniar-

284 5555 426 5629 card.
449 5555 786 5629 Ad_eA:Aquirre
829 5560 1083 5614 editionis
1111 5558 1332 5629 Joseplii
1380 5560 1625 5614 Catalani
1662 5555 1848 5612 Romae

285 5623 405 5675 anni
445 5624 596 5693 1755,
618 5623 686 5699 in,
710 5643 820 5696 quo
851 5629 965 5683 haec
991 5630 1096 5683 ait:
1124 5648 1142 5680 ‹
1172 5623 1503 5685 Novatianus
1529 5630 1846 5699 martyrium

288 5705 555 5760 nunquam
597 5697 736 5763 tulit,
782 5712 882 5752 nec
927 5712 994 5752 ex
1039 5700 1219 5754 verbis
1265 5698 1562 5754 beatissimi
1589 5697 1845 5769 Cypriani

286 5760 519 5819 auditum
549 5765 712 5823 istud.
746 5775 842 5820 aut
863 5768 1056 5823 lectum
1088 5777 1188 5823 est.
1221 5787 1240 5822 ι
1267 5784 1388 5823 nae.
1416 5769 1542 5823 525.
1568 5785 1719 5822 num.
1752 5767 1842 5821 55.

354 5785 519 5819 ultum
549 5785 712 5846 Istud,
746 5785 842 5820 aut
863 5785 1056 5823 tecutm
1088 5785 1188 5832 εει,
1221 5787 1240 5822 ι
1267 5785 1388 5847 pag.
1416 5785 1542 5834 ozo,
1568 5785 1719 5822 nunt.
1752 5785 1842 5821 oo.

354 5830 588 5900 (l3).Utt
641 5836 903 5895 habemus
951 5838 1017 5895 in;
1052 5837 1226 5894 Pholii
1273 5838 1625 5903 Bibliotheca,
1662 5838 1844 5894 codice

1952 3355 2152 3410 acriter
2201 3355 2498 3411 insectatus
2541 3365 2624 3410 est
2674 3356 2874 3426 insigni
2922 3355 3014 3410 illo
3044 3357 3344 3425 opusculo,
3382 3357 3534 3428 quod

1951 3448 2093 3503 inter
2143 3447 2200 3503 S.
2248 3449 2506 3519 Cypriani
2532 3448 2696 3503 dubia
2728 3450 3002 3507 recensuit
3047 3465 3212 3520 opera
3253 3449 3536 3505 Bellarmi-

1950 3556 2057 3596 nus
2083 3540 2230 3610 (45),
2258 3549 2308 3595 et
2336 3539 2610 3596 Pamelius
2653 3540 2767 3612 (46)
2814 3556 2880 3597 ac
2927 3542 3157 3598 Gravius
3205 3543 3316 3614 (47)
3359 3543 3534 3598 cidem

1953 3631 2014 3686 S.
2065 3631 2341 3702 Cypriane
2389 3633 2625 3688 tribuere
2669 3649 2778 3688 non
2807 3633 3148 3702 dubitarunt,
3184 3636 3236 3689 in
3260 3650 3369 3706 quo
3407 3651 3540 3691 cum.

1949 3723 2256 3794 improbam
2282 3724 2430 3779 illam
2472 3726 2948 3782 schismaticorum
2981 3730 3329 3784 severitatem
3361 3727 3534 3797 lapsis

1948 3813 2214 3872 fratribus
2234 3817 2674 3874 communionem
2701 3819 3012 3891 negantium
3052 3819 3402 3892 perstringat,
3440 3833 3534 3873 eos

1947 3964 2188 4018 ccxxx",
2221 3965 2345 4021 pag.
2371 3950 2480 4022 414
2514 3971 2527 4006 :
2577 3970 2595 4004 σ
2633 3951 2700 4007 At
2727 3953 2782 4007 in
2824 3962 2978 4010 sexto
3017 3953 3198 4020 (libro
3227 3953 3530 4022 Eulogius)

1947 4024 2169 4089 evertit,
2213 4022 2306 4090 qui
2341 4022 2408 4076 de
2441 4021 2738 4076 Novatiana
2771 4030 2917 4077 secta
2961 4023 3212 4077 feruntur
3257 4021 3534 4078 commen-

1949 4093 2139 4158 tarios,
2183 4099 2239 4145 et
2279 4090 2417 4162 falso
2461 4092 2784 4161 inscriptum
2831 4091 3023 4146 Novati
3075 4094 3314 4162 episcopi
3357 4103 3532 4147 certa~
3635 4145 3638 4149 .

1949 4176 2107 4227 men,
2146 4181 2164 4214 ι
2200 4171 2260 4231 et
2294 4161 2417 4215 cod.
2449 4177 2700 4231 cccxxx,
2750 4177 2803 4231 p.
2853 4163 3026 4216 1622:
3078 4161 3117 4213 ‹“
3149 4161 3312 4216 Libro
3375 4175 3530 4217 sexto

1948 4231 2185 4310 ostendit
2217 4229 2408 4284 Novati
2439 4229 2658 4296 falsum,
2691 4229 2833 4302 quod
2882 4231 3283 4298 circumfertur,
3323 4243 3528 4304 marty-

1949 4315 2133 4442 ἾῚῪΣᾸ)
2156 4310 2361 4442 Ἐξῑξιῇι
2382 4368 2522 4424 inter
2544 4369 2791 4442 operas.
2817 4371 3089 4442 Cypriano
3111 4371 3271 4442 vulgo
3294 4372 3527 4441 ascripta

2021 4389 2133 4442 (44)
2173 4389 2361 4424 nxswt
2383 4389 2522 4424 Inter
2544 4389 2707 4439 opera
2735 4389 2791 4426 δ.
2817 4389 2856 4426 ι.
2881 4389 3089 4442 'priano
3111 4389 3271 4442 vulgo
3294 4389 3526 4441 ascripta

1949 4439 2003 4493 in
2035 4441 2278 4513 editione
2303 4438 2540 4513 Operam
2574 4439 2819 4513 ejusdem
2953 4442 3208 4513 Cypriani
3255 4443 3526 4511 rec0gnita

1949 4520 2004 4582 et
2032 4511 2300 4582 illustrata
2334 4507 2364 4582 ᾳ
2390 4507 2767 4582 JoanneFello
2789 4507 3082 4567 Oxoniensi
3113 4513 3368 4582 episcopo
3388 4507 3523 4568 edit.

1884 4582 1925 4634 D
1954 4581 2046 4652 cit.
2077 4579 2464 4652 Amsteiodami
2492 4581 2750 4652 pag.__15,
2796 4593 2851 4638 et
2900 4579 3212 4652 hujusmodi
3266 4579 3527 4650 tractatus

1953 4651 2028 4722 ita
2069 4650 2416 4722 inscribitur:
2466 4651 2549 4702 Ad
2591 4649 3340 4719 Novatianmn‘Iiwreticunt,
3387 4653 3532 4722 quod

1951 4719 2123 4793 lapsis
2145 4738 2257 4793 spes
2285 4720 2447 4793 veniae
2475 4735 2578 4793 non
2607 4731 2684 4774 est
2709 4722 3031 4793 deneganda.

1970 4789 2133 4861 ,(45)
2174 4791 2249 4863 De
2278 4789 2621 4863 scriptoribus
2650 4789 3038 4856 ecclesiasticis,
3067 4793 3121 4846 in
3146 4791 3204 4849 S.
3238 4791 3526 4863 Cypriane,

1950 4876 2002 4930 p.
2032 4863 2095 4917 51
2116 4857 2258 4917 edit.
2285 4857 2671 4933 Vetietaianno
2700 4862 2861 4928 i728,
2893 4867 3126 4933 Operum
3164 4857 3443 4927 tomI'Vll,
3470 4864 3526 4915 in

1950 4947 2080 4999 quo,
2117 4933 2286 4986 multa
2322 4931 2387 4983 de
2415 4931 2603 4984 eodem
2635 4941 2741 4986 tam
2776 4933 2830 4986 in
2861 4931 3242 4988 dissertatione
3269 4933 3532 4999 historica.

1950 5017 2113 5069 quam
2144 5002 2199 5055 in
2233 5000 2609 5070 supplemento
2638 5003 2849 5057 erudite
2879 5004 3196 5058 alieruntur.

2023 5071 2133 5142 (46)
2172 5069 2709 5143 δᾶοοὺιιελΡωιιυΙίιιε
2738 5073 3031 5143 Brugcnsis
3069 5075 3121 5126 in
3157 5070 3408 5143 Flandria
3435 5087 3526 5125 ca-

1950 5141 2183 5196 nonicos
2223 5151 2278 5196 et
2325 5141 2742 5198 archidiaconus
2779 5141 2942 5212 opera
2994 5142 3051 5196 S.
3100 5141 3355 5212 Cypriani
3400 5157 3528 5194 CUlll

1951 5211 2257 5280 insignibus
2300 5213 2353 5265 in
2389 5228 2452 5264 ea
2486 5209 2893 5268 commentariis
2930 5209 3218 5277 evolgavit,
3258 5209 3524 5280 impressa

1949 5279 2003 5333 in
2039 5279 2142 5350 fol.
2169 5281 2493 5348 Antwerpiaa
2518 5296 2662 5335 anno
2693 5283 2851 5337 1568.
2903 5281 2978 5336 De
3023 5279 3334 5350 hujusmodi
3365 5294 3528 5349 opere

1950 5351 2008 5403 S.
2041 5349 2315 5421 Cypriane
2346 5353 2603 5420 aseripto,
2639 5353 2758 5406 vide
2799 5367 2920 5420 qua:
2951 5349 3216 5404 habentur
3244 5363 3366 5421 pag.
3399 5349 3524 5413 454,

1948 5435 2068 5490 cap.
2092 5419 2155 5475 ‘2’.
2189 5419 2392 5476 Eadem
2417 5419 2582 5490 opera
2608 5423 2675 5476 ab
2702 5419 2823 5490 ipso
2841 5421 3002 5475 etiam
3032 5419 3358 5488 Antwerpite
3379 5433 3527 5490 anno

1950 5489 2088 5560 1589
2129 5506 2321 5545 recusa
2354 5489 2515 5544 sunt:
2563 5489 2848 5560 legendum
2898 5489 3340 5560 supplementum
3375 5489 3528 5560 apud

1949 5558 2335 5614 Bellarininum
2384 5560 2489 5614 loc.
2527 5557 2639 5613 citi
2667 5575 2786 5630 pag.
2818 5560 2920 5620 55,
2969 5557 3060 5613 ubi
3104 5559 3227 5614 alia:
3260 5557 3534 5612 editiones.

1950 5631 2264 5700 hujusmodi
2292 5643 2520 5700 operum
2549 5641 2922 5700 recensentur.

2019 5694 2132 5770 (47)
2171 5694 2437 5754 Henricus
2461 5698 2692 5770 Gravius
2719 5714 2784 5752 ex
2814 5699 3294 5770 Doniinicanorum
3325 5694 3526 5770 familia

1947 5763 2186 5838 ejusdem
2214 5770 2292 5840 _S.
2347 5767 2601 5840 Cypriani
2653 5783 2816 5840 opera
2854 5770 3019 5840 edidit
3067 5769 3302 5823 Colonia:
3342 5763 3522 5820 ili-fol.

1950 5836 2094 5897 anno
2128 5838 2288 5907 1549,
2321 5841 2374 5894 in
2394 5836 2615 5894 'ollicina
2643 5836 3040 5906 Quentelliana.
