4074 6420
306 376 405 431 ιδ’]

1076 374 1164 430 DE
1202 374 1593 432 PORTUENSI
1632 374 1689 430 8.
1729 372 2088 429 HIPPOLYTl
2130 372 2322 427 SEDE.
2356 399 2424 412 —-
2463 370 2641 424 PARS
2681 369 2721 426 Ι.

3434 369 3565 463 438;

297 503 502 549 tantum
537 491 603 547 ad
634 489 1053 554 Centumcellas,
1084 494 1263 547 locum
1295 493 1711 563 periucundum,
1733 493 1861 546 dor-
1890 497 1936 552 Α
1965 488 2172 555 fuerat;
2227 490 2456 559 ideoque
2506 504 2537 542 a
2582 496 2755 544 morte
2791 486 2937 542 Decii
2983 485 3050 541 ad
3086 483 3359 556 Hippolyti
3397 478 3566 540 mar-'

294 581 572 637 tuitionem
604 580 880 649 accepisse
912 581 1075 635 dicat.
1098 579 1379 636 Pearsonii
1409 581 1733 639 sententiam
1755 590 1864 636 sta-

296 674 387 728 tim
423 671 709 740 amplexus
739 680 820 725 est
842 670 1039 740 Pagius
1061 671 1194 741 (6|),
1226 680 1280 726 et
1304 673 1557 742 deinceps
1582 672 1865 729 Tillemon—

290 761 396 815 tius
431 758 547 828 (62)
574 799 590 824 ,
640 766 695 811 et
724 756 921 828 Pagius
953 756 1143 812 Junior
1173 757 1316 829 (65);
1346 758 1650 814 Ceillierius
1686 767 1865 814 tamen

292 849 349 907 8.
411 850 729 906 Cornelium
785 859 1077 921 martyrem
1117 850 1321 904 obiisse
1378 851 1498 906 solo
1553 850 1864 922 Hieronymi

290 941 602 997 testimonio
636 941 868 997 credidit
892 941 1026 1010 (64).
1060 940 1423 1012 Quapropter,
1461 952 1520 996 ut
1547 943 1615 996 ad
1653 957 1864 1014 anony-

287 1047 433 1087 mum
462 1042 717 1088 nostrum
755 1020 1113 1095 revertamur,
1156 1032 1354 1086 mirum
1380 1047 1512 1087 sane
1534 1032 1705 1087 videri
1737 1047 1865 1102 pos-

287 1131 367 1179 set
392 1121 716 1176 Africanum
771 1124 1093 1192 scriptorem
1139 1134 1248 1177 tam
1283 1133 1536 1178 accurate
1568 1123 1864 1193 exquisite—

284 1227 387 1283 que
414 1213 595 1268 sancti
620 1211 859 1267 Cornelii
882 1213 1110 1283 ejusque
1132 1214 1406 1269 sociorum
1428 1215 1770 1285 martyrium,
1801 1230 1864 1270 ac

285 1305 576 1374 ipsammet
615 1302 756 1358 Galli
789 1304 1221 1373 persecutionem
1254 1304 1531 1368 laudasse,
1570 1320 1712 1375 quae,
1761 1304 1864 1385 Pa—

283 1394 366 1464 gio
388 1392 503 1465 (65)
527 1403 688 1457 teste,
724 1392 1010 1449 Africanos
1032 1394 1217 1449 fideles
1241 1396 1381 1450 haud
1404 1395 1610 1451 atllixit.
1634 1396 1745 1453 Nec
1763 1401 1861 1452 mi-

281 1501 397 1539 rum
420 1485 572 1554 quod
622 1486 902 1540 Romanus
924 1486 1154 1555 scriptor
1180 1484 1497 1542 Felicissimi
1530 1489 1861 1545 schismatici

282 1575 599 1629 meminisse
627 1576 900 1643 videatur;
928 1591 1053 1630 nam
1079 1574 1136 1630 S.
1158 1575 1460 1648 Cyprianus
1479 1578 1589 1648 (66)
1612 1581 1862 1648 perditis-

281 1665 398 1718 simi
425 1666 670 1720 hominis
691 1666 910 1722 fraudes
932 1682 1028 1736 per
1052 1667 1308 1737 epistolas
1330 1684 1475 1723 anno
1505 1672 1773 1740 superiori
1800 1673 1837 1725 S

280 1754 531 1810 Cornelio
553 1765 720 1826 atque
754 1757 925 1826 ipsius
953 1759 1101 1813 clero
1127 1758 1237 1829 jam
1261 1760 1618 1829 patefecerat;
1649 1763 1856 1833 ipsum-

1967 581 2166 652 tyrium
2213 594 2409 635 novem
2445 593 2660 635 menses
2694 579 3140 634 intercesserunt.
3186 576 3370 647 Neque
3399 592 3542 630 anno

1966 668 2254 739 superiori,
2304 667 2464 723 Decio
2508 667 2686 723 adhuc
2726 668 2963 732 vivente,
3000 666 3259 737 martyrio
3291 667 3543 719 coronari

1965 760 2141 831 potuit
2167 759 2487 831 Hippolytus
2520 758 2642 825 iste,
2678 773 2839 828 quem
2873 773 3043 813 unum
3074 773 3142 812 ex
3170 756 3408 826 quinque
3435 754 3543 811 illis

1970 851 2323 923 presbyteris,
2364 849 2459 921 qui
2487 848 2790 905 Novatiano
2818 865 2876 905 sc
2909 850 3212 913 soeiarunt,
3244 846 3414 903 fuisse
3443 864 3542 902 su-

1964 945 2273 1013 spicantur;
2319 942 2666 1013 presbyteros
2699 941 2844 995 enim
2868 940 3006 1009 iillos
3034 955 3220 995 mense
3248 932 3541 994 Novembri

1963 1035 2207 1104 ejusdem
2246 1033 2374 1087 anni
2406 1032 2459 1085 in
2498 1031 2791 1087 schismate
2823 1031 3002 1087 adhuc
3039 1031 3402 1100 permansisse
3426 1030 3542 1099 epi-

1965 1125 2099 1180 stola
2155 1123 2212 1176 S.
2263 1123 2499 1178 Cornelii
2535 1123 2600 1177 ad
2654 1122 2880 1177 Fabium
2917 1122 3319 1176 Antiochenum
3357 1128 3541 1190 aperte

1965 1232 2067 1270 nos
2096 1225 2313 1280 monet;
2350 1214 2644 1284 quominus
2674 1228 2804 1269 vero
2842 1213 3018 1284 ipsum
3061 1213 3403 1285 Hippolytum
3437 1213 3543 1269 sub

1964 1306 2117 1362 Gallo
2163 1322 2380 1376 passum
2422 1305 2731 1370 credamus,
2779 1304 3137 1360 disertissima
3176 1305 3233 1359 8.
3281 1303 3541 1375 Cypriani

1961 1406 2019 1451 et
2063 1395 2414 1451 vetustissimi
2455 1396 2710 1465 anonymi
2744 1394 3050 1449 testimonia
3087 1409 3188 1448 nos
3226 1393 3537 1463 prohibent,

1959 1502 2027 1541 ex
2059 1487 2257 1556 quibus
2297 1484 2351 1539 in
2385 1485 2692 1541 Catholicos
2738 1494 2946 1539 tantum
2983 1485 3415 1554 persecutionem
3442 1499 3541 1538 ex-

1962 1577 2181 1630 citatam
2225 1575 2394 1630 fuisse
2425 1582 2677 1645 apparet;
2732 1572 2878 1643 quod
2908 1588 3032 1628 cum
3067 1571 3541 1627 animadvertisset

1962 1666 2339 1722 Tillemontius
2361 1666 2503 1737 (70),
2546 1664 2889 1736 Hippolytum
2914 1705 2927 1729 ,
2963 1672 3022 1717 ut
3051 1663 3246 1733 inquit,
3280 1661 3541 1718 Romana:

1962 1757 2216 1813 Ecclesiae
2255 1758 2629 1827 presbyterum
2661 1797 2677 1821 ,
2735 1756 2836 1809 hac
2888 1755 3107 1824 quidem
3161 1753 3538 1823 persecutione

281 1861 380 1914 que
414 1847 585 1901 etiam
618 1848 684 1902 de
714 1847 852 1903 faeie
881 1848 1021 1903 idem
1045 1850 1279 1919 scriptor
1306 1866 1529 1908 noscere
1554 1829 1749 1923 potuit,
1783 1869 1850 1909 ex
1887 1829 1927 1884 Β
1960 1861 2204 1916 passum.
2236 1847 2327 1902 sed
2364 1844 2604 1902 schisma
2640 1846 2709 1900 ab
2738 1845 2857 1915 ipso
2889 1845 3156 1916 superiori
3187 1860 3332 1898 anno
3353 1845 3537 1913 eiura-

279 1950 340 1990 eo
365 1938 510 2007 quod
546 1954 739 1994 mense
771 1937 935 1994 iunio
965 1940 1129 2010 hujus
1160 1942 1289 1995 anni
1322 1939 1378 1995 S.
1416 1942 1705 2000 Cornelius
1741 1945 1851 2017 (67)

286 2047 314 2080 ι-
338 2043 460 2084 cum
491 2027 728 2085 Romam
760 2032 1143 2099 sehismatieus
1175 2034 1340 2088 homo
1365 2034 1603 2090 venisset
1622 2037 1854 2105 stipatus

279 2127 513 2187 caterva,
576 2131 633 2175 et
686 2120 921 2177 factione
975 2124 1416 2194 desperatorum,
1466 2128 1617 2182 illum
1674 2130 1855 2200 vigore

280 2210 432 2280 pleno
468 2211 539 2266 de
585 2210 832 2268 Ecclesia
873 2215 1098 2284 pepulit.
1152 2235 1171 2268 ι
1223 2217 1295 2272 At
1326 2234 1450 2274 eum
1482 2220 1854 2291 superioribus

280 2302 433 2357 annis
502 2304 862 2361 doctissimus
929 2307 1232 2365 monachus
1294 2309 1622 2367 Prudentius
1679 2312 1854 2368 Mara-

278 2407 376 2446 nus
410 2392 552 2464 (68),
584 2395 679 2464 qui
715 2393 773 2449 S.
810 2394 1063 2466 Cypriani
1085 2397 1260 2455 Vitam
1287 2401 1595 2472 descripsit,
1625 2420 1853 2476 eamque

278 2482 438 2550 ipsius
470 2483 750 2554 Operibus
801 2485 1005 2541 Baluzii
1053 2490 1200 2546 curis
1259 2494 1555 2564 recognitis
1599 2496 1848 2566 praeﬁrit,

275 2572 406 2631 hanc
435 2577 586 2632 Galli
616 2580 1051 2647 persecutionem
1088 2582 1138 2635 in
1166 2582 1450 2640 Africanas
1472 2586 1636 2641 etiam
1670 2587 1849 2644 Eccle-

277 2664 377 2718 sias
404 2678 721 2734 grassatam
749 2682 871 2723 esse
891 2669 1299 2727 evidentissime
1322 2675 1638 2743 ostendi-rit,
1661 2693 1726 2732 ac
1756 2679 1853 2733 do-

276 2754 506 2810 ctissimo
560 2755 800 2813 Pamelio
847 2759 962 2815 haec
999 2766 1253 2832 anonyml
1279 2764 1463 2829 verba,
1516 2783 1535 2816 ‹
1575 2775 1628 2820 et
1670 2783 1852 2822 sacra-

278 2855 504 2901 mentum
543 2847 928 2919 Baptismalis,
961 2852 1107 2921 quod
1142 2853 1196 2907 in
1236 2855 1464 2909 salutem
1499 2859 1712 2927 generis
1750 2860 1851 2913 htt-

278 2939 410 2992 mani
437 2943 751 3010 provisum,
775 2953 829 2999 et
860 2945 961 3000 soli
989 2944 1245 3001 Ecclesia
1273 2948 1480 3005 caelesti
1519 2953 1730 3008 ratione
1762 2969 1850 3008 ce-

278 3026 474 3087 lebrare
519 3047 622 3102 per
652 3049 716 3089 os
750 3049 908 3089 suum
936 3039 1284 3106 przeostendit
1313 3039 1446 3110 (69),
1480 3060 1500 3094 ι
1541 3042 1848 3100 Africanam

1956 1948 2068 1992 tum
2121 1937 2384 2003 credidit;
2436 1937 2580 2006 quod
2634 1945 2815 1990 tamen
2870 1935 3072 2005 duplici
3133 1935 3360 1990 rationis
3414 1951 3535 1989 mo-

1956 2039 2141 2086 mento
2189 2028 2387 2093 falsum
2437 2044 2559 2084 esse
2604 2036 2783 2098 patet;
2836 2027 3017 2097 primo
3046 2027 3170 2098 quia
3206 2026 3537 2082 Prudentius

1957 2137 2066 2175 uno
2105 2122 2407 2190 eodemque
2454 2130 2696 2189 tempore
2729 2118 3080 2191 Hippolytum
3131 2119 3369 2174 schisma
3412 2119 3534 2189 eju-

1956 2229 2106 2267 rasse
2144 2221 2197 2267 et
2244 2198 2562 2283 martyrium
2622 2211 2859 2266 subiisse
2907 2211 3088 2277 dicit;
3144 2211 3405 2276 secundo,
3466 2226 3536 2265 ex

1954 2304 2181 2374 cpistola
2240 2303 2298 2359 S.
2340 2303 2599 2365 Cornelii,
2649 2316 2771 2372 quae
2811 2301 2913 2357 sub
2945 2302 3102 2355 finem
3133 2303 3374 2372 ejusdem
3406 2302 3535 2355 anni

1954 2395 2263 2463 conscripta
2311 2392 2432 2457 fuit,
2494 2392 2837 2462 apertissime
2886 2400 3099 2447 constat
3140 2396 3379 2462 quinque
3412 2393 3534 2446 illos

1939 2487 2316 2559 presbyteros,
2368 2487 2461 2557 qui
2498 2487 2787 2541 adversum
2833 2486 3008 2555 ipsum
3056 2502 3178 2539 cum
3231 2483 3532 2541 Novaliauo

1953 2578 2191 2634 Schisma
2234 2575 2619 2642 conﬂaverant,
2666 2577 2904 2631 nondum
2938 2578 3249 2647 resipuisse.
3285 2578 3534 2648 Quapro-

1952 2677 2071 2739 pter
2118 2666 2458 2739 Hippolytus,
2496 2668 2542 2723 si
2576 2684 2717 2724 unus
2746 2683 2811 2724 ex
2848 2668 2954 2724 illis
2982 2668 3105 2736 fuit,
3148 2671 3202 2724 iu
3236 2672 3530 2726 schismate

1954 2766 2065 2813 toto
2097 2758 2201 2813 hoc
2231 2771 2375 2812 anno
2394 2757 2763 2845 permansisse
2785 2757 3048 2814 dicendus
3071 2769 3173 2814 est.

2058 2847 2195 2902 XVI.
2242 2847 2527 2903 Frontonis
2578 2847 2761 2905 ΒασιΒὶ
2806 2850 3069 2903 sententia
3100 2850 3420 2920 exploditur.

2023 2937 2257 3008 Rejectis
2273 2939 2434 3009 igitur
2459 2938 2731 2995 Ruiuartii
2752 2948 2806 2994 et
2830 2938 3158 2995 Tillcmontii
3176 2942 3526 3010 conjecturis.

1953 3029 2030 3082 nil
2061 3030 2218 3084 nobis
2244 3039 2487 3100 superest
2520 3022 2816 3101 quominus
2840 3029 3185 3102 Hippolytum
3213 3032 3365 3085 illum
3391 3031 3529 3086 Pru-

279 3118 338 3173 de
356 3118 636 3191 Baptismo
670 3124 974 3181 doctrinam
1004 3143 1195 3198 sapere
1223 3129 1339 3185 visa
1361 3132 1490 3199 sim,
1522 3148 1551 3186 a
1579 3149 1685 3203 qua
1706 3150 1842 3191 sel..-
1876 3157 1919 3220 ο
1954 3123 2122 3178 dentii
2165 3123 2501 3179 carminibus
2534 3123 2965 3190 celeberrimum,
2993 3124 3371 3179 vetustissimae
3394 3121 3527 3178 Por-

281 3225 366 3279 per
396 3211 647 3270 Romana
676 3217 960 3275 abhorruit
986 3219 1259 3288 Ecclesia;
1282 3220 1569 3281 Africanus
1598 3226 1719 3282 ideo
1747 3228 1848 3282 hu-

277 3300 421 3370 jusee
443 3307 701 3376 opusculi
731 3318 924 3364 auctor
955 3311 1217 3369 dicendus
1237 3313 1359 3369 erit.
1395 3312 1501 3370 Sed
1529 3317 1612 3371 his
1642 3318 1846 3385 missis,

280 3393 339 3447 ad
371 3393 722 3468 Hippolytum
764 3409 1012 3455 nostrum
1044 3403 1239 3458 iterum
1266 3420 1323 3459 se
1345 3415 1625 3462 convertat
1651 3409 1845 3473 oratio,

280 3496 427 3549 quem
460 3502 600 3542 sane
623 3502 688 3543 ex
718 3488 825 3553 his,
860 3505 981 3561 quas
1004 3491 1288 3562 hucusque
1308 3492 1729 3564 disputavimus,
1751 3513 1849 3553 nec

283 3568 435 3639 Decii,
496 3592 606 3632 nec
666 3577 802 3633 Galli
858 3583 1236 3650 persecutione
1289 3586 1608 3656 martyrium
1664 3588 1847 3643 subire

279 3665 533 3734 potuisse,
584 3676 643 3722 ut
690 3668 957 3725 hactenus
1007 3672 1149 3726 docti
1186 3673 1288 3728 viri
1322 3675 1686 3745 crediderunt,
1736 3693 1843 3734 non

279 3750 495 3811 obscure
553 3772 654 3812 nos
716 3760 978 3828 probasse
1050 3764 1399 3820 arbitramur.
1468 3766 1724 3825 Bailettus
1791 3779 1840 3825 et

278 3836 574 3900 Ceillierius
602 3845 779 3915 ipsum
826 3845 1010 3904 Idibus
1065 3849 1294 3920 Augusti
1328 3867 1473 3908 anno
1510 3854 1712 3910 Christi
1735 3854 1845 3915 252

278 3947 487 4001 passum
539 3937 643 3993 sub
676 3937 840 3993 Decio
885 3941 1106 4009 dicunt;
1142 3944 1234 3997 sed
1275 3944 1387 4014 jam
1434 3944 1632 4003 Decius
1659 3961 1845 4003 mense

278 4019 558 4084 Novembri
583 4028 712 4083 anni
755 4032 1074 4101 superioris,
1099 4043 1159 4087 ut
1191 4033 1452 4100 diximus,
1483 4035 1841 4107 interemptus

277 4172 700 4259 Papebrochium
730 4182 907 4238 inAct.
938 4196 1248 4259 sqqgtgrunt
1270 4188 1474 4244 mensis
1504 4190 1704 4259 Aprilis
1734 4200 1772 4246 t.
1798 4192 1836 4257 Ι,

277 4257 325 4329 p.
451 4246 939 4329 edit:._Venetre_an.
973 4254 1137 4329 1767:
1163 4275 1183 4307 ί
1212 4246 1569 4313 Cornelius”.-
1588 4246 1707 4329 post
1736 4246 1839 4318 hoc

276 4313 648 4400 tientunieellis
693 4324 992 4392 expulsus,
1049 4327 1123 4380 ibi
1168 4342 1293 4381 cum
1339 4329 1506 4399 gloria
1543 4313 1834 4388 dorniitio:

278 4397 388 4459 nem
404 4397 647 4459 accepit.
685 4409 704 4442 ι

1956 3216 2167 3270 tuensis
2210 3215 2354 3271 sedis
2403 3215 2698 3273 antistitem
2743 3214 2914 3271 fuisse
2961 3215 3258 3271 credimus.
3310 3215 3365 3270 Id
3394 3230 3526 3271 sane

1952 3316 2075 3374 post
2096 3305 2388 3360 Baronium
2418 3315 2562 3365 recte
2596 3316 2783 3362 nostro
2816 3307 3033 3375 quidem
3064 3307 3271 3376 judicio
3292 3307 3526 3378 conjecit

1949 3395 2155 3451 Fronto
2186 3396 2414 3453 Ducaeus
2441 3397 2574 3468 (7i).
2611 3399 2669 3452 In
2701 3414 2767 3452 eo
2801 3409 2981 3453 tamen
3017 3408 3204 3469 peccat
3231 3399 3521 3455 clarissimi

1950 3487 2051 3540 viri
2080 3488 2381 3550 sententia,
2429 3488 2572 3559 quod
2610 3504 2638 3542 a
2675 3487 2968 3545 Prudentio
3002 3491 3223 3544 unicum
3259 3488 3520 3561 Hippoly-

1947 3584 2063 3631 tum
2088 3577 2366 3632 laudatum
2385 3579 2681 3642 censuerit,
2710 3594 2964 3649 magnum
2989 3594 3183 3651 nempe
3204 3579 3517 3649 episcopum

1946 3677 2000 3721 et
2030 3679 2343 3738 martyrem,
2372 3683 2610 3738 eumque
2649 3669 2853 3725 idcirco
2896 3671 3200 3726 Novatiano
3229 3672 3521 3727 schismate

1948 3758 2316 3827 inquinatum,
2352 3767 2464 3813 tota
2499 3759 2626 3815 licet
2661 3761 2990 3816 reclamante
3032 3763 3375 3833 antiquitate,
3423 3780 3521 3820 au—

1947 3847 2191 3903 tumarit.
2225 3846 2487 3904 Frontoni
2524 3851 2580 3905 in
2607 3851 2708 3906 hac
2738 3866 2796 3906 re
2820 3850 2989 3907 facem
3018 3854 3254 3921 prmtulit
3282 3852 3519 3909 Joannes

1944 3937 2166 4009 Langus
2223 3938 2336 4011 (72)
2383 3939 2756 4007 Erfurdensis,
2812 3944 3023 4011 primus
3078 3942 3332 3998 Historia:
3364 3943 3517 4000 Nice-

1943 4032 2099 4101 phori
2123 4031 2319 4095 editor,
2351 4034 2467 4102 qui,
2503 4048 2627 4087 cum
2660 4034 3022 4099 notulasillas
3055 4035 3121 4088 ad
3146 4050 3270 4088 mox
3301 4036 3515 4092 laudata

1940 4191 2060 4261 eit.,
2113 4200 2168 4246 et
2218 4206 2370 4245 num.
2416 4191 2483 4246 l9
2538 4210 2551 4244 :
2611 4211 2630 4243 ι
2675 4190 2781 4246 Sed
2824 4207 2923 4248 nec
2967 4207 3028 4246 ea
3075 4191 3423 4261 (persecutio)
3460 4194 3513 4247 in

1938 4259 2123 4319 Africa
2156 4273 2422 4331 grassata.
2464 4281 2482 4312 ι

2009 4330 2124 4401 (66)
2162 4329 2236 4385 "Id
2293 4332 2472 4401 ipsum
2516 4338 2748 4401 testatur
2798 4329 3214 4401 S._Cyprianus
3253 4332 3411 4401 epist.
3443 4334 3514 4389 45

1938 4399 2193 4455 Cornelio
2215 4399 2365 4470 papa-
2392 4402 2519 4455 data
2549 4416 2601 4470 p.
2636 4399 2743 4455 232
2777 4419 2792 4454 :
2823 4399 2841 4453 ι
2876 4399 3067 4457 Melius
3094 4399 3299 4464 autem,
3326 4402 3510 4469 frater,

340 4455 718 4549 StilLAAEZI‘an1
740 4459 948 4549 Christi
988 4462 1115 4533 255,
1141 4480 1293 4520 num.
1331 4465 1398 4520 15
1428 4465 1624 4525 Annal.
1647 4471 1829 4526 eccles.
1867 4495 1908 4549 ι)
1938 4472 2099 4549 scies,
2135 4472 2180 4524 si
2218 4455 2384 4549 etiam
2426 4455 2671 4549 exempla
2714 4455 3512 4549 litterarutn,ﬁﬂ_uas_adierit;

277 4527 505 4598 terualli
520 4528 615 4582 cit.
647 4569 662 4593 ,
693 4544 746 4598 p.
783 4530 867 4584 l7.

339 4592 585 4676 (δὴ-ΟΠ.
602 4592 733 4676 tom.
749 4598 843 4676 ll|,_
863 4616 917 4672 p.
938 4601 1251 4676 744,.Nptes
1269 4621 1363 4660 sur
1385 4607 1829 4676 saintCorneille,

276 4671 389 4749 {tota
560 4683 657 4722 sur
691 4672 776 4749 les
817 4668 978 4727 Actes
1007 4675 1075 4728 de
1111 4672 1168 4728 S.
1194 4675 1484 4744 Corueille,
1519 4679 1567 4733 le
1602 4677 1749 4749 jour,
1785 4668 1832 4735 Ie

276 4725 444 4807 lieu‘et
472 4725 519 4807 te
548 4753 713 4807 genre
735 4740 801 4793 de
828 4755 886 4794 sa
922 4725 1080 4797 mort.

338 4801 443 4881 (63)
476 4801 803 4881 Franciscus
836 4808 966 4881 Pagi
1000 4812 1054 4866 in
1085 4811 1359 4867 Breviario
1401 4816 1831 4873 historico-claru-

277 4870 715 4959 ttgfegtgo-critico
744 4870 1065 4959 pontiﬁcum
1090 4882 1471 4959 Romanorum,
1506 4870 1551 4942 t7.
1733 4870 1827 4954 2³1,

276 4938 403 5026 ﬁeri:
443 4938 950 5026 Lu‘eze_att_.'i7g9:
980 4968 1000 5002 ι
1034 4952 1273 5026 Sanctus
1320 4938 1827 5026 ιιίάιίοὶιίίῑξεὶἐῖίιί

277 5003 417 5085 Gallo
439 5024 488 5069 et
518 5014 817 5072 Volusiano
842 5003 1829 5085 cemrhééi'tié'inliéiﬁFéBin"die;

278 5087 356 5166 ΗΥ
386 5079 983 5166 Septembrisejusdem
1014 5108 1105 5146 an.
1130 5093 1259 5166 252,
1295 5079 1829 5166 postquam—annum;

276 5155 473 5234 menses
496 5163 605 5234 tres
623 5165 682 5234 et
702 5155 817 5234 dies
840 5160 1046 5229 aliquot
1078 5155 1329 5234 sedisset.
1372 5165 1392 5217 ό

338 5214 464 5303 (64).
496 5223 707 5294 Saepius
765 5230 859 5283 cit.
927 5214 1340 5303 {05.111355
1373 5214 1531 5301 i585,
1579 5245 1705 5293 nota
1741 5238 1770 5290 b
1810 5258 1823 5293 :

284 5285 602 5373 g‘Qllelques
618 5305 850 5373 _auteu_rs
876 5309 972 5354 ont
989 5285 1099 5373 _cru
1123 5285 1242 5373 q'ue'
1254 5285 1827 5362 siliutvC'o'r’neil-le‘ni’a1

278 5364 509 5453 Elpias
537 5365 630 5418 fini
664 5380 724 5420 sa
749 5368 834 5450 vie
865 5384 960 5453 par
987 5364 1522 5453 le_supplice_;kmais
1551 5372 1695 5431 saint
1735 5376 1823 5433 Jé-

280 5422 512 5511 {illuc-dit
529 5422 949 5511 capressément
967 5422 1825 5511 qd’it'iériiﬁiu’it‘iiéifréﬁééinéﬁt

282 5503 525 5579 guilt-sang
555 5503 817 5571 a’Rome,
847 5520 901 5562 et
937 5503 1043 5565 non
1079 5510 1109 5565 ᾗ
1151 5503 1609 5579 Civita-Vecehia,
1651 5517 1729 5570 oh
1752 5532 1823 5571 on

281 5564 658 5654 liésl'sl'que.
689 5592 752 5631 ce
801 5564 944 5654 έεθὲιιι
995 5564 1289 5654 ενέίς“έεέ
1316 5564 1822 5654 ’θιὶνὲὀᾶἔῖἕηῗκῖἱζ

283 5638 509 5764 ammon
537 5638 696 5715 aprés
747 5648 879 5717 qu’il
927 5659 1016 5704 eut
1059 5638 1271 5707 refuse
1299 5658 1365 5707 de
1426 5638 1670 5710 sacrifier
1702 5638 1823 5711 ⁷ειιιξ

343 5776 445 5848 W5)
474 5783 558 5840 Ad
573 5784 777 5841 dictum
794 5786 1029 5863 an.255,
1058 5804 1203 5845 num.
1240 5782 1331 5860 1'8,
1356 5807 1408 5862 p.
1440 5793 1512 5847 ‘20
1533 5803 1586 5849 et
1605 5795 1818 5864 2|,lec.

1971 4539 2140 4611 endas
2166 4556 2264 4608 pro
2287 4539 2890 4596 dilectione’eommuni
2932 4557 3027 4611 per
3058 4539 3420 4598 Chaldonium
3460 4554 3514 4598 et

1933 4556 2140 4662 gelidas
2166 4556 2264 4608 pro
2287 4556 2574 4596 uuecuone
2613 4556 2890 4595 communi
2932 4557 3027 4611 per
3058 4556 3420 4598 unatuonlum
3460 4556 3510 4598 et

1979 4619 2292 4681 ortunatum
2359 4611 2866 4681 collegasgnostros
2927 4613 3175 4681 proxime
3232 4614 3510 4680 miseram,

1933 4694 2056 4754 quin
2076 4680 2150 4754 de
2170 4681 2375 4754 eodem
2392 4679 2733 4736 Felicissimo
2754 4681 2892 4754 etde
2923 4679 3237 4754 presbytero
3265 4679 3509 4754 ejusdem

1934 4749 2248 4823 adclerum
2291 4750 2414 4823 istic
2447 4760 2696 4823 nostrum
2730 4760 2784 4806 et
2815 4752 2881 4806 ad
2907 4749 3121 4822 plebem
3157 4749 3506 4823 seripSeram,

1932 4819 2036 4891 legi
2072 4820 2180 4873 illic
2218 4819 2483 4891 fratribus
2510 4821 2707 4891 jubeas
2729 4862 2745 4887 ,
2789 4819 2921 4890 quae
2939 4830 2993 4877 et
3030 4819 3428 4879 ordinationem
3457 4833 3512 4878 et

1932 4890 2200 4963 rationem
2230 4890 2310 4945 rei
2350 4890 2521 4963 gestae
2560 4892 2856 4963 loquantur
2885 4931 2899 4956 ,
2945 4903 3004 4947 ut
3036 4903 3145 4948 tam
3174 4895 3300 4948 istic
3343 4908 3506 4963 quam

1933 4958 2051 5030 illic
2089 4960 2233 5030 circa
2281 4958 2467 5015 omnia
2506 4975 2600 5030 per
2634 4958 2742 5015 nos
2774 4961 3086 5018 fraternitas
3118 4958 3435 5017 instruatur.
3483 4981 3502 5013 ι

2004 5028 2117 5098 (67)
2153 5027 2287 5084 Vide
2312 5031 2379 5085 de
2413 5027 2523 5086 hac
2545 5032 2777 5102 reepist.
2801 5031 2858 5088 8.
2889 5032 3146 5103 Cypriani
3174 5033 3264 5099 59,
3290 5048 3346 5103 p.
3378 5031 3506 5087 259.

2000 5098 2114 5169 (68)
2150 5098 2280 5169 Pag.
2327 5099 2418 5156 66.
2766 5160 2769 5163 .

2195 5115 2280 5170 ag.
2327 5115 2418 5156 oo.
2766 5160 2769 5163 .

2002 5098 2114 5239 (68;
2150 5098 2280 5170 Pag.
2327 5099 2418 5156 66.
2650 5098 2669 5102 ”
2766 5160 2769 5163 _
2936 5098 2985 5103 ”
3252 5098 3255 5099 ⁷
3291 5098 3308 5103 ⁷

2002 5170 2122 5241 (68,
2153 5168 2293 5224 Sunt
2318 5172 2483 5227 verba
2515 5171 2683 5241 ipsius
2708 5170 2898 5226 incerti
2928 5172 3165 5225 auctoris
3188 5170 3241 5223 in
3270 5177 3502 5227 tractatu

1930 5237 2019 5292 Ad‘
2067 5237 2428 5294 Navatt’anum
2472 5237 2773 5296 hair-elicum
2828 5243 3079 5308 superius
3134 5241 3319 5304 citato,
3383 5256 3507 5308 qua:

1930 5319 2151 5379 exstant
2192 5326 2246 5379 p.
2282 5311 2349 5365 16
2384 5312 2477 5365 cit.
2514 5312 2643 5366 edit.
2689 5309 2930 5379 Videuda
2962 5326 3082 5374 qua:
3121 5309 3186 5362 ad
3238 5309 3385 5363 hunc
3427 5311 3506 5362 lo-

1930 5393 2054 5503 03m
2077 5378 2357 5503 tPantielius
2398 5381 2453 5434 in
2489 5396 2587 5435 sua
2611 5380 2856 5450 Oper-um.
2881 5378 2937 5434 8.
2974 5379 3228 5450 Cypriani
3263 5379 3505 5437 editione

1930 5464 1960 5502 a
2002 5463 2072 5501 no
2099 5464 2183 5502 avt
2212 5489 2227 5503 .

1930 5451 2227 5503 adnotavit.

2000 5518 2113 5589 (ΖΟ)
2140 5517 2198 5589 In
2229 5518 2396 5575 citato
2423 5527 2553 5573 tom.
2587 5517 2675 5582 lll,
2705 5533 2825 5589 pag.
2859 5517 2983 5589 46_8_.

2001 5586 2116 5711 (ἐξ)
2167 5587 2223 5642 In
2269 5589 2360 5644 cit.
2414 5590 2537 5644 libr.
2599 5604 2646 5641 vt
2709 5586 2854 5641 Hist.
2922 5586 3212 5657 Nicephori
3266 5588 3499 5655 Callisti,

1968 5697 1981 5711 .
2014 5657 2138 5713 595.

1928 5672 2190 5848 Po
2214 5729 2305 5781 lib.
2338 5743 2410 5790 tv,
2441 5742 2559 5794 cap.
2588 5725 2675 5787 51,
2706 5724 2850 5793 quod
2879 5726 3225 5781 inscribitur:
3264 5726 3338 5781 De
3368 5726 3501 5793 Hip-

1928 5813 1991 5848 no
2017 5807 2101 5848 uta
2149 5798 2343 5848 Portus
2383 5796 2609 5848 civitatis
2657 5793 2834 5848 Homer
2883 5807 2930 5848 et
2985 5801 3046 5848 dc
3097 5798 3308 5848 scriptis
3364 5799 3501 5848 eius.

1925 5793 2101 5867 polon
2149 5798 2345 5853 Portus
2383 5793 2609 5851 ciuitatis
2657 5793 2834 5850 [totum
2883 5807 2930 5850 el
2985 5801 3046 5852 de
3097 5798 3308 5867 scriptis
3364 5799 3508 5863 eius.
