4074 6444
293 397 401 453 415

1114 395 1202 450 DE
1243 392 1634 450 PORTUENSI
1674 391 1731 447 S.
1774 385 2136 447 HIPPOLYTI
2178 384 2369 440 SEDE.
2410 416 2480 426 —
2516 380 2698 438 PARS
2730 381 2770 435 l.

3445 378 3549 435 446

296 529 445 578 nam,
506 512 609 567 hac
634 512 863 583 epistola
898 514 968 568 ab
993 511 1280 586 Hippolyto
1304 512 1682 584 compellatam
1718 511 1874 565 dicti-
1905 514 1949 571 Α
1978 514 2068 560 tus
2108 519 2308 559 munus
2334 502 2579 557 relictum
2606 499 2746 565 fuit;
2776 507 3109 570 quapropter
3134 497 3447 567 episcopum
3483 496 3551 550 il-

298 606 454 668 tavit,
508 605 661 658 nullo
687 604 911 675 quidem
940 615 1098 670 teste,
1148 607 1260 660 imo
1288 616 1475 662 contra
1513 602 1878 674 antiquissimi

296 694 544 750 laterculi
579 695 763 763 ﬁdem,
807 712 969 767 quem
1015 698 1131 767 ipse
1167 697 1221 752 in
1253 696 1601 753 secernendis
1626 694 1879 766 genuinis

298 784 576 857 Hippolyti
604 787 884 855 Operibus,
912 788 1076 843 veluti
1100 789 1426 844 tutissimam
1456 801 1727 850 normam,
1758 800 1883 855 per-
1924 808 1937 825 -

300 884 465 946 petuo
521 877 678 948 sequi
723 879 860 933 velle
900 888 1153 934 testatur.
1196 879 1526 950 Hippolytus
1554 881 1738 947 itaque
1777 874 1881 931 No-

300 966 651 1021 vatianorum
682 970 1020 1038 temporibus
1071 985 1355 1039 superesse
1382 971 1579 1040 potuit.
1635 968 1885 1023 Novatia-

303 1060 393 1112 nis
424 1066 609 1113 tamen
640 1058 845 1116 favisse
875 1076 982 1115 non
1013 1062 1243 1116 obscure
1290 1061 1555 1116 indicaret
1582 1060 1639 1117 S.
1673 1060 1880 1115 Corne-

301 1150 413 1205 lius
447 1149 599 1221 (21),
656 1150 713 1205 in
739 1152 967 1222 epistola
994 1153 1059 1207 ad
1097 1152 1322 1208 Fabium
1360 1153 1779 1216 Antiochenam,
1828 1153 1883 1206 in

305 1254 418 1310 qua
467 1250 581 1296 tres
621 1240 909 1311 episcopos
949 1240 1309 1298 Novatianum
1360 1245 1645 1300 ordinasse
1676 1252 1883 1310 narrat,

301 1345 550 1398 quorum
598 1345 769 1385 unum
823 1330 1037 1401 ejurato
1084 1334 1430 1402 postmodum
1479 1335 1772 1390 schismate
1818 1334 1884 1388 ad

306 1421 760 1475 communionem
816 1421 1141 1477 catholicam
1189 1425 1416 1481 rediisse
1457 1426 1668 1489 scribit,
1696 1441 1885 1497 quem-

303 1528 414 1579 que
442 1509 793 1583 Hippolytum
828 1523 1077 1569 nostrum
1106 1513 1294 1581 fuisse,
1322 1532 1428 1570 non
1460 1517 1631 1571 levem
1653 1516 1887 1573 fortasse

306 1603 588 1672 quispiam
637 1605 1004 1674 suspicionem
1051 1606 1251 1662 habere
1303 1618 1503 1677 posset.
1549 1606 1653 1663 Sed
1678 1608 1884 1664 cumS.

304 1690 600 1747 Cornelius
646 1695 929 1763 episcopos
978 1695 1098 1750 illos
1128 1699 1318 1766 exigua
1346 1708 1399 1753 et
1423 1699 1678 1771 vilissima
1709 1698 1889 1755 Italia:

300 1790 483 1848 parte,
537 1790 702 1854 atque
747 1800 811 1839 ex
866 1786 1149 1843 vilioribus
1195 1790 1406 1858 oppidis
1464 1788 1887 1848 Novatianorum

305 1880 597 1934 molitione
630 1881 834 1936 accitos
863 1882 1026 1949 dicat,
1057 1898 1263 1954 eosque
1300 1887 1533 1942 homines
1559 1888 1712 1958 plane
1734 1899 1888 1945 rudes

302 1987 377 2023 ac
400 1971 668 2041 simplices
700 1974 970 2041 nominat,
1004 1976 1188 2031 nullus
1213 1977 1332 2031 ideo
1360 1978 1673 2046 hujusmodi
1707 1982 1889 2051 conje-

305 2074 488 2125 (μη-ιε
516 2063 670 2117 locus
696 2079 820 2118 esse
851 2065 1030 2130 debet,
1073 2082 1197 2121 cum
1244 2068 1357 2123 huic
1382 2067 1670 2141 Hippolyto
1705 2082 1891 2128 nostro

306 2153 640 2222 neutiquam
690 2155 981 2210 convenire
1026 2157 1257 2225 possint.
1308 2156 1626 2229 Hippolytus
1657 2162 1800 2216 enim
1836 2163 1891 2218 in

305 2245 675 2299 nobilissimae
711 2244 877 2299 Italiae
920 2247 1198 2314 provincia
1253 2250 1647 2321 notissimaque
1675 2252 1729 2305 in
1760 2253 1893 2307 urbe

303 2340 693 2406 episcopatum
745 2338 999 2402 obtinuit,
1049 2356 1284 2409 eumque
1330 2350 1479 2397 tanta
1521 2343 1781 2400 doctrina:
1829 2361 1893 2400 ac

304 2426 598 2495 sapientiae
642 2428 802 2483 laude
850 2428 1103 2485 ﬂoruisse
1128 2432 1342 2501 egregia
1380 2434 1556 2504 ipsius
1581 2436 1783 2505 scripta
1814 2445 1894 2492 te-

304 2527 555 2583 stantur,
587 2528 645 2572 ut
669 2519 1047 2577 Theodoretus
1085 2523 1196 2593 (22)
1238 2522 1585 2597 Hippolytum
1618 2529 1757 2584 inter
1788 2531 1895 2600 spi—

305 2610 544 2663 riuales
597 2612 932 2666 reccnsuerit
984 2613 1176 2682 fontes,
1231 2632 1298 2670 ex
1343 2619 1543 2686 quibus
1574 2623 1895 2690 evangelica:

304 2700 699 2765 veritatislux
754 2701 1027 2757 uberrime
1054 2708 1313 2761 manavit.
1368 2706 1593 2763 Demum
1630 2711 1676 2765 si
1720 2709 1896 2765 Nova-

308 2792 488 2846 tianis
532 2807 771 2860 unquam
804 2791 1028 2848 favisset
1068 2793 1413 2869 Hippolytus,
1450 2816 1511 2854 ac
1536 2810 1724 2869 postea
1759 2803 1897 2858 resi-

309 2882 554 2951 puissa,
579 2884 877 2953 episcopali
905 2884 1088 2939 statim
1113 2887 1305 2942 ordine
1325 2888 1588 2957 dejeetus,
1618 2892 1754 2962 laiea
1782 2903 1898 2961 tan:

309 2984 435 3026 tum
466 2975 851 3028 communione
880 2986 1141 3045 exceptus
1176 2977 1388 3045 fuisset,
1441 2980 1598 3050 juxta
1625 2984 1895 3053 rigidissi-

308 3080 468 3119 mam
505 3065 651 3119 illius
682 3066 782 3119 aevi
813 3057 1183 3137 disciplinam,
1231 3087 1396 3139 quam
1426 3073 1583 3128 nobis
1612 3074 1682 3128 ob
1707 3075 1896 3131 oculos

304 3159 477 3228 ponit
508 3158 567 3214 S.
597 3160 887 3215 Cornelius
914 3160 1047 3231 (25),
1086 3164 1178 3232 qui
1209 3164 1264 3217 in
1295 3166 1524 3234 epistola
1550 3168 1737 3221 eadem
1784 3171 1899 3238 epi-

305 3264 550 3317 scopum
589 3250 766 3316 illum,
797 3252 889 3321 qui
914 3250 1274 3308 Novatianum
1308 3256 1543 3320 iuunxit,
1573 3258 1754 3326 populi
1780 3275 1898 3330 pre-

300 3343 469 3397 cibus
502 3354 705 3408 mo:us,
739 3343 879 3397 laica
908 3351 1118 3399 tantum
1146 3348 1508 3402 communione
1533 3349 1793 3404 donatum
1822 3359 1899 3405 te-

304 3445 519 3501 statur,
560 3436 648 3491 cui
675 3438 839 3491 etiam
882 3439 1179 3493 assentitur
1211 3437 1267 3494 S.
1301 3439 1605 3511 Cyprianus
1636 3442 1770 3512 (24),
1803 3443 1896 3512 qui

302 3528 668 3598 presbyteros
742 3529 924 3597 lapsos
982 3545 1047 3585 ac
1092 3531 1437 3600 postmodum
1516 3533 1898 3602 resipiscentes

304 3618 463 3674 laica
511 3629 718 3675 tantum
765 3621 1152 3676 communione
1203 3623 1464 3693 suscepit.
1539 3622 1895 3680 Severissima

302 3724 506 3769 tamen
554 3711 719 3782 hujus
765 3713 865 3766 aevi
909 3712 1195 3783 disciplina
1243 3713 1473 3768 nimium
1520 3712 1707 3769 forsan
1748 3693 1893 3785 rigo-

306 3819 441 3860 rem
498 3818 689 3871 sapere
746 3803 861 3857 visa
926 3813 1010 3858 est
1061 3801 1298 3858 Nicaenis
1347 3803 1637 3871 Palribus;
1698 3806 1898 3860 etenim

308 3899 500 3966 ipsam
526 3894 922 3964 aliquantisper
942 3894 1194 3967 mitigare
1218 3896 1547 3952 studuerunt
1571 3897 1718 3953 edito
1738 3913 1901 3952 cano-

308 4002 395 4043 ne
429 3987 567 4058 (25),
599 3988 652 4041 in
680 4003 791 4057 quo
814 3989 1083 4058 episcopis
1110 4004 1175 4043 ex
1200 3985 1499 4044 Novatiana
1524 4000 1670 4045 secta
1700 3991 1768 4045 ad
1796 3988 1900 4045 Ec-

306 4082 553 4140 clesiam
589 4080 966 4145 redeuntibus,
997 4079 1319 4152 presbyterii
1347 4080 1431 4136 vel
1478 4082 1900 4152 eborepiscopa-

400 4216 515 4282 (2|)
584 4214 640 4269 In
697 4214 871 4285 Epist.
922 4214 1161 4285 (Roman.
1247 4215 1436 4284 pontii.
1524 4230 1555 4270 a
1611 4215 1897 4272 Coustant.

314 4285 553 4362 p214?!
584 4285 694 4362 fit.
746 4284 881 4362 edit;
921 4284 1097 4340 Paris.
1148 4285 1287 4362 1721
1315 4299 1489 4362 ,_q_u:e
1515 4294 1598 4362 est
1623 4287 1683 4362 in
1709 4286 1902 4362 ordine

310 4352 500 4428 epist.
518 4356 552 4409 9
574 4354 818 4428 Cornelii
838 4352 1003 4428 Papae
1027 4373 1049 4428 _:
1086 4373 1106 4407 ι
1144 4354 1290 4428 Duos
1316 4352 1419 4428 sibi
1450 4355 1631 4428 socios
1653 4356 1902 4423 deplora-

313 4422 394 4484 tz'c
424 4426 617 4480 salutis
643 4426 804 4495 elegit
827 4422 1206 4493 (No'vatianus)
1229 4439 1369 4492 quos
1393 4426 1447 4478 in
1465 4422 1901 4495 exiguam’atque

308 4496 646 4551 vilissimam
692 4495 861 4549 Italiae
909 4503 1116 4564 partem
1151 4495 1465 4558 destinaret,
1500 4503 1572 4559 _ut
1611 4495 1734 4549 inde
1758 4497 1902 4550 acci-

311 4578 416 4623 tos
435 4565 721 4636 episcopos
757 4573 887 4630 tres,
934 4566 1184 4636 homines
1214 4565 1377 4636 plane.
1413 4564 1669 4636 rudesac
1693 4565 1902 4636 simpli-

312 4651 441 4700 ces,
470 4633 837 4689 fraudulenta
885 4633 1121 4704 quadam
1168 4634 1448 4689 molitione
1486 4633 1850 4704 deciperet
1885 4674 1900 4690 .

314 4706 581 4778 quicum
613 4705 962 4778 advenissent
994 4705 1338 4778 homines.ut
1360 4705 1474 4775 jam
1496 4706 1752 4778 diximus,
1771 4705 1905 4760 sim-

247 4824 250 4828 Α
319 4774 576 4848 plicioris
625 4774 827 4846 ingenii
863 4812 925 4848 ._.
961 4815 974 4829 .
1006 4774 1137 4848 hora
1180 4774 1397 4848 decima
1444 4775 1798 4841 temulentos,
1850 4783 1905 4829 et

317 4843 553 4913 crapula
587 4843 877 4914 oppressos
907 4843 1228 4913 imaginaria
1252 4846 1508 4914 quadam,
1545 4854 1599 4899 et
1621 4861 1758 4899 vana
1784 4860 1904 4899 ma-

320 4930 502 4972 nuum
551 4913 937 4984 impositioue,
978 4913 1349 4983 episcopatum
1397 4916 1501 4970 sibi
1550 4917 1764 4969 tradere
1809 4931 1905 4984 per

316 4989 441 5039 vim
480 4982 684 5054 coegit.
709 5022 722 5037 .
760 5022 775 5037 .
810 4982 982 5054 .rNec
1022 4982 1195 5038 multo
1235 4993 1357 5053 post
1396 5001 1540 5041 unus
1565 5000 1631 5038 ex
1661 4985 1765 5038 illis
1792 4982 1906 5054 epi-

320 5055 513 5123 scopis
544 5052 610 5106 ad
644 5052 944 5108 Ecclesiam
978 5054 1156 5117 rediit,
1182 5052 1307 5109 eum
1339 5055 1592 5110 lamentis
1613 5063 1669 5111 et
1690 5052 1905 5109 ﬂetibus

323 5133 623 5201 peccatum
644 5139 821 5201 suum.
837 5123 1121 5201 conlite_ns.
1158 5141 1177 5175 ι

565 5191 696 5279 Yide
717 5194 1069 5279 dialogum},
1109 5209 1230 5279 pag.
1266 5192 1387 5279 illi,
1421 5204 1552 5279 tom.
1582 5192 1648 5248 IV
1668 5235 1682 5260 ,
1714 5194 1810 5279 ιι.ὺί
1837 5209 1902 5276 ex

329 5281 352 5317 ι
394 5262 765 5319 Ecclesiarum
796 5262 1136 5329 doctoribus,
1165 5262 1218 5317 et
1250 5265 1400 5318 orbis
1448 5273 1715 5319 terrarum
1744 5265 1907 5319 lumi-

329 5334 518 5397 nibus,
557 5351 578 5384 ι
611 5333 760 5403 quod
795 5333 912 5402 ipse
933 5334 1065 5389 dicit
1087 5333 1390 5403 etgscribit,
1441 5349 1500 5387 se
1531 5335 1782 5390 hausisse
1825 5335 1908 5389 af-

332 5403 540 5470 firmat,
593 5401 735 5459 inter
778 5401 920 5472 quos
964 5413 1113 5474 certe
1141 5401 1463 5474 Hippolytus
1501 5417 1688 5459 noster
1721 5420 1907 5458 recen-

330 5474 553 5544 sendos
577 5482 687 5544 est,
743 5474 901 5540 cujus
946 5472 1152 5544 profert
1196 5472 1523 5528 testimonia.
1583 5475 1714 5530 Vide
1743 5475 1905 5529 etiam

330 5557 460 5613 pag.
489 5542 616 5613 154,
647 5543 751 5601 loc.
781 5545 879 5597 cit.

398 5613 524 5693 (.25)
564 5612 735 5684 Epist.
764 5613 797 5667 9
823 5616 985 5693 citata
1010 5629 1130 5684 pag.
1168 5614 1269 5693 l50_
1302 5633 1314 5667 :
1354 5634 1370 5663 ι
1403 5613 1574 5679 Quem
1614 5629 1735 5676 nos.
1783 5630 1906 5693 cum

334 5685 631 5753 universus
674 5685 908 5752 populus
961 5700 1199 5752 prmsens
1241 5687 1560 5752 deprecatus
1602 5695 1781 5753 esset,
1843 5687 1910 5742 ad

338 5752 779 5822 communionem
810 5754 1002 5808 laicam
1036 5755 1394 5822 suscepimus.
1427 5774 1446 5806 ι

408 5820 523 5893 (24)
564 5819 815 5896 Legenda
849 5832 958 5881 tota
988 5819 1213 5895 cpistola
1247 5825 1335 5894 5.3,
1365 5824 1421 5879 S.
1453 5824 1709 5899 Cypriani
1736 5824 1902 5883 Auto-
1955 5868 1958 5871 λ

1981 600 2115 661 Ιιιιιι,
2145 611 2306 666 quem
2348 593 2416 649 ad
2457 594 2720 648 unitatem
2761 590 3017 646 Ecclesiae
3060 589 3286 644 rediisse
3331 588 3458 643 dicit
3492 586 3552 643 S.

1980 688 2288 749 Cornelius,
2322 686 2392 740 ab
2441 684 2727 756 Hippolyto
2770 691 2958 737 nostro
3001 696 3229 751 prorsus
3279 681 3553 735 diversum

1983 779 2152 835 fuisse
2175 777 2498 833 ﬁrmandum
2528 784 2629 831 est.
2656 775 2730 829 De
2758 790 2824 829 eo
2855 784 3057 838 tamen,
3088 773 3341 843 quisnam
3373 770 3554 835 fuerit,

1982 887 2092 927 non
2140 887 2251 926 una
2293 878 2378 925 est
2425 868 2761 923 eruditorum
2793 867 3078 922 sententia.
3108 863 3374 919 Henricus
3403 862 3558 917 Vale-

1983 961 2099 1017 sius
2130 960 2241 1033 (26)
2271 959 2626 1030 Trophimum
2680 957 2847 1010 fuisse
2897 956 3151 1026 conjecit.
3187 954 3402 1008 Valesio
3447 962 3569 1008 non'

1984 1055 2336 1113 subscribunt
2383 1050 2759 1107 Tillemontius
2795 1049 2908 1119 (27)
2959 1057 3010 1100 et
3051 1046 3245 1100 Petrus
3287 1045 3558 1099 Goustan-

1986 1151 2095 1204 tius
2123 1147 2255 1219 (28),
2286 1161 2352 1200 eo
2381 1146 2508 1215 quia
2532 1142 2861 1214 Trophimus
2886 1141 2955 1194 oh
2981 1139 3298 1194 idololatria:
3328 1136 3558 1201 crimen,

1988 1257 2093 1296 non
2113 1239 2256 1309 quod
2286 1236 2605 1292 Novatianis
2635 1234 2946 1296 adhazserit,
2973 1249 3036 1285 ex
3063 1230 3353 1300 episcopali
3385 1229 3559 1299 gradu

1985 1333 2266 1404 depulsus,
2295 1329 2433 1384 laica
2468 1336 2678 1382 tantum
2708 1324 3091 1380 communione
3123 1332 3408 1392 susceptus
3437 1320 3557 1375 fuit.

1986 1429 2141 1493 Acta,
2167 1440 2288 1495 qua:
2314 1419 2678 1478 confessionis
2705 1417 2986 1473 Novatiaui
3025 1416 3239 1471 titulum
3269 1413 3563 1485 praeferunt

1986 1518 2130 1589 apud
2157 1516 2410 1570 Photium
2448 1513 2581 1584 (29),
2612 1510 2924 1565 Marcellum
2968 1518 3022 1563 et
3048 1508 3414 1561 Alexandrum
3445 1506 3562 1575 epi-

1988 1624 2185 1679 scopos
2214 1607 2612 1677 Aquileienses,
2642 1615 2696 1657 et
2722 1604 3181 1673 Agamemnonem
3216 1598 3561 1654 Tiburtinum

1988 1702 2302 1770 episcopum
2328 1712 2452 1753 cum
2480 1695 2783 1749 Novatiano
2816 1693 2884 1748 ab
2928 1693 3060 1762 ipsis
3088 1692 3337 1746 ordinato
3366 1691 3419 1743 in
3456 1706 3563 1742 una

1991 1792 2270 1858 eademque
2302 1787 2529 1845 aedicula
2556 1788 2620 1841 ab
2647 1788 2776 1854 ipsis
2798 1796 3101 1840 constructa
3135 1784 3460 1837 cohabitasse
3488 1781 3566 1848 fc-

1992 1893 2136 1938 runt.
2167 1881 2550 1937 Tillemontius
2604 1888 2785 1933 tamen
2833 1877 3035 1942 merito~
3080 1877 3272 1929 horum
3303 1875 3565 1928 Actorum

1992 1974 2149 2029 fidem
2201 1981 2508 2044 suspectam
2561 1972 2722 2025 habet
2751 1969 2864 2040 (50)
2900 1988 2912 2022 :
2949 1970 3146 2038 primo,
3193 1967 3320 2036 quia
3364 1967 3416 2019 in
3461 1977 3567 2019 una

1971 2068 2286 2137 eademque
2332 2067 2465 2120 urbe
2516 2065 2653 2119 duos
2695 2064 2980 2134 episcopos
3011 2060 3285 2116 exstitisse
3313 2065 3571 2128 repugnet

1991 2157 2224 2222 rationi;
2268 2156 2528 2215 secundo.
2553 2156 2681 2224 quia
2713 2154 2770 2209 S.
2802 2154 3091 2208 Cornelius
3126 2152 3412 2222 episcopos
3447 2150 3570 2202 illos

1991 2264 2058 2304 ex
2089 2264 2194 2303 una
2229 2249 2546 2317 eademque,
2582 2262 2753 2317 eaque
2784 2245 3194 2308 obscurissima,
3224 2242 3390 2298 Italia:
3421 2251 3572 2311 parte

1993 2343 2196 2397 accitos
2241 2341 2394 2405 dicit,
2427 2354 2547 2410 qua:
2592 2340 2659 2393 de
2698 2337 3028 2407 Aquileiensi
3058 2346 3114 2390 et
3141 2336 3425 2389 Tiburtino
3459 2335 3570 2401 epi-

1993 2433 2174 2501 sc0pis
2207 2440 2359 2486 tanto
2404 2439 2671 2485 terrarum
2701 2428 2985 2483 intervallo
3018 2429 3155 2482 inter
3184 2444 3241 2483 se
3271 2427 3478 2481 dissitis
3507 2443 3572 2480 ac

1995 2521 2312 2577 notissimas
2354 2519 2517 2574 Italiae
2561 2518 2714 2574 sedes
2746 2517 3133 2582 obtinentibus,
3171 2529 3329 2569 nemo
3360 2515 3570 2584 USpiam

1995 2613 2274 2682 intelliget.
2300 2610 2373 2665 De
2407 2611 2507 2664 hac
2533 2624 2589 2663 re
2615 2608 2982 2663 eonsuh-ndus
3011 2616 3093 2661 est
3121 2606 3285 2661 etiam
3316 2607 3395 2659 vir
3418 2621 3570 2661 sum-

1996 2720 2118 2759 mus
2133 2701 2370 2758 Joannes
2394 2701 2702 2756 Bernartius
2728 2701 2794 2754 de
2821 2699 3024 2754 ltuheis
3043 2699 3152 2770 (51)
3180 2699 3231 2752 in
3264 2697 3572 2752 Monumen-

1999 2798 2065 2850 tis
2100 2795 2349 2849 Ecclesia:
2382 2793 2820 2864 Aquileiensis,in
2854 2792 3053 2861 quibus
3084 2792 3300 2846 lictitios
3329 2784 3428 2845 hos
3456 2790 3574 2861 epi-

1998 2904 2193 2958 scopos
2220 2905 2250 2942 e
2278 2888 2449 2943 sacris
2491 2886 2870 2941 velusﬁssimue
2916 2886 3062 2939 illius
3091 2883 3349 2940 Ecclesia:
3392 2887 3572 2953 dipty—

1999 2980 2120 3035 chis
2153 2980 2347 3033 merito
2374 2978 2589 3033 delevit.
2625 2977 2732 3032 Nec
2759 2977 3054 3046 quidquam
3084 2975 3375 3030 Fromonis
3417 2975 3573 3044 prod-

1999 3087 2118 3126 esse
2157 3078 2388 3141 possunt
2434 3070 2714 3125 sententi-.2
2764 3069 2878 3123 haec
2929 3065 3216 3136 Nicephori
3247 3065 3357 3136 (52)
3386 3066 3571 3131 verba,

1925 3188 1968 3244 ρ
2000 3165 2201 3235 quibus
2250 3163 2544 3218 secundam
2597 3164 2711 3232 ipse
2753 3161 2949 3231 adjecit
3004 3168 3187 3214 notam
3220 3177 3232 3212 :
3270 3178 3288 3209 ι
3314 3158 3573 3225 Quaedam

1999 3272 2161 3325 porro
2186 3256 2385 3325 scripta
2410 3254 2527 3323 ejus
2560 3259 2773 3322 (nempe
2801 3251 3092 3322 Hippolyti)
3122 3267 3245 3305 eum
3273 3248 3573 3318 repreheno

1998 3348 2154 3403 sione
2182 3363 2290 3402 non
2321 3356 2565 3411 careant,
2597 3344 2856 3415 martyrio
2889 3354 3074 3413 postea
3102 3358 3199 3411 pro
3228 3340 3428 3395 Christi
3474 3355 3577 3393 no-

1999 3439 2146 3494 mine
2172 3439 2421 3494 absoluto
2454 3436 2770 3508 ignorantia:
2793 3436 2912 3505 ejus
2942 3435 3209 3503 maculam
3242 3433 3458 3487 detrivit
3486 3443 3573 3486 at-

1999 3548 2105 3601 que
2149 3531 2388 3597 detersit.
2416 3549 2433 3583 ι
2462 3529 2675 3585 Etenim
2728 3542 2961 3593 errores,
3003 3542 3143 3597 quos
3197 3526 3250 3579 in
3300 3523 3575 3596 Hippolyti

1999 3624 2218 3695 scriptis
2277 3631 2431 3677 notat
2477 3621 2728 3688 PIIOllUS,
2790 3623 2926 3676 nihil
2978 3636 3101 3676 cum
3149 3617 3573 3673 Novatianorum

1999 3715 2228 3772 somniis
2267 3715 2468 3769 habent
2514 3729 2826 3779 commune,
2876 3712 2968 3768 sed
3017 3722 3260 3766 veterum
3315 3726 3577 3780 quorum—

1998 3811 2124 3867 dam
2168 3809 2391 3865 Patrum
2429 3811 2645 3881 genium
2681 3809 2905 3864 omnino
2936 3808 3174 3878 sapiunt,
3204 3820 3343 3875 quos
3377 3803 3577 3861 similia

1998 3901 2325 3972 quandoque
2349 3901 2649 3960 dictitasse.
2680 3901 2914 3956 eruditis
2943 3901 3197 3954 omnibus
3229 3900 3572 3953 notissimum

1998 4001 2081 4046 est
2108 3991 2239 4062 (55).
2268 3989 2592 4060 Hujusmodi
2621 4004 2836 4045 errores
2859 3990 2913 4043 in
2944 3990 3084 4045 libro
3117 3987 3316 4044 Contra
3356 3988 3575 4043 hwreses

1998 4084 2275 4139 exstitisse
2302 4082 2494 4138 scribit
2532 4083 2671 4137 idem
2708 4080 2937 4137 Photius
2962 4081 3097 4151 (54),
3125 4097 3287 4151 quem
3330 4080 3397 4134 ad
3431 4079 3575 4135 Noe-

2002 4219 2338 4301 nianodata,
2367 4218 2602 4289 Operum
2631 4232 2752 4287 pag.
2784 4217 2882 4271 241
2922 4226 2976 4272 et
2996 4232 3164 4287 seqq.
3214 4218 3413 4285 szepius
3438 4218 3574 4271 cita-

2002 4299 2070 4345 tae
2097 4291 2375 4344 editionis.

2074 4360 2189 4430 (25)
2228 4358 2415 4430 Canon
2455 4357 2764 4430 hujusmodi
2798 4365 2880 4411 est
2912 4356 3046 4430 819Δ
3067 4365 3198 4430 tom.
3229 4354 3273 4408 ll
3308 4354 3575 4411 Concilio-

2003 4426 2123 4483 runt
2158 4426 2280 4498 pag.
2311 4429 2380 4484 55
2407 4429 2537 4484 edit.
2560 4426 2925 4498 Venetieanni
2957 4427 3111 4498 1728,

2077 4495 2187 4567 (26)
2232 4495 2286 4552 lu
2317 4499 2458 4552 notis
2487 4499 2551 4551 ad
2586 4505 2749 4566 caput
2774 4497 2844 4550 45
2870 4496 2963 4550 lib.
2996 4513 3050 4550 γι
3080 4497 3223 4551 Hist.
3249 4496 3375 4552 eccl.
3408 4495 3578 4551 Eusc-

1932 4534 1979 4593 υ
2043 4499 2187 4581 "(26)
2232 4499 2286 4552 In
2317 4499 2458 4552 notis
2487 4499 2749 4580 adeaput
2774 4499 2963 4578 45.1“).
2996 4513 3050 4550 γι
3080 4499 3223 4580 Hist.
3249 4499 3375 4580 eccl.
3408 4499 3478 4549 Eu

2006 4572 2167 4638 bn,p.
2187 4568 2319 4624 312:
2348 4587 2365 4619 ι
2389 4570 2538 4623 Illum
2560 4582 2943 4638 Ip51|_tn,eujus
2976 4579 3181 4638 mentio
3213 4579 3296 4623 est
3328 4586 3380 4622 tu
3415 4584 3478 4622 su

3500 4584 3579 4619 Μ’-

2006 4586 2167 4638 Dlt,p.
2187 4586 2319 4624 om:
2348 4587 2365 4619 ι
2390 4586 2538 4623 ιιιιιιη
2560 4586 2757 4633 ipsum,
2785 4586 2943 4634 cujus
2976 4586 3181 4623 menuo
3213 4586 3296 4623 es;
3328 4586 3380 4622 m
3415 4586 3478 4622 su
3500 4586 3577 4619 w-

2005 4642 2121 4694 rius
2166 4640 2328 4695 citata
2375 4640 2534 4708 epist.
2563 4638 2633 4692 55
2668 4636 2726 4708 ξ.
2757 4636 3014 4708 Cypriani
3050 4637 3133 4692 his
3170 4640 3391 4694 verbis:
3427 4657 3445 4689 α
3483 4586 3577 4692 bii:

2010 4729 2028 4761 ι
2061 4720 2237 4764 tamen
2266 4706 2538 4763 admissus
2560 4717 2642 4762 est
2673 4706 3024 4775 Trophimus,
3046 4717 3105 4761 ut
3135 4709 3308 4765 laicus
3322 4723 3575 4762 commu-

2011 4801 2030 4832 ι
2062 4781 2221 4843 nicet,
2258 4795 2366 4833 non
2403 4778 2561 4848 quasi
2579 4779 2777 4848 locum
2813 4778 3113 4848 sacerdotis
3139 4789 3381 4848 usurpet.
3407 4798 3426 4829 ι

2078 4851 2188 4918 (27)
2230 4848 2397 4903 Tome
2430 4847 2518 4910 111,
2544 4846 2707 4902 Notes
2741 4863 2836 4901 sur
2864 4848 3008 4918 saint
3036 4846 3325 4917 Corneille,
3363 4857 3488 4904 note
3518 4848 3574 4914 6,

2007 4916 2444 4999 Quen'l'rophime
2475 4919 2618 4999 avait
2649 4916 2898 4999 idolatré,
2927 4934 2980 4999 p.
3010 4918 3140 4999 r740.

2078 4990 2188 5058 (28)
2232 4989 2286 5042 lu
2336 4989 2478 5059 notis
2508 4989 2574 5041 ad
2606 4989 2860 5059 superius
2884 4989 3110 5059 citatam
3147 4991 3304 5059 epist.
3339 4990 3372 5043 9
3400 4990 3571 5059 sancti

2005 5060 2241 5115 Cornelii
2283 5060 2349 5113 ad
2392 5057 2642 5124 Fabium,
2672 5074 2794 5129 pag.
2834 5058 2957 5124 149,
2992 5067 3104 5112 not.
3137 5057 3196 5124 α,
3217 5071 3270 5113 et
3294 5075 3414 5129 pag.
3458 5058 3572 5123 ltiti,

2008 5143 2200 5267 "0:298).
2232 5178 2290 5252 ln
2328 5198 2673 5263 Bibliotheca,
2704 5199 2826 5254 cod.
2859 5214 3101 5262 cuxxu,
3139 5213 3192 5267 p.
3218 5197 3342 5252 414.

2078 5270 2190 5340 (50)
2233 5268 2401 5324 Tome
2429 5268 2517 5332 111,
2537 5268 2699 5325 Notos
2719 5286 2828 5340 sur
2859 5271 3003 5322 saint
3031 5268 3321 5340 Corneille,
3346 5275 3460 5321 not.
3483 5267 3571 5332 10,

2009 5336 2102 5393 sur
2132 5341 2208 5393 les
2241 5340 2585 5394 ordinateurs
2614 5339 2680 5392 de
2715 5339 2998 5400 Novatien,
3030 5355 3082 5404 p.
3115 5336 3238 5391 742.

2079 5409 2363 5493 (ξιξ-(ξφ.
2400 5409 2455 5475 4,
2494 5408 2522 5479 §
2555 5410 2604 5474 7,
2652 5424 2706 5477 p.
2746 5409 2815 5463 44
2847 5410 2901 5460 et
2926 5424 3074 5476 seqq.
3107 5406 3233 5461 edit.
3264 5407 3574 5478 Argentqu

2009 5479 2487 5619 a1|lg2llflgstorire
2533 5546 2897 5601 ecclesiastica:
2927 5547 3018 5600 lib.
3056 5562 3126 5606 tv.
3174 5562 3223 5601 c.
3254 5546 3342 5611 51,
3378 5561 3431 5615 p.
3467 5546 3573 5600 530

2009 5619 2185 5675 citatae
2209 5619 2482 5673 editionis.

2081 5689 2191 5753 (-55)
2237 5687 2623 5747 Vide’Bullum,
2660 5684 2864 5753 Defens.
2908 5686 3033 5753 ﬁdei
3060 5685 3566 5750 Nicwuw,scct.m.

2011 5776 2056 5814 ρ.
2081 5757 2204 5899 (33,5)§
2327 5825 2672 5905 Bibliotheca,
2722 5825 2842 5880 cod.
2878 5839 3024 5890 CXXI,
3075 5842 3126 5897 p.
3160 5826 3264 5880 502.
3292 5843 3304 5880 :
3338 5842 3357 5876 ι
3388 5823 3566 5877 Refert
