4074 6382
569 386 670 443 651

1381 384 1467 438 ΒΕ
1498 378 1883 438 PORTL‘ENSI
1926 379 1984 432 S.
2026 372 2385 430 HlPPOLYTl
2428 371 2619 427 SEDE.
2658 401 2725 413 —
2764 369 2948 426 PARS
2988 369 3027 422 1.

3702 367 3811 425 452

571 509 769 562 lectum
796 505 1156 566 craticiilre.et
1184 503 1528 575 Hippolytum
1545 502 1771 557 dimittit
1799 500 2085 556 haereilem.
2111 518 2128 546 ι
2166 506 2207 561 Α
2237 494 2523 549 testatibus
2572 491 2837 548 veraciter
2890 489 3213 553 conﬁtetur,
3274 486 3455 558 poenis
3500 484 3812 557 subiicitur,

572 598 639 652 Et
661 614 888 653 rursus:
927 616 945 647 ι
987 596 1204 666 Regulae
1232 596 1335 650 illa:
1377 593 1654 649 craticula)
1680 591 2009 647 flammantis
2045 606 2136 643 ca-

572 689 696 744 lami
732 699 887 742 erant
917 688 1113 756 lingua:
1145 684 1398 755 martyris
1419 690 1804 738 testamentum
1827 679 2135 740 scribentis,

571 780 772 848 quibus
816 778 1039 833 calamis
1088 785 1144 831 et
1183 774 1640 846 impioiudicanti
1690 774 2000 828 minabatur
2046 786 2139 841 ge-

572 870 772 936 heniia,
802 881 855 924 et
875 868 1161 939 Hippolyto
1198 868 1444 937 sequenti
1476 867 1819 922 scribebatur
1849 879 2073 919 corona.
2113 881 2132 913 ι

570 956 790 1012 Duobus
817 958 933 1012 istis
961 957 1250 1028 anonyinis
1270 956 1579 1026 iungendus
1608 964 1693 1009 est
1714 953 2007 1023 Gregorius
2031 950 2139 1005 Tu-

568 1049 818 1103 ronensis
864 1048 998 1116 (59),
1045 1049 1139 1117 qui
1167 1057 1434 1118 martyres
1462 1046 1694 1101 Deciana
1722 1084 1737 1109 ,
1788 1052 1848 1098 ut
1889 1043 2134 1106 credidit,

569 1140 944 1208 persecutione
997 1155 1187 1209 passos
1222 1140 1448 1193 laudans
1476 1177 1494 1202 ,
1556 1157 1574 1189 ι
1618 1138 1831 1191 Sixtum
1881 1136 2140 1190 Homanae

568 1230 822 1286 Ecclesiae
846 1232 1182 1301 episcopum,
1205 1240 1258 1286 et
1285 1230 1635 1285 Laurentium
1666 1230 2136 1289 archidiaconuin.

566 1331 620 1374 et
650 1320 993 1392 Hippolytum
1024 1323 1095 1376 ob
1133 1322 1399 1377 Dominici
1445 1323 1685 1378 nominis
1731 1320 2136 1376 confessionem

568 1428 663 1480 per
692 1413 1009 1482 martyrium
1048 1421 1461 1468 consummatos
1489 1411 1657 1466 fuisse
1688 1430 1706 1462 ι
1758 1410 1969 1465 scribit.
2005 1407 2139 1461 Gre-

567 1503 779 1572 gorium
816 1504 989 1559 seculi
1008 1514 1136 1559 sunt
1170 1504 1332 1558 medii
1355 1513 1407 1556 et
1429 1502 1600 1556 infimi
1632 1503 1732 1555 aevi
1759 1500 2139 1555 ecclesiasticae

2238 585 2472 640 vinculis
2499 584 2771 654 illigatur,
2807 581 2987 636 cardis
3034 579 3346 649 configitur,
3377 594 3643 648 equorum
3668 576 3818 632 fero-

2237 677 2401 732 citate
2430 675 2796 745 disiungitur;
2847 681 2901 726 et
2942 672 3133 741 adepta
3167 671 3343 740 palma
3376 670 3647 742 martyrii,
3700 672 3818 724 vita

2235 778 2492 839 perpetua
2526 781 2651 820 cum
2680 765 2956 820 lucratore
3008 771 3064 816 et
3097 761 3363 831 magistro
3388 759 3685 815 Laurentio
3714 776 3816 812 co-

2236 866 2462 914 ronatur
2490 857 2642 928 (66),
2687 863 2792 910 etc.
2837 874 2856 906 ι
2889 852 3097 908 Missali
3124 850 3356 907 Gothico
3402 850 3680 922 iungenda
3730 858 3821 902 est

2237 952 2607 1007 vetustissima
2642 947 2988 1003 Mozarabum
3020 946 3260 1015 liturgia,
3278 958 3400 1015 quae
3422 943 3671 1013 quamvis
3686 957 3824 1011 pro-

2236 1044 2412 1114 priam
2438 1040 2708 1111 Hippolyti
2747 1039 2969 1093 missam
3005 1054 3115 1092 non
3143 1037 3358 1099 habeat,
3388 1044 3570 1090 tamen
3599 1034 3652 1088 iu
3705 1034 3820 1088 im—

2236 1134 2531 1190 molatione
2565 1133 2746 1186 missae
2781 1128 2839 1183 S.
2861 1128 3163 1192 Laurentii,
3202 1146 3220 1179 ι
3246 1118 3567 1198 Hippolytus
3590 1125 3650 1180 S.
3669 1123 3826 1179 Lau-

2235 1225 2470 1279 rentium
2519 1222 2735 1278 militari
2784 1220 3032 1275 custodia
3078 1234 3395 1274 asscrvasse
3426 1218 3713 1284 asseritur,
3745 1232 3823 1273 ac

2236 1332 2360 1371 mox
2391 1315 2558 1369 animi
2587 1313 2869 1369 ferocitate
2897 1311 3145 1380 deposita
3187 1311 3254 1363 ad
3286 1310 3622 1379 sequendum
3650 1309 3825 1363 Chri-

2237 1416 2379 1461 stum
2417 1407 2599 1459 mitinr
2625 1403 2823 1467 factus,
2858 1404 3071 1474 tyranni
3101 1404 3281 1472 jussu,
3314 1401 3568 1471 primitus
3603 1399 3825 1454 disten-

2236 1508 2348 1564 tus,
2372 1499 2553 1553 cardis
2597 1497 2789 1552 ferreis
2827 1497 3101 1559 laniatus,
3148 1510 3213 1549 ac
3238 1493 3434 1548 deinde
3477 1491 3823 1547 ferociorurn

570 1594 1141 1664 historiaa'scriptores
1182 1593 1475 1649 0rdericus
1508 1593 1700 1648 Vitatis
1730 1593 1865 1663 (60),
1899 1593 2135 1648 chrono-
2231 1590 2602 1659 iumentorum
2636 1589 2863 1657 pedibus
2894 1588 3148 1658 alligatus
3176 1600 3271 1654 per
3297 1584 3452 1638 devia
3487 1592 3696 1638 tractus
3724 1584 3824 1636 di-

569 1687 805 1754 graphus
821 1685 965 1740 Saxo
980 1685 1061 1754 (6|
1078 1692 1113 1751 ),
1128 1702 1432 1757 aiionymus
1449 1685 1985 1755 Reicherspergensis
2002 1684 2135 1755 (62),

569 1786 759 1829 auctor
780 1775 1053 1830 Chronica?
1086 1775 1146 1830 S.
1179 1774 1385 1845 {Egtdii
1418 1775 1555 1846 (65),
1580 1776 1784 1845 aliique
1821 1790 1925 1827 non
1954 1774 2133 1842 pauci,

2235 1680 2397 1734 citur.
2439 1697 2457 1730 ι
2504 1677 2704 1733 Eadem
2748 1679 2816 1733 de
2849 1676 3135 1747 Hippolyto
3173 1676 3439 1729 habentur
3468 1674 3520 1727 in
3548 1674 3823 1729 vetustis-

2238 1773 2378 1827 siino
2405 1786 2687 1826 sacrarum
2712 1784 2933 1839 precum
2966 1767 3169 1828 libello,
3195 1766 3288 1837 qui
3318 1765 3385 1819 ad
3410 1764 3822 1819 Mozarabicum

570 1882 804 1935 quorum
841 1867 1149 1921 testimonia
1200 1868 1288 1920 hic
1337 1880 1616 1921 recensere
1680 1878 2137 1934 supervacaneum
2174 1848 2215 1906 Β
2243 1864 2407 1917 ritum
2439 1878 2784 1931 summopere
2830 1860 3079 1923 accedit,
3131 1874 3293 1928 quem
3335 1858 3499 1927 praslo
3531 1857 3828 1913 commisit

570 1975 689 2013 esse
713 1959 1043 2028 iudicamus.

639 2050 719 2104 Ex
742 2050 981 2121 antiquis
1017 2049 1494 2104 Sacramentorum
1532 2048 1689 2104 libris
1734 2049 1827 2119 qui
1871 2046 2139 2120 Hippolyti

571 2144 761 2198 militis
790 2143 1176 2207 meminerunt,
1220 2140 1399 2210 primo
1441 2141 1681 2195 occurrit
1714 2141 2139 2196 vetustissimum

571 2234 787 2289 Missale
815 2228 1102 2288 Gothicam
1137 2248 1167 2286 a
1204 2231 1413 2303 magnis
1445 2232 1578 2286 viris
1604 2231 1841 2301 Joseplio
1877 2232 2139 2286 cardinali

570 2327 866 2381 Thomasio
907 2326 1017 2396 (64)
1072 2334 1127 2380 et
1156 2323 1367 2379 Joanne
1403 2323 1719 2379 Mabillonio
1747 2324 1860 2395 (65)
1909 2325 2137 2391 editum,

570 2421 624 2474 in
660 2434 770 2489 quo
798 2416 1066 2488 Hippolyti
1091 2415 1285 2471 festum
1312 2416 1492 2471 Idibus
1507 2416 1735 2485 Augusti
1760 2416 2137 2486 consignatur,

569 2520 730 2577 atque
754 2508 805 2560 in
840 2510 1022 2561 missa:
1053 2505 1424 2559 immolatione
1455 2505 1557 2559 hoc
1584 2505 1757 2575 ipsius
1785 2504 2013 2559 habetur
2032 2507 2138 2560 elo-

569 2603 763 2671 gium:
807 2618 825 2649 ι
869 2596 1007 2652 Vere
1052 2597 1273 2667 dignum
1308 2607 1362 2650 et
1388 2596 1593 2665 iustum
1640 2605 1744 2657 est,
1796 2597 2143 2666 omnipotens

569 2702 767 2747 aeterne
802 2690 966 2753 Deus,
1020 2690 1115 2759 qui
1167 2688 1385 2743 beatum
1439 2686 1784 2759 Hippolytum
1840 2691 2140 2759 Iyrannicis

569 2785 748 2836 adhuc
782 2779 1060 2850 obsequiis
1093 2788 1442 2847 occupatum,
1484 2779 1665 2833 subito
1703 2777 1876 2833 fecisti
1901 2779 2140 2835 Lauren-

571 2876 629 2928 tii
664 2874 897 2927 socium.
924 2871 1024 2937 Qui
1054 2871 1284 2939 spiritali
1313 2871 1507 2924 ardore
1536 2886 1857 2937 succensus,
1875 2874 2002 2926 dum
2028 2875 2142 2927 uiii-

572 2965 817 3036 gcnitum
841 2962 1037 3018 Filium
1064 2972 1214 3017 tuum
1244 2961 1530 3016 Dominum
1556 2972 1802 3018 nostrum
1828 2979 2011 3021 coram
2042 2981 2139 3035 po-

2244 1954 2442 2009 citatus
2469 1954 2875 2009 eruditissimus
2897 1952 2979 2005 vir
3012 1949 3282 2019 Josephus
3319 1948 3670 2004 Blaiichinus.
3699 1949 3828 2001 An-

2241 2045 2429 2114 tiquus
2456 2046 2642 2100 itidem
2667 2045 2852 2100 missae
2881 2041 3055 2108 Ordo,
3097 2056 3258 2112 quem
3288 2040 3561 2096 Ambrosii
3590 2041 3827 2095 nomine

2242 2138 2464 2193 donavit
2490 2135 2913 2207 Pamelius(67),
2940 2154 2959 2186 ι
2987 2133 3331 2204 Hippolytum
3353 2133 3545 2187 ducem
3577 2132 3825 2187 militum

2241 2234 2507 2300 celebrat,
2559 2247 2719 2302 quem
2763 2232 2983 2285 beatum
3020 2229 3371 2284 Laurentium
3397 2243 3513 2284 sua:
3550 2228 3828 2284 custodiae

2243 2324 2609 2393 mancipatum
2634 2363 2651 2389 ,
2677 2338 2785 2377 non
2816 2332 3162 2391 persecutum
3183 2360 3199 2387 ,
3234 2320 3331 2375 sed
3361 2329 3607 2375 secutum
3639 2334 3769 2373 esse
3800 2338 3824 2371 ι

2242 2415 2538 2486 praedicat,
2592 2428 2865 2483 quemque
2905 2412 3068 2466 etiam
3118 2411 3388 2481 genuinus
3440 2411 3830 2466 Anibrosiaiia:

2242 2507 2424 2563 missae
2447 2521 2646 2570 canon,
2686 2514 2745 2560 ut
2781 2504 3060 2559 Laurentii
3087 2504 3297 2559 socium
3328 2503 3598 2574 agnoscit,
3621 2503 3673 2556 in
3699 2518 3830 2571 quo

2240 2598 2584 2670 Hippolytus,
2615 2597 2775 2651 Petro
2793 2597 2841 2652 le
2861 2595 3067 2650 Brunio
3093 2595 3207 2666 (68)
3238 2603 3395 2661 teste,
3422 2606 3545 2664 post
3567 2591 3830 2649 Lauren-

2241 2692 2374 2745 tium
2398 2690 2596 2745 ibidem
2631 2687 2811 2743 statim
2837 2694 3317 2742 commemoratur.
3343 2683 3565 2741 V‘eteres
3590 2700 3832 2754 quoque

2239 2779 2591 2836 Praefationes
2622 2794 2718 2849 per
2759 2779 2889 2832 anni
2930 2778 3225 2843 circulum,
3255 2792 3394 2846 quas
3421 2776 3588 2831 edidit
3610 2774 3827 2830 Panic-

2239 2873 2346 2927 lius
2373 2871 2508 2943 (69),
2533 2869 2879 2941 Hippolytum
2907 2879 3071 2940 atque
3102 2870 3276 2939 ipsius
3308 2868 3488 2923 socios
3513 2868 3828 2934 celebrant,

2241 2971 2406 3033 atque
2438 2963 2586 3018 hunc
2613 2977 2643 3015 a
2675 2969 2866 3017 nostro
2888 2961 3164 3017 diversum
3185 2959 3328 3014 haud
3343 2975 3465 3016 esse
3489 2969 3698 3015 veteres
3728 2972 3830 3016 te-

641 3201 751 3326 gi)
790 3200 993 3284 Hister.
1026 3199 1357 3284 Francorum
1386 3240 1399 3265 ,
1436 3202 1530 3285 lili.
1568 3217 1621 3264 i,
1651 3201 1903 3288 lillm.‘28
1926 3245 1939 3267 ,
1978 3219 2031 3271 p.
2066 3204 2137 3260 22
2164 3182 2205 3240 C
2244 3204 2505 3287 Yppolyto
2537 3217 2871 3284 quaesumus,
2900 3210 2959 3255 ut
2980 3217 3084 3281 pro
3117 3201 3274 3257 nobis
3306 3203 3783 3283 supplicantem...

568 3284 622 3328 et
736 3274 867 3326 edit.
902 3270 1227 3327 Theodorici
1257 3272 1522 3326 ltuiiiartii
1557 3270 1731 3326 Paris.
1765 3272 1924 3328 1699.
2242 3279 2258 3328 t
2277 3292 2342 3328 eo
2372 3291 2425 3328 in
2460 3275 2578 3328 loco
2625 3272 2829 3328 aliquid
2884 3287 3137 3326 OHIISISSC
3195 3282 3430 3326 veterem
3486 3286 3783 3328 scrmtorcn

736 3270 867 3326 edit.
902 3270 1227 3327 Theodorici
1257 3272 1522 3326 ltuiiiartii
1557 3270 1731 3326 Paris.
1765 3272 1924 3328 i699.

642 3343 755 3407 (60)
789 3341 1031 3396 Orderiri
1092 3340 1283 3399 Vitalis
1318 3341 1590 3397 Uticensis
1647 3344 1900 3398 monachi
1949 3344 2044 3398 lib.
2099 3361 2135 3399 ii

570 3412 957 3467 Ecclesiastica:
997 3412 1184 3465 histor.
1210 3452 1226 3478 ,
1271 3413 1410 3481 apud
1454 3413 1726 3466 Andream
1768 3412 2136 3469 llucliesnium

576 3482 829 3557 Historia:
856 3481 1285 3557 arrectariorum
1305 3485 1588 3557 scriptores
1607 3484 1839 3557 antiqui,
1870 3500 1992 3552 pag.
2033 3486 2137 3539 459

569 3554 699 3605 edit.
739 3549 1316 3621 Lutetim‘Paris’iorum
1348 3566 1491 3607 anno
1528 3552 1698 3607 1619:
1725 3549 1750 3607 ι’
1779 3549 1981 3621 Tunc]
2003 3563 2139 3607 temo

572 3636 703 3744 pore
739 3635 890 3689 papae
948 3618 1592 3701 Sixtbll).Laurentius
1644 3618 2062 3680 archidiaconus
2084 3633 2140 3679 et

599 3690 891 3744 linnolvtus
913 3705 1036 3743 cum
1079 3688 1279 3744 familia
1315 3707 1413 3744 sua
1454 3692 1667 3744 Abdon.
1694 3704 1748 3744 et
1773 3694 2001 3744 Sennes.
2038 3694 2139 3744 siih

599 3688 891 3760 lippolyius
913 3705 1036 3743 cum
1079 3688 1279 3744 familia
1315 3707 1413 3746 sua
1454 3692 1667 3756 Abdon,
1694 3704 1748 3749 et
1773 3694 2001 3756 Senues,
2038 3694 2139 3749 sub

575 3759 1120 3833 regulisAPersarum,
1160 3760 1362 3831 aliique
1405 3763 1560 3815 multi
1589 3763 1818 3819 diversis
1859 3764 2139 3833 suppliciis

573 3830 905 3900 martyrizati
935 3838 1081 3900 sunt.
1122 3848 1141 3880 ι

643 3898 755 3970 (6i)
802 3900 958 3969 Apud
1005 3898 1354 3954 Godel‘ridum
1403 3899 1750 3956 Guilielmum
1807 3901 2135 3957 Leibnitium

574 3971 903 4024 Accessiones
934 3971 1207 4042 historiae
1243 3970 1310 4025 ad
1349 3986 1437 4024 an.
1473 3972 1601 4037 256,
1632 3987 1759 4042 ριιε.
1788 3974 1850 4027 il
1878 3973 2006 4026 edit.
2043 3971 2133 4023 Li-

572 4043 703 4109 psiae
734 4041 861 4094 anni
908 4040 1075 4094 1698:
1127 4059 1145 4090 ι
1184 4040 1410 4102 Decius.
1443 4051 1503 4095 ut
1530 4042 1581 4094 in
1626 4040 1947 4097 Passionum
2000 4042 2138 4096 libro

573 4113 859 4179 reperitur,
889 4109 1171 4165 interfecto
1202 4109 1375 4175 Sixto,
1401 4121 1455 4166 et
1482 4114 1866 4167 archidiai-oiio
1894 4111 2138 4165 Lauren-

571 4182 670 4244 tio,
700 4191 753 4234 et
779 4180 1004 4251 lpolyto,
1040 4182 1310 4251 sociisque
1337 4183 1456 4251 eius
1499 4223 1510 4235 .
1548 4219 1563 4234 .
1591 4221 1606 4236 .
1644 4183 1856 4237 rediens
1896 4184 1962 4235 ad
1991 4183 2142 4250 pala-

573 4252 918 4322 tiumtridiio
951 4261 1175 4322 vexatus
1205 4261 1305 4317 est,
1330 4262 1384 4306 et
1410 4256 1462 4306 in
1491 4263 1781 4322 conspectu
1823 4251 2136 4322 Triphonite

574 4321 763 4375 uxoris
790 4336 903 4374 suae
923 4320 1216 4374 exhalavit.
1257 4341 1275 4370 ι

643 4388 940 4461 (62)Δριιι1
994 4388 1252 4461 Ludewig
1291 4392 1545 4461 Scriptor.
1591 4407 1693 4446 rer.
1749 4391 2135 4455 Germaniam,

574 4467 706 4531 toni.
731 4459 795 4526 ll,
823 4476 943 4531 pag.
975 4462 1095 4531 ίέῦ.
1156 4530 1167 4531 ί
1411 4459 1422 4531 ζ
1542 4474 1543 4481 “

2242 3272 2342 3343 (ἑὸ
2372 3272 2578 3329 inloco
2625 3272 2829 3340 aliquid
2884 3273 3137 3326 omisisse
3195 3282 3430 3326 veterem
3486 3274 3824 3341 scriptorem

2236 3353 2423 3401 censet
2449 3342 2825 3410 Mabillonius)
2866 3343 3049 3412 omnia
3087 3344 3244 3398 nobis
3289 3357 3547 3412 prospera
3572 3348 3828 3412 concede

2234 3431 2333 3485 per
2354 3414 2666 3485 Dominum,
2696 3422 2800 3467 etc.
2842 3431 2862 3462 ι
2896 3411 3155 3485 collectio
3181 3411 3497 3485 adpacem;
3552 3432 3571 3465 ι
3614 3411 3685 3467 Ut
3705 3431 3826 3485 iio-

2233 3480 2323 3539 bis
2354 3494 2467 3550 tua,
2499 3483 2742 3548 Domine,
2768 3482 3003 3535 remedia
3031 3483 3158 3535 dent
3185 3480 3436 3547 salutem,
3479 3483 3671 3537 beatus
3705 3480 3828 3552 Yp-

2239 3555 2456 3625 polytus
2487 3563 2731 3623 martyr,
2775 3564 3119 3625 qu_:csui_iius,_
3147 3566 3245 3621 pro
3294 3552 3449 3607 nobis
3492 3555 3826 3622 supplicans

2240 3621 2496 3692 eo'piosus
2535 3621 2805 3692 audiatur.
2840 3622 2942 3674 Per
2970 3621 3282 3684 Dominum,
3311 3630 3418 3692 etc.
3460 3640 3479 3692 ι

2311 3690 2426 3764 (65)
2451 3692 2696 3762 Liturgia
2734 3690 3056 3764 _Gaiii_cuna,
3102 3707 3228 3761 pag.
3266 3691 3377 3759 278
3417 3691 3546 3746 edit.
3584 3691 3825 3754 Lutetia:

2238 3760 2575 3817 Parisiorum
2610 3760 2746 3814 anui
2776 3762 2930 3815 1685.

2238 3902 2255 3957 1
2310 3832 2576 3955 (66)}Vid.
2637 3828 2987 3886 Thomasium
3043 3829 3149 3885 loc.
3198 3831 3293 3887 cit.
3348 3839 3403 3885 et
3431 3828 3818 3892 Mabillouinm

2259 3917 2346 3957 oc.
2374 3918 2422 3957 ci
2455 3939 2467 3952 .
2730 3955 2737 3957 .

2259 3917 2346 3957 oc.
2374 3905 2467 3957 cit.
2730 3955 2738 3964 _

2308 3971 2423 4042 (67)
2457 3965 3073 4042 LiturgiagLatinorumr,
3106 3979 3240 4026 tom.
3279 3969 3339 4042 _l,
3377 3986 3500 4041 pag.
3540 3969 3647 4042 τιιό
3673 3974 3815 4030 edit.

2241 4040 2483 4096 Coloniae
2511 4040 2818 4115 Agrippinae
2842 4041 2973 4094 anni
3002 4041 3165 4115 157ll
3186 4040 3410 4115 infesto
3448 4042 3506 4115 Si.
3536 4041 3816 4115 Hippolyti

2240 4120 2351 4166 tres
2397 4112 2676 4165 orationes
2712 4121 3077 4165 recensentur.
3134 4110 3387 4167 Praefatio
3425 4113 3588 4165 etiam
3633 4110 3821 4169 exsiat

2240 4182 2464 4245 tenoris,
2490 4194 2546 4234 ut
2568 4181 2846 4249 sequitur:
2895 4199 2914 4232 ι
2951 4179 3173 4235 literne
3198 4180 3361 4245 Deus,
3388 4197 3595 4250 nosque
3621 4182 3674 4235 iii
3708 4187 3820 4241 hac

2241 4252 2600 4305 solemiiitatis
2622 4252 2710 4305 die
2733 4252 2874 4305 beati
2908 4252 3267 4321 martyrisitui
3294 4251 3564 4321 Hippolyti
3617 4254 3682 4305 ad
3730 4258 3816 4308 tui

2241 4321 2480 4375 nominis
2529 4322 2755 4389 gloriam
2809 4320 3102 4375 exsultare.
3152 4320 3290 4386 Quia
3314 4330 3367 4375 te
3395 4320 3583 4375 verum
3611 4324 3812 4377 duceni

2241 4392 2615 4453 considerans,
2644 4391 2799 4446 miles
2834 4401 2959 4445 tuus
2991 4406 3110 4445 esse
3138 4392 3328 4460 maluit
3354 4407 3519 4460 quam
3550 4392 3660 4445 dux
3702 4395 3814 4445 iiii-

2242 4461 2397 4515 litum
2428 4460 2790 4529 comprobari.
2820 4460 3151 4530 Beatumque
3175 4459 3526 4515 Laurentium
3569 4477 3683 4515 sua:
3710 4478 3814 4515 cu-

642 4529 751 4600 (65)
800 4527 954 4599 Apud
970 4527 1345 4600 _Godel‘ridum
1395 4530 1741 4597 Guilielmum
1809 4530 2135 4587 Leibnitium
2170 4527 2214 4582 D
2245 4532 2434 4586 stodize
2454 4527 2819 4599 mancipatum
2851 4546 2957 4583 non
2986 4527 3302 4600 persecutus
3324 4541 3426 4599 est,
3445 4532 3537 4585 sed
3563 4541 3808 4587 secutus.

574 4595 903 4667 Scriptorum
958 4598 1365 4653 Brunsvicensia
1418 4595 1804 4655 illustrantium
1864 4611 1996 4657 toni.
2045 4600 2135 4666 Ill,

572 4682 695 4736 pag.
735 4669 839 4722 565
864 4670 997 4727 edit.
1027 4667 1268 4723 Hannev.
1301 4686 1444 4724 anno
1471 4672 1639 4725 i7“:
1674 4691 1692 4723 ι
1728 4671 1884 4726 Αιιιιο
1920 4671 2135 4725 Domini

569 4739 693 4810 1269.
725 4737 911 4793 Sixtus
934 4754 1071 4810 papa
1099 4755 1189 4810 im
1215 4742 1497 4794 ordinatus
1523 4744 1660 4797 sedit
1686 4757 1901 4797 menses
1923 4743 2133 4796 decem.

572 4806 772 4883 Passus
817 4819 906 4883 est
935 4806 1062 4863 'siib
1097 4809 1269 4883 Deme
1310 4819 1361 4863 et
1411 4813 1601 4867 beatus
1633 4811 1975 4883 Hippolytus,
1999 4820 2053 4865 et
2076 4810 2133 4866 S.

571 4877 919 4952 Laurentius.
940 4889 995 4933 et
1019 4880 1172 4952 multi
1204 4881 1292 4934 alii
1327 4894 1613 4952 martyres.
1654 4902 1672 4934 ι

640 4948 753 5018 (64)
785 4948 841 5003 lii
872 4961 1002 5004 tom.
1032 4949 1093 5003 Vl
1117 4946 1374 5019 Opei-um,
1403 4946 1524 5021 qua:
1557 4955 1622 5006 ad
1665 4968 1797 5008 mss.
1832 4952 2007 5007 codic.
2047 4967 2135 5005 re-

568 5022 800 5089 censuit,
854 5021 1103 5089 uotisque
1156 5021 1308 5074 auxit
1342 5022 1423 5077 vir
1474 5024 1810 5077 clarissimus
1868 5022 2138 5076 Antonius

567 5086 895 5163 Fianciscus
930 5086 1155 5163 Vezzosi
1208 5090 1268 5163 Q.
1322 5090 1384 5143 Β.
1425 5108 1545 5163 pag.
1594 5092 1721 5157 517,
1770 5093 1898 5147 edit.
1952 5090 2138 5163 Romae

568 5159 874 5232 1751,υυί
908 5163 1073 5215 missa
1127 5162 1185 5214 S.
1222 5159 1779 5232 Hippolyti'martyris
1827 5171 2023 5221 exstat,
2083 5161 2137 5213 in

566 5244 673 5298 qna
690 5231 854 5286 etiam
876 5241 1163 5301 sequentes
1186 5231 1459 5286 orationes
1477 5231 1774 5286 habentur:
1804 5251 1821 5282 ι
1856 5233 1927 5301 Dii
1956 5232 2135 5294 nobis,

566 5304 911 5369 omnipotens
956 5300 1013 5355 et
1063 5303 1378 5355 misericors
1424 5302 1598 5366 lleus,
1636 5315 1694 5357 ut
1719 5300 2137 5371 beattipolyti

567 5372 819 5442 martyris
870 5372 947 5425 tui
989 5374 1297 5426 veneranda
1349 5372 1664 5442 solemiiitas
1698 5381 1751 5426 ct
1794 5374 2137 5442 devotionem

567 5440 727 5511 nobis
751 5451 946 5511 augeat
975 5451 1029 5495 ct
1058 5443 1322 5506 salutem,
1356 5456 1446 5509 per
1473 5441 1784 5507 Dominum,
1817 5453 1921 5497 etc.
1962 5461 1981 5491 ι
2011 5441 2139 5495 Col~

568 5508 724 5581 lectio
753 5508 1032 5581 sequitur:
1071 5530 1088 5562 ι
1132 5512 1333 5581 Praesia
1358 5508 1549 5577 nobis,
1578 5513 1922 5581 omnipotens
1947 5520 2001 5565 et
2029 5513 2135 5564 iiii-

567 5579 801 5652 sei-icors
829 5579 995 5645 Deus,
1031 5592 1089 5634 iit
1115 5582 1253 5634 beati
1280 5579 1529 5652 Yppolyti
1579 5579 1833 5652 martyris
1874 5584 1950 5635 tui
1984 5597 2141 5650 repe-

567 5650 664 5721 tita
691 5652 1008 5705 soleniiiitas
1040 5659 1092 5703 et
1117 5650 1489 5704 liberationem
1520 5653 1679 5706 noliis
1708 5650 1999 5721 perfectam
2035 5653 2134 5706 tri-

565 5717 698 5772 buat
727 5726 781 5772 rt
810 5721 1059 5785 salutem,
1083 5732 1215 5785 etc.,
1241 5736 1334 5790 per
1355 5720 1663 5788 Dominum,
1687 5717 1790 5776 etc.
1827 5742 1844 5773 ι
1875 5724 2136 5776 Collectis

565 5801 685 5857 post
741 5791 994 5845 nomina:
1031 5809 1051 5842 ι
1083 5791 1225 5846 Deus
1262 5801 1479 5846 tuorum
1519 5794 1711 5863 gloria,
1770 5796 1989 5863 martyri
2040 5803 2134 5848 tuo

2240 4601 2343 4667 Qui
2373 4616 2499 4656 eum
2538 4602 2824 4655 thesauros
2863 4600 3118 4655 Ecclesia:
3162 4602 3401 4663 discutit,
3440 4601 3662 4654 invenit.
3690 4603 3815 4656 the-

2238 4687 2484 4737 saurum,
2537 4686 2645 4725 non
2675 4687 2836 4740 quem
2893 4681 3155 4741 tyrannus
3206 4673 3458 4739 eriperet,
3494 4676 3586 4725 sed
3642 4686 3815 4741 quem

2238 4743 2409 4811 pictas
2437 4741 2759 4810 possideret.
2792 4741 2997 4795 Invenit
3020 4742 3358 4811 thesaurum,
3388 4743 3530 4795 unde
3557 4756 3700 4795 vera:
3721 4743 3816 4794 ili-

2236 4810 2380 4881 yitiaa
2406 4821 2735 4881 peterentur.
2771 4811 2986 4879 Sprevit
3028 4810 3267 4863 favorem
3312 4813 3548 4880 tyranni,
3588 4820 3647 4864 ut
3677 4828 3812 4866 cum

2239 4879 2417 4952 Regis
2445 4884 2688 4951 perpetui
2738 4883 2909 4953 gratia
2955 4883 3297 4953 probaretur.
3340 4879 3612 4953 Membris
3637 4882 3816 4937 dividi

2238 4967 2345 5003 non
2386 4954 2604 5021 refugit,
2658 4952 3005 5005 iie’nexihus
3046 4952 3391 5021 divelleretur
3418 4952 3659 5014 aeternis,
3713 4956 3815 5020 qui

2238 5022 2413 5075 solum
2435 5018 2556 5076 vita:
2580 5021 2766 5076 dilexit
2792 5033 3086 5075 auctorem.
3112 5018 3281 5086 Qneiii
3311 5037 3415 5073 una
3445 5032 3643 5085 tecum,
3661 5018 3767 5073 etc.
3788 5043 3809 5074 ι

2322 5093 2433 5162 (68)
2468 5092 2713 5162 Liturgia
2744 5094 2799 5145 di
2842 5093 3040 5144 tuuele
3086 5092 3283 5162 Cliiese,
3313 5102 3444 5145 tum.
3486 5089 3549 5150 ll,
3577 5105 3698 5159 pag.
3734 5091 3811 5145 90

2235 5162 2365 5216 edit.
2392 5161 2809 5217 Veronzei'iS‘Z:
2845 5180 2862 5211 ι
2902 5161 3380 5215 (Zoiiiniunicantes
3406 5171 3458 5213 et
3485 5162 3810 5215 nieiiioriaiii

2236 5244 2559 5286 venerantes
2598 5271 2610 5284 .
2648 5273 2660 5286 .
2696 5271 2706 5285 .
2750 5272 2762 5284 .
2791 5242 2845 5285 et
2868 5231 3106 5294 Thada‘i,
3141 5230 3303 5295 Sixti,
3348 5230 3647 5295 Laurentii,
3675 5228 3810 5299 Hip-

2238 5302 2426 5372 polyt',
2458 5301 2744 5372 Vinceiitii,
2784 5303 3045 5372 Cornelii,
3075 5301 3354 5370 Cypriani.
3390 5311 3555 5372 etc.)

2308 5369 2419 5443 (69)
2447 5371 2759 5441 Liturgicon
2786 5371 3036 5443 Ecclesia:
3070 5369 3299 5443 Latium,
3329 5380 3461 5423 tom.
3506 5370 3570 5433 ll,
3603 5369 3805 5443 p.__§9|

2235 5438 2416 5499 citatas
2475 5438 2731 5497 editiimis
2778 5442 3017 5497 Coloniae
3074 5441 3384 5509 Agrippinae
3446 5447 3572 5493 anni
3608 5438 3807 5494 ‘15“:

2241 5532 2259 5565 ι
2291 5513 2660 5567 ......x£teriie
2690 5512 2852 5577 Deus,
2883 5521 2936 5564 et
2963 5521 3108 5564 tiiaiii
3138 5511 3479 5565 clementiam
3509 5511 3647 5565 votis
3671 5525 3811 5579 sup-

2236 5584 2470 5653 plicibus
2500 5583 2747 5651 iiiiplora:
2762 5599 2813 5645 c,
2843 5592 2899 5636 ut
2917 5580 2975 5633 Β.
2992 5580 3261 5650 Hippolyti
3279 5584 3662 5653 sociorumque
3676 5582 3812 5653 eius

2235 5651 2552 5708 intercessio
2582 5662 2931 5721 peccatorum
2962 5661 3273 5704 nostrorum
3297 5651 3541 5704 obtineat
3570 5651 3807 5721 veniam,

2235 5725 2327 5792 qui
2362 5738 2458 5793 per
2509 5719 2775 5793 terim-uta
2825 5721 3096 5790 passionis
3137 5729 3395 5775 atteriiam
3442 5719 3687 5790 pervenit
3739 5725 3809 5773 ad

2238 5791 2485 5863 gloriam.
2521 5791 2624 5849 Per
2652 5794 2953 5857 chi-istum,
2978 5800 3083 5845 etc.
3115 5807 3135 5842 ι
