4074 6370
595 301 701 358 465

1376 304 1462 358 DE
1497 303 1888 358 I’OIlTUENSI
1930 304 1984 357 S.
2029 298 2389 359 lIlI’POLYTl
2429 305 2622 359 SEDE.
2667 336 2732 346 -
2773 304 2954 358 PARS
2992 304 3032 358 I.

3739 309 3840 363 ιω

594 434 692 474 eas
728 417 1020 474 Daclicrius
1046 418 1181 488 (τὶ-1),
1215 417 1540 473 'Edmundus
1572 418 1808 473 Martene
1840 421 1976 489 (55),
2001 431 2161 490 atque
2193 426 2237 480 Α
2267 421 2453 490 gister,
2483 421 2641 489 cujus
2673 421 2884 490 glossas
2919 420 3088 474 edidit
3113 420 3375 474 Weilzius
3417 421 3555 492 (58).
3589 420 3840 478 Secundo

596 512 843 567 omnium
877 511 1324 567 accuratissimus
1361 509 1444 564 Jo.
1480 510 1636 580 Bapt.
1667 512 1911 566 Solet-ius
1941 513 2077 582 (56),
2113 513 2166 567 in

597 603 916 673 prmfatione
932 603 998 657 ad
1027 617 1222 657 novam
1255 602 1628 673 Martyrologii
1659 601 1952 659 Usuardini
1983 605 2170 659 editio-

599 711 746 762 nem,
778 695 998 765 aliique.
1037 692 1190 749 Hunc
1213 693 1559 766 Hippolytum
1594 695 1948 750 Antiocheam
1977 695 2165 750 Eccle-

597 789 692 842 siae
729 788 1099 857 presbyterum
1129 785 1300 840 fuisse
1331 795 1492 856 atque
1521 784 1819 841 Novatiana
1846 786 1966 842 labe
1988 787 2167 857 inqui-

595 892 1004 948 natum,eaque
1057 878 1402 947 postmodum
1453 878 1686 948 ejurata,
1739 878 2036 948 gloriosum
2068 895 2166 948 pro

591 972 812 1027 Christo
841 970 1156 1041 martyrium
1215 985 1626 1024 consummasse
1653 971 1849 1025 docent
1872 969 2165 1036 Notkerus,

593 1065 729 1125 Ado,
761 1062 1065 1125 Usuardus,
1091 1078 1327 1132 quorum
1354 1063 1658 1118 testimonia
1689 1063 1942 1133 superius
1971 1065 2167 1118 reeita-

591 1158 790 1232 vimus.
848 1153 1177 1209 Tillemontii
1222 1169 1287 1208 ac
1325 1151 1520 1208 Solerii
1567 1154 1933 1224 conjecturas,
1965 1156 2166 1224 quibus

592 1245 939 1320 Hippolytum
972 1249 1137 1312 hunc,
1181 1255 1240 1307 ut
1268 1246 1476 1311 dicunt,
1529 1247 1900 1317 presbyterum
1954 1263 2020 1302 ex
2050 1249 2163 1302 An—

589 1343 842 1396 tiocliena
873 1339 1112 1395 Ecclesia
1169 1339 1221 1392 in
1278 1338 1580 1394 Romanam
1641 1339 1941 1395 transferre
1982 1341 2166 1395 volue-

590 1445 736 1499 runt,
762 1433 872 1502 jam
918 1433 1170 1502 superius
1221 1447 1374 1486 num.
1436 1433 1504 1486 15
1582 1447 1682 1486 nos
1719 1432 1945 1488 diluisse
1994 1435 2165 1488 conli-

587 1527 790 1582 dimus.

587 1637 774 1692 XVIII.
817 1635 1042 1690 Joannis
1105 1633 1251 1688 Pinii
1299 1636 1360 1688 de
1422 1633 1697 1704 Hippolyti
1744 1635 1948 1688 tumulo
1991 1639 2164 1706 conje-

1142 1718 1294 1759 ctura
1326 1705 1608 1775 refellitur.

659 1823 1004 1894 Hippolytum
1059 1822 1374 1891 episcopum
1436 1829 1491 1874 et
1526 1829 1818 1892 martyrem
1859 1822 2156 1887 exstitisse,

587 1930 748 1969 nemo
779 1923 863 1969 est
886 1913 978 1982 qui
1007 1913 1232 1976 nesciat,
1261 1927 1495 1981 eumque
1540 1911 1838 1967 Prudentio
1877 1913 2156 1968 laudatum

583 2006 765 2072 exiis,
801 2022 922 2076 quae
954 2006 1216 2059 hactenus
1259 2003 1519 2066 diximus,
1554 2003 1686 2058 satis
1722 2014 1974 2059 constare
2001 2014 2155 2074 puta-

591 2119 733 2155 titus.
763 2101 1107 2171 Quapropter
1164 2101 1674 2169 praestantissimum
1735 2110 1972 2169 poetam,
2025 2097 2155 2151 dum

588 2195 738 2248 illius
767 2194 965 2248 cecinit
991 2203 1163 2263 gesta,
1197 2192 1404 2262 aliquid
1451 2192 1672 2245 humani
1727 2206 1950 2260 passum
1988 2189 2157 2244 fuisse

585 2287 771 2340 docuit
799 2285 1087 2348 Baronius,
1113 2285 1270 2353 cujus
1299 2285 1621 2339 sententiam
1653 2291 1732 2338 tot
1754 2290 2044 2351 tantosque
2072 2281 2155 2334 vi-

584 2394 676 2433 ros
703 2379 964 2448 probasse
1019 2378 1275 2446 superius
1327 2375 1671 2429 monuimus.
1722 2372 1910 2444 Neque
1974 2389 2072 2428 nos
2103 2374 2155 2427 in

582 2471 914 2526 contrariam
951 2471 1101 2524 abite
1138 2485 1377 2539 unquam
1417 2469 1657 2539 impellet
1705 2466 2018 2537 nuperrima
2067 2464 2151 2519 Jo.

583 2562 720 2618 Pinii
769 2563 882 2636 (57)
911 2563 1249 2632 conjectura.
1299 2562 1415 2630 qui,
1471 2569 1762 2630 postquam
1807 2557 2152 2629 Hippolytum

580 2657 806 2711 militem
843 2653 1122 2710 Laurentii
1152 2655 1362 2709 socium
1397 2653 1610 2723 egregie
1651 2651 1968 2715 vindicavit,
2019 2649 2156 2702 Pru-

579 2751 747 2806 dentii
781 2750 944 2803 etiam
978 2747 1346 2817 patrocinium
1395 2747 1655 2814 suscepit,
1687 2745 1977 2815 ipsumque
2007 2745 2154 2797 omni

579 2841 923 2897 confusionis
955 2841 1089 2894 vitio
1145 2839 1444 2892 immunem
1477 2838 1732 2892 asseruit.
1771 2837 1984 2892 Etenim
2019 2840 2155 2892 duos

579 2943 634 2987 et
660 2933 776 3002 ipse
808 2931 1125 3002 llippolytos
1153 2944 1473 2999 agnoscens,
1503 2928 1729 2983 militem
1755 2927 2029 2982 Laurentii
2065 2942 2156 2981 so-

578 3031 723 3087 cium
765 3030 818 3082 in
857 3043 991 3098 agro
1015 3025 1236 3081 Verano
1272 3023 1544 3093 sepultum
1581 3024 1747 3088 dicit;
1777 3024 2152 3094 presbyterum

577 3138 709 3178 vero
735 3137 763 3177 a
787 3120 1085 3174 Prttdcutio
1112 3116 1390 3172 laudatum
1420 3115 1488 3170 ad
1517 3113 1835 3170 Tiberinum
1865 3114 2017 3170 urbis
2043 3123 2156 3169 tra-
2183 3145 2226 3203 ο

577 3225 750 3278 ctum,
778 3228 874 3268 seu
918 3211 1001 3265 via
1029 3208 1288 3265 Ostiensi.
1353 3226 1372 3260 ι
1399 3206 1580 3263 Locus
1626 3222 1780 3278 ergo,
1837 3205 2032 3277 inquit,
2065 3220 2152 3261 se-

574 3306 808 3378 pulturae
844 3303 902 3357 S.
957 3302 1229 3374 Hippolyti
1273 3302 1449 3358 nostri
1479 3301 1691 3356 videtur
1718 3314 1839 3354 esse
1879 3300 2040 3368 longe
2069 3299 2150 3353 di-

575 3412 772 3452 versus
799 3412 832 3451 a
857 3396 978 3450 loco
1007 3404 1226 3465 cryptze,
1288 3395 1342 3448 in
1383 3410 1545 3464 quam
1606 3393 1907 3448 translatus
1944 3404 2151 3461 martyr

575 3504 915 3559 eynouymus
937 3486 1138 3542 dicitur
1170 3487 1311 3555 apud
1338 3485 1714 3550 Prudentium,
1749 3485 1906 3554 cujus
1938 3483 2042 3538 loci
2071 3483 2150 3537 si-

575 3591 693 3636 tum
721 3580 1083 3641 individuum,
1117 3579 1325 3633 etiamsi
1377 3579 1449 3632 ab
1497 3578 1590 3632 illo
1643 3577 1985 3647 designatum
2040 3589 2147 3630 non

574 3674 831 3744 legimus,
858 3673 1004 3743 quod
1055 3681 1236 3726 tamen
1263 3671 1328 3726 ad
1373 3669 1688 3724 Tiberinum
1729 3669 1884 3724 urbis
1913 3676 2147 3722 tractum

575 3766 623 3821 is
679 3765 880 3820 alicubi
932 3763 1220 3828 exstiterit,
1275 3764 1620 3832 suspicamur
1649 3777 1715 3816 ex
1763 3761 1849 3815 bis
1903 3759 2148 3830 ejusdem

571 3865 749 3928 poetm
776 3857 956 3912 verbis
982 3873 995 3910 :

645 3971 862 4026 Talibus
895 3971 1375 4041 Hippolyticorpus
1408 3968 1696 4041 mandatur
1720 3968 1934 4041 opertis,

713 4041 938 4112 Propter
970 4038 1060 4095 ubi
1087 4038 1328 4112 apposita
1353 4049 1427 4094 est
1457 4056 1552 4092 ara
1575 4038 1752 4112 dicata
1786 4038 1911 4090 Deo.

641 4113 668 4168 1
677 4114 754 4167 lla
777 4109 1097 4167 sacramenti
1121 4109 1372 4165 donatrix
1400 4127 1598 4173 mensa,
1636 4109 1915 4178 eademque

709 4183 1038 4262 Custosﬁda
1061 4185 1148 4262 sui
1174 4183 1424 4262 martyris
1451 4181 1720 4262 apposita,

639 4253 823 4310 Servat
854 4248 937 4307 ad'
966 4255 1148 4308 wterni
1177 4248 1345 4322 spent:
1363 4248 1561 4317 iudicis
1609 4248 2034 4322 ossaﬂsepulcro,

710 4325 894 4379 Pascit
921 4326 1057 4379 idem
1079 4320 1280 4378 sanctis
1308 4320 1602 4376 Tibricolas
1625 4321 1870 4390 dapibus.

566 4441 638 4494 At
671 4440 824 4506 longe
858 4455 957 4495 sua
990 4439 1246 4509 opinione
1270 4435 1476 4490 fallitur
1503 4438 1585 4491 vir
1617 4436 1991 4491 doctissimus.
2024 4432 2143 4488 Pri-

2277 527 2398 566 mox
2433 511 2597 566 allata
2648 511 2925 566 Prudentii
2973 512 3214 568 carmina
3265 513 3581 568 interiorem
3626 514 3842 582 quidem

2275 604 2573 659 cmmeterii
2600 605 2908 670 aediculam,
2941 618 3205 674 aramque
3222 619 3386 674 super
3414 603 3690 677 Hippolyti
3721 621 3843 660 cor-

2275 711 2378 764 pus
2400 705 2733 752 exstructam
2792 695 3126 759 describunt,
3169 696 3490 764 neutiquam
3527 713 3658 752 vero
3705 697 3846 754 illius

2275 790 2574 844 ccemeterii
2603 791 2791 853 situm,
2840 805 3003 856 quem
3033 803 3164 844 sane
3212 789 3569 860 sequentibus
3596 791 3846 844 carmini-

2277 880 2378 935 bus
2407 879 2761 936 Prudentium
2785 882 3102 951 designasse
3136 890 3383 938 constat:

2349 972 2508 1026 [laud
2543 974 2728 1042 procul
2753 985 2985 1028 extremo
3018 974 3162 1028 culta
3192 976 3262 1027 ad
3290 973 3542 1042 pomaria
3571 974 3710 1029 vallo

2419 1044 2602 1098 Mensa
2635 1044 2907 1098 latebrosis
2929 1055 3114 1116 crypta
3147 1054 3289 1115 patet
3313 1045 3496 1116 foveis.

2275 1134 2341 1190 Et
2383 1139 2572 1206 paucis
2597 1137 2900 1208 interjectis
2927 1157 2940 1192 :

2347 1249 2649 1314 Quamlibet
2677 1250 2931 1320 ancipites
2972 1259 3151 1304 texunt
3180 1249 3300 1303 hinc
3332 1249 3456 1303 inde
3484 1265 3714 1302 recessus

2415 1323 2578 1374 Arrta
2607 1327 2702 1374 sub
2738 1321 2997 1374 umbrosis
3019 1322 3160 1372 atria
3188 1321 3516 1388 porticibus;

2343 1390 2590 1444 Attamen
2617 1393 2780 1444 excisi
2803 1392 2980 1444 subter
3004 1407 3131 1443 cava
3160 1393 3359 1444 riscera
3393 1391 3590 1443 montis

2417 1461 2615 1516 Crebra
2647 1462 2905 1515 terebrato
2941 1462 3142 1530 fornice
3171 1461 3264 1514 lux
3283 1471 3542 1529 penetrat.

2347 1531 2436 1586 Sic
2465 1533 2627 1585 datur
2658 1532 2889 1586 absentis
2922 1549 3014 1601 per
3035 1533 3377 1586 subterranea
3403 1531 3534 1584 solis

2415 1601 2636 1658 Cernere
2664 1604 2923 1672 fulgorem
2953 1601 3338 1670 luminibusque
3363 1601 3497 1670 frui.

2275 1693 2370 1751 llis
2397 1693 2620 1766 quidem
2649 1694 2992 1749 carminibus
3017 1691 3294 1748 Veranum
3339 1693 3402 1746 Β.
3433 1691 3708 1764 Hippolyti
3737 1705 3843 1747 ca:-

2197 1786 2241 1842 B
2272 1788 2555 1843 meterium
2579 1803 2609 1841 a
2635 1785 2932 1842 Prudentio
2959 1786 3294 1856 descriptum
3329 1786 3579 1840 omnium
3610 1785 3839 1855 primum

2266 1879 2450 1933 docuit
2471 1877 2668 1947 Georg.
2704 1875 2987 1932 Fabricius
3019 1877 3292 1946 (59),dum
3327 1875 3544 1945 inquit:
3606 1892 3625 1926 ί
3649 1872 3840 1928 Intelli-

2267 1971 2344 2040 git
2371 1980 2615 2042 cryptam
2665 1968 2957 2024 Veraniam
2992 1969 3045 2023 in
3073 1970 3160 2023 via
3209 1967 3519 2033 Tiburtina,
3550 1983 3712 2045 quam
3751 1967 3838 2022 de-

2267 2063 2508 2118 scribit.»
2537 2062 2849 2117 Fabricium
2897 2062 3069 2118 secuti
3120 2071 3251 2116 sunt
3295 2061 3608 2116 doctissimi
3632 2061 3753 2124 viri,
3777 2075 3838 2114 ac

2266 2171 2549 2210 sacrarum
2595 2153 2754 2210 Urbis
2797 2154 3184 2224 antiquitatum
3226 2153 3549 2223 peritissimi
3579 2151 3838 2208 Baronius

2267 2247 2404 2316 (60),
2439 2246 2634 2302 Bosius
2677 2245 2812 2316 (61),
2869 2245 3179 2300 Severanus
3210 2246 3346 2316 (62),
3382 2245 3683 2317 Aringhius
3706 2245 3834 2315 (65),

2266 2331 2523 2388 Boldetus
2568 2332 2708 2403 (64),
2742 2333 2837 2402 qui
2881 2335 2994 2388 haec
3025 2335 3213 2388 eadem
3273 2336 3509 2390 recitant
3565 2331 3834 2390 Prudentii

2263 2425 2527 2490 carmina,
2555 2426 2684 2478 dum
2717 2424 2990 2480 Veranum
3040 2425 3102 2480 B.
3159 2425 3440 2499 Hippolyti
3467 2427 3830 2483 cmmeterium

2263 2515 2599 2571 describunt.
2630 2515 2697 2570 Et
2720 2531 2850 2572 sane
2880 2532 3004 2571 cum
3053 2516 3383 2595 Prudentius
3413 2520 3548 2575 illud
3579 2535 3684 2574 non
3724 2531 3834 2589 pro-

2264 2607 2353 2662 cul
2387 2608 2456 2661 ab
2479 2609 2629 2664 urbis
2654 2609 2960 2678 pomoeriis,
2986 2625 3049 2665 ac
3095 2611 3148 2664 iu
3185 2621 3370 2666 monte
3400 2614 3568 2668 situm
3598 2612 3831 2678 aliirmet,

2265 2702 2378 2757 lucc
2405 2704 2586 2756 omnia
2620 2719 2752 2774 agro
2786 2702 3003 2759 Verano
3039 2708 3285 2776 apprime
3337 2711 3710 2766 conveniunt:
3736 2706 3831 2763 Ve-

2263 2809 2433 2848 rauus
2459 2795 2730 2865 siquidem
2761 2810 2888 2866 ager
2911 2812 3020 2851 non
3050 2800 3241 2868 procul
3272 2800 3342 2855 ab
3361 2803 3518 2858 urbis
3542 2800 3830 2873 pomoeriis,

2262 2901 2329 2940 ac
2358 2887 2410 2940 in
2439 2897 2623 2942 monte
2650 2889 2791 2943 situs
2814 2899 2920 2956 est,
2944 2897 3005 2943 ut
3040 2905 3230 2946 omnes
3260 2902 3487 2948 norunt.
3520 2892 3830 2960 Neutiquatn

2261 2992 2392 3032 vero
2417 2979 2507 3034 ille
2532 2978 2771 3034 Ostiensi
2800 2982 2900 3035 viae
2932 2981 3244 3051 contiguus,
3293 2984 3387 3053 qui
3435 2985 3618 3056 potius
3641 2985 3694 3038 in
3721 2983 3829 3053 pla~

2264 3071 2452 3126 nitiem
2485 3073 2677 3143 vergit.
2704 3073 3048 3144 Quapropter
3078 3077 3130 3129 in
3155 3077 3540 3133 vetustissimo
3572 3077 3828 3147 epigram-

2261 3173 2427 3230 male,
2451 3166 2596 3234 quod
2659 3167 2786 3220 olim
2823 3166 2975 3221 Galla
3021 3165 3258 3224 Placidia
3294 3169 3358 3228 B.
3413 3169 3696 3225 Laurentii
3743 3179 3826 3222 tu-

2260 3256 2410 3309 mulo
2441 3273 2470 3310 a
2500 3272 2558 3311 se
2583 3256 2890 3315 in'staurato
2923 3261 3222 3330 inscripsit,
3258 3263 3374 3317 hzec
3420 3263 3676 3333 leguntur
3699 3257 3828 3330 apud

2260 3347 2553 3402 Gruterum
2587 3348 2724 3420 (65),
2745 3351 2840 3420 qui
2873 3351 3009 3407 illud
3059 3367 3125 3407 ex
3157 3354 3384 3423 antiquo
3409 3354 3606 3411 codice
3655 3351 3828 3409 biblio-

2259 3440 2433 3493 theca:
2463 3439 2728 3497 Palatina:
2751 3443 2992 3512 primum
3018 3444 3258 3515 vulgavit
3284 3463 3297 3500 :

2332 3530 2504 3608 Eruta
2525 3533 2772 3603 planities
2799 3538 2974 3604 patuit
3001 3539 3096 3592 sub
3126 3548 3300 3592 monte
3329 3541 3528 3608 recisa,

2401 3601 2598 3674 Estque
2628 3601 2828 3660 remota
2857 3609 3005 3677 gravi
3036 3608 3170 3664 mole
3199 3610 3356 3662 ruina
3385 3601 3596 3665 minax.

2259 3689 2500 3748 Tandem
2535 3693 2866 3754 Prudentius
2894 3698 3245 3768 magniﬁcum
3271 3700 3548 3770 quoddam
3578 3695 3821 3768 templum

2258 3780 2532 3858 Ilippolyti
2556 3791 2870 3843 cmmeterio
2919 3791 3285 3862 propinquum
3321 3793 3378 3846 in
3405 3794 3594 3850 eodem
3633 3791 3821 3861 bymuo

2257 3876 2344 3930 bis
2364 3879 2704 3934 carminibus
2727 3881 2986 3937 describit
3007 3899 3023 3937 :

2257 3991 2376 4062 Sig
2408 3990 2496 4046 sed
2508 3991 2671 4060 juxta
2703 3990 2874 4059 aliud,
2908 3993 3048 4062 quod
3074 4001 3226 4046 tanta
3255 3991 3554 4062 frequentia
3579 3987 3816 4061 templum

2334 4060 2479 4114 Tunc
2507 4062 2663 4132 adeat
2693 4061 2839 4115 cultu
2867 4060 3041 4116 nobile
3075 4060 3286 4132 regifico

2255 4131 2555 4205 Parietibus
2588 4131 2785 4185 celsum
2817 4133 3130 4205 sublimibus
3157 4131 3311 4202 atque
3341 4134 3580 4205 superbis

2327 4201 2611 4271 Majestate
2635 4212 2817 4272 potens
2852 4201 3252 4272 muneribusque
3276 4201 3517 4271 opulens.

2258 4271 2403 4343 Ordo
2439 4271 2804 4326 columnarum
2837 4275 3071 4343 geminus
3095 4275 3366 4343 laquearia
3401 4275 3527 4329 tecti

2325 4340 2584 4406 Sustinet,
2613 4343 2817 4396 auratis
2839 4340 3140 4412 suppositus
3164 4340 3423 4409 trabibus,
3445 4355 3551 4400 etc.

2254 4430 2350 4488 llis
2385 4448 2518 4488 sane
2549 4433 2889 4490 carminibus
2932 4433 3200 4489 Veranam
3231 4434 3290 4489 S.
3327 4433 3610 4490 Laurentii
3642 4425 3812 4485 basili-

568 4547 721 4587 mum
761 4531 1031 4601 siquidem
1056 4546 1159 4584 vox
1194 4529 1283 4584 illa
1334 4527 1650 4594 Tibricolas,
1681 4543 1749 4582 ex
1800 4543 1908 4597 qua
1967 4527 2148 4595 conje-
2182 4504 2228 4562 Ῑ)
2255 4540 2372 4579 cam
2401 4525 2758 4581 Prudentium
2813 4527 3068 4582 laudasse
3122 4527 3528 4594 existimamus,
3559 4539 3665 4579 non
3693 4528 3812 4573 vero

569 4634 738 4678 (ξιιμ-ε
765 4639 879 4677 sua:
907 4631 1016 4677 tota
1046 4623 1126 4675 vis
1155 4620 1370 4691 pendet,
1400 4621 1685 4676 universos
1714 4620 1888 4685 urbis,
1915 4635 2023 4672 non
2047 4635 2144 4672 au-

569 4725 678 4770 tem
711 4713 972 4769 Tiberinae
1000 4715 1226 4785 regionis
1261 4714 1470 4769 incolas
1496 4713 1768 4783 designat,
1795 4721 1855 4767 ut
1879 4723 2020 4766 recte
2046 4727 2144 4765 nos

569 4807 757 4865 docuit
811 4807 1229 4878 antiquissimus
1274 4805 1554 4863 Prudentii
1596 4806 1865 4876 interpres
1903 4803 1988 4859 lso
2037 4819 2147 4858 ma-

634 5000 752 5078 (51)
783 5003 845 5057 ln
882 5001 1088 5078 monito
1122 5001 1503 5078 adlllartyrol.
1535 4999 1953 5078 S_._Ilieronymi,
1995 4999 2143 5069 quod

565 5071 741 5132 edidit
770 5083 905 5128 tom.
948 5071 993 5127 ll
1044 5071 1339 5142 Spicilegii,
1376 5090 1428 5142 p.
1463 5073 1488 5142 1
1520 5072 1654 5126 edit.
1687 5071 1779 5142 cit.

641 5145 757 5215 (55)
803 5143 1008 5215 Voyaqe
1035 5141 1316 5215 litteruire,
1357 5141 1397 5197 t7.
1433 5141 1498 5206 Il,
1529 5141 1735 5215 p.198.

637 5209 752 5286 (56)
778 5209 907 5298 an:
941 5209 994 5280 1,
1011 5213 1061 5338 ‘5
1083 5217 1137 5282 2,
1175 5231 1226 5286 p.
1258 5215 1410 5294 15_et
1444 5209 1621 5282 seqq,
1674 5213 1795 5266 Act.
1854 5209 1953 5264 SS.
1989 5225 2144 5265 men-

637 5285 814 5338 iJunu
836 5296 972 5338 tom.
1059 5281 1099 5338 I.
1129 5301 1181 5338 ι).
1217 5285 1242 5338 1
1277 5283 1407 5338 edit.
1446 5281 1663 5338 Veneta:
1693 5297 1783 5335 an.
1817 5281 1980 5335 1745.

567 5281 814 5342 εἰε’.1υὶιίἱ
836 5281 1099 5356 ῑοιηκνι,
1126 5281 1192 5356 βξ
1217 5285 1242 5338 1
1277 5283 1407 5356 edit.
1446 5281 1663 5356 Veneta:
1693 5297 1783 5335 an.
1817 5281 1980 5356 1745.

641 5355 755 5426 (57)
780 5357 903 5426 Act.
935 5349 1271 5417 SS.,mensis
1301 5353 1532 5426 August.
1562 5353 1648 5406 die
1676 5367 1794 5426 xtit,
1821 5350 1982 5426 de__$.
2008 5349 2143 5426 Hip-

605 5421 773 5496 olyto,
803 5425 1132 5489 Concordia,
1187 5435 1316 5488 etc.,
1349 5421 1500 5488 MM.,
1533 5438 1652 5494 pag.
1707 5423 1763 5486 8,
1795 5431 1836 5477 t.
1889 5421 1957 5475 Ill
2006 5423 2139 5476 edit.

615 5495 784 5566 cnctae
813 5498 939 5550 anni
968 5497 1125 5559 1752,
1159 5496 1186 5566 §
1217 5496 1273 5563 2,
1303 5510 1455 5566 num.
1484 5495 1576 5548 ἓξ).

637 5565 752 5636 (58)
784 5566 914 5636 Pag.
947 5566 1073 5632 593,
1108 5565 1249 5625 vers.
1287 5565 1411 5620 170.

639 5635 753 5705 (59)
782 5635 1048 5706 ῨΤΙιὲδαυν.
1082 5647 1224 5705 poet.
1258 5637 1474 5702 Chron.,
1506 5651 1562 5706 p.
1589 5635 1678 5690 69.

640 5706 751 5771 (60)
780 5705 837 5759 In
889 5715 1000 5759 not.
1057 5707 1123 5760 ad
1182 5707 1456 5779 Martyrol.
1507 5705 1594 5761 die
1651 5720 1746 5760 λιιι
1803 5706 1964 5778 Aug..
2018 5721 2136 5776 pag.

567 5774 673 5832 340
710 5780 800 5832 cit.
826 5777 956 5831 edit.

710 5780 800 5832 cit.
826 5777 956 5831 edit.

2250 4617 2532 4687 ipsiusmet
2568 4616 2841 4688 Hippolyti
2897 4617 3206 4684 ecclesiam,
3255 4615 3714 4688 quemadmodum
3739 4606 3813 4660 \‘il'

2247 4709 2315 4761 de
2345 4708 2518 4764 sacris
2545 4708 2743 4764 litteris
2767 4709 2971 4779 optime
3003 4711 3235 4766 meritus
3265 4710 3539 4766 Henricus
3571 4700 3811 4760 Valesius

2247 4797 2360 4868 (66)
2381 4797 2635 4854 credidit.
2652 4798 2800 4855 Hanc
2825 4800 3093 4870 siquidem
3124 4816 3231 4856 non
3250 4801 3430 4871 juxta,
3454 4799 3545 4857 sed
3565 4808 3726 4866 supra
3753 4788 3814 4842 il-

2317 5000 2606 5074 (6l)Rom.
2663 5012 3014 5068 sotterranea,
3063 5002 3158 5058 lib.
3210 5019 3295 5067 Ill,
3333 5020 3452 5074 cap.
3489 5002 3578 5066 39,
3615 5014 3666 5068 ρ.
3709 4989 3811 5046 399

2243 5073 2375 5127 edit.
2410 5069 2569 5126 Rom.
2603 5088 2694 5127 an.
2729 5074 2890 5128 1652.

2317 5141 2430 5213 (62)
2486 5142 2736 5197 Memoris
2771 5160 2920 5197 sacre
2948 5143 3084 5198 delle
3137 5153 3267 5198 sette
3303 5142 3488 5213 Chiese
3525 5138 3580 5191 di
3606 5132 3832 5213 ’Πῼηξαη

2245 5199 2539 5335 ιοιὴὴἱη).
2573 5214 2701 5280 645,
2755 5214 2846 5268 ubi
2892 5215 3262 5269 cmmeterium
3315 5214 3370 5268 s.
3429 5199 3805 5292 Ilippolytide-

2245 5298 2390 5335 SCI’I)
2440 5321 2452 5334 .

2245 5282 2452 5340 scribit.
2489 5281 2499 5282 “
3579 5281 3589 5292 ’

2246 5336 2427 5423 "(63)
2461 5351 2630 5406 Roma
2653 5350 3014 5418 subterranea,
3052 5351 3150 5408 lib.
3195 5367 3272 5419 tv,
3325 5365 3444 5422 cap.
3474 5345 3562 5412 16,
3587 5352 3628 5398 t.
3662 5336 3724 5403 ll,
3747 5349 3801 5404 p-

2244 5424 2336 5478 51.
2365 5439 2518 5477 num.
2547 5423 2602 5475 3.

2243 5439 2336 5488 at,
2365 5439 2518 5477 num.
2547 5439 2602 5475 ο.

2464 5491 2835 5575 Osservaziopi
2868 5494 3093 5575 συντ-ςε-
3143 5493 3369 5575 cimiteri
3389 5491 3476 5556 de,
3498 5483 3637 5546 tanti
3663 5490 3803 5532 utar-

2247 5563 2357 5627 tiri,
2393 5563 2492 5632 lib.
2521 5578 2581 5628 tt,
2611 5577 2734 5630 cap.
2769 5563 2859 5627 18,
2891 5579 2944 5632 p.
2978 5563 3083 5617 568
3113 5565 3244 5619 edit.
3268 5569 3364 5619 cit.

2317 5633 2434 5703 (65)
2455 5629 2842 5705 (Inscriptiones
2873 5629 3126 5705 antiqua,
3159 5651 3298 5705 pagi
3327 5629 3487 5687 1175.
3527 5696 3538 5705 _
3581 5691 3593 5703 _

2314 5688 2428 5772 (66)
2452 5704 2506 5756 In
2539 5688 2652 5755 not:
2677 5703 2743 5755 ad
2774 5701 2970 5758 Euseb.
3001 5688 3080 5758 'De
3113 5688 3613 5772 'vitauConstant-ini,
3642 5688 3798 5772 Litt],

2246 5761 2499 5845 c.‘ss,'p.
2535 5773 2640 5827 599
2677 5772 2818 5846 edit.
2857 5774 2950 5830 cit.
2985 5773 3346 5845 Cantabrigze,
3376 5769 3466 5827 ubi
3519 5766 3630 5819 haec
3682 5761 3795 5809 an:
