4074 6382
255 418 361 475 ωδ

1044 424 1131 479 DE
1170 425 1564 481 PORTUENSI
1607 425 1669 482 S.
1708 423 2064 479 HIPPOLYTI
2107 425 2300 480 SEDE.
2343 455 2409 467 ο·-
2448 423 2626 478 PARS
2663 423 2704 478 1.

3384 422 3486 479 466

252 537 362 591 lius
390 535 765 591 cmmeterium
793 537 955 592 sitam
987 536 1176 602 fuisse.
1219 546 1479 608 tantaque
1507 536 1826 593 muni‘licen-
1855 542 1902 596 A
2002 537 2250 608 Metamlo
2271 537 2488 607 eligitur
2513 537 2714 590 tumulo
2738 537 2917 599 locus;
2943 537 3090 592 Ostia
3119 538 3379 608 linquunt,

249 628 325 683 tia
350 627 494 682 haud
522 627 786 698 polluisse
816 629 1042 684 scimus.
1092 628 1149 684 S.
1177 629 1454 684 Laurentii
1487 645 1618 684 vero
1644 630 1819 684 basili-

246 733 370 772 cam
397 732 426 770 a
457 718 820 772 Constantino
845 718 914 771 ll.
943 719 1379 788 splendidissime
1402 717 1816 789 excitatam,ju.-

246 819 339 862 xta
371 807 430 864 S.
459 806 735 880 Hippolyti
768 811 1143 865 cmmeterium
1185 811 1418 880 positam
1474 826 1618 878 esse,
1641 811 1818 881 dupli-

245 901 407 970 cique
427 901 813 955 columnarum
853 901 1047 954 ordine
1097 899 1290 955 fultam
1346 902 1621 967 novimus,
1680 904 1817 957 adeo

245 1003 310 1047 ut
337 993 515 1047 eidem
572 1006 703 1048 mox
752 993 911 1047 allata
984 992 1264 1050 Prudentii
1324 995 1568 1049 carmina
1614 995 1816 1064 optime

243 1085 596 1141 conveniant.
622 1086 912 1155 Antiquam
941 1086 1318 1142 Laurentianm
1359 1087 1595 1141 basilica:
1629 1089 1815 1142 ichno-

242 1177 528 1248 graphiatn
553 1179 690 1232 mire
724 1177 1016 1233 illustravit
1061 1177 1298 1233 Joannes
1326 1177 1646 1248 Ciampinus
1677 1178 1812 1246 (67),

241 1286 430 1339 quem,
450 1269 496 1324 si
533 1269 699 1335 lubet,
731 1270 980 1326 consulat
1003 1270 1190 1325 lector.
1234 1268 1328 1324 His
1361 1270 1578 1324 demum
1608 1270 1816 1325 accedit

241 1359 741 1416 luculentissimum
803 1361 1078 1417 Anastasii
1120 1360 1520 1416 Bibliothecarii
1569 1363 1813 1418 testimo-

240 1453 395 1506 nium
447 1453 516 1507 ab
553 1452 816 1522 Aringhio
873 1452 984 1523 (68)
1039 1454 1336 1519 laudatum,
1403 1455 1494 1522 qtti
1542 1453 1811 1526 Hippolyti

241 1543 618 1597 cmmeterium
652 1543 720 1596 ab
772 1541 1012 1597 Adriano
1058 1546 1080 1596 ι
1132 1543 1321 1613 pontif.
1376 1543 1446 1596 Μ.
1501 1543 1808 1598 restitutum

241 1649 498 1698 narrans,
527 1635 641 1689 haec
694 1635 892 1689 habet:
956 1655 974 1685 ι
1009 1633 1183 1689 Simul
1216 1645 1270 1689 et
1329 1636 1699 1690 cosmeterium
1743 1635 1805 1689 Β.

240 1723 515 1796 Hippolyti
545 1727 802 1797 martyris
853 1727 1008 1796 juxta
1067 1725 1124 1781 S.
1177 1725 1552 1793 Laurentium,
1601 1727 1745 1797 quod
1776 1743 1810 1782 a

239 1817 444 1884 priscis
471 1828 782 1872 marcuerat
835 1818 1192 1888 temporibus,
1250 1833 1280 1872 a
1333 1833 1472 1872 novo
1505 1817 1802 1872 renovavit.

238 1906 365 1962 Pari
395 1909 558 1963 modo
578 1917 632 1962 et
653 1910 940 1964 ecclesiam
962 1909 1021 1963 Β.
1048 1909 1252 1965 Christi
1276 1911 1526 1981 martyris
1548 1911 1810 1981 Stephani

237 2001 401 2056 sitam
444 2001 602 2071 juxta
651 2003 967 2072 praedictum
1020 2005 1392 2058 cosmeterium
1441 2003 1496 2058 S.
1539 2003 1808 2076 Hippolyti

237 2090 494 2145 similiter
556 2093 949 2147 restauravit.»
1012 2091 1167 2146 Patet
1219 2093 1382 2163 igitur
1431 2092 1488 2149 S.
1537 2093 1808 2166 Hippolyti

237 2183 613 2238 cmmeterium
653 2200 686 2238 a
733 2182 1029 2239 Prudentio
1092 2185 1448 2256 descriptum,
1487 2203 1594 2241 non
1627 2189 1681 2242 in
1723 2188 1808 2242 via

236 2271 505 2336 Ostiensi,
559 2281 622 2329 ut
671 2274 845 2329 voluit
896 2274 1106 2341 Pinius,
1155 2276 1250 2332 sed
1306 2277 1360 2330 in
1420 2275 1724 2342 Tiburtina,
1756 2285 1812 2331 et

229 2365 394 2434 juxta
421 2363 480 2419 S.
512 2364 791 2421 Laurentii
831 2366 1112 2422 basilicam
1141 2367 1194 2421 in
1236 2381 1367 2438 agro
1402 2354 1616 2424 Verano
1643 2369 1806 2422 situm

235 2456 431 2511 fuisse.
463 2455 808 2525 Quapropter
863 2457 1034 2526 ipsius
1082 2457 1449 2527 conjecturam
1491 2460 1558 2513 de
1591 2459 1807 2513 diverso

237 2545 514 2618 Hippolyti
539 2547 748 2615 militis,
773 2557 825 2603 et
860 2547 1156 2620 Hippolyti,
1207 2558 1266 2603 ut
1301 2550 1416 2618 ipse
1462 2552 1658 2620 inquit,
1687 2566 1810 2619 pre-

236 2639 444 2710 sbyteri
472 2640 745 2710 sepulcro,
778 2640 936 2710 cujus
957 2655 1058 2710 ope
1088 2642 1425 2697 confusionis
1458 2655 1639 2698 nolam
1672 2643 1804 2696 Pru-

235 2730 425 2785 dentio
457 2730 692 2786 inustam
729 2731 908 2786 delere
963 2741 1190 2788 conatus
1243 2743 1346 2797 est,
1409 2749 1631 2800 prorsus
1682 2749 1806 2787 eva-

235 2821 429 2876 nuisse
461 2831 739 2890 putamus.

230 2953 380 3010 ΧΙΧ.
445 2953 765 3025 Hippolytus
821 2957 1090 3078 episcolpus
1149 2955 1204 3008 in
1274 2973 1400 3030 agro
1469 2950 1669 3010 Verona
1722 2973 1804 3011 sr-

915 3041 981 3078 nu
1031 3043 1113 3078 us.

913 3041 1113 3093 puuus.

301 3179 537 3235 Summo
559 3180 740 3250 itaque
766 3178 888 3250 jure
912 3177 1163 3233 Historiae
1181 3179 1561 3237 ecclesiasticae
1593 3197 1796 3250 parens

222 3269 510 3324 Baronius
529 3268 884 3325 Prudentium
915 3279 1024 3325 tres
1050 3271 1104 3325 in
1128 3287 1294 3325 unum
1322 3269 1636 3343 Hippolytos
1663 3286 1794 3326 con-

221 3361 398 3416 Hasse
423 3361 834 3430 pronuntiavit;
866 3378 967 3417 nec
997 3364 1269 3417 contraria
1306 3379 1624 3435 magnorum
1656 3365 1800 3419 viro-

219 3471 358 3509 rum
391 3453 584 3522 placita
627 3454 774 3509 illius
813 3455 1136 3510 sententiam
1172 3455 1254 3510 vel
1287 3457 1568 3511 minimum
1604 3457 1798 3512 infrin-

219 3560 367 3618 gere
391 3561 632 3614 unquam
667 3545 940 3600 valebunt.
986 3545 1308 3617 Huiusmodi
1347 3564 1478 3604 vero
1511 3548 1796 3606 confusio-

217 3650 385 3698 nem,
410 3635 554 3704 quod
577 3634 642 3689 ad
665 3633 1011 3708 Hippolytum
1039 3637 1350 3708 episcopum
1377 3647 1432 3694 et
1454 3637 1798 3710 Hippolytum

216 3725 465 3780 militem
498 3725 711 3792 attinet,
733 3741 803 3782 ex
832 3741 900 3783 eo
936 3727 1283 3797 potissimum
1323 3744 1576 3785 manasse
1619 3731 1800 3799 suspi—

214 3832 449 3882 camur,
477 3818 624 3886 quod
653 3818 816 3873 ambo
854 3828 908 3875 et
947 3821 1194 3891 martyrii
1229 3835 1399 3891 genus
1436 3830 1491 3876 et
1531 3821 1797 3876 tumulum

214 3924 585 3967 communem
635 3909 956 3978 habuerint,
1015 3913 1268 3981 quamvis
1316 3913 1528 3967 diverse
1559 3913 1802 3968 sentiant

214 4003 491 4076 superius
520 4003 738 4059 laudata
786 4003 844 4060 S.
887 4004 1080 4060 Aureae
1109 4005 1264 4069 Acta,
1303 4019 1403 4060 nec
1435 4019 1544 4058 non
1581 4003 1802 4060 Graeco-

214 4111 354 4152 rum
377 4093 488 4165 (69)
514 4102 569 4150 et
595 4093 891 4164 Coptorum
911 4092 1210 4165 Menologia
1235 4109 1298 4148 ac
1319 4092 1541 4159 Mentea,
1564 4109 1802 4163 quorum

212 4196 512 4258 postrema
538 4185 824 4241 nobiscum
847 4185 1239 4240 humanissime
1267 4185 1687 4240 communicavit
1711 4200 1799 4241 sa-

211 4275 610 4346 pientissimus
658 4276 862 4332 citatus
920 4275 1176 4332 Nicolaus
1233 4277 1586 4340 Antonellus,
1636 4291 1801 4346 quem

212 4371 434 4424 iterum
478 4366 703 4422 honoris
755 4382 920 4424 causa
966 4368 1334 4423 nominamus.
1368 4366 1692 4422 Prudentius
1723 4367 1797 4425 si-

209 4457 452 4529 quidem
498 4455 844 4529 Hippolytum
894 4459 1207 4530 episcopum
1245 4461 1401 4530 equis
1440 4459 1792 4528 discerptum,

2070 607 2234 662 Roma
2256 608 2446 677 placet,
2475 621 2683 661 sanctos
2712 623 2827 677 qua:
2850 617 3018 660 teneat
3051 607 3266 662 cineres.

1923 712 2032 770 Nec
2070 715 2424 771 Prudentium
2466 716 2532 770 in.
2571 715 2677 771 hac
2724 731 2782 771 re
2832 715 2952 771 falsi
2995 733 3148 772 reum
3202 719 3501 775 traducere

1920 803 2192 873 quispiam
2251 805 2483 875 poterit;
2543 820 2670 859 nam
2719 805 2773 858 in
2824 806 2928 860 hoc
2965 807 3157 861 eodem
3211 807 3482 881 Hippolyti

1920 895 2150 960 tumulo,
2185 910 2352 964 quem
2376 895 2429 948 in
2477 895 2563 949 via
2595 894 2898 960 Tiburtina,
2927 906 2981 950 et
3021 897 3075 950 in
3108 913 3239 967 agro
3267 897 3484 955 Verane

1919 981 2384 1038 situmexstitisse
2409 983 2673 1046 diximus,
2703 985 2977 1053 egregium
3009 985 3138 1039 illud
3172 987 3304 1039 tanti
3336 1003 3484 1042 mar-

1919 1072 2054 1138 tyris
2098 1081 2507 1127 monumentum
2560 1087 2704 1128 anno
2731 1072 2864 1126 1551
2911 1072 3077 1130 fuisse
3105 1085 3372 1145 repertum
3405 1087 3506 1132 te-=

1918 1171 2130 1216 stantur
2176 1161 2377 1218 Paulus
2431 1163 2706 1218 Manutius
2733 1163 2865 1235 (7i),
2908 1165 3029 1220 Aldi
3077 1166 3250 1232 filius,
3306 1167 3477 1223 Baro-

1917 1250 2042 1305 nius
2077 1251 2213 1321 (72),
2257 1253 2457 1321 aliique
2504 1254 2782 1322 permulti,
2832 1256 2978 1324 quod
3032 1258 3376 1326 postmodum
3421 1259 3475 1313 in

1914 1341 2299 1397 bibliothecam
2342 1342 2657 1400 Vatieauam
2692 1346 2923 1409 illatum,
2961 1360 3193 1403 curante
3223 1349 3476 1406 Marcello

1913 1429 2146 1484 Cervino
2175 1429 2232 1485 S.
2271 1430 2336 1486 Β.
2373 1430 2432 1485 E.
2473 1433 2747 1487 eardinale
2783 1433 3214 1498 bibliotltecario,
3253 1436 3476 1489 immor-

1916 1522 2038 1576 talis
2066 1523 2344 1578 memoria:
2379 1524 2515 1589 viro,
2554 1523 2881 1578 uberrimam
2932 1526 3107 1580 doctis
3136 1526 3268 1580 viris
3297 1525 3472 1580 disse-

1912 1613 2064 1666 rendi
2097 1621 2334 1684 segetem
2367 1614 2630 1682 praebuit,
2673 1613 2944 1684 Scaligero
2983 1631 3208 1686 nempe,
3244 1615 3476 1686 Egydio

1910 1701 2200 1770 Bucherio,
2228 1701 2464 1770 Norisio,
2504 1704 2797 1761 Francisco
2827 1705 3160 1772 Blanchino,
3202 1708 3480 1778 Vignolio,

1913 1793 2164 1862 aliisque.
2205 1809 2440 1864 quorum
2477 1795 2694 1865 scripta.
2707 1796 2825 1866 jam
2860 1796 2952 1850 diu
2994 1798 3334 1851 eruditorum
3359 1813 3476 1852 ma-

1840 1878 1882 1932 B
1912 1884 2071 1940 nibus
2118 1893 2386 1940 teruntur.
2413 1883 2545 1952 Quae
2597 1903 2720 1942 cum
2763 1889 2849 1942 ita.
2885 1888 3030 1952 sint,
3069 1903 3168 1943 nos
3218 1889 3319 1944 hoc
3363 1905 3480 1945 uno

1911 1983 2232 2044 argumento
2268 1977 2568 2032 maximum
2622 1979 2810 2048 operis.
2851 1979 3231 2050 compendium
3280 1979 3475 2036 fecisse

1910 2073 2186 2134 putamus.
2235 2064 2562 2134 Prudentius
2632 2085 2832 2125 sacros.
2888 2069 3158 2141 Hippolyti
3219 2074 3474 2142 martyris

1910 2158 2122 2214 cineres
2164 2175 2195 2214 c
2225 2157 2393 2214 Portu
2439 2161 2490 2214 in
2536 2160 2735 2218 Urbem
2780 2163 2988 2228 illatas,
3034 2176 3196 2234 atque
3231 2165 3285 2219 in
3328 2166 3476 2220 illius

1908 2247 2220 2302 cmmeterio
2243 2248 2298 2302 in
2334 2264 2463 2319 agro
2489 2248 2701 2306 Verane
2733 2253 2984 2308 conditos
3011 2265 3293 2309 memerat.
3335 2254 3486 2310 Inter

1909 2335 2141 2406 hujusce
2169 2339 2466 2395 caemeterii
2498 2341 2696 2397 rudera
2715 2344 3172 2415 antiquissimum
3198 2345 3472 2417 Hippolyti

1906 2427 2053 2484 illius
2095 2439 2509 2486 monumentum
2553 2433 2810 2489 effossum
2861 2444 2976 2498 est,
3012 2451 3173 2505 quem
3226 2435 3488 2491 Romana.

1907 2518 2147 2576 Ecclesia
2191 2525 2633 2580 constantissima
2681 2534 2759 2580 tot
2818 2528 3146 2581 saeculorum
3184 2528 3472 2584 traditione

1907 2609 2262 2668 Portuensem
2299 2613 2612 2684 episcopum
2651 2617 2891 2687 agnovit.
2921 2617 3054 2683 Quis
3094 2618 3256 2686 igitur
3296 2620 3471 2690 impo-

1906 2709 2111 2756 sterum
2144 2704 2346 2769 credet,
2387 2703 2740 2760 Prudentium
2775 2723 2883 2762 non
2912 2707 3180 2780 Hippolyti
3226 2712 3472 2781 episcopi

1905 2800 1958 2844 et
1992 2791 2270 2863 martyris,
2304 2794 2396 2849 sed
2435 2796 2730 2868 presbyteri
2770 2796 3087 2854 Portueusis
3121 2801 3204 2854 vel
3239 2801 3487 2856 Romani-

1907 2881 2093 2937 laudes
2127 2885 2426 2940 cecinisse?
2467 2886 2530 2939 Et
2573 2902 2704 2942 sane
2737 2895 2842 2942 tam
2881 2904 3075 2958 magna
3104 2889 3207 2944 fuit
3245 2892 3473 2961 hujusce

1907 2975 2244 3029 monumenti
2292 2977 2432 3045 apud
2461 2974 2577 3032 Jac.
2622 2976 2946 3048 Basnagium
2989 2979 3102 3050 (75)
3149 2982 3472 3049 auctoritas,

1908 3068 1966 3113 ut
1989 3062 2182 3117 merito
2217 3062 2562 3136 Hippolytum
2599 3075 2844 3121 nostrum
2885 3070 3025 3138 apud
3056 3070 3226 3125 Italos
3247 3071 3471 3139 obiisse,

1909 3159 1965 3206 et
1997 3151 2050 3206 in
2081 3167 2214 3223 agro
2244 3153 2458 3210 Verane
2504 3158 2780 3213 conditum
2818 3174 3064 3214 asserere
3105 3176 3214 3214 non
3251 3162 3471 3216 dubita-

1905 3250 2064 3317 verit,
2094 3249 2414 3306 clarissimis
2464 3250 2612 3305 ltiscc
2663 3251 2881 3305 verbis:
2919 3269 2942 3302 ι
2979 3249 3184 3306 interea
3207 3293 3222 3316 ,
3259 3253 3432 3323 inquit
3452 3296 3476 3322 ,,

1905 3344 2020 3397 ltzec
2077 3342 2267 3398 suadet
2331 3341 2638 3411 inscriptio,
2677 3341 2820 3410 apud
2890 3341 3050 3397 Italos
3124 3341 3469 3416 Hippolytum

1904 3435 2128 3498 ohiisse,
2171 3441 2226 3488 et
2274 3431 2458 3487 forsan
2503 3433 2557 3487 in
2593 3449 2724 3503 agro
2771 3431 2982 3489 Verane
3033 3435 3323 3503 sepultum.
3353 3456 3372 3487 ι
3412 3439 3484 3491 δί

1904 3527 2069 3596 igitur
2095 3527 2237 3596 apud
2276 3541 2377 3580 nos
2421 3535 2724 3580 extremum
2770 3525 2913 3580 diem
2952 3527 3089 3582 obiit
3128 3525 3446 3601 Hippolytus

1904 3618 1949 3672 si
1997 3619 2053 3672 in
2103 3633 2236 3688 agro
2297 3615 2512 3671 Verane
2547 3631 2705 3672 sacra
2739 3617 2919 3686 ipsius
2949 3618 3176 3688 pignora
3223 3620 3480 3689 deposita.-

1904 3711 2146 3773 fuerunt,
2180 3725 2278 3765 cur
2317 3707 2639 3779 Hippolytus
2685 3709 2792 3774 ille,
2827 3724 2990 3778 quem
3025 3711 3078 3762 in
3125 3711 3315 3765 eodem
3349 3711 3472 3766 loco

1903 3803 2260 3867 tumulatum,
2309 3811 2366 3856 et
2411 3801 2848 3856 Christianorum
2883 3811 3045 3869 caput
3073 3802 3137 3855 'in
3183 3801 3465 3856 Portuensi

1900 3893 2144 3950 Ecclesia
2173 3893 2450 3948 exstitisse
2491 3892 2683 3947 scribit
2723 3890 3085 3956 Prudentius,
3117 3909 3224 3946 non
3253 3894 3467 3962 episco-

1901 4001 2027 4056 pus,
2056 3985 2149 4041 sed
2172 3985 2457 4057 presbyter
2481 3984 2742 4038 dicendus
2775 3982 2918 4039 erit?

1903 4093 2018 4149 XX.
2050 4095 2246 4149 Auctor
2273 4093 2399 4148 libri
2427 4093 2499 4147 De
2530 4092 2735 4146 duabus
2763 4093 2816 4147 in
2845 4090 3055 4148 Christo
3093 4092 3298 4145 naturis
3331 4070 3468 4158 Hip-
3523 4139 3532 4148 .

2060 4165 2295 4234 polytum
2323 4163 2537 4218 Arabiae
2567 4162 3029 4231 metropolitanum
3055 4161 3304 4232 appellat.

1972 4255 2146 4310 Aliam
2169 4255 2414 4325 profecto
2446 4255 2513 4310 de
2530 4253 2798 4326 Hippolyti
2831 4254 3005 4309 nostri
3035 4255 3161 4308 sede
3183 4254 3465 4322 professus

1900 4356 1986 4401 cst
2017 4349 2343 4402 sententiam
2396 4353 2587 4400 auctor
2621 4345 2746 4399 libri
2793 4344 2873 4400 De
2913 4345 3117 4399 duabus
3165 4347 3367 4399 naturis
3408 4348 3468 4400 in

1900 4439 2131 4506 Christo,
2164 4454 2326 4508 quem
2356 4437 2414 4492 S.
2446 4437 2660 4494 Gelasio
2694 4452 2845 4508 papa:
2874 4438 3120 4494 tribuunt
3139 4438 3466 4494 recentiores

209 4543 531 4619 sacrasque
580 4551 754 4620 ipsius
810 4550 1070 4613 reliquias
1115 4569 1145 4606 e
1215 4550 1380 4604 Portu
1442 4550 1688 4605 Romano
1740 4553 1794 4605 in

1906 4529 2408 4599 quidam,tnaxime
2459 4529 2798 4584 heterodoxi.
2848 4528 2946 4584 Hic
3009 4531 3171 4600 igitur
3229 4531 3470 4601 scriptor-

215 4640 436 4696 Urbcm
466 4656 497 4695 a
528 4641 778 4697 fidelibus
803 4643 1116 4709 translatas,
1139 4642 1508 4712 patentissima
1530 4642 1616 4697 his
1639 4652 1800 4698 testa-

213 4743 322 4787 tur
346 4732 683 4790 carminibus
707 4733 853 4804 (70):

224 4929 437 5004 «idem
465 4929 796 5004 Prudentius
846 4932 908 5004 in
962 4933 1222 4988 Passione
1278 4931 1545 5004 Hippolyti
1573 4933 1641 4987 de
1666 4941 1802 4988 tem~

220 5003 324 5071 plo
385 4998 444 5055 S.
507 5001 784 5073 Hippolyti
844 5003 920 5058 ita
991 5004 1182 5060 scribit
1241 5021 1255 5057 :
1323 4998 1490 5059 01⁵110⁷
1531 5003 1802 5058 columna-

223 5085 378 5130 rum,
403 5079 542 5126 etc.»

308 5139 425 5214 (67)_
448 5140 531 5214 ρο
585 5139 864 5214 redi/ficiis
899 5139 1327 5214 a_Constantino
1355 5143 1658 5214 exstructis,
1678 5158 1799 5214 cap.

235 5210 503 5281 ὅλῃ-111
539 5217 593 5265 et
627 5211 750 5273 112.
781 5211 912 5266 edit.
945 5211 1103 5266 Rom.
1129 5228 1218 5267 an.
1248 5213 1404 5269 1695.

307 5278 425 5348 (68)
456 5279 610 5334 Rom.
636 5283 960 5347 subterran.,
991 5283 1029 5338 l.
1066 5298 1140 5344 tv,
1165 5300 1216 5338 c.
1250 5283 1338 5348 M,
1376 5291 1416 5336 t.
1456 5281 1517 5335 Il.

305 5347 422 5422 (69)
458 5348 668 5422 Manol.
693 5349 1034 5422 Grtecorum,
1064 5353 1150 5408 die
1187 5347 1332 5407 xxth
1355 5350 1501 5418 Jan.,
1547 5359 1686 5422 part.
1724 5369 1796 5419 tt,

224 5436 288 5488 p.
324 5419 428 5473 144
457 5419 589 5474 edit.
625 5417 816 5474 Urbini
851 5422 943 5476 cit.

303 5488 421 5562 (:16)
461 5488 677 5562 ξενίη-εξ
697 5491 789 5562 cit.
815 5491 964 5562 hym.
991 5490 1160 5562 ll,iv.
1185 5490 1275 5546 52.

299 5559 422 5626 (71)
459 5559 597 5615 Cod.
633 5559 898 5614 Vaticano
922 5577 978 5613 n.
1011 5560 1172 5623 5234,
1204 5562 1298 5614 fol.
1328 5561 1416 5616 58.

301 5627 422 5698 (ἷῖ)
463 5627 661 5700 1111101.
693 5631 760 5683 ad
783 5629 1222 5700 Martyrologium
1252 5631 1548 5684 Romanum
1581 5632 1666 5685 die
1689 5648 1797 5686 χχιι

225 5697 401 5770 Aug"
431 5714 484 5767 p.
510 5699 614 5753 355
639 5699 768 5753 edit.
795 5697 1100 5770 Rosvveidii
1131 5719 1148 5750 t
1178 5699 1330 5770 Viget
1351 5703 1528 5755 adhuc
1557 5703 1609 5755 in
1633 5702 1797 5755 Porttt

227 5765 484 5840 Romano
532 5770 794 5840 memoria
851 5768 909 5823 S.
955 5769 1222 5840 Hippolyti
1247 5765 1543 5839 'episcopi,
1604 5773 1799 5840 illaqtte

231 5838 580 5910 conspicitur
613 5840 720 5894 alta
770 5838 921 5895 fovea
962 5839 1120 5909 aquis
1155 5838 1343 5910 plena,
1389 5838 1638 5912 inquam
1672 5838 1797 5912 pro-

1903 4621 2154 4691 quisquis
2203 4622 2294 4683 sit,
2325 4636 2389 4674 ex
2423 4621 2629 4685 vitiata,
2668 4627 2727 4673 ut
2773 4630 2955 4675 monet
2999 4622 3195 4676 citatus
3227 4619 3464 4676 Joannes

1908 4713 2060 4784 Bapt.
2080 4714 2401 4778 Cotelerius,
2437 4711 2652 4769 Eusebii
2676 4713 2922 4768 versione
2947 4714 3222 4784 deceptus,
3250 4713 3308 4768 ὃ.
3334 4712 3466 4786 Hlp-

1899 4931 2083 5002 jeetus
2094 4931 2426 5002 martyrium
2463 4933 2882 4988 consummavit.
2924 4930 3020 4988 His
3058 4934 3366 5002 adjicimus,
3397 4949 3476 4991 ex.

1903 5001 2036 5074 agro
2067 5001 2279 5074 Verane
2325 5017 2355 5056 e
2399 5003 2676 5074 memoria:
2719 5002 2986 5074 Hippolyti
3035 5005 3464 5074 antiqtuerude-

1903 5019 1930 5056 a
1974 5019 2036 5056 ro
2073 5019 2279 5056 verane
2325 5019 2355 5056 e
2399 5019 2676 5057 memoria:
2720 5019 2986 5074 tttppotytt
3035 5019 3270 5072 antiqua:
3304 5019 3464 5056 Μιαρ-

1901 5019 2054 5127 τῇωε
2102 5071 2364 5143 ellossum
2407 5087 2531 5126 esse
2578 5073 2820 5142 ejusdem
2868 5071 3135 5143 Hippolyti
3180 5073 3474 5142 antiquum.

1903 5155 2269 5195 marmoreum
2323 5141 2679 5198 simulacrum
2729 5143 2867 5197 solio
2919 5141 3196 5206 insidens,
3250 5143 3301 5193 in
3352 5157 3462 5208 quo

1901 5211 2259 5266 circumcirca
2321 5210 2524 5266 Graecis
2590 5213 2788 5268 litteris
2853 5211 3097 5280 inscripti
3152 5219 3278 5280 sunt
3327 5211 3462 5279 cycli

1902 5281 2189 5351 paschales
2227 5296 2494 5335 annorum
2533 5283 2842 5351 sexdecim;
2886 5277 3051 5351 quod:
3074 5281 3196 5333 inde
3235 5277 3464 5334 Romam

1901 5349 2418 5418 delatum,positum
2447 5360 2532 5405 est
2559 5351 2610 5405 in
2645 5349 3272 5410 Vaticana—bibliotheca,
3297 5363 3470 5418 Opera.

1902 5419 2259 5476 illustrissimi
2288 5437 2352 5474 ac
2374 5421 2811 5476 reverendissimi
2842 5419 3046 5478 domini
3066 5418 3302 5472 Marcelli
3331 5419 3463 5473 Cer-

1903 5491 2014 5544 vini
2038 5501 2150 5545 tum
2174 5491 2488 5554 cardinalis,
2516 5490 2641 5545 inde
2663 5499 2839 5544 autem
2860 5488 3088 5542 Romani
3119 5489 3410 5556 pontilicis.
3440 5509 3458 5540 ι

1903 5559 2022 5614 Vid.
2068 5561 2201 5614 diss.
2241 5559 2277 5612 2
2323 5558 2516 5615 Franc.
2544 5558 2824 5613 Blanchini
2859 5559 2922 5610 de
2971 5558 3178 5628 Conone
3226 5559 3464 5628 paschali

1903 5628 1960 5684 S.
1992 5628 2263 5700 Hippolyti
2291 5630 2486 5700 cpisc.,
2512 5645 2633 5700 cap.
2663 5631 2734 5700 l,_
2751 5628 2907 5700 p.__9?.
2929 5628 3056 5700 edit.
3090 5627 3272 5700 [longe
3305 5628 3458 5683 l705.

1973 5695 2593 5768 (757)7ln'anitiiadvcrs.‘
2608 5699 2673 5752 de
2703 5695 2763 5768 ξ.
2795 5695 3082 5768 Hippolyto
3114 5699 3165 5768 in
3195 5696 3460 5768 Thesauro

1903 5766 2224 5822 manantem.
2268 5767 2394 5820 eccl.
2435 5780 2482 5820 et
2531 5769 2654 5821 hist.
2702 5766 2916 5822 llcnrici
2963 5766 3199 5832 Canisii,
3257 5778 3388 5824 tom.
3418 5766 3472 5834 1,,ι

1905 5856 2023 5913 pag.
2056 5839 2108 5905 4,
2142 5839 2366 5921 Atnstel.
2403 5837 2554 5892 17:25.
