4074 6424
432 355 544 418 479

436 565 841 630 tantummodo,
875 580 982 619 non
1014 580 1143 619 vero
1192 566 1414 621 missam
1464 564 1635 621 fuisse
1677 567 1810 635 (51).
1857 566 2011 622 Peni-

436 657 710 713 tissimam
742 657 884 712 hanc
938 657 1187 713 notitiam
1235 656 1474 712 Jacobus
1504 658 1868 714 Con‘ibettsius
1897 660 2010 731 (52)

435 765 505 805 ex
537 750 853 820 huiusmodi
898 751 1046 805 notis
1074 748 1322 815 deduxit,
1357 765 1497 819 quas
1526 750 1580 805 in
1612 752 1856 821 antiquis
1890 752 2010 821 qui-

435 840 669 896 busdam
699 840 978 897 codicibus
1025 849 1216 897 nactus
1256 850 1362 908 est,
1405 857 1609 912 easque
1654 842 1708 897 in
1760 844 2010 913 publicos

433 933 775 988 eruditorum
807 949 941 988 usus
968 932 1233 1005 vulgavit.
1948 1002 1959 1011 η

438 1043 526 1099 lll.
566 1045 743 1100 Variis
767 1063 941 1101 rerum
971 1047 1225 1118 exemplis
1253 1046 1559 1118 hujusmodi
1581 1052 1838 1104 sententia
1864 1051 2010 1105 robo-

1142 1127 1314 1172 ratur.

500 1207 767 1273 Quisnam
795 1224 862 1263 ex
894 1208 1171 1265 veteribus
1199 1210 1386 1265 docuit
1422 1212 1874 1281 praestantissima
1910 1212 2008 1270 Se-

428 1298 562 1353 dulii
605 1310 880 1369 poemata,
916 1317 1038 1369 qua:
1062 1302 1271 1357 diutius
1302 1303 1442 1357 inter
1468 1305 1701 1361 schedas
1735 1306 2011 1376 incompo-

428 1391 531 1446 sita
550 1392 866 1462 jacuerunt,
885 1410 914 1448 a
938 1394 1137 1450 Turcio
1164 1394 1307 1449 Rufo
1333 1396 1551 1451 Asteria
1579 1397 1790 1452 meliori
1816 1398 2009 1454 ordine

425 1483 599 1541 fuisse
631 1486 844 1557 digesta
892 1496 948 1543 et
995 1488 1051 1541 in
1097 1488 1272 1544 lucem
1310 1488 1557 1543 emissa?
1594 1488 1845 1544 Profecto
1892 1491 2008 1546 haec

422 1578 560 1634 viris
586 1579 925 1636 doctissimis
973 1581 1293 1637 abscondita
1344 1580 1594 1645 fuissent,
1629 1584 1734 1638 nisi
1781 1585 2007 1655 antiqua

425 1679 578 1737 nota,
607 1687 733 1741 quae
760 1672 815 1726 in
849 1673 1026 1729 tribus
1055 1675 1457 1745 antiquissimis
1487 1675 1696 1731 Sedulii
1726 1675 2011 1733 codicibus

424 1773 640 1833 reperta
668 1774 776 1823 est.
813 1766 1141 1834 peculiarem
1171 1776 1227 1822 et
1275 1767 1617 1823 reconditam
1671 1767 1814 1823 hanc
1858 1769 2006 1823 noti-

425 1856 558 1911 tiam
598 1855 970 1925 patefecisset.
1008 1856 1159 1913 lllam
1209 1861 1460 1915 omnium
1493 1861 1709 1930 primus
1731 1862 2008 1932 evolgavit
2035 1836 2079 1892 Β

421 1946 661 2004 Iacobus
699 1946 1028 2005 Sirmondus
1056 1965 1124 2005 ex
1155 1952 1347 2007 codice
1399 1951 1714 2020 Rhemensi,
1749 1954 2007 2023 deinceps

421 2037 662 2096 Jacohus
692 2038 948 2097 Usserius
979 2057 1047 2097 ex
1076 2042 1264 2098 codice
1289 2044 1590 2116 Anglicano
1620 2044 1756 2116 (55),
1783 2046 2003 2102 demum

419 2126 745 2197 nosmetipsi
792 2129 1218 2186 emendatiorem
1286 2133 1536 2188 eamdem
1587 2135 1894 2205 reperimus
1947 2138 2003 2192 in

418 2217 807 2288 antiquissimo
870 2219 1079 2276 Sedulii
1129 2221 1318 2278 codice
1375 2223 1716 2281 bibliotheca:
1770 2224 2004 2281 Ottobo-

418 2310 599 2365 nianai
632 2326 779 2369 nono
825 2312 1046 2368 circiter
1078 2315 1284 2370 saeculo
1319 2324 1566 2383 exat-ato,
1603 2316 1661 2372 in
1700 2333 1832 2388 quo,
1880 2329 2008 2389 post

417 2402 708 2471 epistolam
742 2404 810 2459 ad
844 2404 1253 2475 Macedonium,
1287 2423 1454 2478 quam
1501 2409 1767 2479 integram
1819 2425 2006 2466 emen-

417 2496 713 2568 datamque
738 2500 985 2570 vulgavit
1011 2503 1203 2571 paucis
1230 2503 1432 2559 abhinc
1461 2506 1622 2563 annis
1642 2506 2005 2579 ChristOpho-

417 2604 517 2645 rus
559 2588 830 2648 Cellarius
856 2592 910 2646 in
941 2592 1074 2648 edit.
1106 2594 1412 2661 Prudenti-i,
1460 2598 1576 2652 haec
1621 2600 1955 2656 adnotantur
1985 2620 2000 2657 :

423 2700 444 2734 ς
507 2680 622 2738 Hoc
667 2698 806 2754 opus
855 2684 1110 2743 Sedulius
1155 2688 1297 2744 inter
1359 2690 1642 2746 chartulas
1685 2692 1993 2762 dispersum

415 2777 659 2848 reliquit,
708 2779 853 2848 quod
909 2780 1283 2845 recollectum,
1338 2783 1661 2848 adunatum,
1711 2793 1876 2854 atque
1930 2785 2001 2839 ad

418 2885 637 2925 omnem
665 2871 997 2942 elegantiam
1024 2871 1361 2943 divulgatum
1394 2889 1425 2929 a
1446 2873 1646 2931 Turcio
1668 2873 1812 2932 Rufo
1844 2876 2002 2931 Aste-

416 2962 504 3016 rio
545 2961 741 3029 quinto
770 2962 979 3017 vicario
1020 2964 1250 3018 consule
1298 2964 1601 3030 ordinario,
1630 2975 1793 3037 atque
1828 2969 2000 3037 patri-

417 3052 507 3108 cio
534 3053 648 3123 (54)
673 3071 688 3119 ;
728 3072 748 3105 ι
776 3069 902 3110 mox
929 3054 1179 3124 sequitur
1202 3056 1571 3127 epigramma:

492 3166 706 3242 Summe
732 3169 1136 3242 sacer‘meritis,
1174 3173 1377 3225 veracis
1406 3172 1549 3226 dicta
1581 3184 1747 3242 poeta:

561 3238 697 3304 Quae
717 3240 830 3293 sine
869 3240 1106 3311 ﬁgmenti
1132 3243 1347 3296 condita
1378 3252 1501 3296 sunt
1530 3238 1678 3299 vitia.

489 3306 607 3384 ng
633 3320 775 3364 caret
817 3306 963 3384 cinia
999 3312 1150 3381 ﬁdes,
1177 3329 1280 3384 quo
1310 3314 1485 3384 sancti
1517 3317 1698 3383 gratia
1727 3314 1929 3371 Christi

560 3379 666 3433 Per
694 3396 853 3449 quam
878 3379 1064 3448 justus
1093 3384 1170 3436 ait
1190 3379 1329 3437 talia
1355 3379 1623 3449 Sedulius,

486 3448 788 3524 Asteriique
819 3452 896 3505 tui
921 3467 1123 3521 semper
1147 3455 1446 3507 meminisse
1472 3448 1678 3524 jubeto,

564 3519 732 3588 Cujus
775 3537 878 3594 ope
897 3535 946 3575 et
975 3519 1105 3575 cura
1122 3524 1274 3594 edita
1304 3534 1424 3577 sunt
1453 3519 1682 3594 populis.

488 3586 649 3667 Qum,
669 3586 905 3659 quamvis
938 3593 1132 3667 summi
1167 3593 1423 3667 celebrent
1449 3586 1541 3667 per
1570 3595 1766 3667 sazcula
1804 3596 1998 3667 fastus,

564 3658 701 3713 Plus
735 3672 911 3713 tamen
945 3664 1014 3714 ad
1050 3664 1297 3717 meritum
1332 3658 1512 3730 est,'si
1535 3666 1668 3735 viget
1693 3683 1781 3721 ore
1804 3658 1926 3721 'tuo.

416 3771 503 3826 Ad
540 3770 746 3827 calcem
776 3774 1044 3841 poematis
1073 3775 1188 3831 hinc
1221 3776 1515 3843 habentur,
1548 3794 1673 3848 qua:
1700 3780 1863 3835 etiam
1887 3780 2000 3835 Ma-

418 3862 681 3919 hillonius
705 3863 950 3934 vulgavit
979 3866 1094 3934 (55)
1128 3885 1143 3921 :
1175 3886 1192 3919 ο
1224 3867 1422 3939 Incipit
1452 3886 1545 3925 ars
1568 3870 1773 3926 Sedulii
1802 3884 1999 3942 poetae,

418 3956 516 4027 qui
574 3956 755 4027 primo
784 3956 960 4012 laicus
1006 3958 1062 4012 in
1117 3958 1269 4015 Italia
1330 3961 1733 4033 philosophiam
1788 3965 1998 4035 didicit,

415 4054 614 4119 postea
634 4064 761 4104 cum
784 4049 909 4129 aliis
936 4058 1236 4105 metrorum
1266 4052 1558 4123 generibus
1581 4054 1859 4110 heroicum
1882 4071 1999 4111 me-

417 4147 567 4193 trum
590 4137 912 4195 Macedonio
938 4140 1261 4197 consulente
1285 4141 1494 4207 docuit,
1520 4141 1575 4197 in
1604 4143 1810 4198 Achaia
1831 4145 2001 4202 libros

417 4244 552 4286 suos
572 4230 793 4301 scripsit
811 4239 1053 4301 tempore
1082 4232 1472 4303 imperatorum
1494 4233 1726 4291 minoris
1752 4234 2001 4292 Theodo-

418 4324 489 4381 sii
521 4323 618 4379 lilii
648 4324 959 4391 Arcadii,et
975 4323 1337 4381 Valentiniani
1356 4325 1455 4381 ﬁlii
1475 4325 1806 4383 Constantii.
1826 4327 1994 4385 Pax.»

418 4433 899 4509 IV.__ATillemontii
938 4449 1306 4509 argumentum
1355 4458 1420 4496 ea:
1465 4441 1683 4497 Eusebii
1721 4452 1771 4498 et
1826 4446 2002 4499 sancti

1129 318 1133 324 θ
1215 361 1302 418 DE
1342 362 1735 423 POHTUENSI
1774 367 1835 423 S.
1877 361 2239 422 HIPPOLY‘TI
2275 362 2468 419 SEDE.
2507 394 2578 406 —
2614 362 2796 419 PARS
2831 361 2904 419 ll.

432 480 540 537 est,
565 471 850 543 epistolam
891 472 958 527 74
990 471 1348 542 ejusdemmet
1401 472 1460 529 S.
1508 473 1694 530 Basilii
1747 477 2007 546 scriptam
2036 482 2078 537 Α
2110 474 2369 542 Eusebio,
2395 475 2455 531 S.
2488 475 2839 548 Hieronymo,
2872 476 3104 548 aliisque
3131 471 3738 548 antiquis'scriptori-

3613 356 3734 414 480

2111 566 2215 624 bus
2262 568 2483 639 penitus
2530 569 2881 640 incomperta;
2933 569 3190 637 fuerunt;
3242 570 3490 641 ideoque
3546 585 3735 627 nemo

2112 673 2221 713 non
2252 660 2396 714 videt
2417 674 2580 729 quam
2611 660 2978 729 periculosum
3007 662 3338 733 quandoque
3366 662 3452 718 sit
3486 662 3606 718 hoc
3629 676 3734 717 ar-

2110 748 2352 820 gumenti
2381 764 2588 818 genus:
2615 748 2887 806 Eusebius
2911 759 2966 805 et
2988 750 3048 806 S.
3083 750 3461 824 Hieronymus
3491 752 3732 808 nescie-

2110 846 2242 892 runt
2267 839 2490 895 ubinam
2520 841 2767 911 gentium
2794 839 2854 897 S.
2892 840 3213 914 Hippolytus
3233 846 3558 913 episcopus
3590 841 3727 898 fue-

2108 932 2211 999 rit;
2241 948 2373 1004 ergo
2411 931 2695 1002 Leontius,
2736 933 3085 1001 Anastasius,
3118 935 3320 1005 aliique
3349 937 3727 1006 posteriores

2109 1024 2257 1080 illius
2284 1025 2646 1096 episcopalem
2675 1024 2859 1082 sedem
2887 1026 3029 1081 scire
3052 1040 3161 1081 non
3183 1034 3523 1096 potuerunt.
3547 1024 3728 1093 Quod

2108 1116 2329 1185 quidem
2377 1118 2687 1189 argumenti
2738 1133 2932 1189 genus,
2970 1118 3017 1174 si
3068 1117 3404 1175 rectioribus
3457 1118 3727 1175 sanioris

2108 1207 2307 1262 critica:
2353 1208 2558 1279 regulis
2606 1209 3010 1264 accensendum
3052 1217 3222 1277 esset,
3254 1207 3517 1265 Henrico
3565 1209 3729 1265 Dod—

2107 1300 2265 1356 wello
2299 1301 2414 1372 (56)
2462 1301 2838 1356 infensissimo
2867 1309 3187 1357 sanctorum
3227 1300 3444 1357 Christi
3494 1310 3727 1373 marty-

2108 1408 2231 1447 rum
2264 1392 2409 1447 hosti
2441 1408 2641 1447 manus
2666 1392 2835 1448 victas
2867 1391 3113 1462 profecto
3156 1407 3258 1447 nos
3284 1392 3426 1449 dare
3479 1400 3728 1462 oporte-

2109 1493 2212 1549 ret,
2239 1484 2328 1539 cui
2353 1481 2692 1546 Tertulliani,
2719 1481 2963 1547 Eusebii,
2990 1481 3301 1553 Epiphanii,
3331 1481 3723 1550 Theodoreti,

2108 1575 2450 1645 aliorumque
2492 1585 2739 1630 veterum
2789 1575 3118 1644 scriptorum
3173 1574 3465 1631 silentium
3522 1573 3721 1628 maxi-

2111 1683 2287 1731 mum,
2332 1674 2394 1722 ut
2427 1667 2544 1737 ipse
2591 1665 2844 1739 credidit,
2893 1666 3122 1721 rationis
3158 1665 3547 1735 suppeditavit
3582 1679 3717 1719 mo-

2110 1769 2380 1828 mentum,
2409 1769 2469 1816 ut
2508 1759 2567 1816 S.
2610 1758 2873 1814 Irenaeum
2908 1758 3322 1815 celeberrimum
3353 1757 3721 1829 Lugdunen-

2106 1852 2249 1907 sium
2297 1853 2620 1919 antistitem,
2669 1850 2945 1923 Hippolyti
2990 1850 3167 1906 nostri
3219 1851 3593 1920 magistrum,
3642 1864 3718 1905 ex

2107 1945 2307 2001 illustri
2334 1955 2635 2018 martyrum
2679 1945 2806 2000 albo
2840 1944 3063 2017 impune
3097 1942 3323 1999 deleret.
3355 1942 3436 1997 At
3469 1943 3717 1998 nimiam

2105 2039 2249 2097 hanc
2285 2037 2546 2096 Dodwelli
2589 2038 2999 2103 confidentiam,
3027 2052 3098 2092 ne
3122 2036 3378 2091 dicamus
3413 2035 3719 2091 temerita-

2107 2137 2235 2195 tem,
2261 2130 2590 2186 fmnissimis
2616 2128 3050 2199 certissimisque
3071 2127 3423 2198 argumentis
3450 2125 3719 2181 coercuit

2104 2222 2457 2278 doctissimus
2516 2221 2824 2277 monachus
2877 2218 3121 2275 Henatus
3176 2216 3506 2281 Massuetus
3564 2217 3713 2288 (57),

2104 2315 2264 2386 cujus
2289 2316 2476 2379 verba,
2498 2321 2686 2385 utpote
2716 2330 2830 2370 rem
2866 2321 3113 2369 nostram
3149 2311 3387 2368 mirifice
3412 2312 3717 2368 illustran-

2105 2407 2202 2473 tia,
2233 2407 2321 2462 hic
2362 2406 2673 2463 exscribere
2716 2421 2824 2460 non
2858 2404 3230 2475 gravabimur.
3267 2422 3288 2456 ι
3336 2402 3582 2471 Verum,
3618 2404 3713 2458 in-

2103 2500 2244 2567 quit,
2280 2508 2342 2553 ut
2368 2499 2437 2553 ad
2471 2496 2893 2563 Tertullianum,
2927 2496 3246 2563 Eusebium,
3293 2495 3712 2566 Epiphanium,

2104 2585 2529 2651 Theodoretum,
2562 2594 2618 2642 et
2648 2586 2809 2651 alios,
2842 2602 2984 2657 quos
3014 2586 3071 2641 in
3111 2601 3293 2642 causa:
3340 2600 3468 2642 sum
3510 2584 3712 2642 defen-

2104 2679 2316 2734 sionem
2348 2679 2480 2734 citat
2508 2676 2839 2743 Dodwellus,
2865 2678 3055 2749 pedem
3085 2677 3435 2746 referamus;
3465 2678 3551 2735 illi
3577 2672 3711 2749 q‘ui—

2103 2773 2227 2827 dem
2280 2772 2545 2827 Irenaeum
2592 2786 2867 2842 nusquam
2912 2772 3189 2842 appellant
3233 2780 3578 2843 martyrem,
3611 2768 3712 2826 sed

2103 2864 2240 2918 nihil
2273 2864 2421 2919 aliud
2460 2864 2529 2918 ad
2575 2878 2854 2919 summum
2885 2878 3184 2931 eteorum
3230 2861 3470 2917 silentio
3516 2860 3712 2931 colligi

2104 2965 2301 3023 potest,
2333 2955 2438 3009 nisi
2468 2955 2617 3026 quod
2649 2953 2717 3009 ad
2761 2969 2953 3010 eorum
2986 2954 3233 3011 notitiam
3262 2954 3415 3010 Acta
3450 2952 3709 3025 martyrii

2104 3059 2214 3099 non
2262 3047 2626 3115 pervenerint,
2657 3055 2753 3102 aut
2794 3056 3089 3118 martyrem
3139 3044 3312 3102 fuisse
3370 3047 3702 3103 nescierint.

2025 3170 2067 3228 ε
2108 3134 2184 3189 Ex
2208 3150 2274 3191 eo
2304 3151 2435 3191 vero
2461 3138 2609 3207 quod
2633 3138 2699 3193 ad
2728 3137 3072 3201 Tertulliani,
3096 3136 3342 3204 Eusebii,
3369 3136 3697 3211 Epiphanii,

2101 3238 2154 3283 et
2187 3229 2424 3284 aliorum
2447 3231 2808 3299 quorumdam
2835 3228 3200 3285 Orientalium
3230 3231 3575 3301 scriptorum
3600 3244 3702 3285 no-

2102 3321 2278 3375 titiam
2320 3322 2579 3392 martyris
2602 3322 2837 3392 alicujus
2866 3321 3232 3377 Occidentalis
3253 3324 3395 3378 Acta
3433 3338 3544 3378 non
3572 3335 3704 3392 per—

2100 3413 2370 3481 venerint,
2426 3424 2718 3486 martyrem
2780 3414 2947 3485 fuisse
2992 3414 3329 3470 conﬁdenter
3383 3398 3595 3487 negare
3660 3428 3699 3472 ι

2099 3506 2313 3560 ratione
2347 3520 2572 3575 prorsus
2601 3506 2843 3561 alienum
2872 3507 3108 3563 videtur.
3144 3525 3163 3558 ι
3195 3505 3262 3561 Ει
3289 3507 3492 3577 paucis
3518 3507 3696 3563 inter-

2095 3596 2308 3667 jectis:
2363 3615 2383 3649 ‹
2431 3595 2539 3653 Sed
2588 3606 2649 3653 ut
2693 3614 2874 3655 causae
2925 3597 3179 3670 jugulum
3229 3601 3468 3669 propius
3513 3599 3700 3654 adhuc

2101 3696 2305 3756 petam,
2345 3686 2637 3753 Eusebius,
2663 3688 2822 3759 cujus
2855 3688 3134 3744 silentium
3164 3688 3300 3743 adeo
3336 3696 3502 3759 urget
3546 3685 3698 3742 Dod-

2100 3777 2309 3845 wellus,
2362 3775 2634 3850 Hippolyti
2681 3794 2791 3833 non
2837 3780 3005 3835 semel
3056 3779 3331 3845 meminit,
3376 3780 3694 3850 catalogum

2099 3868 2221 3938 ejus
2244 3883 2469 3938 operum
2497 3870 2648 3931 texit,
2668 3872 2986 3941 episcopum
3012 3869 3186 3926 fuisse
3207 3870 3368 3939 dicit,
3388 3881 3694 3943 martyrem

2100 3960 2375 4031 nuspiam.
2409 3959 2671 4033 Martyrio
2714 3962 2882 4017 vitam
2925 3963 3114 4019 ﬁnisse
3153 3962 3537 4019 certissimum
3572 3977 3696 4019 esse

2100 4049 2261 4104 debet
2308 4050 2396 4105 vel
2445 4050 2549 4120 ipsi
2597 4048 2913 4119 Dodwello;
2964 4066 3092 4106 nam
3142 4051 3199 4106 in
3247 4051 3316 4107 iis
3365 4053 3506 4123 ipsis
3569 4066 3694 4123 qua:

2101 4139 2313 4212 profert
2370 4138 2721 4197 Theodoreti'
2751 4142 3043 4198 adversum
3106 4141 3298 4199 lrenaei
3358 4144 3693 4217 martyrium

2100 4231 2238 4287 locis
2278 4241 2486 4305 martyr
2523 4232 2849 4303 appellatur.
2890 4251 2910 4286 ι
2951 4232 3010 4288 Si
3039 4233 3207 4304 igitur
3248 4230 3481 4290 Eusebii
3525 4234 3694 4288 silen-

2104 4325 2260 4389 tium,
2293 4326 2441 4396 quod
2478 4326 2638 4382 nobis
2665 4326 2935 4395 objiciunt
2966 4325 3352 4382 Tillemoutius
3383 4337 3441 4381 et
3469 4324 3691 4382 Ceillie—

2101 4419 2238 4484 rius,
2283 4417 2626 4490 Hippolytum
2676 4429 2925 4474 nostrum
2976 4419 3287 4475 venerando
3323 4421 3588 4493 martyris
3619 4418 3689 4473 ti-

494 4505 807 4585 Hierongini
834 4505 1042 4585 silentio
1069 4510 1407 4585 desumptuin
1437 4525 1625 4568 contra
1651 4512 1994 4570 Portuensem
2026 4515 2070 4571 ι)
2101 4513 2214 4567 tulo
2251 4527 2450 4568 exuere
2483 4512 2709 4567 minime
2746 4513 2909 4575 valet,
2958 4526 3060 4568 nec
3092 4511 3413 4570 Portuensis
3460 4513 3682 4585 quidem

488 4578 662 4631 sancti
700 4576 976 4648 Hippolyti
1006 4580 1177 4633 sedem
1216 4576 1568 4653 nequidquam
1600 4585 1889 4640 concludit.

495 4689 575 4745 En
608 4690 774 4762 igitur
809 4708 922 4763 quo
941 4703 1100 4764 pacto
1130 4695 1405 4765 sequioris
1442 4698 1541 4751 arvi
1574 4696 1873 4766 scriptores
1903 4712 1998 4768 pc-

422 4785 658 4843 culiares
700 4786 964 4857 quasdam
1006 4802 1192 4843 rerum
1226 4788 1451 4844 notitias
1500 4790 1644 4845 nacti
1694 4799 1843 4857 sunt,
1878 4808 2001 4862 qua:

496 4944 608 5018 (51)
639 4944 937 5018 ῥᾶβυηᾱυβ
958 4945 1326 5018 ιίτοηιιείιοο.
1355 4947 1474 5015 cit.,
1500 4962 1625 5018 pag.
1664 4946 1786 5002 155.

497 5016 610 5087 (52)
638 5014 831 5087 Editus
874 5017 942 5071 ah
985 5033 1051 5087 eo
1076 5027 1160 5072 est
1192 5017 1426 5072 Basilius
1460 5014 1767 5086 restitutus,
1800 5017 1855 5072 in
1890 5034 2001 5087 quo

422 5084 754 5158 ejusdemS.
781 5086 959 5143 Patris
987 5085 1227 5157 Operum
1269 5103 1337 5143 ex
1364 5088 1586 5158 Optimis
1620 5084 1759 5145 mss.
1786 5084 1997 5144 textum

423 5157 730 5223 castigavit,
761 5158 933 5221 auxit,
966 5159 1278 5226 illustravit,
1308 5166 1361 5214 et
1382 5157 1666 5214 versiones
1696 5159 1993 5215 recensuit.

426 5228 607 5283 Edidit
629 5228 732 5299 hoc
755 5244 893 5299 opus
919 5228 1146 5284 Parisiis
1172 5246 1264 5284 an.
1294 5227 1455 5299 1679,
1485 5228 1522 5281 2
1545 5227 1653 5283 vol.
1691 5227 1855 5282 in-8°.

498 5296 875 5382 (55)..Ηειίξςιιθ
905 5316 962 5353 re
976 5301 1253 5382 Ili-agendus
1275 5296 1376 5382 est_
1388 5297 1821 5382 antaninus‘i‘u‘
1838 5298 1999 5352 Anti-

425 5368 716 5448 quitatibus
740 5368 947 5435 Hortis,
976 5367 1071 5424 lib;
1104 5386 1164 5437 η,
1197 5386 1319 5451 cap.
1346 5371 1400 5435 5,
1431 5368 1458 5442 ς
1482 5370 1535 5432 5,
1568 5384 1692 5439 pag.
1718 5367 1823 5424 225
1845 5385 1996 5451 seqq.

427 5438 573 5519 fda...
598 5436 782 5519 Hortum
808 5456 953 5494 anno
983 5440 1143 5519 .1708,
1178 5442 1269 5519 ubi
1298 5440 1362 5519 ad
1399 5449 1642 5519 nostram
1676 5448 1999 5519 sententiam

427 5507 732 5577 instituitur
753 5522 954 5564 sermo.
967 5510 1267 5567 Adcundus
1290 5511 1455 5567 etiam
1488 5507 1724 5564 Lironus
1746 5508 1848 5565 loc.
1876 5511 1997 5577 cit.,

429 5576 783 5718 Ιηῗέλῗξίίᾶθ
814 5644 1182 5703 Fontaniuum
1220 5650 1328 5705 loc.
1363 5650 1481 5714 cit.,
1508 5663 1632 5720 pag.
1663 5647 1769 5703 226
1794 5656 1848 5703 et
1869 5647 1994 5704 22⁸7.

502 5718 616 5766 ι55)
674 5714 857 5766 Vetera
906 5717 1171 5766 Apulei-1..
1204 5735 1327 5766 mm.
1367 5719 1472 5766 587
1521 5720 1614 5766 ait-
1656 5719 1789 5766 odit-
1822 5717 1993 5766 Paris.

502 5717 616 5785 (55)
674 5717 857 5769 Vetera
906 5717 1172 5782 Analect.,
1204 5735 1327 5789 pag.
1367 5719 1472 5773 587
1512 5717 1614 5773 cit.
1656 5719 1789 5773 edit.
1822 5717 1994 5774 Paris.

435 5786 595 5843 1725.
636 5786 921 5858 Legendus
960 5787 1120 5843 etiam
1156 5788 1496 5846 Fontauinus
1532 5790 1634 5846 loc.
1664 5789 1753 5845 cit.
1790 5805 1843 5859 p.
1868 5790 2013 5855 “230,

2105 4604 2279 4676 ipsius
2309 4603 2491 4669 sedes,
2524 4610 2605 4657 tot
2631 4603 2864 4674 egregiis
2892 4611 3139 4659 veterum
3164 4604 3501 4675 scriptorum
3525 4604 3685 4660 testi-

2106 4696 2306 4751 moniis
2338 4696 2614 4764 roborata,
2642 4697 2833 4752 eodem
2863 4696 2990 4752 licet
3022 4696 3217 4753 silente
3247 4697 3512 4781 Eusebio,
3550 4709 3684 4751 nus-

2105 4789 2252 4858 piam
2280 4786 2527 4858 profecto
2555 4796 2864 4845 evanescet.
2896 4787 3000 4844 Sed
3033 4788 3165 4859 quid
3207 4786 3547 4846 Massuetum
3580 4801 3679 4857 apo

2107 4945 2199 5002 ubi
2223 4945 2338 5001 haec
2364 4944 2485 5002 fuse
2521 4953 2837 5002 narrantur.

2177 5016 2290 5088 (56)
2314 5015 2545 5088 Dissert.
2571 5017 2606 5073 5
2640 5018 2693 5071 in
2726 5019 3015 5075 Irenaeum.
3040 5015 3317 5073 Videndus
3338 5017 3506 5073 etiam
3532 5015 3685 5088 Cave

2105 5089 2160 5142 in
2213 5087 2532 5157 scriptorum
2570 5089 3041 5143 ecclesiasticarum
3091 5088 3333 5143 Historia
3384 5087 3668 5147 litteraria,

2107 5156 2329 5229 tom.l,
2360 5172 2416 5228 p.
2449 5157 2538 5223 67,
2580 5159 2781 5214 sazculo
2827 5157 3107 5223 Gnostico,
3143 5159 3237 5229 qui
3279 5157 3468 5213 eodem
3512 5170 3673 5225 argu-

2105 5228 2304 5299 menti_
2330 5242 2570 5299 genere),
2628 5229 2955 5284 saeculorum
3012 5228 3361 5299 sequiorum?
3398 5238 3671 5299 commen-

2107 5306 2219 5351 tum
2271 5293 3069 5370 Sflrenagi'martyriumdicit
3091 5293 3122 5353 ἐ
3156 5318 3179 5370 γε
3211 5297 3379 5370 Quod
3404 5313 3533 5352 vero
3561 5293 3671 5347 lre-

2106 5384 2254 5423 naeus
2281 5376 2483 5439 martyr
2511 5366 2683 5425 fuisse
2709 5366 2870 5439 vulgo
2893 5369 3126 5431 dicatur,
3151 5369 3203 5424 id
3228 5368 3543 5439 sequiorum
3570 5377 3660 5433 ρον

2107 5439 2217 5494 tius
2239 5438 2560 5493 saecuIOrum
2591 5438 2961 5493 commentum
2994 5438 3327 5495 censendum
3359 5441 3493 5502 erit;
3526 5440 3669 5488 certe

2104 5507 2386 5575 ignorasse
2421 5508 2675 5563 videntur
2701 5509 3027 5564 vetustiores
3070 5509 3466 5572 Tertullianus,
3501 5503 3668 5559 Euse-

2102 5577 2635 5659 biusLi‘lugustinus,
2677 5577 3073 5659 Theodoretus.
3110 5599 3136 5659 ε

2105 5636 2544 5772 δέὸἔὲυῖεεθη.
2582 5636 2749 5718 prter.
2786 5649 2845 5705 in
2888 5649 3079 5706 lreuaei
3110 5649 3231 5716 lib.,
3262 5647 3364 5716 90,
3392 5643 3483 5712 9|,
3516 5637 3549 5714 δ
3578 5636 3675 5708 3!,

2179 5759 2193 5786 ,
2226 5734 2316 5772 ea.

3776 5109 3786 5141 l
