4074 6448
351 379 456 434 485

1129 376 1216 435 DE
1255 379 1648 437 PORTUENSI
1688 381 1746 436 S.
1784 373 2147 434 lllPPOLYTl
2190 375 2386 434 SEDE.
2431 410 2499 419 —-
2537 374 2719 434 PA'RS
2757 374 2821 433 ll.

3516 389 3623 446 «586

350 501 573 559 Eusebii
626 521 691 560 ac
734 503 793 559 S.
826 502 1142 576 Hieronymi
1173 506 1391 559 silentio
1425 514 1633 559 tantum
1668 505 1939 559 mananti-
1968 512 2011 565 Α
2044 502 2272 568 venerit,
2320 511 2374 555 et
2404 501 2626 555 demum
2658 500 2878 570 quando
2909 500 3191 559 ordinatus
3224 500 3386 559 fuerit
3413 504 3629 575 episco-

348 594 473 662 bus,
503 594 828 668 Hippolytus
862 605 1047 652 noster
1080 606 1159 651 tot
1185 597 1401 652 eximiis
1431 597 1788 651 suadentibus
1816 612 1931 650 mo-

346 690 650 753 numeutis,
696 696 843 744 recte
872 688 1091 758 quidem
1138 703 1205 742 ac
1246 697 1364 741 tuto
1408 688 1761 755 imposterum
1798 683 1930 739 Por-

347 781 559 837 tuensis
590 780 885 851 episcopus
910 779 1193 845 dicendus,
1224 787 1280 832 et
1306 778 1461 846 quasi
1494 774 1813 845 postliminii
1836 775 1929 845 ju-

344 888 426 939 re,
459 871 893 944 suifragantibus
939 884 1160 940 quoque
1196 869 1473 939 aliquibus
1520 868 1928 922 vetustissimo-

344 982 469 1021 rum
491 964 745 1020 codicum
773 962 942 1026 notis,
960 959 1249 1015 Portuensi
1277 958 1533 1015 Ecclesia:
1559 958 1928 1015 restituendus

342 1064 446 1120 est,
480 1070 549 1109 ex
577 1068 690 1125 qua
730 1051 1110 1107 Tillemontius
1138 1050 1341 1120 aliique
1366 1050 1436 1105 ob
1469 1049 1762 1105 nonnullas
1796 1065 1927 1103 con-

336 1144 584 1215 jecturas
625 1143 850 1199 Eusebii
904 1152 957 1198 et
992 1141 1048 1196 S.
1081 1140 1396 1214 Hieronymi
1444 1141 1659 1197 silentio
1714 1149 1924 1196 tantum

340 1236 584 1303 innixas,
616 1236 772 1290 illum
807 1234 1081 1288 immerito
1108 1234 1463 1289 divulserant.

413 1328 674 1384 Veterum
723 1327 1039 1397 hujusmodi
1075 1335 1329 1381 notarum
1360 1325 1673 1395 praestantia
1700 1339 1766 1378 ex
1797 1338 1919 1377 mox

338 1418 628 1475 recensitis
682 1418 947 1489 exetnplis
995 1419 1221 1474 cuilibet
1267 1426 1540 1486 comperta
1577 1432 1697 1472 esse
1723 1425 1921 1485 potest,

338 1512 662 1581 nullumque
709 1509 776 1564 de
809 1525 996 1563 earum
1032 1509 1366 1579 ingenuitate
1408 1507 1633 1561 dubium
1665 1507 1922 1576 cuiquam

337 1604 469 1659 oriri
501 1618 666 1674 posse
697 1618 1007 1663 censemus.
1045 1601 1202 1671 quasi
1231 1599 1435 1655 fictitia:
1455 1608 1638 1654 essent
1662 1614 1726 1654 ac
1756 1600 1924 1653 libra-

334 1697 548 1751 riorum
594 1694 812 1750 somnia
862 1693 1190 1747 redolerent.
1234 1689 1455 1747 Veteres
1499 1691 1643 1745 enim
1690 1691 1918 1756 librarii,

333 1805 432 1859 spe
477 1788 706 1857 majoris
745 1786 883 1841 lucri
916 1785 1100 1850 illecti,
1134 1801 1197 1840 ea
1227 1785 1603 1839 tantummodo
1631 1783 1920 1853 aliquoties

2040 609 2165 661 pus.
2204 589 2328 646 Haec
2357 592 2539 646 omnia
2568 592 2635 645 de
2667 592 2978 662 Agobardo,
3004 608 3237 662 quorum
3269 596 3529 653 nonnulla
3552 598 3629 652 si-

2039 683 2207 737 lentio
2224 683 2602 752 prmterierunt
2622 682 2738 736 Ado
2769 681 3091 738 Viennensis
3117 683 3184 737 ad
3219 700 3346 740 ann.
3367 684 3624 757 810(58),

2044 773 2200 843 Ilugo
2248 771 2358 844 (59)
2412 772 2842 829 Flaviniaeensis
2891 774 2959 828 ad
3012 791 3142 830 ann.
3172 775 3296 840 821,
3327 787 3381 832 et
3430 788 3624 834 auctor

2037 865 2289 920 Chroniri
2328 864 2389 921 S.
2417 866 2638 936 Benigni
2675 867 3020 922 Divionensis
3048 869 3115 923 ad
3155 886 3284 924 ann.
3317 871 3421 926 840
3458 870 3624 943 (ideo-

2036 972 2141 1026 que
2165 957 2383 1028 Papirio
2411 956 2690 1013 Massonio
2718 959 2828 1031 (60)
2855 969 2908 1014 et
2938 958 3213 1029 Stephano
3246 957 3619 1034 Baluzio(61),

2036 1047 2314 1118 Agobardi
2362 1049 2663 1104 editoribus
2712 1065 2938 1119 prorsus
2980 1051 3317 1122 incomperta
3341 1052 3383 1122 ),
3435 1055 3623 1111 multis

2034 1142 2237 1196 abhinc
2268 1142 2427 1196 anuis
2451 1158 2479 1196 a
2508 1141 2925 1211 diligentissimo
2960 1152 3199 1205 veterum
3234 1158 3619 1202 monumento-

2034 1249 2154 1287 rum
2196 1234 2580 1304 investigatnre
2608 1233 2816 1289 Joanne
2856 1234 3171 1289 Mabillouio
3207 1235 3340 1306 (62),
3374 1237 3606 1293 deducta

2031 1324 2255 1380 fuerunt
2281 1340 2348 1379 cx
2382 1326 2754 1381 vetustissimo
2777 1328 2962 1383 codice
2989 1327 3145 1383 Bedze
3179 1329 3250 1383 De
3273 1330 3613 1399 temporibus,

2031 1418 2126 1487 qui
2177 1417 2452 1487 quondam
2505 1417 2608 1472 fuit
2654 1419 2995 1475 bibliotheca:
3046 1420 3444 1487 Lugdunensis,
3493 1439 3618 1493 qua:

2031 1509 2232 1564 misere
2281 1508 2535 1563 incendio
2579 1509 2865 1581 absumpta
2914 1510 3037 1578 fuit,
3066 1528 3134 1567 ex
3175 1514 3332 1583 cujus
3379 1514 3615 1571 ﬂammis

2030 1610 2249 1672 ereptus
2298 1602 2352 1656 in
2402 1601 2629 1656 Joannis
2666 1601 2845 1658 Boscii
2881 1620 3073 1660 manus
3107 1606 3342 1669 devenit,
3379 1616 3433 1661 et
3458 1617 3613 1676 post-

2030 1694 2252 1748 modum
2304 1695 2358 1747 in
2394 1692 2801 1748 Vallicellanam
2838 1694 3222 1753 bibliothecam
3262 1708 3345 1753 est
3378 1700 3614 1755 transla-

2031 1796 2136 1842 tus.
2172 1786 2228 1839 ln
2258 1788 2363 1841 hoc
2390 1788 2849 1856 praestantissimo
2879 1790 3066 1845 codice
3100 1790 3406 1859 ipsiusmet,
3438 1804 3496 1850 ut
3516 1811 3610 1864 pu-

331 1879 741 1944 conﬁnxerunt,
775 1893 1009 1948 quorum
1058 1893 1160 1947 ope
1194 1877 1365 1932 libros
1412 1892 1542 1932 suos
1574 1877 1921 1947 pretiosiores
1954 1871 1995 1925 Β
2028 1886 2164 1941 tant,
2197 1878 2469 1946 Agebat-di
2502 1894 2664 1932 manu
2719 1880 2831 1933 luec
2864 1881 3199 1935 adnotantur
3229 1900 3242 1935 :
3284 1883 3418 1935 «779
3447 1902 3460 1938 :
3493 1884 3608 1941 lloc

330 1970 624 2025 redderent
672 1970 964 2039 cariusque
992 1969 1332 2039 venditarent
1360 1986 1374 2023 :
1404 1968 1636 2037 ideoque
1684 1967 1918 2037 putidis-

330 2067 476 2123 sima
523 2067 774 2137 quaedam
828 2072 1158 2131 commenta,
1208 2080 1329 2133 qua:
1376 2062 1561 2119 forsan
1615 2073 1914 2133 emptorem

332 2169 446 2213 tam
493 2156 651 2212 facile
683 2155 951 2223 .nancisci
984 2171 1090 2211 non
1125 2164 1395 2225 poterant,
1438 2165 1753 2211 sanctorum
1782 2157 1915 2211 Am-

326 2251 530 2316 brosii,
553 2248 894 2320 Hieronymi,
911 2248 1309 2319 Chrysostomi,
1325 2248 1671 2317 aliorumque
1688 2254 1914 2319 magno-

324 2359 452 2397 rum
508 2342 756 2396 virorum
814 2340 1129 2395 nominibus
1180 2349 1463 2405 ornarunt,
1506 2349 1567 2394 ut
1618 2340 1912 2409 inexpertis

326 2434 670 2505 emptoribus
695 2431 880 2488 fucum
913 2431 1170 2487 facerent.
1208 2430 1409 2486 Verum
1438 2431 1494 2486 S.
1528 2430 1799 2503 Hippolyti
1828 2448 1912 2487 se-

322 2526 426 2581 des
457 2526 542 2579 vel
572 2523 914 2579 Portuensis.
944 2521 1029 2576 vel
1055 2521 1311 2588 Arabica,
1349 2520 1727 2591 pretiosiorem
1760 2521 1910 2575 codi—

323 2633 447 2673 cem
472 2616 683 2672 ellicere
713 2616 860 2671 haud
884 2622 1118 2685 poterat,
1149 2614 1379 2684 ideoque
1405 2629 1532 2668 cum
1563 2614 1639 2668 illi
1661 2594 1906 2683 ejusdem

324 2709 388 2764 S.
418 2710 662 2780 episcopi
713 2725 879 2779 opera
920 2724 989 2764 ex
1037 2706 1441 2776 antiquioribus
1478 2704 1759 2760 codicibus
1810 2707 1905 2761 de-

321 2803 667 2871 scripserint,
697 2811 858 2858 notas
882 2818 914 2857 a
947 2800 1220 2857 veteribus
1249 2798 1480 2868 margini
1512 2798 1906 2867 appositas,vel

317 2897 513 2951 titulos
556 2896 872 2952 ﬁdelissime
920 2892 1279 2964 exscripsisse
1333 2890 1609 2946 fatendum
1655 2899 1740 2946 est
1769 2890 1901 2962 (56).

319 2989 558 3044 Demum
599 2988 916 3045 earumdem
948 2998 1199 3042 notarum
1239 2984 1476 3040 brevitas
1503 2994 1557 3039 et
1583 2983 1905 3054 simplicitas

317 3083 554 3139 omnino
582 3081 707 3139 falsi
739 3082 1108 3152 suspicionem
1141 3079 1207 3134 de
1236 3078 1414 3133 medio
1446 3077 1660 3143 tollunt,
1693 3078 1819 3147 quia
1847 3079 1901 3132 in

314 3176 461 3246 ipsis
506 3190 607 3231 nec
642 3176 835 3231 inanes
865 3174 1154 3229 verborum
1183 3171 1462 3225 habentur
1486 3170 1768 3236 circuitus,
1802 3185 1903 3226 nec

312 3278 590 3339 portenta,
618 3269 701 3324 vel
730 3267 1067 3323 incredibilia
1102 3274 1419 3330 narrantur,
1444 3265 1902 3335 quemadmodum

313 3361 439 3416 ﬁeri
475 3362 615 3416 solet
640 3361 695 3415 in
728 3359 879 3416 Actis
908 3367 1224 3415 sanctorum
1260 3373 1290 3412 a
1320 3356 1683 3427 Metaphraste
1716 3357 1899 3423 editis,

310 3470 447 3524 quae
492 3455 685 3509 merito
731 3468 922 3508 omnes
967 3450 1113 3507 docti
1141 3449 1243 3504 viri
1272 3450 1545 3518 rejiciunt.
1592 3447 1647 3502 ln
1699 3449 1902 3504 nostris

309 3543 467 3597 notis
498 3542 845 3597 solummodo
878 3540 1139 3605 habetur,
1165 3539 1473 3608 cujusnam,
1504 3538 1734 3608 exempli
1765 3553 1900 3593 caua

308 3650 404 3703 sa,
433 3634 692 3690 Ecclesiae
718 3633 887 3688 Caius
921 3631 1202 3703 presbyter
1233 3630 1419 3697 fuerit,
1447 3630 1532 3686 vel
1567 3630 1854 3701 episcopus
1880 3648 1895 3696 ;

306 3743 431 3798 quo
467 3742 619 3782 anno
638 3725 961 3796 Agobardus
996 3723 1110 3794 (57)
1155 3722 1535 3794 Lugdunensis
1579 3731 1740 3778 natus
1785 3723 1894 3787 sit;

299 3834 428 3890 qun
457 3825 699 3888 tempore
732 3830 800 3871 ex
832 3812 1111 3884 Hispaniis
1142 3813 1197 3867 in
1226 3811 1457 3868 Galliam
1490 3809 1895 3867 Narbonensem

411 3954 504 4025 56)
544 3952 681 4025 Vide
713 3952 1020 4025 Lironium,
1055 3968 1110 4023 p.
1137 3952 1328 4025 1§1Aet
1355 3964 1508 4021 seqq.

410 4021 501 4098 57)
545 4044 563 4077 α
595 4024 640 4079 Α
678 4023 938 4086 obardus,
971 4021 1129 4092 gerite
1157 4022 1365 4085 Gallus,
1410 4030 1573 4076 natus
1603 4034 1732 4078 ann.
1764 4021 1891 4084 779,

410 4115 463 4147 ιο
492 4112 620 4147 vero
644 4042 750 4147 782
774 4109 837 4147 ex
869 4092 1125 4147 Hisnania
1152 4093 1207 4146 in
1234 4092 1461 4147 Galliam
1485 4089 1889 4146 Narbonensem

301 4089 463 4153 anno
484 4089 620 4151 'vero
646 4089 750 4148 782
774 4109 837 4147 ex
869 4089 1125 4162 Hispania
1152 4093 1207 4146 in
1234 4092 1461 4147 Galliam
1485 4089 1889 4162 Narbonensem

299 4167 486 4231 venit,
514 4181 659 4220 anno
688 4164 794 4218 815
815 4159 1082 4219 Leidrado
1109 4163 1518 4231 archiepiscopo
1537 4159 1889 4230 Lugdunensi

301 4245 599 4295 senectute
645 4244 871 4307 gravato
924 4233 1276 4307 coepiscopus
1307 4232 1637 4307 substitutus
1661 4239 1764 4295 est,
1791 4246 1888 4286 eo-

299 4324 422 4379 que
452 4308 613 4377 paulo
646 4300 860 4379 'po_s_t‘in
881 4300 1277 4379 monasterium
1297 4300 1717 4379 _Suessionense
1739 4315 1890 4356 sece-

296 4370 478 4435 dente
524 4370 672 4432 anno
707 4374 811 4429 816
858 4375 1113 4429 tln'onum
1150 4371 1579 4443 Lugdunensem
1631 4370 1887 4443 deinceps

296 4450 466 4504 solus
492 4447 685 4501 tenuit.
719 4486 733 4501 .
765 4486 779 4500 .
811 4443 969 4499 Anno
999 4444 1104 4498 840
1145 4441 1479 4497 Ludovicum
1516 4441 1581 4494 ad
1622 4442 1884 4496 tuendum

294 4520 468 4574 littus
521 4515 784 4572 orientale
833 4512 1010 4569 Rheni
1048 4513 1291 4567 ﬂuminis
1330 4508 1634 4581 profectum
1663 4520 1884 4566 secutus

2026 1984 2169 2023 anno
2220 1980 2381 2024 natus
2428 1987 2571 2024 sum.
2609 1971 2713 2025 782
2746 1991 2758 2025 :
2796 1971 2912 2026 lloc
2961 1988 3107 2028 anno
3151 1974 3218 2029 ab
3246 1974 3519 2046 llispauiis
3548 1979 3605 2032 in
3642 1996 3645 1999 ·

2025 2059 2253 2115 Galliam
2282 2059 2695 2117 Narbonensem
2723 2063 2866 2118 veni.
2897 2063 3002 2118 792
3036 2083 3049 2119 :
3078 2064 3190 2120 Hoc
3214 2083 3360 2121 anno
3388 2067 3607 2141 Lugdu-

2023 2166 2155 2205 num
2182 2169 2212 2205 a
2252 2151 2443 2207 Gothis
2474 2153 2728 2222 primum.
2769 2195 2784 2209 .
2827 2197 2839 2209 .
2879 2155 2983 2210 804
3013 2176 3025 2209 :
3050 2156 3491 2216 Benedictionem
3519 2163 3605 2218 in-

2021 2242 2218 2312 dignus
2250 2245 2485 2313 suscepi.
2526 2264 2544 2295 ι
2590 2244 2853 2315 Deinceps
2877 2247 3003 2315 alia,
3036 2258 3097 2303 ut
3124 2250 3353 2315 videtur,
3391 2269 3554 2309 manu
3582 2270 3600 2310 :

2026 2351 2045 2382 ‹
2077 2331 2181 2389 816
2211 2349 2224 2385 :
2256 2330 2360 2387 lste
2389 2335 2645 2389 cathedra
2670 2336 2874 2404 potitur
2898 2352 3046 2391 anno
3070 2347 3280 2393 octavo.
3311 2340 3417 2395 840
3447 2361 3459 2396 :
3484 2342 3602 2399 Hoc

2020 2438 2165 2477 anno
2195 2434 2394 2479 sanctae
2422 2428 2696 2482 memoriae
2728 2428 3051 2494 Agobardus
3080 2429 3457 2494 Lugdunensis
3480 2436 3600 2504 epi-

2017 2530 2217 2580 scopus
2257 2517 2390 2572 obiit
2420 2535 2515 2572 vni
2546 2517 2672 2574 ldus
2698 2518 2847 2574 Junii
2878 2519 3009 2593 (65).
3043 2542 3062 2574 ι
3104 2520 3217 2578 Hoc
3240 2526 3595 2594 praeclarissi-

2016 2622 2166 2661 mum
2196 2610 2485 2665 vetustatis
2515 2623 2953 2677 monumentum,
2988 2614 3134 2683 quod
3165 2615 3427 2672 beneficio
3456 2616 3598 2674 tanti

2014 2699 2118 2752 viri
2145 2700 2423 2770 vulgatum
2458 2701 2581 2760 fuit.
2617 2703 2720 2757 ista
2767 2705 2953 2759 omnia
2985 2719 3086 2760 nos
3115 2705 3300 2761 docuit
3328 2725 3450 2778 quae
3475 2726 3594 2766 ma-

2008 2792 2158 2862 jores
2205 2793 2374 2847 nostri
2424 2795 2637 2863 penitus
2672 2798 3010 2867 ignorarunt.
3044 2797 3317 2866 Agobardi
3359 2807 3590 2857 mortem

2013 2883 2120 2938 hoc
2151 2886 2340 2938 eodem
2366 2899 2509 2938 anno
2538 2894 2593 2939 et
2613 2885 2702 2940 die
2736 2885 2976 2940 referunt
3012 2903 3172 2957 supra
3203 2890 3453 2947 laudatus
3490 2907 3591 2945 au-

2011 2984 2129 3029 ctor
2159 2974 2407 3030 Chronici
2434 2972 2491 3030 S.
2528 2974 2750 3046 Benigni
2781 2975 3123 3033 Divionensis
3148 2978 3275 3050 (64),
3307 2990 3360 3035 et
3390 2980 3590 3055 Marty-

2011 3068 2279 3138 rologium
2317 3068 2574 3123 Ecclesia:
2603 3066 3005 3139 Lugdunensis,
3039 3071 3185 3139 quod
3226 3071 3327 3126 hac
3358 3072 3473 3143 ipsa
3501 3075 3588 3129 die

2009 3161 2180 3215 sancti
2213 3160 2313 3214 viri
2341 3160 2659 3214 memoriam
2693 3160 2908 3214 exhibet
2964 3164 3191 3226 Cretera,
3220 3179 3287 3217 ne
3315 3164 3587 3235 longiores

2011 3252 2217 3317 simus,
2268 3251 2597 3308 Gallicarum
2651 3251 3035 3322 antiquitatum
3078 3254 3339 3311 studiosis
3394 3256 3583 3313 discu-

2010 3344 2191 3401 tienda
2230 3346 2613 3416 relinquimus.

2010 3474 2121 3530 Vll.
2148 3476 2314 3548 (Tales
2347 3487 2487 3532 nota:
2515 3493 2840 3548 nequaquam
2872 3494 2905 3532 a
2938 3478 3174 3548 librariis
3201 3478 3461 3547 conﬁcta,
3487 3480 3582 3536 sed

2076 3546 2154 3601 vel
2179 3546 2403 3614 alt-ipsis
2433 3544 2799 3618 scriptoribus,
2831 3549 2906 3601 vel
2936 3544 3000 3603 ab
3035 3565 3213 3602 eorum
3242 3544 3450 3615 adticis,
3486 3569 3578 3605 seu

2075 3618 2374 3698 discipulis,
2419 3628 2514 3672 aut
2562 3617 2751 3672 saltem
2779 3620 2964 3689 peritis
2998 3621 3123 3673 viris
3152 3621 3367 3688 [uerunt
3415 3637 3579 3691 appo-

2076 3698 2213 3743 δίζω.

2075 3799 2272 3857 Breves
2310 3802 2473 3874 igitur
2525 3813 2715 3869 notas,
2748 3819 2874 3874 qua:
2916 3805 2970 3857 in
3025 3805 3255 3861 vetustis
3295 3806 3577 3864 codicibus

2002 3955 2267 4027 Bibliotltt
2298 3954 2358 4011 P.
2388 3966 2520 4011 tom.
2555 3956 2698 4018 XVI,
2726 3974 2779 4027 p.
2811 3958 2934 4013 768.

2030 4095 2042 4107 θ
2070 4026 2182 4107 (ξὶθ)
2205 4026 2399 4107 _Hugo,
2421 4043 2499 4107 ex
2533 4026 2817 4107 monacho
2838 4027 3163 4107 Vit-dunensi
3204 4027 3575 4107 Flaviniacen-

1999 4096 2076 4150 sis
2104 4097 2160 4168 in
2185 4098 2397 4168 ducatu
2418 4096 2743 4168 Burgundiae
2769 4098 2938 4152 abbas
2966 4099 3190 4168 electus,
3233 4101 3429 4156 claruit
3475 4118 3575 4157 an-

1998 4182 2069 4219 no
2105 4166 2264 4233 1101,
2297 4166 2624 4237 scripsitque
2656 4167 2948 4222 Ultronicou
2996 4167 3320 4223 Virdunense
3351 4172 3404 4225 in
3432 4173 3572 4230 duas

1997 4244 2178 4304 partes
2206 4236 2581 4306 distributum,
2616 4239 2849 4306 primam
2898 4253 2929 4291 a
2969 4237 3188 4293 Christo
3213 4248 3342 4293 nato
3372 4242 3437 4295 ad
3465 4257 3569 4295 an-

1995 4305 2317 4379 11111111ου2,
2347 4307 2572 4361 alteram
2603 4305 2673 4361 ab
2696 4308 2886 4379 eodem
2930 4322 3074 4379 anno
3118 4308 3185 4362 ad
3230 4309 3383 4363 1102.
3419 4308 3571 4379 Opus

1996 4375 2139 4429 istud
2168 4376 2484 4446 thesaurum
2510 4378 2791 4446 undecimi
2822 4378 3122 4446 praesertim
3152 4379 3334 4434 saeculi
3364 4375 3569 4436 incom-

1992 4445 2287 4517 parahilem
2322 4456 2476 4517 vocat
2505 4445 2790 4511 Labbaeus,
2817 4447 2923 4517 qui_
2952 4446 3079 4500 illud
3127 4464 3191 4502 ex
3226 4449 3344 4517 ipso
3372 4463 3569 4507 aucto-

1992 4515 2068 4570 ris
2096 4516 2433 4585 autographo
2465 4515 2522 4569 in
2551 4515 2874 4571 bibliotheca
2896 4515 3229 4572 Jesuitarum
3249 4515 3566 4579 Claromon-

294 4604 404 4644 vm
437 4586 564 4644 ldus
595 4584 755 4659 Junii
779 4587 919 4659 apud
947 4582 1249 4659 Sanctonas
1287 4579 1458 4659 obiit._
1479 4580 1605 4634 Acri
1647 4590 1764 4659 erat
1803 4581 1888 4659 in-
1918 4579 1963 4634 D
1995 4579 2254 4659 tantorum
2270 4579 2559 4659 asset-vate
2603 4586 3058 4659 edidit__Biblioth.
3095 4604 3211 4642 nov.
3252 4606 3407 4656 mss.,
3442 4601 3482 4646 t.
3518 4592 3561 4659 1,

295 4658 493 4740 εςηίο,
527 4672 627 4712 nec
668 4650 878 4740 vulgari
915 4654 1239 4740 eruditi-oue,
1271 4650 1886 4740 quaestioguumf‘heolp.
1985 4670 2110 4740 pag.
2148 4654 2234 4740 75.
2270 4652 2574 4740 VideICavc
2612 4665 2745 4740 tom.
2776 4655 2820 4710 11
2849 4658 3023 4740 citas”
3059 4673 3182 4729 pag.
3220 4660 3343 4724 185,
3370 4650 3425 4716 et
3454 4650 3566 4718 Ou;

293 4721 554 4802 éicarum
576 4721 960 4797 peritissimus,
985 4721 1564 4802 di_sci_pliu:e_Eeclesia;
1583 4736 1887 4802 canonum-

291 4791 417 4870 ἔλυε
442 4791 790 4870 antiquorum
820 4791 1259 4870 consultissimus
1284 4792 1472 4870 judes,
1511 4791 1706 4870 vindex
1733 4806 1887 4870 ace_r_-

292 4861 506 4924 ftmus.
538 4861 719 4921 {Haec
745 4866 811 4920 de
845 4865 937 4919 illo
968 4864 1157 4920 scribit
1190 4864 1335 4919 Cave
1364 4862 1506 4915 Hist.
1534 4861 1722 4928 litter.,
1747 4870 1784 4916 t.
1816 4861 1880 4926 ll,

340 4955 435 5009 ag.
466 4938 555 5009 1|,
589 4938 680 4993 ubi
715 4934 943 5009 pag._1‘2_
964 4932 1583 5009 illiusOperareceuset,
1602 4947 1725 5009 quae
1750 4947 1882 4988 cura

274 5000 513 5079 Papirii
539 5000 1050 5079 blassoitiiParisiis
1071 5000 1214 5079 anno
1246 5003 1383 5079 11105
1401 5000 1520 5079 _in-8
1542 5000 1880 5079 prtulierunt,

340 5069 538 5147 tta-eque
570 5077 888 5147 castigatius
932 5075 1232 5147 recensita
1266 5069 1576 5147 Stephanus
1624 5069 1880 5147 Baluzius

340 5096 538 5147 uteque
570 5096 888 5146 casugauus
945 5096 1211 5129 recensnta
1266 5096 1576 5142 atcpllauus
1625 5096 1880 5127 Danuuus

288 5096 535 5206 garisiis
564 5164 709 5203 anno
738 5146 894 5211 1666,
919 5144 955 5198 2
987 5145 1095 5199 vol.
1127 5144 1261 5211 in-8,
1290 5144 1479 5207 edidit,
1531 5144 1784 5213 notisque
1818 5144 1882 5196 il-

291 5219 584 5285 lustravit;
613 5232 735 5288 quaa
755 5217 991 5288 quidem
1024 5215 1502 5288 pulcherrimaest
1543 5220 1599 5288 et
1627 5224 1880 5288 amceurata

291 5289 506 5346 editio:
527 5280 668 5344 hanc
682 5280 975 5341 editionem
1012 5280 1322 5339 novissima:
1349 5282 1602 5338 Biblioth.
1632 5280 1749 5337 PP.
1785 5299 1881 5337 cu-

287 5370 514 5416 ratores
544 5368 674 5417 tom.
708 5354 852 5420 XIV,
886 5372 942 5425 p.
962 5356 1088 5420 254,
1116 5364 1519 5425 expresserunt.
1551 5368 1561 5378 ·

378 5430 489 5500 (58)
524 5428 644 5483 Ado
670 5429 836 5483 etiam
864 5423 1085 5500 ‘Gallus
1126 5423 1271 5479 anno
1300 5423 1407 5500 859
1435 5423 1878 5500 archiepiscopus

291 5497 636 5555 Viennensis
663 5497 1024 5561 renuntiatus,
1073 5497 1212 5550 inter
1248 5497 1409 5551 .varia
1457 5511 1621 5564 opera
1659 5509 1688 5549 a
1734 5497 1878 5548 Cave

294 5584 443 5627 tom.
473 5569 519 5623 ll
556 5571 743 5631 citato,
763 5577 833 5637 'p.
867 5568 956 5637 52,
986 5566 1274 5637 recensita,
1310 5565 1642 5637 Brevitzrium
1669 5566 1879 5637 chroni—

291 5657 484 5695 corum
510 5640 573 5694 de
598 5655 689 5694 sea:
721 5635 906 5691 mundi
934 5636 1198 5700 wtatibus,
1231 5651 1261 5690 a
1294 5635 1482 5689 mundi
1513 5636 1666 5689 initio
1693 5636 1759 5689 ad
1787 5651 1879 5689 an-

292 5727 435 5766 num
463 5711 567 5765 874
590 5706 1616 5780 perductguu,ocomposuit,_prodiitque
1644 5708 1872 5780 seorsim

290 5782 528 5837 Parisiis
568 5775 696 5834 a'nn.
739 5775 893 5842 1522,
923 5787 977 5832 et
1024 5792 1145 5831 cum
1190 5777 1248 5830 S.
1281 5776 1544 5844 Gregorio
1573 5775 1875 5830 ’l‘uronensi

291 5853 529 5910 Parisiis
562 5849 699 5906 1512
725 5860 778 5905 et
810 5848 965 5916 1567,
997 5845 1222 5903 Basilete
1252 5845 1410 5911 1568,
1443 5855 1498 5902 et
1536 5847 1772 5917 denique
1818 5849 1873 5900 iu

1986 4725 2174 4797 diuum
2205 4733 2337 4797 tom.
2375 4725 2441 4790 11,
2471 4727 2659 4797 saecul.
2683 4743 2761 4794 χι,
2804 4742 2855 4797 p.
2888 4725 3012 4782 886.

1986 4793 2166 4919 f0l(6g)
2209 4794 2265 4849 In
2291 4794 2522 4867 SynOpsi
2549 4793 2823 4867 Agobardi
2857 4798 3002 4868 apud
3034 4796 3338 4866 Baluzium,
3365 4809 3496 4856 tom.
3516 4802 3560 4872 1,

2010 4880 2081 4919 0|.
2110 4880 2164 4919 ἔ).

2057 4935 2164 5005 (61)
2206 4933 2266 5005 In
2301 4935 2466 5005 notis.
2493 4950 2547 5004 p.
2579 4937 2638 4992 4.

2054 5004 2165 5079 (02)
2207 5004 2321 5060 Iter
2367 5004 2641 5079 Itgljcum,
2666 5015 2808 5079 tom.
2841 5008 2883 5075 l,
2922 5024 3045 5079 pag.
3074 5008 3144 5062 67
3166 5008 3558 5079 edit._Luteti:e

1983 5073 2158 5130 Paris.
2209 5091 2355 5130 anno
2389 5076 2550 5139 1724,
2589 5077 2677 5131 ubi
2711 5079 2818 5145 agit
2849 5073 3272 5133 de'bi'nliotht-ca
3307 5077 3557 5135 Vallicel-

1987 5146 2130 5205 lana.
2164 5146 2224 5216 in
2253 5163 2356 5216 qua
2395 5147 2686 5215 praedictus
2711 5147 2868 5203 Beda:
2889 5150 3059 5203 codex
3082 5157 3413 5202 asservatur.

2053 5216 2164 5287 (65)
2204 5214 2283 5270 ln‘
2314 5218 2504 5272 eodem
2562 5219 2751 5274 codice
2796 5220 2912 5273 haec
2959 5220 3142 5272 statim
3201 5227 3507 5287 sequuntur
3533 5236 3551 5272 :

1988 5305 2005 5335 ι
2046 5287 2392 5358 Ludovjchus
2428 5287 2552 5357 (sic)
2582 5303 2801 5358 quoque
2825 5289 3120 5358 imperator
3140 5287 3443 5358 defunctus
3467 5300 3555 5345 est

1982 5373 2013 5409 χ
2052 5355 2191 5428 Kal;
2218 5354 2343 5411 Julii
2364 5354 2482 5428 μὲι
2530 5354 3090 5428 inémoi'abile'atque
3137 5355 3551 5428 insigneropus,

1979 5428 2122 5494 quod
2151 5424 2351 5481 Forum
2384 5425 2546 5481 Vetus
2567 5432 2884 5490 vocabatur,
2912 5424 3158 5496 Lugduni
3194 5424 3401 5481 corruit
3423 5424 3550 5497 ipso

1979 5497 2064 5549 die
2116 5498 2372 5551 intrantis
2423 5500 2691 5560 autumni,
2743 5499 2889 5566 quod
2941 5506 3164 5551 steterat
3210 5512 3241 5550 a
3306 5505 3549 5566 tempore

1980 5515 2064 5549 me
2116 5515 2372 5551 mirantis
2423 5515 2691 5560 autumni,
2743 5515 2889 5551 (1100
2941 5515 3164 5551 Steterat
3210 5515 3241 5550 a
3306 5515 3545 5566 tempore

1980 5566 2199 5636 Trajani
2253 5583 2349 5636 per
2391 5583 2566 5621 annos
2617 5566 2730 5621 fere
2762 5515 2887 5620 l700.
2940 5566 3036 5620 841
3072 5567 3303 5636 Amolo,
3342 5570 3545 5635 prtelati

1977 5635 2218 5706 episcopi
2256 5635 2566 5719 diaconus,
2615 5636 2899 5691 ordinatus
2944 5637 3232 5707 episcopus
3280 5635 3546 5710 Lugdune

1978 5723 2065 5760 xvi
2097 5705 2216 5760 Kal.
2258 5705 2558 5760 Februarii.
2589 5725 2607 5756 ι

1978 5723 2065 5760 XVI
2097 5722 2216 5760 ha].
2258 5722 2558 5761 reoruaru.
2589 5725 2607 5756 1

2048 5777 2157 5847 (tis)
2204 5775 2334 5831 Vide
2363 5777 2497 5829 Acta
2526 5785 2847 5847 sanctorum,
2882 5778 3087 5833 mensis
3126 5777 3272 5832 Junii
3328 5785 3462 5832 tom.
3500 5776 3540 5839 1,

1976 5845 2065 5902 die
2087 5857 2258 5915 sexta,
2290 5862 2342 5900 η.
2380 5847 2482 5900 748
2508 5848 2639 5907 εαίί.
2674 5845 2890 5902 Venetae
2911 5850 3039 5903 anni
3066 5849 3225 5916 17-11,
3254 5847 3344 5903 ubi
3376 5849 3542 5900 multa
