4074 6398
325 370 433 426 489

1080 346 1190 428 ΔΒΕ
1227 371 1623 432 PORTUENSI
1664 373 1724 430 8.
1765 370 2127 429 HIPPOLYTI
2165 371 2359 431 SEDE.
2394 402 2463 412 —
2496 372 2676 428 PARS
2714 372 2781 430 II.

3490 377 3600 439 490

327 487 599 543 amussim
644 489 963 563 consentire
1003 490 1488 548 animadvertimus
1517 492 1655 563 (76).
1702 492 1913 548 Idcirco
1942 496 1985 553 Α
2018 490 2260 561 episcopi
2294 508 2314 542 ι
2364 490 2584 546 nomine
2635 489 2810 546 fuisse
2858 489 3146 558 donatum,
3180 508 3247 549 eo
3293 494 3439 565 quod
3481 498 3600 567 epi«

324 579 641 647 Leoutium,
692 583 1070 651 Anastasium,
1124 586 1372 654 aliosque
1423 602 1490 642 ex
1544 586 1767 654 Graecis,
1813 588 1908 656 qui

323 671 685 728 Portuensem
728 674 1046 745 episcopum
1082 675 1430 749 Hippolytum
1477 678 1766 742 dixerunt,
1798 693 1909 735 non

327 774 528 821 temere
556 766 774 820 locutos
813 765 985 822 fuisse
1019 768 1352 822 credendum
1390 778 1498 833 cst,
1535 769 1631 824 sed
1667 784 1736 824 ex
1768 770 1911 824 anti-

324 859 447 928 quis
472 858 645 924 notis,
677 858 762 911 vel
789 859 1040 927 genuinis
1073 874 1300 928 operum
1334 861 1509 917 titulis
1537 861 1778 925 edoctos,
1805 860 1909 915 hoc

326 951 560 1021 posteris
610 966 707 1020 per
764 952 913 1005 mille
974 953 1409 1022 quadringentos
1458 964 1512 1009 et
1550 955 1691 1009 ultra
1735 969 1908 1009 annos

324 1043 775 1098 constantissime
806 1044 1118 1099 tradidisse.
1157 1043 1529 1110 Quamobrem
1560 1043 1909 1100 Tillemontio

322 1140 377 1185 et
403 1130 687 1185 Ceillierio
728 1146 830 1186 nos
860 1132 1196 1188 satisfecisse
1227 1147 1480 1203 putamus
1501 1175 1516 1199 ,
1552 1136 1644 1206 qui
1671 1134 1904 1202 Leontii,

324 1222 631 1291 Anastasii,
671 1234 1108 1297 caeterorumque
1132 1226 1386 1296 deinceps
1416 1226 1729 1282 Graecorum
1757 1229 1910 1282 testi-

325 1315 532 1382 monia,
578 1325 840 1387 tanquam
877 1334 1071 1387 parum
1110 1319 1290 1385 ﬁrma,
1324 1318 1602 1389 rejiciunt,
1636 1320 1742 1375 hoc
1789 1330 1909 1373 tau-

321 1416 443 1461 tum
487 1408 717 1464 rationis
766 1421 1068 1477 momento,
1121 1413 1269 1481 quod
1318 1411 1421 1480 ipsi
1458 1426 1542 1475 ea,
1586 1426 1707 1481 qua:
1735 1409 1908 1465 Euse«

324 1500 453 1556 hius
482 1517 549 1556 ac
573 1499 631 1557 8.
658 1501 1019 1575 Hieronymus
1042 1505 1384 1575 ignorarunt,
1413 1506 1555 1560 scire
1573 1504 1722 1558 nullo
1754 1514 1908 1573 pacto

319 1593 623 1663 potuerint.
661 1593 817 1660 Quod
844 1594 1046 1651 falsum
1075 1597 1300 1651 omnino
1328 1611 1469 1660 esse,
1494 1610 1603 1650 non
1638 1596 1815 1651 solum
1840 1613 1908 1650 ex

318 1683 394 1738 iis
429 1698 553 1753 quae
599 1683 868 1738 hactenus
906 1684 1168 1748 diximus,
1207 1698 1396 1737 verum
1429 1684 1593 1739 etiam
1629 1699 1697 1738 ex
1732 1683 1905 1737 Athe-

318 1794 546 1848 nagora:
573 1779 739 1843 facto,
769 1779 835 1833 de
865 1794 975 1850 quo
1020 1793 1119 1833 ncc
1158 1779 1384 1833 verbum
1415 1780 1636 1849 quidem
1683 1777 1808 1833 fecit
1844 1779 1901 1833 S.

2014 584 2291 654 scopalem
2316 584 2498 639 sedem
2532 584 2589 639 in
2615 583 2895 653 provincia
2929 582 3199 653 Romana,
3226 587 3277 641 id
3308 598 3393 643 est
3418 606 3439 639 ε
3466 591 3599 644 sub-

2013 678 2287 732 urbicaria
2311 719 2327 742 ,
2363 696 2381 728 ι
2416 677 2746 738 obtinuerit',
2795 692 2918 746 quae
2964 676 3138 732 Roma
3170 679 3237 733 ab
3265 680 3401 749 ipsis
3436 697 3598 736 voca-

2013 770 2195 835 batur,
2230 770 2463 840 ejusque
2501 769 2742 841 episcopi
2779 786 2809 825 a
2845 770 3049 825 Graecis
3094 773 3143 825 oi
3176 773 3283 826 ara
3337 774 3596 844 Ῥώμης,

2012 862 2096 916 vel
2125 863 2173 914 oi
2202 862 2346 916 κατὰ
2402 859 2644 932 Ῥώμην,
2692 880 2710 912 ι
2746 860 2891 931 apud
2928 862 3179 926 Romam,
3215 881 3232 913 ι
3268 863 3352 918 vel
3388 882 3407 914 ί
3439 863 3597 933 juxta

2012 953 2241 1008 Romam
2290 973 2308 1006 ι
2362 953 2798 1023 appellabantur.
2852 972 2870 1005 ι
2905 951 2999 1009 Sic
3028 953 3224 1018 Roma,
3273 956 3451 1026 inquit
3482 954 3599 1010 Ste-

2011 1047 2225 1115 phanus
2260 1043 2556 1115 Lemoyne,
2615 1045 2852 1099 sumitur
2898 1061 2997 1113 pro
3030 1046 3309 1115 provincia
3351 1058 3406 1104 et
3437 1063 3599 1119 epar-

2010 1138 2135 1191 chio
2172 1136 2441 1191 Romano.
2484 1153 2506 1187 ι
2545 1134 2604 1189 In
2649 1135 2862 1205 synodo
2909 1134 3219 1192 Sardicensi
3249 1136 3480 1207 epistola
3522 1138 3593 1193 ad

2010 1226 2313 1283 Ecclesium
2343 1226 2771 1281 Alexandrinam
2809 1227 2934 1282 data
2972 1228 3094 1293 fuit,
3129 1229 3180 1283 in
3211 1245 3320 1299 qua
3351 1230 3591 1284 dicitur:

2022 1322 2085 1375 'H
2132 1320 2263 1389 ἁγία
2310 1319 2527 1384 σύνοδος
2573 1318 2971 1390 συναχθεῖσα...
3006 1320 3113 1374 ἀπὸ
3166 1319 3454 1392 Ῥώμης...
3497 1320 3596 1377 καὶ

2019 1411 2251 1476 Ἰταλίας
2272 1410 2391 1483 (78)
2422 1431 2434 1465 :
2468 1430 2487 1462 ί
2514 1409 2715 1465 Sancta
2741 1412 2985 1482 synodus
3002 1423 3328 1482 congregata
3356 1430 3423 1467 ex
3456 1416 3595 1470 urbe

2009 1503 2184 1559 Roma
2226 1513 2280 1558 et
2312 1502 2496 1569 Italia;
2533 1523 2552 1556 ›
2595 1504 2689 1558 ubi
2729 1523 2748 1555 ‹
2789 1503 2963 1559 Roma
2996 1524 3013 1554 ι
3045 1519 3144 1574 pro
3176 1505 3461 1573 provincia
3485 1505 3594 1558 Ro-

2009 1612 2193 1660 mana,
2233 1615 2254 1649 ι
2285 1597 2441 1652 Italia
2470 1616 2487 1648 r
2518 1612 2617 1666 pro
2642 1595 2869 1652 dimcesi
2899 1595 3291 1651 Mediolanensi
3320 1613 3594 1666 usurpan-

2010 1700 2100 1744 tur
2140 1688 2277 1760 (79).
2313 1690 2389 1743 Ita
2421 1688 2584 1742 etiam
2622 1687 2676 1741 in
2701 1688 2931 1757 epistola
2961 1686 3241 1743 Aureliani
3275 1691 3343 1745 de
3374 1692 3594 1760 negotio

2007 1778 2165 1835 Pauli
2198 1779 2541 1835 Samosateni
2583 1796 2597 1832 :
2651 1798 2669 1830 α
2711 1777 3093 1848 Interpellatus
3137 1779 3439 1868 imperator
3474 1785 3592 1835 Au-

326 1869 700 1942 Hieronymus
749 1871 804 1924 in
852 1885 953 1925 suo
998 1869 1290 1926 illustrium
1334 1872 1566 1925 virorum
1610 1869 1904 1941 Catalogo,
1937 1868 1980 1922 Β
2010 1876 2253 1930 relianus
2301 1872 2607 1927 rectissime
2646 1872 2752 1927 hoc
2802 1873 3081 1943 negotium
3125 1874 3592 1943 dijudicavit,-iis

316 1964 550 2020 cuilibet
581 1963 928 2019 notissimum
963 1978 1084 2018 esse
1118 1971 1315 2034 potest.
1349 1962 1464 2019 Hoc
1510 1966 1689 2034 ipsum
1738 1965 1905 2020 etiam

312 2056 663 2112 doctissimis
686 2055 840 2119 viris,
869 2056 961 2126 qui
985 2054 1203 2112 Eusebii
1226 2065 1281 2111 et
1306 2056 1479 2127 ipsius
1502 2054 1560 2110 8.
1589 2055 1905 2127 Hieronymi

313 2149 602 2204 silentium
652 2146 810 2204 nobis
857 2148 1143 2219 objiciunt,
1190 2148 1332 2204 alias
1379 2164 1701 2219 persuasum
1755 2149 1903 2216 fuit;

314 2241 590 2295 nonnulla
614 2241 786 2305 enim.
818 2249 880 2295 ut
920 2254 1088 2310 supra
1117 2240 1490 2305 ostendimus,
1523 2256 1590 2295 ex
1632 2224 1779 2295 notis
1805 2240 1910 2311 ipsi

316 2344 673 2401 mutuarunt,
704 2351 827 2407 qua:
850 2335 1073 2391 eosdem
1108 2334 1405 2391 Eusebium
1445 2350 1510 2390 ac
1545 2334 1604 2391 S.
1638 2333 1907 2408 Hierony-

316 2445 480 2486 mum
516 2412 731 2499 penitus
764 2428 1063 2483 latuerunt.
1113 2424 1552 2484 VetuStissimam
1585 2428 1752 2499 igitur
1783 2428 1912 2484 Por-

315 2520 538 2575 tuensis
566 2517 824 2573 Ecclesia:
874 2518 1222 2573 traditionem
1270 2532 1380 2572 non
1423 2534 1581 2589 (equo
1605 2518 1732 2588 jure
1761 2534 1911 2573 nunc

316 2612 558 2681 rejicere
586 2608 972 2665 Tillemontius
1013 2618 1069 2665 et
1111 2608 1420 2666 Ceillierius
1458 2619 1747 2676 conantur,
1783 2625 1909 2665 cum

314 2704 448 2775 ipsa
481 2702 704 2771 optimis
733 2713 979 2755 veterum
1013 2700 1340 2756 testimoniis
1375 2701 1447 2755 sit
1477 2701 1642 2771 probe
1666 2700 1908 2768 suﬂ‘ulta,

310 2807 562 2863 quorum
611 2792 721 2845 vim
778 2789 1058 2860 simplices
1113 2790 1450 2860 conjecturae
1489 2791 1574 2846 vel
1613 2791 1908 2849 minimum

314 2884 655 2939 imminuere
688 2898 1035 2953 nequaquam
1073 2883 1353 2937 valebunt.

315 2997 465 3054 VIII.
497 2998 605 3078 Cur
636 2997 697 3054 S.
734 2995 1055 3078 Hippolytus
1090 3014 1122 3049 α
1144 2996 1368 3078 ,(ἱναξείε
1418 2998 1730 3078 quibusdem
1771 2990 1910 3078 scri-

397 3073 637 3142 ptoribus
668 3069 898 3151 episwpi
932 3067 1175 3134 Romani,
1216 3068 1292 3122 rel
1317 3083 1466 3138 papae
1512 3069 1722 3123 nomine
1748 3069 1911 3123 done-

402 3154 513 3207 tur,
542 3151 906 3194 cxammatur.

2007 1966 2233 2020 domum
2269 1962 2410 2018 tradi
2445 1962 2784 2033 praecipiens,
2826 1962 3029 2034 quibus
3058 1964 3229 2019 Italici
3260 1964 3592 2021 Christiana:

2011 2056 2295 2127 religionis
2340 2055 2613 2109 antistites
2644 2052 2877 2110 Romani
2914 2055 3156 2126 episcopi
3194 2057 3519 2112 scriberent.
3565 2077 3586 2111 ›

2008 2146 2375 2214 Quamobrem
2411 2161 2759 2218 summopere
2789 2132 3077 2232 mirantur,
3107 2149 3253 2218 quod
3287 2150 3368 2204 vir
3391 2150 3594 2207 doctis-

2011 2241 2188 2295 simus
2228 2237 2469 2293 Iacobus
2518 2236 2886 2294 Combetisius
2931 2239 3187 2294 dubitare
3241 2256 3300 2295 se
3341 2251 3589 2310 asserat,

2009 2344 2141 2383 num
2195 2329 2309 2382 lucc
2359 2327 2675 2382 Graecorum
2736 2328 2922 2390 verba,
2982 2327 3201 2399 Ῥώμης
3248 2329 3546 2396 ἐπίσκοπος
3571 2331 3604 2398 ,⁸

2015 2438 2035 2472 ι
2078 2419 2263 2475 Romae
2291 2418 2605 2489 cpiscopus,
2644 2438 2663 2470 ι
2699 2433 2787 2483 eo,
2822 2433 2934 2489 quo
2969 2436 3093 2473 mox
3123 2421 3366 2477 diximus
3398 2437 3587 2489 sensu,

2011 2515 2122 2571 sint
2162 2512 2503 2581 accipienda,
2537 2527 2604 2566 eo
2648 2511 2794 2582 quod
2850 2521 3054 2567 tantam
3095 2513 3475 2582 antiquitatem
3523 2514 3589 2571 S.

2011 2604 2307 2676 Hippolyto
2334 2619 2623 2674 supparem
2655 2619 2763 2657 non
2790 2605 3009 2674 sapiant
3034 2603 3168 2675 (80).
3202 2604 3309 2661 Sed
3338 2607 3469 2677 quid
3492 2623 3591 2661 an-

2013 2698 2223 2767 tiquius
2258 2697 2361 2751 hac
2389 2696 2445 2749 in
2482 2710 2541 2750 re
2575 2695 2774 2750 adduci
2801 2704 3014 2766 poterat
3043 2697 3390 2766 imperatoris
3416 2698 3592 2757 Aure-

2010 2791 2140 2845 liani
2171 2790 2423 2860 epistola,
2475 2797 2529 2843 et
2558 2789 2769 2860 synodo
2817 2787 3165 2845 Sardicensi?
3202 2790 3402 2847 Verum
3441 2810 3591 2864 qua)-

2012 2900 2136 2939 nam
2172 2883 2336 2939 fuerit
2385 2881 2700 2938 Graecorum
2741 2899 2915 2949 mens,
2956 2883 3085 2938 dum
3135 2884 3191 2939 S.
3236 2884 3589 2959 Hippolytum

2016 2999 2034 3031 ι
2071 2978 2306 3033 Romani
2353 2980 2594 3048 episcopi
2635 2998 2653 3030 ι
2713 2977 2933 3031 nomine
2970 2977 3351 3048 designarunt,
3406 2983 3593 3036 erudi-

2014 3076 2223 3131 tissime
2256 3083 2401 3145 patet
2431 3089 2495 3129 ex
2535 3072 2809 3144 Syncello,
2836 3072 3127 3128 Anastasio
3155 3073 3514 3143 apocrisiario
3538 3084 3595 3131 et

2011 3167 2345 3238 Nicephoro,
2392 3181 2627 3237 quorum
2675 3164 2988 3219 testimonia
3039 3164 3177 3220 alias
3220 3165 3387 3220 relata
3442 3176 3588 3222 sunt.

396 3229 632 3330 ω’]ίθίθι
665 3230 909 3330 fortass?
948 3230 1170 3330 “"‘l‘ﬁs,
1189 3230 1513 3330 Peommm’
1545 3224 1908 3330 German)“,
1938 3228 1981 3286 ο
2015 3259 2190 3329 Quam
2225 3276 2354 3315 vero
2384 3259 2675 3330 provincia:
2705 3256 2964 3311 Romanae
2987 3271 3184 3310 nomen
3212 3256 3477 3312 latissime
3501 3274 3595 3312 ac-

313 3324 577 3394 aliosque
606 3340 672 3378 ex
710 3321 913 3379 Gmcis
950 3324 1333 3394 scriptoribus,
1372 3338 1608 3394 quorum
1664 3325 1912 3379 testimo-

312 3418 423 3474 nia
452 3417 509 3471 in
538 3417 714 3487 prima
743 3417 1146 3472 dissertationis
1174 3429 1328 3486 parte
1361 3418 1674 3484 retulimus,
1707 3416 1766 3473 S.
1793 3416 1916 3487 Hip-

310 3510 575 3585 polytum
606 3524 715 3563 non
739 3506 1117 3570 Portuensem,
1144 3510 1236 3564 sed
1272 3527 1290 3559 α
1327 3507 1590 3563 Romamn
1620 3508 1771 3563 urbis
1793 3510 1913 3579 epi-

316 3619 581 3673 scopum,
630 3602 741 3655 imo
769 3609 825 3655 et
868 3615 1063 3670 papam
1102 3619 1120 3652 ι
1157 3617 1381 3656 vocasse
1426 3601 1560 3672 (77).
1606 3599 1702 3655 His
1733 3612 1913 3656 tamen

317 3694 797 3765 respondendum,
832 3692 890 3748 S.
922 3693 1272 3765 Hippolytum
1313 3710 1343 3747 a
1372 3692 1578 3750 Graecis
1620 3712 1639 3745 ι
1675 3693 1912 3748 Romani

408 3850 523 3921 (76)
552 3849 826 3920 Antiquos
845 3850 1010 3904 etiam
1042 3859 1296 3921 auctores
1320 3849 1592 3921 interdum
1624 3848 1779 3904 libris
1799 3849 1916 3907 suis

321 3920 648 3991 alienisque
679 3930 843 3975 notas
868 3920 1081 3989 aliquas
1108 3920 1403 3984 addidisse,
1439 3920 1623 3974 multis
1653 3922 1915 3991 exemplis

317 3988 575 4068 probare
623 4006 933 4068 possemus.
970 3988 1230 4044 Sulliciat
1286 4002 1467 4068 tamen
1523 3991 1683 4068 nobis
1735 3988 1914 4068 Pltotii

322 4060 677 4133 Exemplum,
703 4061 1042 4133 cujusqduaﬁs
1075 4068 1421 4133 notasantea
1455 4060 1689 4133 incditas
1723 4060 1914 4129 vulga-

318 4137 414 4190 vit
442 4129 622 4190 primo
649 4129 963 4186 Bernartius
990 4132 1056 4184 de
1086 4129 1438 4184 Montfaucon
1474 4129 1529 4182 in
1560 4130 1915 4184 celeberrima

327 4205 399 4261 S.
442 4198 672 4259 Joannis
698 4201 1095 4272 Qhrysostomi
1112 4201 1373 4272 editione,
1409 4198 1530 4272 in‘ﬁ
1565 4198 1599 4253 6
1632 4200 1916 4268 praelatio-

325 4277 427 4332 ):is
452 4275 519 4329 ad
549 4284 678 4328 tom.
712 4270 751 4324 V
782 4269 1041 4327 editionis
1069 4270 1244 4325 Paris.
1275 4286 1367 4324 an.
1400 4269 1559 4335 1724,
1591 4285 1659 4323 ex
1686 4272 1808 4324 cod.
1836 4285 1914 4323 xtl

329 4345 522 4403 δεσυιί
574 4358 674 4396 xm
727 4344 1072 4397 bibliothecae
1117 4340 1486 4405 Coislinianaa,
1536 4355 1770 4407 quarum
1806 4356 1914 4394 una

328 4416 438 4473 fol.
472 4416 564 4479 52,
593 4415 855 4468 docemur
874 4411 1128 4465 Photium
1162 4420 1427 4480 integram
1455 4410 1698 4478 ejusdem
1720 4410 1781 4463 S.
1812 4409 1917 4463 Pa-

332 4488 443 4543 tris
463 4484 860 4556 expositionem
885 4484 945 4556 in
964 4481 1212 4556 Psalmos
1237 4483 1479 4556 nancisci
1501 4496 1608 4534 non
1630 4482 1909 4556 potuisse;

332 4548 765 4626 alterafpagﬂl
799 4563 854 4607 et
883 4553 975 4615 22,
1008 4550 1066 4605 S.
1093 4550 1320 4626 Joannis
1343 4548 1721 4626 Chrysosmmi
1746 4566 1914 4626 expo-
1947 4570 1991 4625 ι)

338 4621 596 4683 sitionem
625 4621 877 4694 aliquam
919 4626 974 4676 in
1012 4622 1280 4692 psalmum
1316 4635 1421 4694 Avm
1446 4621 1703 4694 eshibet,
1744 4630 1799 4694 et
1840 4623 1908 4675 ad

336 4694 545 4753 calcem
602 4690 878 4749 invenitur
931 4690 1192 4764 scriptum
1242 4711 1254 4746 :
1300 4692 1371 4764 _'0
1425 4690 1907 4764 ‘I’GJTLO€__‘{pd_<pEt,

344 4786 364 4820 ι
396 4766 628 4822 Photius
656 4766 866 4819 scribit.
905 4783 926 4815 ι
970 4761 1255 4832 Legendus
1298 4762 1404 4818 hac
1442 4764 1510 4817 de
1542 4779 1600 4817 re
1628 4761 1906 4817 Menti-au-

340 4853 443 4894 eon
478 4839 581 4892 loc.
616 4836 710 4891 cit.

412 4906 526 4977 (77)
550 4905 631 4977 In
672 4904 916 4977 quodam
965 4902 1325 4977 codice__mss.
1355 4902 1545 4977 Graeco
1577 4902 1678 4957 195
1719 4903 1913 4977 biblio-

340 4971 515 5034 thecae
533 4971 888 5032 Coisliniaua:
918 4982 1096 5043 exstat
1121 4971 1394 5043 Hippolyti
1440 4971 1804 5041 fragmentum
1849 4974 1914 5027 de

344 5045 595 5113 Ezechia,
629 5055 686 5100 et
706 5047 978 5114 episcopus
1006 5041 1273 5097 Romanus
1298 5041 1600 5114 appellatur
1633 5045 1774 5112 apud
1807 5043 1911 5114 Fa-

350 5120 487 5173 bric.
514 5116 679 5186 Oper.
708 5113 765 5169 S.
795 5113 1064 5184 Hippolyti
1090 5121 1221 5167 tom.
1248 5114 1288 5186 _l,
1316 5128 1441 5182 pag.
1461 5113 1601 5186 271,
1615 5124 1668 5166 et
1693 5124 1823 5186 tom.
1846 5113 1912 5178 ll,

413 5204 465 5257 ε.
527 5181 627 5253 5Ἰ;
681 5202 793 5257 quo
845 5181 1029 5257 etiam
1065 5194 1197 5257 tom.
1246 5181 1313 5246 ll,
1346 5181 1487 5257 pag.
1542 5184 1653 5250 9.2,
1714 5185 1916 5257 pariter

381 5252 651 5312 abemus:
695 5252 805 5310 ξε.
833 5252 1107 5324 Hippolyti
1128 5255 1355 5323 episcopi
1378 5252 1529 5308 Hom.
1570 5264 1619 5306 et
1665 5256 1915 5324 martyris

345 5328 649 5394 fragmenta
702 5323 959 5394 excerpta
990 5340 1057 5378 ex
1097 5325 1503 5378 Cornmentario
1553 5327 1615 5394 in
1661 5323 1915 5379 Geuesim

348 5344 427 5383 11³3
468 5344 649 5382 menta
702 5344 959 5394 excerpta
990 5344 1057 5378 ex
1097 5344 1503 5378 bommtﬂltal’lo
1553 5344 1608 5377 Ill
1661 5344 1915 5379 UBUBSIIII

348 5412 410 5452 ex
432 5344 502 5452 £8
528 5397 787 5452 Patrzbus
810 5397 1055 5459 collecto,
1079 5396 1174 5463 qui
1202 5403 1382 5449 exstat
1401 5409 1540 5450 mss.
1574 5392 1918 5450 Vindobonae

347 5467 402 5525 in
431 5468 564 5539 bibl.
597 5467 904 5539 augustiss.
924 5466 1289 5539 imperatoris.
1323 5483 1346 5516 ι

418 5538 534 5610 (78)
588 5533 842 5610 Synodus
873 5534 1214 5610 Sardicensis
1251 5550 1396 5610 aerio
1442 5533 1548 5589 547
1580 5534 1771 5610 habita
1817 5533 1922 5610 fuit

347 5604 591 5663 Sat-dicae
632 5604 689 5662 in
744 5604 1222 5678 Illyrico.-Exstat
1254 5604 1640 5678 hujus‘synodi
1690 5605 1921 5678 epistola

349 5681 490 5748 apud
520 5678 707 5733 Labbe
733 5674 866 5731 tom.
901 5677 943 5730 ll
976 5674 1288 5741 Concilior.,
1325 5691 1382 5746 p.
1408 5674 1514 5731 694
1539 5676 1669 5730 edit.
1708 5674 1922 5730 Venetae

348 5751 477 5805 Iuni
503 5749 666 5803 1728.

416 5821 532 5892 (79)
566 5818 705 5873 Hinc
749 5817 807 5872 in
832 5814 1329 5885 subscriptionibus
1355 5817 1762 5888 episc0porum,
1797 5830 1919 5887 qua

626 5935 901 5997 Paeon.
932 5933 1049 5995 Gn.
1098 5932 1177 5993 Χ.

2015 3365 2233 3424 ceptum
2271 3352 2434 3407 fuerit
2463 3352 2627 3407 etiam
2664 3350 2956 3405 Alexandri
2981 3364 3135 3419 papa:
3165 3347 3234 3403 Ill
3273 3365 3407 3415 aevo,
3435 3350 3595 3405 cuili-

2015 3446 2106 3502 bet
2143 3445 2529 3500 Lateranensis
2555 3442 2773 3498 concilii
2802 3441 3232 3511 subscriptiones
3260 3441 3593 3511 inspicienti,

2015 3555 2047 3594 a
2078 3538 2225 3594 Luca
2262 3537 2528 3615 Dacherio
2560 3535 2799 3606 primum
2839 3534 3036 3599 editas,
3069 3534 3374 3589 clarissime
3409 3543 3596 3604 patere

2014 3631 2216 3702 poterit
2249 3629 2379 3701 (8i).

2086 3720 2198 3777 Nec
2224 3721 2424 3776 desunt
2446 3719 2611 3773 etiam
2641 3717 2785 3787 apud
2821 3716 3051 3771 Latinos
3082 3717 3352 3787 exempla,
3385 3731 3450 3771 ex
3472 3717 3597 3785 qui-

2055 3896 2138 3949 ag.
2170 3877 2276 3932 692
2300 3883 2542 3949 exstant,
2579 3872 2890 3949 invenimus
2918 3891 2990 3949 :_«
3026 3870 3228 3927 Lucius
3258 3872 3594 3949 ab_l_talia_de

2067 3942 2256 4004 erona.
2292 3946 2526 4001 Severus
2543 3944 2611 3998 ab
2642 3942 2795 3997 Italia
2833 3946 2900 3996 dc
2930 3942 3295 3996 Ravennensi.
3332 3942 3594 3998 Ursacius

2016 4022 2086 4076 ab
2113 4019 2259 4073 Italia
2301 4019 2367 4070 de
2388 4015 2713 4069 Mediolano.
2753 4030 2772 4062 ι
2812 4011 2876 4065 Ει
2905 4029 3024 4081 pag.
3069 4011 3173 4065 (588
3218 4032 3232 4066 :
3275 4012 3593 4083 (Fortuna-

2014 4094 2197 4145 tianus
2226 4090 2294 4142 ab
2327 4088 2481 4141 Italia
2504 4087 2571 4140 de
2596 4083 2866 4153 Aquileia.
2901 4101 2920 4133 ›

2088 4180 2199 4252 (80)
2228 4177 2592 4252 _Franciscus
2647 4173 3012 4252 Combetisius
3063 4182 3211 4252 tom;
3258 4172 3592 4252 I__BilLlioth.

2018 4243 2192 4307 Griec.’
2219 4248 2446 4302 Patrum
2470 4249 2691 4300 Auctar.
2724 4245 2942 4304 noviss.,
2987 4258 3111 4312 pag.
3144 4243 3213 4297 65
3251 4243 3377 4301 edit.
3411 4244 3589 4302 Paris.

2016 4338 2108 4377 an.
2146 4319 2316 4374 i672:
2358 4337 2376 4368 ι
2410 4315 2563 4382 Quod
2589 4331 2620 4370 a
2652 4315 2768 4369 viro
2797 4313 3155 4377 amicissimo,
3186 4314 3595 4377 erudito,inl‘u-

2017 4392 2126 4446 lato
2158 4390 2389 4462 (scilicet
2428 4385 2591 4462 Petro
2634 4386 2699 4440 de
2730 4384 2910 4462 ἣξει-(εει
2951 4382 3362 4462 archiepiscopo
3389 4384 3597 4462 Paris.)

2016 4452 2386 4521 observatum,
2427 4457 2714 4525 episcopos
2750 4455 3017 4526 Romanos
3042 4452 3173 4526 dici.
3203 4452 3310 4526 qui
3332 4457 3490 4526 quasi
3514 4452 3594 4512 le;

2018 4530 2198 4587 vando
2239 4544 2381 4584 onus
2425 4523 2658 4580 Romani
2689 4526 2862 4595 ipsius
2907 4523 3447 4596 an‘tistitis,_ejusque
3474 4528 3595 4583 vice

2022 4604 2075 4657 in
2120 4599 2262 4655 Urbe
2293 4597 2567 4653 celebrent
2598 4597 2663 4651 ad
2688 4593 2740 4649 id
2774 4593 3019 4649 muneris
3059 4593 3407 4663 peculiariter
3443 4597 3593 4652 dele-

2020 4674 2115 4730 cti.
2138 4673 2279 4725 inter
2303 4683 2443 4738 quos
2472 4683 2529 4721 se
2552 4667 2667 4737 ipse
2684 4665 3111 4738 annumerabat,
3128 4666 3314 4738 n_escio
3338 4682 3407 4720 an
3432 4675 3596 4724 tantae

2012 4734 2354 4812 antiquitatis
2375 4738 2476 4812 sit.
2510 4734 2728 4812 ut'iude
2765 4734 3088 4812 Hippolytus
3130 4734 3352 4800 'Ptiiumc
3375 4740 3593 4809 episco-

2014 4831 2116 4885 pus
2147 4807 2336 4866 audire
2365 4807 2569 4862 Graecis
2604 4809 2856 4877 potuerit.
2891 4824 2911 4856 ι

2087 4903 2198 4973 (81)
2249 4900 2562 4973 Exstaut__it_t
2610 4895 2807 4973 toan]
2838 4895 3132 4973 Spicilegii,
3160 4911 3285 4973 pag.
3316 4895 3439 4973 656
3460 4897 3593 4954 edit.

2013 4965 2238 5031 Parisiis
2270 4973 2398 5027 attni
2426 4970 2585 5025 i725.
2617 4965 2719 5022 Hie
2747 4969 2869 5022 illas
2888 4965 3291 5023 exscribendas
3318 4967 3592 5033 ducimus,

2016 5056 2077 5101 ut
2119 5057 2377 5113 appareat
2412 5054 2580 5113 quam
2610 5038 2716 5113 late
2747 5053 2873 5113 sese
2898 5037 3201 5113 provincia.
3215 5035 3464 5113 Romana
3485 5053 3594 5113 ex-

2016 5104 2281 5170 tendisset
2309 5131 2322 5165 :
2361 5131 2378 5163 ι
2417 5104 2492 5164 De
2515 5109 2798 5179 provincia
2830 5104 3074 5179 Romana
3105 5125 3119 5160 :
3156 5104 3442 5179 Hubaldus
3480 5105 3592 5179 Ho-

2017 5185 2263 5255 stiensis,
2287 5182 2443 5252 Hugo
2463 5180 2504 5233 Τ
2510 5174 3207 5255 erracinensis_,_loannes}?
3213 5175 3491 5255 undanus1
3501 5178 3592 5255 flo-

2018 5266 2175 5310 natas
2201 5245 2521 5313 Fundanus,
2550 5248 2845 5305 Zacharias
2866 5246 3101 5311 Marsus,
3124 5245 3427 5299 Odalrisius
3447 5245 3595 5302 Wal-

2018 5327 2224 5391 vensis,
2242 5323 2395 5378 ltodo
2440 5317 3089 5391 ReatinusLFormundus
3112 5313 3459 5391 _Verul_anus,
3488 5319 3597 5374 Leo

2018 5384 2318 5457 Aletrinus,
2351 5392 2674 5459 Rodulphus
2686 5386 3050 5459 Eerentinus,
3067 5384 3296 5459 _Asahel
3321 5387 3596 5459 gguinus,

2018 5464 2215 5544 genus
2241 5454 2670 5544 Signinum—tilde
2683 5457 3040 5544 'Izyburtinuns,
3057 5454 3597 5544 Joannessut'rinus,

2020 5536 2288 5591 Martinus
2304 5526 2677 5601 'Nepesinus,
2705 5526 2939 5601 Censius
2970 5526 3364 5601 Tuscaneusis,
3405 5526 3600 5601 Petrus

2021 5607 2258 5660 civitatis
2287 5596 2737 5661 Castellanensis,
2787 5598 3045 5653 Armatus
3082 5596 3426 5663 Narniensis,
3460 5599 3600 5654 Pau-

2020 5677 2108 5731 lus
2135 5674 2433 5736 Hortanus,
2464 5672 2659 5725 Petrus
2686 5668 2991 5733 Amclinus,
3022 5668 3330 5724 Richardus
3362 5667 3601 5726 Urueve-

2026 5756 2207 5808 tenus,
2254 5744 2548 5798 Gratianus
2591 5737 2942 5803 'I‘udertinus,
2981 5737 3239 5794 Vivianus
3278 5737 3598 5804 Perusinus,

2024 5815 2225 5875 Petrus
2250 5811 2578 5877 Castrensis,
2622 5809 2732 5864 Leo
2754 5808 3038 5877 Clusinus,
3071 5808 3337 5864 Martinus
3372 5809 3598 5867 GI‘OSSO'

3092 5920 3269 6007 ,ιδ

2130 5999 2164 6011 Ἀ
