4074 6398
412 330 517 388 495
1186 332 1274 387 DE
1310 332 1700 391 PORTUENSI
1734 333 1792 390 S.
1831 327 2196 390 ﬂlPPOLYTl
2234 331 2427 389 SEDE.
2465 363 2535 375 —
2576 332 2757 390 PARS
2789 331 2852 389 ll.
3548 337 3651 392 490

409 453 1089 526 patriarcliazAiexandrini
1111 456 1475 525 subjecerunt.
1500 456 1638 511 Hinc
1656 458 1817 512 etiam
1840 459 1978 512 Pru-
2006 466 2054 523 Α
2082 467 2386 514 autumant.
2452 458 2557 513 Sed
2616 460 2710 529 qui
2757 459 2919 529 paulo
2959 473 3123 528 supra
3158 468 3268 514 tam
3312 461 3525 531 egregie
3552 476 3653 517 nos

407 545 627 601 dentius
655 544 1001 602 Valerianum
1036 546 1585 618 Caesaraugustanum
1638 549 1977 620 episcopum,

407 639 495 695 cui
523 639 982 710 elegantissimum
1028 641 1287 712 hymnum
1322 643 1388 697 de
1426 642 1483 697 8.
1523 642 1812 716 Hippolyto
1842 660 1980 700 nunc

407 733 642 801 cupavit,
673 733 756 788 his
790 734 1119 789 carminibus
1151 750 1341 803 papam
1367 736 1614 790 nominat
1649 755 1661 789 :

474 842 728 914 [lorantes
760 843 1022 898 Saxorum
1054 845 1225 913 apices
1251 845 1379 907 vidi,
1412 847 1604 914 optime
1628 861 1786 914 pupa,
1845 843 1869 868 ⁸

549 913 951 983 Purpureusque
978 925 1129 967 notas
1154 915 1391 984 vepribus
1421 913 1720 985 impositas.

405 999 644 1056 Tandem
669 1004 1049 1059 sanctissimus
1092 1004 1333 1074 pontifex
1371 1005 1667 1077 Gregorius
1700 1006 1790 1063 Vll
1834 1008 1974 1065 edita

402 1096 787 1149 constitutione
809 1095 1121 1165 huiusmodi
1149 1111 1348 1151 nomen
1381 1098 1480 1152 soli
1511 1097 1755 1154 Romano
1799 1102 1977 1171 ponti-

402 1185 485 1241 ﬁci
522 1186 715 1239 merito
747 1188 1063 1247 reservavit.

469 1297 558 1351 ΙΧ.
598 1296 850 1369 Stephani
883 1300 929 1353 le
972 1300 1159 1369 Magne
1188 1304 1446 1355 sententia
1474 1305 1537 1356 de
1564 1303 1800 1357 Romano
1826 1302 1884 1359 S.

702 1368 974 1440 Hippolyti
1002 1368 1306 1440 episcopatu
1333 1374 1666 1441 expenditur.

471 1456 563 1514 llis
580 1467 757 1514 tamen
781 1477 887 1515 non
912 1462 1205 1531 acquiescit
1232 1462 1540 1533 Stephanus
1556 1465 1605 1518 le
1621 1463 1812 1537 Moyne
1834 1464 1966 1536 (88),

396 1553 490 1607 sed
537 1552 640 1608 sibi
684 1553 963 1622 probabile
1003 1553 1175 1608 videri
1230 1552 1451 1621 fatetur,
1514 1554 1570 1609 S.
1619 1554 1967 1627 Hippolytum

394 1645 681 1714 ipsiusmet
713 1644 900 1700 Romae
924 1646 1237 1715 episcopum
1277 1661 1398 1704 esse
1437 1647 1700 1718 potuisse,
1748 1648 1967 1703 notissi-

2084 550 2287 615 docuit,
2341 549 2399 604 S.
2471 549 2817 621 Hippolytum
2870 548 3175 606 Romanum
3219 551 3534 621 episcopum
3581 553 3653 607 ab

2084 641 2322 710 antiquis
2378 650 2656 706 vocatum,
2708 641 2835 711 quia
2869 640 3243 711 episcopatum
3293 642 3350 695 in
3407 640 3652 697 Romana

2080 733 2356 803 provincia
2382 731 2640 798 obtinuit,
2670 732 2833 802 idque
2861 732 3047 786 multis
3079 732 3343 802 exemplis
3364 746 3432 787 ex
3473 732 3651 787 eccle-

2080 822 2293 880 siastica
2354 824 2673 893 antiquitate
2736 822 2918 893 petitis
2969 823 3364 893 comprobavit,
3415 837 3652 893 quorum

2078 914 2347 984 praecipua
2371 928 2470 967 nos
2488 892 2607 983 ipsi
2638 892 2753 983 jam
2787 914 3041 984 superius
3077 892 3491 983 (inscripsimus,
3523 914 3653 971 huic

2077 1021 2228 1075 purae
2249 1021 2315 1061 ac
2362 1006 2511 1060 inani
2543 1006 2869 1076 conjectura:
2902 1007 3053 1061 nullo
3086 1006 3253 1060 modo
3277 1006 3535 1062 assentiri
3557 1006 3654 1062 de-

2076 1097 2256 1164 bebat,
2285 1113 2409 1152 cum
2438 1099 2581 1167 apud
2613 1108 2824 1153 veteres
2843 1098 3012 1152 altum
3049 1097 3116 1153 de
3143 1113 3203 1153 re
3232 1098 3467 1152 maxima
3499 1097 3652 1153 iuve-

2076 1187 2260 1242 niatur
2312 1187 2608 1241 silentium.
2658 1186 2817 1253 Quod
2865 1187 3087 1258 quidem
3122 1187 3340 1242 evenire
3369 1201 3647 1256 nunquam

2073 1280 2360 1350 potuisset,
2384 1281 2431 1335 si
2457 1279 2514 1335 S.
2554 1278 2872 1351 llippolytus
2906 1279 3353 1349 augustissimam
3398 1276 3460 1332 B.
3504 1276 3649 1332 Petri

2073 1372 2386 1426 cathedram
2418 1371 2772 1426 ascendisset.
2815 1368 2927 1425 Nec
2959 1369 3100 1436 Lini,
3151 1369 3286 1429 Cleti
3321 1378 3375 1425 et
3401 1368 3651 1424 Clemen—

2072 1464 2142 1517 tis
2164 1463 2470 1532 exemplum
2502 1463 2781 1534 quidpiam
2819 1462 2960 1518 hanc
2987 1462 3162 1532 ipsius
3195 1462 3246 1516 le
3284 1460 3478 1531 Moyne
3515 1475 3650 1517 con-

2066 1555 2330 1625 jecturam
2375 1556 2569 1627 juvare
2612 1564 2821 1626 potest;
2879 1555 3083 1610 etenim
3134 1554 3314 1624 magni
3349 1551 3648 1623 scriptores

2070 1645 2343 1703 Baronius
2377 1646 2512 1719 (89),
2552 1645 2897 1719 Pagius(90)
2925 1647 3307 1703 Tillemontius
3347 1647 3462 1717 (9|)
3497 1647 3644 1701 anti-

393 1751 486 1790 mo
514 1736 765 1806 exemplo
802 1726 945 1802 Lin'i,
977 1736 1135 1801 Cleti,
1175 1736 1489 1802 Clementis,
1540 1753 1679 1808 quos
1722 1755 1831 1793 uno
1871 1755 1965 1794 εει
1997 1798 2030 1808 ξ
2068 1752 2304 1805 quorum
2354 1747 2663 1802 auctorum,
2714 1736 2887 1792 sancti
2933 1734 3123 1791 lrenaei
3158 1736 3274 1806 (92)
3311 1736 3538 1804 scilicet,
3580 1734 3644 1792 8.

394 1827 629 1899 demque
664 1839 906 1898 tempore
946 1829 1319 1899 episcOpatum
1367 1798 1671 1886 obtinuisse
1717 1832 1962 1886 nonnulli
1994 1798 2035 1857 Β
2064 1826 2351 1898 Epiphanii
2382 1826 2515 1899 (95),
2552 1826 2895 1897 aliorumque
2926 1825 3253 1881 testimoniis
3281 1822 3478 1891 innixi,
3517 1840 3649 1882 con-

393 1984 571 2038 citatae
600 1984 730 2037 edit.
763 1980 1146 2036 Amstelodami
1178 1981 1307 2036 anni
1344 1981 1502 2044 1700,
1532 1996 1583 2049 p.
1632 1982 1733 2036 l79
1763 2001 1774 2036 :
1816 2002 1835 2033 ι
1879 1983 1964 2037 Dt-

390 2054 627 2108 dicimus
673 2051 966 2123 secessisse
1002 2051 1346 2123 benedictum
1386 2066 1578 2123 papam
1630 2052 1959 2123 Cyprianum

391 2140 425 2178 a
459 2123 736 2177 Clemente
758 2122 1115 2177 subdiacono.
1147 2139 1168 2173 ι
1209 2121 1441 2190 Adqua:
1469 2121 1630 2175 verba
1665 2121 1780 2178 hace
1824 2124 1961 2178 scri-

391 2194 473 2273 bit
510 2192 778 2273 Rigaltius
805 2207 860 2262 p.
897 2191 1083 2273 eadem
1105 2209 1153 2273 ,τ’
1191 2209 1209 2243 ι
1381 2191 1637 2272 appellari
1681 2191 1961 2273 Carthagi-

392 2264 481 2320 nis
513 2259 830 2332 episcopum
868 2276 974 2316 non
1011 2261 1252 2332 invident
1298 2259 1529 2332 Romani
1563 2279 1579 2316 :
1606 2262 1702 2316 sed
1728 2277 1829 2317 nec
1859 2259 1959 2317 ali-

393 2342 473 2388 ter
498 2328 731 2403 appellat
757 2331 1065 2403 Romanum
1099 2331 1405 2403 pontiﬁcem
1432 2328 1802 2403 Tertullianus
1833 2333 1957 2390 libr.

388 2403 468 2458 De
491 2401 798 2470 Praescript.
822 2401 1068 2455 adversus
1103 2402 1393 2465 haereticos,
1423 2410 1477 2455 et
1516 2401 1609 2456 lib.
1643 2401 1720 2455 De
1763 2403 1963 2470 pudici-

391 2474 489 2527 tia.
524 2472 588 2526 Hi
620 2472 774 2528 fuere
806 2482 938 2527 tunc
967 2472 1215 2526 Romano
1249 2471 1488 2540 pontiﬁci
1530 2486 1654 2526 cum
1685 2473 1960 2542 plerisque

388 2544 618 2599 aliarum
651 2542 870 2597 urbium
914 2543 1182 2611 episcopis
1213 2543 1355 2594 titttli
1386 2557 1726 2596 communes.
1765 2560 1783 2593 ›
1822 2541 1961 2598 llmc

390 2615 553 2669 etiam
581 2615 635 2668 in
666 2614 823 2668 titulo
857 2612 1014 2683 epist.
1053 2612 1143 2673 50,
1187 2627 1308 2680 pag.
1351 2612 1477 2683 209,
1514 2612 1955 2683 ha2c_leguntur:

395 2701 415 2734 ι
448 2680 908 2755 Cyprianopapai
939 2683 1239 2755 presbyteri
1270 2690 1325 2755 et
1358 2682 1574 2755 diaconi
1594 2680 1799 2755 Romae
1828 2700 1960 2755 cun-

388 2751 642 2811 sistentes
664 2751 914 2808 salutem.
946 2772 966 2805 ι
1013 2751 1184 2807 Sicuti
1217 2752 1379 2805 etiam
1412 2753 1465 2804 in
1492 2751 1644 2805 titulo
1680 2752 1838 2821 epist.
1865 2753 1957 2819 55,

388 2840 441 2892 ρ.
491 2823 617 2879 218.
682 2824 1013 2892 [frequenter
1057 2836 1276 2892 quoque
1318 2823 1460 2890 apud
1519 2821 1657 2875 alios
1706 2832 1960 2892 antiquos

387 2890 645 2949 Ecclesiae
698 2890 885 2947 Patres
933 2906 1082 2961 papa:
1116 2890 1345 2961 nomine
1396 2892 1682 2960 episcopos
1733 2890 1957 2947 vocatos

385 2966 660 3019 novimus.
694 2961 772 3016 Ita
822 2960 965 3031 apud
1011 2961 1069 3017 8.
1111 2960 1494 3031 Hieronymum
1538 2962 1631 3015 lib.
1676 2976 1737 3023 tu
1778 2975 1958 3016 contra

384 3035 669 3103 Bullinum,
719 3030 881 3102 Oper.
926 3030 1161 3103 S._llier.
1198 3030 1439 3103 tumuli,
1467 3047 1519 3099 p.
1550 3030 1676 3098 545,
1706 3033 1956 3103 num.l6

382 3100 514 3159 edit.
552 3100 803 3158 Vallarsii
836 3118 927 3159 an.
962 3101 1099 3157 1755
1128 3121 1139 3154 ;
1174 3100 1435 3170 tWScrihis
1469 3116 1705 3170 quoque,
1740 3117 1827 3155 me
1865 3102 1957 3157 lit-

383 3177 516 3229 teris
538 3174 827 3238 indicasse,
858 3174 1005 3242 quod
1031 3188 1167 3241 papa
1195 3169 1528 3240 Theophilus
1560 3169 1952 3239 expositionem

382 3245 507 3299 lidei
537 3259 709 3314 nuper
740 3243 992 3314 edideri_t,
1016 3259 1137 3312 qua:
1165 3244 1229 3296 ad
1257 3242 1613 3314 vos_necdun_t
1639 3243 1903 3314 pervenit,
1930 3262 1949 3294 ι

381 3327 439 3369 et
470 3309 631 3385 paulo
659 3323 783 3384 post
812 3331 827 3367 :
872 3333 899 3385 σγ
923 3311 1005 3367 Tu
1033 3309 1128 3381 qui
1160 3326 1312 3381 papae
1335 3309 1619 3385 Theophili
1643 3309 1877 3385 diciste
1897 3314 1954 3368 in

385 3380 995 3440 omnibus—sententiam
1027 3380 1265 3452 sequius
1312 3392 1367 3436 et
1400 3380 1595 3436 deinde
1647 3382 1836 3451 paucis
1864 3383 1952 3437 in-

380 3455 641 3524 teriectis,
661 3470 853 3522 papam
875 3452 1235 3524 Epiphanium
1260 3452 1536 3524 nominat;
1559 3453 1952 3524 exstantetiam

377 3521 619 3594 cpistola:
659 3521 729 3577 86
764 3532 840 3594 et
888 3521 957 3576 88
982 3521 1241 3594 ejusdem
1280 3522 1338 3576 8.
1384 3521 1952 3594 doctoris__l_1eatissimo

380 3590 549 3664 Papae
578 3593 860 3661 Theophila
885 3604 1046 3664 uataz,
1082 3591 1244 3662 Oper.
1269 3605 1424 3664 item.
1461 3590 1502 3659 Ι,
1526 3608 1579 3661 p.
1616 3591 1714 3645 551
1753 3603 1806 3647 et
1846 3594 1951 3647 552

380 3662 511 3722 edit.
578 3667 823 3735 ejusdem
886 3662 1141 3735 Vallarsii,
1194 3662 1362 3735 1754,
1409 3663 1471 3735 in
1510 3678 1740 3731 quarum
1782 3664 1949 3717 altera

379 3752 432 3805 p.
466 3736 570 3792 555
593 3732 861 3790 habentur
889 3733 1002 3805 haec
1036 3734 1195 3787 verba
1229 3752 1241 3786 :
1285 3751 1315 3783 ι,
1336 3732 1595 3787 Adnitere
1631 3747 1778 3803 ergo,
1810 3748 1947 3803 papa

378 3803 755 3861 amantissime
790 3814 950 3872 atque
983 3803 1312 3868 beatissime,
1346 3812 1400 3857 et
1428 3818 1523 3872 per
1543 3818 1758 3857 omnem
1791 3819 1948 3859 oci-a—

377 3879 590 3933 sionem
628 3876 696 3931 ad
731 3873 1106 3928 Occidentales
1139 3876 1423 3943 episcopos
1467 3873 1664 3939 scribe,
1702 3883 1761 3927 ut
1807 3877 1946 3928 mala

377 3946 648 4019 germina,
693 3953 974 4019 acuta,_ut
1020 3944 1135 4013 ipse
1172 3942 1483 4019 signiﬁcas,
1509 3943 1788 4019 succidere
1811 3942 1947 3999 falce

378 4013 487 4073 non
537 4024 773 4073 cessent.
822 4034 840 4067 ι
886 4013 945 4069 in
991 4030 1098 4083 qua
1136 4016 1299 4068 etiam
1333 4013 1655 4083 Anastasius
1696 4030 1947 4070 summus

376 4086 628 4142 Pontifex
667 4102 808 4156 papa
862 4081 1090 4140 vocatur
1132 4100 1256 4156 pag.
1300 4085 1508 4156 eadem.
1554 4081 1632 4138 lta
1664 4085 1867 4153 pariter
1890 4090 1943 4139 in

374 4160 619 4228 epistolis
651 4153 756 4210 102
781 4165 837 4212 et
858 4156 983 4220 105,
1015 4153 1148 4210 tom.
1179 4153 1226 4228 l,
1266 4154 1450 4228 p.626
1489 4162 1546 4228 et
1576 4169 1730 4223 seqq.
1761 4167 1943 4228 sancto

374 4224 438 4283 ui:
467 4228 766 4282 beatissimo
793 4242 944 4297 papa:
972 4226 1268 4295 Augustino
1306 4224 1471 4291 datis,
1512 4224 1946 4297 haecinveniun-

375 4307 503 4352 tur:
541 4316 559 4349 ε
604 4295 875 4352 Memento
910 4297 1036 4358 mei,
1072 4305 1257 4350 sancte
1294 4311 1359 4350 ac
1400 4295 1731 4350 venerabilis
1778 4310 1938 4365 papa,

372 4378 429 4422 et
465 4377 712 4424 sanctum
741 4383 806 4422 ac
832 4367 1194 4421 venerabilem
1217 4366 1439 4419 fratrem
1465 4373 1712 4419 nostrum
1748 4381 1939 4435 papam

372 4439 648 4508 Alypium,
685 4447 744 4491 ut
792 4452 916 4491 meo
953 4437 1476 4508 obsequiosulutes,
1517 4434 1943 4508 obsecro...’ln-

372 4505 642 4564 columem
663 4516 715 4562 te
737 4516 792 4562 et
811 4521 1104 4561 memorem
1141 4507 1248 4560 mei
1277 4505 1528 4561 Christus
1556 4505 1820 4560 Dominus
1843 4522 1941 4560 no-

372 4588 488 4634 ster
540 4587 754 4632 tueatur
811 4577 1180 4646 omnipotens,
1231 4576 1451 4630 domine
1497 4590 1620 4630 vere
1665 4584 1852 4630 sancte
1885 4587 1938 4631 et

372 4648 719 4717 suspiciende
748 4662 905 4717 papa.
937 4664 958 4696 ›
993 4647 1281 4703 innumera
1307 4647 1422 4717 alia
1457 4658 1586 4717 sunt
1615 4649 1757 4714 apud
1785 4660 1939 4699 eum-

372 4715 495 4773 dem
520 4718 578 4774 S.
611 4715 1001 4789 Hieronymum
1027 4715 1340 4789 hujusmodi
1366 4716 1635 4789 exempla,
1663 4730 1785 4785 quae
1804 4730 1942 4789 prae-

373 4798 659 4844 tereuntur
687 4786 960 4855 consulto,
995 4803 1063 4841 ne
1086 4787 1361 4855 longiores
1388 4788 1563 4841 simus
1582 4788 1638 4840 in
1675 4803 1733 4840 re
1752 4786 1939 4855 explo-

371 4860 680 4914 ratissitna:
716 4860 999 4913 innumera
1028 4872 1248 4926 quoque
1275 4858 1418 4926 apud
1463 4855 1521 4910 8.
1570 4857 1936 4927 Augustinum

369 4930 426 5000 in
449 4930 696 5000 epistolis
722 4929 812 5000 1-5,
851 4932 937 4992 l8,
967 4927 1093 4993 222,
1125 4928 1267 5000 256,
1294 4930 1559 5000 aliosque,
1589 4942 1735 5000 quos
1758 4927 1942 5000 laudat

368 4994 687 5057 Joachimus
739 4998 1018 5055 Vadianus
1074 5000 1170 5053 lib.
1230 4998 1307 5051 De
1357 4994 1637 5066 primitiuae
1687 4994 1940 5066 Ecclesia:

368 5082 515 5127 statu
562 5074 665 5127 sub
701 5072 888 5135 ﬁnem,
919 5068 1221 5139 Bignonius
1247 5067 1316 5122 ad
1349 5065 1500 5139 lth._t
1538 5066 1802 5131 Marculﬁ,
1839 5065 1939 5120 Sa-

367 5157 502 5198 varo
529 5145 597 5197 ad
637 5140 927 5198 Sidonium
960 5137 1056 5194 ιὼ.
1087 5155 1126 5205 ι,
1170 5139 1330 5208 epist.
1357 5140 1410 5193 6.
1451 5137 1512 5192 In
1544 5138 1686 5192 serie
1719 5151 1941 5208 quoque

365 5215 751 5283 episcoporum
780 5211 1105 5268 Metensium
1133 5209 1470 5283 scriptasub
1514 5208 1711 5263 Carolo
1742 5208 1938 5277 Magno

413 5278 790 5355 hrpdégangus
825 5297 977 5352 papte
1012 5278 1602 5355 nomineinsignitur:_
1661 5347 1671 5355 _
1781 5342 1789 5347 ,

441 5353 492 5407 Ν
498 5347 652 5408 οὺίῖὶι
676 5347 731 5409 in
766 5347 967 5407 cunctis
989 5367 1129 5421 papa
1152 5347 1558 5421 Chrodegungus
1582 5347 1821 5421 habetur.

364 5422 530 5480 Plura
560 5426 681 5480 vide
734 5426 877 5493 apud
925 5416 1000 5477 du
1046 5416 1375 5493 Capyeiocg
1414 5416 1545 5485 cit.;
1581 5416 1937 5493 Theophilum

368 5494 726 5566 Haynaudum
756 5486 1093 5566 Oper._t_om._
1232 5491 1286 5544 in
1306 5486 1679 5566 ‘Onomastico
1713 5488 1936 5566 pontiﬁ-

363 5558 475 5629 cio',
507 5567 655 5619 verb.
697 5558 876 5634 Papa;
931 5563 1103 5634 Μενενὶ
1132 5558 1468 5634 Hierolexico
1503 5560 1667 5634 verbo
1722 5560 1936 5622 eodem,

363 5640 616 5705 aliosque
639 5637 731 5705 qui
766 5631 870 5691 hoc
907 5631 1001 5705 de:
1027 5633 1250 5705 nomine
1292 5631 1506 5705 abunde
1539 5631 1934 5684 disseruerunt.

335 5736 337 5740 έ
364 5702 616 5771 ιιωυξυι
651 5702 829 5776 inquit
849 5706 921 5760 du
948 5702 1190 5776 Gangius
1218 5703 1321 5776 lue.
1350 5702 1463 5765 cit.,
1483 5719 1500 5753 ε
1539 5716 1662 5755 cum
1693 5715 1936 5776 comatur

363 5792 449 5833 ms
479 5768 623 5836 esset
654 5768 747 5834 illi
774 5768 1205 5841 nomenclatura,
1247 5772 1449 5829 factum
1483 5781 1566 5829 est
1596 5780 1655 5827 ut
1699 5768 1933 5828 Romani

1973 4491 2020 4549 υ
2046 4507 2379 4562 instruentes
2411 4506 2557 4561 beati
2599 4506 2829 4575 apostoli
2857 4504 3177 4573 Ecclesiam,
3226 4491 3363 4561 Lino
3382 4491 3623 4631 "cura;

2045 4586 2230 4631 natum
2264 4577 2703 4631 administranda:
2736 4575 2993 4631 Ecclesiae
3037 4576 3398 4631 tradiderunt.
3495 4582 3623 4631 uius

2064 1980 2352 2049 pontiﬁces
2387 1980 2610 2035 titulum
2648 1978 2962 2034 universalis
2984 1979 3190 2049 nomini
3214 1996 3366 2049 papae
3416 1980 3641 2049 addide-

2066 2047 2172 2103 rint
2212 2070 2230 2103 ι
2266 2069 2279 2104 :
2318 2051 2396 2105 sic
2423 2050 2735 2104 universalis
2767 2066 2907 2118 papa
2924 2051 3123 2104 dicitur
3164 2047 3403 2104 Joannes
3442 2047 3555 2104 Vili
3584 2052 3644 2105 in

2065 2122 2271 2191 synodo
2300 2119 2574 2175 Ticinensi
2606 2135 2697 2175 an.
2741 2120 2869 2183 876,
2916 2128 3048 2172 tom.
3086 2118 3131 2201 il
3174 2120 3482 2190 capitular.,
3530 2122 3641 2177 col.

2062 2190 2168 2244 257
2216 2204 2269 2245 et
2324 2191 2450 2244 259.
2489 2189 2633 2243 ldem
2674 2189 3202 2259 summusgponttfex
3237 2206 3374 2259 papa
3414 2207 3641 2259 coauge-

2062 2208 2163 2244 zot
2216 2208 2269 2245 et
2324 2208 2450 2244 zoa.
2489 2208 2633 2243 tuem
2674 2208 2924 2245 summus
2962 2208 3202 2258 ponutex
3237 2208 3374 2259 papa
3414 2208 3635 2261 coange-

2062 2261 2195 2315 licus
2224 2260 2567 2332 compellatur
2595 2261 2652 2314 in
2674 2260 2884 2332 synodo
2925 2257 3170 2315 Romana
3201 2275 3290 2314 an.
3326 2260 3454 2324 877,
3502 2261 3635 2317 ibid.

2062 2331 2509 2470 p.Diatrib.
2562 2399 2629 2454 de
2674 2398 2732 2454 S.
2794 2397 3085 2471 Hippolyto
3129 2398 3354 2461 inferius
3394 2401 3638 2469 citanda,

2063 2485 2115 2524 ι).
2144 2471 2250 2524 29ε
2293 2490 2309 2523 ι
2355 2469 2458 2524 Sed
2488 2484 2599 2524 rem
2641 2468 2828 2524 forsan
2868 2486 2976 2524 non
3015 2487 3046 2524 a
3101 2485 3231 2524 vero
3277 2470 3350 2524 ita
3398 2471 3638 2524 alienam

2062 2485 2115 2539 p.
2144 2482 2250 2525 zu:
2293 2490 2309 2523 ι
2355 2482 2458 2524 seu
2488 2484 2599 2524 rem
2641 2482 2828 2524 torsan
2868 2486 2976 2524 non
3015 2487 3046 2524 a
3101 2485 3231 2524 vero
3277 2482 3350 2524 lla
3398 2482 3638 2530 ahenam

2062 2555 2401 2606 asseremus,
2430 2541 2474 2595 si
2502 2540 2751 2595 dicamus
2774 2540 2925 2593 illum
2959 2538 3351 2610 (Hippolytuml
3375 2542 3538 2595 etiam
3566 2558 3636 2599 ex

2061 2619 2215 2678 parte
2251 2612 2303 2665 in
2343 2628 2403 2666 se
2444 2611 2922 2680 suscepissetonus
2948 2610 3168 2679 regendi
3215 2610 3387 2679 ipsms
3417 2612 3636 2680 episco-

2099 2693 2219 2735 ntus
2256 2680 2506 2751 Romani.
2549 2678 2685 2733 Nam
2722 2678 2996 2751 Hippolyti
3014 2678 3264 2749 tempore
3300 2678 3466 2735 multi
3486 2682 3633 2737 Ara-

2099 2766 2155 2804 cs
2177 2760 2229 2804 et
2258 2751 2429 2806 Graeci
2454 2749 2639 2804 Romae
2671 2749 2933 2822 agebant,
2959 2765 3099 2819 quos
3134 2752 3317 2822 forsan
3341 2752 3634 2822 episcopus

2061 2820 2377 2891 Hippolytus
2404 2823 2640 2889 regebat,
2672 2834 2729 2891 e_t_
2746 2821 3133 2891 quigbusisacra
3159 2820 3345 2874 Graece
3376 2822 3461 2875 vel
3493 2820 3639 2876 A'ra-

2060 2889 2182 2945 bice
2212 2889 2652 2945 administrabat.
2689 2889 2796 2944 Nec
2835 2889 3122 2944 insolentis
3150 2892 3250 2944 hoc
3278 2900 3396 2945 erat
3434 2893 3633 2958 moris,

2057 2961 2196 3030 duos
2220 2962 2272 3013 in
2300 2977 2404 3015 una
2426 2961 2558 3030 urbe
2578 2960 2871 3030 episcopali
2893 2960 3178 3015 admittere
3200 2961 3507 3030 episcopos.
3533 2962 3632 3019 Sic

2059 3029 2229 3084 Roma
2263 3031 2317 3084 in
2357 3033 2473 3101 ipsa
2505 3029 2695 3101 Linus,
2729 3039 2783 3085 et
2821 3030 3095 3101 Clemens,
3134 3039 3189 3084 et
3221 3029 3409 3085 Cletus
3437 3032 3637 3087 dicun-

1984 3136 2026 3192 ϐ
2063 3110 2148 3153 tur
2172 3099 2522 3182 successores
2537 3099 2717 3182 .Petri,
2736 3100 2895 3192 ‘quod
2931 3099 3147 3192 videtur
3173 3103 3367 3154 seriem
3398 3111 3453 3156 et
3478 3104 3635 3192 prdi—

2059 3186 2182 3243 nent
2216 3171 2582 3243 successionis
2610 3168 2995 3243 episcoporum
3024 3168 3399 3243 Romanorum
3443 3174 3635 3243 aliquo

2057 3241 2219 3294 modo
2246 3245 2481 3296 turbare.
2515 3240 2618 3294 Sed
2644 3241 2848 3310 optime
2868 3256 2899 3294 a
2932 3240 3063 3294 viris
3089 3241 3303 3309 egregie
3327 3240 3500 3297 doetis
3524 3240 3635 3300 hoc

2055 3312 2397 3375 conciliatur,
2434 3309 2729 3366 asserenda
2755 3309 3110 3374 Clementem,
3150 3310 3371 3377 Linum,
3412 3312 3631 3368 Cletum

2052 3379 2226 3451 fuisse
2252 3383 2539 3451 episcopos
2596 3380 2760 3435 simul
2812 3393 2866 3435 et
2905 3380 3096 3435 eodem
3149 3390 3414 3449 tempore,
3451 3399 3628 3439 unum

2053 3449 2229 3513 Pauli,
2255 3449 2485 3507 alt-erunt
2510 3450 2678 3518 Petri,
2706 3465 2875 3505 unum
2904 3451 3363 3514 circumcisionis,
3395 3455 3632 3510 alterum

2092 3523 2321 3591 raeputii,
2350 3537 2519 3577 unum
2541 3519 2877 3586 Judmorum,
2905 3522 3135 3575 alterum
3160 3522 3425 3590 gentium,
3456 3540 3630 3580 unum

2099 3593 2394 3655 atinorum,
2425 3594 2520 3663 qui
2567 3593 2621 3645 in
2667 3594 2798 3646 urbe
2837 3593 3124 3662 degebant,
3155 3602 3208 3646 et
3231 3596 3472 3647 nondum
3520 3593 3630 3651 La-

2054 3663 2407 3733 tinazlinguae
2431 3663 2564 3719 satis
2585 3672 2959 3733 assueverant.
2999 3679 3019 3713 ι

2123 3732 2236 3803 (89)
2274 3732 2356 3788 Ad
2408 3747 2614 3787 annum
2640 3732 2849 3803 Christi
2890 3733 2981 3795 69,
3026 3747 3179 3803 num.
3237 3732 3328 3797 41,
3389 3748 3444 3803 p.
3496 3732 3627 3802 646,

2049 3802 2183 3858 tom.
2217 3802 2241 3856 ’l
2269 3804 2362 3859 cit.
2397 3804 2550 3874 edit.,
2599 3802 2898 3874 ubiumulta
2951 3802 3007 3856 in
3054 3802 3199 3857 idem
3237 3802 3626 3874 argumentum

2053 3883 2368 3929 sanctorum
2402 3871 2622 3929 Patrum
2655 3871 2811 3927 aﬁ‘ert
2836 3874 3168 3927 testimonia.

2120 3944 2232 4013 (90)
2271 3944 2561 4013 Breviario
2586 3943 2824 3997 historic.
2864 3944 3471 4013 chronologico—critico,
3522 3947 3621 4002 ubi

2047 4015 2158 4085 agit
2178 4012 2243 4069 de
2271 4015 2356 4068 his
2389 4012 2735 4085 pontiﬁcibus
2762 4028 2887 4085 pag.
2921 4014 2955 4069 5
2981 4023 3035 4068 et
3067 4012 3244 4084 seqq.,
3279 4022 3413 4072 tom.
3449 4016 3623 4074 ledit.

2047 4083 2207 4139 Lucae
2238 4101 2329 4138 an.
2363 4085 2388 4137 1
2401 4084 2521 4139 729.

2116 4155 2229 4223 (91)
2270 4153 2426 4208 Tom.
2460 4155 2503 4207 ll
2526 4152 2825 4219 Mémoires,
2854 4163 2984 4220 etc.,
3019 4164 3123 4209 art.
3152 4153 3207 4221 2,
3237 4154 3471 4221 inSaint
3495 4156 3624 4215 Clé-

2044 4236 2214 4289 ment,
2241 4241 2364 4296 pag.
2389 4224 2496 4296 7152
2517 4235 2571 4279 et
2604 4240 2744 4295 seq.,
2782 4233 2839 4280 et
2867 4233 2996 4279 note
3033 4227 3085 4293 1,
3123 4240 3217 4281 sur
3245 4226 3303 4281 8.
3347 4226 3621 4296 Clétnent,

2043 4310 2199 4364 papc,
2231 4311 2284 4364 p.
2436 4304 2491 4350 et
2514 4311 2670 4364 seqq.

2113 4363 2245 4438 (9‘2):
2264 4363 2383 4438 Lib.
2430 4381 2496 4438 ut
2542 4363 3103 4438 Aduersuslhtereses,
3157 4380 3287 4438 cap.
3336 4366 3393 4435 5,
3422 4382 3476 4438 p.
3513 4368 3626 4425 202

2045 4436 2176 4510 edit.
2207 4433 2429 4510 Oxonia;
2453 4436 2552 4510 cit._
2578 4452 2671 4490 an.
2716 4433 2910 4510 l762_:
2951 4455 2978 4510 t_
3012 4433 3326 4510 Fundautes
3361 4433 3526 4510 igitur
3565 4453 3625 4496 et

2092 4648 2163 4699 ini
2189 4646 2391 4718 Paulus
2416 4646 2469 4700 in
2493 4647 2614 4718 _his,
2647 4661 2769 4715 qua:
2795 4656 2923 4700 sunt
2943 4647 3011 4701 ad
3031 4645 3378 4701 Timotheum
3412 4645 3628 4718 Episto-

2043 4717 2132 4781 lis,
2171 4717 2441 4790 meminit.
2486 4716 2738 4771 Succedit
2793 4728 2972 4790 autcm
3031 4718 3080 4770 ei
3130 4716 3472 4782 Anaclctus,_
3495 4733 3626 4790 post

2042 4802 2166 4857 eum
2195 4788 2353 4842 tertio
2383 4787 2504 4842 loco
2550 4789 2619 4842 ab
2661 4788 2925 4855 ap0stolis
2970 4790 3341 4857 episcopatum
3388 4787 3624 4846 sortitur

2042 4856 2313 4923 Clemens,
2352 4862 2445 4926 qui
2484 4859 2614 4911 vidit
2654 4858 2929 4926 apostolos
2959 4869 3013 4911 et
3040 4858 3269 4912 contulit
3300 4875 3425 4913 cutn
3455 4861 3558 4915 eis.
3594 4881 3617 4915 ι

2050 4926 2285 4996 Viucnda
2319 4944 2441 4996 qua:
2484 4933 2552 4983 ad
2593 4930 2741 4983 hunc
2774 4928 2954 4982 locum
2989 4931 3318 4983 adnotantur
3354 4928 3624 4989 aJoanne

2043 4995 2270 5050 Ernesto
2296 4995 2492 5052 C’rabe.

2114 5068 2224 5137 (95)
2259 5069 2524 5138 Adversus
2579 5069 2800 5123 hereses
2849 5068 2945 5123 lib.
2986 5084 3025 5134 l,
3074 5079 3205 5123 tom.
3233 5071 3279 5134 Ι,
3328 5070 3521 5126 haeresi
3559 5070 3617 5138 7,

2043 5138 2127 5209 vel
2160 5138 2252 5209 27,
2295 5154 2350 5192 n.
2410 5137 2465 5203 6,
2507 5154 2561 5209 p.
2595 5138 2719 5206 107,
2753 5141 2845 5193 cit.
2882 5139 3011 5209 edit.
3053 5138 3377 5194 Parisiensis
3416 5160 3430 5195 :
3473 5160 3491 5191 ι
3522 5140 3621 5194 Et-

2062 4586 2230 4650 )atum
2264 4577 2703 4650 administranda:
2736 4575 3006 4650 Ecclesia
3033 4575 3623 4650 t_r_adiderunt._}iujus

2022 5200 2184 5280 enim
2217 5200 2405 5262 Romae
2434 5200 2593 5279 prnni
2636 5200 3111 5280 omniumPetrus
3149 5220 3202 5262 et
3246 5210 3451 5265 Paulus
3483 5226 3620 5280 apo-

2041 5278 2167 5331 stoli
2211 5278 2624 5349 pariter’atque
2664 5279 2905 5349 episeOpi
2958 5278 3201 5333 fuerunt.
3247 5282 3376 5334 Inde
3419 5278 3613 5349 Linus,

2043 5360 2154 5402 tum
2178 5350 2382 5403 Cletus.
2414 5349 2545 5404 Post
2578 5352 2725 5403 hunc
2747 5350 3000 5403 Clemens
3027 5351 3171 5402 Petri
3206 5361 3259 5403 et
3294 5351 3446 5405 Pauli
3478 5362 3619 5404 tem~

2038 5433 2230 5488 porum
2256 5421 2503 5489 aequalis,
2537 5420 2605 5476 de
2628 5435 2737 5489 quo
2772 5419 2976 5474 Paulus
3011 5422 3256 5475 meminit
3298 5425 3367 5475 ad
3412 5422 3620 5476 Roma-

2038 5505 2141 5563 nos
2185 5492 2452 5563 scribens.
2474 5509 2491 5541 ι
2513 5490 2581 5543 Et
2605 5492 2768 5559 paulo
2805 5500 2973 5563 post:
3003 5509 3021 5542 ι
3060 5490 3162 5545 Sed
3185 5502 3463 5563 utcunque
3492 5507 3620 5550 sese

2040 5559 2289 5634 habuerit
2304 5599 2320 5623 ,
2346 5628 2350 5634 ι
2373 5560 2746 5634 Romanorum
2789 5559 3152 5634 _pontiticum__
3172 5563 3278 5615 ista
3335 5559 3620 5634 sgnccessio

2039 5641 2125 5700 est
2157 5649 2170 5685 :
2200 5629 2499 5700 Petrus,get
2521 5631 2743 5697 Paulus,
2788 5629 2981 5697 Linus,
3007 5646 3071 5685 ac
3096 5630 3301 5695 Cletus,
3332 5632 3616 5700 Clemens,

2038 5697 2342 5773 Evaristus,
2390 5699 2653 5772 Hyginus,
2698 5701 2851 5767 Phts,
2876 5702 3160 5773 Anicetus,
3211 5704 3304 5773 qui
3335 5714 3420 5758 est
3461 5719 3492 5757 a
3523 5697 3618 5760 me

2038 5772 2202 5841 paulo
2232 5781 2357 5829 ante
2388 5773 2443 5828 in
2466 5773 2848 5844 episcoporum
2873 5772 3063 5830 ordine
3087 5772 3428 5831 numeratus.
3478 5793 3500 5827 ι
