4074 6382
417 372 527 430 5‘33

1206 368 1295 425 ne
1334 346 1730 425 ronru‘tusr
1771 367 1829 421 s.
1870 363 2241 421 meror.th
2278 364 2471 419 sane.
2510 392 2583 405 -
2610 363 2790 417 rans
2822 362 2887 418 II.

3572 355 3683 413 508

421 502 562 549 teste
603 491 806 549 clarius
853 493 1140 559 elucescit;
1182 507 1310 547 nam
1371 507 1533 563 Opera
1582 490 1834 546 Antiochi
1881 489 1997 558 epl-
2025 491 2072 546 A
2100 487 2157 541 8.
2189 486 2541 558 Fulgentius,
2572 486 2667 555 qui
2703 486 2893 555 paucis
2935 492 3059 555 post
3087 481 3362 538 Gelasium
3401 477 3562 533 annis
3585 475 3685 533 ﬂo-

420 584 575 654 seopi
608 583 720 653 (I8)
769 591 958 640 contra
986 583 1271 639 avaritiam
1296 625 1312 650 ,
1346 591 1403 639 et
1431 581 1715 651 Theophili
1763 579 1999 635 Alexan-

419 677 568 735 drini
606 676 719 747 (I9)
751 685 942 732 contra
962 675 1251 748 Origenem
1281 677 1478 746 grande
1518 675 1755 729 volumen
1785 673 1854 728 ab
1880 673 1999 742 ipso

420 768 791 838 appellantur.
826 768 1009 825 Severi
1044 779 1226 825 autem
1262 769 1481 840 Sulpitii
1513 768 1626 839 (20)
1660 767 1997 832 Historiam,

422 873 548 913 cum
600 860 814 915 caeteris
844 859 1091 930 ejusdem
1124 859 1416 930 operibus,
1453 860 1689 928 opusculi
1722 860 1877 914 titulo
1911 861 1998 913 in-

420 951 676 1021 signivit;
730 968 854 1024 quas
900 952 1121 1023 quidem
1156 953 1384 1008 historia
1439 953 1601 1023 triplo
1629 952 1806 1021 major
1834 966 1998 1021 supra

422 1042 644 1097 laudato
672 1041 857 1097 libello
875 1057 998 1098 esse
1026 1043 1248 1098 cuilibet
1270 1042 1521 1098 eamdem
1557 1042 1811 1096 Iustranti
1840 1041 2000 1095 facile

420 1137 628 1208 patebit
657 1137 793 1209 (21).
822 1135 918 1191 His
953 1136 1184 1198 accedit,
1213 1134 1358 1207 quod
1389 1133 1655 1189 Gennadii
1688 1132 1755 1186 de
1781 1131 2001 1187 Gelasio

421 1228 798 1283 testimonium
860 1228 1201 1283 desideratur
1261 1228 1315 1281 in
1380 1226 1764 1296 antiquissimo
1811 1226 2001 1281 codice

422 1317 731 1387 Vaticano,
781 1336 944 1390 quem
993 1318 1271 1374 Vaticana:
1320 1318 1663 1373 bibliothecas
1711 1317 2002 1388 acquisivit

417 1412 826 1468 eruditissimus
866 1413 1110 1481 ejusdem
1161 1411 1451 1482 praefectus
1498 1410 1831 1466 Laurentius
1865 1411 2000 1466 Zac-

417 1519 648 1575 cagnus.
682 1503 839 1562 IIunc
871 1505 1113 1561 codicem
1142 1504 1384 1559 laudavit
1430 1503 1513 1558 vir
1561 1504 2000 1573 sapientissimus

418 1593 600 1652 Lucas
638 1595 973 1664 Holstenius,
1008 1598 1102 1668 qui
1130 1598 1382 1653 eumdem
1408 1597 1543 1651 vidit
1592 1597 1645 1651 in
1673 1596 2001 1653 bibliotheca

417 1691 745 1744 clericorum
776 1689 1113 1760 regularium
1157 1687 1216 1744 S.
1246 1688 1477 1743 Andreae
1499 1690 1570 1744 de
1602 1688 1779 1755 Valle,
1810 1689 1998 1744 illum-

416 1796 529 1849 que
559 1781 754 1835 merito
804 1781 1249 1851 antiquissimum
1284 1791 1474 1847 vocat;
1524 1782 1596 1836 ibi
1641 1784 1788 1837 enim
1832 1797 2000 1852 quon-

416 1874 546 1928 dam
578 1873 861 1943 quadratis
908 1882 963 1928 et
1007 1889 1134 1930 vere
1180 1875 1442 1929 Romanis
1494 1874 1688 1929 litteris
1715 1873 1996 1934 Ciceronis

413 1966 701 2020 orationes
748 1967 806 2020 in
877 1964 1089 2019 Verrem
1146 1966 1435 2036 descriptae
1491 1965 1743 2029 fuerunt,
1794 1966 1996 2036 quibus

416 2065 608 2125 postea
633 2056 825 2112 deletis
851 2072 914 2112 ac
941 2059 1202 2123 corrasis,
1223 2055 1283 2113 S.
1306 2056 1621 2128 Hieronymi
1647 2068 1701 2112 et
1726 2057 1996 2113 Gennadii

416 2145 709 2220 Catalogus
740 2150 1051 2205 uncialibus
1081 2150 1302 2215 iterum,
1338 2152 1431 2207 sed
1456 2151 1853 2207 recentioribus
1902 2151 1994 2206 Iit--

414 2241 552 2295 teris
585 2242 989 2312 snperscriptus
1018 2243 1139 2298 fuit.
1167 2242 1419 2301 Secundo
1465 2256 1791 2315 argumento
1835 2243 1997 2299 Baro-

416 2332 545 2388 nius
577 2333 692 2404 (22)
721 2335 916 2403 probat
942 2336 1110 2390 multa
1140 2337 1195 2390 in
1227 2336 1331 2391 hoc
1358 2335 1543 2391 libello
1573 2335 1841 2403 inveniri,
1874 2352 1996 2405 qme

414 2441 447 2479 a
487 2424 544 2480 8.
578 2425 798 2484 Gelasio
828 2443 967 2497 papa
1022 2438 1244 2484 exarata
1297 2444 1421 2484 esse
1471 2444 1609 2499 pene
1656 2428 1997 2498 impossibile

412 2529 537 2584 est,
588 2530 645 2575 et
672 2519 969 2575 Eusebium
1005 2519 1398 2576 Caesariensem
1432 2520 1619 2575 multis
1648 2520 1907 2575 observat
1939 2519 1992 2573 in

412 2613 604 2666 eodem
630 2612 812 2667 libello
835 2614 1105 2668 encomiis
1130 2613 1339 2678 ornari,
1359 2628 1520 2683 quem
1536 2612 1799 2666 Arianum
1825 2612 1995 2666 fuisse

411 2711 626 2760 certum
661 2712 764 2769 est,
791 2702 954 2772 cujus
982 2718 1148 2772 opera
1187 2703 1327 2757 inter
1358 2703 1622 2757 librorum
1652 2701 1993 2772 apocrypha-

412 2808 537 2851 rum
584 2811 873 2850 numerum
922 2796 992 2850 ab
1038 2795 1227 2851 eodem
1287 2795 1506 2851 Gelasio
1553 2794 1897 2864 rejiciuntur,
1942 2802 1996 2849 et

411 2882 633 2940 Graecos
662 2885 854 2939 Patres
906 2893 1119 2940 tantum
1165 2886 1418 2951 laudari,
1465 2901 1565 2942 nec
1614 2901 1724 2940 non
1762 2885 1994 2940 Ambro-

411 2975 581 3044 sium,
610 2975 1022 3049 Hieronymum,
1054 2986 1393 3047 caeterosque
1425 2992 1492 3032 ex
1524 2976 1741 3035 Latinis
1778 2976 1995 3031 silentio

412 3067 707 3135 praeteriri.
739 3065 942 3123 Verum
988 3066 1225 3122 Jacnbus
1258 3066 1584 3123 Sirmondns
1612 3065 1750 3137 (25),
1787 3065 1993 3137 Philip-

2101 580 2230 643 ruit,
2256 595 2323 635 ex
2359 579 2466 633 hoc
2520 578 2701 632 libello
2731 586 2989 648 tanquam
3025 574 3223 631 Gelasii
3255 587 3409 643 papa:
3438 571 3542 625 tria
3583 569 3683 624 de-

2100 671 2336 740 sumpsit
2355 670 2663 725 testimonia
2685 709 2700 737 ,
2736 685 2860 739 quas
2890 669 2943 722 in
2974 668 3174 722 librum
3208 664 3346 719 08-5
3371 660 3684 734 quwstioni—

2101 765 2194 816 bus
2225 763 2368 832 apud
2403 761 2738 816 Ferrandum
2770 762 3058 817 diaconum
3086 800 3102 826 ,
3150 774 3271 829 cap.
3300 757 3367 811 18
3387 798 3403 822 ,
3454 755 3678 821 retulit;

2100 871 2287 908 verum
2325 855 2492 909 etiam
2539 855 2665 924 quia
2715 854 2968 909 laudatur
3016 870 3045 909 a
3091 851 3303 908 Joanne
3350 848 3390 902 ll
3438 863 3576 918 papa
3620 847 3678 901 in

2099 946 2326 1015 epistola
2345 946 2413 998 ad
2426 946 2677 1000 Avienum
2696 945 2809 1016 (26)
2824 954 3138 1014 craterasque
3159 951 3444 996 senatores.
3462 939 3568 993 Sed
3592 938 3677 991 his

2103 1036 2378 1091 Sirmondi
2407 1037 2745 1105 argumentis
2769 1052 3000 1106 magnus
3028 1035 3298 1090 Batonius
3323 1032 3537 1086 videtur
3567 1044 3677 1082 non

2100 1130 2333 1184 obscure
2367 1127 2735 1197 satisfecisse;
2796 1131 3048 1199 quamvis
3080 1128 3199 1198 ipse
3223 1124 3485 1181 Ferrandi
3519 1121 3682 1177 testi-

2101 1222 2343 1276 monium
2362 1222 2544 1277 videre
2567 1237 2672 1278 non
2692 1222 2950 1292 potuerit,
2968 1221 3131 1290 cujus
3148 1218 3324 1289 Opera
3345 1215 3680 1271 Franciscus

2099 1312 2381 1368 Chitletius
2409 1313 2597 1369 multis
2619 1322 2742 1383 post
2771 1312 2993 1368 Baronii
3023 1323 3253 1367 mortem
3291 1309 3451 1364 annis
3482 1306 3677 1362 edidit.

2100 1403 2364 1459 Ohservat
2407 1407 2592 1475 itaque
2638 1405 3107 1460 eminentissimus
3162 1401 3490 1467 cardinalis,
3538 1414 3682 1453 non-

2101 1498 2249 1551 nulla
2281 1499 2350 1554 ab
2395 1499 2785 1567 impostoribus
2824 1498 2883 1553 8.
2934 1497 3152 1554 Gelasio
3184 1511 3338 1567 papa:
3385 1494 3576 1549 eodem
3621 1507 3678 1548 Vl

2101 1591 2322 1656 saeculo,
2355 1590 2409 1644 in
2438 1606 2549 1660 quo
2575 1590 2691 1660 ipse
2717 1590 2852 1659 obiit
2880 1598 2935 1644 et
2966 1589 3286 1659 Fulgentius
3310 1585 3514 1650 floruit,
3546 1598 3676 1653 sup-

2100 1683 2277 1753 posita
2318 1682 2509 1737 fuisse.
2541 1680 2819 1751 Optimum
2851 1682 3134 1736 sententiae
3167 1695 3281 1734 sua:
3315 1685 3507 1733 testem
3554 1675 3678 1731 Iau-

2100 1774 2617 1838 datCassiodorum,
2637 1775 2732 1844 qui
2752 1774 2956 1829 diserte
2986 1773 3177 1829 scribit
3205 1772 3263 1826 S.
3288 1771 3507 1828 Gelasio
3524 1784 3681 1841 papa

2101 1867 2412 1936 suppositas
2438 1866 2605 1922 fuisse
2637 1866 3021 1921 adnotationes
3044 1866 3310 1936 quasdam
3340 1864 3394 1917 in
3417 1860 3680 1933 epistolas

2098 1957 2161 2011 D.
2216 1956 2409 2022 Pauli,
2463 1958 2516 2011 in
2567 1958 2767 2027 quibus
2815 1955 3092 2028 Pelagiani
3143 1956 3413 2027 dogmatis
3445 1954 3678 2025 vestigia

2098 2058 2418 2119 supererant
2444 2048 2583 2119 (27).
2638 2069 2657 2103 ι
2689 2051 2751 2103 In
2796 2048 3102 2120 Epistolas,
3134 2050 3343 2121 inquit,
3385 2047 3680 2104 tresdecim

2098 2140 2157 2197 8.
2208 2141 2361 2197 Pauli
2417 2144 2796 2199 adnotationes
2835 2145 3175 2213 conscriptas
3228 2144 3283 2198 in
3337 2145 3460 2213 ipso
3515 2141 3679 2197 initio

2098 2251 2233 2292 mete
2266 2236 2517 2292 lectionis
2548 2238 2727 2291 inveni
2755 2280 2769 2304 ,
2802 2252 2924 2307 qua;
2945 2237 3020 2301 ,in
3065 2245 3391 2292 cunctorum
3422 2235 3682 2293 manibus

2096 2328 2170 2383 ita
2198 2328 2442 2384 celebres
2490 2328 2868 2395 habebantur,
2916 2338 2977 2384 ut
3021 2345 3115 2384 eas
3156 2345 3187 2384 a
3234 2337 3425 2383 sancto
3455 2327 3681 2385 Gelasio

2094 2436 2231 2492 papa
2262 2421 2413 2477 urbis
2441 2419 2660 2487 Romw,
2703 2420 3004 2477 doctissimi
3034 2421 3134 2475 viri
3192 2420 3374 2476 studio
3431 2420 3685 2475 dicerent

2095 2513 2268 2570 fuisse
2301 2512 2674 2583 conscriptas,
2729 2512 2877 2583 quod
2923 2514 3102 2567 solent
3130 2509 3311 2567 facere
3341 2510 3436 2581 qui
3475 2525 3565 2565 res
3592 2509 3685 2564 vi-

2094 2608 2266 2663 tiosas
2297 2606 2525 2677 cupiunt
2570 2606 2795 2677 gloriosi
2830 2605 3072 2661 nominis
3105 2604 3433 2660 auctoritate
3484 2601 3683 2658 defen-

2094 2699 2240 2755 dere.
2279 2699 2385 2755 Sed
2421 2700 2583 2754 nobis
2613 2715 2680 2753 ex
2714 2698 3146 2769 prrecedentibus
3177 2696 3507 2753 lectionibus
3550 2694 3684 2749 dili—

2094 2791 2242 2862 genti
2268 2790 2657 2845 retractatione
2686 2798 3001 2859 patuerunt,
3029 2788 3418 2846 subtilissimas
3449 2786 3679 2857 quidem

2092 2898 2216 2939 esse
2246 2898 2312 2937 ac
2342 2882 2696 2937 brevissimas
2718 2881 3009 2947 dictiones,
3043 2882 3137 2936 sed
3165 2879 3441 2951 Pelagiani
3467 2880 3681 2937 erroris

2094 2990 2300 3030 venena
2327 2975 2437 3029 illic
2470 2989 2593 3028 esse
2623 2974 2914 3028 seminata.
2944 2992 2963 3024 ι
2991 2973 3307 3029 Cassiodori
3341 2974 3505 3043 igitur
3529 2986 3673 3047 aevo,

2094 3068 2187 3138 qui
2214 3068 2359 3123 circa
2389 3082 2591 3121 annum
2621 3064 2724 3121 556
2752 3066 2868 3121 haec
2905 3068 3125 3137 scripsit
3151 3066 3263 3137 (28)
3284 3108 3299 3133 ,
3325 3067 3675 3137 supposititia

412 3174 518 3229 pus
565 3159 815 3214 Labbeus
861 3160 1009 3231 (24),
1060 3160 1332 3217 Antonius
1381 3159 1579 3232 Pagius
1621 3159 1735 3231 (25)
1784 3159 1989 3228 senior,
2018 3178 2064 3241 ο
2096 3157 2302 3215 Gelasii
2351 3175 2505 3230 papae
2562 3174 2730 3229 opera
2775 3159 3118 3216 circumferri
3162 3161 3275 3230 jam
3322 3160 3494 3216 multo
3544 3171 3678 3218 ante

414 3252 476 3308 S.
516 3253 798 3310 Gelasium
850 3253 1169 3323 huiusmodi
1214 3253 1378 3308 libelli
1414 3261 1693 3308 auctorem
1725 3249 1990 3317 credunt,

412 3362 522 3402 non
559 3348 737 3404 solum
769 3349 897 3418 quia
930 3348 984 3404 in
1032 3346 1433 3418 antiquissimis
1463 3345 1744 3403 codicibus
1789 3345 1996 3401 descri-

414 3451 541 3511 ptus
589 3442 681 3497 ille
728 3450 815 3498 est
864 3441 1006 3497 inter
1046 3441 1384 3497 indubitatas
1436 3441 1558 3511 ejus
1604 3439 1893 3511 epistolas,
1940 3448 1995 3494 et

483 3575 598 3650 (I8)
638 3576 771 3647 Cap.
794 3576 886 3650 20A.
915 3593 1036 3650 pag.
1072 3580 1177 3635 962
1206 3580 1386 3636 citata:
1412 3578 1596 3650 edit.:
1640 3598 1659 3628 ο
1690 3578 1993 3634 Antiochus

409 3647 708 3718 episcopus
769 3647 1006 3718 scripsit
1061 3651 1323 3707 adversus
1376 3649 1660 3704 avaritiam
1718 3664 1886 3702 unum
1940 3659 1995 3704 et

415 3716 637 3782 longum
668 3716 942 3774 volumen.
983 3738 1002 3772 ι

488 3788 598 3857 (19)
638 3787 772 3857 Cap.
806 3790 895 3852 55,
930 3806 1051 3860 pag.
1085 3791 1191 3846 966
1219 3790 1377 3846 dictat
1406 3790 1578 3846 edit.:
1614 3809 1633 3840 ί
1655 3787 1993 3858 Theophilus

412 3858 797 3931 Alexandrinas
839 3858 1076 3917 civitatis
1126 3862 1416 3931 episcopus
1463 3861 1683 3930 scripsit
1729 3861 1993 3917 adversus

413 3930 702 4001 Origenem
758 3946 926 3985 unum
966 3940 1022 3985 et
1068 3930 1272 4001 grande
1317 3932 1609 3994 volumen,
1652 3946 1763 4000 quo
1807 3932 1992 3988 omnia

410 4014 549 4070 pene
570 4000 693 4070 ejus
717 4003 862 4057 dicta
889 4010 944 4057 et
972 4000 1149 4071 ipsum
1182 4002 1672 4073 paritergdamnat,
1704 4001 1868 4073 simpl
1895 4002 1995 4055 do—

410 4069 543 4143 cens
565 4069 673 4126 nan
708 4089 738 4128 a
774 4088 833 4127 se
861 4069 1099 4143 primum
1129 4069 1279 4143 eum.
1315 4072 1411 4128 sed
1443 4073 1513 4126 ab
1534 4069 1993 4143 antiquisiPatri-

412 4139 514 4196 bus
566 4151 622 4197 et
673 4139 912 4198 maxime
958 4140 1186 4200 Heraela
1245 4142 1414 4199 fuisse
1463 4150 1519 4198 et
1569 4158 1607 4195 a
1657 4139 1993 4212 presbyterio

408 4212 645 4280 ejectum
666 4256 683 4282 ,
709 4224 765 4270 et
788 4214 855 4269 de
886 4213 1127 4271 Ecclesia
1158 4214 1376 4284 pulsum
1398 4256 1415 4278 ,
1463 4221 1517 4267 et
1544 4213 1612 4268 de
1653 4212 1873 4267 civitate
1908 4212 1994 4268 fu—

449 4292 621 4338 atum.
656 4304 675 4336 ι

413 4297 621 4352 gatum.
656 4304 675 4336 ›

485 4352 597 4427 (26)
637 4355 773 4426 Cap.
822 4355 891 4411 19
921 4398 936 4422 ,
988 4372 1113 4427 pag.
1149 4355 1256 4427 _96I
1317 4355 1411 4409 cit.
1452 4353 1595 4427 edit.
1635 4372 1650 4408 :

412 4424 1110 4497 presbyter,'cognomento
1141 4425 1409 4497 Sulpitius
1434 4424 1742 4493 Aquitaniae
1770 4426 1992 4497 provin-

411 4496 532 4558 ciae,
554 4498 638 4549 vir
665 4496 863 4566 genere
895 4508 948 4553 et
976 4498 1170 4552 litteris
1204 4496 1422 4559 nobilis,
1453 4508 1507 4549 et
1539 4496 1872 4565 paupertatis
1905 4505 1990 4550 at-

1700 4371 1718 4404 (
1755 4351 1992 4410 Severus

2096 3260 2271 3322 coepta
2302 3260 2477 3315 erant,
2522 3267 2645 3322 quae
2675 3268 2704 3307 a
2740 3252 3119 3309 disertissimis
3150 3254 3281 3309 viris
3315 3269 3416 3324 pro
3439 3254 3585 3310 veris
3617 3267 3678 3313 et

2094 3345 2347 3418 genuinis
2401 3345 2776 3413 habebantur;
2853 3344 3086 3416 ideoque
3141 3361 3249 3400 non
3312 3342 3677 3416 improbabile

2095 3439 2423 3510 quibusdam
2463 3439 2735 3494 videbitur
2778 3436 2833 3493 8.
2884 3438 3227 3511 Fulgentium
3279 3440 3525 3511 aliosque
3578 3455 3679 3512 ge-

2094 3577 2292 3649 tjrmet,
2311 3586 2490 3633 tamen
2527 3579 2668 3634 inter
2687 3579 2872 3649 plures
2899 3587 3211 3635 sanctorum
3237 3578 3675 3636 orthodoxorum

2092 3647 2317 3720 Patru_m
2339 3650 2673 3720 assertiones
2692 3647 2851 3719 ponit
2874 3658 2995 3720 post
3015 3648 3270 3720 Magnum
3284 3649 3676 3720 Athanasium,

2092 3727 2222 3774 ante
2242 3718 2565 3789 Gregorium
2590 3717 3016 3785 Naz'ianzenum,
3044 3717 3338 3774 Eusebium
3371 3717 3678 3775 Cmsari'en-

2094 3804 2209 3845 sem
2238 3829 2252 3854 ,
2303 3790 2700 3845 conclamatum
2748 3791 2859 3861 jam
2917 3806 3059 3858 saepe
3107 3791 3175 3844 ab
3211 3790 3468 3845 omnibus
3518 3799 3680 3861 ante-

2094 3861 2380 3929 signanum
2411 3860 3005 3929 Arianorum,ejusque
3024 3870 3135 3914 tres
3164 3861 3463 3915 sententias
3493 3876 3560 3916 ex
3583 3860 3679 3915 di-

2094 3931 2272 4002 versi‘s
2313 3931 2460 4002 locis
2477 3939 2729 4001 acceptas
2760 3930 2926 3985 refert
2954 3949 2970 3985 :
3005 3947 3124 4000 quas
3148 3932 3368 4002 quidem
3396 3947 3559 4002 quam
3592 3933 3682 3985 in-

2092 4000 2256 4069 digna
2290 4002 2398 4056 sint
2422 3999 2639 4056 Gelasio
2675 4016 2813 4071 papa
2836 4042 2853 4065 ,
2879 3999 3042 4055 nemo
3064 3999 3371 4072 nonvidet;
3395 3999 3680 4072 quamQue

2094 4072 2307 4125 alienus
2348 4072 2421 4125 sit
2457 4080 2650 4126 auctor
2678 4070 2770 4125 ille
2796 4073 2867 4142 ab
2909 4072 3093 4141 aliquo
3123 4070 3323 4125 Latino
3365 4070 3675 4142 scriptore;

2094 4157 2220 4196 cum
2253 4142 2306 4195 in
2335 4158 2392 4196 re
2421 4150 2571 4196 tanta
2607 4142 2815 4197 nitatur
2840 4141 3153 4196 Graecorum
3185 4143 3453 4197 duntaxat
3478 4141 3671 4196 aucto-

2094 4213 2256 4267 ritate
2279 4253 2293 4277 ,
2340 4213 2426 4266 vix
2470 4212 2687 4268 duobus
2723 4211 2935 4267 Latinis
2964 4228 3027 4266 ex
3058 4212 3307 4281 plurimis
3337 4213 3389 4267 in
3424 4214 3679 4267 testimo-

2094 4284 2245 4336 nium
2292 4284 2560 4337 adductis.
2610 4282 2785 4349 Quam
2834 4298 2964 4336 vero
3004 4292 3226 4337 econtra
3270 4297 3331 4335 ea
3383 4284 3679 4339 conveniat

2093 4351 2313 4407 Gelasio
2340 4354 2413 4407 illi
2449 4369 2479 4406 a
2515 4354 2706 4408 Photio
2734 4355 3038 4417 recensito,
3065 4367 3332 4421 cognosce
3351 4394 3366 4419 ,
3393 4354 3522 4407 dum
3552 4354 3676 4423 ipse

2093 4423 2148 4476 in
2167 4424 2314 4477 dicto
2338 4439 2502 4492 opere
2527 4425 2594 4479 de
2608 4423 2825 4478 Nicaano
2850 4425 3083 4480 concilio
3105 4426 3353 4479 eumdem
3372 4423 3670 4478 Eusebium

2094 4492 2483 4549 Caesariensem
2516 4495 2810 4564 plurimum
2841 4495 3049 4561 laudat,
3077 4505 3133 4549 et
3158 4494 3331 4548 titulis
3359 4495 3670 4549 orthodoxa

410 4554 529 4635 que
562 4554 889 4623 humilitatis
934 4582 1124 4622 amore
1177 4554 1553 4634 conspicuus:
1597 4554 1778 4620 clarus
1822 4566 1986 4621 etiam
2023 4554 2067 4609 υ
2094 4578 2295 4635 magno
2318 4563 2435 4617 viro
2477 4554 2657 4633 dignis
2681 4574 2942 4631 exornat,
2976 4554 3140 4635 atilne
3173 4565 3242 4620 ab
3268 4565 3418 4620 omni
3453 4565 3672 4619 Arianae

411 4644 727 4693 Sanctorum
762 4640 1004 4693 virorum
1039 4637 1256 4691 Martini
1290 4636 1628 4691 Turonensis
1654 4637 1899 4705 episcopi
1935 4648 1990 4692 et

412 4705 909 4830 PaulinilNolensis
941 4708 1170 4776 notitia,
1203 4707 1425 4778 scripsit
1457 4722 1564 4760 non
1590 4707 1988 4763 contemnenda

412 4789 617 4830 onuscu
642 4792 694 4830 a.
731 4796 751 4830 ι

411 4789 694 4844 Opuscula.
731 4796 751 4830 ι

482 4846 596 4916 (21)
638 4848 924 4919 Legendus
964 4847 1233 4919 Batonius
1263 4848 1331 4903 ad
1369 4849 1573 4903 dictum
1608 4863 1812 4903 annum
1859 4847 1986 4912 £96,

412 4919 636 4985 numJ,
676 4918 799 4990 pag.
825 4921 952 4985 596,
989 4929 1124 4974 tom.
1159 4918 1271 4974 VIII
1308 4920 1400 4973 cit.
1436 4920 1593 4982 edit.,
1630 4921 1718 4973 ubi
1750 4922 1865 4973 haec
1887 4934 1987 4973 nos

408 4992 571 5045 etiam
600 4992 758 5045 docet
784 5010 800 5046 τ
842 5011 861 5042 ι
893 4991 1093 5046 Verum
1124 5006 1231 5045 non
1266 5006 1433 5044 unum
1461 4991 1728 5045 duntaxat
1751 4990 1985 5053 librum;

410 5061 502 5115 sed
538 5062 683 5130 quod
713 5063 917 5133 grande
947 5072 1003 5117 et
1031 5063 1352 5133 praeclarum
1380 5076 1519 5129 opus
1544 5058 1861 5133 Gennadius
1887 5076 1987 5111 no-

408 5133 610 5203 minat,
656 5130 737 5188 in'
759 5134 1005 5203 quinque
1032 5130 1222 5188 _Iibros
1275 5132 1443 5203 [uisse
1482 5133 1770 5203 partitum
1798 5130 1984 5203 liquet.

410 5200 581 5257 Habet
621 5205 674 5259 id
712 5199 860 5260 enim
902 5199 1229 5258 Anastasius
1276 5199 1729 5256 Bibliotliecarius
1758 5201 1811 5254 in
1848 5199 1989 5254 libro

411 5274 486 5346 De
517 5274 773 5330 Romanis
804 5275 1174 5346 pontificibus,
1211 5287 1346 5346 cuni
1364 5272 1598 5346 allir_mat
1627 5274 1894 5346 quinque
1925 5271 1988 5323 li-

410 5343 538 5399 bros
568 5341 835 5401 adversus
865 5341 1181 5402 Nestorium
1208 5352 1263 5399 et
1305 5341 1659 5412 Entychetem
1703 5341 1771 5395 ab
1796 5341 1986 5397 eodem

407 5412 625 5470 Gelasio
673 5416 848 5474 fuisse
873 5419 1245 5485 conscriptos.
1277 5429 1400 5485 cum
1434 5421 1611 5467 tamen
1628 5412 1985 5485 (opusculum,

408 5486 550 5555 quod
576 5487 779 5542 Gelasii
811 5490 1036 5543 nomine
1063 5482 1245 5541 exstat
1272 5484 1502 5548 editum,
1544 5482 1711 5540 unius
1739 5482 1863 5539 libri
1890 5496 1987 5551 pe-

410 5555 565 5609 riodo
594 5559 885 5614 terminetu
895 5576 940 5612 r.
976 5578 995 5611 ι

481 5626 595 5695 (22)
636 5628 715 5681 Ad
742 5629 947 5683 dictum
978 5642 1183 5683 annum
1212 5624 1348 5692 496,
1382 5642 1438 5680 n.
1471 5624 1502 5676 7
1525 5666 1540 5690 ,
1563 5640 1619 5695 p.
1649 5623 1754 5680 596
1782 5642 1797 5679 :
1835 5643 1855 5676 ί
1882 5622 1987 5690 Qui

407 5695 659 5752 Gelasins
685 5698 756 5752 De
780 5698 986 5752 duabus
1013 5699 1218 5753 naturis
1242 5697 1567 5766 opusculum
1596 5696 1725 5750 illud
1745 5697 1986 5765 scripsit,

407 5783 529 5821 cum
565 5770 616 5822 in
648 5770 754 5822 line
787 5769 1075 5839 protitetur
1115 5784 1175 5839 se
1219 5768 1633 5833 catholicorum,
1656 5777 1717 5822 ut
1743 5768 1841 5832 ait,
1880 5782 1990 5820 ma-

412 5840 704 5899 gistrorum
732 5838 1043 5896 testimonia
1068 5838 1281 5907 aﬂ‘erre,
1309 5839 1509 5909 quibus
1537 5855 1568 5895 a
1588 5855 1647 5895 se
1680 5839 1821 5894 dicta
1849 5853 1983 5894 con-

2092 4634 2315 4688 baaresis
2372 4636 2686 4704 suspicione
2735 4636 2852 4689 vult
2899 4634 3254 4704 exemptum,
3292 4637 3421 4690 dum
3487 4635 3673 4704 ipsum

2089 4720 2368 4773 nunquam
2416 4707 2547 4761 Ario
2599 4707 2948 4762 consensisse
3001 4721 3111 4760 non
3159 4707 3231 4761 sit
3272 4706 3480 4760 veritus
3530 4705 3678 4760 πω.-

2090 4790 2260 4856 ntare.
2295 4774 2633 4859 inLegendus
2657 4775 3675 4859 Bellarminu‘ste‘script.‘ecclesiasti-

2090 4847 2187 4970 ἕξις,
2406 4844 2618 4901 Gelasio
2651 4864 2792 4917 papa
2822 4856 2953 4903 tom.
2986 4846 3078 4901 VII
3105 4844 3269 4917 Oper.
3298 4848 3478 4902 citata:
3508 4847 3669 4917 edit.,

2127 4932 2211 4970 au.
2358 4959 2374 4970 .

2127 4932 2211 4971 32.
2255 4932 2374 4971 161.

2089 4930 2473 5057 Ρθῗίὲδῗςὲὶὶυά
2506 4987 2683 5056 ipsum
2717 4987 2992 5042 Labbeum
3048 4990 3348 5043 citandum,

2162 5058 2276 5127 (24)
2318 5058 2546 5115 Dissert.
2583 5059 2842 5113 historica
2870 5059 2937 5110 ad
2969 5059 3062 5112 lib.
3100 5058 3177 5112 De
3206 5059 3389 5127 script.
3426 5060 3670 5115 ecclesia-

2086 5132 2234 5185 sticis
2265 5127 2612 5194 Bellarmini,
2646 5145 2771 5198 pag.
2805 5127 2927 5183 188.

2163 5198 2399 5273 (25)-ᾼά
2428 5200 2870 5273 θιιηιιιιιῃόίυιυῃι
2907 5198 3045 5273 496,
3077 5214 3231 5273 num.
3261 5200 3298 5256 5
3320 5241 3334 5263 ,
3370 5217 3497 5273 pag.
3524 5200 3664 5270 338,

2089 5269 2222 5328 tom.
2257 5269 2371 5325 VIII
2401 5273 2594 5323 Annal.
2627 5269 2849 5325 Baronii
2878 5270 3029 5324 citat.
3065 5270 3341 5327 editionis.

2162 5343 2276 5414 (26)
2319 5341 2443 5396 Haec
2484 5349 2613 5396 sunt
2646 5341 2920 5414 rationum
2963 5352 3234 5414 momenta
3258 5344 3505 5414 ,gquibus
3548 5343 3667 5398 Sir.

2091 5411 2327 5468 mond'us
2366 5422 2420 5466 et
2455 5427 2523 5465 ex
2561 5426 2631 5484 eo
2664 5411 2817 5484 citati
2861 5423 3115 5465 auctores
3166 5411 3226 5469 S.
3266 5411 3484 5469 Gelasio
3524 5429 3669 5484 opus

2088 5483 2401 5557 hujusmodi
2433 5481 2970 5557 ascribendutnesse
3010 5496 3381 5557 propugnant.
3406 5485 3501 5540 His
3530 5481 3668 5541 sub-

2089 5552 2280 5610 scribit
2314 5554 2477 5609 etiam
2521 5552 2667 5606 Cave
2708 5552 2909 5620 Script.
2967 5552 3150 5610 eccles.
3204 5556 3332 5611 hist.
3361 5555 3662 5623 litterario,

2087 5634 2222 5680 tom.
2252 5624 2293 5689 l,
2326 5640 2447 5693 pag.
2479 5623 2604 5677 465.

2160 5696 2273 5820 (27)
2314 5692 2390 5749 De
2405 5692 2739 5749 institutione
2755 5696 3065 5778 divinarum
3094 5696 3418 5779 litterarum.
3449 5712 3571 5767 cap.
3603 5694 3663 5766 8,

2160 5783 2221 5820 m.
2279 5765 2574 5820 IODerum.
2594 5779 2712 5820 natt.
2734 5765 2859 5820 545.
2883 5771 3014 5820 edit.
3037 5767 3361 5820 Rothomam
3387 5786 3479 5820 an.
3499 5768 3663 5820 1679.

2092 5765 2296 5841 tom_._lI
2314 5765 2574 5841 Qperum,
2594 5779 2712 5841 pag.
2734 5765 2859 5832 543,
2883 5768 3014 5841 edit.
3037 5767 3361 5838 Rothomagi
3387 5786 3479 5841 an.
3499 5765 3663 5831 {679.

2162 5838 2276 5913 (28)
2316 5838 2601 5908 Legendus
2625 5837 2766 5898 Cave
2796 5850 2927 5897 tum.
2962 5840 2979 5895 1
3014 5842 3204 5906 citato,
3236 5856 3361 5911 pag.
3390 5839 3514 5897 501.
