4074 6434
478 426 577 485 5H

1257 428 1344 483 DE
1380 426 1778 485 PORTUENSI
1822 428 1879 479 8.
1921 422 2285 480 HIPPOLYTI
2329 422 2521 480 SEDE.
2559 451 2625 465 --
2670 421 2851 477 PARS
2886 420 2953 476 II.

3635 422 3744 477 513

469 564 710 620 ,qechue
730 548 1073 619 postmodum
1100 563 1166 603 ex
1187 545 1397 603 Arabim
1421 549 1699 618 provincia
1733 548 1940 612 avulsa,
1965 545 2068 601 Pa-
2096 552 2139 607 Α
2168 546 2389 601 dianum
2431 545 2826 616 aliquantulum
2877 541 3062 597 forsan
3111 540 3276 609 vixit,
3327 541 3385 595 in
3424 540 3746 612 episcopatu

478 640 702 693 lasstinaa
765 638 938 693 tertiae
995 652 1117 692 cum
1189 638 1466 693 nonnullis
1520 639 1744 693 sedibus
1805 638 2058 706 adjuncta

481 725 586 782 fuit
623 727 759 799 (56).
793 726 989 781 Civiles
1021 742 1149 780 vero
1182 728 1509 797 metropoles
1554 729 1607 782 in
1641 727 1837 780 Arabia
1868 742 2060 795 quam-

481 820 664 889 plures
688 821 1032 882 exstiterunt,
1059 834 1196 889 quas
1232 830 1536 874 memorant
1581 818 1795 884 Strabo,
1826 816 2055 880 Plinius,

481 910 896 982 Philostorgitts,
928 912 1213 974 Arrianus,
1262 912 1483 981 antiqua
1531 911 1687 965 Urbis
1714 911 1993 980 descriptio
2027 926 2055 964 a

481 1000 814 1056 Gothofredo
852 1002 906 1055 in
958 1001 1133 1055 lucem
1176 1003 1376 1057 emissa
1420 1000 1555 1069 (57).
1606 999 1835 1055 lstarum
1876 1010 2055 1055 tamen

477 1094 717 1162 episc0pi
744 1093 1147 1162 antiquissimis
1169 1092 1320 1147 hisce
1350 1092 1683 1162 temporibus
1714 1092 1767 1146 in
1801 1091 2057 1148 ecclesia—

478 1186 632 1241 sticis
659 1185 858 1240 tabulis
889 1201 1160 1255 nusquam
1190 1193 1489 1240 occurrunt
1516 1184 1653 1253 (58).

581 1301 723 1356 XVI.
764 1302 992 1366 Bostrw,
1031 1313 1257 1371 tempore
1286 1302 1343 1357 S.
1384 1302 1693 1372 Hippolyti.
1743 1302 1956 1358 Arabia

724 1374 1049 1443 metropolis,
1082 1375 1353 1443 episcopus
1381 1383 1498 1426 erat
1535 1372 1802 1442 Beryllus.

548 1463 755 1519 Bostrm
786 1480 917 1520 vero
964 1466 1162 1535 pricsul
1211 1464 1315 1520 fuit
1352 1464 1619 1537 Beryllus,
1670 1481 1831 1534 quem
1884 1481 2059 1536 usque

478 1555 544 1609 ad
579 1556 838 1610 Gordiani
873 1565 1113 1626 tempora
1141 1555 1310 1610 vitam
1349 1556 1668 1625 perduxisse
1719 1566 1948 1611 testatur
1996 1555 2054 1611 8.

478 1646 843 1720 Hieronymus
872 1648 1020 1719 (59),
1053 1663 1163 1717 quo
1196 1648 1255 1701 ﬁt
1288 1656 1347 1702 ut
1384 1647 1440 1701 8.
1475 1646 1815 1719 Ilippolytus,
1855 1648 1949 1718 qui
1995 1648 2054 1704 S.

478 1737 666 1794 Irena-i
716 1740 1016 1809 discipulus
1058 1738 1194 1807 fuit,
1226 1738 1498 1794 Bostrcusi
1538 1738 1790 1794 Ecclesim
1827 1756 2060 1810 prxesse

475 1829 801 1897 nequiverit.
834 1828 1068 1884 Irenaeus
1091 1845 1213 1883 cum
1239 1830 1292 1883 in
1314 1828 1606 1884 Occidente
1631 1831 1908 1885 meliorem
1938 1830 2060 1886 vita:

475 1935 589 1975 suae
618 1930 823 1990 partem
856 1920 1227 1991 transegisset,
1264 1935 1408 1975 anno
1432 1919 1634 1976 Christi
1663 1920 1767 1976 205
1789 1921 1930 1993 (60),
1949 1938 2059 1992 quo

474 2020 721 2082 tempore
762 2011 948 2068 forsan
982 2011 1226 2083 Beryllus
1255 2012 1497 2067 nondum
1524 2010 1869 2069 Bostrensem
1906 2029 2059 2085 rege-

473 2102 569 2157 bat
591 2101 909 2170 Ecelesiam,
939 2104 1198 2175 martyrio
1217 2114 1301 2159 est
1324 2112 1638 2159 coronatus.
1672 2103 1901 2172 Ideoque
1931 2113 2059 2163 tunc

472 2192 737 2263 temporis
768 2208 876 2248 non
905 2193 959 2248 in
988 2192 1229 2257 Oriente,
1261 2194 1355 2249 sed
1389 2195 1442 2248 in
1472 2194 1762 2250 Occidente
1792 2193 2057 2268 Hippoly-

475 2292 589 2337 tum
630 2283 802 2341 fuisse
835 2285 1306 2340 verosimillimum
1340 2286 1499 2342 nobis
1528 2287 1760 2342 videtur.
1808 2285 2057 2359 Beryllus

472 2387 603 2428 vero
633 2388 777 2427 anno
819 2373 1024 2430 Christi
1067 2373 1172 2429 258
1194 2415 1207 2439 ,
1243 2389 1386 2444 quo,
1421 2390 1606 2430 mense
1638 2375 1842 2431 scilicet
1887 2375 2054 2441 Julio,

473 2464 781 2520 Gordianus
830 2465 1042 2535 imperii
1088 2482 1359 2520 summam
1407 2467 1653 2536 accepit,
1706 2466 2053 2523 Bostrensem

471 2553 768 2611 Ecclesiam
816 2558 1189 2626 gubernabat;
1238 2558 1436 2612 etenim
1476 2557 1582 2613 hoc
1622 2574 1768 2613 anno
1797 2557 2056 2627 Origenes

472 2647 541 2701 ab
569 2648 836 2718 episc0pis
867 2649 1080 2704 Arabia:
1113 2648 1332 2705 Petraeae
1360 2659 1599 2720 rogatus,
1633 2649 1689 2704 in
1716 2651 1970 2732 arabiam
1997 2666 2057 2707 se

471 2740 722 2807 contulit,
748 2741 930 2810 ibique
958 2740 1228 2813 Beryllum
1257 2742 1309 2795 in
1344 2741 1591 2797 haeresim
1625 2743 1835 2812 lapsum
1867 2742 2054 2798 ortho-

471 2830 629 2886 doxae
659 2830 779 2885 ﬁdei
824 2832 944 2886 luce
988 2833 1313 2888 illuminavit
1340 2834 1472 2903 (61).
1522 2832 1830 2890 Gordianus
1871 2835 2056 2906 Augu-

472 2931 608 2987 stus,
636 2923 738 2978 sub
758 2938 869 2992 quo
891 2925 1025 2978 vixit
1048 2924 1310 2997 Beryllus,
1344 2941 1514 2996 usque
1536 2926 1601 2980 ad
1624 2942 1826 2981 annum
1849 2926 2053 2982 Christi

471 3012 582 3067 244
634 3011 883 3068 Romano
933 3013 1147 3085 praefuit
1195 3017 1424 3085 imperio
1470 3016 1601 3085 (62).
1656 3016 1794 3072 Hine
1841 3018 2054 3072 veritati

473 3093 777 3161 consonum
828 3108 1052 3163 minimc
1092 3108 1305 3163 videtur
1349 3108 1404 3164 S.
1456 3107 1838 3180 Hippolytum,
1891 3125 2054 3181 quem

473 3211 618 3252 anno
644 3197 752 3252 251
777 3201 1039 3271 martyrio
1082 3212 1400 3256 coronatum
1449 3216 1573 3257 cum
1621 3200 1907 3256 Ruinartio
1940 3202 2052 3273 (65)

472 3288 817 3358 conjicimus,
848 3299 957 3344 tam
979 3307 1143 3361 parvo
1166 3307 1437 3347 annorum
1468 3293 1642 3363 spatio
1663 3308 1726 3349 ex
1758 3290 2050 3349 Occidente

473 3380 530 3434 in
560 3380 833 3436 Orientem
867 3382 1268 3452 transfretasse,
1298 3392 1352 3439 et
1380 3382 1614 3451 Beryllo,
1653 3385 1745 3455 qui
1772 3394 1894 3454 post
1914 3383 2052 3439 Gor-

474 3502 685 3567 tantum
719 3506 965 3567 excepto,
1000 3512 1162 3566 quem
1194 3498 1439 3567 alicujus
1466 3498 1569 3553 loci
1610 3498 1913 3555 Palaestina:
1947 3501 2050 3556 sibi

475 3564 643 3633 ignoti
665 3564 977 3640 episcopum
1015 3564 1382 3640 liuisseiputa't.
1433 3566 1563 3624 Vide
1578 3571 1753 3640 etiam
1780 3587 1833 3640 p.
1863 3571 1967 3625 722
1998 3582 2054 3626 et

476 3649 630 3711 seqq.
661 3643 794 3688 tom.
827 3638 1000 3711 ejusd.
1030 3636 1115 3699 lll,
1150 3636 1239 3711 ubi
1262 3640 1459 3711 longus
1482 3640 1548 3693 de
1566 3637 1734 3711 _I_’etra
1768 3636 2053 3711 metropoli

473 3704 704 3772 ejusque
734 3706 960 3761 ecclesia
993 3722 1173 3762 sermo
1208 3704 1528 3763 instituitur.
1564 3708 1689 3765 Haec
1723 3704 1958 3765 Adriani
1983 3713 2052 3767 ab

475 3773 719 3845 Adriano
762 3776 1082 3845 imperatore
1114 3778 1257 3832 dicta
1290 3778 1425 3840 fuit,
1463 3788 1517 3832 et
1550 3780 1604 3834 in
1635 3782 1874 3835 nummis
1908 3792 2054 3836 vete-

476 3844 629 3917 ribus
655 3844 948 3917 reperitur,
979 3848 1276 3900 ΑΔΡΙΑΝΗ
1304 3849 1532 3902 ΠΕΤΡΑ
1570 3851 2048 3917 ΜΗΤΡΟΠΟΛΙΣ;

476 3913 622 3983 quod
651 3913 1008 3971 conﬁrmatur
1032 3919 1193 3971 etiam
1226 3933 1293 3972 ex
1328 3918 1514 3974 Dionis
1538 3920 1711 3975 Cassii
1729 3913 2045 3975 testimonio

476 3986 619 4054 apud
656 3986 1235 4059 ipsnmLequienloc.
1262 3988 1541 4059 cit.,~pag.
1576 3990 1699 4045 725.
1730 3991 1886 4056 Quod
1918 4000 2054 4046 tem-

477 4070 608 4124 pore
633 4057 851 4110 concilii
894 4058 1354 4114 Chalcedonensis
1399 4057 1555 4113 Petra
1595 4076 1701 4115 non
1743 4062 1907 4115 fuerit
1940 4079 2053 4116 me-

480 4127 710 4199 tropolis
741 4128 973 4199 Arabiae,
1016 4144 1081 4183 ex
1131 4144 1198 4183 eo
1227 4138 1480 4194 constat,
1526 4132 1651 4199 quia
1687 4148 1955 4199 nusquam
1997 4133 2052 4186 in

473 4194 789 4269 Actisdicti
820 4199 1036 4253 concilii
1079 4201 1392 4269 metropolis
1425 4194 1760 4255 nominatur.
1802 4194 2052 4258 Bostram

474 4274 530 4319 et
554 4265 980 4341 Philadelphiam
1015 4265 1339 4338 metropoles
1364 4270 1555 4341 dictas
1575 4274 1805 4341 legimus
1839 4273 2053 4327 actione

479 4350 496 4388 ι
531 4337 773 4404 ejusdem
802 4337 1266 4394 Chalcedonensis
1300 4342 1515 4394 concilii
1548 4340 1600 4394 in
1630 4337 1770 4397 tom.
1798 4341 1865 4396 IV
1889 4341 2047 4397 Cone.

477 4421 599 4475 pag.
635 4406 732 4460 85I
757 4407 885 4461 edit.
912 4407 1126 4463 Venetre
1147 4410 1317 4464 I728:
1352 4429 1370 4460 ι
1401 4410 1756 4465 Constantino
1779 4411 2055 4467 Bostreum

476 4475 719 4554 civitatis
739 4479 1052 4554 metropolis
1083 4479 1323 4554 Arabiae;
1352 4500 1371 4532 ι
1398 4491 1454 4554 et
1475 4496 1598 4552 pag.
1630 4482 1762 4537 855:
1783 4501 1803 4534 ι
1828 4482 2053 4554 Eulogio

477 4543 867 4618 Philadelphia:
898 4543 1210 4618 metropolis
1244 4543 1493 4604 Arabiae.-
1518 4571 1536 4602 ι

551 4616 681 4687 (56)⁹
705 4615 1245 4695 Ιδεὲςράιιε-(Ιρνοιυε
1273 4636 1303 4674 a
1336 4621 1393 4675 8.
1424 4620 1592 4678 Paulo
1632 4622 1922 4695 Geograph.
1964 4639 2050 4676 sa-
2077 4623 2128 4683 D

476 4701 591 4746 cra,
628 4686 748 4746 pag.
778 4686 883 4741 502
908 4701 961 4742 et
984 4689 1108 4744 507.

511 4702 591 4746 ra,
644 4701 691 4739 ia
736 4728 748 4740 .
778 4701 883 4741 oux
908 4701 961 4742 et
984 4701 1108 4744 'ottt.

550 4703 662 4826 (5'!)
698 4701 983 4812 gilidendus
1017 4757 1256 4830 Lequien
1291 4761 1457 4817 citato
1489 4771 1621 4817 tom.
1653 4762 1752 4830 IlI,
1786 4780 1908 4835 pag.
1954 4763 2056 4818 722

511 4835 532 4881 t
568 4843 706 4882 seaa.
743 4836 797 4880 et
835 4828 991 4882 1506.

477 4840 532 4881 et
568 4843 706 4895 seqq.
743 4840 797 4880 et
835 4840 991 4882 wuu.

568 4843 706 4897 seqq.
743 4843 797 4880 et
835 4843 991 4882 iouo.

550 4896 662 4966 (58)
701 4896 849 4952 Idem
902 4897 1139 4974 Lequien
1179 4902 1344 4956 citato
1395 4913 1530 4957 tom.
1602 4901 1688 4970 III,
1740 4918 1864 4974 pag.
1927 4902 2052 4968 723,

476 4977 728 5043 numerat
755 4968 1232 5043 przgsulesPetrze,
1255 4989 1446 5042 nempe
1468 4990 1478 5024 :
1500 4968 1792 5038 Asterium,
1810 4968 1903 5043 qui
1930 4990 2053 5028 cum

476 5038 796 5092 adhaesisset
833 5037 1157 5095 Eusebiauis
1202 5037 1802 5108 contra-Athanasium,
1827 5037 2053 5098 "tandem

478 5108 533 5161 in
565 5109 799 5162 concilio
838 5109 1144 5164 Sardicensi
1174 5128 1317 5164 anno
1351 5112 1454 5164 547
1488 5114 1555 5168 ab
1585 5113 1651 5166 iis
1680 5113 1961 5180 discessit,
2002 5123 2057 5167 et

480 5180 780 5254 sententiae,
800 5196 987 5254 _qu_am
1020 5196 1118 5254 pro
1143 5182 1443 5254 Athanasio
1484 5197 1547 5236 ac
1589 5184 1795 5254 cmteris
1820 5184 2058 5254 praesuli-

480 5248 582 5303 bus
619 5249 939 5304 orthodoxis
980 5252 1220 5305 tulerunt
1253 5250 1603 5307 Sardicenses
1651 5248 1838 5309 Patres
1864 5294 1878 5316 ,
1929 5269 2054 5307 cum

481 5317 602 5390 a_liis
649 5319 999 5390 subscripsit;
1037 5319 1322 5387 Joannem,
1370 5323 1460 5390 qui
1496 5336 1640 5376 anno
1676 5323 1779 5377 457
1808 5327 2052 5379 eamdem

478 5384 779 5462 Ecclesium
824 5384 1191 5462 gubernabat;
1242 5384 1607 5454 Theodorum,
1638 5394 1730 5462 qni
1759 5409 1903 5448 anno
1940 5394 2045 5447 556

479 5460 689 5535 synodo
709 5460 873 5535 trium
893 5460 1302 5535 [falastinarum
1325 5460 1710 5535 Hierosolymis
1723 5474 2056 5535 congregatas

480 5527 741 5603 adversus
792 5528 1109 5603 _Antbimum
1151 5534 1397 5602 aliosque
1442 5527 1721 5588 haereticos
1752 5575 1766 5597 ,
1826 5527 2055 5603 prmside

478 5593 639 5675 Petro
668 5600 993 5675 patriarcha,
1030 5593 1385 5675 interluit__'et_
1418 5593 1762 5675 subscripsit
1785 5593 2055 5675 Θὲόδωρος

479 5666 1023 5745 ὲτξξσξιοπφς-Πετρῶν
1074 5672 1227 5745 (tom.
1270 5670 1312 5725 V
1346 5671 1549 5726 Concil.
1571 5714 1587 5739 ,
1636 5666 1759 5745 pag.
1794 5675 1931 5728 1262
1959 5666 2051 5731 cit.

434 5740 437 5743 λ
481 5738 637 5813 edit.)
658 5752 682 5813 ;_
708 5738 1133 5813 Athenogenem,
1166 5743 1309 5797 circa
1341 5744 1502 5797 linem
1533 5738 1819 5809 saeculi'w,
1850 5747 1917 5799 de
1944 5759 2055 5813 quo

481 5808 635 5887 plura
668 5808 831 5887 habet
848 5811 1046 5887 citatus
1070 5809 1306 5887 Lequicn
1335 5814 1438 5867 Ioc.
1471 5813 1587 5887 ciAt.,
1616 5828 1739 5887 pag.
1770 5808 1891 5869 726.
1931 5808 2054 5868 Mit-

481 5880 645 5936 timus
677 5880 812 5937 alios
849 5880 1302 5952 recentioris'aevi
1336 5880 1712 5950 praesules,'d6
1735 5888 1931 5957 quibus
1978 5887 2053 5941 Ie-

2167 637 2524 703 successisse;
2557 653 2620 693 ac
2647 637 2825 691 denuo
2850 635 3078 690 Romam
3109 636 3391 704 migrasse,
3419 645 3472 691 et
3497 636 3551 690 in
3572 632 3747 690 Portu

2164 729 2409 785 Romano
2440 730 2685 800 martyrii
2716 730 2951 799 palmam
2985 727 3153 782 fuisse
3184 736 3557 783 consecutum.
3587 727 3748 794 Qua-

2161 829 2380 891 propter
2431 819 2752 893 Hippolytus
2798 819 3110 876 Bostrensis
3148 817 3404 874 Ecclesiae
3448 816 3749 887 episcopus

2160 927 2270 966 non
2319 912 2441 979 fuit,
2474 927 2576 967 nec
2608 913 2713 966 alia
2747 928 2986 983 unquam
3020 920 3152 967 tunc
3197 910 3457 980 temporis
3502 910 3554 963 in
3599 910 3747 963 Ara—

2159 1002 2246 1056 bia
2270 1043 2284 1066 ,
2321 1012 2517 1073 praeter
2550 1001 2795 1057 Bostram
2818 1042 2833 1065 ,
2869 1001 3239 1058 ecclesiastica
3289 999 3497 1055 exstitit
3537 1008 3750 1053 metro-

2158 1092 2299 1162 polis
2332 1094 2420 1148 cui
2448 1093 2564 1162 ipse
2596 1108 2829 1163 praeesse
2870 1092 3143 1162 potuerit;
3194 1092 3423 1161 ideoque
3461 1103 3610 1145 recte
3645 1089 3751 1143 lir-

2158 1183 2298 1238 mari
2350 1198 2515 1253 posse
2560 1186 2718 1239 nobis
2767 1185 3061 1239 suademus
3107 1198 3203 1239 eos
3244 1182 3476 1253 turpiter
3508 1182 3748 1237 halluci-

2159 1287 2313 1329 natos
2334 1274 2449 1344 qui,
2492 1274 2655 1328 unico
2695 1274 2897 1329 laudati
2933 1275 3180 1344 opusculi
3224 1275 3564 1338 testimonio,
3603 1274 3748 1345 Hip-

2160 1364 2397 1434 polytum
2434 1363 2646 1419 Arabiae
2670 1365 3143 1434 metropolitanum
3174 1363 3342 1421 fuisse
3364 1366 3742 1422 crediderunt.

2157 1473 2318 1529 XVII.
2367 1479 2566 1528 Auctor
2593 1475 2826 1543 ejusdem
2872 1475 3037 1529 libelli
3079 1474 3141 1528 de
3184 1474 3387 1535 duabus
3419 1477 3627 1530 naturis
3668 1492 3749 1532 ea:

2228 1545 2365 1617 male
2406 1544 2668 1598 intellectu
2716 1544 2888 1617 Ruﬁni
2933 1547 3165 1617 versione
3205 1548 3449 1615 deceptus
3495 1544 3549 1600 S.
3598 1545 3748 1617 Hip-

2227 1616 2461 1685 polytum
2489 1616 2951 1687 metropolitanum
2984 1616 3196 1674 Arabiw
3224 1618 3534 1671 nominavit.

2230 1726 2368 1783 Hinc
2410 1728 2631 1798 optimo
2662 1730 2881 1799 quidem
2913 1729 3035 1799 jure
3067 1729 3338 1785 aIIirmare
3364 1739 3575 1800 oportet
3608 1746 3744 1787 cum

2158 1816 2369 1875 Joanne
2401 1818 2646 1890 Baptista
2670 1820 2939 1875 Cotelerio
2966 1820 3111 1891 (64),
3141 1830 3417 1876 auctorem
3456 1822 3619 1877 libelli
3659 1821 3749 1878 De

2091 1909 2133 1964 Β
2157 1912 2360 1967 duabus
2399 1915 2627 1977 naturis,
2670 1916 2765 1985 qui
2796 1914 2854 1968 8.
2890 1912 3234 1985 Hippolytum
3274 1913 3489 1968 Arabiae
3530 1920 3746 1969 metro;

2159 2004 2457 2074 politanum
2498 2004 2746 2071 credidit,
2790 2020 2857 2059 ex
2897 2005 3039 2058 male
3075 2005 3343 2061 intellecta
3389 2003 3569 2060 Ruﬁni
3614 2021 3749 2061 ver-

2158 2096 2314 2152 sione
2357 2096 2528 2153 fuisse
2556 2096 2863 2167 deceptum,
2894 2096 3038 2168 quod
3067 2097 3284 2165 quidem
3315 2097 3591 2167 praestanti
3619 2098 3749 2153 viro

2153 2188 2275 2258 jure
2301 2190 2605 2260 meritoque
2639 2190 2900 2244 suboluit.
2954 2188 3134 2244 Ruiini
3165 2189 3308 2244 enim
3348 2190 3529 2246 versio
3569 2191 3645 2246 ita
3679 2205 3747 2246 se

2158 2279 2353 2335 habet:
2384 2298 2402 2331 ‹
2442 2278 2572 2334 Erat
2608 2288 2787 2335 autem
2820 2282 2958 2333 inter
2998 2291 3225 2335 caeteros
3251 2289 3304 2334 et
3328 2278 3573 2353 Beryllus
3600 2281 3749 2336 scri-

2158 2383 2374 2443 ptorum
2426 2372 2771 2443 praecipuus,
2826 2374 2919 2443 qui
2967 2381 3021 2427 et
3060 2373 3176 2442 ipse
3214 2373 3430 2429 diversa
3475 2376 3745 2444 opuscula

2159 2464 2396 2534 reliquit.
2446 2462 2747 2533 Episcopus
2794 2464 2882 2518 bie
2917 2462 3017 2518 fuit
3062 2464 3202 2534 apud
3236 2463 3484 2519 Bostram
3525 2467 3747 2523 Arabia

2158 2557 2348 2612 urbem
2384 2556 2676 2610 maximam
2704 2572 2720 2622 ;
2766 2564 2884 2610 erat
2916 2556 3273 2611 nihilominus
3314 2567 3367 2611 et
3397 2556 3743 2630 Hippolytus,

2157 2648 2251 2718 qui
2298 2658 2353 2702 et
2400 2648 2515 2717 ipse
2546 2647 2825 2718 aliquanta
2854 2647 3052 2717 scripta
3091 2648 3332 2718 reliquit,
3361 2651 3670 2720 episcopus.
3716 2670 3739 2704 ι

2157 2738 2235 2792 Ex
2269 2739 2469 2808 quibus
2511 2739 2799 2809 postremis
2845 2739 3023 2795 verbis
3056 2738 3256 2794 factum
3301 2750 3415 2808 est,
3451 2749 3529 2804 ut,
3564 2742 3748 2811 inquit

2157 2830 2482 2894 Cotelerius,
2516 2849 2535 2883 ί
2579 2832 2724 2902 quod
2760 2831 3168 2900 intelligendum
3202 2840 3319 2886 erat
3355 2832 3421 2887 de
3453 2831 3749 2905 Hippolyto

2155 2923 2358 2993 pariter
2389 2925 2665 2994 episcopo,
2711 2933 2989 2994 acceptum
3027 2923 3187 2979 fuerit
3220 2924 3490 3009 {Gelasio
3510 2927 3576 2980 de
3605 2926 3748 2996 Hip-

2155 3016 2339 3087 polyto
2370 3016 2573 3085 pariter
2603 3016 3022 3086 metropolitano
3054 3015 3317 3070 Arabum.
3363 3035 3382 3069 ι
3414 3015 3593 3083 Quam
3631 3016 3750 3074 Co-

2155 3107 2329 3162 telerii
2356 3108 2725 3178 conjecturam
2752 3106 3220 3161 verosimillimam
3253 3121 3376 3162 esse
3408 3123 3569 3163 nemo
3604 3122 3750 3178 pru-

2156 3202 2292 3258 dens
2350 3201 2637 3255 dubitabit.
2710 3199 2863 3255 Hanc
2916 3200 3168 3270 probavit
3229 3197 3467 3256 Iacobus
3532 3199 3753 3259 Basna-

2152 3295 2272 3365 gius
2316 3294 2428 3364 (65)
2474 3293 2529 3347 ἰη
2585 3290 3147 3347 Animadversionibus
3185 3295 3249 3345 de
3298 3292 3429 3355 vita,
3471 3301 3638 3348 morte
3686 3303 3752 3348 et

2150 3386 2360 3456 scriptis
2382 3383 2439 3439 S.
2472 3383 2767 3454 Hippolyti,
2795 3383 2960 3437 tacito
2988 3393 3170 3436 tamen
3199 3379 3458 3437 Cotelerii
3490 3381 3752 3445 nomine.

2151 3501 2357 3571 gendus
2393 3499 2535 3571 idem
2574 3496 2810 3571 Ecquien
2856 3497 2960 3571 Ioc.
2999 3496 3125 3563 cit..,
3174 3493 3441 3571 μετ-727
3488 3494 3747 3571 (ξι-1506.

2151 3565 2307 3625 Circa
2338 3585 2463 3623 vero
2503 3567 2562 3621 S.
2599 3565 2873 3639 Hippolyti
2909 3578 3153 3636 tempora
3176 3565 3413 3639 ’nullum
3461 3565 3751 3637 archiepiq

2152 3656 2376 3707 scepum
2413 3639 2575 3708 hujus
2598 3636 2852 3692 Ecclesiae
2879 3640 3115 3707 reperire
3146 3636 3442 3708 potuimus.

2224 3704 2335 3783 (59)
2376 3704 2560 3783 Inlib.
2590 3709 2675 3783 με
2707 3709 2834 3762 viris
2864 3704 3192 3783 illustribus,
3229 3722 3349 3783 cap.
3390 3706 3670 3783 80,}me
3694 3704 3749 3761 ll

2152 3774 2385 3850 Operum
2414 3780 2505 3834 cit.
2541 3778 2694 3845 edit.,
2729 3793 2852 3849 pag.
2890 3777 3026 3834 886:
3064 3796 3083 3829 ι
3121 3777 3364 3849 Beryllus
3386 3776 3599 3850 Arabia:
3623 3774 3750 3850 Bo-

2153 3846 2382 3905 st'rensis
2410 3851 2716 3919 episcopus,
2757 3846 2879 3903 cum
2913 3850 3189 3918 aliquanto
3221 3846 3481 3919 (tempore
3502 3846 3747 3919 gloriose

2154 3921 2385 3975 rexisset
2432 3916 2751 3985 Ecclesiam,
2797 3919 2866 3972 ad
2903 3916 3206 3973 extremum
3240 3917 3425 3986 lapsus
3468 3916 3523 3971 in
3566 3916 3748 3971 haere-

2155 3991 2278 4060 sim,
2323 4005 2443 4060 qum
2475 3990 2752 4045 Christum
2791 3997 2917 4060 ante
2967 3989 3397 4060 incarnationem
3432 3996 3609 4060 negat,
3649 3988 3743 4060 ab

2154 4056 2381 4131 Origene
2406 4068 2751 4115 correctus...
2776 4058 2996 4131 Claruit
3043 4068 3228 4131 autem
3275 4058 3378 4131 sub
3420 4056 3740 4131 Alexandro

2153 4126 2432 4185 Mammeze
2472 4131 2601 4193 tilio,
2648 4140 2700 4184 et
2743 4129 3038 4185 Maximino
3091 4138 3145 4185 et
3189 4126 3484 4196 Gordiano,
3537 4128 3632 4198 qui
3677 4128 3739 4185 in

2154 4202 2441 4270 imperium
2489 4210 2895 4256 successerunt.
2936 4219 2955 4251 ι

2226 4267 2334 4343 (60)
2378 4270 2492 4326 Hoc
2510 4288 2655 4326 auirio
2675 4271 2780 4324 203
2801 4285 3021 4338 passum
3038 4267 3305 4343 Irenaeum
3329 4267 3740 4343 conjicitetiam

2154 4339 2472 4398 Ru‘inartius
2512 4344 2629 4395 Act.
2670 4352 2964 4411 martyrum
3001 4341 3327 4411 siucera,ip.
3367 4339 3467 4405 6'3,
3514 4339 3604 4411 ubi
3639 4340 3743 4411 9b-

2154 4422 2354 4475 servat,
2383 4413 2527 4482 quod
2559 4413 2617 4467 8.
2653 4405 2990 4482 Epiphanius
3010 4405 3505 4482 passinilrenteum
3542 4408 3610 4463 Β.
3642 4405 3740 4467 So-

2154 4499 2268 4536 uem
2299 4479 2551 4553 appellat,
2583 4479 3116 4553 quemEusebiusin
3140 4479 3420 4553 Chronico,
3443 4481 3509 4535 ad
3530 4494 3741 4539 annum

2156 4554 2275 4608 185.
2311 4550 2439 4607 tunc
2462 4552 2718 4622 temporis
2742 4554 2997 4622 insignem
3029 4551 3196 4622 fuisse
3228 4550 3408 4604 refert.

2228 4619 2757 4696 (6I)__I.egendus_ip
2798 4619 2937 4676 hanc
2985 4638 3097 4696 rem
3144 4619 3727 4696 Tillemontiuscitato

2157 4690 2289 4747 tom.
2321 4690 2397 4747 ἸΙΙ
2420 4736 2433 4757 ,
2460 4690 2632 4747 ἐιτιὶο.
2675 4692 2778 4758 25,
2822 4708 2944 4766 pag.
2981 4692 3087 4747 542
3111 4732 3126 4759 ,
3181 4690 3271 4745 ubi
3317 4693 3460 4746 hanc
3494 4693 3745 4751 historia

2157 4774 2362 4833 partem
2401 4772 2710 4831 pertractat.

2158 4830 2199 4958 '6
2228 4834 2339 4957 (6d?)
2382 4830 2657 4915 Yidendus
2680 4833 2961 4889 Gisbcrtus
2979 4831 3179 4903 Cuper.
3214 4830 3433 4886 dissert.
3462 4831 3539 4888 De
3567 4834 3740 4895 tribus

2204 4921 2264 4956 0T
2305 4922 2463 4958 ωριτε.

2204 4921 2463 4959 oratants.

2226 4975 2338 5045 (65)
2378 4974 2750 5029 Admonition.
2778 4974 2831 5027 in
2855 4973 3174 5045 martyrium
3205 4971 3262 5027 S.
3292 4970 3584 5045 Hippolyti,
3610 4975 3741 5041 Act.

2158 5044 2379 5115 martyr.
2414 5046 2639 5105 sincera,
2677 5060 2797 5113 pag.
2830 5044 2953 5098 144.

2226 5110 2336 5185 (ϋὶ)
2378 5110 2701 5169 Μοιιιιηιρηί.
2728 5110 2972 5169 Ecclesia?
3001 5110 3193 5180 Gram,
3211 5122 3344 5171 tom.
3370 5113 3433 5179 ll,
3457 5129 3576 5183 pag.
3600 5113 3735 5175 659.

2227 5184 2337 5257 (65)
2380 5187 2534 5255 Apud
2558 5185 2836 5257 Gerusian:
2858 5184 3040 5252 Antiq.
3070 5185 3334 5257 lectionib.
3370 5193 3503 5257 tom.
3533 5186 3573 5248 ι,
3609 5200 3663 5254 p.
3695 5187 3739 5243 3

2156 5252 2499 5312 citat.'edii.:
2537 5274 2554 5305 ι
2596 5254 2942 5325 Hippolytus,
2973 5256 3226 5324 quamvis
3276 5256 3331 5309 in
3381 5252 3738 5325 Oriente'naq

2156 5338 2281 5388 tus,
2323 5342 2432 5381 non
2475 5325 2579 5379 fuit
2623 5324 2837 5378 Arabiae
2889 5326 3354 5394 metropolitanus.
3403 5324 3637 5378 Manavit
3665 5341 3736 5382 ea

2156 5398 2421 5451 sententia
2451 5412 2519 5450 ex
2548 5395 2808 5449 mendosa
2841 5396 3090 5450 versione
3127 5395 3328 5449 Hutlni.
3367 5396 3585 5449 Dixerat
3618 5394 3736 5449 Eu-

2153 5468 2338 5522 sebius
2369 5465 2635 5537 Beryllum
2658 5479 2787 5537 esse
2834 5467 3129 5537 episcopum
3164 5466 3393 5537 Bostrte
3415 5466 3556 5533 apud
3585 5466 3734 5519 Ara-

2156 5537 2277 5601 bes;
2310 5546 2364 5591 et
2409 5533 2611 5606 pariter
2653 5533 3015 5605 Hippolytum
3037 5538 3181 5589 urbis
3210 5536 3492 5606 cujusdam
3515 5537 3737 5589 antisti-

2157 5616 2277 5678 tem.
2313 5605 2482 5678 Addit
2521 5606 2754 5678 Hulipus
2785 5608 3288 5678 urbemmaximam
3324 5605 3732 5678 esseBostram

2153 5674 2414 5731 Arabum.
2464 5674 2592 5730 Inde
2636 5674 2867 5745 conjecit
2903 5676 3147 5731 Gelasius
3191 5678 3339 5730 illam
3383 5677 3575 5745 urbem,
3606 5691 3732 5730 esse

2154 5747 2521 5816 metropolim,
2550 5755 2605 5799 et
2629 5743 2970 5816 Hippolytum
3001 5763 3154 5817 aeque
3176 5762 3241 5818 ac
3261 5746 3531 5818 Beryllum
3554 5743 3733 5800 fuisse

2154 5818 2627 5884 metropolitanum
2670 5817 2810 5884 apud
2832 5819 3060 5881 Arabes;
3105 5832 3135 5871 a
3180 5817 3397 5872 Gelasio
3438 5817 3506 5871 ad
3549 5826 3735 5885 poste-

2154 5902 2243 5943 ros
2284 5886 2570 5945 Baronium
2624 5886 3011 5962 Canisiumque
3075 5887 3295 5943 deﬂuxit
3352 5902 3506 5944 error
3571 5886 3732 5941 tacito
