4074 6456
335 375 439 431 513

1160 378 1202 432 Ε
1236 379 1625 437 PORTUENSI
1666 381 1722 436 S.
1763 381 2120 439 IllPPOLYTl
2161 384 2350 440 SEDE.
2390 418 2461 431 —-
2498 391 2679 448 PARS
2716 392 2781 450 ll.

3464 393 3571 448 5M

328 493 422 560 qui
479 494 693 565 primus
747 496 937 552 incerti
998 501 1235 555 auctoris
1298 500 1779 556 hallucinationem
1832 502 1900 557 de
1929 502 2180 566 AFelice
2211 506 2399 560 urbem
2452 508 2742 576 quamdam
2795 509 3070 566 exstitisse
3123 509 3316 564 Portus
3346 509 3569 566 Romani

324 585 555 641 Arabica
604 588 777 658 ipsius
806 587 863 643 S:
901 588 1171 661 Hippolyti
1202 591 1329 646 sede
1356 593 1554 647 detexit
1600 602 1761 664 atque
1790 596 1904 649 vul-

327 678 498 747 gavit.

322 789 506 869 XV_|II_.
541 791 797 869 Stephani
839 794 886 847 le
927 794 1116 869 M_oyne
1155 798 1454 869 conjectura
1495 800 1558 853 de
1589 799 1647 855 S.
1695 800 1900 869 Hippo-

398 864 494 933 lyti
516 864 636 917 sede
664 865 718 916 in
754 867 922 917 Portu
958 865 1193 922 Romano
1226 864 1636 923 Homreritarum
1673 888 1738 925 ea:
1770 864 1900 925 ΡΙιὶ-

397 934 641 1004 lostorgii
662 934 885 988 historia
912 936 1183 1005 desumpta
1217 940 1471 1008 rejicitur.

392 1044 549 1101 Nunc
577 1047 644 1101 ad
675 1047 933 1118 Stephani
964 1051 1013 1104 le
1044 1049 1237 1123 Moyne
1263 1052 1373 1123 (66)
1406 1054 1775 1125 conjecturam
1804 1063 1899 1113 de-

314 1137 628 1201 veniamus,
679 1140 774 1208 qui
807 1140 864 1194 S.
900 1140 1242 1215 Hippolytum
1293 1158 1403 1199 ncn
1448 1144 1644 1201 Portus
1690 1147 1896 1212 Romae,

317 1227 416 1281 sed
453 1226 650 1282 Portus
675 1227 906 1285 Romani
934 1233 985 1285 in
1013 1233 1211 1289 Arabia
1235 1235 1548 1306 episcopum
1574 1237 1743 1293 fuisse
1767 1254 1900 1294 con-

316 1318 511 1372 tendit.
557 1316 895 1389 Praecipuum
934 1322 1205 1392 opinionis
1241 1340 1353 1380 suae
1378 1325 1787 1382 fundamentum
1831 1346 1897 1384 ex

311 1407 680 1479 Philostorgio
718 1410 830 1482 (67)
870 1412 1143 1480 desumit,
1194 1417 1286 1484 qui
1327 1415 1647 1485 legationem
1685 1433 1714 1470 a
1749 1416 1894 1472 Con-

312 1500 520 1554 stantio
541 1499 784 1570 Augusto
800 1502 865 1556 ad
888 1502 1044 1558 Indos
1061 1505 1279 1560 missam
1306 1506 1440 1576 (68),
1463 1516 1522 1561 ut
1544 1523 1639 1563 eos
1655 1509 1719 1563 ad
1746 1508 1896 1562 Chri-

310 1599 388 1647 sti
429 1594 585 1648 iidem
628 1595 960 1660 traduceret,
998 1597 1328 1663 describens,
1364 1611 1547 1654 narrat
1570 1600 1679 1671 (69)
1716 1599 1893 1654 Theo-

308 1684 526 1752 philum
567 1685 781 1749 Indum,
818 1687 1043 1756 hujusce
1080 1688 1362 1759 legationis
1395 1690 1713 1760 principem,
1745 1691 1894 1760 prius

308 1776 654 1842 Sabaeorum,
694 1792 792 1832 seu
844 1777 1254 1833 Homaeritarum
1308 1782 1553 1849 regiones
1594 1782 1893 1850 lustrasse,

299 1956 547 2026 populos
602 1972 661 2012 se
712 1959 1027 2013 contulisse.
1080 1959 1383 2016 Humanitas
1424 1962 1621 2019 Felicis
1677 1966 1891 2021 Arabiae

301 2050 501 2119 populi
530 2051 786 2104 extimam
817 2050 1078 2122 Erythraei
1106 2054 1275 2108 maris
1296 2068 1445 2109 oram
1474 2056 1738 2121 incolunt,
1768 2074 1892 2129 qua:

296 2141 559 2196 eamdem
592 2142 927 2211 provinciam
955 2144 1023 2197 ab
1065 2143 1211 2199 indis
1242 2146 1564 2217 distinguit;
1614 2150 1756 2219 apud
1786 2152 1889 2210 hos

298 2231 644 2302 Theophilus
677 2235 1071 2306 aliquantisper
1104 2248 1494 2307 commoratus,
1538 2243 1712 2312 gentis
1751 2260 1890 2314 pras-

294 2325 514 2379 fectum
539 2324 973 2382 Christianorum
1003 2329 1175 2384 sacris
1207 2330 1458 2398 initiavit,
1495 2333 1610 2402 qui,
1644 2345 1888 2403 postmo-

294 2418 441 2473 dum
489 2420 855 2485 miraculosis,
892 2423 936 2475 si
971 2422 1081 2475 Deo
1126 2421 1332 2491 placet,
1369 2422 1652 2494 Theophili
1699 2426 1885 2501 Ariani

294 2502 568 2580 operibus
593 2521 920 2581 commotus,
964 2521 1072 2568 tres
1103 2514 1366 2570 ecclesias
1396 2515 1449 2569 in
1480 2517 1702 2572 totidem
1733 2519 1884 2588 regni

228 2652 241 2667 ,
293 2602 395 2658 sui
429 2602 798 2659 celeberrimis
826 2604 1054 2659 urbibus
1076 2605 1298 2674 proprio
1326 2620 1433 2660 aere
1458 2622 1490 2661 a
1520 2606 1885 2665 fundamentis

290 2695 582 2759 excitavit,
615 2711 775 2749 unam
806 2696 858 2749 in
899 2695 1325 2765 ipsasmetropoli
1364 2697 1530 2752 totius
1559 2700 1735 2767 gentis
1774 2699 1885 2755 Ta-

290 2785 548 2855 pharon;
582 2786 873 2847 secundam
901 2788 958 2839 ὲν
1008 2779 1053 2854 ᾧ
1086 2785 1150 2839 τὸ
1196 2786 1500 2839 ΡΩΜΑΙΩΝ
1528 2789 1883 2845 ΕΜΠΟΡΙΟΝ

288 2874 601 2947 ἐτύγχανεν
638 2916 653 2942 ,
707 2876 812 2941 ἔξω
862 2876 998 2945 πρὸς
1044 2877 1138 2930 τὸν
1195 2877 1443 2931 Ὠκεανὸν
1490 2881 1878 2950 τετραμμένον.

287 2965 546 3020 Κιλοῦσι
581 2967 638 3022 δὲ
683 2968 746 3020 τὸ
789 2967 985 3039 χωρίον
1036 2968 1257 3041 mam»
1317 2969 1443 3023 ἔνθα
1492 2971 1584 3025 καὶ
1635 2974 1761 3036 τοὺς
1815 2975 1881 3027 ὲκ

302 3055 600 3127 Ῥωμαίων
648 3058 1076 3129 ἀφικνουμένους
1131 3058 1250 3123 ἔθος
1294 3055 1363 3131 ἦν
1410 3061 1876 3133 καθορμίςεσθαιτ

292 3168 319 3198 ρ
382 3147 485 3203 Ubi
525 3157 644 3205 erat
689 3149 984 3204 Romanum
1032 3149 1339 3220 Emporium
1381 3163 1689 3209 extrorsum
1736 3157 1875 3226 apud

285 3236 580 3294 Oceanum
615 3240 887 3309 positum;
927 3248 1126 3295 vocant
1154 3255 1283 3296 vero
1320 3243 1574 3312 oppidum
1615 3247 1871 3316 Adanen,

283 3345 414 3399 quo
451 3329 539 3396 iis,
570 3345 713 3401 quos
751 3347 817 3388 ex
862 3330 1124 3388 Romanis
1158 3334 1342 3389 venire
1375 3336 1657 3406 contingit,
1693 3338 1877 3408 appel-

282 3423 415 3477 lere
449 3439 570 3478 mos
608 3431 714 3479 est.
767 3444 787 3477 ι
820 3424 1057 3480 Tertiam
1106 3440 1235 3480 vero
1275 3429 1558 3484 ecclesiam
1603 3430 1657 3483 in
1707 3431 1875 3486 altera

283 3515 541 3586 regionis
585 3525 742 3587 parte
787 3519 1085 3584 exstruxit,
1129 3521 1220 3575 ubi
1249 3519 1528 3575 Persicum
1574 3529 1656 3575 est
1688 3536 1876 3590 empo-

283 3611 446 3665 rium
475 3610 531 3664 in
552 3611 693 3665 ostio
719 3611 887 3666 maris
912 3610 1138 3678 Persici,
1166 3614 1309 3682 quod
1340 3613 1411 3668 ibi
1433 3620 1517 3668 est
1547 3614 1711 3668 situm
1739 3613 1871 3684 (70).

374 3699 628 3773 Moynius
659 3703 827 3774 igitur
853 3705 1099 3774 sequenti
1149 3705 1645 3775 argumentationis
1677 3720 1873 3775 genere

284 3791 357 3849 S.
397 3790 742 3864 Hippolytum
784 3793 1019 3849 Arabem
1053 3795 1367 3864 episcopum
1426 3794 1596 3849 fuisse
1618 3794 1722 3848 sibi
1751 3808 1875 3863 per-

281 3882 532 3939 suadet:
565 3883 816 3938 Gelasius
839 3882 896 3938 S.
937 3882 1282 3956 Hippolytum
1318 3884 1530 3939 Arabia:
1560 3886 1870 3954 metropoli-

281 3987 487 4030 tanum
522 3976 791 4047 appellat;
817 3975 1216 4048 Philostorgius
1244 3993 1344 4032 nos
1365 3978 1526 4032 docet
1578 3977 1633 4032 in
1665 3976 1874 4034 Arabia

279 4126 828 4183 animadvertendus.
867 4126 957 4182 Sic
979 4129 1122 4182 enim
1161 4126 1343 4182 Graeca
1375 4143 1431 4181 se
1459 4126 1686 4183 habent:
1733 4129 1875 4183 Ἐπι-

284 4213 501 4261 σκοπος
517 4197 574 4250 δὲ
602 4191 757 4261 οὗτος
791 4199 1056 4267 (Beryllus
1085 4198 1311 4266 scilicet)
1359 4192 1426 4267 ἦν
1467 4195 1574 4267 τῶν
1602 4197 1742 4251 κατὰ
1772 4199 1873 4252 Βό-

288 4284 462 4338 utpar
504 4268 780 4338 Ἀράϐων,
802 4266 1071 4329 ὡσαύτως
1111 4268 1165 4320 δὲ
1204 4268 1296 4321 καὶ
1337 4266 1646 4347 Ἱππόλυτος
1683 4268 1874 4340 ἑτέρας

289 4336 402 4390 ποῦ
427 4337 521 4391 καὶ
542 4336 701 4400 αὐτὸς
727 4334 1001 4401 προεστὼς
1044 4337 1382 4401 Ἐκκλησίας.
1416 4336 1546 4401 Qua:
1577 4353 1655 4390 διε
1680 4340 1874 4394 debent

289 4355 402 4390 που
427 4354 521 4391 και
542 4354 701 4400 aueo;
727 4354 1001 4409 προεστως
1046 4354 1382 4408 ικκλησιας.
1416 4354 1546 4401 uuae
1577 4354 1655 4390 Sic
1680 4354 1869 4394 ueneat

291 4407 486 4488 {lt-ﬁdi:
530 4426 549 4488 ς
585 4408 830 4488 Beryllus
870 4408 977 4488 fuit
1018 4408 1310 4488 episcopus
1342 4405 1547 4488 Bostrze
1573 4408 1869 4488 Arabum:

290 4471 618 4545 Hippolytus
682 4471 844 4532 etiam
929 4471 1364 4532 alteriEcclesite
1399 4476 1633 4545 prmfuit,
1691 4488 1795 4533 etc.
1847 4498 1865 4531 ›

2003 590 2224 644 nomine
2260 591 2606 660 insignitam;
2640 596 2767 664 quid
2817 596 2981 666 igitur
3034 606 3226 663 restat,
3270 601 3401 669 quin
3447 616 3567 655 cre-

2004 680 2197 736 damus
2224 683 2520 753 scriptores
2543 700 2754 750 omnes,
2790 688 2885 756 qui
2910 687 2967 741 S.
2996 686 3344 760 Hippolytum
3367 690 3566 748 Portus

2000 770 2233 826 Romani
2266 775 2581 844 episcopum
2610 776 2777 833 fuisse
2804 781 3163 848 scripserunt,
3198 797 3308 836 nou
3339 781 3566 839 Portum

2001 863 2154 917 urbis
2188 862 2372 918 Romae
2393 865 2459 917 ad
2488 863 2750 936 Tyrrheni
2808 869 2977 923 maris
3002 884 3149 937 oras,
3209 871 3305 926 sed
3339 870 3566 928 Portum

1998 955 2302 1013 Romanum
2328 957 2588 1029 Erythrtei
2649 960 2814 1015 maris
2850 962 2904 1015 in
2951 962 3149 1017 Arabia
3181 960 3359 1018 Felice
3402 966 3567 1020 situm

1997 1047 2281 1117 designare
2303 1051 2577 1105 voluisse?
2604 1051 2778 1121 Atque
2807 1062 2865 1107 ut
2892 1068 3047 1108 suam
3079 1058 3404 1109 sententiam
3432 1071 3563 1126 pro-

1997 1139 2315 1194 babiliorem
2372 1142 2638 1208 redderet,
2671 1143 2897 1213 hujusce
2942 1145 3159 1200 Arabici
3200 1144 3399 1201 Portus
3428 1147 3566 1203 insi-

1998 1231 2120 1299 gnia
2152 1240 2207 1285 et
2252 1233 2500 1288 encomia
2541 1236 2837 1300 contexuit,
2891 1236 3027 1293 situs
3075 1238 3561 1307 opportunitatem,

2000 1332 2362 1377 mercatorum
2386 1324 2744 1395 frequentiam
2775 1343 3120 1397 summopere
3147 1332 3559 1389 commendans.

2002 1411 2107 1504 Sed
2134 1430 2296 1482 quam
2325 1416 2484 1485 longe
2508 1432 2538 1470 a
2566 1432 2696 1471 vero
2717 1418 2926 1473 aberret
2955 1420 3036 1472 vir
3070 1420 3306 1490 alioquin
3332 1439 3562 1479 summa:

1999 1502 2341 1565 eruditionis,
2366 1502 2545 1559 fusius
2577 1504 2949 1560 demonstrare
2978 1505 3035 1559 in
3070 1507 3252 1562 animo
3277 1518 3379 1563 est.
3404 1507 3561 1575 Quod

1998 1592 2063 1645 ad
2113 1592 2311 1647 Gelasii
2343 1594 2740 1648 'testimonium
2797 1596 3008 1661 attinet,
3053 1611 3213 1665 quem
3278 1607 3558 1659 auctorem

1998 1684 2156 1738 toties
2216 1684 2502 1738 memorati
2553 1685 2801 1754 opusculi
2855 1684 2932 1740 De
2973 1685 3179 1740 duabus
3209 1689 3413 1742 naturis
3444 1689 3560 1758 ipse

1997 1774 2240 1839 credidit,
2276 1776 2528 1845 superius
2584 1777 2846 1846 probasse
2870 1777 3029 1833 nobis
3062 1779 3378 1848 suademus,
3411 1781 3560 1854 Moy-

200 1930 207 1935 _
302 1866 568 1937 deinceps
584 1869 648 1921 ad
671 1867 994 1925 Auxumitas
1013 1870 1284 1927 interioris
1310 1870 1603 1942 [Ethiopiae
1624 1873 1894 1930 Africanae
1923 1857 1966 1914 Β
1992 1866 2142 1920 nium
2176 1874 2531 1937 εωιεΐοείιυθ,
2581 1867 2675 1937 qui
2727 1869 2832 1923 hoc
2880 1869 3179 1924 abutunlur
3216 1873 3555 1935 testimonio.

1987 1970 2127 2012 vana
2160 1957 2371 2013 locutos
2398 1974 2541 2024 esse,
2568 1969 2727 2028 atque
2766 1975 2830 2014 ex
2864 1976 2950 2025 eo,
2984 1970 3175 2017 contra
3213 1973 3454 2017 nostram
3489 1963 3559 2019 de

1989 2047 2279 2105 Portuensi
2315 2049 2372 2103 S.
2420 2048 2694 2122 Hippolyti
2737 2052 2865 2107 sede
2910 2051 2977 2106 ad
3013 2067 3165 2107 oram
3199 2055 3368 2110 maris
3394 2055 3558 2110 Medi-

1989 2141 2222 2196 terranei
2253 2141 2605 2206 sententiam,
2634 2142 2907 2198 inﬁrmum
2935 2144 3128 2200 deduci
3152 2156 3553 2216 argumentum.

1989 2230 2175 2286 Restat
2200 2232 2364 2298 igitur
2380 2241 2441 2286 ut
2467 2232 2534 2287 de
2563 2232 2915 2305 Philostorgii
2948 2239 3274 2292 auctoritate
3301 2238 3558 2309 illiusque

1988 2322 2296 2377 testimonio
2325 2322 2508 2391 aliqua
2532 2323 2801 2378 dicamus.

2059 2413 2312 2469 Fatemur
2334 2416 2552 2483 quidem
2598 2414 2874 2486 Evangelii
2927 2415 3100 2471 lucem
3154 2419 3555 2489 antiquissimis

1986 2503 2240 2561 Ecclesia:
2264 2507 2482 2561 Str-culis
2517 2506 2658 2577 apud
2687 2521 2876 2562 omnes
2924 2523 3175 2578 peraeque
3208 2520 3395 2580 gentes
3421 2528 3554 2582 apo-

1985 2596 2305 2650 stolicorum
2356 2595 2599 2650 virorum
2652 2612 2781 2651 cura
2833 2596 2992 2665 longe
3021 2598 3235 2668 lateque
3298 2600 3553 2656 diﬂ‘usam

1983 2685 2189 2752 fuisse;
2238 2685 2469 2755 ideoque
2494 2687 2694 2741 nullam
2728 2687 2840 2742 fere
2867 2686 3013 2744 orbis
3039 2689 3239 2759 cogniti
3264 2700 3319 2745 et
3352 2690 3553 2747 Roma-

1983 2793 2180 2832 norum
2240 2779 2584 2833 commerciis
2645 2778 2969 2847 frequentati
3015 2792 3225 2850 partem
3273 2783 3553 2839 exstitisse

1989 2869 2285 2935 credimus,
2315 2885 2478 2938 quam
2512 2870 2702 2939 primis
2736 2872 2896 2925 etiam
2928 2870 3182 2927 Ecclesia:
3213 2874 3551 2943 temporibus

1984 2963 2259 3034 Evangelii
2291 2964 2383 3018 lux
2410 2980 2517 3018 non
2574 2966 2952 3034 penetraverit.
2987 2963 3261 3036 Optimum
3302 2977 3414 3022 tam
3449 2968 3551 3024 ad-

1980 3055 2240 3110 miranda:
2269 3056 2344 3110 rei
2372 3065 2564 3112 testem
2592 3057 2889 3112 Arnobium
2926 3057 3039 3131 (7i)
3081 3060 3369 3128 habemus,
3392 3061 3551 3130 cujus

1977 3147 2092 3215 jam
2117 3162 2231 3202 aevo
2261 3146 2576 3203 Christiana
2611 3149 2800 3221 religio
2825 3147 3010 3215 Seras,
3040 3148 3236 3206 Persas
3263 3160 3317 3205 et
3339 3151 3549 3219 Medos,

1975 3239 2182 3306 Asiam,
2209 3237 2444 3310 Syriam,
2474 3239 2754 3306 Arabiam,
2782 3239 3097 3313 Egyptum,
3120 3241 3405 3307 Achaiam,
3437 3242 3551 3298 Ma-

1975 3330 2278 3397 cedoniam,
2311 3330 2558 3401 Epirum,
2598 3340 2652 3387 et
2682 3332 2890 3387 insulas
2917 3349 2981 3388 ac
3019 3332 3330 3403 provincias
3355 3349 3549 3389 omnes

1975 3438 2110 3493 quas
2145 3423 2227 3477 sol
2257 3424 2442 3478 oriens
2472 3431 2634 3492 atque
2661 3422 2918 3479 occidens
2962 3423 3179 3489 lustrat,
3210 3435 3545 3493 pervaserat.

1973 3514 2215 3569 Arnobio
2250 3516 2601 3570 consentiunt
2630 3514 3001 3570 Tertullianus
3028 3515 3161 3587 (72),
3198 3515 3399 3585 aliique
3431 3515 3545 3588 (75)

1974 3605 2190 3660 illorum
2223 3615 2277 3661 et
2300 3606 2661 3674 posteriorum
2711 3615 3014 3676 temporum
3068 3609 3382 3677 scriptores,
3409 3623 3550 3677 quo-

1977 3713 2099 3751 rum
2127 3697 2552 3753 luculentissima
2607 3699 2709 3752 hac
2742 3697 2808 3752 de
2845 3712 2903 3753 re
2954 3699 3261 3754 testimonia
3292 3700 3346 3753 in
3374 3715 3546 3754 unum

1990 3790 2261 3861 congessit
2292 3788 2527 3844 Joannes
2574 3789 2832 3844 Albertus
2859 3787 3143 3845 Fabricius
3169 3791 3225 3845 in
3276 3791 3417 3845 libro
3457 3791 3546 3846 cui

1978 3881 2190 3945 titulus,
2232 3880 2499 3935 Salutaris
2527 3881 2619 3935 lux
2647 3882 2919 3953 Evangelii
2948 3882 3061 3952 (74)
3091 3884 3186 3936 toti
3207 3886 3320 3937 orbi
3347 3901 3439 3953 per
3461 3885 3546 3938 di-

1973 3973 2148 4027 vinam
2199 3973 2431 4044 gratiam
2480 3975 2743 4042 exoriens,
2788 3983 2917 4039 etc.,
2957 3975 3012 4028 in
3065 3990 3176 4044 quo
3219 3974 3545 4030 Christiana:

1974 4138 2063 4197 tur
2085 4147 2237 4185 num.
2269 4131 2342 4186 5:
2379 4150 2397 4182 ε
2426 4131 2495 4185 At
2517 4129 2848 4201 Theophilus
2881 4146 3004 4186 cum
3042 4129 3182 4200 apud
3215 4128 3542 4186 Homaaritas

1981 4201 2218 4269 singula,
2246 4210 2406 4271 prout
2429 4210 2641 4271 poterat
2668 4200 2734 4255 iet
2767 4213 2927 4270 prout
2956 4201 3211 4268 temporis
3238 4200 3374 4254 ratio
3405 4201 3544 4256 sine-

1973 4270 2086 4334 bat,
2119 4270 2445 4334 ordinasset,
2488 4282 2542 4325 et
2585 4271 2842 4326 ecclesias
2890 4271 3269 4334 dedicavisset,
3301 4280 3356 4322 ct
3376 4285 3540 4325 orna—

1975 4342 2195 4409 ruentis,
2244 4341 2444 4409 quibus
2497 4349 2728 4409 poterat,
2786 4350 3125 4403 exornasset,
3184 4341 3252 4393 ad
3300 4340 3535 4409 insulam
3638 4374 3652 4390 .

1975 4406 2133 4474 Divu,
2169 4406 2331 4480 quam
2360 4410 2462 4478 ipsi
2493 4406 2743 4480 patriam
2786 4411 2953 4465 fuisse
2998 4409 3248 4480 superius
3273 4408 3538 4465 indicavi-

1976 4495 2100 4535 mus
2125 4521 2141 4546 ,
2178 4478 2470 4550 navigavit.
2495 4478 2679 4549 Atque
2731 4478 2856 4533 inde
2884 4480 2952 4534 ad
2996 4480 3132 4534 alias
3166 4478 3328 4533 Indiae
3350 4494 3537 4550 perre-

365 4549 478 4623 (69)
520 4545 803 4623 V_tde_pag_.
838 4547 941 4623 162
956 4550 1128 4623 hujus
1156 4547 1555 4623 dissertationis
1583 4545 1639 4599 in
1669 4550 1870 4604 nostris
1903 4552 1950 4608 D
1975 4550 2055 4623 xit
2075 4545 2345 4623 regiones,
2378 4545 2674 4623 multaque,
2698 4564 2819 4618 qua:
2847 4549 2987 4619 apud
3021 4551 3143 4605 illos
3168 4564 3275 4603 non
3312 4545 3411 4603 rite
3444 4549 3541 4605 tie-

293 4617 468 4683 notis,’
519 4618 613 4672 ubi
647 4617 907 4687 Stephani
956 4617 1007 4673 le
1034 4618 1227 4688 Moyne
1259 4617 1423 4672 verba
1455 4631 1553 4687 per
1583 4630 1870 4674 extensum

292 4687 602 4752 retulimus,
634 4696 747 4741 not.
780 4688 834 4740 '5.

365 4756 648 4843 £67)“‘Lib‘.
678 4772 739 4843 In
762 4756 1454 4843 “Ecclesia:t'icnaiﬁstorite,
1496 4758 1710 4843 cupii,
1744 4773 1866 4829 pag.

293 4826 553 4897 4867edit.
584 4826 898 4897 Cantabrig.
943 4829 1071 4881 anni
1103 4826 1259 4891 i720,
1287 4827 1483 4895 saepius
1506 4828 1698 4897 citataa.

368 4896 478 4967 (68)
506 4895 735 4953 Peracta
757 4895 976 4967 eSthaec
1000 4898 1199 4967 legatio
1243 4912 1388 4967 anno
1421 4896 1544 4961 356,
1574 4908 1631 4951 ut
1663 4898 1867 4952 existi~

292 4966 405 5022 mat
431 4966 795 5023 Gothofredus
840 4968 893 5020 in
922 4966 1221 5037 Continenti
1242 4966 1397 5037 leg.2
1437 4967 1617 5021 Cadio.
1672 4967 1864 5021 Tlteod.

292 5038 360 5108 de
406 5037 621 5108 legatis,
653 5038 779 5091 data
829 5054 958 5091 xvm
1011 5037 1128 5108 Kal.
1183 5036 1367 5108 Feb},
1428 5037 1725 5101 indictione
1774 5054 1864 5104 xv,

288 5105 617 5163 Constantio
637 5108 777 5177 Aug.
810 5123 906 5178 vin
936 5117 989 5162 et
1031 5105 1413 5163 Juliano'Cazs.
1448 5122 1614 5171 eoss.,
1651 5109 1706 5162 in
1758 5124 1865 5178 qua

293 5178 423 5247 dicit
445 5180 767 5247 imperator:
804 5196 822 5229 ι
855 5177 1045 5231 Nullus
1069 5179 1136 5231 ad
1160 5188 1370 5247 gentem
1405 5177 1789 5232 Axuntitaruui
1813 5188 1867 5233 et

292 5243 709 5303 Homaari'tarum
744 5249 824 5303 ire
838 5243 1205 5318 praeceptusf»
1236 5257 1370 5318 etc.,
1398 5248 1455 5318 id
1479 5256 1580 5308 est.
1610 5248 1866 5318 legatione

294 5318 442 5388 [ungi
473 5319 670 5384 iussus,
702 5328 761 5371 ut
786 5320 1018 5383 explicat
1045 5317 1410 5388 Gothofredus
1448 5317 1669 5388 lib._xn
1694 5387 1697 5388 ν
1726 5318 1859 5372 Cod.

293 5385 576 5511 ἶέιὶὸοάοεη
612 5390 677 5442 tit
729 5389 816 5454 12,
846 5398 979 5443 tom.
1028 5386 1142 5454 Νη
1167 5404 1222 5457 p.
1249 5386 1372 5452 616,
1395 5388 1524 5442 edit.
1557 5385 1751 5456 Lipsize
1771 5404 1860 5442 an.

361 5527 475 5600 (69)
504 5528 839 5600 Ecclesiatic.
895 5525 1241 5600 Philostorgii
1292 5526 1525 5600 Histor.”
1570 5527 1793 5600 epitome
1830 5542 1863 5581 a

294 5594 486 5680 ﬁlictia
539 5599 851 5680 patriarcha
885 5598 1116 5680 conl'ect.
1143 5594 1335 5680 Latine
1375 5596 1587 5680 reddita
1629 5594 1862 5652 Henrico

296 5666 509 5739 Valesio
538 5666 848 5739 interprete.
881 5668 978 5739 lib.
1008 5682 1089 5739 tu,
1121 5684 1177 5723 n.
1205 5670 1260 5733 4,
1290 5684 1414 5738 pag.
1440 5667 1565 5722 486.

363 5738 478 5808 (70)
510 5739 649 5793 Sunt
677 5737 842 5793 verba
869 5738 1041 5809 ipsius
1066 5737 1413 5809 Philostorgii
1445 5740 1548 5791 loc.
1583 5737 1698 5798 cit.,
1731 5752 1854 5806 pag.

288 5809 416 5877 488,
443 5820 640 5880 etpost
677 5808 992 5879 hujusmodi
1051 5810 1210 5863 verba
1243 5808 1359 5864 inec
1402 5808 1582 5863 statim
1615 5823 1855 5877 sequun-

1973 4618 2124 4681 hant.
2144 4618 2478 4674 emendavit.
2492 4639 2512 4672 ι

2045 4688 2156 4760 (71)
2194 4688 2314 4744 Lib.
2355 4705 2416 4760 tt,
2448 4689 2648 4744 Contra
2693 4698 2887 4760 gentes,
2917 4704 3039 4758 pag.
3078 4687 3166 4760 1],
3214 4697 3374 4757 terg.,
3404 4690 3536 4749 edit.

1970 4756 2160 4814 Romae
2186 4760 2328 4828 apud
2356 4756 2709 4815 Franciscuni
2741 4756 3080 4814 Priscianeu.
3100 4756 3498 4815 Florentinum.

2043 4829 2242 4901 (7‘2)‘ln
2258 4829 2605 4901 _Apologetico
2636 4830 2883 4883 adversus
2906 4840 3102 4899 gentes,
3137 4845 3254 4899 cap.
3292 4830 3382 4896 57,
3407 4846 3533 4901 pag.

1970 4896 2060 4963 67,
2093 4899 2221 4953 edit.
2258 4896 2623 4953 Parisf-itilti.

2040 4969 2152 5040 (75)
2185 4967 2386 5040 ῌεωρθ
2418 4968 2474 5022 S.
2501 4968 2752 5040 Clemens
2795 4967 3085 5040 Romanus
3128 4966 3303 5040 Epist.
3332 4968 3400 5022 ad
3431 4968 3535 5022 Co-

1967 5038 2155 5104 rinth;
2183 5039 2240 5093 S.
2269 5038 2506 5108 lg’natius
2565 5038 2741 5106 Epist.
2792 5039 2862 5091 ad
2894 5038 3374 5108 Philadelphenses,
3410 5054 3532 5107 cap.

1966 5109 2054 5181 {;_
2092 5110 2147 5163 S.
2198 5107 2447 5165 Justinus
2499 5119 2735 5181 martyc
2765 5108 2984 5181 DiuIOgo
3035 5124 3177 5181 cum_
3221 5107 3530 5181 Trgpltone;

1966 5164 2227 5248 Grigenes
2255 5180 2348 5234 lib.
2374 5196 2390 5232 ι
2420 5164 2601 5232 contra
2643 5164 2890 5241 telsum;
2921 5164 3251 5231 VLactantius
3281 5164 3359 5229 De
3391 5164 3527 5248 inor;

1968 5245 2104 5303 tibus
2134 5256 2545 5317 persecutorum,
2602 5265 2650 5304 c.
2683 5250 2753 5313 2;
2809 5247 3078 5301 Eusebius
3115 5247 3373 5317 orat.__de
3398 5245 3533 5317 _lau-

1965 5318 2117 5390 dibus
2135 5315 2519 5383 Constantini;
2553 5316 2609 5372 S.
2643 5320 3061 5390 Chrysostomns
3114 5315 3424 5390 ρυηὶίιίίιηὲ
3475 5317 3533 5369 in

1961 5387 2248 5452 Joannem,
2279 5399 2332 5443 et
2394 5382 2581 5442 homil.
2622 5391 2646 5442 1
2685 5382 2771 5442 οε
2813 5387 3060 5439 laudibus
3105 5382 3162 5437 S.
3208 5383 3370 5437 Pauli
3397 5400 3529 5454 apo—

1962 5459 2119 5524 stoli;
2160 5459 2217 5514 S.
2258 5459 2618 5530 lliet'onytnns
2654 5460 2724 5530 Ain
2746 5461 2950 5530 Amos,
2982 5456 3137 5530 epist.
3168 5453 3533 5530 aa_lleliodo-

1963 5522 2108 5593 rum,
2154 5530 2421 5599 epitapltio
2464 5522 2776 5595 Nepotiani,
2817 5535 2866 5580 et
2910 5522 3062 5599 epist.
3110 5525 3177 5576 ad
3223 5522 3448 5591 Lwtam,
3478 5535 3533 5580 et

1950 5599 2052 5653 ,alii
2123 5596 2489 5668 uamplurimi,
2521 5613 2659 5666 quos
2694 5611 2979 5650 numerare
3010 5596 3231 5662 longum
3257 5602 3420 5648 esset.

2033 5616 2308 5722 t7‘1lCaD.
2356 5669 2412 5722 2.
2459 5683 2580 5722 uas.
2611 5666 2682 5719 23
2736 5679 2789 5719 et
2843 5681 2996 5722 seua.
3047 5665 3176 5717 edit.
3235 5661 3420 5717 Hambt

2033 5661 2308 5740 (Πλϐεῲ.
2356 5669 2412 5734 2,
2459 5661 2580 5740 pag.
2611 5666 2703 5740 2§_
2736 5679 2789 5740 et
2832 5681 2996 5740 seqq.
3047 5661 3176 5740 edit.
3235 5661 3527 5734 Hamburgi

1960 5732 2087 5792 anni
2118 5732 2274 5802 i751,
2308 5732 2406 5791 ubi
2429 5732 2594 5790 multa
2645 5732 3075 5789 Christianorum
3130 5732 3350 5788 Patrum
3383 5732 3531 5787 vetc-

1961 5824 2083 5864 rum
2115 5810 2182 5865 de
2214 5808 2599 5879 propagatione
2636 5804 2911 5877 Evangelii
2948 5804 3253 5860 teStitnonia
3284 5804 3531 5861 referun-
