4074 6384
473 320 589 386 519

1271 324 1360 379 DE
1395 322 1784 383 POBTUENSI
1821 322 1878 378 S.
1921 321 2279 378 lilPPOLYTI
2317 321 2508 377 SEDE.
2551 353 2620 364 —
2665 318 2844 378 PARS
2878 322 2946 377 11.

3628 320 3736 378 520

471 449 819 521 tuperatione
845 457 1011 513 atque
1047 448 1394 503 accusatione
1437 446 1828 501 catholicorum
1861 446 1993 515 (91).
2032 464 2053 498 ι
2087 451 2129 507 Α
2163 446 2497 500 nueritarum
2586 444 2809 514 regione
2874 442 3111 513 primum
3182 442 3431 497 excitatae
3505 440 3733 502 fuerint.

471 543 727 601 Pbotium
753 559 879 598 vero
911 544 1158 612 iniquam
1182 542 1247 597 de
1273 540 1621 610 Philostorgii
1652 539 1895 595 Historia
1924 555 2051 595 sen-

471 637 697 693 tentiam
733 635 921 689 tulisse
942 647 1103 687 nemo
1127 632 1391 695 censebit,
1445 647 1569 685 cum
1602 632 1717 685 haec
1745 633 1882 699 ipsa,
1927 647 2049 701 quae

471 730 540 785 de
566 726 851 797 Theophili
900 724 1015 779 Indi
1064 725 1334 794 legatione
1369 724 1766 794 Philostorgius
1813 724 2047 793 posteris

470 819 713 882 tradidit,
752 817 1050 872 mendaciis
1083 825 1292 871 scatere
1333 816 1643 870 videantur.
1697 814 1879 868 Primo
1901 816 2045 869 enim

471 928 633 967 nemo
661 927 725 965 ex
756 909 998 980 probatis
1044 908 1297 963 Historia:
1325 907 1712 962 ecclesiastica:
1763 906 2048 976 scriptori-

470 1005 593 1069 bus,
645 1017 840 1073 praztcr
877 1002 1242 1070 Nicephorum
1289 1002 1383 1070 qtti
1421 1001 1535 1053 hrec
1573 1015 1765 1069 parum
1798 1010 1956 1054 caute
1981 1015 2047 1053 ex

467 1094 833 1166 Philostorgio
878 1105 1162 1149 mutuatus
1197 1104 1300 1157 est,
1353 1093 1419 1147 de
1463 1092 1763 1162 Theophilo
1812 1093 2039 1146 Ariano-

465 1203 586 1242 rum
618 1188 906 1258 coryphazo
954 1187 1156 1242 similia
1193 1186 1442 1254 nuspiam
1490 1185 1733 1238 narravit
1761 1185 1894 1256 (92).
1950 1184 2045 1239 Se-

465 1279 667 1343 cundo,
717 1277 1005 1347 Theophili
1056 1278 1254 1348 legatio
1281 1278 1346 1330 ad
1380 1276 1709 1330 Auxutnitas
1755 1275 1877 1330 falsi
1913 1276 2046 1328 vitio

465 1384 812 1439 summopere
842 1370 1081 1434 laborat;
1131 1385 1257 1423 nam
1290 1369 1599 1422 Auxnmitte
1633 1370 1733 1422 hac
1763 1366 2046 1436 TheOphili

463 1461 850 1532 praedicatione
875 1477 985 1515 non
1016 1461 1267 1531 egebant,
1308 1462 1433 1530 quia
1458 1476 1661 1529 paucos
1695 1469 1818 1514 ante
1850 1475 2045 1527 annos,

464 1554 672 1609 scilicet
723 1554 869 1607 circa
900 1569 1106 1606 annum
1140 1552 1280 1618 5‘27,
1333 1551 1681 1606 Frumentius
1714 1562 1767 1606 ct
1790 1551 2048 1607 Edcsius

463 1643 800 1699 sanctissimi
842 1641 1042 1697 fratres
1072 1643 1292 1697 eosdem
1324 1643 1390 1696 ad
1421 1643 1536 1696 veri
1569 1641 1660 1696 Dei
1694 1644 1897 1697 cultum
1933 1651 2045 1695 tra-

460 1738 737 1792 duxerunt
779 1737 912 1807 (95),
961 1736 1108 1805 quod
1142 1735 1376 1789 inticiari
1404 1751 1510 1788 non
1548 1744 1755 1803 potest;
1813 1736 2045 1804 Optimos

2149 536 2415 592 incertum
2490 538 2650 605 plane
2693 543 2795 590 est.
2896 534 3242 590 Probabilius
3322 542 3504 590 tamen
3577 535 3734 593 vidc-

2149 640 2236 684 tur
2306 644 2402 683 eas
2458 642 2584 683 sero
2648 627 2939 682 admodum
3021 628 3221 683 ibidem
3299 627 3613 692 institutas,
3677 635 3737 682 et

2148 718 2298 788 quod
2354 733 2702 787 summepere
2750 719 3065 786 dolendum,
3111 721 3329 775 easdem
3385 722 3582 791 exiguo
3633 737 3736 776 an~

2148 825 2343 864 norum
2380 810 2665 864 intervallo
2697 809 2892 864 iterum
2929 815 3151 881 penitus
3175 813 3481 868 evanuisse.
3514 812 3571 867 S.
3596 812 3738 869 Gre-

2148 903 2363 971 gentius
2391 902 2527 972 (95),
2578 903 2674 973 qui
2705 912 2860 958 sexto
2906 904 3105 958 saeculo
3136 904 3343 967 ﬂoruit,
3391 905 3447 958 in
3477 905 3732 975 disputa-

2147 995 2295 1049 tione
2329 996 2564 1063 quadam
2592 1011 2716 1049 cum
2747 993 2957 1059 Iudaeo,
2988 1012 3153 1067 quam
3191 1000 3451 1053 mendose
3480 1000 3737 1069 aliquan-

2146 1087 2315 1155 tisper
2339 1088 2505 1142 edidit
2528 1087 2817 1150 Gulonius,
2841 1098 2896 1142 et
2921 1091 3267 1145 emendatior
3292 1103 3469 1146 exstat
3499 1092 3554 1145 in
3585 1093 3733 1148 duo-

2147 1177 2250 1234 bus
2292 1180 2592 1244 codicibus,
2641 1196 2752 1235 uno
2780 1169 3121 1237 bibliotheca:
3155 1182 3563 1251 Ottobouiana:,
3593 1186 3737 1242 alto-

2148 1283 2211 1322 ro
2242 1268 2585 1325 bibliotheca:
2631 1270 2893 1324 Caesarea:
2918 1269 3359 1326 Vindobonensis
3382 1274 3523 1342 apud
3561 1273 3732 1329 Lam-

2156 1361 2370 1416 becium
2417 1361 2561 1432 (96),
2634 1361 2833 1416 dicitur
2875 1362 3163 1431 episcopus
3224 1364 3372 1418 urbis
3422 1364 3738 1434 Tapharen-

2156 1454 2293 1507 sium
2312 1452 2445 1523 (97),
2462 1468 2601 1521 quae,
2618 1449 2876 1506 Philostou
2892 1452 2978 1521 gio
3000 1463 3152 1518 teste,
3178 1451 3592 1509 llomtcritarum
3613 1472 3736 1512 me-

2147 1547 2376 1616 tropolis
2393 1546 2509 1599 fuit.
2529 1546 2723 1599 Verum
2745 1545 2885 1598 hanc
2899 1545 3312 1613 disputationem
3332 1548 3525 1601 merito
3538 1565 3737 1618 suspe-

2149 1647 2295 1692 ctam
2316 1638 2477 1691 habet
2492 1637 2841 1692 doctissimus
2853 1635 3051 1707 Pagius
3069 1637 3200 1707 (98).
3221 1636 3545 1693 Menazorum
3559 1641 3733 1697 etiam

2150 1731 2282 1785 tides
2307 1730 2468 1784 dubia
2499 1738 2601 1783 est.
2655 1729 2945 1799 Gregeutio
2974 1730 3303 1785 substitutus
3323 1740 3408 1785 est
3436 1732 3575 1788 alius
3604 1734 3734 1802 epi-

470 1832 615 1887 cnim
652 1804 917 1885 habemus
965 1838 1130 1884 testes
1177 1828 1234 1883 S.
1265 1830 1622 1884 Athanasium
1652 1828 1763 1899 (94)
1801 1837 1853 1881 et
1895 1826 2046 1881 Rati-
2078 1804 2118 1859 Β
2149 1838 2368 1892 scopus,
2401 1830 2536 1876 teste
2563 1820 2771 1876 Joanne
2809 1822 2953 1877 Asia:
2979 1821 3123 1892 apud
3150 1822 3554 1878 Assemannum
3584 1825 3732 1895 (99).

467 1937 636 1988 num;
670 1923 901 1991 ideoque
929 1922 1014 1976 his
1036 1920 1314 1987 omnibus,
1344 1936 1466 1990 quae
1490 1920 1556 1975 de
1578 1918 1883 1988 Theophilo
1912 1919 2043 1974 ludo

465 2022 656 2069 narrat
686 2012 796 2066 Deo
831 2014 1029 2067 invisus
1061 2011 1461 2083 Pbilostorgius
1481 2054 1495 2077 ,
1541 2022 1700 2067 caute
1750 2013 2041 2067 admodum

463 2106 602 2161 ﬁdes
626 2104 931 2158 adhibenda
954 2113 1057 2158 est.

461 2214 583 2273 XX.
618 2217 735 2284 Quo
769 2230 995 2287 tempore
1020 2216 1341 2286 episcopales
1369 2220 1514 2270 sedes
1548 2217 1686 2286 apud
1723 2216 2041 2274 llomwritas

874 2290 1137 2343 institutae
1165 2290 1291 2350 sint,
1344 2290 1654 2357 inquiritur.

550 2379 669 2447 Quo
722 2396 849 2437 vero
899 2389 1144 2451 tempore
1192 2382 1527 2451 episcopales
1593 2382 1750 2436 sedes
1814 2382 1867 2435 in
1934 2381 2040 2436 llo-

536 2535 648 2607 (91)
686 2535 799 2591 Nec
826 2536 1062 2602 mirum;
1104 2536 1157 2590 in
1189 2536 1420 2607 gratiam
1441 2536 1577 2601 Arii,
1601 2535 1741 2590 Aetii
1772 2547 1826 2591 et
1856 2533 2042 2593 Euno—

457 2608 555 2663 mii
586 2609 848 2662 adversus
868 2608 1183 2661 Catholicos
1217 2608 1514 2661 Historiam
1546 2624 1700 2662 suam
1736 2608 2038 2662 Philostor-

457 2680 582 2760 gius
636 2678 1002 2760 eoitciuuavit.
1073 2678 1252 2760 Ipsius
1309 2682 1631 2760 auctoritas.
1664 2679 2033 2760 etiant__apud

458 2748 638 2818 ipsum
662 2748 915 2802 Pltotium
944 2750 1117 2818 parvi
1157 2748 1259 2801 fuit
1287 2768 1299 2801 :
1330 2749 1521 2803 scribit
1548 2749 1691 2801 enim
1754 2749 1939 2802 codice
1971 2765 2035 2802 XI.

458 2817 633 2883 citato,
668 2836 681 2871 :
721 2837 739 2869 ι
778 2821 897 2887 ipse
932 2817 1367 2888 (Philostorgius;
1399 2820 1632 2886 scriptor
1668 2820 1900 2873 mcmlax
1931 2829 2035 2886 est,

457 2898 514 2943 et
544 2888 741 2945 fabulis
776 2888 1001 2941 minime
1028 2888 1328 2953 abstinens,
1376 2891 1745 2957 przenicatque
1773 2890 2038 2944 doctrinae

459 2960 697 3014 maxime
726 2974 891 3013 causa
927 2958 1139 3011 Aetium
1167 2968 1220 3011 et
1247 2957 1597 3021 Eunomium,
1636 2961 1792 3027 quasi
1819 2960 1920 3011 soli
1954 2976 2039 3012 re.

458 3038 784 3098 purgasscut
809 3031 1022 3097 pietatis
1052 3027 1327 3098 dogmata,
1370 3038 1611 3097 tempore
1639 3031 2034 3094 contaminata,

458 3100 764 3169 prodigiose
796 3101 898 3153 hoc
933 3099 1110 3168 ipsum
1132 3099 1807 3169 inentieudo,signorum
1850 3110 2033 3152 antem

457 3152 514 3223 ct
680 3152 885 3239 gratia
912 3152 1091 3223 la‘udat
1128 3167 1422 3224 Eusebium
1466 3152 1792 3239 Nico’medite
1823 3186 2035 3238 cptsco-
2065 3152 2104 3205 (ἶ

458 3255 612 3365 pum,
634 3237 795 3310 quem
828 3241 991 3296 etiam
1018 3239 1269 3309 Magnum
1307 3240 1575 3303 nominat,
1596 3250 1650 3293 et
1673 3237 1713 3290 Τ
1721 3237 2033 3308 lte0philum

484 3312 675 3365 udum.
716 3311 961 3365 aliosuue
992 3312 1317 3365 complures.
1358 3329 1377 3362 ι

484 3312 675 3377 udum,
716 3311 961 3380 aliosque
992 3312 1317 3379 complures.
1358 3329 1377 3362 ι

531 3402 642 3473 (99)
683 3402 978 3472 Aptissime
1010 3402 1063 3455 in
1094 3418 1221 3473 rem,
1242 3400 1652 3473 nostramﬂhzec
1704 3401 1893 3473 scribit
1925 3400 2031 3457 Ba-

450 3471 648 3542 tonius
681 3471 747 3526 ad
776 3473 977 3542 dictum
1010 3488 1099 3525 an.
1128 3472 1252 3539 554,
1282 3488 1432 3526 num.
1463 3471 1550 3537 15,
1584 3488 1702 3542 pag.
1734 3472 1858 3537 527,
1897 3483 2030 3528 tom.

459 3540 569 3597 IV:
608 3562 626 3593 ι
663 3542 788 3597 Htec
814 3541 997 3611 itaque
1025 3543 1297 3597 voluimus
1342 3540 1638 3603 addidisse,
1662 3540 1736 3595 ‘ut
1770 3544 2027 3597 lectorem

457 3615 880 3668 admoneremus
926 3614 1360 3683 cauteulegeuda
1404 3628 1525 3666 esse
1576 3627 1698 3681 quae
1751 3629 1816 3666 ex
1854 3614 2034 3668 lutoso

461 3684 843 3737 haereticorum
899 3685 1044 3737 lonte
1078 3680 1417 3753 Nicephorus
1452 3680 1607 3735 adeo
1639 3684 2035 3738 inconsiderate

459 3754 689 3827 derivat,
720 3768 948 3827 quaeque
981 3752 1179 3827 Suidas
1209 3770 1276 3827 es
1304 3752 1560 3805 Thalasio
1585 3754 1762 3827 prodit
1787 3754 2029 3827 ejusdem

459 3824 648 3877 farinae
677 3823 895 3877 homine
927 3863 941 3876 .
976 3863 990 3876 .
1028 3863 1041 3877 .
1079 3823 1416 3892 Nicephorus
1441 3837 1509 3875 ex
1541 3823 1762 3891 scriptis
1793 3824 2033 3877 haeretici

460 3893 697 3964 honunis
749 3893 1099 3964 Philostorgii
1155 3910 1216 3949 ea
1267 3895 1453 3964 edidit,
1515 3908 1639 3961 qua:
1690 3895 2032 3963 antiquiores

457 3963 630 4019 Graeci
668 3966 910 4018 historici
941 3962 1348 4027 Theodoretus,
1387 3962 1643 4017 Socrates
1672 3978 1725 4017 et
1763 3962 2030 4017 suamne-

458 4050 583 4097 nus,
608 4045 661 4090 et
687 4037 731 4089 si
753 4038 845 4104 qui
869 4035 959 4088 alii
986 4036 1182 4089 horum
1212 4049 1556 4089 successores
1579 4034 1749 4100 luere,
1787 4044 1913 4088 sunt
1945 4052 2036 4103 pe-

458 4107 605 4160 nitus
652 4106 908 4172 aversati,
969 4115 1152 4175 utpote
1201 4106 1397 4162 referta
1434 4106 1750 4171 mendaciis,
1784 4115 1837 4158 et
1879 4105 2031 4158 enini

460 4191 685 4245 prorsus
727 4178 833 4230 title
879 4178 1156 4241 carentia;
1206 4187 1370 4246 atque
1399 4176 2029 4246 adeoicontcmpserunt,

461 4244 520 4298 ut
549 4248 736 4302 nullus
785 4262 1012 4316 prorsus
1047 4244 1479 4315 illorum—hujus
1509 4244 1795 4315 Theophili
1841 4250 2033 4299 memi-

459 4318 608 4371 nisse
637 4319 722 4373 vel
751 4315 940 4371 leviter
966 4319 1158 4372 saltem
1183 4323 1486 4386 reperiatur
1517 4334 1532 4370 :
1559 4332 1683 4369 nam
1710 4318 1884 4385 ipsum
1909 4315 2035 4369 Phi-

457 4386 701 4456 lostorgii
755 4387 840 4440 vel
883 4396 1091 4441 tantum
1141 4402 1339 4441 nomen
1388 4389 1468 4442 sic
1500 4390 1922 4451 exhorruerunt,
1972 4397 2032 4440 ut

457 4468 652 4511 cuncta
683 4456 751 4510 ab
785 4471 850 4510 eo
881 4459 1082 4526 scripta
1121 4460 1455 4512 exsecranda
1484 4459 1758 4523 duxerint,
1790 4469 1845 4513 et
1866 4460 2029 4528 digna

458 4542 581 4596 qua:
605 4537 867 4596 perpetuo
893 4531 1109 4582 silentio
1136 4530 1549 4583 damnarentur.
1583 4547 1602 4579 ι

532 4617 643 4687 (95)
682 4617 977 4671 Adeundus
1038 4615 1306 4671 Baronius
1355 4617 1429 4687 ad
1448 4616 1675 4687 dictum
1727 4633 1855 4670 ann.
1903 4616 2028 4683 554,

460 4685 737 4753 noun“,
768 4702 888 4757 pag.
922 4686 1048 4747 526,
1079 4698 1213 4741 tom.
1247 4690 1366 4741 eod.
1396 4685 1487 4752 Ν,
1522 4687 1614 4741 ubi
1645 4688 1871 4757 legenda
1900 4700 2033 4741 sunt

459 4772 520 4813 ea
544 4774 668 4826 qua:
684 4774 715 4811 a
736 4756 905 4826 Pagto
948 4773 1099 4811 num.
1138 4758 1165 4809 7
1184 4767 1237 4811 et
1259 4773 1410 4827 seqq.
1434 4759 1647 4812 erudite
1673 4756 2026 4812 adnotantur.

531 4850 640 4923 (94)
681 4849 886 4906 Horum
932 4850 1243 4923 testimonia
1292 4851 1522 4921 legimus
1550 4848 1696 4921 apud
1729 4849 2027 4923 Baronium

458 4920 646 4977 ad'au’.
680 4923 905 4991 Christi
927 4920 1050 4987 327,
1099 4937 1251 4991 num.
1295 4922 1328 4976 8
1356 4920 1426 4976 et
1453 4920 1630 4991 seqq.,
1683 4937 1809 4991 pag.
1846 4921 1945 4975 197
1977 4929 2031 4975 et

459 5009 636 5063 seqq.,
673 5002 806 5047 tom.
842 4990 931 5056 ιγ,
963 4995 1055 5047 ubi
1094 4990 1289 5061 Pagius
1323 4994 1492 5047 multa
1522 4990 1672 5045 nom.
1708 4991 1738 5063 7
1766 4990 1841 5063 let
1873 5007 2025 5063 seqq.

458 5067 524 5118 de
538 5061 807 5119 ludorum
833 5064 1205 5127 conversione,
1232 5066 1300 5118 de
1326 5063 1663 5127 Frumentio,
1691 5062 1758 5116 de
1780 5061 1929 5115 ludia
1959 5077 2031 5114 et-

458 5136 670 5201 teriori,
699 5150 793 5190 seu
819 5132 1099 5203 Ethiopia
1126 5148 1191 5186 ac
1218 5132 1367 5188 ludia
1394 5134 1666 5198 orientali,
1697 5132 1926 5201 aliisque
1949 5147 2030 5185 re-

458 5208 562 5262 bus
613 5208 682 5261 ad
729 5215 974 5260 nostram
1027 5206 1349 5258 sententiam
1402 5204 1773 5273 speetanttbus
1817 5205 2029 5256 erudite

458 5277 750 5343 disseruit,
810 5286 863 5330 et
903 5278 1196 5330 nonnullos
1245 5279 1347 5329 hac
1376 5277 1442 5328 de
1471 5290 1529 5327 re
1554 5289 1767 5329 errores
1815 5273 2027 5326 exami-

460 5347 629 5402 navit.
685 5346 810 5401 Hazc
833 5347 1017 5401 omnia
1047 5346 1191 5414 apud
1217 5346 1395 5414 ipsum
1420 5344 1647 5414 l’agiutn
1678 5345 1901 5414 legenda
1931 5359 2028 5413 pa-

459 5426 597 5481 tent,
630 5434 697 5472 ex
726 5419 925 5488 quibus
948 5420 1327 5479 continuatur,
1360 5429 1556 5488 quarto
1584 5425 1791 5488 tantum
1827 5420 2026 5488 sacculo

459 5485 783 5543 lictttzcritas
810 5489 1177 5542 Christianam
1208 5488 1367 5540 tidem
1391 5487 1562 5540 fuisse
1595 5486 1894 5554 amplexos.
1926 5485 2027 5539 Mi-

458 5560 615 5614 chael
642 5558 880 5628 Lequieu
909 5569 1057 5611 tomo
1085 5557 1324 5611 secundo
1349 5556 1553 5628 Orient.
1576 5556 1866 5628 Christian.
1899 5572 2022 5626 pag.

458 5630 584 5694 569,
639 5626 759 5683 fuse
791 5630 901 5698 agit
925 5629 999 5698 de
1023 5628 1333 5697 Aithioptca
1373 5627 1611 5683 Ecclesia
1656 5626 2026 5681 Alexandrino

456 5701 782 5771 patriarchae
815 5693 1078 5768 subjecta,
1130 5715 1195 5752 ac
1214 5693 1293 5752 de
1319 5710 1563 5771 tempore
1617 5713 1729 5768 quo
1759 5699 2027 5771 Christia-

459 5769 587 5826 iiam
621 5772 939 5841 religionem
992 5773 1289 5839 receperit,
1325 5787 1486 5842 quem
1541 5770 1709 5828 lector
1742 5769 2027 5828 consulere

2151 1912 2542 1983 Metaphrastes
2593 1913 2646 1966 in
2680 1912 2828 1968 Actis
2860 1914 2917 1969 S.
2949 1914 3125 1968 Areta:
3171 1916 3429 1986 martyris
3474 1917 3664 1971 scribit
3693 1933 3735 1973 a

2152 2008 2460 2075 patriarcha
2490 2006 2859 2062 Alexandrino
2906 2008 3219 2078 episcopum
3245 2008 3460 2080 (nempe
3482 2007 3737 2082 Gregen-

2148 2098 2330 2167 tium),
2364 2107 2423 2152 ut
2452 2095 2775 2153 Lambecius
2804 2099 3000 2163 credit,
3041 2098 3212 2155 fuisse
3233 2101 3542 2156 ordinatum
3563 2117 3736 2157 eum-

2147 2189 2587 2261 quellomaeritis
2634 2191 2862 2246 missum
2893 2190 2992 2262 (l).
3049 2189 3467 2262 Nagranitarum
3509 2194 3737 2263 episco-

2146 2298 2274 2353 pum
2317 2282 2546 2338 Paulum
2587 2282 2880 2353 quemdam
2925 2283 3113 2338 laudat
3157 2284 3299 2338 idem
3330 2283 3733 2354 Metaphrastes

2147 2375 2291 2446 apud
2323 2376 2728 2430 Assemannum
2760 2374 2876 2445 t2);
2934 2375 3030 2429 sed
3062 2374 3228 2444 hujus
3251 2376 3535 2446 scriptoris
3567 2379 3735 2434 testi-

2148 2535 2380 2605 poterit;
2416 2534 2675 2605 legendus
2704 2536 2866 2589 etiam
2916 2534 3069 2606 idem,
3090 2534 3350 2606 Lequien,
3377 2553 3499 2606 pag.
3530 2538 3634 2593 662
3665 2549 3735 2597 et

2145 2622 2321 2675 seqq.,
2351 2616 2484 2659 tom.
2510 2608 2697 2660 eodem
2726 2606 2788 2671 11,
2817 2606 2909 2660 ubi
2938 2608 3004 2660 de
3033 2605 3274 2661 Ecclesia
3298 2605 3728 2667 Hontaaritarum

2143 2690 2447 2730 sermonem
2485 2677 2662 2730 habet.

2216 2746 2328 2817 (95)
2368 2745 2651 2817 Legendus
2697 2746 3018 2802 Guiliehnus
3067 2746 3209 2802 Cave
3261 2747 3315 2801 in
3362 2764 3503 2817 saepe
3545 2750 3727 2807 citato

2145 2826 2276 2890 tom.
2314 2818 2357 2881 l,
2390 2833 2440 2890 p.
2474 2816 2598 2881 5:2I,
2644 2819 2737 2890 ubi
2769 2817 2936 2890 multa
2976 2820 3043 2872 de
3076 2820 3272 2890 eodem
3300 2816 3591 2890 Gregentio
3624 2836 3726 2877 re-

2143 2886 2265 2947 fert.
2318 2888 2435 2958 qui
2466 2902 2610 2940 anno
2641 2887 2745 2941 5w
2776 2887 2977 2949 ﬂoruit,
3014 2899 3068 2942 et
3098 2890 3208 2957 agit
3246 2889 3313 2943 de
3356 2886 3614 2958 operibus
3649 2894 3729 2949 ab

2144 2958 2331 3026 eodem
2358 2957 2535 3015 editis.
2589 2959 2747 3026 cujus
2779 2961 2913 3011 Acta
2950 2960 3326 3026 disputationis
3360 2957 3478 3012 cum
3515 2960 3729 3017 Herba-

2143 3042 2209 3077 no
2252 3025 2439 3081 Judteo
2485 3025 2680 3081 habita:
2729 3038 2942 3082 exstant
2996 3025 3407 3084 Graeco-Latine
3433 3045 3464 3083 a
3496 3030 3729 3089 Nicolao

2143 3095 2375 3151 Gulonio
2408 3114 2530 3151 cum
2564 3095 2788 3154 sclioliis
2822 3099 3113 3155 brevicnlis
3148 3100 3293 3153 edita
3324 3099 3547 3156 Parisiis
3571 3118 3723 3157 anno

2141 3165 2302 3232 1586,
2358 3169 2473 3221 iii-8
2504 3177 2556 3221 et
2579 3169 2774 3222 exinde
2803 3169 2857 3223 in
2887 3169 3141 3223 Auctario
3191 3169 3462 3226 Ducmano
3488 3170 3724 3231 Parisiis

2139 3251 2285 3295 anno
2319 3238 2477 3303 1624,
2507 3248 2637 3292 tom.
2670 3238 2688 3292 1
2718 3255 2929 3293 recusa.
3490 3256 3495 3261 ‘

2209 3308 2323 3378 (96)
2359 3307 2476 3362 Lib.
2528 3324 2584 3375 v,
2628 3325 2750 3379 pag.
2788 3310 2925 3374 151,’
2980 3309 3070 3364 ubi
3105 3307 3349 3364 refertin
3384 3312 3720 3370 bibliotheca

2136 3376 2384 3452 Cassarea
2414 3376 2643 3452 exstare
2662 3376 2794 3452 mss:
2827 3381 3093 3434 hactenus
3138 3396 3247 3435 non
3283 3382 3509 3446 editum,
3548 3385 3722 3452 cujus

2136 3448 2327 3517 titulus
2374 3449 2429 3502 in
2474 3451 2711 3517 linguam
2768 3449 3020 3504 Latinam
3065 3466 3259 3506 versus
3294 3461 3497 3507 sonat;
3532 3448 3724 3509 Sancti

2137 3514 2403 3591 Grcgentii
2425 3514 2804 3591 archiepiscopi
2832 3520 3187 3589 Tapharensis
3213 3523 3476 3591 lcgislatio
3491 3523 3585 3576 sub
3617 3540 3721 3578 no-

2136 3590 2549 3660 mineAbramii
2579 3593 2714 3660 regis
2739 3590 3156 3645 llomwritarum
3179 3606 3197 3644 :
3227 3590 3342 3645 sive
3368 3593 3609 3646 Abramii
3633 3611 3726 3649 re-

2135 3660 2215 3729 gis
2254 3659 2667 3734 llolnazritarunt
2698 3661 2832 3731 leges
2857 3679 2890 3714 a
2922 3672 3108 3734 sancto
3141 3661 3418 3734 Cregentio
3452 3665 3725 3734 archiepi-

2134 3745 2289 3798 scopo
2325 3729 2647 3799 Tapltarensi
2690 3729 3012 3800 compositis.
3063 3729 3360 3787 Adeuudus
3396 3733 3592 3802 l’agius
3632 3729 3717 3791 'ad

2136 3802 2575 3878 annutnchristi
2609 3803 2742 3878 525,
2778 3818 2929 3878 t_n_n_n_.
2967 3804 3054 3869 19,
3092 3816 3225 3856 ῑοω.
3256 3802 3328 3855 1X
3358 3804 3558 3858 Annal.
3584 3821 3717 3878 pag.

2134 3867 2234 3923 331
2271 3872 2399 3925 edit.
2432 3870 2592 3925 Luca:
2616 3867 2747 3925 anui
2782 3872 2938 3925 1741.

2205 3940 2317 4013 (97)
2348 3941 2747 4013 Disputationis
2787 3943 2978 3996 titulus
3011 3942 3100 3998 hic
3144 3950 3226 3997 est
3254 3962 3266 3998 :
3302 3941 3491 3997 Sancti
3524 3943 3720 4002 Patris

2134 4011 2595 4083 nostriGregentii
2627 4013 3004 4081 archiepiscopi
3036 4014 3386 4081 Tapharensis
3415 4016 3720 4083 disputatio

2133 4096 2251 4150 crum
2288 4082 2495 4136 Erbauo
2517 4082 2727 4137 Judazo.
2754 4085 3431 4150 LegendusAssemannns
3452 4082 3716 4144 Biblioth.

2137 4149 2423 4217 0riental.,
2455 4163 2585 4207 tom.
2625 4153 2666 4215 l,
2703 4171 2757 4222 p.
2789 4154 2894 4206 585
2923 4155 3052 4207 edit.
3086 4154 3271 4207 Romae
3302 4155 3462 4209 1719.

2204 4224 2314 4297 (illi)
2356 4225 2435 4297 ῥα
2462 4224 2665 4297 dictum
2698 4241 2787 4278 an.
2817 4224 2944 4297 i325,
2964 4225 3066 4297 loc.
3093 4235 3185 4297 cit.
3216 4240 3366 4297 num.
3395 4226 3483 4289 l2,
3503 4242 3556 4297 p.
3580 4227 3717 4287 332.

2225 4293 2511 4365 99)Τυηι.
2552 4294 2770 4348 lcitatze
2804 4294 3059 4348 Biblioth.
3102 4295 3392 4361 0riental.,
3424 4312 3476 4365 p.
3504 4293 3639 4353 385.

2225 4298 2314 4364 99)
2356 4298 2511 4348 Tom.
2552 4298 2770 4348 lcitatze
2804 4298 3059 4348 Biblioth.
3102 4298 3392 4361 0riental.,
3424 4312 3476 4365 p.
3514 4298 3639 4353 385.

2203 4298 2279 4433 (1)
2321 4364 2398 4418 lta
2448 4365 2678 4434 legimus
2734 4366 2877 4434 apud
2935 4366 3109 4434 ipsum
3161 4365 3562 4420 Assemannum
3603 4371 3712 4427 loc.

2130 4433 2249 4508 cit_.,
2299 4433 2597 4508 prag.‘582.
2655 4436 2732 4489 En
2770 4433 3161 4508 illetaplnastis
3213 4437 3376 4508 verba
3405 4452 3529 4508 pag.
3567 4441 3711 4497 945:

2061 4505 2105 4559 D
2140 4523 2159 4556 ι
2196 4502 2513 4578 Pati-iai-cha
2534 4514 2717 4578 autem
2751 4502 3095 4578 Alexandria:
3141 4502 3453 4578 ordinatum
3479 4502 3716 4578 'episco-

2138 4590 2267 4645 pum
2306 4575 2452 4629 misit
2479 4577 2545 4629 ad
2574 4574 2915 4630 llomaaritas.
2947 4578 3071 4642 Qui,
3103 4592 3225 4629 cum
3256 4576 3362 4630 illis
3390 4574 3714 4636 consecras-

2138 4654 2220 4720 set
2250 4646 2506 4714 templum
2547 4646 2693 4720 quod
2728 4647 2902 4720 fuerat
2935 4648 3282 4720 aediﬁcatum,
3330 4646 3570 4720 baptiaat
3596 4652 3718 4720 qvi-

2135 4717 2257 4787 deut
2291 4731 2481 4769 omnes
2507 4718 2597 4785 qui
2634 4727 2789 4771 erant
2821 4717 2873 4770 in
2899 4716 3210 4787 civitatibus
3234 4725 3288 4771 et
3315 4716 3467 4787 pagis
3495 4716 3716 4776 Hamae-

2136 4786 2366 4839 ritarutn
2390 4786 2443 4839 in
2470 4787 2688 4840 nomine
2710 4800 2911 4842 sancta:
2944 4785 3249 4841 Trinitatis.
3297 4785 3491 4843 lix—eis
3522 4803 3709 4847 autem

2136 4858 2353 4909 ordinat
2398 4856 2659 4932 diaconos
2701 4868 2755 4912 et
2782 4859 3146 4932 presbyteros.
3191 4866 3246 4912 et
3270 4858 3549 4932 Ecclesiis,
3586 4879 3715 4932 quae

2135 4937 2289 4996 erant
2336 4943 2389 4979 ιιι
2435 4929 2674 4996 regione,
2722 4929 2898 4983 reddit
2937 4937 3140 4982 statum
3191 4944 3351 4982 suum
3397 4929 3637 4986 solituui.
3681 4953 3704 4986 ι

2136 4993 2336 5067 Eadem
2398 4993 2711 5051 referuntur
2764 5002 2819 5052 in
2868 5014 2972 5052 ms.
3027 4997 3334 5067 Menologio
3390 4998 3708 5058 Graecorum

2141 5068 2281 5135 apud
2315 5065 2688 5132 Lambecinm,
2714 5069 2809 5124 lib.
2841 5085 2894 5134 v,
2926 5084 3050 5138 pag.
3080 5069 3204 5122 155.

2206 5137 2282 5207 (2)
2323 5138 2399 5209 ln_
2428 5140 2912 5209 dissertationede
2954 5137 3105 5209 Syris
3153 5139 3493 5197 Nestoriauis
3524 5143 3573 5196 in
3605 5142 3704 5196 Bi-

2123 5205 2318 5286 gum.
2364 5206 2623 5286 argentei.
2662 5219 2801 5286 10111.¹
2824 5207 2915 5286 111,
2950 5205 3119 5286 parte
3161 5213 3420 5286 secunda,
3444 5232 3516 5286 ie.
3556 5214 3643 5279 10,
3675 5213 3708 5286 §

2131 5277 2185 5340 5.
2213 5293 2335 5347 pag.
2365 5278 2618 5353 595,_ubi
2645 5280 2833 5353 multis
2862 5277 3108 5353 deductis
3140 5283 3487 5353 antiquitatis
3514 5277 3709 5338 modo:

2134 5352 2425 5424 tueuttsde
2454 5349 2781 5424 Christiana:
2818 5351 3095 5424 religionis
3134 5349 3293 5406 initio
3329 5362 3383 5409 et
3412 5369 3704 5424 progtessu

2134 5417 2190 5471 in
2213 5419 2412 5474 Arabia
2457 5421 2825 5474 eruditissime
2854 5417 2982 5490 agit.
3038 5420 3170 5487 Quae
3211 5425 3267 5476 in
3297 5440 3360 5477 ea
3389 5417 3702 5492 uariantur,

2132 5504 2361 5563 quaeque
2407 5499 2651 5563 nostram
2674 5561 2680 5563 Α
2706 5494 3030 5545 sententiam
3063 5493 3131 5545 de
3159 5495 3367 5563 origine
3422 5497 3706 5550 catholicae

2132 5559 2256 5613 tidei
2273 5558 2425 5628 apud
2454 5558 2773 5634 Hontteritas
2798 5566 3143 5627 contirmant,
3170 5558 3311 5618 leciu
3334 5566 3495 5634 digna
3525 5569 3706 5620 omni-

2133 5644 2205 5683 no
2235 5640 2393 5705 sunt;
2424 5631 2617 5684 merito
2638 5633 2870 5701 denique
2896 5635 3187 5705 Concludit,
3203 5649 3327 5705 pag.
3358 5631 3484 5699 602,
3511 5635 3566 5688 in
3592 5634 3705 5690 llo-

2134 5702 2472 5778 nncritarum
2510 5717 2686 5778 regno
2712 5712 2947 5778 quatuor
2983 5702 3329 5778 episcopatus
3360 5708 3552 5773 fuisse,
3583 5707 3704 5778 pri-

2132 5785 2283 5827 tuum
2307 5774 2362 5827 in
2395 5773 2527 5833 urbe
2557 5770 2790 5844 'l‘aphar,
2847 5770 3077 5832 alterum
3107 5770 3362 5845 iu'Aden,
3398 5770 3619 5834 tertium
3642 5777 3700 5833 iu

2216 6372 2609 6384 ———,v—.._.._,_.,
2631 6375 2852 6384 ρ--ή
