4074 6384
338 419 433 477 δει

334 645 397 686 ro
423 629 611 687 scribit
632 628 863 684 Paulum
892 644 988 685 seu
1015 628 1645 701 Zoylum,orthodoxum
1670 629 1903 682 Alexan-

331 722 464 779 dria
484 720 874 794 patriarebam,
905 723 1218 792 episcopum
1264 721 1551 791 quemdam
1595 718 1903 776 Homaritis

332 812 645 875 ordinasse,
698 828 861 883 quem
904 812 1009 883 ipsi
1034 811 1357 869 Nestoriana
1382 813 1573 868 haeresi
1605 812 1786 867 infecti
1817 828 1902 867 re-

332 904 513 975 cipere
541 904 856 969 noluerunt,
903 902 1134 971 ideoque
1160 902 1249 957 ille
1270 901 1612 957 Alexandria
1654 909 1904 956 mortuus

332 1005 434 1050 est.
486 994 666 1064 Atque
691 994 808 1049 hac
843 993 1230 1063 episcopalium
1275 992 1485 1047 sedium
1513 992 1655 1062 apud
1688 990 1902 1046 Homae-

332 1088 471 1142 ritas
496 1085 684 1141 infelix
720 1099 843 1140 sors
877 1083 999 1151 fuit,
1049 1099 1190 1154 qua,
1243 1098 1366 1139 sero
1392 1084 1591 1139 ibidem
1620 1083 1900 1149 instituta,

332 1180 441 1234 cito
464 1192 587 1232 esse
613 1177 913 1231 desierunt.
960 1173 1182 1230 Invidus
1224 1176 1449 1230 humani
1487 1176 1698 1246 generis
1732 1177 1905 1231 hostis

334 1267 739 1324 infelicissimos
781 1267 1010 1338 populos
1055 1268 1245 1337 patriis
1295 1267 1611 1323 Sabaeorum
1654 1277 1708 1322 ct
1737 1267 1905 1325 Κονθ-

333 1357 636 1416 schitarum
684 1358 1166 1428 superstitionibus
1206 1357 1438 1429 decepit,
1469 1374 1606 1430 quas
1634 1359 1791 1430 longe
1822 1360 1903 1415 la-

334 1460 516 1521 teque,
564 1465 629 1505 ac
675 1449 770 1504 diu
813 1465 911 1520 per
958 1460 1124 1504 totam
1174 1450 1287 1505 fere
1326 1451 1584 1505 Arabiam
1629 1459 1905 1521 grassatas

332 1558 476 1608 esse,
510 1558 577 1598 ex
598 1542 841 1597 Arabum
873 1543 1201 1612 scriptorum
1238 1544 1605 1599 monumentis
1636 1542 1904 1612 probavit,

333 1642 395 1688 ut
423 1634 800 1689 Abrahamum
831 1632 1214 1690 Ecchelensem
1245 1643 1298 1690 et
1319 1634 1580 1691 Joannem
1611 1634 1905 1690 Henricum

334 1719 714 1794 Hottingerum
744 1732 1151 1794 praetereamus,
1185 1725 1383 1794 saepius
1410 1726 1607 1780 citatus
1637 1724 1908 1796 Iosephus

336 1822 620 1879 Simonius
646 1822 1020 1879 Assemannus
1047 1821 1146 1891 (4).
1201 1817 1685 1875 ldeircoinl‘elices
1704 1817 1906 1872 Christi

332 1913 575 1969 ﬁdelium
626 1914 889 1983 reliquia,
933 1913 981 1968 si
1021 1889 1263 1981 unquam
1309 1909 1451 1979 apud
1494 1909 1641 1978 ipsos
1676 1915 1800 1978 post
1827 1910 1909 1962 tet
1940 1889 1982 1946 Β

334 2004 519 2061 clades
545 2005 894 2068 exstiterunt,
925 2004 982 2058 in
1014 2002 1473 2058 lieterodoxorum
1507 2015 1719 2055 errores
1748 2000 1910 2054 mise-

335 2111 398 2152 re
425 2096 589 2166 lapsa
621 2102 768 2150 sunt.
815 2094 1054 2149 Tandem
1078 2093 1609 2164 impudentissimum
1632 2091 1910 2146 Mabume-

333 2197 474 2253 tum,
502 2194 796 2257 antequam
829 2185 1168 2242 miserrimas
1194 2195 1380 2256 gentes
1406 2183 1587 2239 stultis
1615 2192 1777 2257 secta
1799 2199 1912 2240 sua

336 2277 613 2334 blanditiis
661 2275 1004 2346 decepisset,
1079 2273 1401 2329 idololatria
1449 2288 1648 2328 nomen
1694 2272 1911 2329 dedisse

335 2379 546 2426 eertum
573 2377 678 2435 est,
729 2369 1100 2437 templumque
1144 2366 1275 2421 illud
1304 2364 1503 2420 Mecca
1531 2364 1673 2434 apud
1702 2364 1907 2420 Musul-

337 2474 571 2515 mannos
614 2455 1033 2515 celeberrimum
1069 2457 1309 2529 gentium
1337 2455 1443 2510 diis
1468 2454 1704 2520 dicasse,
1735 2457 1910 2511 omni-

338 2551 444 2607 bus
478 2561 563 2607 est
585 2550 964 2617 notissimum;
999 2550 1145 2620 quod
1171 2548 1391 2619 quidem
1418 2550 1578 2607 nobis
1602 2549 1911 2605 infelicissi-

340 2660 490 2699 mum
514 2653 642 2700 tunc
670 2645 833 2699 etiam
873 2643 1138 2712 temporis
1161 2643 1599 2698 Christianorum
1628 2651 1827 2699 statum
1856 2642 1911 2696 in

340 2736 539 2791 Arabia
584 2735 762 2791 Felice
790 2737 861 2790 ob
885 2736 1075 2791 oculos
1116 2734 1288 2806 ponit.
1337 2733 1537 2791 Verum
1581 2736 1628 2790 si
1663 2734 1910 2808 Moyuius

339 2827 457 2884 hac
493 2826 681 2883 sedulo
706 2826 1194 2892 animadvertisset,
1222 2834 1512 2896 antequam
1540 2841 1735 2882 novam
1763 2825 1910 2881 illam

342 2919 409 2975 de
468 2918 529 2975 S.
594 2918 865 2991 Hippolyti
927 2918 1056 2974 sede
1110 2919 1455 2989 exposuisset
1517 2918 1910 2987 conjecturam,

342 3011 612 3078 eamdem,
658 3019 848 3066 nostro
900 3010 1118 3080 quidem
1163 3009 1395 3080 judicio,
1452 3024 1733 3079 nunquam
1782 3023 1911 3079 pro~

344 3102 556 3170 basset;
604 3101 858 3172 superius
881 3102 1026 3156 enim
1055 3109 1338 3157 ostensum
1372 3112 1455 3157 εει
1478 3100 1802 3156 Christiana
1824 3116 1913 3154 re-

342 3195 563 3266 ligionis
617 3194 771 3248 initia
824 3193 968 3263 apud
1015 3192 1366 3261 Homaritas,
1418 3194 1521 3249 etsi
1564 3209 1596 3248 a
1653 3192 1710 3248 S.
1766 3193 1913 3248 Tho-
1943 3227 1984 3282 ο

347 3302 433 3341 ma
458 3286 631 3357 repeti
659 3286 1061 3357 quodammodo
1086 3287 1319 3357 possint,
1345 3302 1508 3358 quem
1548 3286 1693 3342 ludis
1714 3287 1915 3343 Christi

346 3375 698 3448 Evangelium
727 3377 1082 3432 annuntiaSse
1109 3377 1311 3433 scimus
1351 3378 1464 3449 (5),
1497 3378 1797 3433 maximum
1832 3388 1914 3433 ta-

347 3482 472 3523 men
523 3466 650 3522 ﬁdei
699 3469 1099 3524 incrementum
1146 3477 1202 3524 et
1256 3483 1454 3524 novam
1496 3468 1916 3524 Homaritarum

346 3558 785 3623 conversionem,
835 3559 883 3613 si
931 3557 1294 3629 Pbilostorgio
1337 3558 1492 3624 ﬁdes,
1542 3560 1752 3630 integro
1796 3566 1920 3629 post

349 3648 408 3705 S.
448 3649 804 3722 Hippolytum
861 3652 1096 3718 saeculo,
1152 3652 1418 3708 accidisse
1465 3667 1629 3707 nemo
1678 3653 1915 3723 negabit.

347 3738 600 3810 Episcopi
632 3756 763 3796 vero
801 3741 937 3796 nulli
967 3741 1053 3797 his
1085 3742 1426 3811 temporibus
1468 3743 1613 3812 apud
1649 3741 1917 3798 Homari-

346 3838 433 3886 tas
465 3840 781 3899 occurrunt,
815 3833 916 3903 qui
944 3840 1126 3889 tamen
1168 3836 1525 3904 sequentibus
1567 3835 1785 3890 saeculis
1824 3848 1919 3888 ex-

346 3908 553 3980 stitisse
586 3934 996 3990 memorantur;
1023 3935 1084 3980 ut
1109 3925 1178 3981 de
1205 3925 1313 3982 illis
1337 3925 1605 3997 episcopis
1635 3926 1916 3991 sileamus,

347 4030 487 4086 quos
509 4025 795 4071 enumerat
815 4014 1212 4086 Metaphrastes
1237 4017 1291 4071 in
1314 4018 1463 4072 Actis
1480 4024 1794 4072 sanctorum
1817 4016 1918 4087 (6),

344 4101 508 4171 cujus
551 4109 735 4159 tamen
776 4103 909 4161 ﬁdes
955 4104 1098 4175 apud
1150 4105 1394 4162 eruditos
1430 4120 1775 4177 summopere
1815 4107 1918 4162 du-

343 4193 439 4251 bia
468 4203 575 4251 est.

345 4349 703 4423 Emporiogad
733 4352 934 4406 ostium
991 4352 1159 4408 maris
1210 4351 1437 4423 Persici,
1497 4352 1919 4423 quaillormuz

345 4420 519 4476 fuisse
541 4420 849 4496 v_idettir,_et
877 4432 1130 4496 quartum
1151 4424 1205 4496 in
1223 4422 1437 4496 Nagran
1463 4420 1614 4496 urbe.
1634 4422 1919 4496 Legendus

344 4504 491 4560 saepe
516 4492 736 4562 citatus
784 4492 1021 4562 Leqnien
1064 4492 1266 4548 Orient.
1305 4492 1628 4559 Christiano,
1662 4492 1817 4550 tom.
1851 4495 1915 4557 ll,

1121 414 1207 469 DE
1246 412 1637 471 PORTUENSI
1678 414 1734 469 S.
1776 411 2141 467 HIPPOLYTI
2181 410 2372 466 SEDE.
2409 442 2478 451 —
2515 409 2696 465 PARS
2729 408 2793 464 ll.

336 539 516 596 monia
548 541 700 609 parvi
732 537 940 594 faciunt
978 539 1159 609 magni
1188 538 1316 592 viri.
1370 537 1670 608 Procopius
1700 536 1774 606 (5)
1814 551 1906 589 ve-
1933 538 1980 593 Α
2006 531 2146 585 XXI.
2185 532 2374 609 [larius
2405 531 2672 585 Romanus
2696 540 2746 584 et
2779 527 3087 609 Emporium
3118 528 3409 609 Romanum
3438 534 3576 586 inter
3672 524 3675 527 ’

3468 417 3574 470 592

2076 619 2129 655 se
2179 602 2545 671 distinguunt,
2606 600 2844 670 quamvis
2900 615 2994 668 pro
3049 616 3152 653 uno
3206 602 3484 671 eodemque
3542 621 3573 655 a

2078 671 2291 741 Moym'o
2321 673 2669 740 accipiantur.

2075 809 2233 864 Aliud
2271 818 2438 864 restat
2481 807 2739 879 Stephani
2772 808 2823 863 le
2853 807 3046 880 Moyne
3088 807 3164 881 (7)
3195 815 3574 880 argumentum

2005 915 2071 954 ex
2102 900 2288 954 eodem
2334 898 2698 970 Philostorgio
2742 900 3054 963 deductum,
3082 916 3146 954 ex
3178 917 3288 971 quo
3329 917 3438 956 non
3464 918 3577 956 nie-

2003 989 2205 1046 diocris
2239 990 2512 1061 opinionis
2535 1006 2645 1045 sua
2677 991 2759 1046 vis
2790 992 3005 1060 pendet.
3043 991 3242 1046 Scribit
3272 991 3575 1048 Philostor-

2005 1085 2125 1154 gius
2173 1099 2336 1138 unam
2383 1099 2449 1138 ex
2496 1081 2915 1137 Homaritarum
2964 1084 3194 1137 urbibus
3247 1083 3299 1136 in
3354 1083 3575 1153 regione

2003 1176 2227 1230 Adanen
2263 1174 2455 1241 sitam,
2500 1172 2869 1228 Romanorum
2912 1173 3225 1244 Emporium
3275 1174 3573 1229 exstitisse.

2005 1265 2369 1333 Quamobrem
2412 1265 2470 1319 S.
2507 1263 2849 1335 Hippolytum
2897 1265 3124 1333 hujusce
3157 1263 3310 1318 urbis
3333 1306 3346 1329 ,
3384 1264 3436 1317 in
3467 1279 3575 1333 qua

2005 1358 2319 1429 Emporium
2347 1356 2652 1411 Romanum
2684 1356 2805 1423 fuit,
2830 1357 3143 1436 episcopum
3168 1372 3289 1411 esse
3309 1356 3575 1425 potuisse,

2004 1457 2059 1505 et
2076 1464 2266 1504 omnes
2290 1447 2506 1503 Gracos
2534 1448 2846 1519 scriptores,
2865 1448 2957 1518 qui
2986 1448 3234 1507 eumdem
3262 1448 3576 1517 episcopum

2005 1541 2203 1596 Portus
2232 1539 2464 1594 Romani
2497 1537 2665 1594 fuisse
2701 1542 3056 1610 scripserunt,
3092 1555 3216 1593 cum
3253 1538 3308 1592 S.
3337 1537 3575 1601 Gelasio,

2006 1632 2100 1702 qui
2134 1632 2419 1686 Arabieam
2465 1630 2541 1684 illi
2589 1630 2771 1686 sedem
2809 1631 3016 1695 tribuit,
3062 1630 3164 1684 hoc
3209 1639 3367 1699 pacto
3391 1628 3577 1683 conci-

2006 1723 2140 1777 liare
2186 1736 2346 1791 posse
2384 1719 2630 1792 Moynius
2667 1720 2768 1776 sibi
2807 1720 3114 1791 persuadet.
3155 1719 3379 1786 Verum,
3425 1728 3579 1773 ante-

2008 1829 2173 1884 quam
2203 1814 2286 1867 vir
2319 1813 2562 1867 eruditus
2602 1812 2744 1867 hanc
2796 1821 3039 1865 veterum
3083 1810 3409 1880 scriptorum
3437 1812 3577 1864 inter

2010 1920 2071 1959 se
2100 1903 2456 1976 pugnantium
2507 1903 2669 1957 iniret
2712 1902 3082 1966 concordiam,
3129 1901 3312 1955 lectori
3348 1916 3578 1970 persua-

2009 1994 2138 2049 dere
2167 1994 2471 2064 Oportebat,
2502 1993 2646 2047 inter
2671 1993 2771 2048 has
2794 2008 2983 2058 voces,
3009 1991 3202 2045 Portus
3229 1991 3496 2045 Romanus
3525 2001 3580 2045 et

2013 2083 2322 2153 Emporium
2369 2082 2703 2147 Romanum,
2746 2083 2883 2136 nihil
2924 2083 3203 2137 interesse.
3247 2081 3414 2136 Nobis
3449 2095 3580 2136 vero

2009 2175 2488 2245 persuasissimum
2532 2183 2644 2238 est,
2699 2174 3011 2229 earumdem
3062 2189 3257 2228 vocum
3306 2173 3579 2244 disparem

2012 2268 2237 2323 omnino
2286 2283 2407 2323 esse
2462 2267 2760 2332 ratiOnem;
2811 2274 3022 2337 veteres
3088 2268 3234 2321 enim
3285 2267 3581 2337 scriptores

2011 2366 2227 2428 portum
2275 2356 2607 2424 Romanum,
2639 2358 2705 2412 de
2744 2372 2854 2426 quo
2888 2357 2978 2410 hic
3008 2371 3190 2412 sermo
3233 2366 3337 2421 est,
3370 2357 3578 2410 nullum

2013 2448 2211 2521 praeter
2236 2447 2561 2514 Ostiensem,
2585 2464 2617 2503 a
2647 2446 2874 2501 Claudio
2915 2456 3276 2513 exstructum,
3301 2447 3578 2502 exstitisse

2011 2540 2212 2596 diserte
2262 2548 2562 2604 testantur;
2610 2539 2852 2608 emporia
2888 2553 3018 2592 vero
3060 2536 3432 2595 Romanorum
3456 2525 3579 2614 plu-

2013 2632 2150 2687 rima
2186 2631 2240 2686 in
2285 2631 2417 2686 orbe
2462 2630 2728 2695 Romano,
2777 2640 2832 2683 et
2864 2630 3003 2700 apud
3039 2630 3299 2685 barbaras
3332 2633 3582 2691 nationes

2013 2732 2168 2779 extra
2201 2722 2413 2793 imperii
2444 2721 2673 2776 Romani
2722 2721 2918 2776 limites
2968 2722 3103 2775 sitas
3135 2732 3443 2778 memorant
3484 2740 3580 2782 ve-

2014 2824 2156 2869 teres
2202 2813 2515 2886 geographi.
2545 2810 2741 2867 Portus
2790 2811 2973 2881 itaque
3017 2808 3295 2864 Romanus
3326 2814 3484 2869 toties
3513 2816 3582 2869 ab

2015 2890 2254 2976 antiquis
2283 2905 2645 2975 scriptoribus
2675 2910 3027 2967 memoratus,
3052 2902 3463 2959 celeberrimum
3493 2921 3584 2959 ur-

2015 2996 2099 3051 bis
2128 2994 2317 3051 Roma
2360 2996 2552 3050 navale
2600 3010 2630 3049 a
2672 2993 2884 3049 Nerone
2932 2996 3291 3051 instauratum
3330 2995 3581 3060 denotat,

2016 3088 2160 3158 quod
2194 3087 2411 3158 ipsimet
2459 3085 2630 3141 Graci
2677 3084 2869 3140 Latina
2901 3102 3034 3142 voce
3080 3086 3287 3158 Πόρτου
3332 3086 3585 3158 designa-

2016 3186 2165 3243 runt,
2191 3187 2251 3233 ut
2289 3179 2423 3232 Acta
2463 3178 2696 3248 genuina
2728 3175 2785 3231 S.
2813 3176 3002 3246 lgnatii
3040 3179 3139 3249 (8),
3167 3177 3472 3248 Syneellus,
3517 3182 3587 3234 ti-

2020 3271 2165 3325 tulus
2221 3266 2423 3325 codicis
2478 3269 3099 3338 Constantinopolitani,
3170 3284 3332 3338 quem
3400 3269 3586 3326 laudat

2018 3360 2344 3416 Anastasius
2383 3358 2806 3430 Apoerisiarius,
2846 3368 3035 3413 auctor
3073 3359 3321 3414 Chroniri
3350 3360 3586 3414 Alexan-

2017 3452 2183 3517 drini,
2215 3451 2478 3518 Zonaras,
2508 3451 2709 3523 aliique
2737 3449 2812 3520 (9)
2842 3450 2998 3506 nobis
3035 3453 3167 3506 satis
3198 3466 3467 3521 superque
3502 3452 3587 3505 iu~

2019 3544 2202 3600 dicare
2242 3542 2518 3597 videntur.
2564 3539 2678 3595 Imo
2737 3539 3035 3609 Procopius
3091 3556 3278 3598 vocem
3334 3541 3601 3598 Latinam;

2018 3634 2221 3691 Graecis
2263 3634 2458 3689 litteris
2501 3641 2781 3688 exaratam
2839 3633 3119 3699 describit,
3168 3644 3222 3689 ct
3273 3649 3341 3688 ne
3392 3633 3586 3702 Graeci,

2019 3723 2199 3781 Latini
2227 3726 2496 3781 sermonis
2524 3722 2709 3779 forsan
2750 3724 2946 3796 ignari,
2983 3727 3262 3795 prOprium
3305 3726 3467 3796 hujus
3493 3742 3590 3780 v0-

2018 3813 2099 3870 cis
2127 3828 2350 3869 sensum
2376 3812 2708 3884 ignorarent,
2735 3812 2851 3868 hac
2889 3814 3054 3868 verba
3101 3814 3338 3880 addidit,
3374 3816 3591 3888 λιμένος

2029 3901 2267 3976 Ῥώμης,
2291 3919 2415 3974 qua
2452 3912 2650 3959 sonant
2673 3902 2885 3972 Latine,
2915 3924 2933 3955 ι
2965 3903 3162 3960 Portus
3196 3905 3414 3974 Roma;
3447 3927 3466 3961 ι
3499 3908 3589 3963 τὴν

2018 3995 2234 4067 λιμένα,
2284 3995 2343 4049 ὃν
2393 3993 2457 4066 δὴ
2502 3995 2710 4066 Πόρτον
2748 3996 3004 4067 Ῥωμαῖοι
3037 3997 3277 4062 καλοῦσι,
3325 4018 3345 4051 ί
3377 4002 3588 4067 navale,

2019 4089 2167 4158 quod
2219 4086 2450 4142 Romani
2493 4086 2715 4142 Portum
2761 4088 3035 4157 appellant
3080 4088 3214 4160 (10).
3259 4110 3279 4143 i
3323 4090 3380 4146 in
3430 4095 3591 4147 titulo

2022 4178 2225 4235 codicis
2285 4178 2582 4248 supradicti
2651 4176 3236 4250 Constantinopolitani
3293 4182 3600 4249 éﬂid’xomg

2020 4355 2438 4412 Bomaritarum
2465 4354 2671 4425 regioni
2703 4354 2876 4410 Indice
2908 4370 3107 4412 nomen
3142 4358 3332 4415 tribuit
3351 4359 3592 4422 Joannes

2020 4428 2162 4497 Asia
2189 4425 2244 4479 in
2275 4425 2519 4497 Historia
2569 4427 2711 4494 apud
2757 4425 3484 4497 Dionysiuni‘patriareliam
3534 4435 3590 4489 in

2023 4496 2302 4561 Chronico,
2331 4495 2508 4565 icujus
2551 4505 2803 4565 excerpta
2848 4495 3016 4551 edidit
3061 4495 3174 4565 ipse
3217 4499 3594 4560 Asseniannus

342 4559 471 4631 pag.
497 4559 653 4640 _66_2,
676 4559 957 4640 inqua—de
983 4560 1223 4640 Ecclesia
1263 4562 1681 4619 Homaritarum
1710 4578 1920 4640 ser_mo-
1950 4560 1993 4615 D
2021 4559 2588 4640 Βὶὁιὶοψζονίἑηιαι..
2612 4559 2744 4640 ιριηῖ
2783 4564 2825 4632 Ι,
2868 4581 2989 4640 pag.
3022 4559 3158 4632 559,
3192 4571 3282 4640 ubi
3330 4572 3385 4626 in
3422 4559 3595 4640 notis,

344 4629 472 4703 iiem
497 4629 680 4703 h_abet,
708 4638 763 4685 et
784 4629 936 4703 illius
960 4632 1247 4702 episcopos
1265 4643 1539 4700 recenset;
1567 4650 1759 4703 nempe
1783 4632 1920 4688 Pau-

342 4697 1210 4774 lum,Joannemrcregentium,
1251 4714 1381 4772 etc.,
1414 4705 1481 4760 de
1509 4697 1713 4774 quibus
1746 4705 1918 4759 multa

342 4770 583 4855 erudite.
591 4771 874 4855 disseruit.
934 4770 972 4855 ξ
1085 4842 1099 4855 υ
1210 4843 1226 4855 _
1367 4770 1411 4854 ⁷.

421 4841 500 4963 (1.5)
541 4839 676 4895 Vide
726 4843 889 4895 etiam
931 4840 1169 4911 Lequien
1210 4843 1317 4898 loc.
1364 4844 1483 4909 cit.,
1512 4852 1647 4899 tom.
1693 4843 1758 4926 ll,
1793 4860 1916 4916 pag.

345 4909 477 4991 (ξδ’,
522 4910 1022 4991 βιιΑεεθιηθηΔῐξιιιῐι
1069 4922 1204 4991 tom.
1252 4912 1342 4991 ill,
1401 4923 1542 4991 part.
1583 4930 1631 4991 _i_i
1662 4914 1917 4991 Biblioili.

347 4978 640 5060 Oriental.,
667 4996 813 5061 _pag.
865 4981 1004 5047 602,
1052 4983 1270 5038 dissert.
1299 4978 1366 5039 de
1399 4978 1551 5055 Syris
1583 4983 1921 5040 Nestorianis

348 5059 606 5119 superius
635 5059 782 5105 citat.

420 5118 499 5190 (4)
540 5119 765 5176 Dissert.
789 5120 883 5176 cit.
911 5120 978 5176 de
994 5120 1148 5194 Syris
1171 5120 1531 5188 Ncstorianis,
1550 5138 1670 5193 cap.
1700 5121 1788 5191 10,
1819 5122 1918 5196 εἴ»,

386 5205 474 5245 ειη.
506 5189 605 5244 591
636 5198 690 5243 et
712 5206 865 5245 seua.

346 5204 946 5381 Νξέῥιῗέεὲιῗιῗξᾳίιπ
968 5261 1035 5317 de
1069 5276 1127 5316 re
1146 5261 1287 5316 idem
1317 5261 1693 5319 Assemannus
1719 5274 1854 5320 tom.
1880 5262 1923 5317 ll

349 5327 419 5384 Bi
456 5329 608 5383 liotit.
663 5328 944 5386 0riental..
994 5347 1118 5386 nati.
1181 5332 1306 5386 587.
1356 5333 1448 5386 ubi
1501 5336 1825 5386 patriarcha
1870 5343 1923 5386 et

352 5338 608 5384 Biblioth.
663 5338 944 5397 Oriental.,
994 5347 1118 5402 pag.
1181 5338 1306 5398 587,
1356 5338 1448 5387 ubi
1501 5338 1825 5400 patriarcha
1870 5343 1926 5389 et

352 5400 620 5480 primates
646 5398 887 5480 Orientis
916 5417 983 5455 ex
1014 5400 1271 5480 (ἄξι’οηὶεο
1304 5401 1547 5480 Gregorii
1584 5402 1923 5480 Bar-Hebrai

352 5469 757 5551 describuntur.
793 5469 857 5553 In.
880 5485 951 5553 eo
974 5489 994 5521 ε
1034 5469 1301 5553 Thomam
1340 5469 1578 5553 Orientis
1616 5474 1922 5553 apostolum

356 5575 375 5592 .
416 5576 436 5593 .
475 5576 492 5592 .
534 5540 589 5592 in
622 5550 805 5594 vastas
837 5539 1110 5595 ludiarum
1157 5543 1406 5612 regiones
1451 5539 1774 5612 profect—um,
1819 5544 1925 5598 Ca—

354 5608 572 5689 lamina
614 5611 934 5690 martyrium
975 5626 1387 5690 consummasse
1423 5632 1443 5664 ›
1485 5614 1736 5690 legimus.
1762 5612 1927 5690 ludia

356 5680 707 5752 nomine,_“ut
733 5680 945 5749 egregie
986 5681 1172 5752 d_ocuit
1198 5680 1480 5737 Gisbertus
1507 5680 1783 5752 Cuperus,
1819 5682 1927 5738 Ob.

354 5757 549 5824 servat.
595 5748 823 5824 lib.__rv,_
856 5748 976 5824 cap.
1012 5749 1076 5824 '_l,
1114 5766 1234 5824 pag.
1258 5752 1411 5824 ‘Ml,
1454 5748 1678 5807 veniunt
1721 5748 1925 5824 Libyn,

354 5816 647 5891 A'lgyptus,
676 5816 975 5888 EthiOpia,
1003 5816 1222 5886 Arabia,
1253 5816 1566 5892 Palaestina;
1612 5816 1846 5893 ideoque
1873 5816 1929 5877 et

675 5914 949 5974 PATROL.
982 5913 1099 5975 Gn.
1138 5916 1220 5977 Χ.

2019 4651 2173 4691 num.
2203 4637 2257 4702 1,
2280 4636 2531 4690 observat
2557 4632 2814 4689 Indorum
2842 4632 3079 4702 nomine,
3109 4653 3217 4692 non
3246 4638 3404 4696 ludos
3431 4632 3594 4697 modo

2018 4706 2240 4777 proprie
2285 4706 2460 4782 dictos
2504 4704 2701 4782 fuisse,
2735 4705 2828 4774 qui
2871 4706 3010 4760 citra
3053 4708 3136 4782 vel
3179 4710 3319 4764 ultra
3351 4711 3592 4782 Gangem

2020 4773 2169 4839 sunt,
2218 4775 2315 4830 sed
2343 4776 2505 4829 etiam
2554 4773 2839 4844 Aﬂthiopes
2870 4783 3034 4843 atque
3066 4774 3389 4836 Homaritas
3435 4773 3596 4838 intel-

2022 4845 2135 4916 ligi,
2179 4854 2238 4900 ut
2268 4846 2439 4914 liquet
2479 4860 2553 4916 ex_
2592 4843 3274 4916 StephanoDeﬂurbibus,
3318 4860 3372 4905 et
3416 4850 3596 4908 Theu-

2020 4913 2483 4991 pﬁane___adaun.
2521 4913 2932 4991 incarnationis
2959 4915 3089 4991 565,
3119 4926 3173 4971 et
3200 4913 3268 4973 ei
3306 4918 3598 4991 Theophy-

2022 4981 2165 5039 iacto
2196 4985 2292 5040 lib.
2316 5000 2402 5059 tu,
2429 4999 2480 5038 c.
2517 4983 2570 5038 9.
2608 4982 2738 5038 Vide
2767 4983 2991 5055 Pagium
3024 4988 3091 5039 ad
3141 5003 3271 5041 ann.
3312 4981 3593 5059 327,323,

2022 5055 2118 5110 571
2156 5066 2209 5109 et
2238 5054 2364 5109 572.

2156 5066 2209 5109 et
2238 5066 2364 5109 5⁷12.

2096 5127 2174 5193 (6)
2210 5123 2347 5178 Vide
2387 5124 2787 5178 Asscmannum
2834 5133 2966 5179 tom.
3010 5123 3033 5177 1
3072 5124 3327 5193 Bibliotli.
3361 5118 3621 5193 Orient,

2021 5209 2144 5264 pag.
2181 5193 2286 5264 582
2311 5203 2366 5247 et
2391 5208 2543 5263 seqq.

2097 5262 2173 5344 (7)
2203 5262 2344 5344 ‘Vide
2372 5262 2643 5344 ptag’..102,
2669 5271 2784 5344 no_t.
2805 5264 2861 5344 ᾗ,
2899 5264 3062 5343 hujus
3102 5265 3358 5344 secunda
3387 5267 3593 5321 disscr.

2025 5334 2249 5387 tationis
2281 5336 2470 5403 partis,
2503 5334 2555 5387 in
2589 5349 2695 5402 qua
2730 5335 2778 5388 le
2804 5334 2983 5403 Moyui
3016 5336 3177 5388 verba
3205 5337 3510 5392 retulimus.

2097 5404 2172 5473 (8)
2199 5401 2350 5473 Apud
2394 5401 2668 5464 Ruinart.,
2707 5406 2825 5457 Act.
2861 5401 3155 5472 martyrum
3184 5406 3392 5459 sincera
3422 5420 3469 5462 et
3510 5426 3593 5462 sc-

2025 5473 2179 5537 lecta,
2206 5488 2333 5543 pag.
2365 5474 2452 5538 18,
2491 5489 2643 5526 num.
2672 5474 2724 5527 5.

2098 5488 2179 5537 lla,
2204 5488 2333 5596 frag.
2365 5488 2452 5538 us,
2491 5489 2643 5526 num.
2672 5488 2724 5527 ἱ).

2098 5544 2173 5614 (9)
2228 5541 2411 5617 lorum
2456 5545 2619 5596 verba
2662 5542 2989 5617 relata_sunt
3040 5540 3096 5595 iii
3146 5544 3318 5611 prima
3367 5545 3598 5617 hujusce
3671 5566 3680 5575 ’

2025 5612 2428 5669 dissertationis
2464 5621 2635 5682 parte,
2669 5627 2799 5682 pag.
2828 5612 2894 5663 70
2921 5621 2974 5665 et
3001 5627 3153 5682 seqq.

2099 5685 2209 5754 (ιυ)
2244 5683 2317 5735 De
2339 5680 2718 5754 bellojipthice
2749 5681 2842 5754 lib.
2888 5680 3192 5754 i,Ae_ap._‘26,
3219 5699 3340 5754 pag.
3368 5684 3438 5739 48
3462 5687 3590 5739 edit.

2029 5750 2247 5807 Veneta
2272 5753 2400 5822 anni
2434 5750 2594 5822 1729,
2622 5750 2714 5803 ubi
2752 5750 3015 5802 describit
3058 5750 3252 5808 Portus
3284 5750 3595 5822 occupatio-

2030 5839 2154 5878 nem
2196 5840 2227 5876 a
2260 5820 2429 5891 Vitige
2472 5820 2692 5883 factam,
2731 5827 2783 5873 et
2810 5831 2935 5885 pest
2972 5823 3215 5888 recitata,
3245 5839 3366 5891 quae
3396 5820 3450 5877 ii.
3482 5827 3595 5875 uis.

3233 5919 3309 5976 17
