4074 6392
337 400 433 455 5‘29

1138 394 1223 452 DE
1256 394 1647 453 POHTUENSI
1686 395 1743 450 S.
1786 391 2149 450 HlPPOLYTl
2190 390 2384 447 SEDE.
2422 420 2491 431 —
2530 387 2710 443 PARS
2748 387 2808 443 ll.

3475 386 3583 440 550

339 518 510 583 ﬁcem,
560 525 617 572 et
662 516 719 571 S.
758 516 1024 588 Hippolyti
1071 518 1308 587 episcopi
1352 528 1406 573 et
1450 520 1704 590 martyris
1749 530 1899 589 gesta
1932 526 1974 579 Λ
2002 516 2303 585 portionem
2345 514 2513 567 fuisse
2557 513 2695 565 inter
2726 509 3012 581 Egyptum
3043 516 3095 561 et
3136 506 3332 577 Nigra:
3382 519 3579 561 montes
3619 548 3626 561 .

337 609 569 664 breviter
614 625 862 672 narrans,
899 609 1056 664 refert
1095 609 1150 663 S.
1190 608 1557 680 Hippolytum,
1612 619 1902 681 postquam

339 701 552 771 triginta
590 699 983 755 Saracenorum
1037 701 1205 755 millia
1252 690 1319 755 ad
1370 700 1647 755 Christum
1677 715 1907 754 conver-

339 791 507 856 tisset,
542 799 597 845 et
628 788 688 843 Β.
731 788 999 859 Pelagiana
1038 806 1102 845 ex
1139 790 1491 860 lupanaribus
1540 791 1604 844 ad
1654 789 1908 844 Ecclesiae

337 882 634 938 castitatem
690 890 1016 945 revocasset,
1055 894 1107 936 et
1145 894 1454 937 sanctarum
1506 881 1903 950 expositionum

336 972 501 1028 libros
550 973 851 1027 luculenter
890 973 1258 1043 explicuisset,
1287 975 1502 1027 tandem
1534 974 1904 1042 episcopatum

335 1064 399 1119 de
423 1061 774 1118 Antiochenis
812 1061 1076 1130 partibus,
1108 1063 1250 1116 unde
1291 1070 1405 1116 erat
1437 1060 1721 1126 oriundus,
1752 1062 1906 1115 dese-

334 1155 528 1217 ruisse,
558 1161 612 1207 et
640 1167 764 1207 cum
797 1150 1022 1205 Romam
1061 1166 1120 1206 se
1148 1152 1488 1218 contulisset,
1518 1152 1571 1205 in
1602 1150 1765 1206 Portu
1800 1151 1906 1205 Ro-

334 1261 495 1301 mano
547 1246 867 1317 martyrium
913 1261 1337 1300 consummasse.
1386 1244 1585 1301 Verum
1656 1244 1906 1316 Moynius

334 1338 465 1407 ipse,
499 1338 591 1407 qui
642 1337 1051 1406 antiquissimos
1102 1337 1395 1407 scriptores
1422 1336 1727 1402 Leontium,
1760 1336 1904 1391 Ana-

331 1431 580 1496 stasium,
632 1429 960 1485 Germanum
1005 1428 1688 1499 Constantinopolitanum,
1736 1430 1903 1485 alios-

329 1539 450 1591 que,
482 1521 577 1590 qui
610 1520 667 1576 S.
701 1519 1045 1591 Hippolytum
1093 1519 1290 1575 Portus
1322 1519 1554 1574 Romani
1587 1520 1901 1589 episcopum

328 1614 697 1680 crediderunt,
745 1614 894 1668 nulla
935 1613 1037 1667 tide
1068 1612 1260 1682 dignos
1286 1618 1489 1673 censet.
1521 1626 1587 1665 eo
1618 1612 1758 1680 quod
1797 1609 1904 1664 Eu-

328 1706 511 1760 sebius
537 1714 592 1760 et
623 1704 680 1760 S.
717 1703 1078 1775 Hieronymus
1117 1703 1235 1772 ejus
1280 1703 1462 1757 sedem
1510 1702 1900 1772 ignoraverint,

327 1810 542 1851 summa
592 1796 811 1866 quidem
852 1794 1046 1865 injuria
1083 1810 1229 1848 nunc
1277 1794 1434 1849 nobis
1483 1793 1670 1863 objicit
1699 1794 1802 1848 hoc
1839 1793 1896 1847 S.

2010 607 2211 662 scribat
2234 603 2499 659 Cellarius
2526 602 2671 675 (28);
2717 609 2770 655 ct
2812 598 3014 654 Plinius
3046 597 3181 669 (29),
3211 598 3371 667 cujus
3399 606 3585 653 tanton

2008 706 2321 755 contextum
2376 696 2483 750 hoc
2534 695 2654 750 loco
2686 693 3040 763 drpravatum
3086 691 3439 760 suspicantur
3479 692 3580 746 viri

2006 789 2327 855 doctissimi,
2380 788 2684 843 Saracenos
2729 787 2870 840 inter
2923 785 3060 840 alios
3086 783 3305 857 Arabiae
3352 784 3591 855 populos

2005 892 2304 948 recenseat,
2335 890 2389 938 et
2440 881 2578 935 nihil
2627 880 2694 934 de
2730 892 2919 932 eorum
2953 891 3190 932 numero
3212 886 3308 932 aut
3333 876 3581 931 moribus

2005 976 2186 1031 addat.
2214 973 2409 1027 Verum
2436 970 2739 1026 Saracenos
2764 980 2820 1024 γ’
2848 968 3047 1025 saeculo
3069 967 3307 1034 primum
3338 967 3435 1022 toti
3461 967 3579 1023 orbi

2006 1064 2311 1119 innotuisse
2371 1060 2616 1115 scribunt
2666 1057 2950 1122 nonnulli,
3002 1057 3130 1113 dum
3187 1056 3399 1127 patrios
3446 1056 3593 1113 ﬁnes

2005 1155 2394 1228 praetergressi,
2424 1150 2797 1223 populabundi
2845 1151 2899 1205 in
2950 1149 3293 1205 Palaestinam
3330 1148 3432 1204 hoc
3466 1163 3587 1203 aevo

2006 1264 2065 1303 se
2099 1246 2466 1310 contulerunt,
2499 1245 2657 1312 cujus
2704 1242 2924 1313 regione
2968 1240 3254 1311 tyrannide
3291 1248 3578 1308 occupata,

2003 1334 2198 1395 exinde
2240 1349 2430 1390 eorum
2475 1332 2716 1400 potentia
2766 1331 2833 1385 ab
2878 1330 3092 1400 exiguis
3134 1327 3375 1399 profecta
3411 1328 3581 1383 initiis

2005 1429 2140 1484 adeo
2172 1428 2363 1489 crevit,
2395 1437 2456 1482 ut
2483 1410 2546 1480 in.
2577 1425 2728 1489 Asia,
2761 1422 2966 1489 Africa,
2997 1421 3215 1491 Europa
3256 1422 3412 1491 longe
3449 1421 3581 1475 late-

2002 1536 2110 1592 que
2133 1519 2397 1575 dotninati
2426 1518 2552 1574 sint.
2590 1516 2727 1570 Hinc
2756 1515 2934 1570 evenit
2960 1522 3018 1569 ut
3046 1513 3451 1583 Saracenorum
3482 1527 3581 1565 no-

2003 1614 2148 1668 mine
2177 1611 2446 1683 posterior
2488 1619 2623 1666 aetas
2663 1621 3021 1679 quoscunque
3072 1604 3323 1660 Scenitas
3350 1604 3580 1670 Arabes,

2002 1713 2056 1759 et
2100 1703 2414 1772 ubicunque
2462 1701 2692 1771 positos,
2723 1696 3121 1769 designaverit;
3175 1696 3404 1766 ideoque
3449 1694 3580 1748 Am-

2003 1794 2218 1848 mianus
2264 1792 2610 1848 Marcellinus
2658 1791 2754 1845 lib.
2794 1805 2885 1844 xxv
2924 1788 3133 1855 scribit,
3180 1787 3581 1844 Saracenorum

325 1885 469 1941 Petri
529 1885 779 1940 Damiani
829 1886 1225 1952 testimonium,
1253 1884 1348 1955 qui
1385 1883 1674 1940 undecimo
1702 1884 1903 1939 saeculo
1938 1891 1979 1945 Β
2005 1890 2219 1954 gentem
2264 1882 2334 1937 ab
2361 1881 2601 1953 Assyriis
2624 1879 2838 1934 initium
2872 1892 3089 1947 capere,
3111 1886 3164 1932 et
3191 1878 3257 1932 ad
3295 1875 3399 1931 Nili
3430 1886 3583 1932 cata-

324 1979 473 2043 vixit,
521 1977 577 2031 in
616 1991 726 2047 quo
759 1977 1108 2046 antiquarum
1140 1992 1324 2032 rerum
1372 1977 1564 2031 notitia
1616 1977 1758 2046 apud
1801 1990 1902 2030 no-

320 2075 523 2124 s‘rates
553 2067 769 2137 penitus
821 2066 931 2122 fere
971 2068 1208 2138 collapsa
1252 2077 1404 2132 erat;
1437 2068 1734 2136 praesertim
1774 2083 1900 2123 cum

323 2160 432 2229 ipse
460 2158 524 2216 S.
562 2157 856 2214 Damianns
882 2175 989 2213 non
1022 2159 1198 2214 solum
1230 2159 1284 2212 in
1320 2159 1442 2223 hac,
1470 2174 1635 2228 quam
1669 2159 1900 2215 instituit

322 2250 386 2305 de
421 2248 480 2303 S.
518 2247 791 2319 Hippolyti
842 2249 1010 2319 gestis
1056 2249 1390 2313 narratione,
1420 2263 1526 2317 qua
1556 2248 1614 2304 S.
1645 2248 1902 2320 Hippoly-

323 2350 431 2397 tum
472 2350 727 2397 nostrum
762 2356 886 2397 cum
912 2340 1108 2395 Nonno
1138 2340 1416 2396 Edesseno
1440 2356 1722 2412 perperam
1766 2356 1898 2396 con-

322 2431 474 2498 fudit,
509 2441 569 2488 ut
594 2432 844 2505 Moynius
880 2435 994 2504 ipse
1040 2432 1243 2488 fatetur
1277 2432 1412 2503 (25),
1446 2434 1538 2489 sed
1571 2433 1626 2488 in
1661 2434 1782 2489 aliis
1811 2450 1897 2488 re-

320 2524 439 2591 bus,
474 2525 754 2595 praecipue
784 2526 838 2580 in
862 2526 1182 2583 enarrandis
1212 2525 1270 2581 S.
1294 2525 1437 2581 Petri
1470 2524 1682 2582 Urseoli
1713 2528 1897 2598 gestis,

320 2617 409 2686 qui
437 2617 691 2686 quinque
739 2626 794 2673 et
840 2618 910 2672 50
941 2633 1121 2674 annos
1163 2627 1288 2673 ante
1317 2619 1494 2689 ipsum
1525 2618 1727 2684 ﬂoruit,
1759 2633 1901 2688 Saepe

318 2709 523 2780 aliquid
556 2710 778 2764 humani
810 2724 1004 2779 passus
1034 2711 1125 2776 sit,
1163 2720 1221 2765 ut
1248 2711 1626 2781 patentissime
1659 2711 1900 2766 ostendit

317 2802 518 2858 citatus
567 2801 758 2857 Justus
806 2802 1144 2859 Foutaninus
1171 2803 1304 2875 (26).
1336 2801 1732 2858 Saracenorum
1763 2817 1897 2858 con-

315 2895 649 2961 versionem,
676 2909 838 2962 quam
876 2890 934 2949 S.
965 2892 1253 2966 Hippolyto
1282 2902 1470 2949 nostro
1496 2894 1687 2949 tribuit
1718 2894 1775 2949 S.
1798 2894 1902 2948 Da-

317 2986 557 3051 mianus,
583 2993 644 3040 ut
668 2983 862 3042 Nonno
889 2985 1167 3043 Edesseno
1191 2985 1607 3056 adjudicandam
1631 3000 1752 3045 esse
1777 2999 1901 3040 cen-

317 3094 560 3147 seamus,
601 3081 746 3150 quod
772 3096 800 3134 a
829 3080 1040 3144 slmrac,
1076 3094 1182 3133 non
1214 3093 1245 3132 a
1270 3093 1424 3132 sarac
1451 3076 1742 3132 deductum
1777 3091 1901 3133 esse

316 3174 615 3228 arbitratur
645 3171 953 3241 Lequienus
993 3172 1127 3242 (27),
1168 3170 1439 3242 Hippolyti
1471 3185 1586 3225 aevo
1615 3170 1707 3224 vix
1736 3170 1896 3225 inno-

318 3265 485 3319 tuisse
534 3262 694 3318 nobis
740 3230 1552 3339 suademusalicerl’to'lomaei
1600 3268 1759 3316 aetate
1796 3230 1966 3332 τὴνο

315 3355 663 3428 Σαρακηνήν,
711 3352 991 3423 Saracena,
1025 3354 1391 3425 angustiorem
1433 3351 1652 3409 Petrae
1682 3352 1895 3408 Arabiae

315 3527 378 3600 de
404 3538 525 3584 erat
555 3528 839 3600 oriundus,
869 3525 1459 3600 abscessit,'Bomanos
1478 3529 1616 3585 ﬁnes
1646 3530 1891 3600 appetiit.

315 3598 564 3669 Cumque
595 3600 747 3652 beata
780 3598 958 3652 Aurea
1006 3599 1149 3667 apud
1180 3598 1388 3669 Ostiam
1432 3598 1731 3664 civitatem,
1759 3614 1895 3655 saxo

316 3668 627 3724 cerviCibus
674 3669 997 3751 alligato.”in
1032 3669 1259 3722 marinis
1286 3668 1539 3751 fluctibus
1571 3672 1892 3751 martyrium

316 3748 776 3810 consummasset,
815 3738 872 3791 Β.
906 3737 1132 3792 Nonnus
1159 3748 1405 3810 sanctum
1436 3741 1661 3794 cadaver
1688 3737 1775 3810 pia
1801 3741 1895 3794 de-

315 3811 533 3889 votione
568 3808 800 3889 collegit,
834 3817 888 3862 et
934 3825 1057 3861 cum
1093 3809 1241 3862 omni
1270 3810 1543 3889 diligentia
1587 3808 1888 3889 tumulavit.

315 3877 484 3945 Quem
519 3894 647 3932 mox
676 3878 815 3933 idem
844 3887 1175 3948 persecutor,
1208 3879 1300 3945 qui
1333 3877 1616 3933 dicebatur
1645 3877 1891 3948 Vulpius,

311 3949 464 4017 juxta
500 3948 717 4003 Tiberis
743 3951 953 4003 alveum
988 3948 1040 4001 in
1087 3946 1294 4003 foveant
1331 3950 1486 4017 aquis
1509 3950 1721 4019 plenam
1751 3946 1894 4003 iner-

316 4021 365 4087 gi
402 4020 680 4089 praecepit,
705 4019 1236 4089 cujuspostmodnnt
1273 4034 1490 4087 corpus,
1514 4028 1894 4073 consummato

317 4088 634 4158 triumphali
662 4088 943 4158 martyrio,
981 4089 1034 4141 in
1067 4088 1281 4158 civitate
1313 4104 1433 4157 qua:
1456 4090 1652 4143 Portus
1672 4090 1892 4152 dicitur,

315 4156 629 4214 Christiana
675 4156 891 4212 devotio
940 4157 1204 4227 sepelivit.
1250 4156 1400 4212 Illico
1426 4158 1609 4212 audita
1659 4167 1742 4212 est
1791 4174 1893 4211 Vox

315 4231 461 4283 velut
487 4227 778 4283 infantium
812 4240 906 4297 per
939 4244 1102 4281 uuam
1139 4226 1251 4281 fere
1268 4227 1469 4282 .boram
1501 4228 1889 4283 clamantium:

315 4297 423 4369 _Deo
457 4301 687 4369 gratias.
721 4298 823 4365 Qui
859 4313 988 4368 ergo
1013 4298 1172 4369 talem
1198 4297 1318 4350 vitae
1339 4299 1540 4352 meruit
1568 4298 1889 4362 clausulam,

315 4367 521 4438 liquido
574 4370 766 4437 patuit,
799 4367 941 4438 quia
971 4368 1341 4437 episcopatum
1391 4369 1671 4430 deserens,
1706 4383 1891 4422 coram

319 4435 428 4493 Deo
459 4435 829 4494 noniincurrit
859 4435 1140 4492 otTettsant.
1169 4456 1187 4488 ι
1407 4438 1418 4454 ⁸

382 4509 498 4580 (25)
545 4508 782 4563 Diatriha
818 4510 882 4563 de
909 4508 966 4561 S.
999 4507 1289 4580 Hippolyto
1320 4523 1372 4577 p.
1409 4506 1520 4580 3i:
1559 4525 1579 4558 ι
1607 4506 1710 4560 Sed
1737 4508 1890 4580 quod

315 4573 459 4634 addit
478 4573 603 4633 Pet:
621 4596 683 4633 us
708 4580 973 4642 Damiani,
998 4573 1338 4647 Hippolytum
1360 4579 1705 4648 pmnitentem
1732 4573 1889 4630 Ιίθιειη
1925 4573 1968 4626 D

316 4648 456 4719 giam
495 4652 853 4708 convertiSse.
886 4659 940 4719 et
973 4651 1181 4719 illamAa
1209 4648 1538 4717 turpissimis
1572 4648 1815 4719 moribus
1841 4655 1896 4719 et

316 4716 626 4787 prostitutis
678 4720 745 4773 ad
798 4718 1078 4773 meliorem
1112 4716 1322 4789 frugem
1365 4726 1420 4772 et
1458 4720 1622 4771 vitam
1651 4718 1895 4789 castissif

317 4804 458 4842 mam
494 4790 836 4859 perduxisse,
883 4790 971 4842 hic
1015 4788 1259 4859 temp_ora
1314 4788 1892 4859 congruedesidera-ri

315 4856 565 4928 possunt.
598 4857 735 4914 Nam
768 4859 1114 4929 Pelagiaisub
1141 4856 1447 4929 Theodosio
1462 4857 1690 4929 Juniore
1720 4856 1893 4927 pumi-

316 4939 433 4999 t_ens
474 4942 529 4984 et
576 4930 789 4985 reclusa
825 4928 956 4983 vixit
984 4928 1395 4999 Hierosolymis,
1428 4928 1593 4999 quod
1618 4928 1684 4999 ad
1715 4942 1890 4982 aevum

315 4994 588 5071 Hippolyti
628 5001 802 5068 aptari
834 5000 983 5071 nullo
1030 4998 1193 5071 modo
1229 4994 1423 5071 potest.
1446 4994 1520 5052 Et
1549 4998 1762 5071 videtur
1806 4999 1893 5052 hic

313 5064 799 5125 Petrus'Damiani
850 5067 1194 5140 Hippolytum
1229 5064 1496 5123 Nuntium
1543 5084 1666 5123 cum
1700 5066 1893 5123 Nonno

314 5141 572 5210 episcopo
616 5141 894 5195 Edesseno
930 5140 1262 5202 cont'udisse,
1296 5148 1361 5210 et
1396 5154 1564 5210 unum
1599 5155 1695 5208 pro
1723 5141 1893 5210 altero

316 5207 596 5266 habuisse.
629 5250 642 5264 .
673 5247 692 5266 .
739 5212 875 5263 adeo
918 5217 977 5263 ut
1023 5210 1279 5277 deceptus
1319 5209 1567 5263 videatur
1599 5207 1768 5263 fuisse
1794 5208 1893 5262 Pe-

317 5289 432 5334 trus
482 5279 753 5342 Damiani,
781 5280 874 5348 qui
900 5278 1191 5349 Hippolyto
1234 5277 1428 5333 Nonno
1457 5277 1740 5333 Portuensi
1775 5280 1891 5348 cpi-

317 5364 483 5427 scopo
512 5351 705 5405 tribuit
731 5351 1164 5405 emendationem
1216 5361 1272 5404 et
1312 5351 1684 5420 pmnitentiam
1740 5349 1892 5404 Pela-

335 5435 432 5475 ttae.
465 5439 484 5472 ι

314 5433 500 5559 6ιὶδέ)
547 5490 774 5546 Dissert.
803 5490 870 5546 de
918 5488 974 5544 S.
1012 5488 1173 5545 Petro
1220 5487 1470 5558 Urseolo,
1515 5505 1567 5547 c.
1598 5489 1655 5557 2,
1686 5505 1739 5559 p.
1776 5490 1810 5543 3
1839 5499 1892 5544 et

319 5573 468 5630 seqq.
502 5564 632 5616 edit.
664 5561 852 5616 Rontae
877 5563 1003 5614 anni
1042 5559 1199 5615 i750.

388 5628 501 5701 (27)
539 5632 595 5686 In
625 5633 768 5687 notis
797 5632 864 5687 ad
892 5632 1089 5685 librum
1123 5631 1180 5684 ὃ.
1217 5628 1444 5687 Joannis
1473 5631 1790 5686 Damasceni
1815 5630 1890 5686 De

315 5696 620 5768 hmi‘esi’bus,
649 5720 698 5758 c.
733 5703 788 5765 7,
842 5717 998 5773 num.
1038 5701 1156 5766 101,
1194 5712 1329 5773 pota
1357 5702 1414 5767 2,
1461 5719 1514 5773 p.
1548 5703 1670 5767 ΗΟ,
1704 5710 1836 5773 tom.
1871 5702 1889 5755 I

319 5773 552 5842 Uperum
582 5774 825 5842 ejusdem
853 5770 910 5825 S.
938 5769 1162 5825 Joannis
1191 5769 1507 5827 Damasceni
1532 5774 1709 5827 citata:
1728 5772 1885 5827 edin:

325 5857 343 5889 ι
374 5840 771 5899 Saracenbrunt
805 5858 999 5897 nomen
1031 5842 1321 5897 Arabicun’t
1355 5855 1473 5912 est,
1505 5860 1605 5898 non
1643 5861 1672 5895 α
1710 5858 1885 5908 δαηις,

2001 1983 2181 2029 ractas
2225 1975 2426 2044 porrigi
2460 1984 2514 2028 et
2541 1971 2776 2027 conﬁnia
2803 1971 3223 2043 Blemmyarum.
3258 1969 3449 2025 [ntimo
3497 1980 3582 2027 ta-

2001 2082 2123 2121 men
2154 2082 2268 2121 aevo
2299 2074 2410 2121 tam
2452 2066 2557 2118 late
2587 2073 2870 2134 acceptum
2918 2062 3312 2119 Saracenorum
3357 2079 3585 2130 nomen,

2001 2168 2061 2214 ut
2098 2173 2454 2228 quoscunque
2482 2156 2799 2211 idololatras
2825 2171 2890 2211 ac
2916 2155 3332 2211 Mahumetanos
3362 2155 3464 2212 bac
3494 2171 3587 2226 ap-

2001 2251 2290 2321 pellatione
2305 2251 2560 2305 donarint
2575 2249 2792 2303 illorum
2812 2257 3115 2319 temporum
3133 2249 3431 2319 scriptores
3443 2246 3582 2320 (50).

1999 2343 2227 2399 Nonnus
2274 2344 2457 2413 itaque
2488 2344 2799 2400 Edessenus
2833 2353 2940 2399 tam
2981 2357 3235 2411 magnum
3280 2339 3580 2397 Saraceno-

2000 2452 2120 2491 rum
2152 2452 2439 2491 numerum
2480 2438 2536 2491 in
2562 2435 2869 2503 Palaestina,
2900 2437 2985 2491 vel
3032 2436 3087 2490 in
3126 2431 3389 2496 Osroena,
3420 2434 3580 2502 cujus

2001 2528 2293 2598 provinciae
2326 2528 2667 2597 metropolim
2695 2528 2809 2598 ipse
2842 2527 3083 2597 regebat,
3117 2527 3220 2581 hoc
3252 2539 3370 2581 aevo
3403 2524 3581 2595 bapti-

2001 2635 2126 2676 zare
2156 2620 2343 2691 potuit,
2376 2620 2429 2674 in
2471 2636 2581 2690 quo
2615 2620 2858 2691 ipsorum
2886 2633 3150 2675 numerus
3177 2626 3323 2675 certe
3357 2618 3578 2688 quidem

2001 2713 2272 2767 maximus
2303 2710 2425 2765 fuit.
2459 2710 2708 2766 Secundo
2739 2709 3011 2780 Pelagiatn
3043 2709 3111 2763 ad
3138 2709 3336 2764 bonam
3369 2705 3580 2777 Crugent

1998 2804 2227 2859 rediisse
2259 2804 2479 2858 hortatu
2507 2800 2684 2857 Nonni
2713 2801 3118 2868 Edesseni,non
3150 2800 3425 2872 Hippolyti
3451 2798 3580 2856 Por-

2000 2896 2231 2960 tuensis,
2262 2911 2456 2951 omnes
2484 2904 2696 2951 veteres
2728 2895 2975 2951 scribunt
3002 2894 3135 2965 (5t).
3165 2892 3347 2948 Tertio
3377 2892 3579 2947 Arabia

1998 2986 2151 3042 Felix
2195 2987 2534 3043 Antiocheno
2574 2985 2901 3057 patriarchae
2935 3001 3214 3055 nunquam
3249 2986 3452 3055 paruit,
3482 2986 3576 3041 sed

1998 3078 2366 3133 Alexandrino
2397 3076 2530 3149 (52),
2554 3077 2670 3148 qui,
2690 3076 2956 3147 Proc0pio
2984 3085 3123 3132 teste
3150 3077 3285 3147 (55),
3314 3076 3581 3133 Homaeri-

2001 3169 2071 3225 tis
2096 3170 2414 3239 episcopum
2447 3166 2825 3223 misit.Verum
2858 3182 2982 3221 cum
3014 3165 3214 3222 Edessa
3234 3166 3577 3223 nobilissima

1995 3270 2050 3316 et
2075 3260 2455 3331 antiquissima
2488 3258 2743 3316 Osroenae
2768 3259 3059 3330 provinciae
3090 3260 3407 3328 metropolis
3433 3258 3453 3329 (
3467 3276 3575 3316 non

1995 3352 2288 3411 Phaeniciae
2309 3354 2377 3409 ad
2403 3352 2696 3419 Libanum,
2725 3362 2784 3407 ut
2807 3366 3088 3424 perperam
3111 3351 3329 3423 scripsit
3348 3350 3577 3410 Hardui-

1997 3534 2208 3606 furatus
2237 3541 2314 3587 est
2360 3530 2381 3603 [
2405 3530 2533 3600 quia
2566 3527 3106 3606 Arabeslatrociniis
3130 3526 3387 3606 vivunt],
3416 3528 3511 3606 sed
3540 3547 3576 3583 α

1993 3599 2234 3666 ὶεΙιαναε,
2261 3599 2407 3670 ortu}
2435 3611 2538 3658 est.
2562 3617 2628 3657 eo
2655 3600 2800 3670 quod
2827 3599 3069 3670 Orientis
3100 3607 3284 3670 partes
3308 3599 3568 3670 incolant,

1994 3689 2105 3744 quo
2141 3689 2303 3728 sensu
2337 3669 2381 3726 Η
2402 3672 2543 3744 dinei
2576 3666 2912 3744 vocabantur
2963 3666 3278 3744 Orientales.
3299 3688 3329 3744 ί
3367 3667 3577 3744 Legen-

1996 3738 2100 3799 dus
2133 3758 2349 3813 quoque
2382 3741 2452 3813 du
2531 3756 2687 3795 resne
2703 3742 2770 3813 in
2808 3738 3258 3813 GlossarioAverb.
3289 3738 3571 3806 Saraceni,

1998 3815 2091 3868 ubi
2126 3807 2293 3867 multa
2324 3812 2391 3867 de
2424 3811 2735 3868 huiusmodi
2762 3811 2981 3863 nomine
3009 3807 3192 3863 refert.

2068 3831 2091 3867 γι
2126 3827 2293 3867 multa
2324 3827 2391 3867 ue
2424 3827 2493 3864 nu
2525 3827 2735 3865 usmom
2762 3827 2981 3863 nomine
3009 3827 3192 3863 retert.

2068 3884 2181 3951 (28)
2224 3882 2340 3936 Lib.
2379 3896 2437 3951 ut
2476 3827 2816 3951 (ἐεοφχιιριιίίε
2849 3878 3121 3951 σκέψις.-
3141 3891 3276 3951 cap,
3302 3876 3448 3951 μηδ
3477 3876 3570 3951 ξἹ.

1998 3970 2052 4020 p.
2075 3946 2210 4019 "586,
2241 3962 2371 4005 tom.
2402 3950 2444 4004 ll
2478 3946 2607 4005 edit'.
2636 3946 2830 4020 Lipsiae
2859 3946 3183 4020 ann._1752.
3210 3946 3350 4020 Vide
3388 3946 3571 4020 Ptole-

1996 4016 2205 4079 manun
2227 4021 2569 4091 Geagraphia:
2597 4016 2772 4091 libfv,
2808 4033 2927 4086 cap.
2961 4016 3045 4081 l7,
3080 4032 3136 4086 p.
3165 4017 3267 4091 1οᾅ
3291 4017 3578 4091 (ξί-ιηεάίι..

2000 4113 2018 4146 t
2054 4085 2457 4147 Protendnutur
2501 4092 2553 4143 in
2605 4089 2823 4157 regione
2873 4085 3108 4149 montes,
3159 4087 3269 4157 qui
3309 4085 3570 4157 Melanes,

1994 4165 2075 4218 vel
2108 4160 2255 4231 Nigri
2282 4162 2646 4231 appellantur,
2668 4154 2703 4212 5
2732 4159 2855 4213 sinu
2880 4157 3108 4219 scilicet,
3130 4155 3223 4225 qui
3251 4155 3408 4231 juxta
3429 4154 3579 4211 Pha—.

1995 4248 2117 4287 rum
2149 4227 2225 4286 est
2263 4227 2418 4297 quasi
2452 4232 2515 4283 ad
2549 4229 2813 4292 Judaeant,
2840 4234 3135 4297 genteslue
3181 4234 3309 4279 sunt
3358 4227 3435 4297 ab
3472 4242 3568 4280 oc-

1994 4318 2122 4357 casu
2152 4294 2368 4371 quidem
2401 4300 2593 4353 horum
2618 4294 2882 4352 tuentium
2912 4297 2979 4349 ad
3006 4294 3298 4366 AEgyptum
3324 4303 3378 4350 et
3405 4295 3571 4351 Sara-

1994 4387 2198 4510 celz‘gil),
2228 4438 2367 4510 Hist.
2398 4439 2493 4494 lib.
2530 4454 2602 4503 vr,
2637 4452 2757 4507 cap.
2790 4434 3043 4510 28._tom.
3071 4431 3571 4510 l_edit._Harduini,

1994 4503 2118 4583 pa'g.
2153 4503 2274 4565 728.
2308 4509 2448 4583 Lege
2496 4518 2675 4583 tamen
2706 4503 2834 4562 hac
2874 4506 2940 4559 de
2986 4520 3045 4559 re
3076 4503 3369 4560 Cellariutu
3403 4505 3571 4559 citato

1998 4580 2091 4639 lib.
2127 4596 2208 4644 Ill,
2239 4596 2288 4635 c.
2324 4580 2410 4643 M,
2439 4594 2492 4644 p.
2525 4580 2649 4633 600.

2069 4610 2091 4635 ι.
2276 4624 2288 4635 .
2356 4594 2389 4631 4
2476 4620 2492 4635 .
2548 4594 2551 4595 '
2635 4617 2649 4632 .

2069 4594 2355 4722 (5³)ᾫίιῶ
2383 4594 2656 4722 έιξέηιῖῗῗυ⁸
2694 4643 3007 4722 ιῖτρερηθηᾲθ
3047 4643 3301 4722 Saraceni
3329 4644 3579 4722 nomine

1995 4733 2050 4779 et
2076 4712 2218 4776 ‘aliis
2244 4720 2487 4791 ejusdem
2515 4719 2752 4774 nominis
2781 4715 3294 4786 signiﬁcationibus,
3327 4716 3383 4771 in
3412 4712 3586 4769 ϐιωφ-

1996 4808 2159 4849 Sarw.
3541 4822 3560 4843 ι

2067 4861 2179 4934 (51)
2221 4859 2292 4934 De
2330 4857 2388 4934 ὃ.
2416 4856 2654 4934 Pelagia,
2689 4872 2810 4926 quae
2842 4856 2941 4910 fuit
2960 4852 3558 4934 maenis-Antioche-

1996 4924 2086 5000 na,
2116 4924 2230 5002 lege
2255 4931 2426 5000 ipsius
2452 4924 2653 5002 Vitam,
2701 4924 2925 5002 auctore
2952 4925 3156 5002 Jacobu
3184 4925 3424 5002 ωηερῃο
3447 4924 3568 4991 ejus

1994 4995 2205 5067 coaevo',
2256 4995 2548 5071 interprete
2594 4997 2917 5071 Eustachio,
2935 5006 2990 5051 et
3041 4998 3145 5071 alia
3200 4996 3254 5071 in
3298 4995 3569 5071 §imeone

1993 5063 2377 5142 Metapliraste.
2400 5063 2567 5124 'Vide
2603 5070 2744 5138 apud
2796 5068 3142 5142 Surium‘die
3182 5064 3231 5142 _8
3266 5063 3581 5142 _(_)ctobris..

1993 5132 2200 5198 tonth
2238 5141 2315 5194 De
2371 5142 2489 5195 vitis
2541 5132 2864 5202 sanctorum,
2896 5137 2966 5191 ab
3010 5132 3570 5206 Aloysio_Lipotna_tto

1992 5216 2252 5284 episcopo
2289 5209 2521 5284 Veronae
2547 5208 2676 5284 olim
2706 5199 3053 5284 conscriptis,
3170 5204 3278 5284 225
3299 5199 3434 5284 edit.
3461 5199 3566 5255 Ve-

1994 5270 2133 5339 netae
2177 5270 2304 5337 anni
2349 5282 2508 5345 1581,
2536 5288 2591 5334 et
2635 5278 2851 5331 Raineri
2885 5270 3136 5329 nfonact—ti
3168 5273 3333 5327 Leod.
3371 5270 3566 5345 Specta-

1993 5354 2104 5407 l'um
2131 5354 2471 5421 paenitentiae,
2496 5341 2600 5421 seu
2630 5347 2843 5421 Vilw‘S.
2868 5346 3105 5421 eamne
3137 5345 3229 5397 llb.
3268 5356 3409 5421 mea
3436 5341 3559 5395 cod.

1993 5411 2527 5479 mssteodiensi'in
2570 5418 2730 5473 Bern.
2759 5415 2904 5469 Pezii
2945 5411 3195 5468 Tliesaur.
3233 5411 3561 5475 anecdator.,

1992 5501 2129 5548 tom.
2159 5491 2247 5557 iV,
2284 5502 2423 5561 part.
2452 5505 2537 5551 In,
2566 5490 2669 5561 col.
2688 5486 2777 5561 69,
2807 5484 2897 5539 82.

2063 5563 2178 5643 (52)
2220 5551 2333 5616 Hac
2376 5558 3037 5643 de_renlege_udusnsarpe
3081 5554 3281 5633 citatus

1992 5622 2253 5703 Loquieu,
2282 5645 2411 5686 tum.
2462 5630 2507 5685 ιι
2540 5622 2770 5686 Ονὶἔηεὲε
2821 5622 3130 5686 Christiani,
3178 5639 3298 5694 pag.
3355 5622 3460 5678 W2
3509 5631 3564 5675 et

1992 5720 2173 5847 εθίέἓέ»)
2211 5772 2341 5830 hoc.
2365 5773 2461 5828 cit.
