4128 6396
504 349 600 403 551
1280 342 1368 397 DE
1406 337 1803 400 PORTUENSI
1843 343 1904 399 S.
1945 337 2310 398 HIPPDLYTI
2348 341 2542 398 SEDE.
2580 373 2649 384 --
2684 342 2867 397 PARS
2900 341 2963 398 Il.

3649 345 3751 401 5'52

505 462 794 535 nus[‘54}),
832 464 973 517 intra
1004 462 1402 532 patriarcbatus
1430 463 1757 518 Autiocbeui
1790 464 2071 518 dimcesim
2103 466 2145 520 A
2178 479 2279 527 me,
2307 472 2360 516 et
2388 463 2441 514 in
2470 461 2661 525 altero,
2695 461 2838 529 quod
2872 459 3055 515 laudat
3080 457 3365 516 Fabricius
3398 459 3748 531 (39)."erum

504 557 608 609 sita
637 555 800 610 fuerit
830 554 961 624 ('55),
989 566 1042 608 et
1069 568 1193 608 cum
1221 551 1278 606 8.
1318 553 1613 609 Damianus
1639 556 1841 609 scribat
1868 552 1924 608 8.
1947 554 2079 620 Hip-

502 648 745 717 polytum
773 647 1141 715 episcopatum
1170 645 1235 699 de
1267 645 1621 700 Autiochenis
1646 646 1893 714 partibus
1922 645 2078 700 dese-

500 742 703 804 ruisse,
740 753 902 792 nemo
926 753 1032 790 non
1059 737 1202 790 videt
1229 738 1340 790 haec
1362 737 1667 807 Hippolyto,
1704 746 1763 790 ut
1792 746 2078 792 autumant

501 831 718 884 Arabiae
741 829 935 885 Felicis
965 829 1240 899 episcopo.
1272 830 1430 899 cujus
1463 830 1717 884 diuecesis
1741 830 2077 898 patriarcha-

501 923 579 976 tui
609 921 978 975 Alexandrino
1004 921 1244 984 suberat,
1276 922 1567 976 convenire
1612 937 1719 975 non
1758 936 1939 990 posse,
1980 922 2073 975 sed

499 1013 678 1081 potius
694 1010 885 1067 Nonno
900 1010 1176 1068 Edesseuo
1198 1013 1362 1067 tribui
1390 1012 1606 1077 debere,
1622 1014 1713 1083 qui
1736 1013 2075 1067 Antiocheno

500 1105 820 1175 patriarchae
847 1106 1128 1175 subjectus
1158 1104 1278 1158 fuit.
1299 1104 1524 1158 Domum
1554 1104 1612 1159 S.
1633 1104 1827 1160 Petrus
1852 1104 2074 1160 Damia-

497 1214 600 1253 nus
626 1200 741 1254 h:ee
768 1199 976 1265 omnia,
997 1213 1117 1268 qua).
1144 1198 1211 1252 de
1235 1197 1291 1251 8.
1316 1197 1600 1268 Hippolyto
1631 1197 1811 1261 habet,
1836 1214 1901 1252 ex
1924 1199 2074 1253 Actis

498 1289 557 1343 S.
588 1290 781 1344 Aurea:
812 1298 1092 1344 mutuatus
1125 1299 1228 1354 est,
1258 1304 1380 1357 quae
1407 1289 1698 1342 immortali
1729 1289 1846 1342 viro
1871 1287 2072 1343 Caesari

495 1382 756 1435 cardinali
788 1381 1023 1435 Baronio
1058 1380 1170 1451 (36)
1205 1382 1388 1434 minus
1416 1382 1768 1449 placuerunt;
1824 1395 1923 1434 nec
1972 1380 2073 1434 im-

497 1472 690 1526 merito
742 1487 972 1542 magnus
1006 1473 1091 1525 vir
1136 1472 1329 1526 horum
1373 1471 1631 1529 Actorum
1681 1473 1839 1525 fidem
1878 1487 2072 1543 suspe-

493 1572 636 1615 ctam
666 1561 888 1627 habuit;
921 1563 1037 1630 ipsa
1069 1562 1236 1625 enim,
1264 1572 1322 1616 ut
1350 1573 1498 1617 recte
1524 1562 1736 1616 monuit
1770 1561 2069 1617 Tillemon-

494 1657 603 1707 tius
637 1653 771 1724 (57),
803 1653 959 1707 miris
988 1662 1197 1707 scatent
1238 1652 1460 1718 fabulis,
1491 1669 1815 1723 summaque
1857 1663 2068 1723 tempo-

492 1759 613 1797 rum
663 1742 985 1798 confusioue
1037 1744 1320 1810 laborant;
1363 1744 1574 1799 ideirco
1617 1744 1749 1814 ipsis
1781 1760 1971 1814 parum
2001 1744 2054 1797 Ii-

490 1832 727 1885 dendum
763 1846 1069 1887 censemus.
1108 1831 1308 1887 Eadem
1355 1848 1500 1887 nunc
1530 1833 1583 1886 in
1611 1833 1825 1888 duobus
1853 1842 2071 1887 exstant

490 1926 773 1979 codicibus
816 1935 900 1979 sat
938 1925 1167 1980 vetustis
1193 1965 1208 1988 ,
1252 1940 1487 1995 quorum
1538 1924 1768 1992 primus,
1803 1923 2067 1994 Aringhio

489 2017 690 2083 Indice,
736 2017 790 2069 in
835 2015 1105 2069 tabulario
1138 2015 1492 2071 Lateranensi
1522 2015 1812 2079 invenitur,
1841 2017 1978 2069 alter
2010 2017 2063 2070 iu

488 2109 820 2163 bibliotheca
852 2109 1221 2164 Vallicellana.
1257 2110 1684 2180 Papebrochius,
1712 2109 1962 2165 Fabricio
1994 2119 2067 2165 te-

488 2211 570 2255 ste
624 2200 756 2271 ('58),
809 2201 1108 2255 sinceriora
1166 2200 1222 2257 S.
1266 2201 1461 2257 Aut-ere
1507 2201 1639 2256 Acta
1688 2217 1747 2256 se
1794 2202 2064 2270 reperisse

486 2291 696 2355 scribit,
728 2292 780 2343 in
810 2292 1009 2360 quibus
1039 2292 1093 2347 8.
1131 2290 1447 2361 Hippolytus
1479 2292 1718 2345 Arabum
1749 2293 2063 2362 metropoli-

487 2391 647 2436 tanus
674 2381 895 2443 dicitur,
938 2392 992 2435 et
1024 2381 1283 2453 Cyriaeus
1315 2382 1637 2437 Portuensis
1663 2384 1968 2454 episcopus.
2004 2384 2060 2439 Si

488 2473 800 2542 bujusmodi
829 2473 963 2527 Acta
994 2474 1293 2528 doctissimi
1329 2473 1465 2528 socii
1499 2473 1837 2530 Bollandiani
1872 2477 2055 2543 vulga-

484 2565 640 2630 bunt,
671 2563 979 2618 videbimus
1027 2563 1081 2616 in
1126 2565 1327 2631 quibus
1354 2579 1382 2618 a
1418 2563 1784 2621 Vallicellauis
1818 2576 1871 2621 et
1906 2565 2062 2622 Late-

482 2656 810 2711 ranensibus
842 2655 1115 2711 differant.
1153 2656 1318 2713 Nobis
1350 2666 1529 2712 tamen
1576 2661 2058 2728 persuasissimum

481 2757 583 2811 est,
614 2749 807 2803 borum
835 2749 1098 2804 Actorum
1126 2751 1506 2806 auctoritatem
1541 2761 1620 2807 tot
1649 2754 1890 2822 antiquis
1925 2756 2060 2808 scri-

479 2840 729 2907 ptoribus
779 2840 921 2896 haud
963 2856 1084 2896 esse
1129 2845 1586 2911 anteponendam.
1636 2843 1692 2898 Si
1743 2845 1887 2900 enim
1944 2846 2059 2902 haec

481 2933 616 2986 Acta
662 2933 960 2987 sinceriora
990 2943 1196 2998 essent,
1236 2933 1293 2991 S.
1333 2932 1677 3006 Hippolytum
1709 2953 1816 2991 non
1845 2937 2059 2994 Arabiae

480 3024 982 3094 metropolitanum,
1032 3040 1133 3080 nec
1183 3025 1470 3097 Cyriacutn
1518 3026 1910 3097 Portuensem,
1963 3032 2056 3086 sed

479 3114 782 3170 Ostiensem
813 3115 1130 3185 episcopum
1169 3117 1550 3185 appellassent.
1602 3116 1715 3172 Nec
1764 3120 1967 3175 mirum
2007 3122 2060 3175 si

479 3205 536 3258 S.
568 3204 766 3260 Petrus
816 3203 1115 3261 Damianus
1148 3204 1205 3260 8.
1239 3205 1585 3279 Hippolytum
1619 3206 1802 3263 Nonni
1834 3212 2055 3267 nomine

476 3298 794 3368 insignivit;
844 3298 948 3354 hoc
988 3300 1132 3353 enim
1180 3300 1294 3370 ipse
1324 3300 1404 3354 vel
1456 3315 1523 3354 ex
1567 3299 1716 3356 Actis
1748 3299 1805 3355 S.
1837 3302 2050 3369 Aureae,

474 3390 559 3445 vel
591 3404 655 3444 ex
691 3390 933 3459 antiquis
955 3389 1356 3461 Martyrologiis
1378 3392 1589 3446 discere
1617 3392 1815 3462 potuit,
1847 3393 1900 3448 in
1929 3395 2052 3465 qui-

475 3480 580 3535 bus
604 3478 661 3534 8.
688 3479 1010 3550 Hippolytus
1043 3480 1149 3535 hoc
1171 3480 1389 3535 nomine
1414 3481 1751 3552 designatur,
1782 3485 2053 3555 praecipue

476 3574 532 3628 in
572 3571 989 3643 Longobardico
1020 3582 1330 3643 pervetusto
1372 3574 1710 3632 bibliothecae
1734 3574 2053 3633 Ottobonia-

546 3749 679 3824 (3.1)Δ
701 3749 995 3824 Legendus
1016 3749 1268 3806 Norisius
1315 3751 1392 3824 De
1424 3755 1632 3821 epocln's
1664 3754 2050 3824 Syromacedo-

473 3820 847 3892 numﬂdis‘sert.
874 3821 931 3884 2,
962 3822 1124 3889 Oper.
1162 3830 1293 3876 tom.
1322 3821 1388 3889 Il,
1433 3820 1485 3892 p.
1516 3824 1620 3879 115
1651 3820 1743 3879 cit.
1773 3827 1904 3880 edit.

543 3889 654 3960 (35)
694 3889 980 3965 Legendus
1004 3892 1235 3965 Ca_rolus_
1269 3909 1299 3947 a
1325 3889 1514 3965 saneto
1542 3892 1729 3958 Paulo,
1755 3895 2043 3965 Geograph.

468 3974 648 4025 sacra,
679 3960 804 4031 pag.
830 3961 956 4026 292,
982 3971 1036 4016 et
1064 3960 1303 4032 Lequien
1340 3963 1430 4018 cit.
1469 3974 1601 4019 tom.
1632 3965 1696 4028 ll,
1718 3981 1840 4036 pag.
1861 3960 1971 4021 ’954
1994 3976 2048 4023 et

469 4046 622 4086 seua.

532 4046 649 4170 (ἐξά)
689 4098 999 4174 Adanuum
1030 4100 1157 4165 229,
1185 4118 1336 4155 num.
1365 4102 1424 4174 _7,
1456 4114 1589 4159 tom.
1625 4102 1688 4171 ll,
1728 4122 1779 4174 p.
1811 4105 1907 4161 481
1950 4108 2042 4174 cit,

467 4170 600 4223 edit.
630 4169 647 4224 ':
692 4189 710 4244 ε
740 4169 865 4244 Haec
898 4181 1096 4244 autem
1149 4174 1331 4226 omnia
1362 4169 1689 4244 locupletius
1724 4169 1923 4244 scripta
1971 4172 2047 4232 le;

468 4248 671 4316 guntur
697 4240 750 4294 in
769 4240 1029 4316 ψαύει-8.
1055 4242 1248 4296 Aureze
1276 4240 1518 4316 martyrii
1548 4243 1716 4316 Actis,
1739 4240 1862 4316 quae
1889 4262 2044 4303 men-

468 4310 554 4364 dis
587 4310 740 4377 plena
768 4310 821 4363 in
855 4312 1041 4365 multis
1069 4322 1254 4365 essent
1284 4310 1637 4367 restituenda.
1671 4334 1690 4366 ι

691 4379 869 4436 Citato
900 4390 1030 4435 tom.
1067 4380 1157 4445 111,
1193 4392 1305 4438 not.
1336 4382 1371 4437 4
1412 4398 1507 4438 sur
1545 4385 1691 4439 saint
1738 4384 2042 4458 Hippolyte,

2181 554 2286 608 hoc
2332 552 2511 606 Νοιιηὶ
2566 570 2782 617 nomen,
2815 553 2980 622 quod,
3039 563 3098 605 ut
3139 553 3398 617 diximus,
3432 554 3747 621 episeopqu

2179 644 2450 713 primmvte
2481 642 2737 697 Eeclesim
2766 644 3007 707 denotat,
3041 642 3098 698 8.
3130 643 3448 697 Damianum
3477 643 3659 698 forsan
3694 646 3749 698 in

2177 752 2417 791 errorem
2448 736 2679 797 induxit.
2716 737 2844 790 dum
2877 746 3124 791 sanctum
3156 735 3501 807 Hippolytum
3540 736 3751 804 episco-

2177 843 2306 896 pum
2353 826 2606 882 Nonuum
2651 843 2774 881 cum
2820 825 3015 881 Nonno
3052 827 3325 882 Edesseno
3355 825 3623 892 confudit,
3653 827 3749 895 qui

2178 920 2351 974 tribus
2385 919 2609 988 integris
2640 920 2855 974 saeculis
2901 930 3023 989 post
3068 919 3125 973 S.
3165 917 3511 989 Hippolytum
3542 918 3746 974 floruit.

2176 1006 2317 1061 Nunt
2349 1008 2513 1077 igitur
2544 1008 2599 1062 S.
2626 1008 2767 1062 Petri
2802 1008 3049 1062 Damiani
3079 1009 3446 1062 testimonium
3470 1017 3545 1062 tot
3573 1009 3748 1063 diser-

2179 1101 2249 1155 tis
2304 1101 2545 1170 antiquis
2590 1101 2951 1169 scriptoribus
2998 1099 3393 1169 pneferendum
3445 1100 3538 1167 sit,
3569 1100 3752 1159 doctis

2176 1193 2308 1247 viris
2342 1192 2700 1261 judicandum
2731 1191 3106 1261 relinquimus.

2208 1307 2397 1362 XXIII.
2443 1308 2689 1378 Origenes
2725 1304 2782 1361 S.
2819 1306 3162 1378 Hippolytum
3190 1305 3242 1358 in
3279 1304 3441 1378 Portu
3471 1304 3710 1360 Romano

2572 1377 2923 1446 alluquentem
2956 1377 3141 1429 audire
3168 1377 3357 1444 Potuit.

2242 1465 2479 1538 Objiciet
2524 1469 2741 1523 demum
2795 1467 3011 1537 aliquis,
3041 1466 3098 1521 S.
3133 1466 3476 1538 Hippolytum
3527 1482 3634 1521 non
3686 1467 3744 1521 in

2172 1560 2485 1625 Occidente,
2533 1560 2625 1614 sed
2674 1560 2728 1613 in
2778 1557 2995 1613 Oriente
3032 1559 3344 1627 episcopum
3394 1555 3583 1624 fuisse,
3614 1559 3744 1627 quia

2173 1650 2457 1723 Origenes,
2490 1652 2582 1720 qui
2618 1652 2669 1705 in
2694 1649 2915 1705 Oriente
2951 1651 3101 1708 vixit.
3143 1649 3199 1703 8.
3232 1649 3578 1721 Ilippolytum
3608 1651 3748 1704 allo-

2172 1754 2430 1813 quentem
2484 1743 2691 1796 audivit
2726 1742 2860 1811 (l0).
2895 1739 3197 1796 Halloixius
3244 1739 3495 1811 Origenis
3541 1740 3741 1795 vindex

2104 1815 2144 1869 Β
2173 1834 2231 1891 8.
2265 1834 2611 1905 Hippolytum
2646 1833 2699 1886 in
2729 1833 2926 1887 Arabia
2960 1833 3028 1886 ab
3053 1832 3242 1887 eodem
3271 1833 3517 1886 auditum
3551 1832 3746 1902 conje-

2170 1938 2282 1981 ctat
2315 1928 2447 1998 (41),
2480 1942 2543 1981 ea
2574 1926 2840 1981 adductus
2870 1926 3098 1988 ratione,
3129 1924 3274 1994 quod
3303 1922 3564 1994 Origenes
3597 1936 3747 1981 anno

2168 2020 2373 2074 Christi
2399 2019 2525 2085 217,
2555 2029 2615 2074 ιιι
2635 2017 2993 2089 Τὶιιθιιιθηιὶοί
3014 2017 3123 2087 (42)
3148 2016 3369 2087 placuit,
3400 2016 3453 2069 in
3481 2016 3740 2070 Arabiam

2167 2128 2196 2165 a
2225 2110 2518 2180 provincia:
2547 2108 2799 2180 praefecto
2830 2117 3086 2162 evocatus
3121 2105 3595 2177 migravit.Verttm
3623 2106 3741 2163 haec

2168 2200 2421 2256 Halloixii
2447 2202 2761 2270 conjectura
2787 2199 3133 2253 Tillemontio
3165 2214 3355 2268 parum
3380 2198 3579 2253 arridet
3602 2197 3739 2267 (4-5).

2165 2291 2450 2363 Origeucm
2509 2291 2738 2347 Romam
2796 2307 2855 2346 se
2898 2291 3195 2345 contulisse
3244 2299 3456 2344 certum
3512 2289 3737 2345 omnino

2164 2395 2246 2440 est
2274 2384 2386 2455 (14)
2412 2402 2427 2450 ;
2464 2392 2793 2453 quapropter
2821 2383 2866 2437 si
2901 2381 3171 2436 Halloixio
3211 2382 3364 2437 licuit
3393 2398 3525 2452 pura
3553 2382 3739 2450 conje-

2164 2488 2314 2530 ctura
2344 2490 2587 2530 asserere
2617 2473 2675 2528 8.
2710 2473 2979 2543 Hippolyti
3018 2474 3294 2527 bomiliam
3327 2474 3396 2527 ab
3425 2472 3654 2543 Origene
3680 2474 3741 2532 in

2162 2567 2363 2621 Arabia
2393 2568 2636 2621 auditam
2670 2566 2875 2632 fuisse;
2917 2566 3074 2619 nobis
3103 2581 3339 2634 quoque,
3368 2565 3459 2634 qui
3491 2573 3740 2619 veterum

2164 2660 2488 2714 testimoniis
2521 2659 2867 2728 probavimus
2897 2656 2953 2711 S.
2984 2656 3330 2728 Hippolytum
3376 2654 3573 2710 Pontus
3624 2654 3740 2709 R0—

2162 2751 2309 2805 mani
2345 2766 2452 2805 non
2477 2751 2531 2804 in
2560 2749 2799 2815 Otiente,
2828 2749 2920 2803 sed
2953 2749 3005 2802 iu
3045 2747 3333 2802 Occidente
3361 2748 3739 2817 episcopatum

2160 2842 2484 2908 obtinuisse,
2521 2842 2702 2896 licebit
2750 2842 2988 2906 firmare,
3023 2838 3368 2910 Hippolytum
3406 2839 3488 2892 vel
3526 2838 3738 2904 Romae,

2159 2935 2240 2990 vel
2292 2934 2346 2988 in
2394 2931 2681 2989 Portueusi
2704 2933 2954 2998 ecclesia,
2991 2941 3254 3003 praesente
3283 2930 3535 3003 Origene,
3564 2930 3738 2987 fuisse

2159 3026 2423 3083 locutum.

2081 3167 2123 3222 C
2158 3160 2346 3215 XXIV.
2392 3160 2451 3215 S.
2503 3160 2777 3231 Hippolyti
2828 3174 3182 3214 marmoreum
3234 3165 3624 3231 monumentum
3678 3156 3738 3231 in

2230 3249 2357 3301 qgro
2393 3227 2800 3301 Verano'prope
2848 3232 2959 3299 ejus
3007 3230 3355 3283 cwnteterium
3395 3228 3462 3301 ab
3499 3227 3737 3301 antiquis

2229 3297 2429 3356 Christi
2457 3297 2699 3371 fidelibus
2732 3297 3070 3361 collocatum,
3107 3301 3383 3371 antiquam
3424 3297 3736 3351 Parmensis

2231 3369 2482 3427 Ecclesia:
2516 3372 2853 3425 traditionem
2883 3371 3103 3438 mirifice
3128 3369 3448 3437 comprobat.

2231 3484 2469 3540 Tandem
2506 3485 2784 3541 nonnullis
2816 3482 2874 3538 S.
2909 3482 3180 3555 Hippolyti
3225 3483 3570 3552 episcopatus
3597 3479 3739 3533 Por-

2159 3576 2371 3631 tuensis
2398 3574 2581 3630 minus
2610 3575 2831 3641 arridet,
2863 3590 2930 3628 ex
2952 3589 3018 3628 eo
3036 3573 3182 3643 quod
3209 3573 3382 3643 ipsius
3414 3564 3741 3627 monumen-

2157 3756 2419 3828 rabatur)
2453 3758 2713 3813 accidisse
2742 3758 2894 3824 illud,
2934 3758 3077 3826 quod
3115 3758 3183 3812 de
3219 3754 3276 3810 S.
3314 3755 3603 3827 Hippolyto
3623 3770 3736 3828 __re-

2155 3827 2350 3897 fertur,
2391 3825 2583 3897 nempe
2626 3829 2752 3882 dum
2785 3825 3103 3881 concionem
3134 3828 3199 3881 ad
3233 3829 3491 3895 populum
3515 3825 3587 3880 de
3620 3825 3735 3880 Do-

2157 3896 2289 3950 mini
2325 3895 2626 3952 Salvatoris
2658 3898 2817 3952 laude
2852 3898 3093 3958 haberet,
3127 3906 3290 3965 atque
3324 3897 3377 3949 in
3407 3904 3732 3964 praesentem

2154 3966 2440 4036 Origenem
2476 3967 2664 4021 oculos
2691 3968 3029 4030 intendisset,
3054 3968 3173 4036 ejus
3196 3969 3538 4036 praesentiam
3572 3966 3738 4018 audi-

2154 4035 2367 4090 toribus
2396 4037 2686 4102 indicasse,
2715 4052 2809 4090 seu
2844 4037 2988 4106 quod
3024 4035 3149 4090 eum
3183 4035 3345 4090 dictis
3379 4035 3495 4089 suis
3528 4050 3732 4089 assen-

2153 4107 2377 4160 tientem
2416 4106 2639 4170 videret,
2669 4122 2762 4160 seu
2813 4107 2956 4175 quod
3004 4106 3147 4174 plebi
3190 4107 3372 4171 talem,
3406 4114 3736 4176 tantumque

2153 4175 2482 4256 declarando
2517 4176 2811 4256 hospitem,
2838 4176 3129 4256 gratificari
3163 4175 3336 4256 v_e_l_let.
3371 4194 3389 4226 ι

2226 4246 2337 4314 (42)
2378 4245 2532 4299 Tom.
2558 4243 2647 4308 Ill,
2680 4246 2734 4299 in
2768 4243 3018 4315 Origene,
3051 4255 3153 4299 art.
3184 4246 3272 4309 15,
3303 4261 3355 4314 p.
3386 4243 3509 4299 521.

2225 4316 2337 4386 (45)
2379 4314 2508 4369 Loc.
2551 4316 2671 4378 cit.,
2723 4331 2773 4384 p.
2811 4314 2915 4370 522
2949 4333 2962 4369 :
2998 4335 3015 4366 ι
3047 4315 3181 4370 Mais
3208 4330 3344 4383 pour
3371 4316 3419 4368 le
3459 4315 3564 4386 lieu
3595 4323 3647 4369 et
3676 4316 3733 4371 le

2154 4393 2348 4454 temps,
2369 4386 2405 4438 il
2439 4394 2521 4440 est
2550 4386 2763 4440 difﬁcile
2790 4387 2906 4438 d‘en
2935 4386 3049 4438 rien
3081 4386 3197 4439 dire
3227 4386 3293 4438 de
3317 4385 3545 4449 certain,
3566 4401 3730 4453 parce

2153 4471 2261 4523 que
2295 4471 2435 4509 nous
2477 4470 2547 4525 ne
2578 4470 2776 4510 savons
2805 4454 2959 4524 point
2986 4470 3053 4509 en
3087 4454 3213 4525 quel
3257 4469 3391 4525 pays
3421 4455 3566 4509 saint
3594 4454 3731 4524 Hip-

539 4515 867 4595 (58)nOper_._
888 4519 975 4595 S._
994 4518 1428 4595 Hippolytiutom,
1466 4520 1507 4585 Ι,
1537 4539 1657 4594 pag.
1686 4524 1779 4595 21,
1813 4526 1901 4580 ubi
1934 4529 2048 4583 ba-e
2081 4520 2122 4574 D
2153 4515 2331 4595 poler
2362 4524 2493 4595 etait
2523 4524 2745 4595 évéque.
2781 4546 2802 4576 ο

462 4587 628 4641 verba
664 4587 902 4644 Danielis
940 4587 1299 4656 Papebrocltii
1331 4587 1639 4647 referuntur
1672 4613 1685 4648 :
1720 4614 1738 4645 ι
1770 4594 2044 4653 Habemus

463 4657 1085 4735 sinceriot-a-S._Aurea3
1125 4661 1330 4735 pariter
1355 4678 1545 4735 passae,
1565 4664 1717 4735 Acta,
1748 4666 1801 4718 in
1846 4667 2044 4735 quibus

441 4743 552 4783 .res
581 4736 691 4805 tota
718 4729 1011 4805 as_cri_bitur
1041 4737 1281 4799 tempore
1306 4732 1598 4805 Alexandri
1631 4735 1764 4804 imp.
1793 4729 1911 4805 ipso
1941 4750 2041 4790 an-

460 4813 535 4873 no
580 4798 735 4873 222,_
762 4798 822 4873 «in
845 4798 1003 4852 Mart.
1062 4798 1291 4873 regnare
1340 4804 1541 4873 exorsi,
1587 4798 1727 4873 quo'
1754 4798 2044 4873 priedictus

462 4866 737 4940 Hippolyti
785 4867 975 4923 Canon
1025 4866 1368 4938 terminatur,
1398 4882 1451 4926 et
1482 4866 1799 4930 I’ort'uensis
1836 4891 1933 4940 pro
1976 4892 2043 4931 eo

462 4949 706 5016 tempore
732 4940 1022 5016 episcopus
1049 4940 1158 5016 illic
1185 4943 1485 5016 appellatur
1510 4943 1798 5014 Cyriacus,
1832 4940 2040 5016 Hippo-

457 5008 764 5084 lytusvel'o
794 5011 1098 5084 appellatur
1123 5008 1364 5066 Arabum
1401 5008 1874 5084 metropolitan'us.
1905 5008 1928 5066 ἱ

532 5077 861 5171 eae-21;.
880 5081 901 5132 ¹
921 5079 1171 5171 Rescire
1202 5084 1417 5171 ﬁeri.
1437 5077 1886 5171 υίρρδιηίνμνεεδ-
1908 5087 1992 5171 2.0
2022 5096 2043 5141 τ

462 5167 481 5197 α
516 5148 548 5227 ις
580 5149 700 5227 Kal.
737 5148 1171 5227 Slept._in'P_ortu
1202 5154 1353 5207 urbis
1377 5148 1563 5208 Romae
1594 5148 1792 5227 natalis
1820 5148 1877 5212 S.
1908 5154 2040 5227 Ilip-

458 5220 649 5289 polyti,
681 5219 774 5289 qui
808 5220 1008 5275 dicitur
1030 5220 1279 5287 Nonnus,
1313 5239 1438 5277 cum
1471 5226 1636 5280 sociis
1668 5226 1805 5281 suis.
1838 5246 1857 5278 ι

490 5359 496 5365 _
527 5292 659 5365 (411)Δ
881 5290 1403 5365 Hieronymoetiam
1435 5294 1539 5349 hoc
1565 5295 1830 5352 discimus
1860 5297 1913 5350 in
1941 5297 2034 5351 lib.

455 5355 535 5435 Ite
562 5355 688 5437 viris
712 5359 1039 5437 illustrious,
1168 5362 1267 5437 61,
1293 5362 1456 5434 Oper.
1507 5375 1641 5421 tom.
1676 5365 1740 5433 ll,
1769 5382 1893 5437 pag.
1932 5367 2037 5422 886

453 5428 960 5509 cit.‘edit.\_’allarsi_i
990 5448 1002 5483 :
1035 5428 1468 5509 1Hippoly'tus...
1488 5428 2037 5509 scripsit.'..'etvrtpoc-

451 5495 673 5577 ομιλιαχ
712 5501 785 5577 de
829 5495 1245 5577 laude_Doriii}ti
1276 5495 1616 5577 'Salvatoris,
1646 5506 1698 5559 in
1735 5523 1866 5577 qua,
1895 5495 2036 5577 prae-

455 5568 1151 5645 senteOrigeneLseuloqui
1184 5574 1240 5645 in
1267 5575 1499 5630 ecclesia
1530 5568 1819 5645 significat.
1849 5568 1866 5629 ί

526 5636 871 5718 (11λξθινιιε
895 5636 1127 5718 Ηᾳῌυίἰ,
1164 5643 1415 5718 Origenes
1439 5636 1704 5718 defensus,
1753 5645 1886 5702 Vita:
1908 5646 2033 5701 Ori-

453 5711 597 5789 gegis
645 5708 815 5789 1ἰ1)..ι,
858 5726 907 5763 c.
939 5712 1026 5789 10,
1056 5728 1178 5781 pag.
1208 5708 1278 5768 29
1303 5716 1431 5789 edit.
1461 5708 1643 5789 Leodji
1676 5721 1803 5773 anui
1843 5718 1981 5773 16i8
2016 5735 2029 5771 :

456 5776 478 5830 t
509 5776 659 5835 Tunc
683 5778 900 5851 quidem
933 5776 1151 5854 (nempe
1172 5800 1296 5840 cum
1318 5784 1577 5858 Origenes
1606 5788 1657 5843 iu
1686 5790 1883 5845 Arabia
1916 5804 2031 5843 tuo-

2220 4592 2331 4661 (44)
2372 4593 2426 4648 Id
2457 4595 2600 4648 enim
2633 4592 2833 4649 diserte
2864 4594 3031 4649 tradit
3054 4593 3321 4649 Eusebius
3352 4594 3448 4649 lib.
3478 4610 3532 4648 vt
3571 4592 3723 4650 Hist.

2144 4666 2295 4729 eccl.,
2331 4679 2381 4734 cf.
2420 4665 2506 4729 H,
2540 4681 2657 4734 pag.
2697 4665 2840 4719 274:
2870 4683 2889 4715 t
2924 4666 3281 4718 Adamantius
3308 4679 3438 4718 vero
3466 4665 3729 4731 (id\enim

2145 4733 2551 4805 etiatu_Origeui
2589 4733 2785 4789 nomen
2803 4735 2953 4805 fuit),
2982 4734 3288 4805 Zephyrino
3316 4750 3413 4803 per
3440 4736 3554 4789 base
3583 4743 3728 4788 tem-

2145 4819 2278 4875 pora
2310 4803 2608 4859 Romanam
2638 4803 2935 4860 Ecclesiam
2972 4803 3326 4875 gubernante,
3355 4820 3413 4858 se
3447 4809 3498 4857 in
3518 4804 3727 4875 urbem

2145 4873 2375 4929 Ruinam
2405 4876 2689 4930 advenisse
2720 4877 2928 4940 scribit,
2961 4873 3088 4930 'cum
3119 4874 3220 4929 sibi
3257 4876 3308 4927 in
3343 4875 3477 4929 votis
3505 4873 3725 4941 fuisset,

2144 4945 2290 4998 sicut
2342 4945 2571 5014 ipsemet
2623 4946 2822 5000 alicubi
2874 4947 3027 5013 dicit,
3065 4945 3367 4999 Humanam
3420 4944 3727 4999 Ecclesiam

2143 5014 2386 5068 omnium
2414 5016 2851 5085 antiquissimam
2881 5032 3065 5071 coram
3102 5015 3305 5085 videre.
3345 5015 3420 5068 Ibi
3442 5014 3728 5084 paulisper

2143 5095 2410 5144 moratus.
2463 5082 2847 5140 Alexandriam
2909 5087 3065 5141 redit.
3099 5104 3118 5136 ι
3161 5082 3408 5154 Legenda
3444 5082 3586 5137 'sunt
3624 5082 3723 5149 ea,

2141 5171 2263 5224 quae
2289 5171 2318 5209 a
2354 5154 2569 5211 Valesio
2617 5157 2947 5210 adnotantur
2975 5156 3043 5209 ad
3083 5157 3230 5210 hunc
3267 5155 3483 5209 Eusebii
3515 5155 3719 5217 locum,

2140 5227 2234 5296 qui
2281 5228 2533 5296 quamvis
2579 5228 2781 5280 invitus
2815 5225 3049 5281 Baronio
3087 5227 3368 5291 concedat,
3404 5225 3719 5294 hujusmodi

2140 5297 2429 5352 adventant
2470 5312 2616 5350 anno
2667 5296 2772 5349 220
2809 5298 3124 5365 contigisse,
3159 5297 3234 5349 illi
3271 5306 3449 5350 tamen
3484 5309 3591 5349 non
3634 5309 3724 5365 ξιξ-

2140 5367 2388 5433 sentitur,
2414 5370 2662 5421 eumdem
2691 5369 2883 5420 iterum
2918 5364 3145 5422 Ruinam
3170 5367 3385 5421 venisse
3411 5379 3557 5419 anno
3585 5364 3717 5432 248,

2138 5445 2193 5490 et
2240 5439 2538 5495 secundum
2575 5439 2865 5490 adventum
2918 5442 2984 5493 de
3030 5439 3203 5492 altero
3243 5436 3477 5505 Origene
3511 5435 3718 5489 intelli~

2139 5507 2371 5575 gendum
2405 5511 2681 5562 observat.
2712 5505 2843 5560 Vide
2870 5509 3032 5562 etiam
3068 5507 3246 5561 Alloix
3288 5504 3422 5561 Vita:
3469 5505 3716 5575 Origenis

2137 5577 2233 5631 lib.
2256 5593 2314 5647 _I,
2357 5594 2407 5633 c.
2443 5578 2496 5641 7,
2528 5593 2581 5647 p.
2604 5578 2696 5641 20,
2725 5588 2778 5630 et
2806 5577 3210 5633 Tillemontium
3242 5587 3378 5631 tom.
3415 5576 3500 5640 Ill,
3529 5589 3630 5629 art.
3658 5576 3715 5640 8,

2137 5650 2205 5719 de
2240 5645 2491 5718 Origene,
2530 5645 2665 5717 pag.
2702 5648 2806 5703 510
2835 5658 2888 5703 et
2919 5664 3093 5719 seqq,
3125 5649 3214 5701 ubi
3243 5650 3409 5700 etiam
3443 5648 3510 5701 de
3539 5647 3717 5717 ipsius

2139 5717 2371 5774 Romani
2403 5720 2661 5785 adventu,
2693 5730 2746 5775 et
2784 5735 2927 5774 anno
2961 5717 3132 5774 multa
3168 5719 3388 5773 habent.
