4128 6388
418 350 522 408 553

1187 348 1273 402 DE
1312 342 1703 402 PORTUENSI
1740 343 1796 399 S.
1841 340 2203 397 HlPPOLYTl
2240 339 2429 397 SEDE.
2472 368 2541 381 -—
2580 336 2764 393 PARS
2801 336 2864 391 H.

3556 336 3661 388 534

419 477 532 522 tum
567 481 675 521 non
705 467 758 522 in
786 467 1074 522 Portuensi
1125 467 1374 530 ecclesia,
1401 467 1487 521 cui
1522 467 1637 535 ipse
1668 464 1985 534 prreluit,ab
2015 467 2058 522 Α
2087 463 2144 517 S.
2177 460 2520 532 Hippolytum
2550 459 2633 514 vel
2654 457 2953 512 Tiburtinis
2976 456 3251 510 immerito
3275 453 3533 518 tribucre,
3552 457 3657 520 vel,

420 561 569 614 illius
613 559 920 614 cultoribus
959 559 1195 628 positum
1228 574 1293 614 ac
1318 558 1640 613 collocat-um
1675 556 1854 617 fuerit.
1895 556 1987 610 sed

420 667 548 720 agro
579 647 815 706 Verano.
848 651 1087 721 Hujusce
1109 651 1186 706 rei
1220 651 1264 705 si
1294 650 1474 718 aliqua
1511 648 1804 702 haberetur
1829 647 1986 713 ratio,

422 741 767 814 Hippolytus,
793 759 900 797 non
934 743 1273 807 Portuensis,
1309 740 1402 797 sed
1434 740 1753 794 Tiburtinus
1780 740 1989 809 episco-

420 852 546 905 pus,
566 850 689 890 cum
718 835 992 906 Scaiigero
1013 834 1276 891 dicendus
1304 831 1672 889 esset.Verum
1688 840 1797 885 tam
1831 831 1989 899 longe

421 931 595 995 abest,
634 936 695 982 ut
722 928 1036 998 hujusmodi
1063 934 1440 995 argumentum
1474 939 1586 980 rem
1616 933 1856 978 nostram
1910 922 1992 975 in-

420 1018 659 1090 fringere
688 1019 771 1073 vel
802 1019 1085 1072 minimum
1114 1018 1309 1079 valeat,
1340 1017 1585 1087 quinimo
1613 1027 1843 1070 veterem
1877 1013 1984 1066 Ro—

418 1127 596 1168 manae
628 1110 887 1166 Ecclesiae
914 1110 1260 1165 traditionem
1289 1109 1355 1163 de
1384 1107 1668 1162 Portuensi
1710 1106 1768 1159 8.
1796 1105 1991 1174 Hippo-

421 1203 515 1273 lyti
553 1202 680 1257 sede
708 1217 871 1271 quam
921 1202 1155 1256 maxime
1182 1199 1488 1255 conﬁrmet.
1521 1198 1734 1253 Etenim
1785 1198 1994 1267 insigne

422 1294 552 1348 illud
599 1293 736 1347 tanti
787 1293 1042 1364 martyris
1076 1299 1488 1346 monumentum
1524 1291 1577 1345 in
1612 1303 1743 1359 agro
1776 1286 1993 1341 Verano

422 1385 656 1456 positum
686 1393 740 1439 et
765 1393 1038 1453 repertum
1072 1382 1195 1447 fuit,
1236 1382 1363 1451 quia
1411 1381 1608 1435 ibidem
1644 1379 1702 1434 S.
1741 1377 1994 1449 martyris

422 1478 684 1548 reliquiae,
712 1487 771 1532 ut
796 1474 1137 1532 Prudentius
1159 1490 1260 1531 nos
1287 1474 1498 1538 docuit,
1528 1489 1558 1527 a
1588 1473 1912 1528 Christianis
1938 1473 1991 1524 in

422 1570 734 1625 cmmeterio
766 1568 997 1623 conditae
1032 1567 1271 1629 fuerunt,
1300 1566 1442 1635 quod
1497 1573 1682 1636 postea
1734 1578 1841 1619 una
1870 1578 1992 1618 cum

423 1660 645 1717 aedicula
676 1659 734 1715 8.
761 1658 1036 1730 Hippolyti
1067 1659 1287 1713 nomine
1319 1657 1429 1713 Deo
1462 1656 1564 1710 fuit
1588 1657 1825 1711 dicatum
1860 1654 1990 1726 (45);

426 1767 535 1822 quo
562 1751 616 1805 in
642 1752 762 1806 loco
791 1766 913 1807 cum
941 1749 1084 1805 Deus
1111 1757 1223 1819 opt.
1247 1764 1394 1803 max.
1424 1748 1558 1802 tanti
1585 1746 1837 1819 martyris
1866 1761 1989 1815 pre-

390 1842 579 1897 «cibus
644 1842 1047 1912 quamplurima
1127 1839 1389 1895 miracula
1464 1836 1676 1909 operari
1734 1836 1986 1906 dignare-

427 1943 514 1988 tur
548 1934 678 2005 (46),
727 1933 961 1988 Romani
1012 1932 1292 2002 exterique
1345 1946 1543 2000 magna
1592 1929 1895 2000 frequentia
1932 1929 1990 1985 8.

426 2024 681 2093 martyris
709 2022 977 2077 tumulum
1013 2022 1440 2086 venerabantur;
1472 2020 1614 2073 unde
1649 2018 1992 2085 Prudentius,

426 2114 516 2183 qui
551 2114 736 2169 Roma:
763 2112 869 2168 fuit
899 2122 952 2166 ct
979 2113 1298 2183 populorum
1329 2111 1725 2166 multitudinem
1761 2127 1995 2181 praesens

427 2206 730 2274 conspexit,
761 2206 876 2259 hac
905 2204 1096 2259 scribit
1124 2202 1233 2274 (47)
1266 2220 1280 2256 :

534 2318 691 2373 Mane
717 2317 1013 2372 salutatum
1044 2317 1394 2380 concurritur,
1429 2317 1597 2369 omnis
1630 2316 1819 2369 adorat

601 2390 787 2453 Puhis,
811 2399 955 2451 eunt,
989 2388 1204 2456 redeunt
1227 2387 1354 2441 solis
1380 2387 1447 2440 ad
1480 2402 1641 2456 usque
1667 2387 1888 2439 obitum.

531 2458 821 2528 Conglobut
844 2459 899 2511 in
923 2465 1141 2528 cuneum
1164 2455 1347 2528 Latios
1371 2455 1623 2521 simul,et
1647 2458 1942 2526 peregrinos

603 2526 909 2582 Permistim
941 2527 1159 2597 populos
1196 2526 1461 2597 religionis
1495 2543 1662 2580 amor.

430 2643 492 2697 Et
526 2641 715 2712 paucis
754 2640 1052 2710 interjectis
1090 2640 1265 2696 sancti
1305 2639 1577 2711 Hippolyti
1609 2640 1750 2693 diem
1800 2639 1994 2694 festum

429 2732 610 2788 idibus
666 2730 896 2800 Augusti
948 2731 1209 2787 celebrari
1262 2731 1481 2787 solitum
1537 2731 1872 2797 describens,
1925 2733 1998 2785 in-

430 2822 549 2894 quit
578 2819 690 2890 (48)
726 2838 739 2874 :

536 2937 671 2993 Urbs
695 2946 918 3007 augusta
941 2951 1062 2991 suos
1084 2936 1239 3007 vomit
1263 2935 1582 3007 e/Iunditque
1602 2936 1837 3005 quirites,

609 3008 725 3063 Una
747 3004 795 3062 et
817 3008 1067 3075 patricios
1094 3004 1375 3075 ambitione
1403 3004 1541 3074 pari,

543 3074 834 3149 confundit
856 3077 1053 3147 plebeia
1077 3074 1309 3143 phalanx
1332 3075 1640 3149 umbonibus
1658 3077 1819 3149 aequis

605 3147 896 3202 Discrimen
915 3161 1206 3215 procerum,
1229 3147 1587 3213 praecipitante
1606 3147 1738 3215 ﬁde;

538 3217 648 3273 Nec
669 3220 845 3273 minus
868 3216 1087 3271 Albanis
1115 3216 1253 3269 acies
1275 3232 1328 3268 se
1346 3215 1575 3269 candida
1598 3217 1761 3284 portis

611 3286 881 3356 Explicat,
904 3296 952 3340 et
978 3286 1146 3355 longis
1168 3285 1382 3339 ducitur
1404 3286 1693 3340 ordinibus.

536 3356 821 3411 Exsultant
842 3358 1080 3426 fremitus
1104 3356 1371 3426 variarum
1392 3356 1508 3426 hinc
1530 3356 1648 3410 inde
1669 3358 1889 3418 viarum,

605 3424 883 3497 Indigena,
908 3435 956 3479 et
984 3426 1187 3497 Picens,
1211 3424 1355 3497 plebs
1375 3436 1425 3479 et
1451 3425 1676 3479 Etrusca
1694 3429 1853 3497 venit.

536 3496 787 3554 Convenit
811 3496 1070 3550 Samnitis
1093 3504 1248 3549 atrox
1268 3496 1554 3559 habitator,
1575 3506 1623 3550 et
1646 3496 1769 3551 alta:

605 3567 905 3635 Campanus
934 3564 1150 3634 Capuae,
1170 3565 1388 3634 jamque
1412 3564 1654 3620 Nolanus
1677 3567 1841 3623 adest.

537 3635 767 3707 Quisque
785 3653 881 3689 sua
903 3635 1055 3689 laetus
1076 3652 1190 3707 cum
1215 3638 1450 3704 conjuge,
1471 3636 1712 3707 dulcibus
1734 3648 1782 3691 et
1810 3654 1927 3691 cum

610 3706 929 3777 Pignoribus
952 3706 1196 3777 rapidum
1219 3722 1429 3777 carpere
1452 3706 1602 3775 gestit
1626 3707 1756 3770 iter;

546 3776 648 3832 Via:
667 3775 1071 3847 capiuntpatuli
1093 3775 1403 3847 propulerum
1426 3778 1620 3846 gaudia
1640 3779 1845 3847 campi;

584 3845 788 3901 .Hteret
811 3854 860 3899 et
883 3846 938 3899 in
960 3845 1161 3916 magnis
1183 3846 1345 3899 densa
1366 3845 1548 3900 cohors
1571 3845 1778 3916 spatiis.

540 3922 833 3984 Angustum
859 3916 1018 3969 tantis
1045 3915 1178 3968 illud
1201 3932 1380 3984 specus
1403 3932 1513 3970 esse
1540 3918 1757 3971 catervis

663 3987 769 4040 aud
798 3985 1015 4039 dubium
1048 3995 1148 4052 est,
1173 3984 1352 4055 ampla
1375 3986 1527 4056 fauce
1550 3987 1671 4041 licet
1690 3996 1890 4057 pateat.

428 4100 566 4153 Cum
597 4099 759 4171 igitur
795 4111 1098 4153 marmorea
1135 4094 1191 4152 S.
1228 4096 1499 4170 Hippolyti
1550 4100 1807 4155 cathedra
1860 4102 1996 4154 inter

431 4192 660 4257 hujusce
704 4191 999 4246 cmmeterii
1028 4190 1223 4243 rudera
1264 4189 1458 4244 eﬁ‘ossa
1495 4189 1677 4255 fuerit,
1709 4207 1868 4244 nemo
1896 4207 1998 4244 non

428 4283 573 4336 videt
603 4280 936 4351 Scaligerum
960 4280 1205 4350 aliosque
1230 4278 1367 4334 futili
1393 4280 1705 4336 coniectura
1725 4282 1999 4352 deceptos,

504 4460 615 4531 (45)
656 4459 713 4514 1η
753 4460 917 4514 citato
968 4458 1169 4531 hymno
1220 4457 1279 4531 S.
1309 4426 1580 4531 Hippolyti
1629 4464 1997 4517 coemeterium
2033 4466 2074 4519 D

427 4530 604 4602 ipsius
633 4531 704 4602 ita
733 4530 1018 4602 describit,
1041 4546 1185 4584 vers.
1220 4530 1315 4602 151
1346 4547 1360 4584 :

540 4600 697 4653 Haud
728 4599 909 4667 procul
934 4609 1165 4653 extremo
1190 4601 1335 4653 culta
1358 4599 1427 4652 ad
1451 4601 1702 4668 pomceria
1726 4601 1864 4655 vallo

609 4669 786 4723 Mersa
816 4669 1093 4739 latebrosis
1123 4679 1308 4739 crypta
1336 4679 1475 4739 patet
1506 4671 1684 4739 foveis.

543 4739 714 4810 Hujus
740 4741 796 4793 in
827 4738 1089 4810 occultum
1114 4738 1363 4808 gradibus
1386 4741 1468 4792 via
1496 4738 1661 4807 prona
1690 4742 1897 4810 reflexis

643 4826 697 4863 re
726 4825 818 4878 per
850 4809 1123 4878 anfractus
1153 4809 1266 4863 luce
1296 4810 1491 4862 latente
1519 4810 1688 4865 docet.

541 4878 752 4949 Prima's
784 4895 1005 4949 namque
1028 4880 1163 4948 fores
1193 4895 1397 4933 summa
1424 4891 1570 4933 tenus
1600 4882 1764 4934 intrat
1795 4882 1964 4948 hiatu,

607 4947 956 5018 lllustratque
983 4947 1092 5003 dies
1121 4949 1307 5003 limina
1336 4950 1598 5006 vestibuli.

536 5020 665 5089 Inde
692 5020 780 5072 ubi
808 5035 1085 5089 pregressu
1113 5019 1263 5087 facili
1293 5019 1578 5088 nigrescere
1608 5021 1721 5076 visa
1751 5034 1824 5076 est

608 5086 733 5143 Non:
764 5086 1006 5161 obscura,
1032 5086 1136 5161 loci
1160 5105 1251 5159 per
1277 5086 1457 5161 specus
1487 5091 1825 5161 ambiguum;

540 5157 837 5213 Occurrunt
872 5158 1023 5212 celsis
1052 5157 1307 5213 immensa
1336 5159 1602 5228 foramina
1632 5157 1777 5217 iectis

610 5229 969 5298 Qucejaciunt
999 5228 1170 5282 claros
1196 5238 1351 5283 antra
1381 5246 1535 5298 super
1566 5232 1764 5285 radios.

536 5298 836 5362 Quamlibet
869 5300 1122 5367 ancipites
1153 5307 1332 5352 texant
1360 5301 1482 5352 hinc
1513 5301 1635 5354 inde
1665 5318 1893 5359 recessus

607 5369 771 5421 Arcta
797 5368 890 5421 sub
927 5368 1185 5423 umbrosis
1213 5371 1353 5422 atria
1374 5370 1661 5438 porticibus
1685 5390 1703 5424 :

537 5438 781 5492 Attamen
808 5438 973 5492 excisi
999 5442 1177 5492 subter
1208 5456 1335 5492 cava
1363 5440 1558 5494 viscera
1584 5445 1773 5497 montis

610 5508 806 5562 Crebra
831 5520 925 5561 tere
939 5508 1088 5563 brato
1115 5510 1313 5578 fornice
1340 5509 1432 5561 lux
1465 5520 1719 5577 penetrat.

539 5574 631 5631 Sic
661 5579 823 5631 datur
852 5578 1080 5632 absentis
1110 5574 1202 5647 per
1229 5574 1569 5634 subterranea
1595 5583 1720 5634 solis

609 5649 829 5719 Cernere
857 5649 1134 5718 fulgorem,
1157 5648 1541 5719 luminibusque
1569 5651 1694 5717 frui.

424 5718 492 5773 Et
524 5717 685 5787 paulo
713 5727 853 5787 post,
888 5717 1030 5772 vers.
1062 5720 1270 5773 scilicet
1296 5718 1439 5773 17οε

541 5786 755 5844 Talibus
786 5787 1058 5859 Hippolyti
1083 5804 1265 5857 corpus
1298 5788 1578 5843 mandatur
1602 5790 1791 5858 opertis

2091 554 2236 624 quod
2286 554 2438 622 pejus
2469 561 2574 617 est,
2611 566 2711 604 nec
2742 552 2793 603 in
2822 548 3130 611 Portuensi,
3160 562 3260 602 nec
3292 547 3345 600 in
3386 547 3490 600 alia
3526 563 3663 616 qua-

2091 646 2173 699 vis
2210 643 2518 699 Occidentis
2562 641 2796 697 Ecclesia
2839 639 3045 694 sedisse
3085 654 3209 692 cum
3253 636 3470 707 Moynio
3506 648 3663 692 θείοιο-

2092 738 2273 806 risquc
2303 750 2583 806 perperam
2615 748 2828 803 negare.
2866 732 3086 801 Antiqui
3121 746 3249 800 ergo
3280 730 3483 785 Christi
3527 730 3662 784 ﬁde—

2092 829 2169 881 les
2205 835 2441 880 statuam
2478 823 2534 878 S.
2570 822 2841 893 Hippolyti
2874 822 3093 875 nomine
3134 820 3403 890 insignem
3439 821 3493 874 in
3531 835 3660 890 agro

2094 914 2307 971 Verano
2355 915 2455 969 vim
2503 914 2800 977 Tiburtinae
2840 913 3094 983 contiguo
3139 913 3503 974 collocarunt,
3553 928 3659 964 non

2092 1008 2235 1077 quod
2260 1008 2374 1076 ipse
2394 1005 2712 1061 Tiburtinus
2740 1004 2905 1057 fuerit
2931 1003 3240 1072 episcopus,
3270 1003 3363 1056 sed
3392 1003 3517 1071 quia
3542 1016 3661 1070 prc-

2093 1097 2395 1151 tiosissima’
2422 1095 2555 1149 tanti
2597 1091 2853 1162 martyris
2880 1091 3125 1159 pignora,
3155 1105 3185 1143 a
3214 1088 3380 1142 Portu
3416 1088 3660 1141 liomano

2093 1184 2588 1253 translata,|ibidem
2621 1180 2840 1235 fuerunt
2870 1180 3096 1248 sepulta.
3133 1178 3492 1249 Quapropter,
3525 1192 3664 1246 prte-

2095 1286 2176 1332 ter
2236 1277 2340 1330 hoc
2385 1273 2784 1329 nobilissimum
2818 1273 2988 1342 ipsius
3021 1280 3456 1336 monumentum,
3485 1270 3652 1323 mino-

2096 1383 2182 1422 res
2205 1368 2369 1422 etiam
2398 1365 2756 1436 imagunculae
2786 1363 3123 1436 anaglypbici
3153 1363 3333 1431 operis
3355 1362 3552 1416 ibidem
3575 1361 3664 1417 de-

2096 1467 2247 1513 tectae
2282 1466 2495 1527 patrum
2530 1466 2839 1515 nostrorum
2865 1456 3125 1510 memoria
3156 1453 3395 1520 fuerunt,
3426 1468 3660 1523 quarum

2093 1559 2304 1619 ectypa,
2362 1556 2421 1602 ut
2478 1548 2614 1604 alias
2662 1547 3093 1610 observavimus,
3145 1544 3303 1600 nobis
3359 1544 3664 1615 suppeditat

2093 1641 2403 1712 Aringhius.
2434 1640 2491 1695 S.
2525 1639 2794 1711 Hippolyti
2818 1640 2981 1711 igitur
3002 1646 3417 1694 monumentum
3450 1639 3504 1692 in
3533 1653 3664 1707 agro

2096 1734 2313 1789 Verane
2345 1742 2618 1804 repertum
2655 1747 2934 1803 nunquam
2981 1742 3057 1788 tot
3083 1732 3408 1802 scriptorum
3437 1732 3503 1787 de
3532 1730 3667 1785 Por-

2095 1826 2272 1881 tuensi
2324 1825 2451 1881 sede
2500 1826 2669 1895 ipsius
2726 1825 3050 1896 sententiam
3107 1822 3383 1878 inﬁrmare
3433 1825 3664 1893 poterit;

2097 1918 2206 1971 imo
2232 1918 2350 1987 ipsa
2380 1932 2445 1971 ex
2482 1917 2585 1972 hoc
2619 1916 2755 1970 miro
2779 1914 3003 1970 fulcitur
3026 1915 3360 1979 testimonio,
3391 1929 3513 1969 cum
3546 1928 3667 1966 mo-

2096 2016 2413 2061 numentum
2445 2004 2597 2069 illud,
2621 2005 2764 2074 quod
2791 2004 2850 2059 8.
2878 2002 3149 2074 Hippolyti
3180 2003 3417 2072 episcopi
3440 2011 3494 2057 et
3524 2017 3669 2055 mar-

2100 2096 2233 2167 tyris
2277 2111 2398 2150 esse
2447 2110 2606 2148 nemo
2651 2108 2891 2163 unquam
2930 2108 3129 2165 negare
3170 2107 3338 2147 ausus
3368 2102 3473 2159 est,
3504 2106 3671 2160 prope

2095 2186 2468 2242 coemeterium
2503 2184 2761 2240 eﬁossum
2799 2185 2890 2249 sit,
2927 2185 3018 2240 ubi
3054 2192 3201 2240 certo
3218 2185 3422 2239 scimus
3448 2182 3507 2237 8.
3539 2182 3669 2252 Hip-

2097 2276 2263 2348 polyti
2326 2275 2609 2346 reliquias,
2656 2291 2721 2330 ex
2772 2273 2936 2329 Portu
2994 2274 3242 2330 Romano
3301 2274 3670 2339 translatas,a

2098 2369 2299 2424 Christi
2324 2367 2575 2424 ﬁdelibus
2606 2366 2776 2422 fuisse
2806 2368 3095 2436 repositas.

2097 2484 2262 2538 XXV.
2294 2483 2551 2555 Moynius
2589 2483 2889 2555 Portuensis
2918 2482 3170 2543 Ecclesia:
3201 2481 3575 2555 antiquitatem
3607 2477 3666 2533 S.

2254 2550 2529 2626 Hippolyti
2561 2570 2667 2609 arvo
2700 2554 2956 2623 a’qualem
2982 2568 3256 2621 perperam
3284 2550 3508 2619 negavit.

2168 2646 2321 2702 Nunc
2353 2647 2619 2715 reliquum
2646 2654 2748 2710 est,
2780 2654 2836 2698 ut
2866 2644 3047 2711 aliqua
3095 2643 3163 2697 de
3212 2641 3532 2697 Portuensis
3572 2641 3671 2695 Ec-

2098 2740 2275 2795 clesia:
2304 2739 2624 2808 antiquitate
2654 2735 2857 2789 cursim
2901 2734 3220 2799 delibcmus,
3256 2749 3322 2788 ne
3360 2733 3483 2803 quis
3514 2734 3672 2788 nobis

2098 2833 2321 2901 ohjiciat
2351 2846 2473 2884 cum
2505 2827 2741 2899 Moynio,
2772 2825 2827 2879 S.
2863 2825 3212 2899 Hippolytum
3243 2824 3486 2894 ejusdem
3527 2822 3671 2878 sedis

2098 2922 2410 2989 episcopum
2445 2932 2564 2973 esse
2592 2933 2698 2971 non
2733 2916 3000 2986 potuisse,
3028 2930 3093 2969 eo
3123 2914 3267 2983 quod
3303 2914 3543 2983 sequiori
3576 2928 3672 2982 po-

2101 3011 2210 3066 tius
2251 3024 2386 3073 tero,
2414 3022 2579 3076 quam
2607 3006 3001 3075 antiquissimis
3034 3003 3092 3059 S.
3121 3003 3374 3075 martyris
3404 3005 3662 3071 tempori-

2100 3105 2201 3159 bus
2232 3101 2387 3156 sedes
2413 3098 2729 3156 Portuensis
2759 3096 3003 3151 instituta
3033 3111 3155 3151 esse
3183 3092 3607 3160 videatur.Quod
3626 3095 3671 3147 si

2099 3194 2457 3250 Portuensem
2525 3187 2822 3243 Ecclesiam
2882 3184 3281 3256 antiquissimis
3339 3183 3671 3253 temporibus

2100 3298 2229 3338 suos
2262 3281 2549 3351 episcopos
2587 3278 2844 3334 habuisse
2894 3278 3051 3332 nobis
3085 3276 3316 3346 probare
3363 3275 3670 3344 contigerit,

2100 3378 2329 3446 ipsemet
2370 3374 2618 3446 Moynius
2664 3389 2860 3427 manus
2890 3375 3060 3427 victas
3093 3371 3263 3436 dabit,
3293 3379 3345 3423 ct
3381 3368 3438 3423 8.
3472 3367 3675 3438 Hippo-

2098 3467 2292 3539 lytum,
2340 3481 2501 3536 quem
2549 3464 2752 3520 dudum
2803 3461 3111 3517 Homaeritis
3161 3462 3398 3515 tribuere
3444 3470 3675 3515 conatus

2099 3569 2203 3623 est,
2267 3558 2554 3613 Portuensi
2615 3555 2873 3611 Ecclesiae
2932 3554 3199 3609 restituet.
3256 3551 3334 3605 En
3389 3551 3673 3621 ipsiusmct

2100 3651 2301 3724 Moynii
2332 3651 2493 3706 verba
2525 3648 2636 3720 (49)
2671 3668 2683 3701 :
2723 3666 2741 3698 ι
2770 3648 3009 3717 ingenue
3057 3654 3237 3700 tamen
3284 3643 3558 3714 proﬁteor,
3590 3658 3675 3696 me

2101 3760 2224 3799 cum
2252 3743 2434 3798 multis
2464 3740 2620 3796 facile
2663 3739 3054 3806 admissurum,
3090 3735 3436 3807 Hippolytum
3468 3736 3677 3790 dictum

2102 3836 2413 3905 episcopum
2453 3816 2779 3896 Humanum,
2804 3831 2930 3901 quia
2961 3829 3154 3884 Portus
3186 3829 3239 3882 in
3269 3827 3511 3881 Romana
3539 3828 3675 3880 dioe-

2103 3926 2211 3980 cesi
2241 3933 2359 3979 erat
2388 3924 2698 3993 episcopus,
2731 3923 2777 3977 si
2807 3930 3082 3976 constaret
3107 3918 3328 3974 Portum
3359 3918 3526 3973 fuisse
3553 3919 3675 3986 cpi-

2103 4027 2383 4088 scopatum
2418 4025 2658 4085 tempore
2685 4013 2978 4085 Hippolyti,
3008 4024 3063 4068 et
3094 4013 3352 4082 episcOpo
3383 4011 3672 4066 Portuensi

2102 4107 2287 4159 eadem
2323 4105 2609 4174 permissa,
2640 4118 2762 4172 qua:
2795 4101 3190 4171 posterioribus
3229 4100 3562 4169 temporibus
3596 4099 3673 4153 illi

2104 4197 2366 4265 permissa
2397 4204 2524 4249 sunt
2550 4195 2603 4248 in
2627 4193 2815 4248 ordine
2845 4192 3224 4257 eardinalium,
3257 4193 3308 4245 in
3335 4191 3677 4247 ordinatione

2103 4296 2156 4341 et
2185 4287 2590 4342 consecratione
2622 4284 2891 4356 pontiﬁcis
2923 4282 3173 4345 Romani,
3207 4284 3332 4336 etin
3357 4284 3527 4338 sacris
3549 4285 3677 4353 qui-

2282 4462 2505 4533 PrOpter
2533 4462 2621 4514 ubi
2649 4462 2994 4533 appositaest
3020 4477 3117 4513 ara
3145 4462 3325 4533 dicata
3355 4461 3479 4514 Deo.

2211 4532 2318 4587 Illa
2346 4531 2666 4587 sacramenti
2693 4532 2944 4584 donatrix
2973 4547 3170 4594 mensa,
3207 4531 3488 4601 eademque

2278 4602 2467 4657 Custos
2496 4601 2606 4671 fida
2638 4602 2722 4655 sui
2754 4602 3005 4669 martyris
3036 4603 3301 4670 apposita,

2209 4673 2391 4729 Servat
2418 4679 2484 4726 ad
2519 4673 2703 4725 azterni
2735 4672 3091 4742 spemjudicis
3120 4688 3239 4725 ossa
3259 4672 3498 4742 sepulcro
3516 4714 3531 4735 ,

2279 4742 2463 4797 Pascit
2490 4744 2617 4796 item
2645 4743 2844 4797 sanctis
2879 4740 3167 4795 Tibricolas
3198 4740 3441 4811 dapibus.

2175 4835 2287 4905 (46)
2330 4837 2524 4907 Ingens
2574 4835 2963 4890 miraculorum
3018 4836 3170 4902 copia
3214 4834 3370 4907 ads.
3401 4834 3674 4907 Hippolyti

2105 4910 2371 4960 tumulum
2398 4904 2434 4959 a
2468 4906 2578 4961 Deo
2604 4914 2961 4975 patratorum,
2997 4907 3160 4958 etiam
3198 4906 3405 4973 abipso
3434 4904 3674 4958 Pruden-

2101 4979 2178 5031 tio
2216 4976 2542 5033 describitur
2566 4977 2670 5031 loc.
2704 4981 2796 5032 cit.
2826 4991 2967 5030 vers.
2997 4975 3100 5030 175
3127 4996 3140 5029 :

2208 5068 2351 5122 Mira
2373 5067 2475 5121 loci
2496 5069 2684 5137 pietas,
2708 5077 2757 5122 et
2779 5077 3020 5138 prompta
3041 5066 3373 5138 precantibus
3395 5083 3486 5118 ara

2280 5138 2409 5209 Spes
2431 5136 2697 5191 hominum
2718 5136 2932 5208 placida
2953 5138 3296 5209 prosperitate
3308 5136 3480 5203 juvat.

2209 5207 2310 5262 Hic
2325 5207 2640 5277 corruptelis
2664 5207 2930 5278 animique
2949 5218 2996 5260 et
3018 5207 3257 5278 corporis
3274 5222 3408 5273 (eger
3421 5246 3435 5269 ,

2278 5278 2440 5332 Oravi
2462 5279 2661 5348 quoties
2682 5277 2902 5340 stratus,
2926 5292 3072 5344 opem
3094 5277 3283 5348 merui.

2209 5348 2359 5414 Quod
2379 5345 2528 5403 lwtor
2549 5349 2745 5414 reditu,
2767 5349 2905 5416 quod
2932 5357 2999 5409 te,
3020 5345 3307 5416 venerande
3329 5346 3590 5416 sacerdos,

2273 5418 2556 5488 Complecti
2580 5414 2787 5471 licitum
2802 5428 2900 5481 est,
2923 5414 3093 5488 scribo
3117 5415 3254 5484 quod
3273 5415 3386 5488 hac
3403 5415 3598 5485 eadem,

2208 5483 2493 5559 Hippolyto
2516 5490 2623 5541 scio
2646 5503 2725 5539 me
2747 5487 2928 5559 debere
2949 5502 2967 5537 :
2993 5483 3137 5559 Deus
3152 5489 3236 5537 cui
3259 5483 3499 5538 Christus

2279 5556 2441 5612 Posse
2462 5559 2624 5622 dedit,
2648 5557 2785 5625 quod
2806 5557 2921 5625 quis
2942 5556 3165 5625 postulet
3213 5571 3459 5609 annuere.

2180 5651 2291 5719 (47)
2330 5650 2458 5705 Loc.
2495 5650 2588 5702 cit.
2628 5663 2769 5701 vers.
2804 5645 2931 5719 190.

2172 5715 2283 5786 (48)
2326 5719 2456 5773 an.
2491 5720 2582 5771 cit.
2621 5733 2762 5769 vers.
2797 5715 2921 5771 200.

2174 5790 2282 5859 (49)
2329 5790 2396 5844 De
2427 5791 2481 5844 S.
2515 5788 2800 5859 Hippolyto
2831 5787 3083 5854 diatriba,
3112 5805 3162 5860 ν.
3201 5788 3293 5856 29,
3328 5797 3459 5859 terg.
