4128 6380
465 323 572 377 535

1257 317 1342 372 DE
1376 312 1769 370 PORTUENSI
1807 313 1864 368 S.
1905 311 2280 368 HIPPOLYTI
2320 312 2511 368 SEDE.
2546 340 2616 352 —-
2647 307 2830 367 PARS
2868 307 2931 363 11.

3607 298 3712 355 556

463 442 693 497 busdam
721 441 988 496 obeundis
1009 440 1062 493 in
1080 439 1246 494 variis
1273 438 1458 493 Romae
1474 436 1686 493 sacellis
1708 445 1762 491 et
1781 435 2041 491 basilicis.
2078 440 2117 493 Α
2149 435 2350 490 nemini
2379 434 2603 489 dubium
2631 431 2753 486 erit.
2792 428 3040 500 Hoynius
3070 425 3236 480 nimis
3264 422 3621 482 conﬁdenter.
3652 436 3720 475 ne

465 533 570 588 Sed
605 536 705 588 ista
738 542 867 587 sunt
898 532 1169 601 sequioris
1201 530 1319 595 aavi,
1347 545 1447 583 nec
1477 528 1675 582 Portus
1701 528 2048 596 episcopatus

463 633 613 679 tanta
650 641 706 679 se
741 634 917 694 potest
944 632 1213 678 vetustate
1248 620 1656 676 commendare.
1683 638 1701 670 ι
1730 618 2049 672 Portuensis

463 718 812 786 episcopatus
853 714 1231 783 antiquitatem
1266 711 1514 781 Moynius
1541 710 1688 765 facili
1720 708 1937 780 negotio
1967 709 2051 762 in-

465 810 676 878 spicere
697 817 929 877 poterat,
947 807 991 861 si
1019 806 1363 860 uotissimum
1394 802 1736 873 Geograpliite
1758 819 1927 858 sacrm
1949 818 2019 858 vo
2036 831 2051 842 -

466 901 648 955 lumen
665 916 695 954 a
723 899 921 953 Carolo
945 914 975 952 a
1004 896 1209 952 Sancto
1230 897 1402 951 Paulo
1424 896 1760 950 elaboratum
1786 894 2052 965 tantisper

467 993 854 1059 consuluisset,
909 1008 1010 1048 nec
1054 993 1170 1047 solo
1209 991 1423 1062 Ughelli
1468 990 1787 1044 testimonio
1833 988 2053 1058 acquie-

468 1102 622 1143 scere
669 1086 970 1150 maluisset,
1027 1083 1122 1155 qui
1176 1091 1357 1136 tatnen
1408 1097 1519 1137 non
1573 1080 1868 1135 admodum
1926 1096 2052 1137 sero

468 1178 855 1234 Portuensium
905 1178 1292 1247 episcoporum
1347 1176 1543 1230 seriem
1591 1175 1869 1230 inchoavit
1912 1174 2049 1246 (50).

470 1271 701 1328 Carolus
730 1287 761 1326 a
797 1270 854 1325 S.
882 1269 1053 1325 Paulo
1073 1270 1186 1342 (51)
1211 1268 1532 1338 Gregorium
1559 1267 1771 1333 laudat,
1795 1268 1890 1339 qui
1920 1282 2053 1323 con-

470 1365 599 1419 cilio
630 1363 934 1418 Arelatensi
969 1362 1152 1433 primo
1184 1360 1431 1415 interfuit
1459 1368 1515 1415 et
1549 1360 1877 1431 subscripsit
1902 1358 2051 1431 (52);

471 1453 735 1522 Ughellus
788 1452 1098 1507 Romanum
1154 1451 1467 1522 subjungit,
1522 1451 1617 1520 qui
1639 1450 1785 1506 circa
1845 1465 2051 1504 annum

477 1546 691 1602 Domini
728 1546 834 1601 δτι)
865 1547 1019 1606 vixit,
1053 1553 1106 1599 et
1136 1545 1393 1614 deinceps
1439 1553 1707 1614 utrosque
1745 1552 2053 1614 sequuntur

472 1638 691 1706 Petrus,
720 1638 941 1700 Castus,
970 1638 1191 1707 aliique.
1236 1637 1281 1695 Α
1327 1636 1617 1692 Portuensi
1647 1637 1902 1705 episcOpo
1939 1634 2051 1689 Ro-

472 1748 695 1787 manum
731 1733 1045 1802 pontiﬁcem
1079 1730 1413 1793 consecrari,
1439 1744 1527 1783 res
1558 1744 1664 1783 non
1697 1728 1833 1783 adeo
1860 1743 2052 1783 recens

471 1834 592 1890 est;
627 1840 753 1879 nam
790 1840 853 1877 ex
886 1822 1092 1875 Diurno
1138 1820 1495 1874 Romanorum
1531 1821 1863 1891 pontiﬁcum,
1891 1835 2052 1889 quem

473 1916 760 1971 collectum
795 1922 919 1983 post
953 1929 1154 1967 annum
1179 1913 1284 1967 683
1318 1913 1510 1967 scribit
1536 1912 1656 1981 ejus
1687 1913 1864 1987 edi-tor
1892 1910 2060 1966 Joan-

474 2017 571 2056 nes
611 2000 941 2064 Garnerius,
996 2009 1214 2055 constat
1256 2001 1370 2070 jam
1425 2009 1554 2055 tunc
1602 2001 1865 2070 temporis
1912 2001 2059 2057 hunc

374 2140 386 2150 .
475 2108 680 2147 morem
723 2092 1038 2158 invaluisse,
1071 2101 1131 2146 ut
1171 2093 1459 2163 episcopus
1499 2092 1818 2148 Portuensis
1860 2108 2055 2147 conse-

476 2185 704 2241 crationi
756 2184 986 2239 Romani
1037 2185 1312 2254 pontiﬁcis
1359 2186 1645 2240 interesset
1681 2185 1819 2254 (55).
1885 2184 1956 2237 At
2010 2185 2059 2239 si

477 2278 666 2333 sedulo
698 2292 811 2330 rem
850 2278 1021 2347 ipsam
1057 2277 1439 2346 inspiciamus,
1485 2275 1718 2345 hujusce
1761 2276 1903 2331 ritus
1944 2275 2058 2344 pri-

478 2370 687 2424 mordia
716 2370 768 2423 in
799 2369 1046 2441 Romana
1086 2367 1325 2423 Ecclesia
1354 2368 1726 2424 vetustissima
1757 2383 1878 2423 esse
1900 2382 2060 2422 nemo

477 2461 778 2525 dubitabit,
817 2476 940 2515 eum
976 2460 1036 2515 S.
1079 2459 1369 2515 Cornelius
1407 2474 1545 2529 papa
1587 2460 1730 2530 apud
1762 2459 2059 2514 Eusebium

485 2571 503 2602 ι
524 2552 900 2606 adumbratam
930 2552 1079 2606 inani
1105 2551 1342 2621 quadam
1372 2567 1637 2605 manuum
1663 2551 2012 2622 impositione
2037 2572 2056 2602 ι

478 2642 766 2697 Noratiani
794 2644 1197 2699 ordinationem
1251 2644 1483 2713 appellet
1514 2643 1650 2713 (54),
1692 2658 1760 2697 eo
1802 2644 1968 2714 quod,
2002 2654 2062 2699 ut

482 2736 659 2805 inquit
694 2734 964 2791 Henricus
1000 2734 1251 2791 Valesius
1273 2776 1290 2802 ,
1347 2736 1490 2791 facta
1541 2719 1689 2791 esset
1724 2735 1793 2790 ab
1840 2736 2062 2793 alterius

481 2830 778 2897 provinciae
824 2830 1132 2898 episcopis,
1177 2844 1285 2883 non
1312 2830 1380 2883 ab
1433 2830 1501 2883 iis
1559 2830 1653 2897 qui
1703 2829 2062 2885 consecrandi

482 2920 755 2989 pontilicis
789 2919 1024 2974 Romani
1062 2921 1155 2990 jus
1184 2921 1459 2975 habebant
1501 2923 1637 2993 (55).
1667 2921 1804 2978 Hinc
1843 2933 2065 2992 apparet

484 3029 647 3082 quam
683 3013 953 3069 immenso
988 3014 1279 3070 vetustatis
1321 3013 1608 3070 intervallo
1647 3015 2060 3069 Homtcritarum

485 3106 757 3160 Ecclesias
782 3104 1104 3161 Portuensis
1135 3105 1454 3170 antecellat;
1486 3106 1692 3162 idcirco
1720 3108 1892 3176 ipsam
1921 3107 2061 3161 inter

485 3198 900 3269 antiquissimas
930 3198 1097 3253 totius
1133 3196 1298 3253 Italiae
1330 3199 1488 3255 sedes
1519 3198 1907 3255 recensendam
1941 3212 2061 3253 esse

563 3464 673 3535 (50)
717 3464 849 3520 Ital.
878 3481 1041 3529 βασι-η
1076 3473 1208 3519 tom.
1242 3462 1285 3528 1,
1316 3480 1438 3533 pag.
1475 3464 1510 3518 5
1547 3464 1678 3520 edit.
1716 3463 1936 3520 Veneta:
1964 3480 2065 3519 an-

490 3538 544 3590 ni
580 3537 737 3594 l7l7.
762 3544 893 3605 post
922 3536 980 3589 S.
1013 3535 1357 3605 Hippolytum
1403 3535 1711 3605 Romanum
1753 3536 2065 3605 episcopum

491 3621 636 3661 anno
677 3604 781 3660 570
812 3608 1105 3676 recensuit,
1136 3604 1387 3675 quamvis
1414 3604 1712 3661 Lueentius
1742 3604 2065 3676 Gregorium

493 3677 688 3729 deinde
713 3675 1050 3745 produxerit.

564 3747 677 3808 (fil)
717 3744 1014 3814 Ceogrupk.
1040 3764 1179 3801 sacr.
1219 3746 1419 3813 Itulim,
1444 3761 1498 3817 p.
1524 3746 1614 3801 47.

563 3818 677 3883 (52)
719 3817 919 3880 Mansi,
958 3816 1162 3872 Concil.
1205 3827 1243 3871 t.
1275 3819 1314 3871 Ι.

566 3888 678 3957 (55)
718 3886 775 3940 1n
803 3887 942 3940 libro
971 3886 1172 3942 Diuruo
1192 3888 1546 3942 Romanorum
1581 3886 1910 3957 pontiﬁcum.
1934 3901 1982 3940 c.
2008 3885 2066 3957 2,

495 3955 710 4013 articul.
738 3957 803 4020 8,
849 3957 989 4012 ritus
1033 3959 1317 4014 ordinandi
1367 3957 1680 4027 pontiﬁcis:
1723 3975 1741 4007 ι
1768 3955 1922 4010 Tunc
1953 3956 2069 4024 epi-

495 4044 695 4097 scopus
726 4028 1052 4097 Albanensis
1098 4030 1191 4083 dat
1237 4030 1539 4082 orationem
1576 4028 1837 4096 primam;
1873 4027 2068 4082 deinde

494 4095 783 4167 episcopus
843 4095 1164 4154 Portuensis
1216 4101 1310 4154 dat
1368 4095 1674 4153 orationem
1725 4097 2062 4157 secundam;

495 4171 841 4239 postmodum
872 4168 1218 4223 adducuntur
1250 4169 1559 4237 Evangelia.
1595 4177 1647 4222 et
1674 4168 1993 4236 aperiuntur
2015 4178 2070 4223 et

497 4238 937 4323 tenentur‘super
968 4251 1133 4323 caput
1159 4240 1313 4323 electi
1349 4257 1377 4322 a
1406 4238 1800 4323 dlaCOIllbllS‘:.)

571 4309 682 4377 (54)
724 4307 802 4361 En
828 4310 991 4362 verba
1017 4306 1233 4365 Eusebii
1260 4310 1450 4364 Latine
1479 4310 1687 4363 reddita
1722 4308 1811 4362 lib.
1838 4324 1891 4360 vr
1922 4306 2065 4363 llist.

497 4380 819 4450 ecclesiast.,
850 4394 967 4448 cap.
1001 4382 1070 4434 45
1092 4422 1107 4446 ,
1136 4397 1258 4450 pag.
1292 4381 1388 4434 3H
1417 4399 1428 4432 :
1474 4399 1493 4430 ι
1524 4379 1632 4432 Eos
1672 4380 2002 4450 (episcopos)
2037 4395 2067 4432 a

500 4449 826 4517 quibusdam
863 4450 948 4502 sui
987 4448 1281 4514 similibus,
1316 4465 1456 4519 quos
1500 4451 1564 4503 ad
1601 4450 1652 4502 id
1693 4448 2068 4519 (Noratianus)

500 4528 939 4587 comparaverat,
974 4522 1219 4575 inclusos
1259 4522 1391 4574 liora
1439 4521 1647 4574 decima
1673 4558 1687 4580 ,
1740 4519 2068 4573 temulentos

500 4600 555 4642 et
578 4589 798 4656 crapula
837 4604 1148 4657 oppressos,
1176 4592 1499 4644 adumbrata
1535 4591 1792 4657 quadam,
1825 4597 1879 4641 et
1919 4589 2067 4642 inani

502 4675 763 4712 manuum
800 4658 1165 4726 impositionc,
1203 4661 1576 4729 episcopatum
1602 4661 1706 4715 sibi
1734 4661 1949 4714 tradere
1976 4675 2071 4729 per

503 4730 722 4782 fraudes
739 4737 904 4797 atque
933 4730 1157 4784 insidias
1181 4731 1468 4784 Vindicat.)
1993 4756 2015 4773 ο

575 4800 687 4868 (55)
729 4798 786 4851 ln
821 4799 966 4852 notis
992 4800 1059 4854 ad
1099 4801 1243 4855 lnmc
1274 4802 1450 4855 locum
1481 4819 1493 4854 :
1535 4820 1553 4852 ι
1584 4799 1975 4854 Adumbratam
2017 4806 2073 4853 et

503 4886 717 4925 cassam
750 4870 896 4923 illam
929 4871 1217 4923 Novatiani
1246 4871 1643 4927 ordinationem
1683 4879 1843 4924 vocat
1866 4870 2072 4923 Corne-

504 4943 629 5006 Illis,
663 4939 809 5009 quod
843 4941 980 4993 facta
1011 4951 1152 4995 esset
1182 4942 1251 4994 ab
1278 4942 1502 4996 alterius
1532 4941 1823 5010 provinciae
1853 4940 2070 5008 episco-

502 5014 608 5079 pis,
648 5028 751 5063 non
781 5011 849 5064 ab
884 5011 948 5065 iis
988 5013 1077 5079 qui
1120 5013 1475 5065 consecrandi
1521 5012 1748 5065 Romani
1798 5010 2071 5078 pontificis

500 5082 591 5152 jus
618 5082 1216 5152 habebant;Aejusnl0di
1248 5093 1366 5135 erat
1400 5081 1689 5146 Ostiensis,
1726 5080 2065 5152 Tiburtinus,

504 5150 555 5205 et
590 5153 703 5211 alii,
735 5171 752 5203 ι
784 5161 887 5205 etc.
917 5150 989 5205 De
1020 5154 1123 5206 ritu
1157 5153 1508 5206 consecrandi
1539 5152 1769 5205 Romani
1800 5150 2071 5220 pontiﬁcis

503 5225 575 5274 ab
627 5223 935 5291 episcopis,
981 5224 1120 5278 inter
1168 5239 1305 5291 quos
1354 5223 1672 5277 Portuensis
1726 5231 2067 5291 numeratur,

505 5294 763 5361 legendus
792 5290 1139 5348 Christianus
1168 5290 1349 5362 Lupus
1379 5295 1539 5362 Oper.
1579 5303 1711 5346 tom.
1752 5290 1841 5357 Vl,
1873 5308 1927 5362 p.
1966 5292 2070 5346 5l5

504 5372 559 5431 et
588 5377 763 5431 seqq.,
793 5364 883 5416 ubi
914 5366 1022 5429 agit
1054 5365 1121 5418 dc
1168 5364 1528 5418 conciliabula
1567 5362 1902 5427 Brixinensi,
1936 5363 2066 5417 edit.

505 5429 722 5485 Venetae
748 5435 877 5485 anni
912 5434 1069 5497 1725,
1114 5444 1167 5487 et
1195 5437 1485 5488 Cataianus
1527 5435 1580 5488 in
1624 5432 1982 5488 Conimeutar.
2015 5434 2070 5486 in

505 5518 712 5555 σιω-θυι.
745 5514 944 5557 διιητιω
970 5505 1219 5558 Romana?
1247 5504 1517 5569 Ere/esia’,
1546 5505 1638 5557 lib.
1671 5520 1706 5567 ι,
1731 5503 1860 5575 §l'5,
1887 5521 1939 5574 p.
1967 5504 2069 5557 109

504 5582 559 5624 et
584 5588 760 5639 srqq.,
802 5576 929 5627 edit.
974 5575 1160 5628 Romae
1192 5577 1320 5628 anni
1352 5577 1507 5639 1750,
1547 5576 1749 5642 aliique
1792 5575 2064 5644 permulti,

506 5656 646 5710 quos
674 5644 901 5715 libenter
925 5646 1284 5715 przrterimus.
1313 5648 1405 5715 qui
1432 5646 1499 5699 de
1529 5663 1587 5700 re
1618 5648 1752 5699 satis
1799 5658 1922 5700 nota
1956 5661 2071 5698 ser-

507 5727 725 5785 monem
776 5714 1148 5785 instituerunt.
1212 5714 1554 5770 Tiburtinum
1611 5717 1927 5784 episcopum
1976 5717 2069 5785 jus

508 5782 767 5838 habuisse
817 5783 869 5837 in
922 5787 1331 5841 consecratione
1385 5787 1614 5841 Romani
1647 5782 2070 5856 'potitilirisfut

2149 527 2397 581 dicamus
2453 535 2684 590 temere,
2733 522 2904 593 ipsius
2954 518 3331 587 antiquitatem
3389 516 3444 570 in
3490 514 3718 570 dubium

2150 634 2405 674 revocare
2455 632 2626 671 ausus
2669 626 2771 678 est,
2816 624 2871 668 et
2916 628 3040 668 cum
3073 611 3368 680 Gregorius
3406 608 3577 677 ipsius
3606 607 3723 675 epi-

2152 727 2350 781 scopus
2365 711 2599 765 concilio
2616 707 2919 763 Arelatensi
2954 704 3286 766 interfuerit.
3304 701 3495 771 paucis
3516 699 3725 756 scilicet

2151 802 2309 857 annis
2364 810 2488 870 post
2543 798 2811 854 redditam
2860 795 3145 851 catholicae
3191 792 3450 848 Ecclesia:
3495 805 3723 861 pacem,

2154 891 2368 953 nullum
2392 888 2700 959 ambigendi
2728 888 2907 941 locum
2934 898 3222 955 superesse
3252 897 3561 946 censemus,
3590 878 3725 950 quin

2154 983 2472 1038 Portuensis
2530 982 2879 1051 episcopatus
2945 975 3246 1048 primordia
3312 975 3381 1030 ab
3438 972 3731 1044 Hippolyto

2155 1076 2447 1145 repetenda
2508 1089 2632 1130 esse
2691 1073 3021 1132 credamus,
3067 1070 3313 1138 aliosque
3367 1074 3491 1137 post
3545 1066 3728 1135 ipsum

2154 1172 2443 1241 episcopos
2472 1168 2828 1224 Portuensem
2869 1165 3168 1221 Eeclesiam
3198 1176 3371 1232 usque
3412 1159 3479 1215 ad
3518 1159 3732 1229 Grego-

2155 1263 2298 1317 rium
2356 1261 2695 1323 obtinuisse,
2754 1259 3146 1330 quinquaginta
3194 1255 3401 1312 scilicet
3460 1265 3733 1307 annorum

2155 1353 2461 1411 intervallo.
2487 1367 2724 1425 quorum
2770 1351 2994 1407 nomina
3035 1361 3340 1421 temporum
3382 1344 3581 1416 injuria
3604 1359 3737 1416 per-

2156 1446 2337 1500 ierunt
2360 1444 2497 1516 (56).

2162 1537 2356 1593 XXVI.
2403 1537 2610 1608 Moynii
2639 1538 2899 1592 diuinatio
2926 1537 2991 1591 de
3020 1536 3241 1608 antiquo
3272 1534 3470 1600 Partus
3506 1529 3739 1590 Romani

2530 1610 2668 1662 aeris
2699 1608 3070 1662 insalubritate
3092 1607 3351 1677 rejicitur.

2226 1714 2336 1771 Nec
2372 1716 2622 1785 insurgat
2654 1713 2905 1787 Moynius
2934 1714 3043 1769 loc.
3087 1710 3337 1781 proxime
3376 1707 3543 1763 citato
3590 1701 3741 1774 obji-

2159 1808 2354 1864 ciendo
2370 1808 2590 1863 Portum
2614 1804 3059 1871 Romanum,aeri
3082 1800 3392 1858 inclementi
3409 1796 3742 1860 obnoxium,

2160 1901 2525 1973 paucissimos
2548 1914 2763 1969 semper
2788 1897 2995 1953 aluisse
3021 1896 3369 1953 habitatores.
3404 1910 3423 1944 ι
3448 1889 3576 1944 Erat
3599 1888 3745 1942 Por-

2163 2003 2252 2048 tus
2283 1991 2551 2048 Ostiensis
2578 2008 2607 2046 a
2647 1990 2874 2046 Claudio
2900 1996 3283 2052 constructus,
3317 2000 3347 2040 a
3381 1982 3617 2051 Traiano
3649 1995 3745 2035 re-

2164 2095 2409 2157 paratus,
2442 2085 2595 2155 gravi
2623 2094 2678 2139 et
2719 2082 3032 2139 inclementi
3059 2080 3171 2135 aeri
3214 2076 3509 2140 obnoxius,
3556 2083 3612 2128 et
3641 2071 3742 2143 qui

2162 2180 2529 2249 paucissimos
2576 2194 2791 2249 semper
2833 2176 2969 2231 aluit
3022 2175 3302 2245 indigenas
3351 2180 3407 2227 et
3455 2170 3683 2226 incolas.
3713 2188 3738 2220 ι

2161 2272 2321 2327 Aeris
2349 2271 2496 2324 enim
2531 2270 2896 2334 inclementia,
2927 2282 3049 2338 qua:
3090 2281 3236 2321 nunc
3274 2281 3371 2335 per
3398 2278 3591 2334 agrum
3623 2260 3744 2314 Ro-

2163 2380 2386 2419 manum
2414 2364 2485 2418 ob
2514 2364 2813 2434 neglectam
2852 2362 3026 2432 ipsius
3048 2362 3320 2417 culturam
3344 2358 3504 2426 longe
3524 2356 3744 2424 lateque

2170 2465 2483 2528 grassatur,
2538 2455 2595 2512 S.
2644 2454 2915 2525 Hippolyti
2974 2468 3089 2507 aevo
3137 2450 3402 2505 Romanis
3432 2448 3743 2516 exterisque

2163 2551 2408 2606 inaudita
2445 2550 2564 2605 fuit.
2597 2548 2857 2603 Minutius
2900 2547 3050 2602 Felix
3078 2546 3137 2602 S.
3173 2542 3445 2614 Hippolyti
3475 2539 3721 2613 synchro

2163 2661 2270 2699 nus
2317 2644 2717 2697 vindemiarum
2774 2652 3015 2710 tempore
3061 2654 3157 2711 per
3186 2639 3354 2695 otium
3404 2632 3614 2690 Ostiam
3655 2645 3726 2686 se

2165 2737 2330 2793 cessit
2355 2752 2477 2791 eum
2509 2733 2737 2789 Octavio
2767 2751 2830 2789 ac
2860 2733 3079 2789 Caecilio
3118 2729 3319 2797 Natali,
3352 2729 3641 2799 ipsamque
3668 2726 3739 2781 ob

2166 2828 2309 2882 aeris
2352 2828 2724 2881 salubritatem
2775 2837 2936 2895 atque
2978 2824 3321 2880 clementiam
3356 2821 3557 2876 eximie
3586 2832 3737 2874 com-

2169 2920 2409 2973 mendat.
2439 2917 2519 2972 En
2566 2919 2701 2973 tanti
2753 2917 3037 2987 scriptoris
3066 2916 3230 2971 verba
3273 2913 3424 2984 (57):
3468 2931 3502 2995 ι.
3531 2911 3741 2966 Placuit

2170 3012 2377 3067 Ostiam
2412 3021 2612 3082 petere,
2641 3012 3057 3064 amantissimam
3091 3009 3383 3069 civitatem,
3420 3005 3568 3074 quod
3600 3011 3743 3057 esset

2171 3106 2386 3176 corpori
2413 3120 2535 3160 meo
2564 3105 2839 3162 siccandis
2868 3103 3189 3158 humoribus
3224 3101 3294 3156 de
3329 3098 3560 3154 marinis
3595 3098 3730 3151 lava-

2168 3198 2275 3253 cris
2307 3198 2504 3254 blanda
2537 3208 2589 3253 et
2633 3197 2883 3268 apposita
2915 3195 3165 3260 curatio;
3196 3213 3213 3244 ι
3248 3202 3303 3249 et
3344 3191 3534 3263 paucis
3575 3189 3732 3245 inter-

2168 3464 2357 3519 seribit
2401 3463 2602 3518 citatus
2634 3460 2909 3529 Valesius,
2949 3461 3139 3516 nullibi
3171 3460 3330 3517 nobis
3375 3460 3616 3533 reperire.
3645 3461 3753 3518 da.

2167 3544 2280 3591 tum
2311 3545 2413 3589 est.

2239 3606 2354 3675 (56)
2394 3602 2712 3659 Portuensis
2734 3601 2991 3659 Eeelesiae
3021 3603 3322 3672 antiquitas
3350 3603 3435 3675 vel
3474 3603 3640 3659 etiam
3672 3605 3754 3661 ab

2167 3692 2233 3731 eo
2268 3675 2676 3744 comprobatur,
2705 3675 2850 3743 quod
2897 3675 3298 3743 antiquissimis
3334 3674 3500 3728 etiam
3534 3684 3754 3744 tempo-

2169 3748 2320 3802 ribus
2352 3744 2648 3799 Christiani
2680 3745 2733 3797 in
2770 3744 2932 3799 POI'lll
2968 3744 3215 3798 Romano
3241 3745 3571 3810 exstiterint,
3605 3762 3754 3815 quo-

2166 3831 2289 3871 rum
2334 3816 2592 3886 nonnulli
2617 3815 2863 3886 martyrii
2900 3816 3150 3886 palmam
3178 3824 3310 3886 sunt
3345 3818 3750 3886 assecutitqui

2169 3886 2224 3941 iu
2253 3885 2637 3956 Martyrologio
2673 3884 2920 3956 Romano
2949 3895 3078 3940 sunt
3124 3885 3404 3955 descripti.
3457 3887 3571 3940 Sub
3606 3884 3749 3942 Tra-

2165 3958 2296 4027 jano
2345 3954 2675 4027 imperatore
2707 3954 3079 4027 Hyacinthum
3132 3965 3426 4027 martyrem
3472 3957 3527 4010 in
3572 3956 3743 4012 Porttt

2174 4024 2664 4082 Romauo’obiisse
2705 4024 2779 4079 in'
2806 4024 3194 4096 Martyrologio
3245 4024 3495 4096 Romano
3533 4028 3621 4083 die
3671 4029 3752 4084 26

2170 4097 2296 4177 iplii
2329 4096 2582 4177 legimus,
2624 4096 2691 4177 de
2722 4111 2833 4177 quo
2879 4095 3041 4177 etiam
3083 4097 3201 4177 agit
3248 4095 3745 4177 Usuardus,_hA_do,

2172 4164 2617 4236 Martyrologium
2644 4164 2933 4227 Fuldense.
2967 4175 3022 4221 et
3047 4164 3147 4220 alii
3165 4168 3515 4223 recentiores.
3541 4164 3750 4225 Viden-'-

2172 4227 2498 4308 dusAGiorgi
2527 4239 2581 4291 in
2626 4239 2772 4308 not_is
2816 4239 2881 4290 ad
2917 4237 3361 4308 Martyrologium
3408 4238 3616 4294 Adonis
3653 4240 3746 4295 die

2172 4308 2240 4361 Ξ).ίί
2274 4306 2424 4367 Julii,
2457 4324 2511 4377 p.
2544 4308 2668 4371 555,
2709 4306 3092 4362 Tillemontius
3128 4306 3259 4361 toni.
3310 4307 3387 4367 ιι..
3425 4324 3477 4376 p.
3513 4310 3655 4374 573,
3688 4318 3746 4365 et

2172 4378 2510 4432 Bollandiani
2563 4378 2693 4432 socii
2745 4379 2831 4431 die
2878 4379 2949 4431 ‘26
3012 4377 3148 4442 Jul.,
3194 4378 3314 4432 Act.
3376 4379 3476 4433 SS.
3535 4381 3745 4436 mensis

2172 4447 2324 4509 Julii,
2363 4462 2498 4502 tom.
2541 4447 2625 4511 Vl,
2655 4464 2775 4516 pag.
2828 4449 2932 4502 503
2971 4449 3103 4504 edit.
3154 4447 3370 4504 Venetae
3410 4451 3537 4504 anni
3576 4451 3737 4507 l7i9.

2106 4517 2143 4565 ἰ)
2171 4519 2574 4590 Quinquaginta
2607 4519 2805 4590 milites
2837 4529 3101 4590 martyres
3131 4520 3183 4573 in
3217 4523 3595 4588 persecutione
3636 4520 3743 4575 Va-

2174 4590 2363 4643 leriani
2401 4590 2452 4640 in
2481 4589 2644 4643 Portu
2689 4588 2935 4641 Romano
2970 4588 3184 4643 decisos
3222 4589 3388 4643 refert
3423 4592 3563 4645 idem
3594 4591 3744 4645 Mar-

2172 4660 2499 4732 tyrologium
2543 4658 2968 4732 Romanutn_t_lie
3006 4659 3039 4713 8
3079 4660 3230 4723 Julii,
3276 4671 3327 4732 et
3360 4662 3447 4715 die
3485 4662 3551 4716 15
3593 4664 3743 4732 ejus-

2171 4728 2293 4785 dem
2324 4733 2378 4781 in
2403 4730 2593 4783 eodem
2640 4728 2806 4783 Portu
2866 4729 3113 4784 liontano
3167 4731 3365 4786 natalis
3421 4728 3740 4786 sanctof-um

2173 4808 2473 4869 martyrum
2506 4799 2785 4870 Eutropii,
2842 4800 3075 4855 Zosima:
3108 4811 3162 4855 et
3214 4800 3447 4856 Bonosa:
3485 4818 3741 4858 sororum

2171 4871 2517 4925 describitur.
2583 4871 2714 4923 ltem
2772 4872 2846 4924 Ἡ
2900 4873 3131 4940 Augusti
3193 4870 3247 4924 in
3323 4872 3514 4926 eodem
3570 4871 3741 4927 Portu

2174 4940 2420 4995 Romano
2450 4942 2712 4994 memoria
2738 4952 3052 4996 sanctorum
3106 4951 3403 5011 martyrum
3453 4942 3739 5009 Martialis,

2175 5011 2477 5073 Saturnini.
2508 5011 2767 5081 Epicteti,
2802 5012 3044 5082 Maprilis
3074 5025 3128 5066 et
3179 5010 3375 5066 Felicis
3414 5029 3538 5068 cum
3572 5016 3741 5068 sociis

2171 5097 2385 5145 eorum,
2420 5084 2668 5137 habetur.
2704 5083 2952 5137 Secunda
2982 5082 3158 5136 Martii
3196 5084 3250 5135 in
3292 5082 3456 5139 Portu
3488 5082 3739 5138 Romano

2173 5162 2390 5224 sanctos
2416 5163 2682 5224 martyres
2716 5153 2965 5219 Paulum,
2999 5152 3331 5218 Heracliam,
3365 5153 3736 5224 Secundillam

2172 5233 2227 5276 et
2278 5221 2597 5277 Januarium
2647 5236 2862 5277 notatos
2926 5225 3281 5289 invenimus;
3343 5227 3430 5280 die
3476 5228 3545 5279 Ἃ
3605 5223 3735 5279 Maii

2174 5292 2598 5366 SaVittcenlium
2626 5307 2933 5366 martyrem,
2953 5304 3008 5348 et
3028 5298 3214 5365 quinta
3236 5296 3470 5365 denique
3491 5297 3739 5366 Septem-

2170 5364 2582 5437 brisusauctum
2639 5364 3391 5437 Herculanum_;martyrem.i
3418 5370 3491 5422 De
3537 5364 3739 5437 quibus

2171 5435 2427 5490 omnibus
2450 5437 2656 5506 legendi
2677 5446 2804 5490 sunt
2831 5435 2993 5501 Beda,
3017 5434 3321 5503 Usuardus,
3340 5438 3480 5504 Ado,
3509 5434 3734 5506 aliique,

2170 5521 2273 5559 nec
2311 5521 2420 5559 non
2454 5506 2723 5577 Baronins
2751 5508 2805 5560 iit
2850 5509 2992 5561 notis
3026 5508 3093 5561 ad
3127 5507 3594 5577 Martyrologium,
3622 5506 3738 5561 Do-

2172 5577 2405 5651 niinicus
2434 5576 2627 5651 Giorgi
2657 5578 2710 5630 in
2759 5578 2871 5651 suis
2904 5579 2971 5651 ad
3019 5579 3223 5651 Adonis
3262 5576 3735 5651 Martyrologium,

2173 5644 2436 5718 Sollerius
2470 5650 2534 5701 ad
2574 5644 3018 5718 Martyrologium
3068 5649 3301 5703 Usuardi
3342 5644 3736 5713 luctationibus,

2170 5727 2222 5772 et
2259 5716 2594 5771 Bollandiani
2630 5716 2763 5773 socii
2794 5719 2847 5771 in
2876 5716 3129 5788 superius
3164 5719 3448 5775 recensitis
3484 5722 3697 5788 diebus.

2241 5788 2353 5860 (57)
2398 5788 2425 5859 §
2454 5790 2509 5853 ‘2,
2540 5806 2659 5858 pag.
2690 5791 2755 5843 44
2779 5791 2904 5845 edit.
2936 5780 3296 5857 Cantabrigi-.e
3324 5806 3412 5845 an.
3449 5780 3693 6161 l707\
3712 5842 3723 5887 1‘
3830 5850 3867 5889 λ

3722 5892 3735 5933 χ
3784 5896 3823 5925 χ
3851 5901 3865 5919 ι

3722 5892 3865 5933 κί-
