4128 6378
336 346 434 402 557

1131 345 1219 401 DE
1258 343 1651 403 PORTUENSl
1686 344 1742 401 S.
1786 342 2152 401 HIPPOLYTI
2190 344 2382 400 SEDE.
2415 376 2484 386 -—
2517 343 2699 400 PARS
2737 343 2797 398 ll.

3467 342 3573 400 538

328 468 486 537 jectis
514 485 525 520 :
560 483 580 517 ι
610 464 796 537 Itaque
820 482 944 521 cum
976 466 1215 523 diluculo
1236 468 1304 524 ad
1336 482 1486 524 mare
1505 468 1895 523 inambulando
1923 470 1969 528 Α
1994 483 2115 537 qua:
2142 467 2211 523 de
2240 467 2557 537 huiusmodi
2584 466 2941 536 antiquorum
2963 463 3208 536 collegiis
3233 464 3336 522 viri
3365 464 3572 520 doctis-

335 561 507 615 littore
534 574 904 629 pergeremus,
928 568 988 615 ιιι
1009 570 1063 615 et
1083 576 1216 615 aura
1239 561 1489 630 aspirans
1508 560 1698 616 leniter
1717 576 1895 615 mem-

332 653 425 707 bra
457 660 745 722 vegetaret,
772 664 826 707 et
852 668 977 707 cum
1004 653 1203 708 eximia
1235 653 1510 723 voluptate
1545 653 1697 708 molli
1730 656 1896 709 vesti-

334 746 417 815 gio
465 745 665 805 cedens
692 759 854 799 arena
902 745 1288 800 subsisteret...
1319 764 1338 796 ι
1392 744 1682 814 Perpensis
1729 746 1896 817 igitur

332 835 543 890 eximiis
584 836 734 890 hisce
766 834 978 891 Minutii
1004 837 1203 902 verbis,
1233 837 1356 906 quis
1388 852 1630 907 unquam
1653 837 1719 892 de
1748 837 1897 892 salu-

333 927 523 980 britate
551 925 749 983 Portus
773 925 1003 982 Romani
1037 927 1201 983 Ostia:
1228 928 1443 983 finitimi
1474 937 1617 984 recte
1649 928 1900 985 dubitare

330 1020 570 1088 poterit?
603 1018 943 1091 Quapropter
968 1021 1093 1090 jure
1139 1036 1203 1075 ac
1241 1023 1440 1077 merito
1476 1021 1715 1077 Jacobus
1754 1020 1895 1076 Gro-

331 1112 524 1165 novius
568 1112 1008 1180 patentissimum
1056 1111 1256 1186 Moynii
1308 1113 1519 1183 lapsum
1572 1113 1798 1183 castigat
1843 1113 1895 1166 in

330 1206 469 1257 notis
492 1205 561 1259 ad
588 1205 733 1259 hunc
766 1204 978 1259 Minutii
1013 1206 1193 1261 locum
1220 1206 1305 1262 his
1327 1207 1537 1262 verbis:
1567 1224 1585 1257 ι
1608 1206 1744 1260 Cum
1770 1220 1898 1260 vero

329 1296 535 1351 Ostiam
570 1297 643 1351 ita
676 1298 955 1353 cernimus
982 1298 1051 1353 ab
1076 1307 1300 1354 auctore
1324 1298 1677 1369 descriptam,
1705 1309 1765 1352 ut
1788 1312 1898 1351 non

329 1388 489 1443 modo
541 1389 974 1444 amoenissimam
1016 1404 1216 1445 vocare
1254 1390 1548 1456 censuerit,
1593 1390 1686 1445 sed
1734 1391 1896 1444 etiam

264 1472 287 1486 ⁸
327 1483 822 1551 commendaverit;
853 1494 968 1539 tum
1009 1499 1039 1538 a
1077 1485 1306 1539 marinis
1348 1484 1592 1548 balneis,
1619 1491 1738 1538 tum
1769 1498 1899 1537 vero

328 1574 394 1629 ab
424 1590 597 1641 aura;
646 1575 775 1631 hinc
816 1575 969 1631 fateri
1012 1591 1199 1647 cegor,
1232 1592 1317 1632 me
1347 1578 1594 1643 nescire,
1646 1591 1716 1630 au
1760 1575 1900 1629 ratio

330 1682 426 1722 sua
481 1668 790 1723 constiterit
846 1668 1220 1723 eruditissimo
1286 1669 1560 1739 quondam
1612 1675 1804 1723 nostro
1850 1667 1900 1721 le

329 1757 539 1830 Moyne,
572 1774 696 1815 cum
721 1760 775 1813 in
801 1758 1206 1832 Prolegomenis
1235 1761 1301 1815 ad
1334 1759 1499 1815 Varia
1524 1777 1697 1825 sacra,
1726 1775 1782 1830 p.
1803 1758 1894 1824 20,

330 1851 581 1920 scripsit:
625 1870 644 1903 ς
681 1849 812 1906 Erat
866 1851 1066 1908 Portus
1113 1850 1381 1909 Ostiensis
1429 1868 1460 1908 a
1492 1852 1721 1907 Claudio
1768 1868 1903 1908 con-

334 1959 353 1991 ι
389 1949 658 2004 structus,
708 1956 739 1996 a
791 1940 1030 2011 ’l‘rajano
1075 1950 1390 2011 reparatus,
1443 1941 1592 2012 gravi
1638 1950 1695 1997 et
1734 1942 1902 1997 incle-

334 2050 352 2084 ι
392 2033 561 2087 menti
589 2033 701 2087 aeri
730 2034 1034 2098 obnoxius,
1067 2042 1121 2088 et
1148 2033 1242 2103 qui
1288 2034 1650 2104 paucissimos
1690 2048 1905 2103 semper

333 2142 352 2176 ι
391 2125 529 2179 aluit
584 2124 868 2194 indigenas
916 2133 971 2180 et
1020 2126 1246 2181 incolas.
1278 2143 1297 2177 ι
1349 2126 1527 2180 Credo
1571 2124 1906 2195 frequentio—

331 2231 439 2270 rem
469 2215 687 2271 Ostiam
720 2216 911 2283 foisse,
937 2232 1038 2272 nec
1080 2227 1263 2272 tamen
1312 2216 1644 2287 Procopius,
1690 2227 1783 2272 aut
1813 2218 1904 2271 alii

329 2305 564 2370 Ostiam,
598 2308 681 2362 vel
729 2307 952 2363 Portum
999 2310 1081 2365 sic
1116 2309 1447 2379 deprimunt.
1475 2328 1493 2361 ι
1532 2308 1657 2365 Ηιιθο
1694 2308 1905 2364 Grono-

328 2398 463 2451 vius.
503 2396 709 2453 Verum
746 2399 792 2453 si
824 2399 948 2467 quis
990 2414 1104 2454 rem
1133 2400 1295 2455 altius
1320 2398 1646 2469 disquirere,
1675 2406 1731 2454 et
1760 2398 1904 2454 aeris

330 2489 694 2543 inclementim
745 2491 1051 2560 originem,
1099 2506 1206 2560 qua
1253 2506 1401 2546 nunc
1450 2505 1578 2560 ager
1621 2489 1904 2546 Romanus

330 2581 567 2648 laborat,
594 2583 926 2650 perscrutari
949 2582 1126 2649 vellet,
1157 2583 1317 2652 legat,
1355 2583 1401 2638 si
1434 2582 1603 2648 lubet,
1627 2582 1903 2637 eruditum

327 2671 557 2728 Joannis
580 2673 833 2744 Baptistae
853 2674 1011 2730 Donii
1035 2676 1277 2730 libellum
1301 2674 1373 2728 De
1392 2674 1765 2729 insalubritate
1788 2675 1904 2745 agri

331 2765 592 2830 Romani,
642 2775 698 2820 et
745 2767 1134 2837 sapientissimi
1205 2766 1307 2819 viri
1361 2765 1690 2821 Fcrdinandi
1751 2768 1901 2822 card.

329 2857 508 2929 Nuptii
536 2859 978 2929 disquisitionem
1004 2852 1082 2912 De
1112 2857 1335 2912 Romani
1364 2861 1480 2929 agri
1514 2859 1723 2913 cultura
1753 2861 1907 2914 resti-

331 2948 567 3002 tuenda:
611 2949 757 3018 quod
814 2963 947 3002 vero
997 2948 1315 3018 paucissimi
1375 2949 1635 3004 mortales
1678 2949 1902 3004 Portum

331 3037 643 3093 Romanum
692 3047 823 3094 tunc
868 3039 1133 3108 temporis
1178 3038 1509 3105 habitarent,
1544 3040 1647 3095 hoc
1698 3043 1903 3095 nemini

330 3134 565 3202 probare
588 3132 784 3201 poterit
811 3129 1091 3201 Moyntus;
1116 3131 1243 3199 quis
1269 3131 1417 3184 enim
1446 3131 1548 3186 sibi
1580 3133 1905 3201 persuadeat

329 3225 749 3281 celeberrimum
780 3224 968 3279 mundi
998 3233 1216 3293 portum
1240 3222 1307 3277 ad
1332 3239 1492 3294 quem
1525 3239 1750 3292 merces,
1782 3240 1904 3295 qua:

327 3330 392 3371 ex
421 3325 543 3371 toto
572 3324 843 3370 terrarum
874 3316 1013 3370 orbe
1062 3314 1292 3370 Romam
1340 3316 1579 3386 gentium
1626 3317 1902 3372 dominam

328 3409 856 3481 comportabantur,
890 3408 1162 3478 appellere
1190 3422 1421 3465 necesse
1461 3419 1601 3473 erat,
1641 3410 1778 3465 adeo
1817 3410 1905 3464 in-

328 3502 459 3558 colis
491 3501 842 3564 destitutum,
892 3510 953 3553 ut
982 3500 1345 3569 paucissimos
1388 3509 1596 3555 tantum
1650 3502 1906 3558 mortales

329 3593 533 3650 aluisse
555 3593 887 3648 credendum
907 3592 1021 3647 sit?
1054 3590 1110 3646 Si
1134 3593 1386 3662 antiquos
1411 3592 1618 3663 lapides
1645 3594 1907 3665 tantisper

329 3685 694 3750 consulimus,
722 3699 832 3737 non
856 3683 1089 3754 exiguus
1123 3684 1305 3737 statim
1329 3683 1614 3739 hominum
1648 3701 1908 3742 numerus

331 3777 583 3848 emergit,
618 3775 713 3845 qui
746 3775 982 3846 publicis
1022 3775 1405 3831 tantummodo
1448 3774 1649 3832 Portus
1673 3760 1906 3831 Remani

332 3869 525 3925 usibus
548 3869 808 3923 destinati
838 3866 1012 3931 fuere,
1046 3882 1280 3936 quorum
1309 3884 1563 3938 corpora,
1588 3870 1704 3925 sive
1744 3870 1907 3925 colle-

332 3961 418 4030 gia
447 3960 509 4015 in
541 3960 739 4015 iisdem
769 3961 1140 4016 monumentis
1163 3975 1305 4031 saepe
1333 3971 1729 4029 memorantur,
1762 3963 1912 4017 scili-

332 4061 415 4108 cet
453 4051 773 4118 fabrorum,
824 4054 1183 4119 tignariorum
1207 4093 1222 4117 ,
1270 4050 1664 4119 ferrariorum,
1700 4055 1910 4109 tabula-
1956 4119 1960 4123 ‘

332 4147 563 4211 riorum,
596 4160 938 4209 mensorum,
982 4144 1260 4201 fabrorum
1297 4145 1571 4199 navalium
1599 4145 1736 4216 (58),
1775 4147 1910 4201 alio-

334 4253 592 4309 rumque,
621 4253 854 4307 quorum
882 4252 1169 4292 numerum
1205 4252 1270 4290 ex
1296 4237 1362 4291 iis
1390 4236 1643 4307 colligere
1687 4236 1770 4292 fas
1801 4246 1908 4305 est,

404 4457 522 4526 (58)
564 4455 707 4524 Lege
740 4456 1029 4513 Gruternm
1061 4474 1115 4527 p.
1140 4457 1267 4523 457,
1305 4474 1457 4513 num.
1485 4459 1541 4524 2,
1580 4459 1671 4513 ubi
1708 4460 1761 4514 in
1792 4461 1907 4516 basi

336 4536 530 4582 statua:
554 4536 781 4595 reperta:
802 4544 891 4582 an.
919 4528 1057 4583 1590
1079 4528 1273 4583 Ostire:
1313 4529 1567 4583 Fabrum.
1597 4529 1907 4587 Navalium.

337 4595 583 4652 Partem.
634 4596 856 4666 Corpus.
918 4597 1176 4653 Fabrum.
1236 4597 1526 4653 Navalium
1579 4600 1806 4656 Ostiens.
1858 4612 1912 4657 et

336 4668 539 4740 p.462,
560 4686 616 4722 ιι.
644 4667 667 4720 1
694 4686 713 4740 ξ
746 4667 1026 4740 Mensores.
1059 4667 1191 4740 Nos.
1214 4670 1549 4740 Portuenses.
1571 4671 1715 4740 quib.
1742 4683 1906 4727 vetus.

338 4730 435 4810 fuit
483 4755 623 4810 cum.
679 4737 1018 4792 Caudicariis
1056 4739 1435 4810 Diuturnumq.
1482 4730 1792 4796 Luctamen.
1836 4741 1911 4798 De

338 4806 582 4880 collegiis
631 4809 1020 4880 supr-ascriptis
1064 4810 1231 4864 multa
1265 4806 1502 4879 reperies
1536 4814 1679 4880 apud
1712 4812 1908 4867 Grute-

340 4890 459 4931 rum
485 4879 735 4948 aliosque
767 4879 1182 4948 inscriptionum
1212 4880 1550 4936 collectores.

409 4947 684 5031 5591b“).
719 4963 830 5010 xiv,
984 4948 1241 5031 ᾕρεε.
1272 4950 1345 5031 1,
1385 4966 1503 5031 pag.
1539 4951 1669 5018 294,
1708 4953 1909 5031 tom._V

337 5018 471 5087 edit.
509 5017 707 5087 Lipsiae
736 5019 865 5072 anni
901 5018 1060 5074 1741.
1090 5019 1164 5074 De
1192 5017 1518 5075 caudicariis
1550 5031 1604 5076 et
1634 5017 1909 5078 mensori-

339 5084 440 5142 bus
452 5084 847 5162 Portuensibns
870 5090 1047 5159 agitur
1069 5091 1254 5162 eodem
1286 5091 1382 5145 lib.-
1409 5108 1519 5155 xtv,
1544 5093 1625 5146 tit.
1644 5093 1697 5151 4.
1724 5094 1829 5162 leg.
1853 5095 1908 5158 9,

339 5167 464 5229 pag.
492 5157 620 5229 200,
654 5160 747 5213 ubi
784 5157 1045 5229 lege'qute
1077 5161 1182 5215 hoc
1220 5161 1342 5216 loco
1369 5171 1422 5216 et
1460 5163 1590 5216 alibi
1625 5179 1657 5217 a
1700 5157 1910 5219 Gotho-

341 5225 492 5281 fredo
526 5228 877 5283 adnotantur.

411 5296 523 5366 (60)
550 5296 621 5370 In
642 5298 921 5363 Paratitl.,
943 5298 1038 5352 lib.
1063 5316 1176 5366 xw,
1209 5299 1291 5354 tit.
1313 5301 1366 5364 1,
1384 5297 1568 5370 legel,
1593 5301 1661 5356 de
1690 5303 1907 5365 suat-iis,

340 5369 633 5443 pecuariis.
667 5369 1170 5443 ct__susceptor_ihus
1196 5372 1331 5438 viui,
1360 5369 1681 5441 ueterisque
1710 5388 1910 5443 corpo-

344 5439 499 5509 ralis,
535 5450 665 5509 tom.
706 5437 774 5499 ν,
800 5455 919 5509 pag.
956 5441 1080 5493 188.

414 5508 529 5574 (tit)
568 5508 689 5562 Lib.
725 5525 833 5575 xw,
878 5508 961 5563 tit.
994 5510 1085 5573 25,
1118 5510 1221 5577 leg.
1260 5512 1312 5574 1,
1358 5511 1413 5565 in
1453 5512 1644 5565 eodem
1678 5521 1809 5566 tom.
1843 5513 1908 5575 ιτ,

655 5577 785 5633 Vide
812 5580 973 5633 etiam
1008 5596 1132 5649 qua:
1161 5581 1262 5636 hoc
1288 5582 1342 5635 in
1386 5584 1507 5638 loco
1543 5582 1910 5640 Gothofredus

416 5720 526 5776 (6:!)
568 5720 622 5772 In
658 5720 800 5774 notis
839 5719 904 5774 ad
952 5719 1174 5775 citatum
1222 5722 1403 5777 locum
1451 5710 1658 5776 Minutii
1690 5722 1907 5783 Felicis.

353 5782 378 5855 ξ
425 5787 499 5842 2..
530 5790 841 5859 Sciapidrni
890 5804 997 5844 non
1027 5791 1184 5861 longe
1235 5809 1264 5846 a
1312 5791 1481 5855 Portu
1546 5792 1794 5849 Roniano
1843 5795 1909 5849 ad

2000 557 2126 612 simi
2166 557 2525 612 tradiderunt.
2572 555 2672 612 His
2702 556 2867 611 etiam
2907 555 3171 627 jungendi
3209 566 3337 612 sunt
3380 558 3570 611 caudi-

2001 648 2158 715 carii,
2194 648 2421 704 saccarii
2452 648 2651 703 Portus
2687 647 2906 712 Romae,
2950 662 3185 717 quorum
3228 645 3432 701 mentio
3477 646 3573 701 ha-

1999 740 2157 796 betur
2184 740 2241 795 in
2270 739 2461 795 Codice
2491 739 2880 797 Theodosiano
2915 738 3054 809 (59).
3083 736 3290 792 Horum
3340 750 3574 806 corpora

2001 845 2293 885 numerosa
2349 829 2519 885 fuisse
2558 839 2705 885 recte
2759 838 2947 884 monet
2993 826 3233 882 Jacobus
3280 825 3577 881 Gothofre»

1998 922 2102 978 dus
2149 920 2284 992 (60),
2330 930 2521 992 utpote
2574 921 2667 991 qui
2719 935 2997 975 annonam
3052 918 3300 988 aliasque
3360 932 3576 973 merces

2004 1011 2163 1069 Urbis
2203 1014 2397 1069 usibus
2443 1013 2744 1068 destinatas
2782 1012 2960 1068 saccis
2983 1020 3039 1066 et
3076 1011 3386 1067 minoribus
3420 1011 3576 1065 navi-

2001 1108 2104 1175 giis
2141 1107 2519 1177 asportabant.
2554 1108 2868 1177 Praecipuos
2921 1106 3086 1161 etiam
3132 1105 3487 1176 magistratus
3517 1104 3575 1158 in

2000 1197 2167 1252 Portu
2195 1197 2445 1252 Romano
2475 1198 2777 1253 destinatos
2798 1196 2958 1251 nobis
2981 1194 3291 1266 suppeditat
3317 1195 3579 1250 idemmet

2001 1291 2178 1347 Codex
2213 1290 2728 1358 Theodosianus,in
2764 1306 2875 1362 quo
2918 1299 3100 1345 exstat
3145 1289 3338 1345 titulus
3370 1288 3448 1343 De
3479 1305 3579 1359 pa-

2002 1383 2168 1437 tronis
2225 1383 2539 1436 horreorum
2584 1380 2962 1436 Portuensiam
3004 1380 3153 1452 (61),
3193 1380 3287 1448 qui
3347 1393 3578 1434 annonae

2000 1483 2301 1545 praeerant;
2353 1483 2734 1543 procuratores
2776 1472 2979 1529 Portus
3011 1471 3281 1528 Ostiensis
3318 1470 3578 1526 exhibent

2000 1567 2164 1622 etiam
2200 1566 2439 1636 antiquae
2479 1566 2900 1636 inscriptiones;
2942 1566 3255 1621 sacerdotes
3299 1563 3578 1633 Serapidis

2001 1658 2152 1713 cultu
2190 1658 2531 1727 mancipatos
2556 1657 2791 1728 legimus
2825 1657 2879 1710 in
2922 1672 3087 1726 supra
3120 1656 3340 1710 laudata
3380 1654 3579 1709 inscri-

2001 1750 2188 1819 ptione
2230 1751 2374 1820 apud
2414 1748 2679 1819 Sponium
2706 1790 2721 1815 ,
2763 1748 2921 1819 cujus
2962 1749 3252 1820 genuinam
3286 1748 3577 1802 lectionem

2004 1845 2277 1899 immerito
2298 1844 2352 1898 in
2373 1843 2599 1898 dubium
2628 1852 2822 1898 vocant
2854 1841 3123 1907 nonnulli,
3146 1840 3241 1911 qui
3264 1854 3362 1910 pro
3386 1838 3577 1904 Porto,

2001 1936 2234 1991 Pontum
2275 1936 2564 2007 legendum
2611 1949 2735 1990 esse
2781 1941 3103 1997 autumant,
3154 1932 3305 1987 nullo
3358 1931 3578 2002 quidem

2002 2030 2232 2084 rationis
2268 2037 2569 2094 momento,
2603 2043 2716 2097 quo
2762 2027 2996 2097 primam
3049 2025 3243 2095 Sponii
3289 2024 3578 2079 lectionem

2002 2116 2398 2171 immutandam
2425 2129 2547 2170 esse
2575 2114 2750 2170 doctis
2773 2113 2908 2168 viris
2940 2113 3322 2183 persuadeant.
3343 2111 3579 2172 Etenim.

2002 2216 2064 2262 nt
2095 2207 2230 2262 scite
2255 2206 2510 2262 observat
2537 2203 2777 2261 Jacohus
2810 2204 3122 2260 Gronovius
3137 2204 3273 2275 (62),
3303 2204 3581 2274 Serapidis

2004 2300 2264 2370 templum
2320 2314 2428 2353 non
2483 2298 2648 2354 modo
2696 2300 2838 2369 apud
2909 2298 3241 2368 Sinopenses
3291 2298 3347 2353 in
3403 2299 3582 2353 Ponto

2001 2392 2227 2459 exstitit,
2253 2406 2440 2446 verum
2466 2392 2631 2445 etiam
2673 2406 2780 2445 non
2820 2391 2981 2462 longe
3024 2406 3055 2445 a
3095 2390 3263 2446 Portu
3307 2389 3578 2456 Romano,

2002 2486 2465 2556 quemadmodum
2505 2501 2571 2540 ex
2618 2484 2852 2540 Minutio
2887 2485 3245 2550 deducimus,
3286 2484 3381 2555 qui
3416 2483 3581 2539 Sera-

2002 2577 2147 2647 pidis
2177 2578 2531 2633 simulacrum
2563 2593 2674 2632 non
2720 2578 2881 2647 longe
2922 2577 2992 2633 ab
3044 2575 3200 2633 Ostia
3246 2590 3585 2632 commemo-

2004 2680 2109 2725 rat.
2558 2667 2562 2671 ⁴

2076 2763 2134 2818 S.
2159 2760 2544 2835 Hieronymus,
2571 2761 2625 2815 in
2654 2760 2884 2831 epistola
2916 2761 2980 2815 ad
2998 2758 3408 2814 Pammachium
3444 2756 3581 2828 (65),

2005 2858 2411 2913 xenodochium
2467 2856 2534 2911 ab
2590 2856 2695 2911 hoc
2738 2854 3084 2913 nobilissimo
3130 2853 3251 2908 viro
3307 2853 3362 2907 in
3414 2851 3582 2906 Portu

2005 2949 2257 3005 Romano
2298 2956 2637 3003 exstructum
2697 2954 2987 3000 memorat.
3026 2943 3084 2999 S.
3116 2943 3444 2999 Ambrosius
3470 2943 3584 3013 (64)

2007 3057 2194 3111 operas
2217 3040 2530 3094 Portuenses
2557 3038 2824 3100 nominat,
2857 3046 2911 3091 et
2935 3036 3330 3107 Philostorgius
3355 3036 3491 3106 (65),
3518 3037 3586 3090 de

2006 3134 2226 3189 Alarico
2257 3133 2509 3201 loquens,
2546 3130 2638 3200 qui
2684 3128 2908 3184 Portum
2942 3128 3249 3184 Romanum
3296 3138 3351 3182 et
3392 3128 3585 3181 urbem

2005 3227 2179 3297 ipsam
2220 3223 2576 3279 Portuenscm
2616 3224 2734 3280 dira
2771 3222 3059 3278 obsidione
3092 3221 3313 3285 devicit,
3346 3220 3461 3275 haec
3502 3219 3589 3274 in-

2005 3318 2157 3388 quit:
2201 3336 2218 3367 ι
2251 3316 2353 3372 llic
2395 3333 2528 3372 vero
2576 3314 2870 3372 confestim
2902 3314 3129 3368 Portum
3170 3313 3477 3383 occupavit.
3528 3312 3586 3367 Id

2006 3418 2189 3464 autem
2224 3418 2307 3465 est
2352 3408 2661 3463 maximum.
2705 3407 2905 3462 navale
2958 3406 3113 3461 urbis
3170 3404 3381 3469 Romae,
3408 3403 3589 3459 tribus

1995 3502 2276 3572 portubus
2300 3510 2581 3569 constans,
2602 3510 2657 3555 et
2687 3500 2740 3554 in
2762 3515 2943 3570 parvas
2979 3499 3130 3554 urbis
3156 3497 3586 3568 magnitudinem

2009 3602 2320 3649 extensum.
2352 3613 2370 3645 ι
2421 3592 2722 3663 Procopius
2751 3592 2889 3661 (66),
2929 3591 3023 3661 qui
3059 3591 3201 3646 bello
3242 3589 3476 3645 Gothico
3502 3588 3589 3642 in-

2007 3687 2272 3742 terfuitct
2298 3685 2524 3742 Portum
2560 3685 2869 3739 Romanum
2891 3699 3132 3754 praesens
3159 3682 3347 3737 forsan
3381 3682 3587 3748 invisit,

2008 3775 2375 3832 disertissime
2403 3784 2635 3831 testatur
2664 3775 2811 3846 apud
2838 3774 3091 3830 eumdem
3121 3773 3314 3828 urbem
3354 3772 3527 3828 fuisse
3555 3788 3588 3827 a

2010 3866 2276 3923 Romanis
2321 3868 2637 3923 conditam:
2677 3886 2696 3919 ι
2736 3866 2892 3923 Ultra
2948 3867 3097 3923 istud
3142 3881 3228 3933 os,
3292 3866 3359 3921 ad
3410 3865 3587 3935 ripam

2010 3959 2294 4032 (Tiberis)
2342 3960 2710 4015 condiderunt
2755 3961 2944 4015 urbem
2994 3960 3124 4015 olim
3160 3957 3419 4022 Romani,
3465 3972 3590 4026 quae

2009 4052 2286 4107 moenibus
2308 4050 2488 4105 cincta
2516 4058 2599 4104 est
2632 4049 3019 4114 validissimis,
3056 4047 3332 4115 ductoque
3363 4060 3392 4099 a
3426 4054 3587 4114 portu

2009 4142 2279 4196 vocabulo
2307 4140 2504 4195 Portus
2528 4141 2749 4195 dicitur.
2782 4138 2934 4194 Hanc
2955 4138 3227 4193 civitatem
3262 4132 3297 4191 a
3320 4124 3590 4204 Procopio

2010 4240 2369 4287 memoratam
2423 4230 2630 4287 inlimis
2686 4232 2850 4297 etiam
2911 4229 3252 4301 temporibus
3316 4227 3592 4283 exstitisse

2013 4459 2184 4515 maris
2203 4459 2359 4514 littus
2381 4455 2737 4515 simulacrum
2766 4455 3047 4519 habuisse,
3073 4455 3190 4523 ipse
3214 4453 3477 4511 Minutius
3504 4455 3593 4511 his

2017 4531 2199 4585 verbis
2231 4539 2465 4585 testatur
2491 4529 2681 4582 eodem
2733 4528 2890 4582 loco:
2932 4545 2949 4576 ι
2992 4526 3245 4580 Ca3cilius
3295 4527 3593 4581 simulacro

2022 4601 2300 4669 Serapidis
2330 4600 2611 4664 denotato,
2647 4607 2706 4651 ut
2748 4598 2943 4668 vulgus
2981 4596 3396 4669 superstitiosus
3432 4598 3590 4665 solet,

2018 4686 2242 4726 manum
2267 4672 2347 4724 ori
2383 4670 2704 4734 admovens,
2737 4669 2987 4722 osculum
3017 4668 3176 4720 labiis
3215 4669 3431 4736 pressit.
3464 4687 3483 4718 ι

2091 4743 2202 4812 (65)
2246 4740 2416 4811 Epist.
2446 4739 2536 4812 66,
2563 4739 2716 4812 jnitta
2744 4740 3039 4812 editionem
3066 4736 3556 4812 Vallarsii,_p.§99
3576 4778 3591 4801 ,

2019 4807 2346 4882 OperJtom.
2376 4812 2417 4874 ι,
2452 4807 2588 4882 edit.
2636 4807 2867 4865 Veronae
2903 4808 3035 4882 anni
3071 4808 3244 4862 “54:
3284 4830 3300 4855 ι
3333 4808 3511 4882 Audio
3542 4819 3595 4862 te

2019 4877 2417 4937 xénodochinm
2449 4880 2502 4935 in
2533 4879 2701 4934 Portu
2747 4881 2943 4935 fecisse
2983 4877 3255 4940 Romano,
3298 4886 3354 4932 et
3383 4879 3592 4946 virgam

2019 4953 2086 5006 de
2113 4953 2307 5007 arbore
2334 4951 2611 5006 Abraham
2645 4952 2698 5003 in
2738 4949 2983 5005 Ausonio
3007 4950 3282 5012 plantasse
3315 4948 3535 5012 littore;
3569 4967 3587 4998 ι

2020 5023 2071 5076 id
2121 5024 2283 5077 etiam
2320 5022 2514 5091 repetit
2556 5020 2716 5090 epist.
2762 5021 2852 5088 76,
2886 5022 2955 5075 ad
2996 5018 3273 5075 Oceanum
3313 5018 3382 5072 de
3418 5027 3595 5071 morte

2021 5091 2276 5158 Fabiolze,
2311 5103 2442 5146 tom.
2475 5093 2569 5158 cit,
2604 5107 2654 5160 p.
2683 5091 2808 5146 461.

2091 5163 2204 5234 (64)
2245 5156 2302 5217 In
2359 5163 2518 5231 epist.
2556 5156 2630 5234 ait
2681 5160 3000 5234 Eusebium,
3036 5174 3159 5229 qua:
3206 5167 3290 5234 est
3333 5172 3485 5212 num.
3523 5156 3595 5234 ἒἰρ

2014 5229 2195 5301 juxta"
2242 5229 2537 5287 editionem
2592 5231 2951 5287 Parisiensem
3010 5229 3410 5301 ,tnonachorum
3439 5230 3589 5301 pro.

2022 5295 2079 5358 S.
2123 5303 2398 5359 Benedicti
2446 5319 2476 5357 e
2521 5303 2948 5372 congregatione
2992 5300 3051 5355 S.
3080 5297 3254 5372 Mauri
3294 5314 3385 5352 an.
3430 5295 3592 5372 1690,

2019 5375 2180 5442 Oper.
2209 5383 2342 5428 tom.
2370 5373 2431 5436 ll,
2460 5390 2514 5443 p.
2536 5368 2685 5443 1005
2707 5368 2774 5426 ε]
2803 5372 3095 5443 Apparitor
3121 5368 3471 5439 praefectura,
3499 5368 3595 5437 qui

2020 5455 2266 5514 propten
2293 5442 2489 5513 operas
2535 5442 2861 5498 Portuenscs
2907 5442 3171 5497 oilensatu
3223 5448 3591 5505 contraxerat,

2015 5513 2127 5585 jam
2164 5516 2215 5568 in
2246 5513 2412 5567 Pot-tu
2449 5515 2739 5585 navigat.)

2096 5585 2210 5655 (65)
2245 5584 2644 5707 ἐζῗτιεδὶαδιίίω
2677 5580 2823 5637 Hist.
2859 5584 2954 5638 lib.
3003 5600 3099 5647 xu,
3132 5597 3287 5636 num.
3322 5581 3376 5646 ’5,
3405 5597 3455 5650 p.
3487 5581 3594 5636 5H

2097 5666 2171 5707 at.
2211 5672 2241 5707 e
2284 5671 2296 5707 ι
2330 5694 2344 5707 .

2020 5656 2171 5710 citat.
2211 5656 2344 5709 edit.

2091 5728 2203 5795 (66)
2246 5726 2320 5778 De
2349 5723 2482 5779 bello
2533 5721 2751 5779 Gothico
2780 5723 2874 5780 lib.
2905 5740 2944 5792 I,
2982 5739 3103 5794 cap.
3135 5722 3231 5791 26,
3254 5740 3309 5794 p.
3356 5722 3415 5777 l8
3442 5723 3588 5777 citat.

2019 5798 2149 5852 edit.
