4128 6380
546 334 648 392 6'59

1355 326 1441 380 DE
1474 321 1869 381 PORTUENSI
1906 319 1966 376 Si.
2012 315 2373 375 HIPPOLYTI
2414 314 2607 372 SEDE.
2638 311 2904 369 —-PARS
2943 310 3008 369 Il.

3683 313 3789 365 543

543 462 777 510 constat.
824 453 979 520 Quod
1021 452 1066 508 si
1123 449 1511 505 infelicissimis
1557 449 1707 502 hisce
1743 445 2113 517 temporibus,
2145 450 2184 507 Α
2217 458 2338 496 rum
2368 440 2732 510 peritissimus
2754 435 2869 491 Jos.
2899 436 3066 491 Maria
3097 437 3246 491 card.
3284 434 3615 491 Thomasius
3642 436 3789 505 (69),

546 549 766 618 quibus,
790 548 1124 602 irruentibus
1157 546 1426 606 barbaris.
1453 545 1568 615 ipsa
1604 544 1844 615 gentium
1892 543 2110 597 domina

544 640 704 694 foeda:
737 639 1013 694 servitutis
1064 638 1277 691 vincula
1313 637 1498 691 subire
1543 644 1729 689 coacta
1775 643 1882 698 est,
1914 634 2112 689 Portus

506 760 509 763 -
546 732 827 786 Romanus
872 732 1010 785 inter
1049 730 1445 785 munitissiinas
1483 729 1645 783 urbes
1687 728 1950 782 recensita
1984 728 2107 793 fuit,

542 823 672 891 quid
709 822 1040 878 censendum
1073 823 1178 878 erit
1210 823 1277 876 de
1308 822 1547 890 ejusdem
1595 819 1849 874 felicitate
1875 833 1928 875 et
1958 822 2110 875 ineo-

542 914 714 969 larum
761 915 1060 983 frequentia
1099 915 1202 968 sub
1244 914 1533 969 Gordianis
1577 916 1895 984 caeterisquc
1924 912 2111 983 Augu-

538 1007 671 1071 stis,
715 1022 948 1075 quorum
983 1022 1099 1061 tevo
1150 1006 1337 1061 ﬂoruit
1383 1006 1441 1061 S.
1475 1006 1817 1077 Hippolytus,
1850 1006 1978 1059 dum
2024 1022 2109 1061 res

541 1097 803 1152 Romana:
844 1098 1023 1153 adhuc
1066 1098 1286 1167 integra:
1329 1098 1750 1167 permanebant?
1798 1096 1875 1150 Ex
1908 1096 2107 1166 quibus

538 1190 795 1243 omnibus
846 1189 1189 1259 apertissime
1243 1198 1458 1243 constat
1503 1187 1777 1259 Moynium
1824 1203 2105 1257 perperam

536 1281 861 1351 scripsisse,
930 1280 1158 1336 Portum
1230 1279 1541 1335 Romanum
1619 1280 1911 1349 episcopali
1979 1279 2107 1335 sede

538 1372 596 1427 S.
639 1372 911 1444 Hippolyti
960 1389 1075 1428 αξνο
1127 1373 1370 1427 nondum
1418 1373 1588 1428 fuisse
1642 1373 1995 1435 decomtum,
2038 1386 2105 1425 eo

534 1464 680 1532 quod
738 1464 1058 1533 paucissimi
1110 1465 1310 1519 ibidem
1363 1465 1624 1519 mortales
1674 1478 1994 1533 permanere
2033 1463 2104 1518 ob

533 1554 679 1611 aeris
718 1556 1154 1611 insalubritalem
1187 1556 1484 1626 potuerint.

567 1667 780 1725 XXVII.
825 1669 882 1726 S.
937 1669 1213 1740 Hippolyti
1255 1670 1454 1724 natalis
1491 1671 1601 1723 dies
1643 1687 1885 1741 quianam
1924 1672 2066 1741 apud

936 1752 1127 1794 veteres
1159 1741 1337 1810 fuerit,
1365 1742 1693 1810 expenditur.

2220 545 2276 590 et
2310 536 2364 589 in
2391 533 2817 589 Sacramentario
2845 531 3187 601 Gregoriano,
3217 531 3361 599 quod
3392 532 3621 600 ipsemet
3653 546 3783 584 ven.

2221 627 2303 679 vir
2349 625 2414 677 ad
2450 622 2806 679 vetustissimi
2831 622 3035 676 codicis
3067 619 3248 675 Caroli
3291 621 3467 691 Magni
3504 638 3619 677 (evo
3650 639 3789 677 con—

2221 715 2430 786 scripti,
2470 714 2564 784 qni
2593 730 2737 768 nunc
2774 713 2827 766 in
2852 713 3177 767 bibliotheca
3207 710 3568 767 Ottoboniaua
3600 729 3787 768 asser-

2221 817 2400 872 vatur,
2430 806 2706 875 exemplar
2739 804 3031 867 recensuit,
3053 806 3379 868 emendavit,
3411 816 3464 860 et
3488 808 3630 876 typis
3664 810 3786 861 vul-

2217 908 2426 971 gasset,
2479 900 2587 955 nisi
2642 898 2932 952 immatura
2979 912 3130 953 mors
3175 900 3439 971 optimum
3493 901 3628 953 tanti
3678 900 3782 953 viri

2218 990 2904 1060 consilium-prmvenisset
2947 992 3083 1064 (70).
3132 991 3353 1046 Duobus
3396 992 3544 1046 hisce
3596 993 3785 1046 incor-

2217 1081 2395 1149 ruptis
2416 1083 2736 1137 veneranda:
2769 1084 3108 1152 antiquitatis
3149 1086 3513 1149 monumentis
3559 1083 3778 1137 tertium

2216 1172 2413 1227 addere
2445 1188 2761 1242 possumus,
2784 1176 3216 1231 vetustissimum
3246 1191 3440 1246 nempe
3462 1175 3788 1232 Sacramen-

2214 1273 2387 1317 torum
2434 1265 2669 1331 librum,
2712 1282 2872 1337 quem
2902 1269 3070 1323 edidit
3130 1266 3399 1339 Josephus
3445 1269 3784 1328 Blanchinus

2212 1357 2266 1411 in
2313 1357 2429 1412 suis
2482 1359 2549 1413 ad
2595 1359 2946 1413 Anastasium
2991 1360 3466 1416 Bibliothecarium
3518 1361 3777 1433 Prolego-

2212 1448 2389 1501 menis
2413 1446 2549 1519 (7i).
2591 1446 2650 1501 In
2696 1447 2799 1503 hac
2823 1449 2986 1502 etiam
3018 1451 3200 1522 magni
3220 1449 3489 1523 Hippolyti
3512 1455 3776 1508 memoria

2212 1535 2396 1593 Idibus
2434 1537 2662 1608 Augusti
2697 1539 3069 1609 consignatur.

2280 1628 2453 1685 Graeci
2491 1645 2619 1684 vero
2671 1630 2730 1687 S.
2761 1628 3106 1702 Hippolytum
3152 1649 3344 1702 papam
3378 1632 3565 1690 Romae
3613 1636 3776 1690 tertio

2209 1718 2479 1775 Kalendas
2503 1720 2785 1776 Februarii
2817 1722 3023 1789 colunt,
3048 1731 3109 1777 ut
3137 1738 3202 1777 ex
3243 1739 3431 1779 eorum
3472 1725 3776 1796 Menologio

606 1831 712 1886 Sed
752 1841 1045 1902 antequam
1088 1832 1253 1901 hujus
1290 1833 1694 1889 dissertationis
1736 1835 1894 1888 linem
1931 1832 2099 1888 facia-
2136 1815 2179 1873 Β
2209 1823 2262 1870 εί
2291 1813 2630 1884 δγιιιικεινίίε.
2657 1829 2891 1882 II“Orum
2920 1816 3029 1869 duo
3059 1815 3376 1869 δνθνίδείιηεὶ
3404 1816 3663 1871 mihihei“
3692 1826 3780 1872 ιο-

530 1938 676 1991 mus,
710 1924 973 1994 optimum
998 1940 1118 1980 esse
1149 1926 1401 1981 ducimus
1430 1941 1665 1980 annuam
1701 1927 1843 1982 diem
1881 1928 2103 1981 investi-

529 2029 695 2083 gare,
751 2030 915 2084 quam
963 2017 1171 2085 antiqui
1216 2015 1418 2069 Christi
1452 2016 1636 2071 fideles
1686 2026 1836 2071 tanto
1878 2019 2102 2088 martyri

531 2121 745 2159 sacram
772 2120 895 2161 esse
929 2109 1237 2160 voluerunt.
1288 2104 1551 2175 Equidem
1592 2106 1637 2161 si
1685 2116 1808 2177 post
1855 2106 2103 2162 Pruden-

530 2198 667 2251 tium
701 2199 1085 2268 antiquissima
1122 2197 1488 2253 Ecclesiarum
1515 2198 1943 2277 Occidentalium
1985 2214 2103 2253 mo-

529 2298 790 2343 numenta
815 2291 1155 2345 consulimus
1174 2331 1189 2354 ,
1216 2307 1338 2362 qua:
1374 2290 1766 2363 Martyrologia
1804 2304 2102 2365 praecesse-

527 2386 679 2443 runt,
714 2379 898 2431 statim
923 2379 1431 2447 animadvertimus,
1464 2381 1644 2451 magni
1684 2379 1953 2450 Hippolyti
1986 2394 2101 2435 mc-

525 2468 756 2522 moriam
813 2467 997 2524 Idibus
1037 2470 1267 2540 Augusti
1318 2472 1373 2525 in
1426 2472 1598 2527 sacris
1642 2469 1897 2524 Ecclesiae
1942 2468 2101 2525 fastis

522 2560 694 2615 fuisse
758 2561 1109 2632 descriptam.
1164 2564 1534 2629 Prudentius,
1581 2564 1675 2633 qui
1728 2563 1858 2617 dum
1912 2561 2100 2616 Romae

524 2661 857 2719 moraretur,
888 2651 949 2705 B.
979 2653 1248 2725 Ilippolyti
1283 2655 1637 2718 solemnitati,
1674 2669 1838 2724 quam
1874 2653 1927 2707 in
1953 2652 2099 2707 illius

523 2745 841 2799 coemeterio
874 2745 1223 2800 celebrabant
1256 2745 1511 2812 Romani,
1542 2762 1783 2817 praesens
1828 2745 2094 2810 interfuit,

520 2837 766 2890 eamdem
816 2837 998 2893 Idibus
1038 2837 1270 2908 Augusti
1320 2840 1696 2911 consignatam
1735 2838 1905 2895 fuisse
1957 2841 2095 2894 scri-

521 2927 599 2982 bit
625 2927 739 2998 (67)
760 2946 775 2981 ε

591 3039 651 3095 Si
675 3039 802 3115 liene
825 3044 1174 3111 commemini,
1189 3045 1311 3098 colit
1333 3046 1471 3099 hunc
1485 3043 1837 3115 pulcherrima
1855 3044 2021 3099 Roma

663 3111 851 3166 Idibus
888 3116 1112 3184 Augusti
1138 3132 1251 3168 men
1281 3117 1349 3182 is,
1378 3125 1432 3168 ut
1466 3111 1581 3185 ipsa
1607 3125 1775 3170 vocat.

523 3202 819 3260 Prudentio
873 3208 1222 3261 consentiunt
1275 3223 1383 3261 non
1433 3209 1611 3263 solum
1661 3211 2089 3265 vetustissimum

524 3293 908 3349 Kalendarium
944 3297 1160 3367 aliaque
1183 3299 1527 3369 antiquitatis
1559 3311 1934 3364 monumenta,
1971 3319 2094 3373 quae

517 3388 692 3456 prima
728 3389 1132 3443 dissertationis
1158 3399 1307 3458 parte
1330 3389 1694 3457 laudavimus,
1713 3409 1901 3448 verum
1925 3395 2089 3450 etiam

518 3477 905 3534 K;.leudarium
973 3480 1282 3537 Romanum
1357 3499 1388 3538 a
1455 3482 1505 3538 ἆ.
1565 3486 1841 3542 Frontone
1905 3490 2095 3560 vulga-

518 3578 634 3622 tum
669 3569 815 3639 (68),
867 3573 1068 3641 quibus
1113 3576 1369 3632 omnibus
1420 3576 1478 3632 S.
1521 3575 1796 3649 Hippolyti
1834 3582 2091 3652 martyris

518 3664 782 3717 inemoria
806 3663 988 3721 Idibus
1024 3667 1257 3736 Augusti
1285 3671 1658 3740 consignatur.
1694 3670 1768 3725 Ita
1801 3673 2005 3741 pariter
2034 3675 2087 3729 in

517 3756 894 3810 vetustissimo
930 3755 1398 3813 Sacramentorum
1430 3761 1571 3815 libro
1609 3761 1859 3817 Romanis
1902 3763 2086 3819 Eccle-

515 3847 608 3898 sia:
640 3847 972 3915 reperimus,
1005 3864 1165 3918 quem
1206 3864 1421 3903 summo
1452 3851 1764 3920 reipublicae
1811 3852 2088 3909 litterariae

513 3936 660 3991 bono
693 3937 858 3993 edidit
894 3938 977 3991 vir
1019 3939 1459 4009 sapientissimus
1500 3953 1555 3997 et
1591 3959 1770 3998 rerum
1811 3944 2087 4012 liturgica-

584 4093 697 4170 ((ῇ)
739 4093 950 4170 §aapius
984 4098 1135 4152 citat.
1164 4098 1351 4170 hymn.
1381 4098 1469 4162 II,
1504 4115 1646 4154 vers.
1673 4099 1800 4170 25L

735 4165 832 4244 Die
976 4184 1149 4222 meus.
1200 4165 1643 4244 Augl_1§t._natal.
1696 4169 1753 4224 S.
1790 4169 2080 4244 Hippolyti,

512 4251 564 4304 p.
602 4235 698 4288 I9]
738 4237 865 4290 edit.
905 4236 1131 4292 Veronae
1160 4235 1480 4293 anni—I735.

736 4305 856 4360 Lib.
896 4321 944 4380 _l‘l
1000 4305 1515 4380 Sacramentorum,
1545 4310 1782 4380 Operum
1822 4319 1958 4366 tom.
1993 4312 2081 4377 Vl,

512 4374 703 4454 pL-Hti
732 4381 862 4454 edit.
896 4375 1083 4454 Romae
1113 4382 1239 4454 anni
1278 4379 1437 4433 1751.
1476 4374 1682 4435 Natalis
1726 4382 1784 4435 ὃ.
1803 4374 2082 4454 Hippolyti

512 4445 695 4520 Idibus
726 4448 959 4520 Augusti
1000 4448 1072 4501 ita
1130 4448 1363 4520 refertur
1395 4466 1517 4503 cum
1567 4445 1930 4520 sequentibus
1958 4445 2082 4507 ora-

2207 1905 2372 1961 tidem
2407 1906 2745 1962 bibliotheca:
2773 1903 3154 1962 Ottobonianaa
3190 1908 3555 1977 antiquissimi
3587 1924 3777 1964 saero-

2205 2014 2325 2053 rum
2366 1997 2783 2069 Evangeliorum
2815 1999 3052 2065 codices,
3077 2001 3328 2070 quinimo
3355 2015 3421 2054 ex
3450 1998 3657 2055 Latinis
3684 2016 3771 2057 ve-

2205 2090 2572 2145 tustissimum
2598 2090 3064 2162 Martyrologium,
3092 2092 3236 2162 quod
3268 2092 3437 2155 edidit
3472 2091 3647 2149 Lucas
3676 2092 3779 2150 Da-

2203 2182 2422 2236 cherius
2446 2181 2581 2251 (72),
2612 2182 2816 2237 Graecis
2848 2185 3140 2250 consentit,
3166 2186 3296 2240 dum
3325 2201 3375 2239 iv
3407 2184 3634 2241 Kalend.
3668 2185 3775 2243 Fe—

2203 2271 2409 2326 bruarii
2445 2290 2465 2322 ι
2506 2272 2560 2326 in
2595 2270 2794 2328 Tuscia
2841 2273 2902 2327 S.
2934 2272 3205 2345 Hippolyti
3246 2275 3486 2344 episcopi
3532 2276 3599 2330 de
3630 2277 3779 2332 anti—

2201 2364 2326 2431 quis
2361 2381 2380 2414 ι
2419 2363 2686 2418 meminit.
2716 2363 2821 2419 Sed
2864 2364 3091 2433 Adonis,
3126 2363 3387 2431 Usuardi,
3413 2365 3689 2423 Noteherii
3718 2379 3780 2425 et

2202 2458 2360 2514 Bedae
2388 2457 2773 2529 Martyrologia
2816 2459 3108 2529 pristinum
3139 2459 3346 2515 Latina:
3369 2460 3624 2517 Ecclesiae
3651 2478 3777 2517 mo-

2202 2566 2314 2604 rem
2371 2560 2695 2619 sequuntur,
2732 2551 2883 2627 dum
2914 2551 2972 2605 S.
3010 2550 3283 2625 Hippolyti
3326 2553 3528 2610 festum
3584 2557 3779 2613 Idibus

2199 2643 2428 2713 Augusti
2463 2646 2690 2698 recitant
2725 2643 2856 2713 (75).
2891 2643 3252 2709 Quamobrem
3284 2646 3561 2703 Prudentii
3613 2653 3779 2706 testi-

2199 2742 2441 2795 moniqu
2486 2743 2539 2796 in
2580 2743 2681 2797 hac
2734 2757 2793 2796 re
2842 2740 3154 2795 Graecorum
3198 2740 3518 2812 Menologiis
3545 2752 3600 2796 et
3629 2740 3777 2813 Syn-

2199 2833 2423 2887 taxariis
2464 2833 2856 2902 praeferendum
2891 2848 3199 2889 censemus.
3236 2830 3347 2888 Nec
3375 2835 3498 2903 quis
3542 2835 3778 2888 miretur

2198 2925 2250 2979 in
2306 2922 2557 2978 Romano
2612 2923 3003 2995 Martyrologio
3060 2923 3129 2977 ab
3180 2923 3594 2993 incomparabili
3645 2926 3768 2981 virc

2198 3016 2411 3072 Caesare
2448 3015 2599 3071 card.
2628 3014 2865 3070 Baronio
2891 3015 2945 3068 in
2975 3016 3151 3069 lucem
3176 3014 3343 3081 edito,
3374 3016 3440 3069 de
3470 3013 3527 3068 S.
3564 3013 3774 3084 Hippo-

2198 3110 2308 3181 lyto
2343 3124 2449 3163 non
2481 3105 2667 3161 Idibus
2693 3108 2919 3177 Augusti
2941 3107 3033 3162 sed
3062 3106 3333 3161 undecimo
3363 3105 3491 3160 Kal.
3527 3106 3777 3176 Septem-

2195 3202 2303 3256 bris
2330 3201 2662 3256 mentionem
2689 3200 2911 3266 haberi;
2941 3198 3126 3254 Idibus
3151 3214 3280 3254 vero
3302 3200 3531 3270 Augusti
3565 3199 3621 3255 S.
3642 3200 3775 3271 Hip-

2194 3295 2361 3365 polyti
2398 3293 2605 3359 militis,
2637 3294 2730 3363 qui
2762 3308 2862 3363 pro
2891 3292 3113 3348 Christo
3150 3312 3169 3344 ‹
3212 3291 3315 3346 sub
3342 3292 3507 3348 Decio
3537 3293 3774 3363 impera-

2195 3396 2334 3453 tore,
2376 3385 2663 3440 Valeriano
2694 3384 2968 3454 praefecto,
3006 3403 3026 3437 ι
3080 3394 3137 3440 ut
3179 3386 3385 3442 Adonis
3417 3386 3596 3441 verbis
3639 3395 3771 3441 uta-

2193 3494 2317 3532 mur
2354 3479 2492 3548 (7i),
2538 3493 2734 3548 passus
2780 3488 2883 3544 est,
2913 3478 3119 3548 quique
3152 3478 3212 3533 B.
3244 3477 3521 3534 Laurentii
3574 3478 3764 3534 socius

2191 3569 2340 3637 fuit,
2412 3581 2471 3625 ut
2514 3586 2580 3625 ex
2635 3570 3006 3626 vetustissimo
3058 3570 3264 3626 Missali
3319 3570 3552 3625 Gothico
3605 3571 3766 3626 colli-

2190 3665 2370 3736 gimus
2397 3662 2531 3733 (75),
2565 3663 2709 3716 diem
2734 3660 2932 3717 festum
2956 3662 3240 3717 celebrari.
3264 3662 3477 3717 Etenim
3513 3663 3627 3716 haec
3662 3678 3768 3717 na-

2190 3755 2492 3809 talitiorum
2541 3753 2753 3808 dierum
2804 3753 3055 3808 confusio
3086 3767 3194 3807 non
3242 3754 3461 3808 aliunde
3497 3753 3628 3807 oriri
3661 3768 3765 3823 po-

2191 3847 2313 3913 tuit,
2349 3861 2514 3916 quam
2541 3860 2607 3900 ex
2650 3846 2940 3916 prmcipuis
2973 3846 3229 3901 Ecclesiae
3277 3845 3578 3916 cujuspiam
3617 3859 3764 3899 con-

2187 3939 2606 4007 suetudinibus;
2640 3954 2762 4009 qua:
2791 3954 2913 3993 cum
2942 3940 3160 4010 propria
3193 3939 3283 3993 die
3326 3937 3427 3993 SS.
3455 3948 3760 4008 martyrum

2188 4095 2308 4167 poly
2325 4095 2364 4149 ti
2395 4094 2727 4167 eitm_triliits
2772 4093 3372 4167 pariter_oi_‘ationibus,
3408 4110 3530 4163 pag.
3574 4093 3674 4147 112
3703 4105 3764 4150 et

2186 4163 2339 4235 seqq.
2370 4166 2498 4219 edit.
2533 4163 2749 4235 Veneta:
2778 4165 2905 4217 anni
2934 4165 3091 4235 I748.

2256 4233 2367 4307 (TI)
2404 4236 2561 4289 Tom.
2595 4234 2682 4301 IV,
2723 4234 2884 4307 p.__58
2916 4235 3045 4307 edit.
3076 4233 3259 4288 Roma:
3287 4234 3431 4307 anni
3468 4233 3633 4307 I755,
3660 4234 3756 4287 ubi

2184 4302 2369 4375 Idibus
2418 4307 2648 4375 Augusti
2706 4302 2735 4354 ί
2772 4302 2960 4359 Natale
3011 4315 3323 4359 sanctorum
3372 4302 3641 4374 Hippolyti
3697 4315 3761 4359 et

2186 4373 2437 4430 Pontiani
2476 4373 2793 4439 {habetmg
2825 4386 2879 4428 et
2926 4376 3199 4430 orationes
3238 4375 3467 4428 diversa:
3511 4373 3633 4427 eum
3666 4389 3759 4428 se—

2185 4449 2370 4516 quenti
2395 4444 2713 4516 pra'falione
2735 4445 3152 4516 describuntur:
3172 4463 3191 4495 ε
3221 4443 3357 4516 vere
3378 4446 3624 4516 dignum,
3640 4454 3749 4516 etc,

512 4515 755 4592 tionibus
781 4503 850 4592 iur
885 4516 941 4569 In
972 4518 1231 4592 na_tali_S.
1268 4503 2081 4592 Hippolyti—Idi.Aug—Sancti
2115 4503 2156 4558 D
2187 4503 2306 4592 'I'_ibi
2341 4503 2508 4580 enim,
2547 4515 2792 4592 Domine,
2839 4515 3028 4568 festiva
3057 4514 3372 4592 solemnitas
3406 4503 3621 4592 agitur,
3648 4514 3750 4568 tibi

510 4584 791 4654 Hippolyti
824 4589 1097 4655 martyris,
1146 4584 1391 4648 Domine:
1424 4584 1745 4654 qua’sumus,
1789 4584 2083 4646 ueneranda

508 4656 771 4734 fnestivitas
801 4656 1058 4710 salutaris
1087 4661 1280 4712 auxilii
1303 4660 1448 4713 nobis
1479 4674 1691 4731 prwstet
1718 4675 2077 4734 augmentum.

506 4724 631 4790 Per,
669 4734 775 4780 etc.

1152 4812 1409 4854 SECRETA.

581 4904 602 4937 ι
635 4884 846 4963 Praesta
878 4888 1067 4963 nobis,
1098 4905 1421 4963 quaesumus,
1458 4894 1780 4963 omnipotens
1815 4895 1951 4949 Deus
1978 4939 1992 4962 ,
2020 4907 2077 4950 ut

504 4969 698 5036 nostra:
742 4958 1059 5013 humilitatis
1108 4958 1307 5015 oblatio
1337 4958 1524 5035 etvpro
1563 4958 1770 5018 tuorum
1815 4958 2077 5036 grata—sit

500 5027 696 5104 honore
722 5040 1050 5104 san_ctorum,
1091 5041 1141 5084 et
1170 5047 1263 5085 nos
1315 5027 1531 5103 corpore
1568 5040 1786 5104 pariter,
1815 5027 1867 5090 Et
1911 5047 2077 5091 mente

497 5099 761 5168 puriﬁcet.
792 5098 918 5167 Per,
943 5109 1048 5155 etc.

1100 5210 1466 5251 POSTCOHIUN.

574 5299 595 5333 ε
632 5280 917 5358 διιηιριίε,Δ
953 5283 1207 5348 Domine,
1244 5289 1609 5352 sacramentis,
1661 5304 1960 5358 quwsnmns
2014 5302 2072 5345 ut

498 5352 848 5428 intercedente
899 5354 1046 5408 beato
1083 5369 1314 5426 martyre
1363 5368 1453 5409 tuo
1505 5352 1823 5428 Hippolyto,
1872 5362 1941 5412 ad
1992 5379 2071 5415 re-

497 5423 812 5497 demptionis
836 5435 1074 5497 _ttterna:
1109 5423 1452 5497 proﬁciamus
1495 5423 1846 5497 augmentum.
1891 5430 2013 5496 Per,
2045 5452 2063 5482 ι

497 5500 604 5613 $0.
652 5489 780 5613 Vlide
825 5489 1218 5617 ἒὲὲωιοιήίιιηξ
1273 5496 1531 5567 _Liturgia
1565 5489 1829 5552 'llomana
1881 5489 2064 5566 vetus,

559 5575 634 5612 m.
695 5603 708 5617 .
740 5578 793 5617 ι).
883 5570 890 5579 '
937 5603 949 5616 .

500 5571 634 5613 tom.
668 5567 708 5625 l,
740 5578 793 5625 p.
825 5567 949 5617 66%.

570 5578 634 5612 ill.
668 5578 683 5613 ι
780 5602 793 5615 .
825 5578 949 5617 oux.

570 5578 1211 5706 (70),.Spacramentarium
1264 5636 1643 5706 Gregorianum
1688 5638 1787 5693 fuit
1835 5643 1997 5693 etiam
2034 5659 2061 5695 a

497 5697 1025 5780 Muratorioedltum
1071 5718 1203 5780 tom.
1230 5697 1571 5780 II,7Liturgia
1614 5707 1852 5762 Rontana
1894 5722 2058 5773 vetus,

494 5779 550 5823 et
576 5771 628 5825 in
660 5787 724 5827 eo
757 5771 939 5828 Idibus
970 5777 1199 5845 Augusti
1236 5779 1466 5834 refertur
1484 5771 1689 5836 'natahs
1734 5783 1902 5835 sancti
1933 5771 2061 5852 “in

2184 4588 2301 4641 dies
2328 4596 2537 4642 sacrata
2565 4586 2886 4647 celebratur,
2913 4600 3075 4653 quam
3107 4585 3280 4639 sancti
3309 4583 3582 4655 Hippolyti
3611 4600 3754 4637 mar-

2185 4659 2317 4728 tyris
2347 4656 2422 4711 tui
2455 4659 2677 4724 sanguis
2702 4656 2755 4709 in
2783 4657 3027 4728 veritatis
3069 4664 3177 4728 tua:
3214 4655 3592 4728 testificatione
3620 4669 3750 4728 pro-

2181 4725 2338 4849 Lusus
2407 4728 2696 4795 magnilieo
2768 4727 3005 4780 nominis
3068 4726 3146 4779 tui
3220 4726 3423 4793 honore
3489 4725 3746 4794 signavit.

2224 4813 2303 4849 er.
2342 4816 2360 4849 ›
2390 4807 2494 4849 etc.

2224 4813 2303 4861 er,
2342 4816 2360 4849 ›
2390 4807 2494 4851 etc.

2252 4868 2363 4938 (72)
2396 4866 2552 4920 Tom.
2586 4863 2625 4919 Il
2658 4863 2952 4936 Spicilegii,
3005 4880 3127 4936 pag.
3167 4865 3201 4919 5
3242 4865 3372 4920 edit.
3418 4862 3748 4919 Parisieusis

2179 4941 2307 4991 anni
2342 4938 2482 4991 I725
2505 4938 2702 5006 sa‘pius
2731 4938 2931 4991 citatas.

2250 5009 2360 5078 (75)
2396 5003 2646 5077 Legenda
2689 5017 2817 5061 sunt
2861 5020 2983 5075 quae
3006 5005 3078 5078 de
3107 5003 3170 5078 S.
3197 5003 3480 5078 Hippolyto
3513 5003 3744 5078 advertit

2181 5075 2496 5133 Dominicus
2536 5077 2719 5146 Giorgi
2756 5080 2809 5129 in
2842 5076 3283 5146 adnotationibus
3315 5075 3740 5146 addindyrolo:

2176 5150 2324 5217 gium
2355 5150 2562 5203 Adonis
2606 5145 2697 5201 die
2718 5147 2787 5199 50
2814 5146 2963 5211 Jau.,
3008 5162 3063 5217 ι)ξ
3106 5145 3172 5198 72
3200 5147 3331 5201 edit.
3380 5148 3497 5208 cit.,
3552 5145 3639 5217 die
3674 5145 3741 5198 I5

2174 5215 2443 5289 Augusti,
2504 5235 2627 5289 pag.
2692 5217 2835 5285 402;
2913 5228 2969 5271 et
3041 5215 3113 5270 25
3167 5218 3412 5286 ejusdem
3474 5216 3675 5270 mensis
3719 5254 3737 5280 ,

2173 5290 2457 5370 933;.429'
2508 5358 2557 5370 ,,
2631 5367 2640 5370 _
2750 5359 2761 5370 .
3018 5357 3114 5370 ....
3269 5356 3284 5370 .
3454 5357 3485 5370 ..

2176 5354 2190 5358 ’
2243 5354 2355 5427 (74)
2408 5361 2463 5413 In
2504 5358 2855 5429 Martyrolog.
2888 5376 2901 5410 :
2940 5378 2962 5410 ι
3018 5357 3203 5414 Idibus
3256 5356 3487 5428 Augusti
3550 5354 3740 5412 Romae

2173 5428 2228 5500 _S.
2262 5427 2533 5500 Hippoly'tt
2561 5433 2664 5485 sub
2710 5428 2874 5483 Decio
2902 5430 3246 5500 imperatore,
3275 5427 3561 5483 Valeriano
3596 5443 3739 5497 pra:-

2170 5498 2474 5565 fecto,’ete.’
2509 5519 2527 5551 υ
2573 5516 2693 5568 pag.
2728 5499 2833 5553 400
2855 5503 2947 5553 cit.
2980 5498 3117 5555 edit.

2239 5571 2351 5640 (75)
2380 5571 2433 5623 In
2469 5585 2534 5624 eo
2566 5567 2710 5623 enim
2739 5573 2970 5624 habetur
2998 5573 3165 5624 missa
3200 5569 3257 5623 S.
3286 5567 3553 5638 Hippolyti
3588 5582 3729 5620 mar-

2166 5643 2317 5710 tyris.
2357 5640 2485 5695 Vide
2526 5640 2823 5709 Liturgiam
2866 5640 3159 5693 Romanam
3201 5652 3417 5694 veterem
3464 5640 3663 5695 editam
3696 5654 3733 5692 a

2166 5710 2438 5766 Ludovico
2472 5711 2787 5776 Muratorio,
2824 5724 2953 5767 toni.
2986 5710 3047 5777 ll,
3083 5728 3203 5781 pag.
3235 5712 3338 5764 628
3368 5712 3496 5765 edit.
3532 5722 3625 5764 ett.
