4128 6380
320 428 383 481 54
394 427 427 480 5

1595 418 1650 474 S.
1694 417 2052 475 HIPPOLYTI
2089 418 2272 474 ACTA

3448 419 3552 474 διδ

324 544 541 613 iusius,’
585 560 748 616 quam
803 560 898 616 par
949 551 1086 611 erat,
1114 542 1182 600 de
1228 542 1410 614 magni
1463 539 1730 613 Hippolyti
1769 542 1887 612 epi-
1916 553 1963 606 Α
1994 541 2181 597 codice
2226 540 2529 595 Sorbonico
2562 538 2841 595 Mai-ianus
2880 538 3153 597 Victorius
3183 541 3383 611 legerat
3414 541 3548 612 (87),

330 639 477 707 scopi
510 647 565 692 et
592 638 849 709 martyris
873 622 1289 707 disputavimus,
1325 635 1458 689 satis
1493 647 1761 703 superque
1787 646 1889 686 no-

326 725 411 781 bis
458 726 720 795 probasse
767 724 1084 787 suademus,
1118 722 1366 779 eumdem
1419 737 1528 777 non
1557 720 1797 789 Oriente,
1832 730 1890 776 ut

322 817 694 883 Tillemontio,
727 816 812 871 vel
846 817 899 870 in
933 817 1132 870 Arabia
1168 815 1368 879 Felice,
1415 824 1473 869 ut
1518 813 1793 884 Stephano
1839 815 1889 870 le

321 908 518 982 Hoyne
543 908 721 965 visum
757 905 882 973 fuit,
913 907 1007 962 sed
1032 906 1084 960 in
1118 905 1283 959 Portu
1315 904 1552 958 Romano
1584 919 1750 974 prope
1781 902 1887 957 Ur-

321 1002 447 1057 bem
478 1001 850 1071 episcopatum
878 997 1220 1067 _obtinuisse.
1252 996 1486 1067 Ideoque
1519 996 1889 1066 in.episcopo—

321 1110 446 1151 rum
479 1092 862 1149 Portuensium
890 1091 1032 1147 serie
1066 1072 1442 1146 collocandum
1470 1103 1629 1143 nemo
1671 1089 1769 1144 ibit
1796 1089 1886 1143 in-

322 1185 498 1242 ﬁcias.
521 1184 718 1241 Decem
746 1185 893 1239 enim
922 1192 977 1239 et
1005 1184 1189 1254 plures
1210 1182 1384 1238 aetatis
1406 1192 1566 1237 certae
1594 1182 1888 1251 scriptores

322 1279 429 1333 hoc
457 1277 620 1332 nobis
659 1276 1020 1341 tradiderunt,
1054 1276 1194 1330 inter
1225 1289 1363 1345 quos
1384 1274 1623 1329 eminent
1643 1272 1888 1328 Pruden-

321 1370 455 1435 tius,
474 1368 757 1433 Leontius,
774 1367 1100 1423 Anastasius
1120 1365 1558 1437 Apocrysiarius,
1580 1364 1884 1436 Syncellus,

319 1461 561 1531 aliique,
616 1475 852 1538 quorum
902 1460 1211 1515 testimonia
1266 1459 1442 1529 prima
1490 1458 1887 1513 dissertationis

320 1561 475 1623 parte
492 1553 890 1624 congessimus.
911 1550 1022 1607 Nec
1044 1550 1242 1607 desunt
1268 1558 1509 1605 veterum
1537 1550 1784 1605 codicum
1811 1549 1889 1603 in-

320 1642 645 1712 scriptiones
694 1649 749 1696 et
796 1651 975 1708 noun;
1012 1641 1341 1695 Catenarum
1385 1649 1439 1695 et
1470 1639 1886 1711 Martyrologiu-

320 1749 445 1788 rum
474 1733 807 1801 testimonia,
832 1749 898 1788 ex
920 1733 1120 1804 quibus
1152 1733 1209 1788 S.
1243 1731 1591 1805 Hippolytum
1615 1733 1886 1788 Portuen-

318 1840 436 1879 sem
485 1825 801 1895 episcopum
851 1824 1023 1879 fuisse
1074 1825 1515 1880 constantissime
1555 1824 1878 1880 evincimus.

315 1915 453 1982 Quae
495 1917 713 1987 quidem
763 1917 945 1971 omnia
996 1915 1215 1972 Eusebii
1261 1931 1327 1971 ac
1365 1914 1421 1970 S.
1456 1914 1766 1987 Hieronymi
1813 1917 1882 1972 de

318 2007 381 2063 S.
411 2006 683 2079 Hippolyti
732 2008 858 2063 sede
888 2008 1105 2063 silentio
1150 2008 1526 2078 anteponenda
1556 2023 1717 2064 nemo
1751 2024 1881 2080 pru-

1990 634 2073 687 vel
2109 647 2176 687 ex
2217 632 2445 688 sinceris
2487 628 2547 687 S.
2581 632 2835 703 martyris
2872 631 3043 696 Actis,
3078 647 3199 702 quae
3244 643 3548 702 temporum

1989 725 2188 795 injuria
2234 725 2645 787 interciderunt,
2694 724 2906 779 discere
2951 725 3214 793 potuisse,
3249 739 3377 779 cum
3420 740 3550 778 eru-

1987 818 2100 873 dito
2151 817 2417 871 monacho
2461 814 2685 871 Joanne-
2725 815 2964 887 Lyronio
3002 830 3111 869 non
3159 831 3269 869 uno
3298 816 3549 886 exemplo

1987 911 2218 980 probare
2250 910 2430 964 conati
2471 924 2682 963 sumus.
2711 906 2967 974 Quinimo
3011 907 3238 976 ipsemet
3263 906 3322 962 S.
3358 905 3551 961 Hiero-

1988 1016 2205 1071 nymus,
2236 1000 2330 1069 qui
2382 999 2652 1070 egregiam
2706 999 2949 1070 martyrii
3003 999 3231 1069 gloriam
3288 998 3344 1052 in
3390 997 3551 1054 toties

1987 1093 2204 1147 laudato
2232 1091 2486 1161 Catalogo
2534 1092 2739 1157 reticet,
2774 1093 2899 1146 alibi
2932 1091 2989 1146 S.
3023 1090 3308 1163 Hippolyto
3352 1093 3552 1163 praeci-

1987 1196 2093 1252 pue
2127 1181 2392 1236 attribuit.
2424 1181 2579 1247 Quod
2610 1180 2828 1250 quidem
2860 1182 3059 1236 mirum
3102 1182 3158 1235 in
3186 1182 3409 1237 modum
3445 1198 3549 1238 no-

1986 1282 2155 1329 stram
2182 1274 2336 1343 juvat
2364 1272 2708 1328 sententiam.
2742 1271 2998 1342 Stephani
3030 1272 3254 1342 insuper
3282 1272 3331 1326 le
3355 1272 3549 1344 Moyne

1986 1364 2361 1433 conjecturam
2401 1363 2624 1416 omnino
2671 1362 3078 1432 improbabilem
3124 1362 3404 1416 nonnullis
3456 1377 3548 1415 ra-

1986 1456 2148 1509 tionis
2192 1457 2481 1510 momentis
2528 1456 2582 1507 in
2625 1455 2862 1509 medium
2899 1454 3077 1508 allatis
3108 1452 3463 1516 ostendimus,
3497 1461 3551 1507 et

1991 1563 2058 1601 ex
2099 1546 2382 1616 ipsiusmet
2430 1544 2778 1614 Philostorgii
2833 1543 3141 1598 testimonio
3184 1541 3549 1611 evangelicam

1983 1639 2159 1693 lucem
2184 1646 2455 1692 extremas
2488 1636 2900 1690 llommritarum
2936 1651 3088 1699 oras,
3120 1636 3175 1689 in
3203 1636 3404 1704 quibus
3432 1634 3550 1688 Em-

1983 1732 2195 1802 porium
2230 1730 2536 1784 Romanum
2569 1728 2731 1783 situm
2765 1737 2904 1790 erat,
2933 1737 3147 1782 centum
3174 1735 3294 1796 post
3325 1724 3383 1780 S.
3419 1725 3550 1796 [lip-

1955 1824 2224 1895 'polytum
2276 1838 2450 1876 annos
2508 1830 2842 1891 penetrasse,
2893 1826 2947 1873 et
3001 1817 3338 1888 episcopales
3391 1818 3549 1871 sedes

1986 1924 2255 1972 trecentos
2276 1915 2386 1969 fere
2417 1922 2540 1984 post
2573 1928 2747 1968 annos
2774 1912 2970 1967 ibidem
2998 1925 3120 1966 esse
3143 1910 3394 1978 coepisse,
3430 1923 3552 1963 cer-

1984 2010 2055 2063 tis
2085 2008 2328 2063 deductis
2356 2005 2687 2075 argumentis
2715 2004 3062 2058 deduximus.
3103 2001 3449 2072 Quapropter
3474 2001 3550 2055 nil

316 2099 455 2155 dens
480 2099 719 2171 negabit.
740 2097 1121 2170 Supralaudati
1144 2101 1289 2155 enim
1311 2101 1623 2171 scriptores,
1641 2102 1731 2172 qui
1763 2109 1884 2170 post
1912 2111 1955 2167 Β
1983 2100 2129 2154 aliud
2178 2106 2364 2162 restat,
2399 2097 2504 2151 nisi
2542 2096 2968 2151 vetustissimam
2999 2093 3261 2149 Romana:
3287 2092 3550 2148 Ecclesiae

317 2188 619 2245 Eusebium
652 2197 709 2244 et
733 2188 793 2246 S.
824 2188 1211 2261 Hieronymum
1244 2192 1515 2259 vixerunt,
1552 2207 1658 2246 non
1684 2202 1885 2248 temere

314 2281 438 2337 haec
463 2282 761 2349 dictarunt,
785 2283 879 2337 sed
912 2282 1026 2337 bare
1054 2283 1236 2338 omnia
1263 2298 1325 2338 ex
1356 2283 1608 2355 genuinis
1640 2285 1882 2355 ejusdem

320 2374 385 2429 S.
431 2373 707 2447 Hippolyti
752 2390 977 2445 operum
1028 2375 1218 2441 titulis,
1252 2383 1308 2430 et
1353 2390 1420 2430 ex
1458 2376 1695 2442 antiquis
1740 2378 1884 2433 notis

317 2467 602 2524 codicibus
641 2468 927 2541 appositis,
980 2482 1212 2539 quarum
1257 2484 1421 2523 unam
1472 2469 1528 2524 in
1563 2466 1886 2540 .Parisiensi

317 2654 662 2713 permanere.
703 2658 723 2692 ι
762 2638 1111 2713 Episcopium
1166 2638 1577 2713 PortuenseLS.
1614 2640 1889 2713 Hippolyti

313 2710 657 2779 episcopium
726 2709 888 2779 etiam
955 2709 1181 2765 vocatur
1222 2710 1309 2779 Win
1394 2709 1539 2765 bulla
1615 2709 1887 2767 Benedicti

317 2778 428 2834 PP.
456 2778 591 2842 Vlll,
623 2780 767 2849 apud
806 2778 1013 2850 Ughell.
1054 2790 1184 2834 tom.
1219 2778 1263 2845 l,
1300 2794 1351 2848 p.
1385 2780 1486 2834 H6
1524 2798 1537 2834 :
1572 2798 1592 2832 ι
1626 2781 1889 2836 Concedi-

314 2865 446 2904 mus
473 2859 527 2905 et
550 2852 941 2905 conlirmamus
970 2851 1125 2905 vobis
1146 2853 1452 2919 vestrisque
1479 2852 1889 2908 successoribus

315 2921 380 2990 in
412 2928 732 2989 perpetuum
764 2922 1080 2990 praedictum
1105 2920 1437 2989 episcopium
1480 2919 1539 2990 S.
1572 2919 1888 2977 Portucnsis

312 2989 613 3061 Ecclesiae,
643 2989 789 3059 quod
820 2993 1057 3061 positum
1107 3005 1227 3045 esse
1262 2992 1473 3045 videtur
1518 2989 1654 3045 foris
1697 2993 1890 3061 praedi-

309 3070 465 3114 ctam
510 3058 789 3114 civitatem
828 3058 1189 3115 'Portuensem
1217 3101 1232 3124 ,
1281 3061 1368 3115 cui
1417 3058 1742 3115 vocabulum
1804 3070 1891 3117 est

313 3128 384 3201 _S_.
408 3127 741 3201 Hippolyti;
781 3149 800 3182 t
831 3138 885 3184 et
914 3130 969 3184 in
1000 3130 1167 3201 altera
1192 3129 1391 3201 Leonis
1419 3129 1511 3196 IX,
1540 3135 1681 3201 apud
1709 3134 1888 3201 ipsum

312 3197 542 3269 Ugbelli
563 3197 670 3253 loc.
699 3202 773 3254 cit
801 3241 816 3266 ,
841 3216 964 3270 pag.
990 3200 1082 3254 121
1118 3219 1131 3254 :
1168 3219 1185 3251 ι
1230 3198 1340 3255 Hac
1369 3201 1532 3270 igitur
1559 3197 1615 3255 re
1641 3197 1885 3255 inclinati

310 3271 665 3326 decrevimus
697 3271 943 3339 petitioni
976 3279 1081 3325 tuae
1103 3271 1439 3335 satisfacere,
1467 3271 1676 3325 scilicet
1698 3281 1755 3326 ut
1787 3272 1884 3327 tibi

310 3341 539 3427 tuisque
551 3342 961 3427 sucCessoribus
975 3340 1891 3427 ipsutnll’crtuens’em.episcqpatum

308 3412 729 3481 conﬁrmamus,
755 3411 901 3479 quod
930 3413 1113 3481 utique
1142 3411 1370 3465 libenter
1397 3409 1660 3481 facimus.
1693 3409 1756 3466 Et
1784 3414 1896 3481 pri-

310 3494 474 3552 mum
486 3479 663 3552 ipsum
679 3480 1049 3552 episcopatum
1062 3479 1376 3552 Portuensis
1388 3479 1659 3544 Ecclesiae,
1675 3479 1797 3552 quae
1807 3497 1896 3552 po-

311 3551 425 3607 sita
448 3563 567 3620 esse
594 3549 810 3605 videtur
829 3549 963 3606 foris
994 3551 1301 3620 praedictam
1324 3551 1671 3607 Portuensem
1692 3549 1893 3607 ‘civita-

310 3629 457 3690 tem,
479 3619 567 3674 cui
593 3621 914 3690 vocabulum
930 3619 1084 3676 estS.
1102 3620 1454 3690 Hippolyti...
1476 3621 1843 3678 concedimus.
1867 3642 1885 3675 ι

307 3667 465 3761 Quae
478 3689 667 3761 omnia
693 3667 993 3761 antiquum
1031 3667 1239 3747 enituit:
1255 3667 1335 3745 vi;
1356 3667 1890 3748 pditiféu‘éi'digc'ési
1919 3667 1960 3724 c

310 3762 386 3815 ὃ.
406 3757 709 3832 Hippolyto
750 3757 1054 3832 praestituti:
1089 3763 1222 3832 satis
1248 3776 1523 3832 superque
1544 3764 1889 3832 conﬁrmant.

395 3826 776 3903 (87)]ta'ipsé
822 3829 1101 3903 Matienus
1152 3826 1533 3903 Victorius-ad
1579 3831 1893 3903 Catalogum

309 3901 390 3955 de
422 3899 768 3968 scriptoribus
811 3900 1215 3972 ecclesiasticis,
1249 3903 1303 3956 in
1367 3899 1424 3956 S.
1465 3899 1890 3972 illippolyto,'te-

308 3980 503 4044 statur
522 3973 595 4044 ad
623 3973 788 4026 verba
813 3972 906 4025 illa
940 3970 999 4044 Si.
1026 3970 1338 4044 Hieronymi
1367 3990 1384 4044 :7
1414 3991 1436 4044 ς
1462 3970 1893 4044 Nomen—quippe

308 4042 482 4113 grbis
521 4041 663 4096 scire
705 4058 810 4096 non
841 4043 1022 4111 potui;
1058 4062 1077 4095 ι
1128 4041 1243 4097 hoc
1267 4041 1474 4096 modo:
1517 4060 1535 4092 ‹
1574 4041 1891 4113 Hippolytus

307 4110 648 4168 Portuensis
677 4110 966 4182 episcopus
994 4114 1115 4178 l'uit,
1142 4123 1199 4167 ut
1225 4113 1279 4169 in
1307 4120 1518 4167 Vetusta
1551 4110 1739 4167 codice
1766 4110 1886 4169 ina-

1982 2192 2047 2244 de
2078 2189 2360 2244 Parmensi
2392 2185 2452 2243 S.
2490 2186 2763 2257 Hippolyti
2791 2188 2909 2241 sedc
2940 2187 3287 2241 traditionem
3328 2184 3552 2256 optimis

1981 2282 2094 2337 nixi
2124 2280 2424 2336 rationibus
2456 2280 2836 2341 defendamus,
2863 2287 2917 2331 et
2950 2276 3310 2333 Portuensem
3336 2277 3550 2345 episco-

1982 2388 2108 2442 pum
2131 2386 2295 2443 prope
2318 2369 2545 2425 Romam
2579 2369 2991 2424 celeberrimum
3023 2367 3228 2423 Christi
3254 2377 3551 2439 martyrem

1985 2464 2044 2521 S.
2074 2464 2417 2537 Hippolytum
2464 2462 2739 2519 exstitisse
2784 2462 3058 2517 tutissime
3103 2460 3549 2530 pronuntiemus.

1984 2642 2270 2713 nuscripto
2280 2643 2428 2713 apud
2462 2640 2785 2713 Sor-bonam
2801 2637 3165 2713 Parisiensem
3199 2634 3323 2713 legi,
3358 2653 3378 2713 ρ
3412 2632 3555 2713 Qpe-

1985 2730 2108 2768 rum
2150 2704 2565 2782 5.,Hierottynti
2598 2719 2731 2764 tom.
2768 2707 2909 2782 l,‘p._
2926 2707 3033 2782 968
3057 2708 3195 2782 edit_._
3222 2704 3396 2782 ejusd.
3438 2704 3553 2759 Ma-

1987 2785 2126 2839 riani
2149 2781 2367 2837 Victorii
2391 2775 2616 2836 Parisiis
2645 2793 2787 2833 anno
2815 2775 2971 2843 {579,
2995 2778 3136 2846 apud
3154 2775 3553 2846 Sebastianum

1986 2854 2253 2909 Nivellum
2297 2854 2400 2907 sub
2441 2851 2680 2905 Ciconiis
2728 2850 2815 2902 via
2846 2845 3114 2902 Jacobma.
3150 2845 3257 2898 Pro
3292 2845 3553 2899 coronide

1986 2925 2165 2994 placet
2217 2922 2914 2994 etiamlatljungerenquc
2977 2916 3168 2994 scribit
3227 2914 3556 2994 Franciscus

1988 2985 2348 3049 Combelisius
2369 2985 2710 3045 Bibliotheca:
2741 2985 3044 3042 Griecorum
3074 2985 3298 3040 Patrum
3326 2985 3551 3037 Auctor.

1990 3064 2297 3129 novissim.,
2343 3077 2466 3132 pag.
2515 3060 2584 3114 6'5
2634 3060 2811 3132 citata:
2858 3057 2998 3132 edi_t_._
3037 3055 3360 3132 Parisiensis
3411 3069 3556 3108 anno

1992 3132 2151 3199 1672,
2190 3125 2445 3203 qui'n'onf
2460 3132 2633 3185 solum
2665 3128 2908 3203 Mariano
2940 3125 3182 3203 Viet_o_rio
3208 3125 3370 3203 ﬁdem
3412 3140 3555 3193 prte-

1991 3204 2099 3265 bet,
2139 3195 2334 3258 've'rum
2379 3202 2543 3255 etiam
2581 3215 2718 3273 quae
2736 3199 2869 3252 alias
2903 3213 2930 3251 a
2981 3195 3138 3273 n_9bis
3190 3195 3357 3248 relata
3405 3203 3555 3273 sapt,

1999 3261 2200 3327 mirum
2237 3274 2291 3326 in
2331 3272 2551 3325 modum
2583 3261 2907 3325 conﬁrmat:
2943 3284 2962 3317 (
3000 3263 3225 3319 Factqu
3257 3279 3376 3318 esse
3400 3261 3556 3332 (Hip-

1994 3344 2261 3415 polytum)
2290 3341 2643 3415 Portuensetn
2667 3340 3004 3415 episcopum,
3035 3338 3221 3415 sicque
3246 3332 3557 3415 Romanum

1998 3405 2317 3476 antistitem,
2365 3410 2624 3465 Romanae
2675 3405 2881 3463 scilicet
2924 3405 3141 3476 proprle
3192 3405 3559 3480 metropoleos

1998 3474 2429 3553 sull‘raganeum,
2492 3490 2561 3553 ut
2615 3489 2838 3541 vocant,
2896 3474 2979 3553 ac
3013 3474 3558 3553 comprovincialem,

1999 3554 2137 3622 ultra
2169 3543 2333 3622 Quam
2374 3559 2491 3622 erat
2529 3549 2771 3622 Romana
2797 3546 3017 3622 propria
3053 3543 3329 3622 dimcesis,
3365 3543 3431 3622 i_n_
3451 3558 3561 3612 qua

1997 3612 2282 3678 Romanus
2310 3621 2556 3691 pontifex
2581 3612 3109 3691 creabat'epi'scopos
3134 3612 3559 3691 peculiari‘jure,

2034 3695 2087 3747 ui
2118 3683 2330 3749 idcirco
2364 3689 2604 3762 episcopi
2638 3683 2893 3762 Romani,
2931 3695 2988 3740 ut
3014 3683 3263 3762 “distincti
3292 3699 3324 3737 a
3366 3683 3559 3762 Gallis,

2040 3764 2269 3833 ispanis,
2321 3753 2569 3833 aliisque-
2599 3762 2651 3812 in
2685 3758 2878 3833 quavis
2928 3755 3203 3833 protrincia
3237 3753 3561 3833 metropoli-

1988 3774 2269 3833 Hispanis,
2321 3774 2555 3829 altisque
2599 3776 2651 3812 Ill
2685 3774 2878 3881 qlgaws
2928 3774 3203 3825 provmcm
3237 3774 3561 3822 metropoli-

1988 3835 2097 3909 tico
2122 3838 2363 3909 j_ure,__e_x
2390 3831 2676 3909 Canonum
2758 3841 3049 3909 tcaeuorum
3080 3824 3438 3909 dispositione
3470 3838 3563 3909 o‘r-v

1988 3894 2168 3959 dinari
2197 3894 2390 3965 solitis,
2425 3900 2697 3954 nonnullis
2722 3905 3129 3965 nuncupantur,
3148 3894 3319 3947 Graeci
3350 3894 3560 3962 signili-

1989 3983 2136 4039 cant,
2185 3974 2337 4042 quod
2360 3973 2433 4025 ita
2463 3972 2631 4042 citant
2687 3985 2718 4042 :_
2758 3965 3203 4042 sicqueﬂlcgiﬂsse.
3234 3971 3424 4016 auctor
3472 3970 3560 4015 est

1988 4031 2264 4098 Marianas
2300 4039 2481 4097 Victor
2509 4041 2565 4095 in
2597 4037 2835 4107 antiquo
2857 4031 3067 4090 codice
3084 4031 3365 4089 Sorbonm.
3388 4050 3409 4084 ι

1356 4337 3524 4371 MM

967 4521 1088 4634 S.
1178 4516 1954 4635 HIPPOLYTI
2040 4513 2923 4635 POBTUENSIS

1561 4755 1853 4847 ACTA
1919 4752 2367 4842 LATINA

675 4959 835 5034 Qum
862 4908 1020 5019 olim
1056 4954 1124 5016 in
1155 4950 1429 5017 ecclesia
1460 4947 1839 5029 legebantur
1865 4945 1942 5010 ad
1974 4945 2150 5009 diem
2194 4962 2267 5007 ιι
2309 4941 2447 5006 Kal.
2487 4942 2877 5023 Septembris
2912 4938 3102 5022 (Aug.
3138 4940 3267 5021 22).

314 5150 453 5219 ([De
481 5143 784 5220 Haeret-ate],
824 5148 942 5196 Acta
989 5144 1261 5252 Harlng
1299 5139 1365 5190 ad
1392 5136 1526 5190 Ostia
1553 5135 1785 5209 Tiberina
1806 5135 1889 5186 sub

387 5210 560 5253 mdme
591 5208 918 5253 Vallicellano
941 5220 991 5253 n.
1016 5218 1099 5253 vn.
1140 5205 1207 5253 οι.
1235 5202 1343 5251 252.
1365 5229 1427 5240 --
1450 5202 1618 5250 Monet
1635 5200 1796 5247 editor
1829 5201 1889 5247 Α(

1988 5131 2134 5185 audio
2155 5130 2369 5193 Gothico,
2407 5132 2593 5191 Romae,
2621 5131 2762 5189 1795,
2791 5131 2971 5191 ln-fol.,
2994 5130 3244 5193 Append,
3284 5141 3333 5191 p.
3362 5130 3469 5177 459.
3486 5130 3547 5197 _E:

1995 5205 2089 5253 sta,
2108 5194 2160 5246 in
2182 5198 2319 5246 Actis
2354 5196 2444 5243 SS.
2467 5196 2689 5245 Bolland.
2716 5195 2775 5243 ad
2800 5194 2931 5242 diem
2962 5193 3171 5253 Augusti
3206 5190 3268 5237 22
3292 5192 3390 5249 jam
3408 5191 3547 5253 pedita

387 5209 560 5261 codice
591 5208 918 5259 Vailic'ellano
941 5220 991 5255 n.
1016 5218 1099 5265 vn,

3108 5130 3257 5191 end,
3284 5141 3333 5191 p.
3362 5126 3469 5177 459.
3486 5127 3571 5191 Ex

387 5251 1276 5336 ivro-inertio'gstimatamnon'futsse,
1302 5263 1496 5328 quando
1528 5267 1721 5311 constat
1746 5260 2012 5309 vetustiora
2034 5251 2146 5307 esse
2169 5255 2489 5307 translatione
2511 5256 2730 5319 corporis
2750 5256 3006 5317 Hippolyti
3025 5251 3251 5314 adeoque
3271 5251 3456 5299 saeculo
3478 5259 3570 5313 ιι.)

402 5564 602 5623 Beatus
640 5563 890 5636 Ypolitus
909 5560 1078 5635 quiet
1100 5559 1290 5617 Nonus
1319 5560 1538 5624 dicitur,
1565 5558 1721 5630 cujus
1753 5573 1894 5628 pra:-

319 5658 606 5715 dicatione
635 5656 961 5712 Alexandria
997 5668 1262 5710 conversa
1309 5654 1504 5717 fuerat,
1546 5651 1895 5720 liminaapo-

321 5747 597 5805 stolarum
618 5744 841 5801 visitare
865 5745 1112 5815 cupiens,
1141 5741 1368 5798 Romam
1385 5742 1535 5800 adiit.
1575 5740 1897 5796 Sanctorum

324 5839 585 5910 sepulcra
608 5838 919 5908 ubicunque
950 5838 1004 5891 in
1032 5836 1166 5892 locis
1204 5835 1288 5891 vel
1317 5835 1371 5890 in
1394 5834 1717 5891 cmmcteriis
1745 5833 1897 5889 inve-

2000 5555 2117 5612 nire
2142 5562 2353 5626 poterat
2388 5550 2764 5608 curiosissime
2800 5544 3130 5617 requirebat,
3173 5543 3359 5614 ibique
3381 5542 3553 5613 dignat

2001 5648 2112 5705 Deo
2142 5648 2329 5703 laudes
2373 5647 2633 5708 referens,
2663 5642 2751 5698 die
2776 5648 3050 5709 noctuque
3080 5637 3419 5692 orationibus
3449 5651 3580 5708 per;
3616 5636 3620 5641 ⁴

2002 5741 2247 5798 sistebat.
2277 5738 2627 5796 Posttnodutn
2657 5750 2786 5789 vero
2807 5734 2871 5788 atl
2896 5731 3117 5787 Portum
3145 5729 3460 5802 Tyberiana:
3481 5744 3573 5783 ur-

2006 5832 2089 5888 bis
2112 5846 2426 5902 properans,
2458 5829 2691 5899 Spiritus
2721 5825 2894 5881 sancti
2930 5823 3100 5896 gratia
3131 5821 3403 5879 revelante
3438 5816 3572 5873 Vera
