4128 6374
345 379 445 432 5τῶ

1710 365 1890 422 ACTA
1927 366 2202 423 GRAECA.

3484 373 3589 432 εει

355 497 596 570 μέγιστος
612 491 1078 565 ἀνήφθη-διωγμὸς
1109 493 1220 554 τοῖς
1237 488 1553 561 (τηνικαῦτα
1579 484 1746 558 οὖσιν)
1774 491 1898 559 Χριε

2016 490 2242 544 stianos.
2278 488 2407 544 Erat
2433 491 2650 560 quidam
2681 493 2763 546 vir
2793 495 3116 564 praepositus
3145 496 3466 566 magisteria!
3491 514 3591 568 po-

352 590 598 650 στιανοῖς.
623 584 730 639 Ἦν
747 582 838 640 οῦν
867 603 949 648 τις
963 586 1100 656 ἀνὴρ
1128 586 1332 638 Κενσου
1342 586 1479 654 ρῖνος
1511 581 1919 654 προηγούμενος

348 681 442 749 τῆς
474 679 563 732 τοῦ
599 677 1218 750 μαγιστορίου,ὲξουσίας
1247 675 1414 746 (15-1)
1449 677 1542 727 καὶ
1579 677 1636 728 ἐν
1663 673 1740 743 τῷ
1765 673 1921 744 λελη-

347 771 456 823 θότι
489 770 560 840 (2)
595 770 935 841 Χριστιανὸς,
970 771 1060 822 καὶ
1093 768 1424 838 φοϐούμενος
1450 767 1540 820 τὸν
1560 767 1709 820 Θεὸν,
1751 760 1920 832 Οῦτος

346 863 450 916 ἀπὸ
483 863 578 932 τῆς
619 862 1048 932 καταπρόσωπον
1083 859 1343 930 βασιλέως
1383 858 1646 911 Κλαυδίου
1669 860 1797 921 θέας
1819 861 1918 930 οὐχ

346 953 632 1024 ὑπεχώρει,
661 952 774 1005 ἀλλ’
791 951 949 1022 εἰπερ
965 951 1115 1013 τινας
1131 954 1194 1003 ὲκ
1213 949 1320 1002 τῶν
1341 950 1676 1020 Χριστιανῶν
1705 951 1915 1022 ἑώρακε

343 1045 473 1115 πρὸς
489 1044 764 1115 ἀναίρεσιν
778 1043 1114 1112 ἑλκομένους,
1129 1043 1160 1113 ἦ
1178 1044 1270 1094 καὶ
1283 1041 1414 1112 πρὸς
1425 1041 1686 1113 δημοσίαν
1699 1045 1916 1115 εἱρκτὴν

339 1136 735 1206 ἀπαγομένους,
755 1135 1051 1205 λεληθότως
1084 1134 1303 1198 τούτους
1323 1136 1555 1205 ἐνίσχυε,
1571 1135 1662 1187 καὶ
1683 1135 1804 1188 ὅσον
1820 1137 1916 1189 αῦ-

337 1226 413 1296 τῷ
426 1228 708 1299 εὐπορεῖτό
733 1226 938 1298 τροφὰς
968 1230 1080 1290 τοῖς
1100 1229 1157 1279 ὲν
1175 1226 1437 1295 φυλακαῖς
1455 1224 1802 1297 τυγχάνουσι,
1821 1228 1914 1280 καὶ

336 1323 445 1382 τοῖς
478 1320 539 1371 ὲν
570 1318 805 1389 δεσμοῖς,
843 1319 1017 1371 καίτοι
1065 1319 1285 1389 ρήσεσιν
1330 1319 1755 1389 κατηχουμένοις
1797 1319 1914 1389 διηο·

337 1413 478 1464 κόνει
505 1411 604 1482 (5).
658 1409 828 1461 Τοῦτο
865 1408 1102 1470 ἀκούσας
1147 1409 1176 1460 6
1211 1407 1681 1476 (δυσσεϐέστατος)
1711 1411 1910 1476 καῖσαρ

335 1499 602 1562 Κλαύδιος
648 1498 740 1551 καὶ
784 1497 1076 1568 ὀργισθεὶς,
1127 1495 1337 1549 κελεύει
1380 1495 1538 1548 αὑτὸν
1567 1493 1910 1566 κρατηθέντα

334 1593 564 1646 ἐνώπιον
585 1591 747 1644 αὑτοῦ
783 1591 1148 1661 παραστῆναι.
1183 1589 1290 1641 Καὶ
1320 1589 1509 1642 τούτου
1535 1588 1908 1659 παραστάντος

332 1685 505 1748 οὕτως
541 1702 658 1747 πως
689 1683 984 1753 διεσάφησε
1016 1682 1214 1750 λέγων·
1250 1681 1321 1732 Συ
1349 1676 1398 1732 εἶ
1434 1681 1462 1732 6
1487 1679 1622 1751 ἀνὴρ
1654 1681 1858 1742 ἐκεῖνος
1880 1682 1908 1730 6

330 1777 435 1829 τῶν
482 1775 624 1828 θεῶν
666 1773 1025 1846 θρησκευτὴς,
1069 1773 1162 1826 καὶ
1199 1773 1296 1842 τῆς
1335 1772 1606 1844 ἡμετέρας
1659 1771 1904 1835 ἐξουσίας

331 1870 415 1923 ἀεὶ
461 1866 822 1939 διαλαλήσας;
871 1865 999 1918 Ἰδοὺ
1033 1867 1066 1935 ἡ
1106 1864 1349 1935 ἡμετέρα
1392 1865 1669 1935 ἡμερότης
1711 1862 1908 1918 οὑδέὓοί

329 1959 646 2013 δουλεύοντα
690 1959 826 2029 αὐτῇ
867 1956 1194 2011 ἀπεσείσατο
1237 1953 1476 2018 πώποτε,
1521 1955 1656 2008 ἀλλά
1699 1957 1779 2019 εἰς
1808 1955 1908 2026 τὴν

330 2049 537 2104 τούτων
593 2048 889 2120 θεραπείαν
948 2046 1239 2109 διαπαντὸς
1291 2048 1453 2117 ἡμεῖς
1491 2047 1588 2116 τὴν
1631 2045 1906 2100 πολιτείαν

330 2143 816 2216 πηδαλιουχοῦντες
841 2139 1213 2212 κατορθοῦμεν
1248 2140 1349 2208 (4).
1387 2141 1521 2192 Τότε
1552 2143 1580 2192 ὁ
1612 2143 1906 2213 Κενσουρῖ-

329 2254 414 2300 νος
463 2235 742 2306 ἀπεκρίθη
797 2233 1005 2302 λέγων·
1073 2231 1213 2300 Ἐγὼ
1262 2231 1562 2303 μαρτυρίαν
1608 2232 1744 2297 λέξω
1780 2233 1906 2303 περὶ

327 2328 416 2381 τοῦ
469 2327 685 2398 Κυρίου
738 2343 837 2396 μου
887 2325 1061 2394 Ἰησοῦ
1113 2323 1370 2394 Χριστοῦ,
1422 2323 1553 2376 δίοτι
1585 2323 1746 2386 αὑτός
1784 2327 1900 2376 ἐστι

326 2419 454 2483 Θεὸς
501 2416 774 2489 ἀληθινὸς,
821 2421 850 2471 6
881 2416 1228 2489 σταυρωθεὶς,
1279 2418 1368 2470 καὶ
1402 2417 1611 2486 ταφεὶς,
1644 2419 1737 2471 καὶ
1767 2418 1899 2470 ἀνα-

329 2514 454 2576 στὰς
479 2517 551 2584 τῇ
584 2513 742 2584 τρίτη
781 2511 965 2583 ἡμέρα
993 2512 1278 2582 θεωμένων
1307 2512 1382 2582 (5)
1415 2512 1523 2565 τῶν
1553 2516 1898 2583 σταυρωσαν-

325 2623 427 2660 των
451 2606 640 2660 αὐτόν.
682 2609 777 2670 Ὅς
821 2605 915 2658 καὶ
947 2605 1083 2675 μετᾶ
1120 2605 1180 2658 τὸ
1209 2607 1504 2677 ἀναστῆναι
1545 2608 1898 2678 ἐμφανισθεὶς

323 2702 430 2763 τοῖς
467 2699 650 2768 ἁγίοις
680 2698 841 2752 αὐτοῦ
878 2699 1164 2770 μαθηταῖς,
1199 2699 1499 2769 βλεπόντων
1525 2699 1701 2752 αὐτῶν
1738 2700 1900 2770 ἀνῆλ-

325 2790 411 2844 θεν
442 2794 526 2855 είς
560 2791 685 2854 τοὺς
717 2789 1000 2860 οὐρανούς.
1038 2783 1203 2851 Οὗτος
1229 2790 1286 2841 ὲν
1309 2791 1423 2852 τοῖς
1448 2789 1734 2860 ἡμετέροις
1773 2807 1895 2843 και-

327 2886 433 2952 ροῖς
465 2881 810 2952 κατηξίωσεν
847 2881 1243 2953 παραγίνεσθαι
1276 2881 1384 2934 ἀπὸ
1412 2881 1506 2935 τοῦ
1550 2882 1761 2954 Πατρὸς
1804 2885 1900 2938 αὐ·

323 2974 432 3039 τοῦ,
495 2976 596 3028 καὶ
641 2972 926 3044 προελθεῖν
980 2973 1044 3025 ὲκ
1091 2972 1327 3043 γαστρὸς
1378 2973 1672 3044 Παρθένον.
1730 2969 1898 3042 Οὗτος

2023 579 2251 643 testatis,
2299 589 2355 634 et
2396 580 2450 634 in
2496 582 2712 636 occulto
2740 583 3110 648 Christianus,
3155 585 3351 641 timens
3397 588 3584 651 Deum,

2025 682 2079 726 ct
2107 673 2332 728 credens
2360 672 2413 726 iu
2462 675 2661 728 virtute
2692 673 2906 729 Domini
2934 674 3061 730 Jesu
3092 677 3318 742 Clu-isti,
3348 684 3590 750 quotidie

2022 765 2076 817 in
2118 764 2454 818 absconditis
2504 766 2617 820 suis
2659 766 3000 822 orationibus
3039 781 3093 821 et
3130 768 3354 838 jejuniis
3397 774 3589 841 epula-

2019 854 2175 906 batur
2210 862 2264 908 et
2307 854 2688 926 elcemosynis.
2744 855 2842 911 Hic
2879 868 3002 913 ante
3039 860 3250 914 Claudii
3303 873 3581 930 aspectum

2019 960 2123 998 non
2153 945 2433 1008 recedens,
2467 947 2560 1000 sed
2595 948 2638 1000 si
2673 962 2814 1016 quos
2848 948 3076 1002 vidisset
3104 966 3134 1002 e
3165 951 3488 1008 Christianis
3515 955 3585 1010 ad

2018 1055 2200 1092 necem
2238 1038 2400 1101 trahi,
2430 1039 2512 1091 vel
2561 1040 2629 1092 ad
2676 1038 2982 1093 custodiam
3027 1042 3323 1110 publicam,
3376 1047 3587 1100 occulte

2015 1129 2376 1196 confortabat,
2423 1140 2475 1183 et
2507 1140 2770 1199 quantum
2808 1131 2880 1194 ei,
2927 1133 3256 1203 largiebatur
3293 1138 3491 1192 victum
3528 1141 3584 1194 in

2014 1222 2345 1285 carceribus,
2373 1221 2716 1276 ministrabat
2735 1231 2789 1275 et
2816 1223 3048 1279 vinculis
3078 1235 3130 1279 et
3155 1230 3443 1283 custodiis.
3468 1228 3583 1283 lloc

2013 1314 2200 1368 audito
2244 1313 2508 1367 Claudius
2561 1329 2654 1366 rex
2708 1314 2882 1373 iratus
2927 1316 3097 1386 jussit
3148 1334 3272 1373 eum
3307 1321 3478 1376 teneri
3527 1333 3582 1376 ct

2011 1414 2136 1458 ante
2167 1413 2516 1474 conspectum
2552 1421 2709 1460 suum
2738 1407 2954 1472 adduci,
2980 1410 3066 1463 cui
3099 1410 3172 1464 ita
3204 1411 3378 1466 dixit:
3410 1411 3490 1466 Tu
3520 1429 3580 1468 es

2011 1497 2094 1547 vir
2119 1495 2206 1550 ille
2233 1495 2568 1552 Censurinus
2589 1499 2813 1554 deorum
2844 1501 3041 1569 cultor,
3074 1513 3288 1558 aeternae
3320 1504 3580 1574 majesta-

2013 1590 2082 1642 tis
2104 1603 2317 1658 semper
2341 1588 2571 1644 aﬂ‘abilis
2587 1590 2763 1662 (8-9)?
2785 1591 3140 1650 Mansuetudo
3162 1605 3346 1651 nostra
3369 1598 3576 1652 nullum

2014 1682 2334 1736 servientem
2386 1682 2490 1736 sibi
2521 1681 2787 1752 despexit,
2834 1687 2927 1740 sed
2956 1686 3009 1740 in
3043 1688 3312 1742 culturam
3347 1689 3578 1744 deorum

2009 1789 2224 1843 semper
2246 1787 2346 1827 nos
2375 1772 2768 1842 rempublicam
2794 1776 3162 1845 gubernantes
3190 1794 3577 1849 propagamus.

2009 1864 2162 1920 Tunc
2201 1864 2541 1921 Censurinus
2573 1869 2909 1936 respondens
2943 1867 3084 1923 dixit
3131 1889 3145 1923 :
3182 1869 3297 1942 Ego
3327 1873 3579 1927 testimo-

2010 1961 2159 2013 nium
2191 1959 2313 2014 dico
2353 1959 2420 2015 de
2461 1959 2697 2015 Domino
2725 1959 2850 2016 Jesu
2887 1960 3128 2028 Christo,
3171 1965 3300 2034 quia
3337 1966 3453 2036 ipse
3496 1977 3583 2022 est

2009 2066 2172 2105 verus
2216 2050 2390 2114 Deus,
2421 2056 2512 2122 qui
2548 2053 2844 2108 cruciﬁxus
2879 2062 2964 2108 est
2993 2065 3046 2107 et
3099 2057 3364 2125 sepultus,
3407 2068 3462 2113 et
3494 2075 3580 2114 re-

2009 2144 2248 2198 surrexit
2295 2145 2428 2213 ipsis
2476 2147 2808 2210 videntibus,
2840 2147 2931 2216 qui
2972 2163 3095 2200 eum
3139 2149 3527 2206 cruciﬁxerunt
3563 2193 3575 2207 .

2007 2236 2136 2304 quia
2169 2236 2498 2304 praedixerat
2541 2237 2684 2306 quod
2725 2246 2847 2307 post
2876 2246 3107 2292 mortem
3133 2239 3370 2307 viveret;
3407 2251 3462 2296 et
3495 2243 3578 2295 vi-

2008 2327 2264 2382 dentibus
2293 2327 2400 2382 illis
2439 2329 2685 2383 ascendit
2728 2331 2782 2383 in
2817 2331 3040 2386 coelum.
3077 2331 3174 2388 llic
3205 2335 3409 2387 nostris
3437 2343 3576 2387 tem-

2005 2417 2231 2485 poribus
2257 2417 2511 2487 dignatus
2539 2427 2622 2473 est
2651 2420 2836 2474 venire
2869 2437 2900 2475 ει
2930 2421 3089 2477 Patre
3122 2422 3176 2477 in
3205 2432 3417 2478 uterum
3454 2423 3576 2478 Vir-

2004 2509 2144 2579 ginis
2190 2527 2204 2562 :
2268 2509 2363 2579 qui
2419 2509 2637 2578 quidem
2691 2511 2772 2566 sic
2831 2511 3086 2582 dignatus
3125 2521 3208 2568 est
3253 2515 3576 2569 descendere

2003 2602 2069 2654 ad
2117 2610 2292 2655 terras
2333 2609 2392 2654 ut
2441 2600 2638 2655 ccelum
2685 2617 2792 2656 non
2847 2602 3139 2658 desereret.
3195 2603 3348 2660 Tunc
3377 2607 3575 2663 .iratus

2003 2693 2264 2750 Claudius
2292 2693 2470 2748 dixit:
2501 2691 2735 2760 Insanis,
2777 2692 3113 2762 Censorine;
3152 2705 3204 2750 et
3246 2697 3413 2766 jussit
3447 2713 3570 2752 eum

2003 2796 2221 2857 propter
2253 2785 2459 2840 militiae
2487 2787 2826 2840 consortium
2861 2783 3025 2842 Ostiae
3052 2787 3106 2840 in
3138 2788 3384 2842 custodia
3420 2805 3578 2843 man-

2004 2879 2198 2950 cipari.
2230 2876 2325 2932 ille
2350 2887 2532 2932 autem
2569 2877 2623 2931 in
2651 2879 2901 2934 custodia
2933 2889 2985 2934 et
3017 2879 3069 2932 in
3102 2879 3335 2935 vinculis
3362 2881 3572 2952 obliga-

2005 2985 2096 3031 tus
2127 2975 2238 3029 Deo
2268 2972 2456 3028 laudes
2482 2972 2568 3026 die
2600 2980 2871 3042 noctuque
2905 2973 3150 3028 canebat.

325 3067 501 3136 μέντοι
529 3064 796 3135 κατῆλθεν
817 3063 905 3118 διά
925 3063 1330 3133 φιλανθρωπίαν
1355 3064 1448 3116 ἐπὶ
1479 3066 1576 3135 τῆς
1607 3066 1728 3136 γῆς,
1764 3073 1890 3134 τοὺς
1925 3069 2186 3144 οὐρανοὺς
2247 3066 2322 3138 μὴ
2383 3061 2727 3118 καταλιπών(
2753 3065 2886 3116 Τότε
2943 3063 3215 3134 ὀργισθεὶς
3248 3064 3296 3136 (6
3323 3065 3573 3118 δυσσεϐέ-

237 3154 245 3165 ’
324 3162 535 3224 στατος)
567 3156 831 3220 Κλαύδιος
856 3155 991 3226 ἔφη·
1029 3154 1281 3217 Μαίνεαι,
1318 3156 1664 3226 Κενσουρῖνε,
1711 3161 1805 3213 καὶ
1837 3161 2174 3234 παραχρῆμα
2240 3156 2524 3210 ἐκέλευσεν
2567 3155 2727 3209 αὐτὸν
2763 3153 2850 3207 διὰ
2909 3155 3006 3224 τῆς
3064 3157 3321 3227 στρατιᾶς
3379 3157 3574 3209 ἀπενε-

321 3249 516 3320 χθῆναι
552 3247 693 3302 κατά
722 3247 822 3318 τὴν
884 3245 1168 3316 Ὀστησίαν
1212 3245 1367 3299 πόλιν
1416 3247 1510 3316 (li),
1547 3249 1805 3320 καὶπρὸς
1836 3252 1897 3304 τὸ
1933 3247 2838 3323 δεσμωτήριονπαραφυλάττεσθαι
2865 3249 2998 3300 ἐκεῖ.
3042 3249 3174 3301 Τότε
3223 3251 3280 3301 ὲν
3312 3251 3458 3321 αὐτῷ
3495 3253 3572 3319 τῷ

320 3344 485 3414 τόπῳ,
536 3343 598 3394 οὐ
636 3327 853 3412 μακρὰν
885 3339 991 3393 ἀπὸ
1022 3340 1112 3393 τοῦ
1148 3341 1336 3404 ἄστεος
1384 3341 1617 3413 Ῥώμης,
1671 3344 1783 3398 ἀλλ’
1833 3347 1908 3410 ὡς
1947 3348 2054 3401 ἀπὸ
2088 3341 2279 3418 μιλίων
2337 3344 2720 3397 πεντεκαίδεκα
2757 3345 2830 3413 (7)
2865 3348 2922 3397 ὲν
2963 3348 3173 3416 φρουρᾷ
3228 3348 3318 3399 καὶ
3359 3348 3573 3416 δεσμοῖς

321 3433 704 3506 κατεχόμενος,
736 3433 813 3503 τῷ
845 3433 964 3504 Θεῷ
992 3434 1116 3497 τοὺς
1150 3433 1330 3497 αῖνους
1357 3435 1568 3506 ἡμέρας
1597 3438 1688 3490 καὶ
1710 3440 1901 3503 νυκτὸς
1933 3440 2264 3510 ἀνέπεμπεν.

388 3531 461 3581 B’.
513 3529 606 3600 ἶΕν
649 3529 796 3599 αὐτῷ
850 3531 1137 3600 τοιγαροῦν
1194 3529 1271 3600 τῷ
1327 3532 1477 3602 τόπῳ
1544 3534 1769 3606 πλησίον
1807 3538 1972 3607 τῆςο

321 3621 485 3691 αὐτῆς
547 3620 834 3690 Ὀστησίας
881 3621 1086 3684 πόλεως
1153 3617 1221 3691 ἦν
1290 3623 1372 3686 τὶς
1420 3625 1753 3698 συγκλητικὴ
1821 3630 1898 3679 οξ-

321 3712 682 3776 κοδέσποινα,
749 3713 815 3764 ὲκ
900 3714 1088 3781 γένους
1159 3715 1256 3784 τῆς
1325 3715 1604 3788 βασιλικῆς
1655 3717 1900 3784 ἐξουσίας

320 3803 662 3876 ὑπάρχουσα,
709 3805 934 3875 ὀνόματι
979 3807 1194 3876 Χρυσῆ,
1227 3808 1346 3877 ῆτις
1374 3810 1600 3873 πολλοὺς
1628 3811 1900 3883 διωγμοὺς

386 4050 838 4124 (lSr-llhlagistri
882 4053 1178 4124 ciliciorum
1230 4053 1466 4124 dignitas
1527 4053 1893 4123 plerumquea

315 4122 522 4178 Griecis
551 4122 748 4175 dicitur
771 4122 1092 4192 μαγιστερία
1123 4123 1262 4192 ἀρχή
1285 4122 1347 4176 ‘a
1375 4123 1576 4178 Latinis
1592 4122 1894 4192 magisteria

316 4194 577 4264 dignitas,
595 4191 1080 4264 cujus'l‘ormulam
1111 4191 1474 4264 Cassiodorus
1538 4196 1728 4247 recitat
1765 4194 1888 4248 Var.

317 4261 391 4326 v1;
416 4265 449 4318 6
474 4280 490 4328 ;
527 4261 620 4314 τοῦ
654 4261 1003 4332 μαγιστορίου
1037 4261 1232 4331 legitur
1262 4263 1314 4315 in
1343 4262 1511 4325 Actis,
1539 4265 1892 4331 quemadmo-

315 4333 444 4404 duth
481 4333 638 4404 apud
660 4331 1212 4404 ϐιηθφδίΜαῖστωρ,⁸
1233 4332 1541 4404 μαῒστορος.

383 4401 464 4475 (2)
489 4401 557 4456 In
587 4401 911 4462 abscondito,
937 4417 1034 4471 pro
1062 4401 1382 4472 λεληθότως,
1408 4401 1551 4472 quod
1579 4403 1742 4471 paulo
1765 4413 1890 4473 post

315 4474 585 4528 sequitur.

377 4489 748 4611 ((lgillll’lifivatim
779 4539 974 4595 docere
997 4540 1120 4594 laici
1155 4550 1402 4610 poterant
1423 4543 1884 4611 quemadmodum

315 4622 369 4666 et
396 4613 752 4674 diaconissze,
798 4613 864 4665 de
901 4611 1102 4679 quibus
1148 4611 1645 4679 pseudo-llieron.,
1678 4613 1882 4668 Comm.

315 4683 369 4735 in
400 4681 555 4735 Rom.
588 4698 701 4746 xw,
749 4682 804 4733 in
834 4697 927 4734 suo
959 4697 1086 4733 sexu
1114 4682 1414 4735 ministrare
1443 4682 1684 4736 videntur
1711 4685 1765 4736 in
1791 4683 1886 4735 ba-

314 4754 529 4834 ptismo,
560 4755 666 4806 sive
697 4753 751 4805 in
801 4751 1109 4834 ministerio
1137 4752 1282 4834 verbi
1333 4769 1346 4804 :
1377 4767 1498 4834 quae
1555 4754 1886 4834 respondent

317 4823 420 4877 illis
430 4824 502 4944 bin
533 4833 789 4876 contextu
805 4820 1014 4884 Graeco,
1049 4820 1237 4891 ρήσεσι
1252 4820 1510 4892 διηκόνει,
1537 4820 1706 4877 verbis
1721 4823 1879 4876 mini-

317 4903 426 4944 stra
463 4902 539 4944 at.

313 4902 539 4945 strabat.

383 4963 459 5032 (Δ)
490 4961 773 5030 Popularis
801 4959 987 5032 haberi
1016 4958 1187 5013 voluit
1212 4959 1490 5032 Claudius,
1513 4960 1647 5032 quin
1677 4969 1730 5015 et
1754 4975 1874 5016 om-

315 5030 466 5086 nium
498 5034 752 5085 ordinum
784 5031 1081 5094 studiosus,
1115 5039 1172 5082 ut
1196 5030 1714 5100 reipublicaagpotius
1748 5034 1872 5084 vin-

315 5104 611 5174 dex‘quam
654 5101 867 5174 imperii
894 5101 1184 5174 videretur.
1216 5097 1354 5155 Hinc
1385 5101 1476 5153 illa
1502 5097 1563 5153 P7.
1596 5100 1662 5154 R.
1699 5101 1873 5174 accla—

315 5169 482 5224 matio
511 5189 524 5224 :
550 5169 743 5225 Clauai
765 5173 1020 5240 Auguste,
1053 5177 1109 5221 tu
1135 5169 1321 5238 frater,
1353 5181 1410 5223 tu
1449 5180 1615 5240 pater,
1641 5179 1698 5223 tu
1731 5169 1869 5223 aint"-

315 5257 426 5304 cus,
459 5250 516 5294 tu
540 5245 700 5294 bonus
720 5251 951 5300 senator,
982 5249 1036 5290 tu
1057 5254 1167 5309 vere
1190 5242 1425 5309 princeps
1447 5240 1666 5309 (dictum
1689 5249 1871 5292 actua-

315 5310 707 5381 qies).'l‘rebell.
735 5309 874 5364 Poll.
896 5308 1089 5381 Ciaud.
1114 5308 1473 5381 SimulatiOne
1500 5311 1602 5364 hac
1623 5309 1872 5381 humani-

316 5379 462 5446 tatis,
488 5397 518 5434 a
544 5383 660 5435 suis
683 5381 914 5434 eximias
942 5387 1026 5432 est
1049 5380 1234 5435 laudes
1251 5389 1578 5435 consecutus
1601 5397 1615 5432 :
1657 5380 1744 5432 ’Ev
1769 5379 1872 5432 πά-

317 5465 432 5514 σαις
461 5451 751 5522 διατρέψας
771 5452 891 5512 ταῖς
914 5449 1160 5522 ἀρεταῖς,
1184 5451 1279 5522 καὶ
1306 5449 1468 5506 πολὺν
1492 5448 1683 5522 ἑαυτοῦ
1711 5447 1875 5501 πόθον

317 5523 421 5583 τοῖς
453 5518 712 5592 ὑπηκόοις
737 5518 1147 5592 ὲναπρθέμενος.
1193 5518 1284 5572 Vir
1326 5522 1480 5592 omni
1511 5521 1873 5592 virtutum_ge-

318 5603 435 5642 nere
464 5589 702 5655 ornatus,
730 5601 780 5643 et
802 5589 892 5660 qui
921 5604 1167 5660 magnum
1194 5592 1277 5660 sui
1300 5591 1616 5660 desiderium
1641 5589 1879 5660 subdito-

320 5674 434 5710 rum
459 5663 648 5714 animis
675 5655 906 5714 inditum
933 5659 1161 5726 reliquit.
1193 5658 1318 5714 Zos.
1390 5655 1530 5711 Hist.
1571 5672 1609 5720 l,
1650 5655 1736 5710 ι7.
1775 5656 1879 5711 Ea-

318 5744 420 5796 que
448 5733 628 5797 opinio
657 5731 834 5785 etfecit
859 5743 926 5782 ne
955 5727 1094 5780 inter
1128 5740 1500 5797 persecutores
1524 5731 1834 5783 referretur.

391 5797 462 5868 β)
501 5800 571 5856 De
605 5800 922 5856 custodibus
955 5797 1154 5852 dicitur
1177 5799 1482 5872 θεωμένων,
1517 5799 1879 5869 prospicienti-

634 5894 901 5953 Ρλτιιοι..
942 5893 1058 5954 Gtt.
1098 5894 1182 5956 X.

2078 3537 2144 3590 ll.
2177 3535 2232 3588 In
2261 3551 2323 3590 ea
2345 3534 2561 3589 civitate
2583 3544 2699 3588 erat
2721 3534 2969 3602 quzedam
3000 3535 3152 3605 virgo
3169 3551 3234 3590 ex
3263 3553 3458 3606 genere
3484 3557 3572 3595 re-

2004 3630 2105 3698 giae
2131 3628 2412 3697 potestatis
2443 3628 2664 3682 nomine
2692 3627 2835 3680 Aura
2866 3647 2879 3680 :
2915 3643 3038 3697 qliae
3069 3629 3270 3685 multas
3295 3631 3406 3700 jam
3443 3648 3570 3702 per-

2002 3719 2312 3774 secutiones
2365 3727 2586 3786 experta
2639 3731 2704 3768 ex
2740 3716 3189 3785 inscriptionibus
3221 3719 3360 3793 (10),
3393 3719 3569 3779 fuerat

1999 3817 2278 3882 damnata,
2317 3830 2444 3870 cum
2490 3815 2624 3868 viris
2658 3814 2928 3885 religiosis
2961 3824 3013 3868 et
3046 3815 3240 3870 sacris-
3266 3817 3564 3886 virginibus

1999 4053 2126 4126 lius;
2170 4071 2295 4109 mox
2324 4063 2505 4110 autem
2539 4056 2605 4109 de
2647 4056 2932 4126 discipulis
2975 4054 3302 4124 βλεπόντων,
3339 4057 3562 4111 videnti-

1995 4124 2144 4262 ιηι’ἷθ)
2177 4193 2250 4248 De
2284 4195 2448 4248 variis
2481 4193 2645 4248 Ostia:
2691 4194 3140 4316 appellationibus
3181 4192 3400 4248 disserit
3439 4208 3560 4264 post

1995 4263 2130 4316 alios
2157 4265 2287 4316 Adr.
2335 4260 2495 4316 Polit.
2541 4264 2610 4316 ad
2652 4261 2728 4316 M.
2781 4264 2902 4316 l..o.
2930 4263 3058 4316 505.
3093 4265 3555 4316 quemadmodum

1994 4260 2133 4316 alios
2157 4265 2287 4317 Adr.
2314 4260 2495 4332 iPolit.
2541 4264 2610 4316 ad
2652 4260 2902 4331 M.'R.,p.
2930 4263 3058 4326 505,
3093 4260 3555 4332 quemadmodum

1991 4342 2047 4385 et
2085 4332 2281 4386 Portus
2313 4331 2548 4386 Romani
2577 4333 2798 4398 Cellar.,
2821 4333 2992 4403 Geog.
3015 4334 3142 4403 Ant:
3173 4347 3232 4396 ιι,
3273 4332 3326 4396 9,
3352 4349 3405 4402 p.
3428 4335 3554 4400 50l,

1992 4404 2082 4457 ubi
2117 4412 2295 4456 tamen
2322 4403 2376 4455 in
2405 4417 2471 4456 eo
2482 4413 2658 4471 errat,
2690 4404 2836 4471 quod
2858 4401 3088 4457 insulam
3117 4401 3469 4458 P0rtuenSem
3488 4408 3555 4460 ad

1990 4488 2141 4595 mire
2189 4487 2400 4594 s?cram
2456 4469 2774 4542 JEsculapio
2804 4473 2975 4540 dixit;
3027 4489 3150 4543 qua:
3179 4473 3367 4527 ultima
3412 4477 3554 4530 intra

1990 4559 2057 4595 ur
2093 4557 2177 4595 em
2235 4551 2331 4595 uit.

1989 4545 2177 4596 urbem
2212 4545 2331 4596 fuit.

2067 4616 2164 4691 (-7)_
2193 4617 2468 4691 sexdecim
2497 4637 2677 4691 nempe
2717 4624 3051 4688 milliarium,
3076 4643 3194 4679 cum
3221 4633 3488 4682 Antonino
3508 4641 3559 4684 et

1999 4684 2200 4740 Tabula
2246 4684 2652 4767 l’eutingeriana
2704 4711 2921 4764 cumque
2965 4684 3083 4764 ipsa
3126 4697 3360 4762 veritate,
3399 4716 3556 4767 quam

1991 4771 2235 4838 mensura
2257 4773 2349 4838 per
2365 4777 2450 4838 μηδ
2475 4761 2671 4838 pluries
2699 4761 2855 4838 atque
2880 4761 3214 4838 uniformiter
3235 4777 3354 4820 acta
3375 4761 3556 4822 corroo

1990 4823 2208 4903 paravit.
2257 4823 2546 4903 'Fabrett.,
2599 4823 2812 4903 dehAq.
2859 4823 2995 4891 diss.
3041 4837 3095 4895 5,
3148 4837 3246 4903 15;
3289 4837 3550 4892 Antoniu.

1909 4900 1954 4958 D
1986 4894 2134 4978 L‘in-s
2192 4912 2329 4978 pag._
2374 4899 2508 4978 ΞΟΙΑ
2533 4903 2622 4978 ed.
2659 4894 3031 4978 )Yesseliug.;
3086 4894 3547 4978 TabsPeutingq

1986 4963 2164 5035 Segni.
2192 4963 2243 5029 ἰν,
2263 4963 2351 5022 ed.
2381 4969 2440 5024 F.
2469 4970 2530 5026 C.
2560 4975 2627 5028 de
2657 4972 2888 5043 Sclieyb.

2060 5065 2192 5138 (8-9)
2209 5063 2500 5138 Nobiscum
2533 5084 2746 5138 semper
2759 5070 3098 5138 colloquens.
3123 5069 3428 5122 Promissor
3443 5069 3553 5122 col-

1985 5134 2264 5189 locationis
2297 5149 2510 5193 nostrw.
2545 5134 2790 5194 Cassiod.
2833 5134 2958 5193 Var.
2995 5155 3068 5203 vt,
3099 5141 3150 5192 6.

2040 5236 2222 5305 (10)!"
2240 5253 2415 5307 graeco
2437 5243 2742 5312 tantumcst
2758 5231 3226 5312 καταδικασθεῖσα,
3251 5231 3502 5312 damnata
3519 5243 3541 5283 :

1975 5301 2456 5379 interpresi'autem
2487 5308 2684 5377 adjecit
2710 5321 2774 5359 ea:
2809 5301 3260 5379 inscriptionibus,
3284 5308 3540 5379 _prop_ter-_-

1979 5393 2041 5431 ea
2072 5371 2448 5446 quoddreeenti
2473 5371 2652 5431 adhuc
2677 5373 2936 5446 memoria
2965 5371 3332 5446 eonstaretde
3348 5371 3540 5438 judicii

1982 5440 2178 5502 forma.
2209 5444 2453 5516 Namque
2483 5447 2755 5515 inscriptio
2787 5444 2890 5496 fuit
2911 5442 3188 5516 accusatio
3214 5440 3281 5494 ab
3309 5441 3426 5508 ipso
3448 5453 3543 5492 ac—

1983 5527 2234 5571 cusatore
2275 5511 2581 5586 subscripta
2601 5557 2615 5580 ,
2646 5511 2780 5570 cum
2801 5511 3105 5586 sponsione
3133 5524 3347 5579 poenam
3392 5525 3542 5562 eam-

1975 5589 2096 5640 dem
2137 5601 2230 5640 reo
2259 5581 2526 5640 servatam
2567 5583 2856 5642 subeundi,
2893 5581 2946 5632 ni
2982 5596 3106 5633 vera
3135 5590 3280 5635 esset
3316 5595 3544 5633 accusa-

1978 5659 2071 5709 tio.
2094 5655 2302 5723 Symm.
2333 5658 2428 5710 lib.
2451 5672 2487 5717 ι,
2511 5671 2598 5723 ep.
2627 5654 2732 5717 49;
2759 5648 3117 5723 Brissou_.__l),e_
3141 5649 3347 5711 Form.,
3373 5649 3468 5723 lib.
3489 5665 3541 5714 ν,

1974 5743 2026 5795 p.
2057 5715 2180 5780 41.9..
2213 5715 2629 5796 Inscriptionum
2655 5715 3075 5796 ba'ud_seniel_l{.
3107 5721 3249 5796 leges
3283 5719 3534 5796 memine-

1975 5790 2134 5862 runt;
2164 5811 2229 5852 ac
2264 5790 2460 5850 mirum
2487 5804 2570 5850 est
2596 5793 2842 5848 Bollaud.
2891 5793 3073 5845 socios
3103 5792 3304 5858 alioqui
3337 5790 3539 5843 doctis-

3202 5884 3276 5942 18
