4128 6382
463 341 571 410 556

1836 345 1893 400 S.
1955 341 2316 400 HIPPOLYTI

3602 347 3706 406 556

466 475 520 528 in
557 470 814 544 praediolo
845 485 945 526 suo
973 469 1218 524 vacabat.
1252 467 1377 524 liene
1408 467 1648 538 quotidie
1676 466 1743 522 ad
1777 475 2019 522 sanctum

2135 467 2492 538 ὑπομείνασα,
2520 470 2612 522 καὶ
2635 471 3106 538 καταδικασθεῖσα,
3140 470 3278 542 μετὰ
3318 473 3528 544 ἀνδρῶν
3552 474 3709 528 εὐλα-

463 565 829 619 Censurinum
863 563 950 616 die
998 570 1271 630 noctuque
1300 561 1523 615 veniens
1563 559 1746 615 omnia
1776 559 2034 614 victualia

464 657 810 711 ministrabat
842 673 855 708 :
898 654 1057 723 cujus
1090 665 1142 708 et
1185 653 1400 707 vincula
1444 668 1608 706 manu
1639 668 1739 707 sua
1771 652 2030 719 abluens,

463 751 653 805 oculos
671 748 926 803 etfaciem
944 761 1094 801 suam
1116 745 1172 815 (1.
1191 744 1335 816 ejus)
1361 745 1590 799 lavabat.
1623 743 1791 798 Erant
1813 745 1955 798 enim
1972 752 2026 796 et

463 841 517 894 iu
549 841 735 894 eodem
766 839 884 892 loco
916 845 1136 891 sanctus
1164 835 1432 890 Maximus
1450 835 1729 905 presbyter
1757 834 2032 888 ctArche-

465 937 584 985 laus
637 931 928 995 diaconus;
985 929 1079 998 qui
1135 927 1378 998 quotidie
1431 927 1694 981 sacrilicia
1744 927 1853 981 Deo
1903 941 2028 980 cum

461 1023 680 1094 hymnis
731 1031 784 1074 et
833 1019 1088 1074 laudibus
1143 1018 1460 1073 offerebant.
1521 1005 1785 1073 Praeterea
1837 1019 2028 1074 beatus

459 1115 732 1168 Maximus
771 1114 1056 1182 presbyter
1089 1121 1236 1166 tanta
1259 1111 1552 1165 mirabilia
1582 1111 1636 1165 in
1670 1110 1887 1165 nomine
1923 1111 2029 1165 Do-

460 1205 594 1259 mini
625 1203 752 1258 Jesu
783 1203 987 1257 Christi
1016 1202 1307 1256 exercebat
1334 1219 1348 1255 :
1380 1209 1438 1254 ut
1465 1200 1595 1255 dum
1625 1201 1748 1270 quis
1775 1201 1832 1272 (l.
1867 1200 2030 1270 is)in-

456 1297 676 1354 troisset
699 1296 765 1350 ad
797 1295 1016 1349 beatum
1049 1293 1450 1356 Censurinum,
1496 1292 1682 1346 statim
1716 1293 1931 1346 vincula
1961 1291 2028 1347 de

456 1386 714 1441 manibus
747 1395 800 1441 et
831 1385 1061 1454 pedibus
1089 1385 1138 1438 ci
1181 1384 1551 1438 solvebantur.
1584 1382 1737 1438 Tunc
1777 1384 2027 1453 aperiens

457 1497 521 1536 os
564 1469 727 1534 suum
776 1480 970 1532 beatus
1004 1475 1274 1529 Maximus
1319 1476 1485 1545 ccepit
1517 1475 1696 1530 dicere
1735 1475 1802 1529 ad
1837 1484 2022 1530 custo-

455 1572 551 1624 des
577 1589 590 1623 :
621 1567 862 1632 Fratres,
900 1565 1261 1636 derelinquite
1291 1565 1566 1618 daemones
1597 1573 1650 1619 ct
1675 1565 1815 1618 idola
1840 1565 2022 1630 varia;

449 1645 509 1715 et
541 1660 853 1730 cognoscite
887 1656 1173 1711 Dominum
1204 1655 1389 1710 Jesum
1408 1655 1682 1710 Christum
1702 1665 2022 1725 perpetuum

448 1745 661 1824 'regem',
698 1752 790 1821 qui
826 1749 930 1804 fuit
960 1758 1090 1805 ante
1121 1749 1316 1803 szecula
1348 1757 1402 1803 et
1428 1756 1530 1811 est,
1570 1758 1624 1804 et
1654 1760 1914 1803 venturus
1941 1757 2023 1803 est

2137 559 2271 624 ϐῶν,
2289 560 2383 613 καὶ
2411 560 2691 631 παρθένων
2707 565 2764 615 ὲν
2787 563 2864 633 τῷ
2900 563 3014 634 ἰδίῳ
3043 557 3211 635 αὐτῆς
3237 565 3420 635 χωρίῳ
3444 565 3706 636 ἐτύγχανε

2137 652 2466 722 σχολάζουσα
2500 654 2632 725 (15).
2659 655 2805 726 Αὕτη
2840 659 2924 724 ἐφ’
2955 656 3191 727 ἑκάστης
3216 657 3428 728 ἡμέρας
3454 656 3532 727 τῷ
3568 659 3708 728 ἁγίῳ

2134 744 2478 815 Κενσουρίνῳ
2505 746 2716 799 οἴκοθεν
2741 746 2908 817 αὐτῆς
2935 748 3033 810 τὰς
3062 748 3266 819 τροφὰς
3296 749 3547 820 ἐχορήγει
3569 766 3582 780 ο
3619 746 3708 804 οὗ·

2130 851 2274 899 τινος
2311 835 2380 888 τὰ
2409 823 2582 907 δεσμά
2624 840 2743 902 ταῖς
2773 840 3000 904 οἰκείαις
3047 842 3228 911 χερσὶν
3259 839 3412 894 ὕδατι
3455 841 3705 900 ἀποπλυ-

2133 926 2316 992 νοῦσα,
2379 930 2502 992 τοὺς
2546 929 2856 1001 ὀφθαλμοὺς
2918 933 3013 985 καὶ
3055 934 3115 985 τὸ
3163 934 3450 1002 πρόσωπον
3481 933 3706 1004 ἀπείλη-

2132 1038 2229 1090 φεν
2256 1021 2384 1090 (lli).
2425 1023 2512 1076 Ἐν
2536 1022 2685 1092 αὐτῷ
2715 1022 2793 1093 τῷ
2819 1025 2965 1094 τόπῳ
2993 1025 3235 1095 ὑπῆρχον
3264 1027 3292 1078 ὅ
3323 1043 3381 1079 τε
3409 1025 3710 1094 ἀγιὼτατος

2129 1112 2376 1191 Μάξιμος
2405 1115 2433 1166 6
2464 1114 2852 1186 πρεσϐύτερος,
2880 1119 2976 1169 καὶ
3026 1117 3314 1188 Ἀρχέλαος
3338 1119 3602 1182 διάκονος,
3627 1119 3701 1171 οἴ-

2127 1222 2271 1268 τινες
2300 1207 2382 1274 ἐφ’
2420 1208 2656 1276 ἑκάστης
2696 1208 2907 1279 ἡμέρας
2941 1211 3250 1281 ἱερουργίας
3280 1211 3357 1281 τῷ
3401 1211 3520 1281 Θεῷ
3567 1211 3706 1281 μετὰ

2129 1295 2311 1366 ῦμνων
2364 1299 2455 1350 καὶ
2501 1298 2665 1352 αἴνων
2698 1299 3088 1372 προσεκόμιζον
3128 1303 3245 1354 ἐκεῖ
3278 1302 3410 1371 (15).
3449 1303 3608 1354 Ὥστε
3639 1303 3708 1372 (6

2109 1388 2570 1460 μακαριώτατος)
2604 1391 2853 1460 Μάξιμος
2899 1392 3266 1464 πρεσϐύτερος
3305 1393 3541 1446 τοσαῦτα
3575 1393 3702 1446 θαυ-

2083 1542 2089 1546 ν
2127 1476 2296 1550 μάσια
2321 1469 2479 1550 ἐντῷ
2505 1482 2727 1552 ὀνόματι
2768 1483 2860 1536 τοῦ
2890 1484 3100 1554 Κυρίου
3135 1485 3290 1554 ἡμῶν
3349 1483 3522 1555 Ἰησοῦ
3567 1485 3702 1557 Χρι-

2125 1571 2250 1624 στοῦ
2286 1571 2543 1638 ὲξετέλει,
2595 1573 2732 1626 ὥστε
2781 1575 3003 1627 εἰσιέναι
3035 1575 3197 1628 αὑτὸν
3229 1576 3366 1646 πρὸς
3411 1576 3503 1628 τὸν
3550 1579 3704 1644 ἅγιον

2124 1667 2494 1738 Κενσουρῑνον,
2538 1667 2632 1720 καὶ
2656 1667 2995 1738 παραχρῆμα
3042 1667 3110 1720 τὰ
3153 1667 3330 1739 δεσμὰ
3355 1669 3464 1721 τῶν
3503 1669 3703 1740 χειρῶν

2123 1759 2217 1810 καὶ
2246 1757 2368 1810 τῶν
2397 1758 2572 1811 ποδῶν
2612 1758 2778 1812 αὐτοῦ
2812 1758 3144 1830 διαλυθῆναι.
3192 1760 3325 1813 Τότε
3374 1760 3590 1825 ἀνοίξας
3637 1761 3702 1814 τὸ

450 1845 698 1912 judicare
745 1843 899 1896 vivos
937 1851 992 1895 et
1023 1850 1269 1894 mortuos
1305 1849 1359 1894 et
1391 1841 1649 1920 sacculum
1689 1855 1785 1912 per
1815 1839 2013 1910 ignem.

2123 1847 2294 1916 στόμα
2325 1848 2493 1908 αὑτοῦ,
2533 1849 2592 1918 (6
2627 1847 3072 1919 μακαριώτατος)
3108 1849 3358 1920 Μάξιμος
3392 1851 3420 1902 6
3450 1849 3700 1920 πρεσϐύ-

453 1934 589 1989 Nam
619 1934 817 1988 coelum
854 1941 904 1986 et
942 1942 1084 1986 terra
1123 1939 1435 1996 transeunt;
1477 1929 1739 1986 Dominus
1768 1945 1895 1985 vero
1929 1928 2020 1984 «ἰοὺ

451 2041 551 2082 tus
581 2041 735 2080 meus
781 2024 1030 2078 Christus
1066 2037 1210 2076 nunc
1239 2031 1294 2075 et
1326 2036 1540 2091 semper
1575 2030 1630 2076 et
1669 2022 1724 2075 in
1757 2030 2016 2076 aeternum

451 2115 578 2171 brit.
603 2114 871 2170 Custodes
902 2114 1157 2167 dixerunt
1177 2111 1245 2165 ad
1273 2109 1567 2165 Maximum
1597 2110 1972 2180 presbyterum
2001 2128 2013 2163 :

371 2261 376 2267 ,
452 2203 521 2256 Et
548 2203 678 2272 quid
719 2199 1095 2265 faciemus,.ut
1125 2213 1521 2268 cognoscamus
1562 2199 1726 2264 hunc,
1768 2196 1927 2268 quem
1961 2210 2017 2253 tu

451 2293 750 2362 praedicas?
801 2289 1071 2344 Maximus
1123 2289 1406 2359 presbyter
1459 2287 1596 2344 dixit
1643 2307 1658 2343 :
1711 2288 2018 2360 Baptizetur

449 2384 833 2453 unusquisque
856 2391 1132 2448 vestrum;
1166 2391 1219 2436 et
1257 2381 1460 2436 credite
1491 2380 1766 2436 Christum
1807 2379 2014 2448 Deum;

449 2458 506 2532 et
539 2478 680 2532 idola
732 2492 871 2530 vana
903 2475 1298 2544 derelinquite,-
1332 2483 1386 2528 et
1423 2474 1798 2542 paenitentiam
1834 2474 2013 2544 agite:

447 2553 579 2639 quia
599 2568 904 2623 nescientes
924 2565 1346 2635 blasphemastis
1373 2580 1572 2628 nomen
1588 2564 1707 2635 ejus
1730 2573 2014 2632 sanctum;

451 2668 506 2712 et
547 2658 748 2712 multos
786 2663 1007 2710 sanctos
1039 2654 1214 2724 ipsius
1244 2653 1616 2709 interemistis.
1656 2651 1811 2708 Tunc
1842 2653 2014 2720 Felix,

449 2746 742 2811 Maximus,
769 2743 1064 2806 Taurinus,
1089 2741 1451 2806 Herculanus,
1480 2741 1744 2806 Novinus,
1781 2741 2020 2797 Histora-

449 2841 630 2904 cinus,
663 2837 880 2903 Menna,
910 2835 1285 2900 Commodius,
1315 2833 1550 2902 llermis,
1582 2833 1826 2901 Maurus,
1853 2834 2021 2891 Euse-

449 2931 595 2994 bius,
639 2928 920 2988 Rusticus,
953 2923 1257 2989 Monaxius,
1306 2924 1662 2989 Amandinus,
1705 2923 2015 2997 Olympiusf,

452 3021 654 3092 Eipros
673 3019 807 3091 (11),
825 3029 879 3074 et
901 3017 1240 3080 Theodorus,
1259 3009 1508 3080 tribuni,’
1511 3015 1571 3087 (1.
1605 3017 1899 3088 tribunus),
1920 3015 2016 3072 den

449 3131 565 3172 cem
597 3125 651 3170 et
678 3123 882 3184 septem
921 3111 1189 3166 miserunt
1221 3124 1280 3163 se
1311 3107 1378 3163 ad
1425 3107 1590 3178 pedes
1614 3109 1754 3163 beati
1797 3108 2017 3164 Maximi

373 3248 382 3270 ι
450 3219 510 3264 ut
536 3207 974 3278 baptizarentur;
1024 3203 1116 3272 qui
1163 3190 1290 3256 mox
1326 3200 1627 3256 secundum
1665 3203 2018 3256 consuetudi-

450 3316 575 3356 nem
604 3309 659 3356 et
686 3297 942 3369 baptizati
973 3304 1120 3372 sunt,
1153 3301 1203 3348 el
1233 3301 1560 3364 acceperunt
1591 3293 1823 3364 gratiam
1857 3294 2018 3349 Chri-

450 3394 541 3450 sti.
601 3391 757 3446 Tunc
807 3397 1030 3445 sanctus
1064 3387 1355 3452 Quiriacus
1391 3385 1683 3455 episcopus
1720 3385 1836 3456 (12)
1872 3386 2018 3441 chri-

451 3493 626 3542 smate
660 3482 862 3538 Christi
897 3495 992 3536 eos
1022 3492 1368 3548 perunguens
1413 3477 1646 3548 signavit
1673 3463 2017 3546 illos,verbis

452 3577 597 3631 ﬁdei.

2117 1952 2273 2006 τερος
2303 1933 2454 1991 εἶπεν
2487 1937 2622 2009 πρὸς
2654 1940 2816 1992 αὐτὸν
2848 1940 2942 1992 καὶ
2977 1941 3105 2004 τοὺς
3133 1939 3411 2008 φύλακας·
3457 1941 3702 2010 Ἀδελφοὶ

2118 2027 2548 2098 ὲγκαταλείψατε
2603 2030 2728 2092 τοὺς
2782 2029 3042 2099 δαίμονας
3103 2030 3198 2082 καὶ
3263 2030 3360 2093 τὰς
3431 2032 3697 2102 προσκαί-

2121 2136 2246 2191 ρους
2293 2119 2653 2190 ἡδυπαθείας,
2706 2120 2801 2173 καὶ⁹
2840 2120 3108 2188 ἐπίγνωτε
3160 2120 3250 2174 τὸν
3303 2121 3506 2193 Κύριον
3544 2123 3701 2193 ἡμῶν

2131 2207 2336 2278 Ἰησοῦν
2387 2209 2642 2279 Χριστὸν,
2685 2209 2774 2262 τὸν
2809 2209 3032 2280 διηνεκῆ
3089 2210 3332 2280 βασιλέα,
3372 2211 3432 2274 ὃς
3477 2208 3544 2282 ἦν
3594 2212 3702 2284 πρὸ

2118 2299 2227 2351 τῶν
2280 2297 2509 2362 αἰώνων,
2544 2299 2634 2351 τὸν
2667 2301 2959 2370 ἐρχόμενον
3006 2304 3191 2372 κρῖναι
3246 2302 3452 2366 ζῶντας
3492 2304 3585 2356 καὶ
3616 2321 3702 2355 νε-

2121 2392 2306 2461 κροὺς,
2342 2391 2435 2443 καὶ
2468 2391 2559 2443 τὸν
2589 2391 2761 2444 αἰῶνα
2781 2394 2970 2444 τοῦτον
3007 2391 3097 2444 διὰ
3119 2393 3308 2460 πυρός.
3343 2393 3487 2445 Διότι
3513 2395 3542 2444 6
3563 2393 3700 2463 ἠμέ-

2118 2498 2277 2551 τερος
2294 2479 2426 2533 αἰὼν
2449 2479 2801 2552 παρέρχεται,
2831 2481 2923 2532 καὶ
2948 2480 2976 2531 6
3003 2479 3228 2550 οὐρανὸς
3252 2479 3346 2531 καὶ
3374 2481 3407 2549 ή
3448 2479 3517 2548 γῆ
3548 2497 3697 2550 παρ-

2117 2567 2421 2621 ελεύσεταιο
2462 2567 2490 2618 6
2533 2567 2589 2620 δὲ
2637 2567 2838 2639 Κύριος
2892 2568 3047 2638 ἡμῶν
3085 2567 3292 2638 Ἰησοῦς
3329 2569 3563 2638 Χριστὸς
3611 2571 3702 2621 ἀεὶ

2117 2644 2285 2724 ἐστὶν,
2320 2659 2415 2713 καὶ
2459 2659 2487 2710 6
2525 2659 2684 2722 αὐτὸς
2717 2659 2884 2712 ἔσται.
2917 2661 2978 2713 Οἱ
3007 2660 3062 2712 δὲ
3112 2661 3348 2728 φύλακες
3393 2661 3508 2731 (16)
3544 2657 3718 2730 εἷπον,

2119 2750 2256 2822 πρὸς
2286 2750 2375 2803 τὸν
2425 2749 2692 2821 μακάριον
2724 2751 2973 2821 Μάξιμον
3005 2752 3096 2804 τὸν
3140 2753 3513 2824 πρεσϐύτερον
3533 2771 3548 2784 ⁵
3589 2756 3704 2807 Καὶ

2117 2843 2172 2896 τί
2201 2844 2517 2914 ποιήσωμεν
2560 2843 2690 2914 περὶ
2729 2843 2919 2896 τούτου
2968 2836 3139 2916 οὗπερ
3174 2847 3238 2898 σὺ
3274 2846 3598 2917 κηρύττεις,
3641 2843 3718 2914 ὂνξ

2121 2931 2214 2985 καί
2252 2933 2566 3002 ἐπέγνωμεν
2601 2932 2689 2986 διὰ
2717 2933 2826 2985 τῶν
2865 2933 3203 3005 λαληθέντων
3231 2935 3382 3006 παρὰ
3424 2936 3542 3002 σοῦ,
3599 2941 3705 2991 καὶ

2119 3024 2185 3077 δι’
2213 3025 2392 3078 αὐτῶν
2437 3023 2734 3094 γινομένων
2781 3027 2839 3078 ὲν
2865 3025 2943 3095 τῷ
2970 3026 3195 3096 ὀνόματι
3223 3027 3386 3090 αὐτοῦ
3421 3028 3668 3098 σημείων
3685 3046 3719 3094 ,’

2119 3117 2200 3169 ὅτι
2235 3117 2291 3168 ὲν
2315 3118 2382 3186 τῇ
2410 3115 2634 3184 δυνάμει
2664 3115 2852 3179 αὐτοῦ,
2875 3117 2971 3170 καὶ
3001 3118 3119 3178 ταῖς
3147 3119 3267 3179 σαῖς
3299 3117 3486 3187 εὐχαῖς
3522 3119 3708 3188 δεσμά

2122 3205 2444 3259 διαλύονται.
2493 3205 2790 3276 Ἀπεκρίθη
2825 3205 2961 3277 πρὸς
2990 3206 3186 3268 αὐτοὺς
3223 3205 3251 3256 6
3281 3207 3546 3279 μακάριος
3581 3207 3707 3260 Μά-

2120 3295 2277 3366 ξιμος
2305 3298 2333 3349 6
2366 3296 2734 3367 πρεσϐύτερος
2761 3296 2854 3348 καὶ
2883 3292 3064 3349 εἴπεν·
3104 3295 3220 3350 Ἵνα
3249 3295 3518 3367 βαπτισθῇ
3543 3300 3570 3349 6
3602 3316 3708 3351 κα-

2123 3387 2236 3450 θεῖς
2269 3387 2422 3458 ὑμῶν
2474 3389 2567 3441 καὶ
2602 3387 2870 3461 πιστεύσῃ
2919 3390 2999 3451 εἰς
3035 3388 3270 3461 Χριστὸν
3317 3388 3409 3442 τὸν
3441 3389 3568 3442 Υἰὺν
3604 3391 3705 3444 τοῦ

2121 3478 2280 3543 Θεοῦ,
2310 3480 2401 3532 καὶ
2428 3478 2495 3532 τὰ
2527 3479 2728 3550 μάταια
2753 3479 2946 3533 εἴδωλα
2970 3479 3337 3552 ὲγκαταλείψῃ
3358 3519 3372 3541 ,
3401 3480 3497 3532 καὶ
3532 3498 3705 3551 μετα-

2121 3572 2289 3645 νοήσῃ
2310 3588 2323 3602 ⁸
2359 3573 2440 3626 ὅτι
2476 3571 2794 3641 ἀγνοοῦντες
2817 3571 3273 3642 ὲϐλασφημήσατε
3303 3571 3364 3623 τὸ
3389 3573 3558 3642 ὄνομα
3601 3573 3710 3627 αύ-

449 3667 566 3732 τοῦ,
599 3665 680 3721 διὸ
707 3664 832 3728 τοὺς
862 3661 1050 3731 ἁγίους
1081 3659 1455 3715 ὲϐασανίσατε.
1495 3658 1630 3714 Τότε
1655 3658 1989 3733 ὁμοθυμαδὸν
2027 3663 2262 3730 ἅπαντες
2287 3664 2484 3729 αὐτῶν,
2532 3665 2560 3718 ὃ
2590 3681 2651 3718 τε
2695 3665 2878 3736 Φῆλιξ,
2911 3663 3183 3735 Μάξιμος,
3247 3664 3291 3717 Τ
3293 3665 3532 3736 αυρῖνος,
3577 3665 3708 3736 Ἑρ-

452 3883 626 3940 simos
655 3887 878 3951 putasse
907 3878 973 3934 de
997 3887 1126 3934 nota
1155 3878 1416 3951 inscripta
1443 3877 1706 3951 in_l'ronte
1730 3877 1804 3935 ~S.
1829 3879 2023 3937 Aureae

449 3955 542 4008 hic
584 3948 700 4005 liei'i
739 3963 1065 4020 sermonem,
1095 3959 1132 4003 t.
1162 3948 1252 4012 IV,
1301 3949 1436 4017 Aug.
1484 3949 1597 4020 die‘
1621 3965 1771 4012 xxiv,
1802 3951 2015 4020 p.357.

452 4023 590 4078 Hinc
618 4021 872 4076 novimus
903 4019 1139 4074 Auream
1177 4020 1312 4074 adeo
1351 4028 1533 4088 aperte
1562 4017 1886 4074 Cliristiaitze'
1927 4037 2018 4076 re-

455 4092 642 4164 ligioni
681 4099 1016 4164 vacasse,_nt
1052 4090 1250 4164 διεβίω-ε
1295 4090 1346 4142 in
1374 4104 1436 4164 se
1461 4104 1798 4164 paganorum
1829 4090 2016 4164 odium

452 4159 783 4227 concitaret;
835 4160 972 4213 nihil
1006 4161 1152 4212 enim
1197 4159 1264 4212 de
1318 4159 1553 4214 talionis
1590 4173 1752 4281 paena
1799 4161 2019 4216 solliciti

452 4245 626 4281 erant.
662 4232 754 4281 nui
780 4245 893 4281 sua:
919 4229 1280 4281 inscriptionis
1304 4230 1491 4281 vadem
1521 4230 1586 4281 ha
1627 4240 1781 4281 erent
1822 4241 2019 4281 mai-tv.

451 4245 626 4314 erant_,
662 4232 754 4314 qui
780 4245 893 4314 sua:
919 4229 1280 4314 inscriptionis
1304 4230 1491 4283 vadem
1521 4229 1781 4311 baberent
1822 4241 2022 4310 marty-

451 4319 566 4358 rem
587 4297 946 4372 designatam.
974 4297 1388 4372 Inscriptionum
1409 4299 1650 4372 cognitio
1670 4302 1888 4370 propria
1903 4297 2022 4355 erat

453 4374 638 4426 vicarii
664 4367 1156 4425 uibanLCassiod.
1181 4369 1304 4423 Var.
1331 4385 1405 4433 v1,
1430 4367 1498 4423 l5
1525 4387 1539 4422 :
1577 4367 1695 4423 Viae
1717 4367 1871 4424 δόσι-α
1901 4387 2020 4424 sen-

457 4445 676 4497 tentiam
701 4441 857 4505 dicis,
879 4439 1086 4508 etquod
1115 4441 1361 4494 maxima:
1381 4439 1506 4508 ﬁdei
1529 4440 1736 4509 signum
1755 4451 1831 4492 est
1851 4441 1905 4494 in
1933 4442 2018 4493 in-

457 4511 847 4583 scriptionibus
884 4511 992 4561 vita
1027 4509 1119 4562 tibi
1157 4511 1506 4583 committitur
1544 4509 1845 4577 hominum,
1875 4511 2014 4580 quod

453 4579 590 4636 inter
615 4579 862 4634 mortales
890 4589 1092 4632 constat
1117 4595 1227 4632 esse
1248 4581 1552 4648 pretiosum.

527 4653 646 4721 (11)
678 4651 905 4721 Cyprus,
939 4651 1021 4702 vel
1038 4649 1282 4721 Cyprius.

527 4653 618 4721 (11
678 4653 905 4718 Cyprus,
939 4653 1021 4702 vel
1038 4653 1282 4718 Cyprius.

527 4653 646 4792 (12)
693 4718 948 4775 Omnium
972 4721 1182 4792 primus
1218 4720 1356 4792 inter
1409 4717 1685 4792 Ostienses
1731 4720 2016 4792 episcopos

453 4787 738 4859 Quiriacus
771 4787 1036 4859 occurrit:
1059 4787 1290 4852 Maron.,
1317 4789 1392 4842 De
1418 4805 1499 4858 ep.
1532 4787 1672 4854 0st.,
1701 4787 1839 4859 p.'9.
1864 4787 2015 4844 Gras-

450 4857 532 4919 cis
558 4870 642 4918 est
673 4857 968 4931 Κυριακός,
999 4858 1278 4931 Cyriacus,
1319 4857 1478 4928 quem
1513 4857 1848 4914 nostra—haec
1882 4859 2016 4915 Acta

452 4933 715 5001 martyrio
741 4928 1059 5001 coronatum
1092 4928 1260 4983 fuisse
1282 4939 1586 5001 testantur;
1611 4931 1837 5000 ejusque
1864 4940 2018 4983 nata-

449 5005 518 5060 lis
544 4998 658 5062 dies
693 5005 748 5056 in
775 5000 996 5070 Martyr.
1021 4998 1177 5070 Rom.
1207 5015 1258 5052 xi
1282 4998 1397 5053 Kal.
1425 4999 1572 5068 Sept.
1602 4998 1686 5054 est
1706 4998 2012 5070 adqnotatus.

521 5075 635 5142 (l3)
669 5068 988 5142 Exemplum
1046 5068 1107 5142 ὃ.
1148 5070 1341 5124 Aureae
1379 5071 1588 5124 nobiles
1609 5071 1728 5123 alia:
1756 5068 2018 5125 Romamn

452 5140 652 5201 secuta:
679 5153 832 5199 sunt.
859 5140 1201 5196 Suburbanus
1247 5156 1371 5210 ager
1395 5142 1536 5193 vobis
1568 5157 1662 5208 pro
1696 5142 2015 5194 monasterio

455 5217 577 5284 fuit,
597 5228 644 5269 et
668 5231 757 5267 rus
779 5213 1000 5266 electum
1021 5227 1115 5284 pro
1131 5209 1416 5284 solitudine
1436 5226 1455 5263 :
1482 5209 1748 5284 multoque
1776 5211 1852 5262 ita
1877 5210 2014 5262 vixi-

455 5282 553 5339 stis
588 5295 846 5353 tempore,
891 5295 945 5336 ut
989 5297 1054 5334 ea:
1091 5282 1576 5353 imitationevestri
1615 5283 2015 5353 etconuersione

451 5349 758 5420 multarum,
780 5354 1122 5423 gauderemus
1145 5350 1367 5423 Romam
1382 5351 1580 5420 factum
1605 5349 2011 5420 Jerosolymam.

457 5423 515 5478 S.
547 5423 722 5493 Hier.,
745 5419 834 5493 ep.
868 5423 955 5490 l6,
988 5423 1055 5476 ad
1085 5419 1324 5493 Princip.

529 5492 642 5564 (14)
679 5484 806 5546 llaec
831 5484 1007 5546 cilicia
1027 5493 1231 5564 usitata
1244 5484 1418 5546 luisse
1445 5489 1770 5564 Christianis
1789 5489 2015 5564 virgini-

454 5561 558 5618 bus
582 5561 707 5632 erga
735 5572 999 5634 martyres
1030 5562 1232 5634 mirum
1271 5577 1379 5616 non
1402 5569 1680 5634 -e_st,_cum
1707 5561 2014 5634 hospitibus

451 5629 1000 5702 eadem'praestarent.
1030 5629 1383 5702 Vid.Sozom.
1405 5629 1480 5685 Η.
1518 5629 1610 5697 Ε.,
1637 5630 1675 5685 l.
1708 5647 1748 5696 ι,
1779 5631 1869 5686 11.

527 5703 640 5775 (15)
668 5700 1002 5775 ’Ἱερουργὶαη
1022 5701 1308 5775 nierurgia,
1334 5701 1424 5775 hic
1449 5717 1553 5775 pro
1581 5702 1850 5775 sacriﬁcio
1880 5700 2015 5775 miso

452 5771 837 5833 sa'nianil‘este
856 5771 1148 5843 accipitur,
1171 5771 1336 5843 quam
1366 5771 1531 5843 huius
1556 5773 1706 5829 vocis
1733 5773 2011 5844 propriam

2129 3883 2579 3953 signiﬁcationem
2630 3881 2808 3952 quoad
2857 3882 3034 3952 potuit
3068 3879 3370 3953 suppressit
3415 3879 3700 3953 Svicerus.

2129 3951 2450 4009 Recentiora
2475 3963 2600 4008 sunt
2626 3951 2807 4007 autem
2830 3951 3033 4006 nostris
3061 3952 3210 4006 Actis
3240 3951 3549 4004 testimonia
3575 3968 3706 4021 qua:

2124 4025 2361 4095 profert;
2408 4034 2468 4095 ut
2493 4023 2897 4095 vetustissimus
2942 4022 3183 4095 hujusce
3213 4021 3364 4095 vocis
3395 4036 3531 4095 usus
3570 4022 3706 4095 inde

2126 4091 2401 4164 appareat.
2437 4093 2591 4159 Quod
2623 4092 2994 4164 S.7Maximus,
3014 4107 3139 4145 cum
3171 4091 3387 4164 hymnis
3415 4100 3469 4164 et
3520 4091 3704 4144 laudi-

2125 4160 2230 4219 bus
2262 4164 2481 4218 offerret
2532 4163 2860 4218 sacriﬁcium
2920 4163 3284 4226 incruentum,
3329 4160 3381 4213 id
3430 4161 3702 4217 Actorum

2125 4234 2378 4289 vetustati
2415 4234 2626 4288 videtur
2680 4232 3050 4297 tribuendum,
3102 4242 3391 4298 antequam
3442 4229 3703 4287 decretus

2125 4315 2271 4359 esset
2299 4312 2478 4358 certus
2508 4303 2797 4372 hierurgiae
2823 4303 2992 4372 ordo;
3028 4302 3110 4355 vel
3143 4299 3540 4372 persecutionis
3561 4311 3701 4372 tem-

2161 4375 2275 4437 ori,
2330 4389 2439 4442 quo
2486 4369 2786 4427 breviorem
2838 4369 3359 4442 fuisseiliturgiam,
3419 4369 3577 4442 docet
3626 4369 3694 4426 E.

2173 4460 2296 4498 ona.
2348 4439 2590 4513 Hymnus
2631 4442 2859 4513 quidem
2892 4441 3118 4509 intelligi
3158 4448 3337 4513 potest
3370 4439 3634 4513 ang‘elictts
3672 4454 3696 4490 :

2120 4513 2305 4567 Gloria
2343 4505 2424 4566 in'
2439 4505 2693 4576 excelsis;
2734 4511 2928 4566 laudes
2957 4505 3095 4566 vero
3122 4505 3234 4576 sive
3275 4505 3418 4562 αίνοι
3443 4505 3695 4564 Psalmo-

2116 4599 2238 4638 rum
2272 4593 2384 4638 tres
2413 4575 2698 4652 postremi,
2730 4582 2824 4652 qui
2853 4597 2884 4636 a
2917 4581 3120 4637 Graecis
3147 4575 3286 4634 αῐνοι
3307 4580 3584 4634 dicuntur.

2196 4719 2304 4791 (16)
2337 4719 2418 4774 Ad
2465 4721 2840 4791 apostolorum
2861 4719 3009 4791 Acta
3038 4719 3360 4774 illustranda
3387 4719 3479 4774 ubi
3510 4733 3700 4791 sermo

2118 4788 2213 4845 est'
2234 4788 2301 4846 de
2339 4791 2585 4845 custodia
2622 4791 2679 4844 S.
2730 4789 2874 4844 Petri
2903 4791 2970 4844 ad
3015 4805 3206 4843 necem
3253 4791 3454 4844 servati
3480 4791 3549 4844 ab
3587 4788 3701 4843 lie-

2119 4862 2248 4916 rode
2290 4859 2548 4930 Agrippa,
2601 4861 2844 4914 nondum
2895 4859 3101 4929 aliquid
3146 4860 3326 4914 simile
3371 4861 3427 4914 in
3457 4860 3696 4930 historia

2118 4929 2457 5000 suppetebat.
2493 4929 2651 4986 Nunc
2683 4940 2862 4985 autem
2905 4940 3104 4998 praesto
3151 4938 3234 4983 est
3281 4930 3335 4983 in
3389 4929 3507 4999 pari
3544 4930 3699 5000 mili-

2118 4999 2235 5055 tum
2274 5016 2520 5070 numero,
2554 5015 2855 5069 eorumque
2897 5001 3016 5070 pari
3057 5001 3227 5066 exitu,
3276 5002 3528 5068 quamvis
3572 4999 3699 5053 feli-

2118 5071 2270 5126 ciori.
2301 5068 2437 5124 Nam
2475 5069 2717 5126 Herodes
2742 5068 2861 5124 cum
2896 5068 3219 5140 requisisset,
3251 5080 3299 5122 et
3329 5087 3430 5122 non
3463 5071 3696 5140 invenis-

2117 5151 2213 5205 set,
2242 5142 2582 5211 inquisitione
2608 5141 2753 5210 facta
2775 5140 2839 5193 de
2864 5138 3190 5207 cuslodibus,
3212 5140 3379 5211 jussit
3407 5156 3494 5194 eos
3519 5138 3642 5211 (luci
3667 5155 3690 5202 ;

2118 5212 2238 5268 Act.
2272 5207 2372 5275 xit,
2415 5212 2502 5265 19.
2536 5207 2717 5266 Nostri
2745 5226 2874 5264 vero
2902 5221 3171 5280 martyres
3211 5207 3484 5264 Obierunt.
3509 5207 3686 5280 Qua-

2118 5293 2240 5334 tuor
2265 5282 2446 5351 itaque
2476 5281 2703 5334 militum
2725 5278 3174 5348 quaternionibus,
3196 5280 3290 5350 qui
3314 5278 3690 5351 apostolorum

2115 5348 2415 5421 principem
2456 5351 2856 5414 custodiebant,
2886 5348 3231 5420 respondent
3250 5351 3422 5404 nostri
3461 5348 3686 5421 milites,

2115 5417 2209 5491 qui
2235 5417 2504 5476 sexdecim
2530 5431 2917 5487 numerantur,
2931 5417 3220 5491 Cénsorini
3241 5422 3519 5475 custodes.
3539 5417 3691 5491 Qua-

2114 5489 2256 5546 terni
2288 5493 2496 5547 scilicet
2520 5505 2619 5560 pro
2648 5491 2840 5561 quavis
2871 5493 3053 5560 vigilia
3082 5490 3260 5561 noctis
3282 5491 3543 5561 custodite
3585 5489 3688 5561 ad-

2116 5561 2413 5632 vigilabant
2451 5559 2896 5632 Bemanoqmore,
2927 5559 3088 5630 Quem
3124 5559 3364 5632 Herodes
3393 5570 3476 5632 est
3504 5560 3690 5612 imita-

2114 5629 2225 5686 tus.
2271 5631 2416 5686 Nam
2447 5631 2512 5684 de
2540 5629 2763 5701 singulis
2797 5629 3052 5701 centuriis
3090 5631 3332 5701 quaterni
3355 5631 3560 5701 pedites
3579 5644 3690 5701 rat-

2115 5701 2350 5772 cubitum
2377 5711 2524 5756 nocte
2546 5699 2769 5772 faciunt.
2795 5699 3054 5772 Modesta
3081 5699 3159 5772 De
3179 5701 3358 5756 vocab.
3385 5701 3462 5755 rei
3492 5699 3684 5764 milit.,

2115 5773 2215 5828 int.
2241 5771 2437 5842 Script.
2473 5770 2754 5838 reiniilit.,
2779 5780 2820 5827 t.
2853 5770 2894 5831 l.
2922 5786 2974 5843 p.
3005 5771 3129 5829 559.
