4128 6376
555 384 658 441 563

1954 384 2010 439 S.
2078 383 2437 440 lllPPOLYTl

3688 389 3797 445 564

553 501 855 579 secundum
893 516 1097 556 morem
1130 502 1486 572 antiquitatis.
1530 501 1828 573 Respondit
1853 502 2089 560 Maxhnu

2224 505 2462 559 πλανᾶτε
2502 505 2629 568 τοὺς
2668 503 3018 577 ἀνθρώπους,
3062 506 3145 560 ίνα
3180 505 3256 578 μὴ
3286 505 3648 562 πιστεύσωσιν
3696 509 3803 564 αὐ-

554 594 836 665 presbyter
874 601 929 648 et
973 591 1145 647 dixit:
1177 592 1295 648 Non
1327 609 1428 649 nos
1474 595 1790 650 seducimus
1826 595 2117 662 homines;

552 685 645 740 sed
679 694 941 755 quantum
965 687 1139 756 gratia
1167 685 1259 740 Dei
1290 686 1456 741 donat
1489 702 1585 757 per
1620 688 1797 757 ipsum
1829 686 2119 745 Dominum

553 785 796 829 nostrum
814 774 999 831 Jesum
1026 775 1302 832 Christum
1345 778 1641 834 liberamus
1681 779 1746 835 de
1793 794 1978 835 errore
2018 796 2120 836 saa-

553 867 695 931 coli;
744 877 798 921 et
848 868 1226 938 mancipamus
1272 869 1484 924 nomini
1537 879 1730 926 sancto
1776 870 1918 940 ejus.
1965 870 2120 928 Tunc

550 956 815 1013 Romulus
841 958 1011 1013 dixit:
1062 960 1156 1014 lsti
1206 961 1427 1029 quidem
1478 960 1627 1031 digni
1662 970 1791 1016 sunt
1818 970 2026 1029 morte;
2063 973 2118 1019 et

541 1048 706 1115 jussit
753 1059 1002 1106 sanctum
1048 1050 1363 1117 Quiriacum
1392 1053 1731 1125 episcopum,
1769 1065 1825 1109 et
1864 1065 2115 1115 sanetum

544 1140 839 1197 Maximum
864 1142 1262 1214 presbyterum,
1288 1150 1343 1199 et
1367 1143 1694 1201 Archelaum
1712 1145 2028 1215 diaconum,
2056 1161 2113 1204 et

538 1247 731 1288 omnes
784 1233 983 1288 milites
1048 1234 1115 1290 ad
1169 1250 1357 1290 arcum
1421 1244 1545 1290 ante
1614 1237 1884 1293 theatrum
1942 1241 2118 1310 capite

538 1321 695 1376 caedi.
730 1322 975 1388 Quorum
1005 1338 1234 1394 corpora
1256 1325 1422 1395 jussit
1444 1325 1643 1394 jactari
1666 1326 1724 1381 in
1750 1342 1919 1383 mare.
1965 1328 2114 1395 Quos

534 1410 728 1467 beatus
757 1411 1027 1471 Eusebius
1062 1416 1308 1487 collegit;
1359 1425 1414 1473 et
1462 1416 1529 1471 ad
1564 1417 1715 1473 littus
1743 1419 1930 1487 maris,
1975 1431 2028 1477 et
2058 1421 2112 1475 in

533 1518 733 1572 eampo
759 1504 1047 1560 abscondit
1070 1515 1124 1562 et
1157 1507 1400 1577 sepelivit
1431 1508 1587 1578 juxta
1620 1505 1815 1564 Urbem
1846 1510 1901 1564 in
1927 1521 2113 1582 crypta

530 1595 620 1647 via
664 1591 934 1651 Ostiense.
967 1594 1303 1665 Taurinum,
1337 1596 1704 1655 Herculanum
1746 1601 1911 1655 etiam
1947 1599 2112 1657 Portu

531 1683 787 1742 Romano
830 1686 1139 1743 abscondit.
1169 1687 1394 1743 Beatum
1439 1687 1785 1746 Theodorum
1832 1691 2111 1747 tribunum

530 1777 714 1844 posuit
742 1777 799 1833 in
830 1779 1113 1834 mausoleo
1146 1782 1285 1847 suo;
1324 1790 1379 1836 et
1408 1795 1600 1837 omnes
1629 1782 1766 1837 alios
1792 1783 2027 1854 collegit,
2059 1795 2113 1841 et

528 1867 711 1934 posuit
753 1882 849 1923 eos
886 1867 1044 1938 juxta
1088 1884 1317 1940 corpora
1370 1880 1681 1940 sanctorum
1723 1852 1962 1939 Quiriaci
1992 1875 2111 1944 epi-
2142 1852 2184 1908 Β

529 1959 678 2027 scopi
709 1968 765 2015 et
789 1958 1013 2016 Maximi
1041 1962 1361 2033 presbyteri.

2221 596 2375 664 τούςς
2438 595 2730 668 Ἀπεκρίθη
2763 597 2793 651 ὁ
2840 598 3106 671 μακάριος
3143 599 3392 670 Μάξιμος
3428 599 3800 671 πρεσσύτερος

2220 686 2472 743 καὶεῖπεν
2486 706 2500 722 ο
2541 690 2731 759 Ἡμεῖς
2751 690 2849 760 μὲν
2863 690 2963 742 οὐκ
2982 688 3403 760 άποπλανοῦμεν
3437 691 3567 754 τοὺς
3589 689 3801 762 ἀνθρώ-

2219 797 2374 847 πους,
2408 779 2543 833 ἀλλὰ
2572 780 2769 851 μᾶλλον
2792 780 2882 835 διὰ
2909 781 3008 851 τῆς
3033 780 3254 852 χάριτος
3279 780 3373 833 τοῦ
3405 781 3613 853 Κυρίου
3635 780 3797 853 ἡμῶν

2231 872 2404 944 Ἰησοῦ
2431 870 2666 944 Χριστοῦ
2697 871 3036 945 λυτρούμεθα
3064 874 3271 936 πάντας
3301 873 3411 928 ἀπὸ
3439 874 3538 944 τῆς
3582 874 3796 948 πλάνης

2215 965 2326 1019 τῶν
2354 963 2603 1019 εἰδώλων.
2638 964 2770 1021 Τότε
2802 963 3076 1036 ὀργισθεὶς
3107 964 3533 1037 ὁ(παράνομος)
3578 965 3795 1038 Ῥώμυ-

2217 1056 2307 1120 λος
2327 1052 2511 1110 εἶπεν
2557 1048 2715 1111 Οὗτοι
2763 1055 2861 1127 μὲν
2902 1052 2995 1109 οὖν
3030 1055 3172 1123 ἄξιοι
3210 1055 3440 1111 θανάτου
3474 1058 3646 1113 είσίν’
3692 1059 3794 1112 καὶ

2217 1147 2467 1201 ἐκέλευσε
2502 1148 2594 1202 τὸν
2640 1130 2905 1218 μακάριον
2944 1147 3192 1201 διάκονον
3257 1148 3546 1221 Ἀρχέλαον
3584 1151 3795 1205 ἀπενε-

2215 1238 2408 1309 χθῆναι
2439 1240 2519 1302 είς
2534 1238 2634 1308 τὴν
2656 1238 2912 1309 καμάραν
2941 1238 3248 1310 ἔμπροσθεν
3278 1239 3373 1295 τοῦ
3398 1239 3625 1313 θεάτρου
3644 1281 3660 1308 ,
3687 1242 3798 1297 κά-

2215 1331 2364 1383 κεῖσε
2392 1328 2693 1401 κεφαλικὴν
2711 1330 2980 1401 τιμωρίαν
2999 1329 3331 1401 ὑποστῆναι,
3363 1331 3457 1385 καὶ
3488 1333 3792 1404 ἐτραχηλο-

2215 1417 2429 1490 κοπήθη
2463 1418 2522 1472 ὲν
2550 1417 2697 1489 αὐτῷ
2720 1417 2798 1490 τῷ
2827 1419 2997 1489 τόπῳ.
3024 1419 3130 1472 Τὸν
3156 1418 3213 1472 δὲ
3241 1421 3506 1493 μακάριον
3532 1422 3792 1493 Μάξιμον

2213 1508 2496 1563 ἐκέλευσεν
2530 1507 2792 1582 βληθῆναι
2819 1511 2877 1563 ὲν
2901 1508 2980 1579 τῷ
3004 1509 3382 1581 δεσμωτηρίῳ.
3397 1511 3528 1565 Τότε
3548 1514 3578 1566 ὁ
3606 1514 3792 1582 μακά·-

2216 1615 2328 1669 ριος
2347 1598 2607 1664 Εὐσέϐιος
2627 1602 2656 1653 ὁ
2677 1598 3042 1671 πρεσόὑτερος
3069 1601 3315 1669 συνέλεξε
3335 1602 3527 1667 νυκτὸς
3547 1604 3608 1657 τὸ
3622 1604 3789 1675 σῶμα

2209 1686 2302 1741 τοῦ
2339 1687 2607 1759 μακαρίου
2648 1686 2962 1759 ’Δρχελάου,
2984 1689 3080 1743 καὶ
3109 1689 3266 1743 τοῦτο
3285 1690 3587 1760 κατέθαψεν
3617 1695 3674 1746 ὲν
3703 1693 3786 1764 τῷ

2212 1779 2400 1849 πεδίῳ.
2428 1780 2547 1833 Ἔτι
2590 1778 2691 1850 μὲν
2721 1780 2815 1833 καὶ
2840 1780 2890 1832 οί
2937 1780 3295 1851 στρατιῶται,
3329 1784 3381 1835 oi.
3418 1782 3506 1838 διά
3548 1783 3642 1837 τοῦ
3678 1802 3786 1855 μα-

2215 1870 2406 1943 καρίου
2437 1870 2689 1942 Μαξίμου
2714 1870 3102 1937 πιστεύσαντες
3121 1871 3199 1943 τῷ
3224 1873 3444 1945 Χριστῷ
3461 1914 3476 1940 ,
3502 1874 3581 1945 τῷ
3609 1877 3785 1947 ὁμοίῳ

2214 1963 2430 2035 θανάτῳ
2452 1962 2866 2035 ἐτελειώθησαν.
2918 1962 3178 2029 ’Δκούσας
3213 1965 3272 2019 δὲ
3304 1966 3478 2021 ταῦτα
3507 1969 3536 2020 ὁ
3564 1968 3781 2040 (παρά-

525 2020 720 2125 νομος)
762 2020 1058 2125 Ῥώμυλος.
1087 2020 1419 2139 προσέταξεν
1469 2057 1609 2111 ὥστε
1654 2057 1781 2121 τοὺς
1834 2057 2023 2126 ἁγίους
2088 2020 2413 2138 μάρτυρας,’
2443 2057 2693 2128 Μάξιμον
2729 2020 2829 2111 ’τὸν
2860 2020 3229 2131 πρεσϐύτερον
3256 2061 3351 2114 καὶ
3386 2020 3783 2131 κυριακὸνιτδν

525 2147 820 2202 ἐπίσκοπον
870 2151 932 2202 ἐν
960 2148 1037 2221 τῷ
1063 2148 1418 2222 δεσμωτηρίῳ
1451 2153 1549 2216 τὰς
1583 2152 1822 2224 κεφαλάς
1859 2153 2272 2226 ἀποτμηθέντας
2327 2151 2463 2223 (56),
2525 2152 2596 2206 τὰ
2641 2151 2845 2207 τούτων
2865 2151 3091 2224 σώματα
3120 2155 3180 2208 ὲν
3225 2156 3293 2226 τῇ
3327 2155 3571 2230 θαλάσσῃ
3613 2157 3783 2228 pupis

414 2306 419 2313 δ
523 2259 631 2297 ναι.
678 2244 814 2314 Περὶ
854 2237 929 2299 ὧν
961 2246 992 2298 ὁ
1042 2246 1308 2317 μακάριος
1358 2247 1616 2312 Εὑσέδιος
1667 2251 1697 2303 ὁ
1742 2249 2107 2322 πρεσϐύτερος
2166 2248 2344 2305 ταῦτα
2394 2247 2653 2324 εὑρηκὼς
2689 2248 2989 2327 συνέλεξεν
3014 2250 3315 2321 ἐπιμελῶς,
3368 2252 3462 2307 καὶ
3517 2251 3643 2324 πρὸ⁴
3696 2255 3781 2327 τῷ

520 2338 752 2409 αἰγιαλῷ
790 2339 890 2410 τῆς
956 2340 1231 2412 θαλάσσης
1285 2342 1346 2396 ὲν
1402 2342 1481 2414 τῷ
1502 2343 1670 2414 πεδίῳ
1696 2344 1921 2415 πλησίον
1960 2345 2062 2416 τῆς
2109 2343 2396 2415 ὐστησίας
2438 2342 2741 2413 κατέθαψεν
2795 2326 3022 2407 πόλεωξρ
3048 2344 3182 2416 (57).
3231 2346 3419 2401 Ἀτινα
3457 2347 3552 2400 καὶ
3593 2326 3779 2411 ,κατέζ-

518 2430 642 2485 θετο
667 2429 893 2500 ἔγγιστα
917 2431 1090 2502 αὐτῆς
1113 2434 1171 2486 ὲν
1204 2436 1268 2505 τῇ
1300 2440 1513 2508 κρυπτῇ
1538 2477 1553 2503 ,
1601 2439 1668 2509 τῇ
1698 2437 1805 2508 πρὸ
1838 2435 1899 2503 ἒξ
1932 2436 2088 2491 είδῶν
2123 2435 2475 2504 Αὖγούστων,
2520 2438 2579 2490 ὲν
2609 2438 2677 2507 τῇ
2734 2434 2837 2506 ὁδῷ
2885 2437 2981 2506 τῆς
3039 2437 3342 2508 Ὀστησίας.
3412 2439 3679 2511 Ταυρίνον
3714 2440 3778 2495 δὲ

518 2525 613 2579 καὶ
656 2525 1030 2596 Ἐρκουλιανὸν
1061 2529 1120 2581 ὲν
1142 2528 1221 2599 τῷ
1248 2530 1438 2601 Πόρτῳ
1477 2529 1696 2603 Ῥώμης
1756 2532 2115 2605 κατέκρυψεν.
2154 2531 2310 2587 Μετὰ
2361 2532 2627 2603 τετάρτην
2655 2529 2942 2603 τοιγαροῦν
3005 2530 3212 2601 ἡμέραν
3249 2524 3407 2603 εὗρεν
3442 2532 3512 2586 τά
3548 2532 3778 2604 σώματα

512 2618 624 2671 τῶν
655 2617 858 2673 λοιπῶν
877 2620 1047 2691 άγίων
1082 2623 1141 2676 ὲν
1169 2623 1248 2694 τῷ
1302 2624 1535 2697 αἰγιαλῷ
1596 2626 1698 2698 τῆς
1722 2626 1997 2697 θαλάσσης
2023 2624 2401 2697 κείμενα,·καὶ
2424 2624 2519 2679 τὸν
2556 2625 2823 2696 μακάριον
2869 2622 3141 2695 Θεόδωρον
3187 2624 3279 2678 τὸν
3321 2624 3599 2697 τριόοῦνον
3640 2643 3779 2679 κατ-

515 2712 669 2768 έθετο
720 2717 780 2769 ὲν
809 2716 888 2788 τῷ
921 2717 1130 2790 τρούλῳ
1152 2718 1263 2791 (58)
1288 2737 1300 2751 ·
1342 2721 1490 2793 Ἀμα
1514 2702 1571 2795 si
1608 2723 1735 2786 τοὺς
1783 2723 2003 2786 λοιποὺς
2023 2722 2230 2785 πάντας
2261 2719 2562 2786 συνέλεξεν,
2587 2720 2682 2773 καὶ
2727 2717 2899 2774 ταῦτα
2931 2717 3156 2789 πλησίον
3202 2718 3312 2774 τῶν
3365 2720 3534 2787 ἁγίων
3587 2718 3781 2790 σωμά-

513 2825 627 2863 των
674 2810 770 2863 καὶ
828 2814 1235 2885 συμμαρτύρων
1265 2816 1543 2887 Κυριακοῦ
1596 2834 1656 2870 τε
1701 2817 1797 2871 καὶ
1838 2816 2091 2888 Μαξίμου
2128 2814 2404 2871 κατέθετο.

586 2900 673 2957 lll.
712 2900 844 2958 Post
867 2904 983 2961 dies
1012 2908 1252 2978 quinque
1272 2908 1435 2978 jussit
1461 2910 1563 2965 sibi
1589 2908 1851 2967 Romulus
1876 2912 2089 2967 beatam

514 2993 717 3047 Auram
752 2997 1156 3063 repraesentari:
1207 3015 1330 3070 quae
1353 3014 1477 3057 cum
1506 3000 1751 3059 aﬂuissct
1777 3004 2089 3074 aspectibus

2264 2910 2324 2962 Γ.
2353 2906 2506 2963 Μετὰ
2521 2902 2614 2963 οὖν
2632 2909 2843 2980 ἡμέρας
2859 2909 3019 2982 πέντε
3046 2906 3324 2961 ἐκέλευσεν
3339 2909 3367 2961 ὁ
3393 2907 3743 2976 (δυσσεδέςτα
3772 2944 3779 2950 -

2192 2999 2317 3067 τος)
2360 2997 2632 3069 Ῥὠμυλος
2656 3000 2994 3069 παραστῆναι
3026 2998 3171 3068 αὐτῷ
3191 2998 3288 3069 τὴν
3316 2999 3589 3070 μακαρίαν
3618 2999 3739 3071 Χρυ
3760 3033 3778 3043 -

518 3080 763 3149 Romuli,
799 3083 1042 3150 gaudens
1072 3085 1208 3141 dixit
1232 3086 1301 3141 ad
1326 3102 1459 3142 eum.
1486 3106 1498 3142 :
1534 3087 1716 3155 Miser,
1750 3089 1882 3159 quid
1903 3089 2085 3160 perdi-

2195 3091 2313 3160 σῆν.
2354 3090 2420 3144 Ἡ
2446 3089 2577 3159 ἁγία
2605 3090 2681 3155 ὡς
2698 3091 2945 3163 παρέστη
2960 3074 3301 3161 ⁸ν;ᾇ›”ί;γνειι.‹5νι,
3326 3092 3587 3162 χαίρουσα
3614 3086 3777 3145 εῐπεν

513 3173 640 3229 «iisti
663 3173 780 3229 dies
813 3176 973 3231 tuos?
996 3191 1267 3247 cognosce
1302 3190 1601 3236 creatorem
1628 3190 1780 3236 tuum
1805 3179 2083 3237 Christum

513 3266 710 3322 Filium
737 3266 854 3339 Dei,
888 3277 943 3324 et
975 3269 1087 3324 noli
1121 3271 1349 3327 adorare
1380 3271 1588 3342 lapides
1629 3273 1716 3328 vel
1766 3289 1839 3331 aes
1863 3284 1959 3329 aut
1987 3291 2085 3331 au-

512 3373 637 3412 rum
689 3359 774 3414 vel
816 3370 1141 3429 argentum;
1192 3363 1287 3418 sed
1335 3364 1503 3420 adora
1559 3364 1850 3421 Dominum
1896 3364 2083 3423 Jesum

513 3449 791 3504 Christum
825 3451 1185 3521 cruciﬁxum;
1235 3454 1330 3523 qui
1368 3445 1670 3513 resurrexit
1695 3458 1852 3512 tertia
1895 3457 2001 3525 die,
2031 3466 2085 3513 et

513 3541 762 3596 ascendit
793 3542 848 3596 in
871 3543 1071 3610 caelos;
1096 3544 1221 3599 inde
1253 3555 1517 3603 venturus
1554 3559 1637 3605 cst
1662 3549 1913 3618 judicare
1931 3549 2087 3604 vivos

511 3640 565 3683 ei
594 3642 839 3691 mortuos
871 3647 926 3690 et
971 3637 1228 3692 saeculum
1269 3653 1368 3708 per
1423 3640 1623 3709 ignem.
1659 3641 1759 3695 Cui
1805 3641 2089 3711 respondit

513 3721 813 3781 Romulus:
837 3724 998 3783 Modo
1018 3728 1230 3785 videbis
1248 3728 1526 3785 Christum
1551 3740 1726 3798 tuum,
1767 3747 1928 3802 quem
1960 3748 2084 3788 cre-

508 3816 619 3881 dis,
667 3818 713 3873 si
759 3834 865 3875 non
904 3820 1301 3877 sacriﬁcaveris
1352 3821 1478 3878 diis.
1508 3820 1674 3877 Beata
1718 3823 1867 3878 Aura
1900 3823 2078 3878 dixit:

510 3908 657 3968 Bene
680 3912 889 3979 dixisti,
921 3913 1108 3981 miser,
1156 3922 1212 3970 et
1238 3914 1534 3986 aliquando
1579 3915 1853 3986 protulisti
1884 3915 2085 3971 verita-

505 4073 598 4125 ρετ
622 4071 915 4126 praeconem
962 4066 1176 4111 sanctos
1205 4055 1328 4110 duci
1346 4055 1531 4123 jussit,
1557 4056 1821 4126 praeconis
1848 4070 1978 4112 voce
2000 4057 2085 4110 in-

508 4125 779 4181 clamante
807 4128 1001 4182 ductos
1027 4141 1167 4196 esse,
1198 4125 1582 4196 intelligimus;
1624 4126 1771 4196 quod
1825 4126 1880 4180 in
1934 4127 2085 4196 Actis

510 4197 993 4264 proconsularibus
1020 4195 1364 4251 desideratur
1391 4211 1480 4265 ap.
1524 4195 1776 4251 Ruinart.
1797 4237 1813 4261 ,
1843 4212 1898 4266 p.
1934 4195 2002 4251 78
2031 4205 2087 4252 et

508 4268 578 4321 80
600 4267 687 4321 ed.
719 4267 845 4325 Par.
900 4266 1212 4323 Studiosius
1257 4276 1405 4321 certe
1442 4265 1743 4322 Christiani
1787 4265 2085 4335 praesentes

508 4344 840 4405 exceperunt
886 4345 1187 4407 martyrum
1264 4337 1398 4391 Acta
1428 4376 1443 4407 ,
1505 4350 1670 4405 quam
1728 4345 2086 4405 exceptores;

510 4422 685 4474 eaque
736 4405 1140 4475 animadversio
1186 4415 1370 4460 tuetur
1418 4405 1552 4460 Acta
1588 4407 2090 4475 proconsularibus

511 4475 738 4551 fusiora.
767 4474 826 4529 ln
851 4476 1082 4551 episttﬂa
1108 4477 1177 4531 de
1207 4477 1468 4551 martyrio
1492 4474 1550 4551 S.
1586 4474 1870 4551 P_olycarpi
1900 4477 2089 4551 sedulo

2185 3180 2352 3254 αὐτῷ·
2400 3181 2600 3249 Ἄθλιε,
2635 3184 2774 3237 ίνατί
2802 3181 3051 3245 ἁπόλλεις
3072 3186 3087 3203 ·
3118 3181 3217 3247 τὰς
3246 3183 3459 3254 ἡμέρας
3492 3199 3617 3247 σου;
3642 3185 3775 3238 ἐπί-

2185 3256 2355 3345 γνωθι
2384 3276 2567 3347 λοιπὸν
2595 3275 2686 3330 τὸν
2718 3276 3047 3348 δημιουργόν
3078 3289 3171 3329 σου
3192 3277 3425 3347 Χριστὸν
3454 3278 3546 3330 τὸν
3563 3277 3776 3347 Κύριον

2186 3366 2321 3421 Θεὸν
2348 3362 2512 3434 εῖναι,
2553 3366 2649 3420 καὶ
2681 3364 2757 3436 μὴ
2804 3368 3185 3439 προσκυνήσῃς
3238 3365 3419 3430 λίθους
3443 3366 3477 3437 ἢ
3503 3366 3779 3439 χαλκουρ-

2185 3457 2429 3529 γήματα,
2462 3458 2571 3553 εἴτε
2590 3458 2781 3528 -χρυσᾶ
2806 3456 2916 3509 εἴτε
2943 3458 3179 3553 άρέγυρᾶο
3211 3456 3347 3512 ἀλλὰ
3391 3456 3776 3528 προσκύνησον

2192 3549 2282 3603 τὸν
2306 3547 2507 3619 Κύριόν
2539 3565 2640 3619 μου
2681 3548 2888 3620 Ἰησοῦν
2940 3547 3173 3620 Χριστὸν
3217 3549 3310 3603 τὸν
3350 3549 3773 3622 ἐσταυρωμένον

2190 3643 2284 3695 ἐπὶ
2311 3640 2536 3696 Ποντίου
2570 3640 2827 3707 Πιλάτου,
2858 3640 2916 3704 ὃς
2959 3640 3158 3712 ἀνέστη
3201 3640 3266 3694 ὲκ
3315 3640 3427 3696 τῶν
3456 3642 3664 3713 νεκρῶν
3695 3645 3770 3717 τῇ

2187 3733 2472 3805 τριημέρῳ
2514 3734 2660 3803 ταφῇ
2697 3731 2885 3798 αὐτοῦ,
2922 3731 3151 3802 ἀνῆλθεν
3183 3734 3263 3796 είς
3307 3732 3436 3797 τοὺς
3481 3734 3768 3806 οὐρανοὺς,

2186 3823 2311 3880 ὅθεν
2338 3825 2498 3879 πάλιν
2523 3823 2644 3894 ἡξει
2672 3827 2854 3897 κρῖναι
2885 3823 3093 3889 ζῶντας
3132 3825 3228 3887 καὶ
3257 3827 3502 3895 νεκροὺς,
3550 3827 3644 3881 καὶ
3670 3826 3774 3882 τὸν

2186 3915 2363 3972 αἰῶνα
2390 3917 2580 3971 τοῦτον
2605 3917 2694 3972 διὰ
2726 3916 2897 3989 πυρός
2944 3915 3082 3987 (59).
3116 3909 3301 3988 τῌτινι
3337 3917 3660 3989 ἀποκριθεὶς
3703 3921 3768 3990 (ὁ

2192 4055 2520 4127 libertatem,
2559 4055 2869 4127 ostendunt
2906 4053 3164 4127 Romana:
3189 4063 3484 4127 martyres
3527 4054 3765 4111 nobilis-

2191 4126 2366 4191 simae,
2395 4141 2532 4195 quas
2558 4125 2699 4195 inter
2720 4126 2947 4195 celebris
2972 4135 3055 4179 est
3077 4125 3142 4195 _S.
3171 4123 3481 4188 Anastasia,
3516 4127 3633 4195 ipso
3659 4142 3763 4179 na.

2190 4198 2288 4251 tali
2314 4192 2494 4252 die—1).
2526 4194 2594 4250 N.
2634 4193 2685 4249 J.
2717 4195 2781 4249 C.
2809 4196 2864 4249 in
2893 4194 3054 4249 Mart.
3076 4192 3236 4250 Rom.
3274 4192 3552 4251 adnotata}
3583 4193 3765 4264 Hujus

2188 4267 2325 4321 Acta
2355 4267 2598 4337 martyrii
2621 4281 2687 4320 ex
2716 4266 3031 4337 membrana
3068 4280 3123 4320 Ix
3169 4266 3374 4331 saeculi,
3404 4266 3601 4320 unciali
3625 4267 3763 4320 cha-

2190 4346 2396 4392 ractere
2431 4334 2655 4390 exarata
2704 4334 3119 4404 descripsimus,
3171 4351 3279 4406 qua
3339 4345 3495 4405 parte
3543 4346 3763 4392 servata

2188 4415 2319 4476 sunt
2343 4424 2358 4472 ;
2386 4421 2513 4460 nam
2541 4406 2797 4476 pleraque
2826 4406 3162 4461 exciderunt.

2262 4475 2475 4531 Probus
2507 4473 2649 4530 dixit
2701 4485 2793 4529 :et
2841 4476 3043 4529 animos
3088 4489 3269 4530 eorum
3312 4476 3383 4526 ad
3420 4473 3759 4543 sacrilegium

507 4552 593 4601 est
615 4523 972 4616 adnotatum:
1008 4544 1152 4616 Tunc
1172 4561 1298 4616 pace
1320 4523 1577 4616 pira’conis
1607 4546 1664 4601 in
1686 4523 1868 4600 Ja'retia
1917 4549 2088 4601 media
2119 4523 2163 4578 D
2189 4547 2282 4616 qui
2336 4547 2689 4614 obtemperare
2732 4545 3097 4616 decrgverant
3149 4543 3421 4616 regalibus
3470 4523 3753 4598 inuitantis.

510 4624 591 4686 ter
618 4615 907 4686 clamatum
928 4624 1006 4670 est
1024 4614 1127 4686 ;Min
1157 4615 1386 4686 Grai-co:
1423 4615 1643 4686 Iléptjtat
1678 4633 1738 4669 τε
1775 4615 1866 4669 τὸν
1893 4616 2086 4671 ἑαυτοῦ

506 4685 725 4758 κήρᾼυκα
737 4688 803 4758 ἐν
836 4685 985 4758 μέσῳ
1009 4684 1086 4756 τῷ
1118 4685 1316 4758 σταδίῳ
1341 4684 1573 4757 κηρύξαι
1604 4687 1805 4758 τρίτον.

578 4739 581 4745 ,
620 4702 725 4738 υκα
746 4701 803 4739 εν
836 4701 985 4757 μεσῳ
1009 4702 1086 4756 τῳ
1118 4701 1316 4755 σταοιῳ
1341 4701 1573 4757 κηρυςαι
1604 4701 1805 4758 τριτον.

578 4701 692 4824 ῗῦϐ)
727 4754 1177 4826 Ostiensibusveli
1202 4758 1427 4824 paganis
1459 4758 1872 4826 acceptissimus
1906 4754 2077 4811 fuisse

505 4835 720 4897 oportet
744 4823 1448 4897 CyriacumetMaximum,
1482 4823 1623 4895 quos
1664 4826 1787 4882 ideo
1815 4825 2084 4897 Romulus

504 4892 559 4951 in
586 4892 805 4965 carcere
830 4894 1012 4950 necari
1024 4892 1209 4963 jussit,
1227 4910 1296 4949 ne
1315 4910 1422 4965 qua
1442 4892 1676 4951 oriretur
1695 4896 1906 4952 seditio.
1938 4895 2083 4950 Mar-

505 4974 651 5037 tyres
673 4964 892 5037 quidem
923 4965 1287 5021 sanctissimis
1309 4964 1577 5029 moribus,
1603 4968 1804 5037 optime
1816 4966 1883 5021 de
1904 4967 2082 5021 omni-

505 5035 605 5090 bus
637 5035 904 5091 meruisse
932 5043 1142 5091 certum
1171 5044 1276 5091 est.

574 5103 687 5175 (57)
718 5103 926 5159 Horum
972 5120 1202 5174 corpora
1234 5120 1360 5159 cum
1391 5105 1510 5160 aliis
1562 5102 1687 5160 MM.
1746 5102 2077 5159 Ostiensium

499 5171 712 5230 Parmae
747 5176 1018 5232 asservari
1055 5171 1208 5230 aiunt
1245 5175 1592 5231 Bollandiani
1638 5175 1704 5231 ad
1755 5175 1900 5233 diem
1941 5192 2077 5231 xxiii

499 5243 758 5315 Augusti,
786 5255 824 5300 t.
864 5245 949 5310 IV,
977 5262 1031 5315 p.
1064 5244 1187 5300 566.

572 5313 687 5386 (38)
722 5313 940 5386 Unicol
973 5312 1036 5370 ea
1066 5332 1168 5370 vox
1200 5315 1434 5386 primum
1470 5315 1709 5386 occurrit
1732 5312 1921 5386 Graeco
1963 5330 2077 5369 scr-

500 5384 682 5457 tnone,
712 5394 775 5457 at
813 5384 1003 5440 Latina
1052 5384 1285 5457 origine,
1340 5384 1608 5457 siquidem
1646 5400 1677 5439 a
1726 5395 1845 5437 trua
1897 5384 2072 5457 [ζει.ίηὶ

502 5453 716 5507 trullam
752 5455 1004 5518 fecerint.
1040 5466 1102 5511 ut
1147 5453 1331 5510 Varro
1368 5453 1473 5518 ait;
1526 5457 1643 5510 sive
1688 5458 1870 5524 potius
1905 5453 2072 5509 Graeci

501 5538 663 5580 suum
692 5525 942 5595 τρυϐλίον
971 5527 1042 5583 ita
1069 5524 1570 5598 iiiimlitarintallic
1590 5540 1687 5598 pro
1716 5535 2072 5598 monumento

499 5594 879 5665 tultcamél‘alO
900 5598 1164 5665 accipitur
1186 5595 1456 5649 Theodori
1487 5594 1712 5658 tribuni,
1736 5596 1828 5663 qui
1858 5595 2070 5653 cohorti

502 5663 732 5717 militum
754 5665 920 5721 Ostia:
947 5663 1192 5735 praeerat,
1219 5666 1432 5734 sibique
1456 5673 1739 5733 paraverat
1759 5664 2067 5735 sepulcrum

499 5749 765 5807 paganus,
799 5737 941 5807 quod
979 5747 1185 5807 martyr
1214 5737 1465 5790 sacravit.

2172 5610 2342 5648 ιιι...

2170 5665 2365 5718 stinere
2404 5665 2699 5721 videris...
2745 5665 3032 5718 Anastasio
3070 5665 3206 5716 dixit
3232 5677 3245 5690 '
3292 5662 3353 5718 Si
3400 5663 3463 5716 de

2169 5732 2453 5801 gloriarer,
2485 5747 2591 5787 non
2623 5734 2876 5790 dixissem
2902 5749 2921 5787 :
2952 5734 3150 5788 Christi
3171 5733 3368 5786 ancilla
3383 5749 3520 5794 sum,
3556 5731 3644 5785 sed
3672 5732 3759 5785 di-

2190 4614 2480 4670 Anaslasia
2515 4614 2960 4684 respondithgo
3008 4614 3280 4681 doloribus
3325 4615 3554 4682 fatiqata
3596 4615 3761 4668 etiam

2186 4686 2338 4754 pedes
2368 4685 2668 4754 osculabar,
2701 4702 2764 4738 ne
2800 4685 3095 4754 aliquando
3140 4684 3376 4738 cederent
3408 4685 3588 4738 dolore
3618 4700 3765 4738 com-

2184 4753 2343 4824 pulsi.
2380 4753 2522 4807 Nam
2542 4766 2590 4808 et
2616 4771 2881 4825 quousque
2912 4754 3072 4808 habui
3105 4754 3327 4825 multum
3353 4771 3614 4807 summam
3635 4756 3764 4808 auri

2185 4822 2239 4877 in
2266 4841 2447 4879 eorum
2476 4822 2874 4879 necessitatibus
2914 4825 3155 4893 expendi.
3199 4822 3356 4877 Nunc
3382 4840 3499 4880 vero
3528 4827 3762 4893 erogatis

2185 4894 2424 4950 omnibus
2463 4896 2695 4949 animum
2722 4912 2892 4949 meam
2913 4896 2980 4965 ad
3002 4895 3299 4965 passionlem
3323 4897 3525 4963 aptavi;
3544 4895 3763 4965 justum

2174 4965 2434 5032 judicans
2458 4974 2518 5017 ut
2539 4981 2624 5018 eos
2659 4966 2749 5034 qui
2779 4980 2858 5018 me
2879 4953 3333 5034 _derfelinqué?unt
3356 4953 3383 5033 ’(
3398 4953 3516 5033 δίε)
3544 4953 3765 5034 aliqua—

2184 5021 2333 5087 ienus
2364 5021 2819 5103 comprehendam.
2873 5021 3074 5088 Probus
3116 5021 3299 5086 dixit:
3355 5021 3764 5103 Quoniamfsa-

2181 5105 2431 5174 crilegam
2465 5102 2511 5158 te
2535 5105 2613 5157 dii
2640 5106 2840 5158 diutius
2868 5103 3030 5156 celari
3069 5119 3172 5174 non
3200 5104 3346 5172 passi
3376 5116 3520 5168 sunt,
3550 5102 3767 5174 ipsife-

2180 5173 2362 5229 cerunt
2391 5183 2449 5233 ut
2486 5185 2576 5229 tuo
2610 5183 2658 5228 te
2680 5191 2769 5228 ore
2801 5175 3081 5243 detegens.
3114 5173 3404 5237 Anastasia
3433 5174 3604 5243 dixit:
3639 5173 3765 5241 Ego

2178 5245 2235 5297 in
2270 5245 2380 5314 zelo
2412 5245 2638 5299 incitata
2668 5260 2786 5299 sum
2809 5260 2989 5298 eorum
3038 5245 3094 5297 in
3116 5244 3302 5314 quibus
3343 5260 3512 5297 sermo
3538 5242 3762 5314 Domini
3824 5304 3835 5313 _

2178 5317 2280 5367 mei
2321 5313 2451 5369 Jesu
2504 5314 2705 5370 Christi
2759 5314 3046 5382 completus
3092 5312 3169 5367 est
3219 5316 3381 5382 quod,
3417 5316 3537 5367 ait:
3581 5312 3765 5368 Erunt

2176 5385 2338 5453 primi
2366 5385 2649 5439 novissimi
2695 5392 2750 5439 et
2776 5381 3067 5455 novissimi
3116 5384 3298 5455 primi.
3332 5381 3475 5435 Nam
3508 5384 3760 5455 quicum-3

2177 5452 2276 5523 que
2306 5455 2433 5507 mihi
2469 5456 2783 5523 posteriores
2807 5453 3019 5521 fuerunt
3052 5454 3105 5506 in
3145 5453 3268 5522 ﬁde,
3297 5456 3502 5522 priores
3520 5452 3599 5507 me
3619 5452 3760 5520 facti

2174 5523 2246 5595 ad
2300 5526 2533 5595 palmam
2576 5525 2823 5594 martyrii
2872 5525 3257 5595 adtingentes..
3287 5563 3301 5577 .
3359 5523 3758 5595 Probusgtirrit:

2380 5594 2616 5659 muliere,
2648 5606 2695 5647 et
2722 5592 2984 5662 quantum
3019 5592 3239 5662 apparet
3286 5592 3469 5657 nubili,
3504 5593 3633 5645 mihi
3667 5607 3762 5645 su-

3490 5672 3640 5731 putre
3660 5702 3672 5714 .
3695 5700 3709 5714 .
3735 5700 3751 5714 .

574 5801 684 5875 (59)
719 5801 1059 5876 Singulorum
1118 5801 1408 5879 (litamdam
1443 5804 1780 5881 παρρησίαν,
1812 5805 2065 5879 loquendi
2166 5802 2709 5879 missentﬂ’rwtextati
2751 5821 2865 5859 sum
2895 5804 3029 5875 ﬁlia.
3083 5802 3310 5859 Audiens
3354 5801 3557 5857 Probus
3616 5801 3756 5863 hanc
