4128 6416
398 418 510 475 565

1740 409 1923 466 ACTA
1961 407 2232 470 GRAECA.

3544 402 3646 458 566

399 538 715 609 ὠμότατος)
752 536 1027 607 Ῥώμυλος
1057 535 1161 606 ἐφη
1180 553 1192 566 σ
1239 534 1460 606 Ἀρτίως
1482 533 1601 602 ὄψει
1616 533 1707 586 τὸν
1723 532 1956 604 Χριστόν

2073 540 2179 586 tem
2217 544 2282 585 ex
2310 544 2406 585 ore
2453 537 2550 583 tuo
2571 528 2758 584 dicens
2806 525 2961 592 mihi,
3009 524 3055 580 si
3116 540 3222 578 non
3273 515 3649 579 sacriﬁcavero

399 645 518 692 σου,
575 626 669 680 ἐὰν
707 628 780 698 μὴ
834 627 1000 697 θύσῃς
1027 629 1139 688 τοῖς
1171 625 1454 686 ἀθανάτοις
1505 624 1664 686 Θεοῖς.
1737 624 1802 676 Ἡ
1849 623 1979 692 ἁγία

398 719 589 789 Χρυσῆ
620 715 769 770 εἶπεν
793 718 969 788 αὐτῷ·
998 708 1194 780 Καλῶς
1223 717 1449 786 εἴρηκας
1496 715 1584 778 σὺ,
1619 711 1838 779 ἐλεεινὲ,
1874 713 1978 768 κᾶν

394 811 629 879 ὀψέ-ποτε
662 812 974 881 προήγαγες
1004 808 1102 879 τὴν
1149 808 1402 878 ἀλήθειαν
1438 810 1502 860 ἐκ
1542 806 1636 859 τοῦ
1691 807 1974 876 στόματος,

394 900 591 968 λέγων,
626 902 703 964 ὡς
733 901 826 954 ἐὰν
862 903 934 973 μὴ
983 901 1222 954 θυσιάσω
1271 903 1383 962 τοῖς
1410 898 1722 970 δαιμονίοις,
1775 898 1976 968 ὄψομαι

392 990 486 1046 τὸν
515 994 752 1064 Χριστόν
786 1010 906 1064 μου.
939 991 1378 1064 Τότε-θυμωθεὶς
1420 993 1448 1044 6
1482 989 1975 1060 (δυσσεϐέστατος)

403 1085 700 1156 Ῥώμυλος,
735 1086 870 1139 διότι
899 1084 1082 1138 λοιπὸν
1112 1086 1169 1138 ἐν
1207 1087 1328 1147 ταῖς
1373 1082 1578 1146 λέξεσιν
1607 1081 1778 1152 αὐτῆς
1809 1083 1973 1152 ἡττη-

394 1178 558 1246 μένος
590 1177 858 1245 ἐγεγόνέι,
894 1176 1177 1230 ἐκέλευσεν
1210 1173 1346 1246 μετά
1374 1173 1537 1227 λίθων
1569 1172 1668 1236 τάς
1703 1172 1975 1240 σιαγῶνας

389 1265 567 1336 αὐτῆς
620 1265 1031 1336 συνθλασθῆναι.
1072 1265 1137 1318 Ἠ
1162 1264 1219 1318 δὲ
1263 1265 1394 1331 ἁγία
1423 1262 1613 1334 Χρυσῆ
1664 1263 1792 1316 ἐϐόα
1822 1265 1969 1333 φωνῇ

392 1355 610 1429 μεγάλῃ
663 1355 924 1423 λέγουσα*
963 1355 1099 1420 Δόξα
1129 1371 1230 1419 σοι,
1263 1353 1436 1424 Κύριέ
1462 1371 1591 1425 ⁴μου
1634 1353 1807 1426 Ἰησοῦ
1841 1355 1970 1426 Χρι-

390 1446 504 1510 στὲ,
537 1448 619 1499 ὅτι
653 1445 809 1511 ἀξίαν
833 1464 900 1517 με
931 1447 1191 1516 ἐποίησας
1221 1444 1360 1515 μετὰ
1385 1445 1494 1499 τῶν
1513 1444 1710 1498 δούλων
1759 1446 1852 1498 καὶ
1881 1444 1971 1498 θε-

391 1537 670 1610 ραπαινῶν
728 1556 819 1592 σου
879 1537 1386 1610 συναριθμιθῆναι’.
1419 1539 1512 1608 (Ὀ
1567 1535 1970 1605 ἀσεϐέστατος)

399 1629 684 1702 Ῥώμυλος
714 1629 862 1699 λέγει
890 1630 1025 1700 αὐτῇ
1043 1647 1057 1660 ο
1104 1628 1304 1683 Λοιπὸν
1324 1629 1621 1700 προνόησαι
1653 1629 1750 1699 τὴν
1791 1644 1973 1696 γενεα·⁸

385 1721 576 1788 λογίαν
609 1738 724 1785 σου,
756 1721 849 1774 καὶ
866 1719 1288 1791 προσκυνήσασα
1300 1723 1411 1782 τοῖς
1438 1718 1577 1783 θεοῖς
1601 1719 1777 1789 ἡμῶν,
1801 1717 1970 1771 θῦσον

385 1811 596 1874 αὐτοῖς,
628 1813 721 1864 καὶ
775 1810 907 1864 λάϐε
942 1827 1035 1862 σου
1075 1809 1245 1881 ἄνδρα
1294 1809 1434 1863 κατὰ
1471 1811 1569 1881 τὴν
1625 1810 1815 1878 γενεάν
1849 1826 1964 1863 σου.

385 1904 530 1974 Πρὸς
548 1903 611 1956 δν
647 1903 1173 1974 πεπαῤῥησιασμένη
1219 1902 1404 1972 ἡὰγία
1437 1901 1702 1973 παρθένος
1733 1901 1966 1972 ἀναϐοή-
2001 1881 2043 1935 Β

387 2015 530 2072 σασα.
583 1998 813 2068 λαμπρᾷ
855 2000 921 2068 τῇ
951 1998 1100 2067 φωνῇ
1132 1991 1300 2048 εἶπενο
1346 1992 1486 2063 Ἐγὼ
1512 1994 1611 2064 ἤδη
1642 1993 1808 2064 ἄνδρα
1859 1991 1967 2062 ἔχω

381 2091 474 2145 τὸν
541 2090 870 2162 δημιουργὸν
915 2088 1009 2142 τοῦ
1059 2088 1288 2160 οὐρανοῦ
1337 2088 1432 2141 καὶ
1480 2088 1578 2157 τῆς
1623 2086 1724 2156 γῆς
1762 2084 2006 2156 Ἰησοῦνὶ

383 2183 627 2254 Χριστὸν
679 2183 772 2236 τὸν
823 2181 952 2235 Υἱὺν
979 2180 1071 2234 τοῦ
1119 2180 1252 2233 Θεοῦ
1306 2177 1400 2232 τοῦ
1450 2177 1669 2242 ζῶντος,
1709 2177 1878 2246 ὅνπερ
1902 2175 1965 2229 σὺ

380 2277 605 2345 ἀγνοεῖς
634 2275 852 2342 εἰδέναι,
883 2274 1017 2328 ἁλλά
1075 2273 1271 2343 μᾶλλον
1294 2272 1421 2334 τοὺς
1466 2269 1728 2339 δαίμονας
1749 2266 1970 2320 ἐπίστα-

2081 622 2384 688 όεειηοηὶἱε,
2405 620 2594 675 videro
2626 618 2924 674 Christum.
2953 617 3328 688 lra-tusitaque
3358 616 3646 682 Romulus,

2080 713 2205 784 quia
2237 713 2290 767 in
2313 712 2472 768 dictis
2491 711 2608 767 suis
2638 709 2811 765 fuerat
2835 710 3034 775 victus,
3055 709 3218 779 jussit
3244 718 3304 762 ut
3329 708 3506 779 lapide
3534 725 3648 763 ma-

2079 806 2220 860 xillae
2252 804 2371 874 ejus
2409 803 2744 858 caederentur
2773 799 3121 856 diutissime:
3167 801 3437 856 clamabat
3465 811 3644 855 autem

2077 897 2234 952 beata
2267 895 2415 948 Aura
2447 893 2664 948 dicens:
2698 891 2881 947 Gloria
2900 890 3018 956 tibi,
3055 889 3284 944 Domine
3311 889 3440 944 Jesu
3488 891 3649 945 Chri-

2075 993 2178 1047 ste,
2210 982 2337 1051 quia
2360 980 2534 1046 merui
2565 981 2707 1034 inter
2730 993 2916 1034 servos
2947 988 3066 1034 tuos
3105 981 3498 1048 cognominati.
3538 980 3648 1036 Ro-

2076 1074 2261 1129 mulus
2275 1073 2440 1127 dixit:
2471 1071 2590 1127 Jam
2619 1073 2843 1127 consule
2865 1073 3216 1142 generositati
3247 1083 3372 1139 tuae,
3398 1083 3451 1128 et
3479 1075 3646 1129 adora

2075 1168 2229 1233 deos,
2255 1176 2310 1222 et
2341 1167 2609 1232 sacriﬁca,
2633 1175 2688 1220 et
2717 1165 2900 1235 accipe
2946 1167 3122 1219 virum
3156 1168 3454 1221 secundum
3492 1179 3646 1222 nata-

2074 1260 2154 1316 les
2175 1269 2321 1314 tuos.
2347 1258 2447 1314 Cui
2474 1258 2796 1314 tiducialiter
2814 1259 2973 1313 beata
2988 1257 3132 1312 Aura
3163 1273 3292 1313 voce
3312 1259 3455 1313 clara
3473 1260 3609 1314 dixit
3628 1280 3643 1315 :

2075 1350 2188 1422 Ego
2216 1351 2394 1406 virum
2452 1351 2628 1406 habeo
2687 1350 2971 1405 Dominum
3003 1350 3124 1404 caeli
3169 1359 3223 1404 et
3259 1361 3414 1405 terrae
3456 1349 3640 1405 Jesum

2074 1443 2374 1507 Christum,
2401 1457 2562 1511 quem
2601 1450 2658 1496 tu
2687 1442 2854 1497 miser
2892 1443 3098 1513 negasti
3130 1455 3181 1496 te
3210 1443 3368 1506 seire,
3413 1443 3508 1497 sed
3548 1458 3642 1497 co-

2073 1534 2292 1604 gnoscis
2323 1533 2600 1588 daemones
2622 1533 2715 1602 qui
2743 1549 2839 1588 cor
2872 1542 3024 1588 tuum
3049 1533 3262 1589 insania
3292 1541 3346 1587 et
3370 1533 3519 1587 rabie
3539 1533 3642 1586 im-

2072 1626 2373 1694 pleverunt.
2404 1625 2580 1679 iratus
2613 1623 2878 1681 Romulus
2906 1625 3095 1682 eadem
3139 1625 3277 1695 ,bora
3309 1625 3478 1694 jussit
3511 1633 3639 1678 ante

2072 1724 2422 1787 conspectum
2479 1731 2641 1772 suum
2691 1716 2984 1786 plumbatis
3032 1732 3151 1771 eam
3198 1717 3446 1771 deﬁcere.
3509 1715 3641 1782 Quae

2072 1825 2196 1865 cum
2225 1809 2317 1864 diu
2343 1808 2640 1864 caederetur
2666 1808 2838 1878 magis
2874 1807 3304 1873 confortabatur,
3337 1817 3390 1862 et
3411 1807 3554 1862 dedit
3581 1809 3638 1861 in

2073 1916 2193 1955 eam
2235 1901 2582 1966 sententiam,
2621 1900 3167 1972 lapidem-magnum
3206 1901 3361 1968 ligari
3380 1900 3544 1971 jussit
3572 1903 3640 1954 ad

2073 1991 2273 2046 collum
2304 1991 2443 2062 ejus,
2475 1999 2530 2046 et
2558 1991 2884 2061 praecipitari
2919 1993 2972 2046 in
3020 2007 3190 2046 mare.
3245 1990 3416 2061 Cujus
3441 2007 3640 2061 corpus

2073 2093 2320 2138 sanctum
2379 2084 2625 2153 pervenit.
2657 2083 2725 2138 ad
2769 2084 2942 2139 littus.
2997 2083 3198 2139 Beatus
3236 2100 3366 2139 vero
3413 2083 3641 2139 Nonnus

2075 2174 2292 2244 collegit
2319 2189 2520 2244 corpus
2553 2174 2672 2244 ejus
2707 2183 2762 2229 et
2809 2175 3057 2245 sepelivit
3096 2175 3150 2229 in
3196 2175 3399 2245 praedio
3447 2177 3639 2245 ipsius,

2076 2266 2169 2322 ubi
2200 2266 2538 2322 habitaverat
2569 2265 2720 2322 foras
2748 2282 2936 2322 muros
2958 2275 3130 2336 porta:
3147 2267 3310 2322 Ostiae
3335 2268 3480 2322 neno
3535 2268 3642 2323 Ka-

381 2339 493 2437 σαι,
524 2339 732 2431 οἵτινες
759 2339 860 2439 τὴν
903 2339 1132 2436 καρδίαν
1182 2382 1273 2420 σου
1309 2365 1477 2435 θυμὸν
1506 2361 1753 2431 λυσσώδη
1809 2358 1968 2430 ἐπλή-

2074 2339 2264 2416 lendas
2295 2358 2647 2430 Septembris.
3591 2415 3597 2430 ,

383 2477 590 2533 ρωσαν.
630 2459 776 2531 Αὐτῇ
813 2458 869 2512 δὲ
920 2461 987 2528 τῇ
1017 2457 1135 2530 ὥρᾳ
1157 2455 1429 2528 ὀργισθεὶς
1472 2458 1500 2508 6
1521 2457 1539 2526 (
1560 2450 1901 2526 παράνομος)
1943 2449 2214 2522 Ῥώμυλος
2263 2451 2544 2507 ἐκέλευσεν
2588 2455 2701 2515 τοῖς
2757 2453 3056 2524 ὑπηρέταις
3108 2453 3273 2508 αὑτοῦ
3326 2455 3446 2516 ταῖς
3494 2453 3670 2533 μολιχ

381 2555 594 2618 δδίναις
623 2553 878 2625 σφαίραις
909 2553 1204 2607 τύπτεσθαι
1232 2553 1420 2624 αὑτήν.
1453 2551 1609 2614 "Hm;
1651 2546 2118 2617 πολυτυπτηθεῖσα
2166 2548 2362 2619 μᾶλλον
2407 2549 2813 2620 ἐνεδυναμοῦτο.
2860 2549 3236 2607 Ἐκέλευσε.δὲ
3295 2548 3456 2604 πάλιν
3495 2537 3640 2602 λίθον

385 2651 565 2722 μέγαν
594 2649 954 2721 δεσμευθῆναι
1003 2648 1144 2703 κατὰ
1188 2648 1280 2706 τοῦ
1310 2648 1574 2722 τραχήλου
1604 2647 1790 2716 αὐτῆς,
1828 2645 1923 2698 καὶ
1948 2643 2119 2710 οὕτως
2157 2647 2527 2718 κρεμασθῆναι
2557 2648 2613 2700 ἐν
2650 2650 2714 2718 τῇ
2762 2646 3022 2720 θαλάσσῃ.
3078 2641 3332 2709 Ἧστινος
3386 2646 3448 2700 τὸ
3487 2648 3640 2714 ἅγιον

382 2741 545 2812 σῶμα.
575 2739 866 2810 περιῆλθεν
893 2740 997 2802 ἕως
1027 2738 1120 2793 τοῦ
1152 2737 1421 2808 αἰγιαλοῦ,
1473 2741 1608 2812 ὅπερ
1633 2742 1662 2794 6
1696 2739 2104 2812 μακαριώτατος
2155 2738 2322 2802 Νόνος
2355 2741 2383 2793 6
2427 2740 2518 2792 καὶ
2577 2739 2994 2810 μετονομασθεὶς
3063 2739 3372 2802 Ἱππόλυτος
3405 2742 3638 2812 συνήγα-

382 2851 494 2902 γεν,
533 2833 633 2886 καὶ
662 2831 820 2886 τοῦτο
846 2831 1147 2903 κατέθαψεν
1174 2835 1232 2887 ἐν
1261 2832 1484 2904 τῷ.ἰδίῳ
1526 2834 1695 2904 αὐτῆς
1751 2825 1955 2906 χώρίῳ,
2009 2831 2134 2887 ἔνθα
2178 2833 2269 2888 καὶ
2335 2831 2592 2904 κατῴκει,
2632 2832 2736 2900 ἔξω
2786 2834 2894 2889 τῶν
2940 2835 3161 2906 τειχέων
3215 2837 3311 2907 τῆς
3355 2839 3638 2908 Ὀστησίας

293 2932 299 2935 ’
383 2929 616 2992 πόλεως,
659 2931 728 3000 τῇ
762 2928 869 2993 πρὸ
897 2929 1051 2982 ἐννέα
1082 2927 1190 3001 (40)
1225 2928 1515 2983 Καλανδῶν
1551 2930 1955 3002 Σεπτεμϐρίων.

449 3023 524 3074 Δ’.
571 3019 704 3072 Τότε
753 3015 846 3073 οὖν
885 3023 912 3074 ὁ
962 3020 1343 3106 (παράνομος)
1377 3023 1622 3094 βικάριος
1663 3023 1963 3095 ἐκράτησεν

384 3108 704 3162 Σαϐινιανόν
724 3126 845 3163 τινα
871 3110 1202 3181 ἐπιμελητὴν
1242 3111 1336 3165 τοῦ
1384 3111 1549 3166 τόπου
1598 3114 1838 3167 ἐκείνου·
1871 3115 1965 3168 καὶ

2143 3017 2236 3073 ιν.
2258 3015 2400 3073 Tum
2434 3017 2701 3074 Romulus
2724 3019 2900 3073 tenuit
2950 3015 3304 3074 Sabinianum
3347 3019 3635 3090 Quemdam

2071 3108 2364 3180 agricolam
2389 3109 2494 3164 loci
2523 3108 2692 3175 illius,
2723 3119 2776 3165 et
2801 3111 2964 3181 coepit
2983 3112 3051 3165 ab
3095 3126 3159 3167 eo
3191 3126 3437 3181 quaerere
3467 3111 3637 3167 facul-

384 3199 592 3271 ἧρξατο
612 3201 744 3271 παρ’
773 3200 936 3255 αὐτοῦ
965 3201 1238 3272 ἐπιζητεῖν
1255 3204 1353 3266 τὰς
1373 3203 1633 3276 ὑπάρξεις
1660 3206 1758 3276 τῆς
1788 3222 1966 3291 μακα-

2069 3209 2209 3256 tates
2238 3201 2416 3256 beatae
2439 3201 2602 3256 Aura:
2627 3203 2851 3257 dicens:
2879 3203 3154 3274 Sacrilega
3181 3203 3349 3267 Aura,
3373 3218 3495 3272 quae
3519 3219 3638 3258 ma-

388 3289 506 3358 ρίας
528 3291 756 3361 Χρυσῆς
776 3291 946 3361 λέγων
965 3310 978 3323 ·
1025 3293 1088 3346 Ἦ
1115 3293 1388 3365 ἱερόσυλος
1416 3296 1625 3366 Χρυσῆ,
1653 3297 1774 3366 ἥτις
1793 3289 1968 3360 ἐξελέ-

388 3378 511 3443 ξατο
543 3377 634 3431 διὰ
660 3380 759 3450 τῆς
789 3380 1026 3451 μαγικῆς
1051 3381 1220 3451 αὐτῆς
1249 3382 1442 3452 τέχνης
1472 3369 1668 3452 μᾶλλον
1693 3382 1783 3435 τὸν
1804 3381 1965 3435 θάνα-

385 3487 476 3524 τον
503 3471 656 3541 ἥπερ
697 3469 796 3542 τὴν
825 3469 992 3540 ζωὴν,
1029 3468 1196 3526 πολὺν
1243 3473 1507 3543 ἐκέκτητο
1551 3471 1796 3526 πλοῦτον.
1827 3472 1966 3536 Τοὺς

386 3556 478 3614 οὖν
510 3561 826 3632 θησαυροὺς
881 3562 1051 3632 αὐτῆς
1109 3563 1200 3616 καὶ
1255 3563 1324 3617 τά
1376 3562 1580 3633 κόσμια
1633 3561 1966 3633 κατενώπιον

387 3649 548 3720 ἡμῶν
574 3629 780 3720 ᾧέρών,
809 3649 968 3702 θῦσον
999 3629 1091 3703 καὶ
1119 3636 1232 3715 τοῖς
1260 3650 1420 3716 θεοῖς,
1453 3629 1547 3706 καὶ
1569 3629 1690 3723 ζῆθι
1726 3652 1967 3706 ὑποκύπ-

386 3757 492 3794 των
519 3740 618 3794 καὶ
644 3743 758 3804 τοῖς
787 3741 1168 3811 προστάγμασι
1197 3742 1305 3796 τῶν
1337 3743 1768 3816 αὐτοκρατόρων.
1799 3745 1962 3798 Σαϐι-

386 3833 571 3896 νιανὸς
599 3829 778 3886 εἶπενσ
823 3831 964 3901 Ἐγὼ
994 3833 1223 3888 πάντοτε
1246 3835 1742 3908 ταπεινοφροσύνην
1789 3836 1962 3891 ἐδιδά-

386 3924 521 3996 χθην
562 3924 715 3997 παρά
756 3926 856 3996 τῆς
907 3926 1068 3994 ἁγίας
1105 3927 1372 3997 παρθένου
1410 3927 1654 4000 Χρυσῆς,
1701 3929 1824 4000 ἥτις
1869 3929 1963 3983 καὶ

387 4015 626 4080 ἐδίδαξέν
662 4033 730 4086 με
759 4017 1146 4087 καθομολογεῖν
1174 4017 1269 4070 ἕνα
1287 4019 1440 4082 Θεὸν,
1470 4019 1562 4073 τὸν
1591 4019 1964 4092 Κύριονήμῶν

398 4105 606 4176 Ἰησοῦν
632 4107 887 4177 Χριστὸν,
914 4107 1004 4159 τὸν
1025 4107 1350 4177 γεννηθέντα
1378 4109 1442 4160 ἐκ
1467 4107 1778 4177 Πνεύματος
1805 4108 1962 4176 ἁγίου

387 4197 479 4250 καὶ
507 4196 728 4268 Μαρίας
767 4198 867 4268 τῆς
918 4197 1216 4270 Παρθένου.
1259 4199 1411 4251 Ἐπεὶ
1440 4199 1640 4271 χρυσὸς
1692 4201 1823 4269 ἡμῖν
1867 4200 1962 4253 καὶ

387 4293 625 4364 ἄργυρος
657 4294 706 4364 ἢΔ
727 4293 1060 4364 μαργαρίται
1089 4295 1187 4364 οὐχ
1228 4293 1582 4368 ὑπάρχουσιν.
1645 4294 1702 4347 Ὀ
1731 4293 1787 4347 δὲ
1817 4293 1964 4363 (δυσ-

389 4385 741 4456 σεϐέστατος)
783 4384 1057 4456 Ῥώμυλος
1086 4386 1188 4458 ἔφη
1219 4384 1394 4457 αὐτῷ’
1428 4385 1704 4457 Σύνδραμε
1751 4385 1963 4457 σεαυτῷ

1064 4495 1086 4548 ἕ
1799 4553 1804 4558 .

385 4597 494 4635 esse
542 4581 625 4651 ﬁl.
688 4582 1064 4654 Prwtextatii.
1086 4620 1102 4636 .
1149 4581 1314 4654 jussit
1356 4582 1598 4652 familia.
1624 4622 1636 4635 .
1661 4620 1677 4636 .
1744 4598 1963 4652 parvam

387 4667 502 4723 qute
532 4668 654 4706 eam
679 4654 944 4707 tuebatur.
981 4653 1052 4705 Et
1084 4653 1364 4723 agnoscens
1385 4693 1398 4705 .
1426 4692 1439 4704 .
1461 4655 1571 4723 .mab
1597 4654 1671 4707 eis
1721 4653 1800 4723 ita
1831 4669 1962 4716 esse,

389 4721 697 4794 imperatori
739 4724 995 4794 suggessit
1023 4721 1182 4794 deAea
1204 4724 1397 4794 dicens
1417 4738 1436 4776 :
1467 4721 1671 4777 Filiam
1725 4721 1965 4776 Praetex-

389 4789 486 4861 τρεῖ
522 4789 970 4846 nobilissimiviri
996 4810 1027 4845 (ι
1082 4789 1404 4846 Christianis
1452 4793 1530 4846 ita
1571 4794 1839 4860 deceptam
1868 4807 1964 4861 pro

387 4857 587 4930 Christi
609 4863 852 4917 nomine.
876 4901 926 4917 ..
970 4861 1120 4915 vellet
1153 4863 1400 4930 interfici.
1457 4861 1552 4916 His
1599 4857 1800 4915 auditis
1834 4857 1963 4916 Dio-

387 4929 641 5001 clitianus
677 4931 827 5001 (sic)
857 4933 1012 4998 iussit
1035 4948 1148 4985 eam
1196 4929 1476 5001 diligenter
1500 4933 1776 4985 custodiri.
1813 4933 1963 4986 Dice-

391 4998 477 5072 bat
504 4998 709 5072 enim.'.
729 5041 742 5054 .
777 4998 847 5054 ad
878 5019 1031 5056 aures
1070 5019 1196 5056 suas
1227 4998 1316 5056 in:
1343 5040 1388 5055 ..
1429 5003 1568 5072 quod
1613 5004 1842 5072 immane
1870 5019 1966 5069 pa-

391 5069 698 5142 trimonium
723 5073 1060 5125 vendidisset.
1101 5073 1284 5126 Altera
1313 5069 1492 5142 itaque
1515 5072 1599 5126 die
1620 5071 1827 5125 Probus
1850 5072 1966 5140 jus-

389 5139 456 5212 sit
486 5155 606 5212 eam
622 5141 679 5212 in
703 5143 1045 5194 secretarium
1069 5143 1300 5194 adduci:
1328 5139 1497 5206 Quam
1520 5184 1532 5195 .
1556 5181 1569 5195 .
1593 5182 1606 5195 .
1633 5139 1964 5212 interrogans

389 5206 449 5260 de
480 5210 688 5280 vendito
740 5212 1064 5276 patrimonio
1085 5251 1098 5264 .
1122 5253 1135 5266 .
1158 5251 1171 5263 .
1205 5214 1432 5280 pretium
1475 5213 1813 5280 prodegisset.
1835 5206 1959 5266 ’Βε-

391 5279 605 5351 spondet
654 5281 943 5339 Anastasia
982 5281 1158 5334 dicens
1182 5279 1212 5334 :'
1238 5281 1350 5351 Ego
1406 5281 1452 5333 si
1478 5279 1481 5280 ⁷
1509 5279 1679 5333 adhuc
1723 5282 1966 5334 haberem

391 5349 522 5411 quod
555 5359 916 5421 eppenaerem,
950 5367 1052 5403 non
1075 5368 1152 5404 me
1181 5349 1607 5421 persequentibus
1637 5353 1966 5404 demonstra-

390 5431 517 5490 rem.
564 5416 754 5472 Verum
783 5421 908 5490 quia
937 5416 1432 5490 univers‘a‘expensa
1455 5460 1469 5474 .
1490 5461 1504 5474 .
1526 5462 1538 5474 .
1572 5436 1755 5474 secura
1772 5422 1964 5489 festino

391 5486 457 5560 ad
489 5491 742 5543 mortem.
791 5486 948 5544 Nihil
995 5491 1134 5545 enim
1169 5486 1294 5545 licet
1347 5490 1557 5544 diabolo
1596 5492 1659 5542 de
1694 5486 1966 5560 facultati-

394 5553 482 5630 b_us
521 5560 663 5630 meis_
677 5574 779 5630 per
823 5570 982 5614 suos‘.
1007 5600 1020 5614 .
1047 5601 1061 5614 .
1116 5575 1376 5630 usurpare
1407 5560 1632 5614 cultores
1657 5599 1669 5612 .
1694 5553 1708 5612 ζ
1732 5601 1746 5612 .
1781 5561 1962 5629 cogni-

395 5627 579 5699 tionem
627 5627 954 5684 Dioclitiano
1008 5627 1284 5699 suggessit.
1321 5629 1462 5690 Tunc
1502 5630 1570 5683 ad
1626 5627 1963 5685 Anastasiam

400 5692 593 5751 Probus
617 5699 751 5750 dixit
769 5715 788 5751 :
821 5700 953 5754 Deos
977 5692 1202 5769 deasijue
1228 5701 1374 5766 (sic)
1398 5700 1571 5753 cultor
1590 5711 1703 5752 erat
1726 5700 1966 5755 Praetex-

393 5775 532 5818 tatus
557 5777 706 5835 pater
746 5778 888 5835 tuus,
909 5779 957 5822 et
994 5771 1143 5837 ipsos
1162 5770 1567 5838 coleredebctis,
1604 5779 1651 5823 et
1674 5787 1776 5824 non
1813 5770 1964 5825 Chri-

397 5843 528 5888 stum
553 5839 734 5892 nescio
766 5855 916 5910 quem
953 5837 1223 5907 Judaeum,
1249 5842 1337 5910 qui
1366 5858 1396 5893 a
1427 5840 1536 5895 suis
1578 5841 1778 5896 occisus
1815 5852 1956 5896 est...

2067 3292 2151 3362 gis
2186 3291 2346 3362 elegit
2369 3307 2466 3362 per
2516 3293 2755 3364 magicas
2789 3304 2932 3349 artes
2969 3295 3102 3348 mori
3133 3309 3294 3363 quam
3312 3293 3421 3347 vita
3454 3293 3640 3348 nobis~
3716 3323 3719 3326 -

2067 3397 2190 3439 cum
2219 3381 2348 3449 frui,
2379 3391 2487 3439 tua:
2517 3385 2769 3440 amicitia:
2799 3384 3465 3456 scmperfuitcommunis.
3496 3387 3638 3441 The-

2067 3494 2291 3532 saurum
2323 3476 2442 3546 ejus
2463 3478 2548 3532 vel
2580 3488 2901 3532 ornamenta
2955 3488 3080 3533 ante
3137 3489 3487 3548 conspectum
3533 3495 3634 3532 no-

2065 3576 2239 3624 strum
2262 3567 2539 3623 declarare
2565 3567 2785 3636 festina,
2820 3578 2875 3624 et
2902 3571 3146 3625 sacrilica
3169 3569 3294 3636 diis,
3329 3578 3381 3624 et
3422 3571 3563 3634 vive,
3585 3581 3638 3625 et

2065 3658 2355 3714 humiliare
2390 3659 2687 3714 secundum
2730 3659 2886 3730 jussa
2926 3660 3257 3730 principum.
3309 3659 3636 3715 Sabinianus

2063 3751 2241 3807 dixit:
2296 3751 2410 3821 Ego
2450 3766 2579 3808 vero
2629 3766 2844 3822 semper
2892 3753 3249 3808 humilitatem
3289 3753 3480 3808 doetus
3514 3768 3635 3808 sum

2063 3857 2095 3896 a
2140 3849 2328 3896 sancta
2350 3842 2500 3897 Aura
2523 3857 2646 3911 qua:
2694 3857 2782 3898 me
2823 3843 3011 3899 docuit
3055 3845 3302 3900 conﬁteri
3341 3843 3634 3898 Dominum

2063 3946 2246 3987 meum
2273 3929 2459 3987 Jesum
2513 3932 2815 3997 Christum,
2868 3934 2963 4004 qui
2993 3943 3156 3989 natus
3205 3941 3287 3988 est
3316 3933 3382 3987 de
3429 3934 3632 4002 Spiritu

2063 4035 2255 4081 sancto
2284 4024 2350 4081 ex
2375 4023 2544 4078 Maria
2567 4022 2809 4094 Virgine.
2843 4021 2978 4078 Nam
3011 4039 3204 4078 aurum
3231 4032 3324 4077 aut
3351 4032 3634 4093 argentum

2063 4118 2150 4172 vel
2172 4117 2498 4188 margaritas
2524 4132 2632 4171 non
2657 4131 2743 4171 me
2767 4116 2969 4171 habere
2992 4116 3156 4180 scias,
3187 4116 3296 4169 nisi
3343 4116 3635 4170 Dominum

2063 4208 2249 4264 lesum
2281 4207 2581 4263 Christum.
2616 4205 2880 4261 Romulus
2912 4206 3079 4261 dixit:
3109 4205 3378 4262 Succurre
3415 4206 3536 4272 tibi,
3582 4217 3636 4260 et

2063 4301 2308 4357 occultos
2323 4301 2609 4356 thesauros
2630 4299 2936 4369 principum
2954 4298 3137 4365 redde,
3158 4307 3212 4352 et
3234 4299 3480 4354 sacriﬁca
3505 4299 3632 4362 diis,

2062 4399 2118 4444 et
2148 4389 2340 4445 recede
2371 4389 2438 4443 ab
2485 4389 2697 4444 insania
2754 4386 2911 4443 falsa.
2965 4386 3294 4470 Sabinianus
3321 4388 3488 4444 dixit:
3520 4388 3636 4458 Ego

2067 4587 2310 4642 adorare.
2363 4586 2656 4641 Anastasia
2683 4588 2856 4640 dixit:
2903 4585 3014 4656 Ego
3043 4587 3164 4639 deos
3194 4586 3418 4656 deasque
3462 4587 3632 4656 patris

2065 4660 2165 4711 mei
2192 4673 2392 4726 semper
2409 4658 2570 4721 colui,
2605 4667 2654 4710 et
2687 4659 2788 4710 nisi
2805 4674 2891 4711 eos
2909 4655 3032 4710 bene
3056 4656 3354 4718 coluissem,
3388 4655 3541 4726 hodie
3564 4656 3633 4707 ad

2066 4725 2453 4797 confessionem
2466 4729 2636 4779 sancti
2660 4728 2886 4780 nominis
2911 4725 3110 4780 Christi
3129 4743 3231 4779 non
3257 4727 3473 4797 exirem.
3507 4725 3638 4797 P_ro-

2065 4795 2174 4852 bus
2199 4798 2333 4850 dixit
2358 4813 2376 4850 :
2406 4795 2475 4851 Et
2508 4799 2553 4849 si
2580 4797 2793 4850 coluisti
2813 4813 2921 4863 eos,
2956 4813 3116 4867 quare
3137 4795 3414 4867 deseruisti
3462 4795 3634 4867 cultu-

2064 4883 2181 4919 ram
2207 4870 2401 4920 tuam?
2431 4869 2721 4921 Anastasio
2765 4867 2943 4920 dixit:
2968 4865 3110 4919 Non
3143 4866 3369 4929 deserui,
3404 4881 3494 4916 nec
3545 4865 3635 4916 de-

2064 4953 2199 4990 sero.
2235 4935 2438 4990 Probus
2465 4937 2645 4988 dixit:
2695 4934 2838 5006 Ergo
2883 4937 3018 4990 coles
3064 4937 3188 5006 deos
3214 4936 3631 5006 deasquepatrts

2066 5008 2190 5059 tui?
2218 5007 2503 5059 Anastasio
2533 5007 2704 5058 dixit:
2732 5004 2796 5059 In
2825 5014 3030 5061 tantum
3049 5005 3160 5058 colo
3179 5021 3284 5071 eos,
3315 5013 3371 5056 ut
3398 5005 3462 5055 ab
3486 5004 3628 5055 omni

2063 5092 2149 5128 eos
2181 5076 2382 5144 injuria
2414 5075 2711 5129 liberarem.
2740 5075 2968 5146 Denique
3017 5076 3142 5127 dum
3175 5089 3382 5127 aranea:
3415 5089 3500 5146 eos
3546 5074 3630 5124 in-

2066 5143 2316 5210 texere’nt,
2347 5157 2396 5200 et
2424 5163 2540 5199 aves
2569 5143 2940 5209 stercorarent,
2983 5161 3073 5214 ego
3101 5161 3186 5197 eos
3216 5143 3453 5214 liberavi,
3477 5153 3631 5214 atque

2065 5217 2299 5284 conﬂans
2356 5232 2441 5269 eos
2487 5216 2543 5268 in
2591 5217 2866 5284 pecuniam
2915 5211 3161 5268 conuerti.
3214 5211 3420 5264 Probus
3452 5211 3627 5284 dixit:

2069 5281 2184 5339 Hoc
2212 5286 2548 5354 sacrilegium
2584 5281 2675 5338 nec
2700 5301 2851 5337 aures
2881 5301 3015 5354 mea;
3033 5285 3214 5354 audire
3242 5289 3454 5354 queunt.
3485 5281 3630 5335 Tunc

2067 5358 2243 5409 ridens
2270 5351 2422 5408 beata
2452 5355 2738 5407 Anastasio
2782 5355 2946 5407 dixit:
2991 5353 3159 5405 Miror
3191 5351 3528 5420 prudentiam
3552 5369 3631 5405 ve-

2065 5438 2253 5488 stram,
2290 5441 2352 5477 ac
2379 5426 2425 5477 si
2446 5425 2784 5493 sacrilegium
2812 5426 2958 5476 times
2982 5422 3178 5491 lapides
3214 5424 3472 5493 frangere,
3511 5439 3631 5475 suc-

2065 5496 2301 5559 cendere,
2328 5505 2611 5548 teramenta
2640 5491 2908 5562 conﬂare;
2953 5504 3088 5545 certe
3127 5493 3172 5543 si
3196 5561 3203 5562 ί
3219 5491 3630 5562 putasaliquam

2065 5565 2395 5618 divinitatem
2421 5563 2584 5616 latere
2608 5565 2662 5615 in
2678 5560 2978 5615 simulacris
3006 5561 3328 5624 uanissimis,
3353 5560 3629 5614 (late'milii

2066 5637 2269 5703 capiam
2297 5634 2578 5698 ever-tendi,
2601 5642 2650 5686 et
2675 5648 2761 5685 eos
2778 5641 3003 5686 evertens
3021 5633 3199 5700 patiar
3221 5631 3284 5684 ab
3304 5631 3377 5685 eis
3403 5632 3625 5701 aliquid.

2065 5703 2268 5758 Caetera
2299 5704 2515 5757 desunt.

2141 5772 2255 5843 (40)
2286 5772 2591 5843 Legendum
2617 5769 2995 5843 ἐννεακαίδεκα
3014 5770 3326 5840 Καλανδῶν,
3365 5787 3454 5827 ιιι
3487 5767 3629 5836 Καὶ,

2069 5853 2128 5898 ut
2151 5841 2212 5898 in
2237 5841 2564 5898 'l'razl‘atione
2595 5841 2924 5896 monuimus.
