4128 6438
435 410 538 465 567

1589 407 1648 461 S.
1696 404 2055 462 HIPPDLYTI
2092 403 2272 460 ACTA
2305 404 2580 463 GRECA.

3582 408 3688 463 5:58

433 498 654 599 quidem
680 541 893 582 mereor
913 525 1044 580 caedi
1071 538 1171 594 pro
1200 523 1440 594 peccatis
1492 524 1653 591 meis,
1684 526 1779 581 sed
1810 526 2012 597 gratias

2125 526 2207 577 καὶ
2235 509 2356 609 τοὺς
2384 523 2736 596 ἀποκρύφους
2764 523 3071 595 θησαυροὺς
3097 526 3210 587 τοῖς
3262 522 3691 595 αὐτοκράτορσιν

432 633 539 689 ago
566 616 799 671 Domino
826 630 948 671 meo
974 612 1105 670 Jesu
1131 614 1352 670 Christo
1378 621 1432 669 et
1457 614 1620 670 credo
1647 630 1733 671 me
1749 615 2004 671 idoneum

430 726 555 768 esse
586 710 655 766 ad
695 708 1127 780 cognoscendam
1181 707 1302 778 ejus
1334 707 1790 773 misericordiam,
1841 709 2006 763 etiam

431 802 528 872 qui
551 802 683 856 mihi
715 801 969 871 dignatus
993 807 1076 854 est
1097 814 1252 855 suam
1272 799 1504 868 gratiam
1524 798 1581 852 in
1602 796 1886 869 Baptismo
1915 799 2008 855 do-

436 909 585 949 nare.
616 891 752 947 Nam
777 892 882 947 hoc
906 892 1049 946 scias
1091 905 1284 945 aurum
1316 890 1612 959 temporale
1662 906 1750 946 me
1774 905 1883 946 non
1907 892 2005 946 ha-

433 980 580 1041 bere,
609 994 674 1035 ac
712 977 997 1033 daemoniis
1025 978 1267 1033 cervices
1294 992 1447 1032 meas
1488 993 1596 1033 non
1636 979 1885 1045 ﬂectere;
1917 979 2005 1035 fac

433 1070 579 1140 quod
616 1070 720 1123 vis.
753 1070 930 1124 Iratus
978 1067 1247 1124 Romulus
1275 1069 1445 1138 jussit
1474 1076 1533 1123 ut
1568 1083 1691 1123 cum
1717 1070 2009 1139 plumbatis

432 1163 672 1219 cervices
697 1162 817 1232 ejus
846 1162 1205 1217 tunderentur
1229 1163 1332 1218 sub
1358 1176 1494 1218 voce
1533 1162 1835 1231 praeconia:
1869 1161 2008 1217 Deos

432 1261 488 1306 et
515 1252 646 1307 deas
675 1252 980 1323 principum
1009 1253 1389 1323 blasphemare
1414 1253 1548 1306 noli.

2075 667 2080 673 .
2114 619 2330 682 ἀπόδος,
2360 618 2455 671 καὶ
2486 615 2649 671 θῦσον
2667 620 2778 680 τοῖς
2796 617 2956 680 θεοῖς.
2981 616 3292 681 Σαόινιανδς
3321 614 3503 670 εἶπεν·
3548 616 3692 685 Ἐγὼ

2116 711 2214 781 μὲν
2236 711 2350 763 οὐκ
2377 709 2492 780 είμὶ
2521 708 2668 776 ἄξιος
2703 708 2789 763 ἵνα
2819 709 2958 780 ὑπὲρ
2983 707 3093 762 τῶν
3122 708 3272 779 ἐμῶν
3326 707 3606 780 ἁμαρτιῶν
3636 706 3692 760 τί

2112 818 2243 854 ποτε
2271 798 2647 870 ἐπιτεύξομαι,
2673 798 2788 851 ἀλλ’
2807 799 2930 851 ὅσον
2961 798 2990 850 ὁ
3036 798 3238 871 Κύριός
3270 816 3369 869 μου
3417 798 3514 852 καὶ
3558 798 3694 863 Θεὸς

2105 891 2395 955 ἐπινεύσας
2439 889 2764 962 χαρίσασθαι
2805 886 3216 952 καταξιώσειεψ
3265 889 3407 943 οὓτω
3427 889 3688 945 πιστεύω.

2123 983 2250 1037 Ἐπὶ
2302 981 2462 1041 τοῦτο
2490 983 2724 1051 γίνωσκε
2778 982 2977 1053 χρυσὸν
3022 982 3282 1055 ἐπίκηρον
3313 982 3386 1053 μὴ
3423 982 3566 1052 ἐχειν
3598 982 3689 1053 μέ,

2097 1074 2254 1143 ,μηδὲ
2289 1071 2483 1143 βουλὴν
2510 1072 2574 1155 rb
2614 1072 2741 1140 γόνυ
2787 1070 2999 1141 κάμψαι
3031 1074 3143 1136 τοῖς
3192 1070 3449 1155 εἰδώλοις.
3492 1071 3692 1127 ,Ταῦτα

2115 1164 2209 1218 καὶ
2235 1163 2305 1217 τὰ
2332 1163 2541 1227 τούτοις
2566 1163 2728 1235 ὃμοια
2746 1163 2995 1234 λέγοντος
3021 1162 3115 1216 τοῦ
3144 1163 3413 1235 μακαρίου
3441 1162 3695 1216 Σαϐινια-

2112 1255 2227 1319 νοῦ,
2257 1256 2285 1308 6
2316 1254 2695 1327 (παράνομος)
2736 1254 3010 1327 Ῥώμυλος
3031 1254 3314 1309 ἐκέλευσεν
3342 1257 3455 1318 τοῖς
3482 1255 3690 1327 ὑπηρέο

434 1364 557 1410 ταις
584 1347 748 1401 αὐτοῦ
779 1350 928 1413 ὅπως
984 1347 1125 1419 μετὰ
1153 1347 1262 1402 τῶν
1295 1348 1613 1420 μολιϐδίνων
1649 1348 1895 1421 σφαιρῶν
1921 1351 2014 1403 τὸν
2048 1351 2249 1421 αὐχένα
2280 1348 2461 1404 αὐτοῦ.
2481 1349 2835 1404 συνθλάσωσι.

510 1440 572 1496 ν.
599 1440 803 1497 Eodem
855 1441 945 1498 die
973 1443 1204 1525 audiens
1232 1444 1337 1499 hoc
1358 1444 1551 1499 beatus
1578 1443 1901 1515 Hippolytus
1922 1460 2008 1501 se-

2180 1446 2255 1500 E’.
2276 1445 2446 1499 Τοῦτο
2469 1445 2526 1499 δὲ
2553 1445 2789 1508 ἀκούσας
2819 1447 2848 1498 6
2881 1443 3293 1516 μακαριώτατος
3321 1443 3632 1506 Ἱππόλυτος
3661 1443 3693 1493 6

436 1546 540 1587 nex
564 1526 763 1588 obtulit
792 1549 852 1589 se
872 1533 932 1588 in
959 1544 1313 1605 conspectum
1342 1534 1585 1600 Romuli,
1616 1538 1706 1592 cui
1754 1537 1829 1592 ita
1876 1552 2010 1592 voce

2125 1535 2480 1608 πρεσϐύτερος
2506 1537 2641 1607 (41),
2670 1535 2837 1590 ἐλθὼν
2866 1535 2995 1607 ἔστη
3027 1534 3258 1590 ἐνώπιον
3284 1534 3376 1589 τοῦ
3392 1534 3695 1606 Ῥωμύλου,

435 1628 585 1681 clara
616 1626 784 1681 dixit:
815 1626 861 1681 0
889 1628 1077 1694 miser,
1106 1627 1153 1683 si
1185 1628 1381 1694 scires,
1412 1643 1526 1682 non
1556 1628 1891 1684 cruciatibus
1910 1628 2008 1683 da-

437 1734 527 1774 res
550 1719 790 1775 cervices
817 1730 1154 1786 sanctorum,
1187 1720 1279 1777 sed
1307 1731 1363 1776 te
1391 1721 1569 1791 ipsum
1596 1721 1930 1786 humiliares,
1958 1731 2043 1782 et,

437 1812 691 1867 crederes
733 1810 865 1876 Deo,
896 1820 952 1867 et
998 1811 1231 1867 Domino
1268 1810 1397 1868 Jesu
1446 1811 1689 1880 Christo,
1740 1826 1794 1868 et
1840 1815 2027 1881 servis

2115 1629 2210 1681 καὶ
2256 1627 2485 1700 λαμπρᾷ
2534 1630 2601 1699 τῇ
2635 1631 2786 1700 φωνῇ
2834 1625 3013 1682 εἶπεν·
3046 1624 3118 1681 Ὦ
3143 1628 3315 1691 ἄθλιε,
3349 1629 3399 1681 εί
3421 1626 3536 1699 ῐδῃς
3561 1627 3697 1699 Χρι-

2117 1722 2238 1775 στὸν
2268 1723 2359 1775 τὸν
2386 1721 2481 1776 τοῦ
2524 1722 2659 1777 Θεοῦ
2702 1723 2846 1784 Υίὸν.
2892 1724 2993 1777 οὐκ
3037 1723 3106 1777 ἂν
3149 1721 3324 1786 οὕτως
3366 1720 3697 1784 ἐϐασάνισας

2115 1815 2242 1876 τοὺς
2270 1814 2504 1884 αὐχένας
2529 1813 2640 1867 τῶν
2666 1816 2828 1870 ὁσίων
2873 1814 3061 1880 αὐτοῦ,
3115 1815 3264 1877 ὅπως
3316 1810 3699 1866 ταπεινωθῶσι

438 1899 580 1969 ejus,
603 1910 658 1956 et
689 1915 796 1955 non
824 1900 1100 1971 lapidibus
1128 1901 1286 1956 vanis
1319 1910 1376 1956 et
1396 1902 1650 1956 metallis.
1684 1902 1858 1958 Iratus
1902 1901 2015 1957 Ro-

2125 1909 2229 1969 τοῖς
2264 1908 2512 1977 ματαίοις
2547 1909 2700 1980 ὑμῶν
2757 1908 2994 1973 είδώλοις
3009 1927 3023 1940 ·
3078 1907 3215 1963 ἀλλὰ
3245 1908 3444 1979 μᾶλλον
3496 1904 3696 1960 σαυτὸν

439 1992 626 2047 mulus
651 1992 929 2062 praacepit,
964 2001 1026 2047 ut
1045 1992 1276 2062 pedibus
1299 2002 1354 2048 et
1381 1994 1635 2050 manibus
1655 1994 1836 2065 ligatis
1857 1995 1911 2049 in
1937 1994 2018 2050 fo-

439 2099 599 2138 veam
638 2084 794 2139 vivus
856 2094 1211 2154 mergeretur.
1256 2084 1455 2141 Beatus
1510 2096 1641 2141 vero
1693 2084 2016 2158 Hippolytus

440 2175 572 2228 dum
604 2186 819 2230 mersus
851 2174 1045 2232 fuisset
1078 2177 1130 2230 in
1189 2176 1398 2232 foveam
1448 2186 1574 2233 ante
1612 2193 1800 2234 muros
1820 2177 2018 2235 Portus

442 2265 700 2334 Romani,
722 2282 826 2323 vox
872 2269 1055 2325 audita
1104 2281 1187 2326 est
1218 2287 1313 2342 per
1346 2273 1582 2343 spatium
1640 2272 1788 2327 hora:
1835 2270 2001 2327 unius

440 2359 601 2430 quasi
632 2359 920 2415 infantium
962 2363 1346 2418 clamantium:
1393 2363 1504 2419 Deo
1555 2366 1780 2435 gratias.
1809 2362 2018 2418 Romuo

441 2452 531 2508 lus
561 2453 734 2508 dixit:
774 2453 890 2510 Hoc
921 2455 1133 2510 insania
1165 2456 1390 2527 magica:
1413 2458 1547 2513 artis
1575 2445 1698 2513 esse
1723 2448 2013 2528 cognosco.

2116 2000 2490 2065 ἐταπείνωσας
2518 2000 2598 2070 τῷ
2626 2001 2820 2075 κτίστῃ
2866 2003 2963 2056 καὶ
3006 2000 3325 2073 δημιουργῷ
3351 1998 3460 2054 τῶν
3524 1999 3700 2053 ἁπάν-

2116 2105 2227 2142 των
2255 2090 2350 2142 καὶ
2378 2093 2490 2154 τοῖς
2511 2090 2677 2144 αὐτοῦ
2701 2091 2927 2155 δούλοις,
2958 2091 3051 2145 καὶ
3077 2092 3199 2162 οὐχὶ
3226 2090 3396 2167 λίθοις
3425 2090 3697 2161 ματαίοις,

2118 2181 2214 2235 καὶ
2246 2181 2467 2251 κώφοις,
2500 2182 2594 2236 καὶ
2623 2183 2851 2255 ἀψύχοις
2891 2182 3189 2253 ὐπέκυψας.
3220 2182 3406 2236 Ταῦτα
3460 2181 3700 2243 ἀκούσας

2118 2275 2147 2324 6
2193 2272 2626 2342 (ἀσεϐέστατος)
2669 2274 2946 2345 Ῥώμυλος
3012 2272 3269 2345 ἐθυμώθη
3327 2273 3548 2345 σφόδρα,
3603 2274 3702 2327 καὶ

2124 2362 2427 2434 προσέταξε
2454 2365 2583 2427 τούς
2628 2364 2793 2427 πόδας
2832 2363 3008 2433 αὐτοῦ
3050 2364 3145 2418 καὶ
3197 2363 3296 2426 τὰς
3338 2366 3525 2435 χεῖρας
3559 2363 3706 2417 δεδε-

2126 2454 2287 2526 μένον
2313 2458 2395 2520 είς
2422 2455 2642 2526 βόθυνον
2675 2456 3240 2529 κατακρημνισθῆναι.
3272 2455 3379 2518 Τοῦ
3404 2451 3496 2508 οὖν
3522 2471 3706 2525 μακα-

445 2546 562 2616 ρίου
602 2547 915 2602 Ἱππολύτου
946 2548 1293 2621 βυθιζομένου
1322 2554 1382 2605 ἐν
1409 2552 1486 2623 τῷ
1514 2553 1681 2625 τείχει
1710 2552 1932 2623 (lipsi;
1959 2551 2050 2605 τὸν
2082 2549 2301 2620 βόθυνον
2344 2552 2564 2624 πόρτον,
2626 2552 2719 2611 τὸν
2777 2552 3236 2623 ἀναγορευόμενον
3282 2536 3508 2621 [ὥρα-ον,
3548 2550 3709 2619 ἄφνω

442 2638 596 2710 φωνὴ
625 2640 867 2712 ἠκούσθη
921 2642 1057 2696 ὡσεὶ
1100 2642 1468 2716 διαστήματος
1511 2645 1660 2716 ὥρας
1710 2646 1841 2718 μιᾶς
1899 2642 2150 2711 καθάπερ
2206 2643 2414 2713 νηπίων
2460 2644 2724 2712 λεγόντων
2778 2643 3126 2716 εὐχαριστίας
3163 2642 3243 2715 τῷ
3293 2642 3432 2713 Θεῷ.
3495 2640 3589 2696 καὶ
3640 2639 3707 2692 ἐν

442 2733 523 2806 τῷ
549 2734 721 2788 ταῦτα
773 2737 966 2801 εἰπεῖν,
1027 2737 1239 2808 ἀφῆκεν
1265 2737 1327 2791 τὸ
1355 2738 1571 2810 πνεῦμα
1614 2738 1706 2810 ’τῷ
1752 2736 1962 2808 Κυρίῳ,
2010 2735 2077 2804 τῇ
2129 2733 2500 2805 προδεκαμιᾶς
2558 2733 2835 2789 καλανδῶν
2882 2732 3290 2805 Σεπτεμϐρίων.
3320 2732 3486 2793 cum
3523 2730 3625 2800 ἔφη
3670 2727 3707 2781 ὁ

445 2827 820 2903 (παράνομος)
866 2827 1171 2900 Ῥώμυλος·
1196 2830 1344 2901 Αὕτη
1375 2832 1410 2902 ἡ
1462 2831 1629 2903 μανία
1661 2829 1903 2903 μαγικῆς
1928 2826 2121 2896 τέχνης
2150 2821 2289 2881 εἶναι
2315 2826 2753 2895 διαγινώσκεται.

515 2921 606 2980 Vl.
630 2924 785 2979 Tunc
805 2939 929 2978 cum
954 2922 1139 2979 furore
1175 2925 1420 2981 clamans
1439 2926 1602 2995 ccc-pit
1646 2926 1864 2981 dicere:
1916 2922 2017 2978 Hic

450 3014 782 3071 Sabinianus
803 3015 896 3085 qui
927 3025 1119 3084 captus
1149 3024 1234 3069 est
1254 3016 1553 3086 cupiditate
1604 3018 1828 3087 magicae
1859 3017 2014 3083 artis,

448 3113 503 3160 et
528 3104 753 3160 libidine
780 3105 1194 3161 thesaurorum:
1222 3106 1276 3160 in
1302 3117 1581 3162 momento
1602 3123 1725 3163 eum
1772 3107 2017 3163 confrin-

449 3210 597 3265 gam,
625 3203 719 3250 aut
737 3195 965 3251 avellam
996 3209 1028 3249 a
1060 3204 1199 3250 terra
1220 3195 1267 3252 si
1291 3212 1400 3251 non
1431 3212 1489 3252 se
1510 3197 2015 3260 humiliaveritdiis.

448 3298 505 3342 et
535 3288 923 3343 sacriﬁcaverit
947 3287 1048 3343 eis.
1088 3285 1299 3352 Quibus
1326 3288 1486 3345 dictis
1509 3288 1676 3359 jussit
1699 3304 1823 3343 eum
1854 3288 2014 3345 l‘usti-

449 3378 557 3434 bus
591 3379 726 3435 caedi
756 3379 859 3434 sub
880 3393 1010 3434 voce
1030 3378 1330 3448 prmeonia:
1360 3378 1542 3435 Redde
1559 3380 1845 3435 thesauros
1869 3378 2022 3448 prin-

451 3469 660 3538 cipum,
695 3478 750 3524 et
782 3469 1010 3524 humilia
1032 3480 1085 3524 te
1111 3471 1217 3527 diis
1245 3485 1277 3525 a
1321 3470 1521 3540 quibus
1569 3469 1904 3540 gubernatur
1932 3483 2022 3524 res

451 3562 690 3631 publica.
741 3559 835 3616 llle
863 3570 1043 3616 autem
1074 3562 1322 3619 dicebat:
1376 3560 1592 3618 Gratias
1624 3576 1726 3631 ago
1762 3561 1882 3627 tibi,
1920 3559 2024 3616 Do-

454 3650 603 3705 mine
625 3648 754 3705 Jesu
776 3648 1015 3718 Christe,
1042 3651 1139 3721 qui
1162 3653 1418 3723 dignatus
1464 3666 1526 3707 es
1575 3664 1665 3705 me
1702 3666 1825 3737 cum
1854 3650 2025 3709 servis

456 3741 566 3797 tuis
601 3741 830 3797 sociare.
867 3740 1003 3797 Cum
1025 3750 1153 3799 vcro’
1172 3744 1267 3799 diu
1301 3744 1622 3807 caederetur,
1652 3743 1807 3796 lirma
1835 3750 1890 3796 et
1914 3741 2026 3796 ala-

456 3835 566 3891 cris
592 3833 759 3891 facies
781 3833 903 3905 ejus
927 3850 1049 3890 esse
1075 3834 1585 3891 videbaturrlratus
1619 3834 1887 3891 Romulus
1910 3834 2029 3904 jus-

457 3930 528 3986 sit
554 3944 680 3987 eum
709 3929 764 3984 in
786 3929 1019 3998 equuleo
1034 3928 1223 3996 levari,
1249 3936 1302 3984 et
1321 3942 1445 3982 cum
1464 3927 1829 3982 attraheretur
1849 3928 2029 3983 nervis

456 4022 562 4079 sub
589 4036 721 4078 voce
742 4021 1038 4092 praeconia,
1068 4020 1207 4075 nihil
1253 4012 1417 4074 aliud
1438 4020 1632 4102 agebat
1673 4019 1780 4074 nisi
1827 4020 2029 4089 gratias

460 4115 692 4171 Domino
716 4114 846 4171 Jesu
869 4113 1111 4170 Christo.
1134 4112 1402 4168 Romulus
1423 4111 1588 4168 dixit:
1622 4112 1849 4180 insanit,
1869 4123 1923 4168 et
1946 4129 2032 4169 se-

457 4223 627 4264 curus
646 4216 733 4263 est
745 4208 813 4264 de
832 4208 1060 4278 magicis
1081 4207 1347 4263 consiliis.
1389 4204 1459 4260 Et
1478 4206 1643 4276 jussit
1682 4213 1746 4262 ut
1795 4205 2033 4263 ﬂammis

463 4308 748 4365 ureretur;
782 4308 837 4354 et
864 4315 988 4355 cum
1016 4299 1405 4370 applicuissent
1425 4296 1672 4353 ﬂammas
1704 4298 1772 4353 ad
1808 4298 1926 4369 ejus
1947 4299 2031 4352 la-

462 4400 601 4457 tera,
630 4391 798 4461 ctcpit
820 4388 1087 4447 Romulus
1109 4392 1354 4451 clamans
1377 4389 1589 4446 dicere:
1642 4389 1761 4446 Jam
1810 4391 2034 4447 consule

465 4482 582 4547 tibi,
619 4490 676 4537 et
720 4483 880 4537 redde
910 4468 1214 4543 thesauros.
1260 4483 1462 4542 Beatus
1491 4493 1672 4540 autem
1706 4481 2033 4538 Sabinianus

2195 2924 2283 2990 ς’.
2304 2923 2410 2976 Καὶ
2432 2920 2632 2993 ἤρξατο
2653 2922 2790 2994 μετὰ
2807 2920 2978 2993 θυμοῦ
3009 2921 3138 2993 βοᾷν
3184 2922 3280 2975 καὶ
3293 2900 3470 2988 λὲγειν
3487 2936 3501 2949 ⁸
3534 2912 3706 2982 Οὗτος

2122 3012 2152 3062 6
2180 3012 2493 3077 Σαϐινιανδς
2512 3012 2781 3086 ἐθηρεύθη
2815 3012 2903 3067 διὰ
2929 3013 3029 3084 τῆς
3060 3012 3300 3083 μαγικῆς
3317 3009 3482 3064 αὐτού
3509 3009 3705 3079 τέχνης

2123 3107 2189 3175 τῇ
2222 3105 2574 3177 φιλαργυρίᾳ,
2628 3106 2722 3159 καὶ
2751 3106 2859 3159 τῶν
2896 3104 3196 3176 χρημάτων
3226 3102 3545 3175 ἡδυπαθείᾳ.
3576 3099 3711 3154 Τοῦ-

2124 3210 2216 3247 τον
2244 3195 2303 3248 ἐν
2342 3195 2473 3267 ῥιπῇ
2506 3194 2791 3249 καταλύσω
2836 3194 2944 3248 ἀπὸ
2972 3195 3072 3265 τῆς
3131 3193 3432 3265 μανιώδους
3456 3190 3578 3247 ὁδοῦ
3606 3192 3711 3244 αὐ-

2122 3283 2216 3337 τοῦ
2247 3286 2294 3338 εί
2333 3286 2406 3356 μὴ
2435 3286 2923 3357 ταπεινωθήσεται,
2954 3288 3048 3341 καὶ
3093 3285 3229 3357 θύσῃ
3256 3268 3371 3348 τοῖς
3431 3284 3710 3355 μεγίστοις
3772 3342 3779 3345 ,

2120 3375 2277 3445 ὴμῶν
2304 3375 2463 3440 θεοῖς.
2521 3377 2737 3431 Τούτων
2782 3373 2876 3431 οὖν
2928 3378 3024 3432 καὶ
3073 3376 3330 3430 τοιούτων
3357 3374 3646 3445 λεγόμενος
3665 3379 3708 3440 ’,

2122 3468 2406 3522 ἐκέλευσεν
2458 3470 2619 3523 αὐτὸν
2663 3468 2841 3536 ξύλοις
2871 3468 3212 3540 τυπηθῆναι
3242 3466 3570 3540 (ωφθῆναι)
3602 3466 3713 3520 ὐπὸ

2125 3558 2306 3631 φωνῆς
2332 3559 2428 3613 τοῦ
2457 3562 2700 3632 κήρυκος
2752 3562 3003 3630 λέγοντος
3023 3579 3037 3593 ’
3099 3560 3321 3623 Ἀπόδος
3347 3560 3475 3622 τοὺς
3503 3558 3714 3629 θησαυ-

2126 3652 2255 3722 ροὺς
2302 3654 2416 3715 τοῖς
2462 3652 2888 3725 αὐτοκράτορσιν
2944 3653 3131 3723 ἡμῶν,
3183 3652 3279 3705 καὶ
3340 3647 3715 3720 ταπεινώθητε.

2125 3743 2237 3805 τοῖς
2257 3742 2683 3814 παντοδυνάμοις
2703 3742 2865 3807 θεοῖς,
2882 3744 2949 3797 δι’
2971 3738 3045 3799 ὧν
3069 3742 3552 3814 πηδαλιουχεῖταιή
3573 3739 3720 3810 σύμρ

2128 3850 2278 3887 πασα
2330 3835 2362 3904 ή
2373 3832 2487 3902 μῶν
2540 3833 2806 3887 πολιτεία.
2868 3833 2926 3887 '0
2951 3833 3010 3887 δὲ
3068 3832 3338 3905 μακάριος
3395 3826 3719 3893 Σαῦινιανδς

2127 3923 2343 3989 ἀνοίξας
2368 3924 2431 3976 τὸ
2459 3924 2631 3995 στόμα
2662 3923 2827 3978 αὐτοῦ
2874 3923 3074 3993 ἔλεγεν·
3106 3923 3431 3995 Εὐχαριστῶ
3459 3938 3563 3987 σοι,
3593 3920 3717 3975 Κύ-

2126 4016 2214 4087 ριέ
2245 4033 2347 4087 μου
2387 4015 2563 4088 Ἰησοῦ
2605 4016 2889 4087 Χριστέ,.ό
2918 4015 3263 4081 καταξιώσας
3313 4031 3381 4086 με
3438 4012 3577 4085 μετὰ
3601 4011 3717 4066 τῶν

2129 4108 2330 4162 δούλων
2359 4125 2453 4161 σου
2483 4106 3083 4179 πγκαταριθμηθῆναι.
3125 4107 3212 4170 Ὠς
3236 4105 3295 4159 δὲ
3328 4104 3557 4159 ἐπιπολὺ
3590 4104 3717 4157 ἐτύ-

2132 4216 2317 4264 πτετο,
2349 4201 2562 4272 ἑδραῖον
2588 4195 2656 4272 ἧν
2684 4201 2780 4253 καὶ
2799 4198 3078 4271 πρόθυμον
3104 4197 3166 4250 τὸ
3198 4197 3490 4269 πρόσωπον
3520 4194 3713 4251 αὐτοῦ.

2132 4293 2267 4346 Τότε
2300 4292 2571 4363 θυμωθεὶς
2599 4293 2657 4363 (6
2684 4292 3080 4361 ἁσεὸἑστατος)
3122 4289 3395 4360 Ῥώμυλος
3423 4289 3716 4344 ἐκέλευσεν

2141 4385 2304 4439 αὐτὸν
2343 4386 2402 4438 ἐν
2430 4384 2508 4456 τῷ
2539 4383 2884 4456 ἀρμενταρίῳ
2930 4383 3043 4453 (45)
3092 4380 3461 4454 ἀναρτηθῆναι
3484 4398 3497 4412 ’
3532 4382 3627 4435 καὶ
3652 4383 3714 4434 ἐν

2134 4474 2213 4546 τῷ
2240 4474 2641 4545 διασπασθῆναι
2669 4472 2830 4529 αὐτὸν
2858 4476 2972 4536 τοῖς
3024 4471 3253 4543 νεύροις,
3282 4470 3377 4524 καὶ
3403 4470 3503 4541 τῆς
3529 4469 3712 4539 φωνῆς

463 4575 667 4647 gratias
712 4575 907 4646 agebat
957 4574 1069 4631 Deo
1105 4578 1324 4633 dicens:
1371 4576 1619 4642 Domine,
1650 4578 1837 4647 accipe
1874 4576 2023 4646 spiri-

2139 4563 2234 4618 τοῦ
2263 4565 2502 4635 κήρυκος
2531 4562 2860 4631 ἐπιδοώσης,
2882 4561 3043 4624 αὐτὸς
3069 4560 3222 4614 οὐδὲν
3242 4556 3368 4615 ἄλλο
3395 4558 3599 4629 ἔλεγεν,
3659 4558 3711 4610 εἰ

462 4676 579 4722 tum
624 4682 824 4721 meum.
853 4665 920 4721 Et
971 4668 1076 4721 hoc
1098 4683 1221 4723 cum
1246 4668 1495 4733 dixisset,
1525 4668 1708 4724 emisit
1743 4668 2032 4738 spiritum;

464 4758 623 4828 cujus
648 4773 847 4828 corpus
868 4758 1034 4829 jussit
1060 4759 1114 4813 in
1146 4768 1369 4830 puteum
1396 4760 1617 4832 jactari.
1650 4758 1851 4813 Eodem
1897 4768 2035 4813 tem-

464 4864 595 4919 pore
631 4849 853 4904 veniens
906 4848 1125 4919 quidam
1159 4848 1498 4906 Concordius
1553 4850 1831 4923 presbyter
1872 4859 2035 4905 noctu

465 4938 667 4996 levavit
694 4954 894 5010 corpus
919 4939 985 4992 de
1003 4949 1183 5010 puteo,
1208 4950 1261 4994 et
1288 4941 1514 4996 sociavit
1546 4942 1716 4997 beatae
1740 4941 1901 4995 Aurac
1931 4940 2033 4994 sub

540 5198 656 5269 (Η)
681 5195 837 5279 sitas
864 5199 956 5253 hic
1004 5200 1322 5279 designatur
1345 5197 1637 5279 llippolyti,
1671 5213 1778 5279 non
1802 5194 2034 5279 gradus,

464 5271 954 5341 quemadmodum,
983 5269 1145 5341 paulo
1183 5279 1306 5329 ante
1336 5271 1514 5324 dictus
1547 5269 1741 5341 ‘l‘uerat
1791 5269 2034 5321 Nonnus.

467 5338 547 5408 ita
568 5338 740 5394 Graeci
767 5341 913 5394 hunc.
944 5338 1123 5395 locum
1149 5350 1494 5408 acceperunt,
1524 5340 1731 5408 quibus
1759 5352 2036 5408 nunquam

466 5406 793 5493 Hippolytus.
821 5409 922 5465 fuit
945 5411 1242 5493 presbyter,
1278 5405 1372 5464 sed
1396 5405 1683 5493 cpiscopus
1707 5405 1910 5493 {ortus
1930 5405 2042 5460 Ro-

468 5476 909 5535 maniz'Latinus
934 5476 1402 5550 etiaui'iuterpres
1430 5476 1667 5534 reddidit
1710 5478 1778 5532 Β.
1838 5476 2039 5546 Hippo-

468 5546 612 5602 lutus
641 5565 816 5602 senex.

489 5563 863 5701 {timemus
892 5621 1391 5701 “corrttptus‘l‘acile
1416 5618 1809 5701 restituendus,
1843 5620 1910 5673 ἐκ
1929 5618 2037 5701 τῆς

465 5688 634 5810 τύέης
663 5689 741 5751 εἰς
768 5689 858 5740 τὸν
890 5688 1108 5758 βόθυνον
1162 5691 1383 5763 πόρτου,
1424 5689 1518 5743 τοῦ
1573 5689 2037 5761 ἀναγορευομένου

466 5759 513 5839 ξι
551 5774 676 5829 ρτου
698 5773 973 5840 :Acamquc
1001 5761 1286 5816 lectionem
1305 5760 1510 5840 _Lntinc
1528 5760 1862 5840 reddidimus
1894 5758 2033 5840 infra

466 5832 524 5884 in
555 5832 755 5883 recenti
788 5832 1041 5885 versione
1067 5846 1228 5900 quam
1252 5833 1316 5887 ad
1347 5832 1547 5886 calcem
1574 5832 1865 5887 voluminis
1896 5832 2035 5886 inter

2144 4655 2245 4726 μὴ’
2272 4652 2589 4725 Εὐχαριστῶ
2617 4651 2695 4723 τῷ
2721 4651 2912 4723 Κυρίῳ
2943 4668 3043 4722 μου
3083 4650 3255 4720 Ἰησοῦ
3285 4649 3526 4723 Χριστῷ.
3566 4651 3624 4704 Ὁ
3654 4648 3715 4702 δὲ

2143 4744 2391 4817 βικὰριος
2418 4744 2523 4813 ἔφη
2572 4743 2709 4814 πρὸς
2756 4745 2882 4806 τοὺς
2931 4741 3287 4814 παρεστῶτας
3326 4741 3506 4812 αὐτῷ’
3542 4733 3716 4804 Οὗτος

2145 4837 2419 4908 μαίνεται,
2450 4836 2544 4889 καὶ
2564 4834 2866 4907 ἁμέριμνός
2905 4834 3054 4886 ἐστιν
3073 4831 3181 4887 τῶν
3209 4831 3457 4903 μαγικῶν
3481 4829 3721 4900 συμϐου-

2141 4929 2291 4983 λιῶν.
2323 4928 2433 4982 Καὶ
2488 4926 2816 4998 προσέταξεν
2847 4925 3072 4995 φλόγαις
3093 4924 3114 4945 ⁹
3137 4924 3479 4995 κατακαῆναι
3528 4922 3714 4977 αὐτόν.

3462 5108 3477 5138 ἱ

2144 5197 2401 5253 Addenda
2426 5196 2701 5251 sistimus.

2217 5269 2331 5332 (45)
2356 5265 2432 5321 De
2455 5264 2825 5338 ἀρμενταρίῳ,
2851 5261 3091 5338 equulco.
3118 5263 3170 5316 in
3196 5261 3512 5338 praefatione
3540 5257 3716 5338 disse-

2143 5315 2380 5399 ruimus:
2401 5315 2983 5407 édé‘v‘di'éoléciiius
3012 5315 3368 5407 in'mgr‘nnm
3395 5332 3527 5407 urbe
3569 5329 3715 5384 obti-

2145 5410 2285 5473 nuit,
2308 5401 2453 5478 quod
2482 5407 2597 5462 vela
2634 5404 2857 5478 navium
2885 5402 3475 5478 appevailicebantur;
3507 5401 3555 5478 is_
3585 5415 3717 5455 vero

2144 5479 2237 5549 qui
2266 5472 2343 5533 ad'
2364 5492 2641 5549 summum
2675 5475 2830 5549 navis
2849 5472 3239 5549 conscenderet
3259 5472 3644 5549 ἀρμενηστὴςι
3657 5480 3720 5523 ιιι

2147 5540 2200 5603 in
2241 5549 2356 5619 lege
2376 5546 2585 5619 Rhodia
2609 5554 2692 5601 est
2710 5546 3064 5619 adnotatum:
3091 5540 3388 5619 aliquando
3419 5540 3583 5619 etiam
3615 5540 3719 5619 ἄρ-

2146 5611 2463 5690 μενονίίυὶι
2508 5611 2936 5690 instrumentum.
2983 5614 3157 5690 Quod_
3188 5614 3235 5667 si
3286 5629 3410 5690 cum
3449 5611 3718 5690 Aﬂgyptiis

2142 5681 2474 5761 ἐρμητάριον
2502 5684 3013 5765 θίιοιςιιιιιυεηὲρμας
3038 5695 3092 5738 et
3136 5682 3297 5765 ἕρμα.
3334 5681 3438 5737 fuit
3460 5681 3721 5765 scopulus

2144 5753 2227 5813 v'ei
2257 5753 2482 5813 exstans
2504 5758 2589 5810 vel
2623 5757 2676 5809 in
2702 5756 2840 5809 mari
2872 5753 3068 5817 latens,
3092 5753 3395 5823 quinetiam
3431 5753 3535 5821 pila
3571 5766 3719 5806 Inar-

2143 5844 2327 5885 morea
2361 5829 2415 5882 in
2438 5826 2741 5901 portubus:
2777 5824 2923 5897 ἕρμα
2972 5822 3205 5896 ιίοιιὶιιυε
3228 5822 3331 5879 fuit
3361 5823 3608 5878 saburra.
