4128 6396
316 401 424 460 2569
1108 467 1117 487 ι
1585 403 1913 487 versuum
1955 399 2386 462 resrmonm
3470 414 3608 473 '570

327 529 420 580 Ἐν
449 527 509 580 δὲ
542 525 628 596 τῷ
657 525 1030 597 προσάγεσθαι
1063 467 1163 590 atii;
1221 525 1424 596 φλόγας
1482 530 1601 592 ταῖς
1645 528 1740 581 τοῦ
1771 529 1926 596 ἁγίου
1954 579 1962 592 ι

2031 529 2120 584 die
2151 529 2346 599 quinto
2401 527 2671 585 Kalendas
2709 528 3154 603 Januariasﬂi),
3195 543 3454 604 regnante
3504 535 3607 590 Do-

315 615 654 670 Σαϐινιανοῦ
707 615 968 686 πλευραῖς
996 615 1200 688 ήρξατο
1257 617 1387 690 βοᾷν
1415 618 1444 672 ὁ
1488 619 1924 690 (παρανομώτα-

2029 620 2182 674 mino
2226 628 2418 674 nostro
2473 620 2604 676 Jesu
2648 619 2867 677 Christo
2893 662 2908 686 ,
2954 623 3041 678 cui
3092 632 3175 678 est
3201 623 3371 692 gloria
3414 633 3470 678 et
3507 625 3609 678 im—

313 710 444 777 τος)
499 708 786 780 Ῥώμυλος
805 708 900 762 καὶ
923 709 1100 776 λέγειν
1131 709 1268 780 πρὸς
1296 710 1459 764 αὐτόν
1480 727 1494 740 ·
1551 709 1756 776 Ἀθλιε,
1790 729 1927 783 προ-

2028 713 2242 782 perium
2296 712 2350 766 in
2392 713 2590 768 saecula
2631 714 2980 769 saeculorum;
3025 715 3218 769 Amen.

315 804 520 874 νόησαι
556 803 781 869 σαυτοῦ,
807 805 902 858 καὶ
928 805 1125 868 ἀπόδος
1144 806 1270 869 τοὺς
1292 805 1619 877 θησαυροὺς,
1646 805 1740 870 οὒς
1780 808 1932 878 παρά
1961 807 2044 860 σοὶ
2103 806 2350 878 ἔγνωμεν
2402 803 2540 862 εἶναι
2592 808 2650 860 ὲν
2711 808 3072 880 ἁποκρύφοις.
3122 809 3179 862 Ὁ
3221 808 3277 862 δὲ
3341 810 3609 880 μακάριος

313 899 650 964 Σαόινιανὸς
695 901 724 952 ὁ
752 900 961 972 μάρτυς
988 900 1082 954 τοῦ
1137 891 1415 974 Χριστοῦ,
1459 902 1780 974 ηὑχαρίστει
1807 901 1886 972 τῷ
1926 903 2118 973 Κυρίῳ
2165 901 2580 974 λέγωνοῖΚύριε
2642 904 2671 955 ὁ
2734 902 2866 966 Θεός
2921 920 3046 974 μου,
3098 902 3230 955 λαὸὲ
3281 903 3342 956 τὸ
3389 903 3609 972 πνεῦμά

314 1007 420 1060 μου
454 991 561 1046 ἀπ’
589 991 746 1063 ἐμοῦ.
777 993 887 1059 Καὶ
906 993 1064 1047 τοῦτο
1091 993 1283 1058 εἰπὼν,
1316 995 1528 1066 ἀφῆκεν
1547 997 1605 1048 ἐν
1636 995 1824 1067 εἰρήνῃ
1852 994 1914 1047 τὸ
1944 981 2194 1066 πνεῦμα·
2250 989 2455 1058 οὗτινος
2509 994 2571 1048 τὸ
2621 981 2780 1064 σῶμα
2824 994 3108 1048 ἐκέλευσεν
3160 995 3241 1058 εἰς
3294 995 3475 1066 φρέαρ
3526 999 3608 1067 ῥι-

309 1086 512 1156 φῆναι.
553 1087 646 1160 Τῷ
676 1087 825 1160 αὑτῷ
854 1084 948 1142 οὖν
996 1089 1174 1161 καιρῷ
1214 1088 1382 1144 ἐλθών
1431 1108 1528 1163 τις,
1571 1091 1796 1162 Κόρδιος
1845 1089 2085 1162 τοῠνομα
2141 1091 2529 1162 πρεσϐύτερος,
2574 1089 2766 1152 νυκτὸς
2827 1089 3067 1142 ἀνείλετο
3130 1089 3190 1142 τὸ
3237 1089 3396 1159 σῶμα
3425 1091 3490 1142 ἐκ
3511 1091 3605 1145 τοῦ

308 1178 586 1250 φρέατος,
619 1180 715 1234 καὶ
744 1183 1082 1254 συνήρμοσεν
1126 1185 1259 1238 αὐτὸ
1293 1184 1429 1256 μετὰ
1482 1186 1582 1256 τῆς
1631 1185 1792 1254 ἁγίας
1845 1187 2066 1258 Χρυσῆς
2113 1187 2219 1241 ὑπὸ
2267 1187 2395 1258 μίαν
2423 1185 2634 1258 ἡμέραν
2679 1186 2783 1257 πρὸ
2813 1185 2976 1239 πέντε
3006 1183 3298 1238 Καλανδῶν
3328 1183 3601 1254 Φεϐρουα·

309 1269 482 1340 ρίων,
542 1271 754 1342 χάριτι,
807 1273 904 1327 καὶ
950 1276 1258 1347 οἰκτιρμοῖς
1299 1277 1394 1330 καὶ
1438 1276 1834 1350 φιλανθρωπίᾳ.
1867 1277 1962 1331 τοῦ
1991 1279 2200 1351 ,Κυρίου
2234 1277 2390 1350 ἡμῶν
2451 1277 2624 1349 Ἰησοῦ
2671 1276 2934 1350 Χριστοῦ,
2987 1275 3103 1346 μεθ’
3180 1268 3241 1329 οὗ
3297 1275 3376 1346 τῷ
3429 1277 3605 1348 Πατρὶ

308 1361 412 1416 σὺν
441 1362 530 1434 τῷ
563 1364 706 1436 ἁγίῳ
734 1366 1013 1438 Πνεύματι
1063 1366 1210 1433 δόξα,
1243 1369 1466 1441 κράτος,
1511 1371 1645 1442 τιμὴ
1673 1371 1768 1425 καὶ
1796 1371 2168 1447 προσκύνησις
2200 1372 2301 1426 νῦν
2326 1374 2420 1428 καὶ
2435 1372 2522 1425 ἀεὶ
2542 1372 2623 1436 εἰς
2639 1373 2767 1435 τοὺς
2785 1371 2990 1435 αἰῶνας
3011 1370 3119 1424 τῶν
3134 1370 3344 1425 αἰώνων
3359 1370 3492 1438 (45).

318 1584 1994 1611 F-—————-————-——————-——_——r

1115 1760 1811 1935 VETERUM
1909 1757 2808 1873 'TESTIMONIA

1941 1998 2008 2035 DE

719 2161 824 2248 s.
901 2152 1624 2250 HlPPOLYTO
1685 2153 2288 2249 .EPISCOPO
2362 2156 2513 2248 ET
2584 2114 3207 2250 MAnTinE.

304 2614 362 2672 S.
393 2617 692 2672 Anatolius
716 2607 1058 2674 Laodicensis
1090 2622 1362 2690 episcopus
1391 2623 1446 2676 in
1477 2624 1691 2697 praefat.
1727 2626 1796 2678 ad
1817 2599 2468 2750 Canonentifg'schalem,
2493 2623 2636 2693 apud
2663 2621 2941 2692 rEgidium
2967 2620 3289 2676 Bucherium
3319 2621 3392 2677 De
3417 2621 3597 2678 doctr.

595 2725 597 2728 ⁴
1715 2707 1906 2750 temu..
1934 2713 2056 2750 nua.
2119 2713 2152 2749 ο
2193 2735 2209 2750 .

595 2725 597 2728 ‹
1715 2707 1906 2765 temp.,
1934 2713 2056 2767 pag.
2081 2707 2209 2750 459.

373 2803 523 2860 Nam
559 2814 615 2860 et
644 2804 699 2860 in
728 2804 1005 2861 veteribus
1031 2808 1459 2878 exemplaribus,
1483 2808 1537 2864 id
1561 2819 1645 2866 est
1664 2809 1906 2868 Hebraeis
1937 2818 1982 2878 B
2012 2811 2208 2878 nostri,
2238 2801 2592 2866 Hebraeorum
2631 2818 2685 2864 et
2713 2808 3024 2864 Graecorum
3070 2807 3350 2861 librorum
3376 2806 3616 2876 peritis...

305 2907 360 2952 et
389 2897 612 2954 Graecis
639 2885 1030 2963 voluminibus,
1072 2915 1181 2955 non
1212 2909 1422 2956 tantum
1475 2903 1616 2958 lunae
1655 2919 1905 2969 cursum,
2013 2903 2141 2958 simi
2173 2903 2490 2970 (lsidorum,
2522 2910 2575 2956 et
2598 2899 3013 2973 Hieronymum,
3055 2909 3110 2954 et
3140 2899 3474 2954 Clementem
3513 2900 3598 2954 di-

306 2995 400 3050 sed
433 2997 612 3051 etiam
646 2995 781 3051 solis
809 3011 920 3050 non
959 2995 1142 3051 solum
1179 3010 1423 3066 gressus,
1469 2996 1565 3051 sed
1598 3006 1651 3052 et
1693 2998 1908 3068 singula

306 3101 371 3141 ac
394 3087 774 3142 minutissima
798 3087 1058 3141 horarum
1083 3094 1384 3152 momenta,
1414 3103 1536 3156 quae
1564 3087 1619 3141 in
1644 3103 1745 3143 suo
1770 3097 1910 3143 tem—

310 3193 462 3247 pore,
491 3188 626 3235 cum
659 3181 802 3234 ratio
835 3179 1168 3249 poposcerit,
1200 3179 1569 3250 proferemus,
1597 3181 1908 3238 invenimus

308 3278 654 3339 computata.
687 3268 730 3322 E
761 3271 963 3339 quibus
993 3268 1318 3341 Hippolytus
1361 3287 1450 3326 xv:
1492 3288 1763 3327 annorum
1795 3274 1908 3328 cir-

308 3359 494 3415 culum
526 3361 860 3432 quibusdam
887 3361 1086 3432 ignotis
1116 3361 1260 3417 lunae
1285 3363 1538 3419 cursibus
1574 3365 1905 3434 composuit.

309 3452 414 3507 Alii
445 3470 586 3518 xxv,
625 3453 716 3507 alii
740 3469 870 3520 xxx,
903 3454 1153 3507 nonnulli
1202 3469 1442 3508 Lxxxxtv
1486 3470 1754 3509 annorum
1789 3455 1904 3509 cir—

308 3545 496 3600 culum
549 3554 952 3615 computantes,
1003 3561 1288 3615 nunquam
1330 3545 1400 3600 ad
1449 3560 1633 3599 veram
1680 3543 1906 3600 Pascha:

309 3636 669 3707 computandi
713 3637 979 3692 rationem
1012 3647 1397 3708 pervenerunt.
1430 3635 1632 3693 Verum
1667 3638 1902 3708 majores

1071 3899 1348 3966 Eusebius,
1380 3899 1524 3957 Hist.
1560 3903 1695 3959 eccl.
1736 3902 1914 3970 libm,

381 4023 676 4095 Ἥκμαζον
694 4022 752 4076 δὲ
778 4020 920 4076 κατὰ
943 4021 1102 4076 τοῦτο
1139 4023 1358 4087 πλείους
1381 4023 1551 4092 λόγιοι
1584 4025 1678 4078 καὶ
1703 4023 1900 4097 ἐκκλη-

312 4115 588 4170 σιαστικοὶ
619 4115 847 4187 ἄνδρες·
893 4107 968 4168 ὧν
1022 4114 1118 4168 καὶ
1158 4115 1480 4180 ἐπιστολὰς,
1511 4115 1578 4180 ἃς
1620 4116 1758 4187 πρὸς
1804 4117 1899 4170 ἀλ-

312 4205 512 4278 λήλους
526 4203 902 4277 διεχὰραττον,
928 4205 1007 4258 ἔτι
1037 4205 1134 4258 νῦν
1177 4204 1490 4276 σωζομένας
1519 4205 1700 4277 εὑρεῖν
1736 4204 1900 4258 εὔπο-

2011 2997 2122 3065 co),
2152 2995 2282 3052 licet
2311 2994 2602 3050 dissimilia
2634 2994 2909 3048 mensium
2938 2992 3208 3063 principia
3235 3006 3336 3062 pro
3362 2992 3594 3046 diversi--

2010 3096 2124 3142 tate
2153 3087 2352 3159 linguae
2379 3085 2681 3152 senserint;
2720 3093 2902 3138 tamen
2934 3083 3004 3139 ad
3040 3099 3204 3138 unam
3237 3083 3599 3152 eamdemque

2009 3176 2236 3234 Pascha:
2265 3177 2631 3234 certissimam
2671 3167 2968 3243 rationem,
3006 3175 3093 3230 die
3122 3183 3178 3229 et
3207 3174 3337 3228 luna
3374 3183 3429 3229 et
3459 3183 3599 3228 tem-

2011 3285 2146 3340 pore
2176 3267 2648 3335 convenientibus,
2675 3284 2892 3324 summa
2919 3269 3268 3322 veneratione
3297 3266 3597 3321 Dominiczn

2012 3360 2480 3428 Resurrectionis,
2507 3367 2930 3416 consenserunt.
2960 3359 3065 3414 Sed
3099 3368 3154 3414 et
3179 3358 3442 3430 Origenes
3475 3374 3596 3413 om-

2012 3454 2165 3509 nium
2199 3437 2632 3518 eruditissinius,
2664 3461 2719 3507 et
2747 3453 2944 3508 calculi
2985 3438 3347 3523 componendi
3380 3452 3596 3523 perspi-

2009 3545 2334 3602 cacissimus
2381 3545 2605 3616 (quippe
2649 3547 2746 3616 qui
2782 3555 2837 3601 et
2873 3545 3176 3617 χαλκευτής
3215 3545 3488 3616 vocatus),
3526 3544 3597 3599 li-

2007 3639 2213 3696 bellum
2252 3639 2320 3694 de
2351 3636 2564 3694 Pascha
2593 3638 3042 3694 luculentissime
3055 3637 3247 3692 edidit.

1951 3918 2068 3972 cap.
2099 3902 2192 3970 20,
2223 3904 2506 3973 interprete
2529 3901 2602 3956 H.
2645 3901 2873 3958 Valesio.

2076 4023 2281 4080 Eadem
2300 4033 2622 4094 tempestate
2643 4024 2799 4078 multi
2825 4023 3183 4080 ecclesiastici
3210 4023 3314 4077 viri
3342 4023 3594 4078 doctrina

2004 4117 2332 4172 excellentes
2369 4115 2637 4170 ﬂorebant
2665 4133 2678 4169 :
2721 4131 2958 4185 quorum
2990 4116 3247 4186 epistolas
3270 4132 3408 4184 quas
3436 4117 3500 4170 ad
3536 4131 3596 4171 se

2003 4209 2248 4264 vicissim
2280 4208 2651 4277 scripserunt,
2677 4207 2942 4262 hactenus
2971 4218 3279 4262 asservatas
3312 4208 3471 4262 facile
3510 4219 3596 4262 est

316 4314 426 4368 ρον.
461 4299 530 4354 Ai
576 4300 671 4352 καὶ
702 4301 781 4363 εἰς
827 4299 976 4369 ἡμᾶς
1011 4297 1392 4370 ἐφυλάχθησαν
1435 4299 1494 4351 ὲν
1528 4300 1594 4369 τῇ
1629 4298 1769 4352 κατὰ
1799 4286 1898 4370 τὴν
1927 4328 1962 4390 C

2008 4299 2263 4368 reperire.
2295 4297 2526 4353 Exstant
2553 4298 2698 4352 enim
2743 4307 2928 4353 nostra
2959 4314 3179 4369 quoque
3218 4310 3377 4355 {etate
3416 4301 3467 4354 in
3510 4300 3595 4354 bi-

312 4391 500 4446 Δίλίαν
527 4389 866 4463 βιϐλιοθήκῃ,
897 4390 1034 4462 πρὸς
1058 4387 1151 4442 τοῦ
1177 4390 1428 4461 τηνικάδε
1458 4389 1555 4461 τὴν
1580 4389 1766 4443 αὐτόθι
1791 4388 1899 4442 διέ-
1939 4387 1962 4390 ’

2008 4387 2279 4442 bliotheca
2319 4387 2479 4442 jElice
2502 4387 2676 4454 urbis,
2713 4388 2783 4442 ab
2817 4387 3130 4443 Alexandro
3159 4387 3417 4445 Ecclesia:
3446 4391 3593 4446 illius

315 4501 508 4549 ποντος
555 4483 884 4555 Ἐκκλησίαν
917 4483 1264 4556 Ἀλεξάνδρου
1289 4468 1766 4556 ὲτὲισκευασθείσῃ.
1786 4521 1800 4536 .
1831 4524 1845 4537 .
1882 4523 1895 4536 .

316 4574 532 4631 Τούτων
573 4575 847 4648 Βήρυλλος
870 4574 968 4629 σὺν
1008 4577 1321 4639 ἐπιστολαῖς
1352 4576 1448 4660 καὶ
1479 4576 1898 4647 συγγράμμασι,

315 4668 604 4743 διαφόρους
648 4668 966 4739 φιλοκαλίας
1017 4667 1427 4722 καταλέλοιπεν.
1480 4667 1808 4732 Ἐπίσκοπος
1855 4667 1900 4721 δ’

2005 4482 2262 4551 episcopo
2290 4491 2674 4536 constructa...
2720 4480 2865 4535 inter
2907 4482 3006 4537 bos
3051 4480 3152 4537 fuit
3209 4482 3455 4556 Beryllus
3484 4482 3593 4538 Bo-

2006 4586 2315 4630 strenorum
2351 4575 2406 4628 iu
2439 4573 2642 4628 Arabia
2678 4574 3002 4643 episcopus,
3039 4575 3132 4645 qui
3163 4585 3358 4645 praeter
3391 4577 3596 4648 episto-

2005 4667 2092 4723 las
2135 4675 2189 4720 et
2241 4665 2673 4732 lucubrationes,
2733 4665 2883 4720 varia
2923 4681 3143 4737 quoque
3206 4667 3473 4739 elegantis
3511 4670 3595 4724 in-

1523 4784 2089 4841 lNTERPHETATlO
2126 4784 2221 4841 RU
2231 4784 2270 4838 F
2275 4782 2342 4838 IN
2347 4785 2388 4839 l.

385 4908 684 4964 Florebant
716 4919 896 4964 autem
926 4925 1025 4978 per
1055 4909 1198 4964 idem
1226 4919 1444 4979 tempus
1476 4911 1752 4979 (regnante
1780 4908 1933 4975 Geta,
1969 4909 2237 4968 Macrino.
2265 4908 2397 4978 etc.)
2427 4905 2652 4978 plurimi
2679 4904 3032 4979 disertissimi
3065 4909 3122 4962 in
3164 4907 3426 4964 Ecclesiis
3465 4903 3591 4974 viri,

320 4993 556 5045 quarum
589 4980 852 5048 epistolas
881 4976 1020 5050 quas
1049 4979 1116 5034 ad
1149 4995 1208 5036 se
1238 4976 1732 5044 invicem'dabant,
1782 4982 2087 5051 reperimus
2119 4980 2174 5034 in
2219 4976 2726 5051 Hierdsolyntorum
2767 4976 3120 5051 bibliotheca,
3163 4981 3232 5034 ad
3272 4996 3372 5035 nos
3419 4996 3594 5051 usque

321 5060 554 5116 servata,
599 5046 765 5119 quam
821 5046 1206 5106 construxerat
1250 5051 1333 5104 vir
1387 5051 1797 5106 eruditissimus
1843 5046 1914 5106 lle
1959 5067 2071 5120 quo
2102 5051 2356 5120 superius
2407 5046 2879 5120 memoravimus,
2918 5046 3226 5104 Alexander
3275 5051 3378 5105 loci
3421 5046 3593 5120 ipsius

319 5117 724 5192 cpisc0pusi....
758 5120 888 5192 Erat
917 5119 1059 5176 inter
1087 5131 1318 5192 caeteros
1345 5130 1400 5175 et
1428 5120 1675 5192 Beryllus
1707 5117 2038 5192 scriptorum
2074 5117 2408 5191 praecipuus,
2442 5121 2536 5192 q_ui
2577 5127 2632 5174 et
2676 5118 2793 5192 ipse
2827 5117 3043 5192 diversa
3090 5121 3352 5192 opuscula
3388 5119 3591 5192 dereli-f

321 5187 454 5262 quit.
493 5187 800 5262 EpiscOpus
839 5189 949 5262 fuit
985 5193 1074 5246 hic
1102 5191 1248 5262 apud
1286 5187 1561 5254 Bostram,
1595 5187 2048 5248 Arabiae—urbem
2075 5187 2408 5247 maximam.
2453 5188 2586 5246 Erat
2635 5187 2992 5243 nihilominus
3025 5198 3080 5243 et

322 5267 373 5310 et
398 5261 513 5331 ipse
537 5261 820 5330 aliquanta
848 5261 1054 5334 scripta
1083 5261 1400 5333 dereliquit,
1433 5264 1750 5333 episeOpus.

394 5424 504 5500 (44)
535 5424 591 5480 In
634 5425 758 5500 god.
795 5440 929 5500 t_nss.
965 5426 1022 5481 S.
1046 5425 1328 5500 Maximini
1357 5444 1447 5498 ap.
1476 5428 1686 5483 Trevir.
1705 5429 1904 5500 legitur

322 5496 413 5546 sub
441 5497 525 5570 die
567 5513 595 5549 v
627 5495 756 5570 Kal.
786 5495 958 5570 δεῖνι,
999 5513 1230 5570 eamque
1259 5495 1547 5553 lectionem
1577 5495 1904 5570 insequenti

325 5568 570 5636 )‘et'sione
599 5568 947 5629 retinuimus.
990 5568 1243 5636 quamvis
1273 5570 1326 5622 in
1351 5568 1747 5624 dissertatione
1782 5586 1908 5636 pro—

327 5630 553 5714 babilem
609 5653 833 5714 causam
891 5630 1186 5714 aﬂ‘eraptus
1226 5639 1433 5714 legendi
1482 5655 1534 5714 a.
1591 5641 1645 5714 «_l.
1681 5656 1712 5693 v
1782 5630 1905 5714 Kal.

327 5697 504 5778 Febr.,
543 5715 603 5761 ut
649 5708 702 5760 in
733 5715 990 5778 contextu
1041 5707 1250 5762 Grazco.
1275 5697 1549 5764 Tireviatio
1583 5708 1906 5778 Septembris

327 5769 500 5852 fraudi
532 5777 770 5852 librariis
804 5777 928 5852 fuit,
959 5778 1106 5852 unde
1141 5778 1230 5831 alii
1261 5795 1503 5834 mensem
1559 5769 1904 5852 Ianuarium,

325 5841 410 5898 alii
444 5845 800 5902 Februarium
844 5848 1284 5906 substituerunt;
1335 5865 1526 5906 omnes
1559 5862 1738 5908 tamen
1761 5841 1903 5906 diem

3169 5191 3462 5260 ippolytus,
3495 5189 3595 5258 qui

2015 5438 2305 5487 servarunt
2329 5445 2363 5483 v
2385 5427 2514 5484 Kal.

2087 5500 2201 5570 (45)
2235 5499 2533 5570 Doxologia
2587 5501 2860 5569 sequioris
2895 5499 2994 5553 aevi
3032 5514 3061 5552 a
3090 5497 3296 5570 Graecis
3351 5497 3595 5553 librariis

2010 5568 2120 5629 huc
2143 5571 2384 5626 invecta:
2419 5569 2604 5624 Gratia
2632 5568 2681 5622 et
2702 5571 3152 5632 miserationibus,
3183 5581 3231 5622 et
3265 5568 3596 5622 humanitate

2012 5642 2228 5696 Domini
2261 5642 2430 5693 nostri
2454 5640 2584 5693 Jesu
2625 5640 2848 5704 Christi,
2877 5656 3101 5711 quocum
3141 5639 3335 5711 Patri,
3384 5655 3503 5691 cum
3530 5636 3588 5691 S.

2011 5711 2218 5783 Spiritu
2246 5711 2439 5782 gloria,
2502 5715 2760 5783 potentia,
2790 5709 2957 5783 honor
2989 5721 3053 5783 et_
3081 5709 3326 5783 adoratio
3375 5725 3512 5783 nunc
3542 5717 3593 5760 et

2010 5779 2208 5848 semper
2250 5779 2319 5832 ἰη
2377 5780 2576 5833 θανεαιιι
2635 5781 2969 5836 saeculorum.
3024 5780 3267 5835 Priorem
3301 5779 3593 5835 formulam

2012 5852 2235 5908 exhibet
2264 5849 2490 5905 Latinus
2524 5850 2811 5920 interples.
