  <div class='ocr_page' id='page_1' title='image "/cluster/home/n/w/nwhite01/storage/ocr_20150623/10/coo.31924054872894/297.png"; bbox 0 0 4128 6386; ppageno 0'>
   <div class='ocr_carea' id='block_1_1' title="bbox 517 386 612 440">
    <p class='ocr_par' dir='ltr' id='par_1_1' title="bbox 517 386 612 440">
     <span class='ocr_line' id='line_1_1' title="bbox 517 386 612 440; baseline -0.011 -1"><span class='ocrx_word' id='word_1_1' title='bbox 517 386 612 440; x_wconf 77' lang='grc'><strong>571</strong></span> 
     </span>
    </p>
   </div>
   <div class='ocr_carea' id='block_1_2' title="bbox 1738 369 2529 431">
    <p class='ocr_par' dir='ltr' id='par_1_2' title="bbox 1738 369 2529 431">
     <span class='ocr_line' id='line_1_2' title="bbox 1738 369 2529 431; baseline -0.006 0"><span class='ocrx_word' id='word_1_2' title='bbox 1738 371 2156 431; x_wconf 80' lang='lat' dir='ltr'><strong>TESTIMONIA</strong></span> <span class='ocrx_word' id='word_1_3' title='bbox 2193 369 2529 428; x_wconf 72' lang='lat' dir='ltr'><strong>VETERUM</strong></span> 
     </span>
    </p>
   </div>
   <div class='ocr_carea' id='block_1_3' title="bbox 3647 367 3756 421">
    <p class='ocr_par' dir='ltr' id='par_1_3' title="bbox 3647 367 3756 421">
     <span class='ocr_line' id='line_1_3' title="bbox 3647 367 3756 421; baseline -0.009 0"><span class='ocrx_word' id='word_1_4' title='bbox 3647 367 3712 421; x_wconf 77' lang='lat'><strong>57</strong></span> <span class='ocrx_word' id='word_1_5' title='bbox 3725 368 3756 420; x_wconf 79' lang='grc' dir='ltr'><strong>ι</strong></span> 
     </span>
    </p>
   </div>
   <div class='ocr_carea' id='block_1_4' title="bbox 515 479 2073 574">
    <p class='ocr_par' dir='ltr' id='par_1_4' title="bbox 515 489 2070 574">
     <span class='ocr_line' id='line_1_4' title="bbox 515 489 2070 574; baseline -0.008 -17"><span class='ocrx_word' id='word_1_6' title='bbox 515 504 658 574; x_wconf 71' lang='lat' dir='ltr'><strong>genii</strong></span> <span class='ocrx_word' id='word_1_7' title='bbox 683 507 1033 556; x_wconf 89' lang='lat' dir='ltr'><strong>monumenta</strong></span> <span class='ocrx_word' id='word_1_8' title='bbox 1055 494 1356 564; x_wconf 75' lang='lat' dir='ltr'><strong>dereliquit.</strong></span> <span class='ocrx_word' id='word_1_9' title='bbox 1392 491 1654 547; x_wconf 74' lang='lat' dir='ltr'><strong>Similiter</strong></span> <span class='ocrx_word' id='word_1_10' title='bbox 1673 500 1728 546; x_wconf 92' lang='lat' dir='ltr'><strong>et</strong></span> <span class='ocrx_word' id='word_1_11' title='bbox 1751 489 2070 562; x_wconf 79' lang='lat' dir='ltr'><strong>Hippolytus</strong></span> 
     </span>
    </p>
   </div>
   <div class='ocr_carea' id='block_1_5' title="bbox 2177 479 3757 574">
    <p class='ocr_par' dir='ltr' id='par_1_5' title="bbox 2194 479 3757 558">
     <span class='ocr_line' id='line_1_5' title="bbox 2194 479 3757 558; baseline -0.006 -18"><span class='ocrx_word' id='word_1_12' title='bbox 2194 480 2349 551; x_wconf 74' lang='grc' dir='ltr'>οὗτος</span> <span class='ocrx_word' id='word_1_13' title='bbox 2389 482 2458 558; x_wconf 81' lang='grc' dir='ltr'>ἦν</span> <span class='ocrx_word' id='word_1_14' title='bbox 2501 485 2609 540; x_wconf 88' lang='grc' dir='ltr'><strong>τῶν</strong></span> <span class='ocrx_word' id='word_1_15' title='bbox 2643 485 2781 540; x_wconf 77' lang='grc' dir='ltr'>κατὰ</span> <span class='ocrx_word' id='word_1_16' title='bbox 2815 484 3057 556; x_wconf 85' lang='grc' dir='ltr'>Βόστραν</span> <span class='ocrx_word' id='word_1_17' title='bbox 3100 481 3362 553; x_wconf 76' lang='grc' dir='ltr'>Ἀράϐων.</span> <span class='ocrx_word' id='word_1_18' title='bbox 3397 479 3672 542; x_wconf 79' lang='grc' dir='ltr'><strong>Ὡσαύτως</strong></span> <span class='ocrx_word' id='word_1_19' title='bbox 3697 479 3757 532; x_wconf 66' lang='grc' dir='ltr'><strong>δὲ</strong></span> 
     </span>
    </p>
   </div>
   <div class='ocr_carea' id='block_1_6' title="bbox 514 583 1681 661">
    <p class='ocr_par' dir='ltr' id='par_1_6' title="bbox 514 583 1681 661">
     <span class='ocr_line' id='line_1_6' title="bbox 514 583 1681 661; baseline -0.01 -11"><span class='ocrx_word' id='word_1_20' title='bbox 514 595 743 650; x_wconf 83' lang='lat' dir='ltr'><strong>alterius</strong></span> <span class='ocrx_word' id='word_1_21' title='bbox 769 591 1051 661; x_wconf 85' lang='lat' dir='ltr'><strong>cujusdam</strong></span> <span class='ocrx_word' id='word_1_22' title='bbox 1088 585 1346 642; x_wconf 68' lang='lat' dir='ltr'><strong>Ecclesia:</strong></span> <span class='ocrx_word' id='word_1_23' title='bbox 1369 583 1681 655; x_wconf 90' lang='lat' dir='ltr'><strong>episcopus.</strong></span> 
     </span>
    </p>
   </div>
   <div class='ocr_carea' id='block_1_7' title="bbox 2189 570 3761 648">
    <p class='ocr_par' dir='ltr' id='par_1_7' title="bbox 2189 570 3761 648">
     <span class='ocr_line' id='line_1_7' title="bbox 2189 570 3761 648; baseline -0.006 -16"><span class='ocrx_word' id='word_1_24' title='bbox 2189 579 2285 632; x_wconf 75' lang='grc' dir='ltr'>καὶ</span> <span class='ocrx_word' id='word_1_25' title='bbox 2324 577 2658 644; x_wconf 87' lang='grc' dir='ltr'>Ἱππόλυτος,</span> <span class='ocrx_word' id='word_1_26' title='bbox 2689 577 2880 648; x_wconf 87' lang='grc' dir='ltr'>ἐτέρας</span> <span class='ocrx_word' id='word_1_27' title='bbox 2927 593 3032 630; x_wconf 89' lang='grc' dir='ltr'><strong>που</strong></span> <span class='ocrx_word' id='word_1_28' title='bbox 3064 574 3137 646; x_wconf 76' lang='grc'><strong>(1)</strong></span> <span class='ocrx_word' id='word_1_29' title='bbox 3168 573 3264 628; x_wconf 66' lang='grc' dir='ltr'><strong>καὶ</strong></span> <span class='ocrx_word' id='word_1_30' title='bbox 3285 571 3445 637; x_wconf 75' lang='grc' dir='ltr'>αὐτὸς</span> <span class='ocrx_word' id='word_1_31' title='bbox 3475 570 3761 644; x_wconf 83' lang='grc' dir='ltr'>προεστὼς</span> 
     </span>
    </p>
   </div>
   <div class='ocr_carea' id='block_1_8' title="bbox 2201 669 2544 742">
    <p class='ocr_par' dir='ltr' id='par_1_8' title="bbox 2201 669 2544 742">
     <span class='ocr_line' id='line_1_8' title="bbox 2201 669 2544 742; baseline -0.003 -18"><span class='ocrx_word' id='word_1_32' title='bbox 2201 669 2544 742; x_wconf 83' lang='grc' dir='ltr'>Ἐκκλησίας.</span> 
     </span>
    </p>
   </div>
   <div class='ocr_carea' id='block_1_9' title="bbox 1732 801 2564 879">
    <p class='ocr_par' dir='ltr' id='par_1_9' title="bbox 1732 801 2564 879">
     <span class='ocr_line' id='line_1_9' title="bbox 1732 801 2564 879; baseline 0.01 -24"><span class='ocrx_word' id='word_1_33' title='bbox 1732 801 1882 857; x_wconf 80' lang='lat' dir='ltr'><strong>Idem</strong></span> <span class='ocrx_word' id='word_1_34' title='bbox 1904 804 2059 869; x_wconf 80' lang='lat' dir='ltr'><strong>ibid.,</strong></span> <span class='ocrx_word' id='word_1_35' title='bbox 2099 807 2193 862; x_wconf 80' lang='lat' dir='ltr'><strong>lib.</strong></span> <span class='ocrx_word' id='word_1_36' title='bbox 2226 825 2300 874; x_wconf 81' lang='grc' dir='ltr'>γι,</span> <span class='ocrx_word' id='word_1_37' title='bbox 2332 826 2449 879; x_wconf 86' lang='lat' dir='ltr'><strong>cap.</strong></span> <span class='ocrx_word' id='word_1_38' title='bbox 2473 809 2564 863; x_wconf 76' lang='lat'><strong>‘22.</strong></span> 
     </span>
    </p>
   </div>
   <div class='ocr_carea' id='block_1_10' title="bbox 586 895 2084 972">
    <p class='ocr_par' dir='ltr' id='par_1_10' title="bbox 586 895 2084 972">
     <span class='ocr_line' id='line_1_10' title="bbox 586 895 2084 972; baseline -0.003 -13"><span class='ocrx_word' id='word_1_39' title='bbox 586 903 784 959; x_wconf 87' lang='lat' dir='ltr'><strong>Eodem</strong></span> <span class='ocrx_word' id='word_1_40' title='bbox 817 911 1060 972; x_wconf 89' lang='lat' dir='ltr'><strong>tempore</strong></span> <span class='ocrx_word' id='word_1_41' title='bbox 1087 908 1141 954; x_wconf 87' lang='lat' dir='ltr'><strong>et</strong></span> <span class='ocrx_word' id='word_1_42' title='bbox 1178 899 1498 970; x_wconf 79' lang='lat' dir='ltr'><strong>Hippolytus</strong></span> <span class='ocrx_word' id='word_1_43' title='bbox 1540 895 1683 952; x_wconf 91' lang='lat' dir='ltr'><strong>inter</strong></span> <span class='ocrx_word' id='word_1_44' title='bbox 1711 898 1942 966; x_wconf 90' lang='lat' dir='ltr'><strong>plurima</strong></span> <span class='ocrx_word' id='word_1_45' title='bbox 1978 901 2084 955; x_wconf 84' lang='lat' dir='ltr'><strong>alia</strong></span> 
     </span>
    </p>
   </div>
   <div class='ocr_carea' id='block_1_11' title="bbox 511 988 2087 1066">
    <p class='ocr_par' dir='ltr' id='par_1_11' title="bbox 511 988 2087 1066">
     <span class='ocr_line' id='line_1_11' title="bbox 511 988 2087 1066; baseline -0.001 -16"><span class='ocrx_word' id='word_1_46' title='bbox 511 996 711 1066; x_wconf 82' lang='lat' dir='ltr'><strong>ingenii</strong></span> <span class='ocrx_word' id='word_1_47' title='bbox 753 993 837 1049; x_wconf 86' lang='lat' dir='ltr'><strong>sui</strong></span> <span class='ocrx_word' id='word_1_48' title='bbox 878 998 1250 1057; x_wconf 86' lang='lat' dir='ltr'><strong>monumenta,</strong></span> <span class='ocrx_word' id='word_1_49' title='bbox 1288 990 1589 1044; x_wconf 70' lang='lat' dir='ltr'><strong>librumtde</strong></span> <span class='ocrx_word' id='word_1_50' title='bbox 1622 988 1830 1044; x_wconf 84' lang='lat' dir='ltr'><strong>Pascha</strong></span> <span class='ocrx_word' id='word_1_51' title='bbox 1865 1006 2087 1063; x_wconf 91' lang='lat' dir='ltr'><strong>compo-</strong></span> 
     </span>
    </p>
   </div>
   <div class='ocr_carea' id='block_1_12' title="bbox 510 1081 2086 1155">
    <p class='ocr_par' dir='ltr' id='par_1_12' title="bbox 510 1081 2086 1155">
     <span class='ocr_line' id='line_1_12' title="bbox 510 1081 2086 1155; baseline -0.004 -11"><span class='ocrx_word' id='word_1_52' title='bbox 510 1089 660 1144; x_wconf 88' lang='lat' dir='ltr'><strong>suit:</strong></span> <span class='ocrx_word' id='word_1_53' title='bbox 689 1087 744 1141; x_wconf 92' lang='lat' dir='ltr'><strong>in</strong></span> <span class='ocrx_word' id='word_1_54' title='bbox 783 1101 894 1155; x_wconf 92' lang='lat' dir='ltr'><strong>quo</strong></span> <span class='ocrx_word' id='word_1_55' title='bbox 940 1092 1248 1152; x_wconf 87' lang='lat' dir='ltr'><strong>temporum</strong></span> <span class='ocrx_word' id='word_1_56' title='bbox 1280 1083 1476 1138; x_wconf 88' lang='lat' dir='ltr'><strong>seriem</strong></span> <span class='ocrx_word' id='word_1_57' title='bbox 1521 1081 1863 1144; x_wconf 88' lang='lat' dir='ltr'><strong>describens,</strong></span> <span class='ocrx_word' id='word_1_58' title='bbox 1903 1091 1957 1136; x_wconf 88' lang='lat' dir='ltr'><strong>et</strong></span> <span class='ocrx_word' id='word_1_59' title='bbox 1993 1098 2086 1138; x_wconf 88' lang='lat' dir='ltr'><strong>ca-</strong></span> 
     </span>
    </p>
   </div>
   <div class='ocr_carea' id='block_1_13' title="bbox 507 1175 2082 1249">
    <p class='ocr_par' dir='ltr' id='par_1_13' title="bbox 507 1175 2082 1249">
     <span class='ocr_line' id='line_1_13' title="bbox 507 1175 2082 1249; baseline -0.003 -14"><span class='ocrx_word' id='word_1_60' title='bbox 507 1196 710 1235; x_wconf 89' lang='lat' dir='ltr'><strong>nonem</strong></span> <span class='ocrx_word' id='word_1_61' title='bbox 743 1177 1034 1249; x_wconf 84' lang='lat' dir='ltr'><strong>quemdam</strong></span> <span class='ocrx_word' id='word_1_62' title='bbox 1059 1175 1371 1245; x_wconf 88' lang='lat' dir='ltr'><strong>paschalem</strong></span> <span class='ocrx_word' id='word_1_63' title='bbox 1401 1190 1497 1244; x_wconf 90' lang='lat' dir='ltr'><strong>per</strong></span> <span class='ocrx_word' id='word_1_64' title='bbox 1517 1175 1788 1230; x_wconf 84' lang='lat' dir='ltr'><strong>sexdecim</strong></span> <span class='ocrx_word' id='word_1_65' title='bbox 1813 1189 2082 1230; x_wconf 87' lang='lat' dir='ltr'><strong>annorum</strong></span> 
     </span>
    </p>
   </div>
   <div class='ocr_carea' id='block_1_14' title="bbox 507 1266 2085 1338">
    <p class='ocr_par' dir='ltr' id='par_1_14' title="bbox 507 1266 2085 1338">
     <span class='ocr_line' id='line_1_14' title="bbox 507 1266 2085 1338; baseline -0.004 -11"><span class='ocrx_word' id='word_1_66' title='bbox 507 1273 771 1328; x_wconf 88' lang='lat' dir='ltr'><strong>circulum</strong></span> <span class='ocrx_word' id='word_1_67' title='bbox 802 1271 1086 1334; x_wconf 80' lang='lat' dir='ltr'><strong>exhibens,</strong></span> <span class='ocrx_word' id='word_1_68' title='bbox 1109 1283 1252 1322; x_wconf 89' lang='lat' dir='ltr'><strong>anno</strong></span> <span class='ocrx_word' id='word_1_69' title='bbox 1273 1267 1452 1338; x_wconf 91' lang='lat' dir='ltr'><strong>primo</strong></span> <span class='ocrx_word' id='word_1_70' title='bbox 1478 1268 1824 1336; x_wconf 73' lang='lat' dir='ltr'><strong>imperatoris</strong></span> <span class='ocrx_word' id='word_1_71' title='bbox 1850 1266 2085 1322; x_wconf 75' lang='lat' dir='ltr'><strong>Alexan-</strong></span> 
     </span>
    </p>
   </div>
   <div class='ocr_carea' id='block_1_15' title="bbox 505 1357 2080 1433">
    <p class='ocr_par' dir='ltr' id='par_1_15' title="bbox 505 1357 2080 1433">
     <span class='ocr_line' id='line_1_15' title="bbox 505 1357 2080 1433; baseline -0.003 -15"><span class='ocrx_word' id='word_1_72' title='bbox 505 1365 590 1418; x_wconf 89' lang='lat' dir='ltr'><strong>dri</strong></span> <span class='ocrx_word' id='word_1_73' title='bbox 653 1361 1112 1433; x_wconf 85' lang='lat' dir='ltr'><strong>computationem</strong></span> <span class='ocrx_word' id='word_1_74' title='bbox 1166 1367 1474 1428; x_wconf 86' lang='lat' dir='ltr'><strong>temporum</strong></span> <span class='ocrx_word' id='word_1_75' title='bbox 1525 1358 1945 1413; x_wconf 86' lang='lat' dir='ltr'><strong>circumscribit.</strong></span> <span class='ocrx_word' id='word_1_76' title='bbox 2001 1357 2080 1414; x_wconf 91' lang='lat' dir='ltr'><strong>Ex</strong></span> 
     </span>
    </p>
   </div>
   <div class='ocr_carea' id='block_1_16' title="bbox 503 1448 2082 1524">
    <p class='ocr_par' dir='ltr' id='par_1_16' title="bbox 503 1448 2082 1524">
     <span class='ocr_line' id='line_1_16' title="bbox 503 1448 2082 1524; baseline -0.003 -15"><span class='ocrx_word' id='word_1_77' title='bbox 503 1454 731 1524; x_wconf 88' lang='lat' dir='ltr'><strong>reliquis</strong></span> <span class='ocrx_word' id='word_1_78' title='bbox 781 1461 961 1506; x_wconf 90' lang='lat' dir='ltr'><strong>autem</strong></span> <span class='ocrx_word' id='word_1_79' title='bbox 1021 1451 1166 1506; x_wconf 88' lang='lat' dir='ltr'><strong>illius</strong></span> <span class='ocrx_word' id='word_1_80' title='bbox 1210 1450 1429 1518; x_wconf 87' lang='lat' dir='ltr'><strong>scriptis</strong></span> <span class='ocrx_word' id='word_1_81' title='bbox 1484 1448 1600 1504; x_wconf 68' lang='lat' dir='ltr'><strong>haec</strong></span> <span class='ocrx_word' id='word_1_82' title='bbox 1643 1457 1790 1515; x_wconf 88' lang='lat' dir='ltr'><strong>sunt,</strong></span> <span class='ocrx_word' id='word_1_83' title='bbox 1839 1465 1961 1519; x_wconf 72' lang='lat' dir='ltr'><strong>qua:</strong></span> <span class='ocrx_word' id='word_1_84' title='bbox 2013 1449 2082 1504; x_wconf 81' lang='lat' dir='ltr'><strong>ad</strong></span> 
     </span>
    </p>
   </div>
   <div class='ocr_carea' id='block_1_17' title="bbox 504 1540 2082 1612">
    <p class='ocr_par' dir='ltr' id='par_1_17' title="bbox 504 1540 2082 1612">
     <span class='ocr_line' id='line_1_17' title="bbox 504 1540 2082 1612; baseline -0.005 -10"><span class='ocrx_word' id='word_1_85' title='bbox 504 1546 755 1602; x_wconf 85' lang='lat' dir='ltr'><strong>notitiam</strong></span> <span class='ocrx_word' id='word_1_86' title='bbox 809 1552 1052 1599; x_wconf 87' lang='lat' dir='ltr'><strong>nostram</strong></span> <span class='ocrx_word' id='word_1_87' title='bbox 1098 1549 1458 1612; x_wconf 87' lang='lat' dir='ltr'><strong>pervenerunt</strong></span> <span class='ocrx_word' id='word_1_88' title='bbox 1493 1559 1507 1596; x_wconf 91' lang='lat'><strong>:</strong></span> <span class='ocrx_word' id='word_1_89' title='bbox 1547 1543 1608 1595; x_wconf 83' lang='lat' dir='ltr'><strong>In</strong></span> <span class='ocrx_word' id='word_1_90' title='bbox 1647 1555 1786 1610; x_wconf 82' lang='lat' dir='ltr'><strong>Opus</strong></span> <span class='ocrx_word' id='word_1_91' title='bbox 1831 1557 1926 1596; x_wconf 92' lang='lat' dir='ltr'><strong>sex</strong></span> <span class='ocrx_word' id='word_1_92' title='bbox 1966 1540 2082 1595; x_wconf 82' lang='lat' dir='ltr'><strong>die-</strong></span> 
     </span>
    </p>
   </div>
   <div class='ocr_carea' id='block_1_18' title="bbox 503 1631 2081 1703">
    <p class='ocr_par' dir='ltr' id='par_1_18' title="bbox 503 1631 2081 1703">
     <span class='ocr_line' id='line_1_18' title="bbox 503 1631 2081 1703; baseline -0.004 -12"><span class='ocrx_word' id='word_1_93' title='bbox 503 1653 658 1703; x_wconf 86' lang='lat' dir='ltr'><strong>rum;</strong></span> <span class='ocrx_word' id='word_1_94' title='bbox 713 1635 769 1689; x_wconf 88' lang='lat' dir='ltr'><strong>in</strong></span> <span class='ocrx_word' id='word_1_95' title='bbox 813 1649 876 1688; x_wconf 87' lang='lat' dir='ltr'><strong>ea</strong></span> <span class='ocrx_word' id='word_1_96' title='bbox 919 1648 1044 1703; x_wconf 61' lang='lat' dir='ltr'><strong>quas</strong></span> <span class='ocrx_word' id='word_1_97' title='bbox 1090 1641 1213 1702; x_wconf 90' lang='lat' dir='ltr'><strong>post</strong></span> <span class='ocrx_word' id='word_1_98' title='bbox 1256 1647 1351 1686; x_wconf 88' lang='lat' dir='ltr'><strong>sex</strong></span> <span class='ocrx_word' id='word_1_99' title='bbox 1403 1631 1520 1686; x_wconf 84' lang='lat' dir='ltr'><strong>dies</strong></span> <span class='ocrx_word' id='word_1_100' title='bbox 1577 1639 1868 1686; x_wconf 84' lang='lat' dir='ltr'><strong>consecuta</strong></span> <span class='ocrx_word' id='word_1_101' title='bbox 1920 1639 2081 1699; x_wconf 85' lang='lat' dir='ltr'><strong>sunt;</strong></span> 
     </span>
    </p>
   </div>
   <div class='ocr_carea' id='block_1_19' title="bbox 504 1720 2082 1787">
    <p class='ocr_par' dir='ltr' id='par_1_19' title="bbox 504 1720 2082 1787">
     <span class='ocr_line' id='line_1_19' title="bbox 504 1720 2082 1787; baseline -0.005 -5"><span class='ocrx_word' id='word_1_102' title='bbox 504 1728 767 1782; x_wconf 84' lang='lat' dir='ltr'><strong>adversus</strong></span> <span class='ocrx_word' id='word_1_103' title='bbox 803 1724 1172 1787; x_wconf 82' lang='lat' dir='ltr'><strong>Marcionem;</strong></span> <span class='ocrx_word' id='word_1_104' title='bbox 1209 1721 1263 1774; x_wconf 91' lang='lat' dir='ltr'><strong>in</strong></span> <span class='ocrx_word' id='word_1_105' title='bbox 1308 1720 1593 1775; x_wconf 83' lang='lat' dir='ltr'><strong>Canticum</strong></span> <span class='ocrx_word' id='word_1_106' title='bbox 1625 1721 1996 1785; x_wconf 85' lang='lat' dir='ltr'><strong>canticorum;</strong></span> <span class='ocrx_word' id='word_1_107' title='bbox 2027 1721 2082 1775; x_wconf 92' lang='lat' dir='ltr'><strong>in</strong></span> 
     </span>
    </p>
   </div>
   <div class='ocr_carea' id='block_1_20' title="bbox 503 1810 2082 1886">
    <p class='ocr_par' dir='ltr' id='par_1_20' title="bbox 503 1810 2082 1886">
     <span class='ocr_line' id='line_1_20' title="bbox 503 1810 2082 1886; baseline -0.003 -14"><span class='ocrx_word' id='word_1_108' title='bbox 503 1818 680 1886; x_wconf 89' lang='lat' dir='ltr'><strong>capita</strong></span> <span class='ocrx_word' id='word_1_109' title='bbox 732 1815 978 1885; x_wconf 68' lang='lat' dir='ltr'><strong>quaedam</strong></span> <span class='ocrx_word' id='word_1_110' title='bbox 1033 1810 1366 1876; x_wconf 81' lang='lat' dir='ltr'><strong>Ezechielis;</strong></span> <span class='ocrx_word' id='word_1_111' title='bbox 1409 1811 1477 1865; x_wconf 89' lang='lat' dir='ltr'><strong>de</strong></span> <span class='ocrx_word' id='word_1_112' title='bbox 1531 1810 1768 1878; x_wconf 85' lang='lat' dir='ltr'><strong>Pascha;</strong></span> <span class='ocrx_word' id='word_1_113' title='bbox 1819 1811 2082 1867; x_wconf 86' lang='lat' dir='ltr'><strong>adversus</strong></span> 
     </span>
    </p>
   </div>
   <div class='ocr_carea' id='block_1_21' title="bbox 503 1901 2081 1973">
    <p class='ocr_par' dir='ltr' id='par_1_21' title="bbox 503 1901 2081 1973">
     <span class='ocr_line' id='line_1_21' title="bbox 503 1901 2081 1973; baseline -0.002 -12"><span class='ocrx_word' id='word_1_114' title='bbox 503 1923 694 1962; x_wconf 89' lang='lat' dir='ltr'><strong>omnes</strong></span> <span class='ocrx_word' id='word_1_115' title='bbox 735 1907 988 1960; x_wconf 59' lang='lat' dir='ltr'><strong>haereses.</strong></span> <span class='ocrx_word' id='word_1_116' title='bbox 1054 1901 1160 1957; x_wconf 89' lang='lat' dir='ltr'><strong>Sed</strong></span> <span class='ocrx_word' id='word_1_117' title='bbox 1209 1914 1262 1956; x_wconf 91' lang='lat' dir='ltr'><strong>et</strong></span> <span class='ocrx_word' id='word_1_118' title='bbox 1305 1901 1409 1956; x_wconf 86' lang='lat' dir='ltr'><strong>alia</strong></span> <span class='ocrx_word' id='word_1_119' title='bbox 1465 1902 1702 1972; x_wconf 87' lang='lat' dir='ltr'><strong>plurima</strong></span> <span class='ocrx_word' id='word_1_120' title='bbox 1750 1903 1894 1973; x_wconf 89' lang='lat' dir='ltr'><strong>apud</strong></span> <span class='ocrx_word' id='word_1_121' title='bbox 1939 1903 2081 1959; x_wconf 87' lang='lat' dir='ltr'><strong>alios</strong></span> 
     </span>
    </p>
   </div>
   <div class='ocr_carea' id='block_1_22' title="bbox 502 1993 1290 2064">
    <p class='ocr_par' dir='ltr' id='par_1_22' title="bbox 502 1993 1290 2064">
     <span class='ocr_line' id='line_1_22' title="bbox 502 1993 1290 2064; baseline -0.009 -12"><span class='ocrx_word' id='word_1_122' title='bbox 502 2008 775 2054; x_wconf 80' lang='lat' dir='ltr'><strong>asservata</strong></span> <span class='ocrx_word' id='word_1_123' title='bbox 803 1997 931 2052; x_wconf 91' lang='lat' dir='ltr'><strong>licet</strong></span> <span class='ocrx_word' id='word_1_124' title='bbox 961 1995 1202 2064; x_wconf 90' lang='lat' dir='ltr'><strong>reperire</strong></span> <span class='ocrx_word' id='word_1_125' title='bbox 1231 1993 1290 2064; x_wconf 75' lang='lat' dir='ltr'><strong>-j-.</strong></span> 
     </span>
    </p>
   </div>
   <div class='ocr_carea' id='block_1_23' title="bbox 2263 897 3760 974">
    <p class='ocr_par' dir='ltr' id='par_1_23' title="bbox 2263 897 3760 974">
     <span class='ocr_line' id='line_1_23' title="bbox 2263 897 3760 974; baseline -0.005 -18"><span class='ocrx_word' id='word_1_126' title='bbox 2263 905 2396 957; x_wconf 87' lang='grc' dir='ltr'><strong>Τότε</strong></span> <span class='ocrx_word' id='word_1_127' title='bbox 2424 904 2558 974; x_wconf 86' lang='grc' dir='ltr'>δῆτα</span> <span class='ocrx_word' id='word_1_128' title='bbox 2589 904 2684 957; x_wconf 78' lang='grc' dir='ltr'>καὶ</span> <span class='ocrx_word' id='word_1_129' title='bbox 2726 902 3040 966; x_wconf 81' lang='grc' dir='ltr'><strong>Ἱππόλυτος</strong></span> <span class='ocrx_word' id='word_1_130' title='bbox 3093 901 3402 956; x_wconf 81' lang='grc' dir='ltr'><strong>συντάττων</strong></span> <span class='ocrx_word' id='word_1_131' title='bbox 3445 898 3582 971; x_wconf 85' lang='grc' dir='ltr'>μετὰ</span> <span class='ocrx_word' id='word_1_132' title='bbox 3603 897 3760 950; x_wconf 87' lang='grc' dir='ltr'>πλεί-</span> 
     </span>
    </p>
   </div>
   <div class='ocr_carea' id='block_1_24' title="bbox 2191 991 3763 1067">
    <p class='ocr_par' dir='ltr' id='par_1_24' title="bbox 2191 991 3763 1067">
     <span class='ocr_line' id='line_1_24' title="bbox 2191 991 3763 1067; baseline -0.004 -18"><span class='ocrx_word' id='word_1_133' title='bbox 2191 1012 2330 1050; x_wconf 88' lang='grc' dir='ltr'>στων</span> <span class='ocrx_word' id='word_1_134' title='bbox 2374 996 2546 1051; x_wconf 82' lang='grc' dir='ltr'>ἄλλων</span> <span class='ocrx_word' id='word_1_135' title='bbox 2607 997 3014 1067; x_wconf 83' lang='grc' dir='ltr'>ὑπομνημάτων</span> <span class='ocrx_word' id='word_1_136' title='bbox 3033 1035 3049 1059; x_wconf 94' lang='grc'><strong>,</strong></span> <span class='ocrx_word' id='word_1_137' title='bbox 3077 994 3171 1048; x_wconf 76' lang='grc' dir='ltr'>καὶ</span> <span class='ocrx_word' id='word_1_138' title='bbox 3199 993 3261 1046; x_wconf 88' lang='grc' dir='ltr'>τὸ</span> <span class='ocrx_word' id='word_1_139' title='bbox 3286 992 3415 1064; x_wconf 72' lang='grc' dir='ltr'>περὶ</span> <span class='ocrx_word' id='word_1_140' title='bbox 3447 991 3542 1044; x_wconf 89' lang='grc' dir='ltr'><strong>τοῦ</strong></span> <span class='ocrx_word' id='word_1_141' title='bbox 3563 991 3763 1060; x_wconf 86' lang='grc' dir='ltr'>Πάσχα</span> 
     </span>
    </p>
   </div>
   <div class='ocr_carea' id='block_1_25' title="bbox 2188 1079 3760 1159">
    <p class='ocr_par' dir='ltr' id='par_1_25' title="bbox 2188 1079 3760 1159">
     <span class='ocr_line' id='line_1_25' title="bbox 2188 1079 3760 1159; baseline -0.005 -17"><span class='ocrx_word' id='word_1_142' title='bbox 2188 1086 2478 1157; x_wconf 89' lang='grc' dir='ltr'>πεποίηται</span> <span class='ocrx_word' id='word_1_143' title='bbox 2513 1085 2875 1159; x_wconf 83' lang='grc' dir='ltr'>σύγγραμμα·</span> <span class='ocrx_word' id='word_1_144' title='bbox 2911 1088 2969 1140; x_wconf 88' lang='grc' dir='ltr'><strong>ἐν</strong></span> <span class='ocrx_word' id='word_1_145' title='bbox 2994 1079 3038 1154; x_wconf 83' lang='grc' dir='ltr'>ᾧ</span> <span class='ocrx_word' id='word_1_146' title='bbox 3069 1084 3178 1138; x_wconf 85' lang='grc' dir='ltr'><strong>τῶν</strong></span> <span class='ocrx_word' id='word_1_147' title='bbox 3207 1085 3411 1156; x_wconf 85' lang='grc' dir='ltr'><strong>χρόνων</strong></span> <span class='ocrx_word' id='word_1_148' title='bbox 3437 1082 3760 1154; x_wconf 84' lang='grc' dir='ltr'>ἀναγραφὴν</span> 
     </span>
    </p>
   </div>
   <div class='ocr_carea' id='block_1_26' title="bbox 2187 1173 3759 1248">
    <p class='ocr_par' dir='ltr' id='par_1_26' title="bbox 2187 1173 3759 1248">
     <span class='ocr_line' id='line_1_26' title="bbox 2187 1173 3759 1248; baseline -0.003 -18"><span class='ocrx_word' id='word_1_149' title='bbox 2187 1178 2498 1248; x_wconf 83' lang='grc' dir='ltr'>ἐκθέμενος,</span> <span class='ocrx_word' id='word_1_150' title='bbox 2538 1178 2632 1231; x_wconf 89' lang='grc' dir='ltr'><strong>καί</strong></span> <span class='ocrx_word' id='word_1_151' title='bbox 2664 1195 2786 1234; x_wconf 88' lang='grc' dir='ltr'>τινα</span> <span class='ocrx_word' id='word_1_152' title='bbox 2816 1177 3016 1231; x_wconf 81' lang='grc' dir='ltr'>κανόνα</span> <span class='ocrx_word' id='word_1_153' title='bbox 3049 1174 3584 1247; x_wconf 86' lang='grc' dir='ltr'>ἐκκαιδεκαετηρίδος</span> <span class='ocrx_word' id='word_1_154' title='bbox 3623 1173 3759 1244; x_wconf 75' lang='grc' dir='ltr'>περὶ</span> 
     </span>
    </p>
   </div>
   <div class='ocr_carea' id='block_1_27' title="bbox 2187 1268 3760 1344">
    <p class='ocr_par' dir='ltr' id='par_1_27' title="bbox 2187 1268 3760 1344">
     <span class='ocr_line' id='line_1_27' title="bbox 2187 1268 3760 1344; baseline -0.003 -20"><span class='ocrx_word' id='word_1_155' title='bbox 2187 1269 2282 1325; x_wconf 87' lang='grc' dir='ltr'><strong>τοῦ</strong></span> <span class='ocrx_word' id='word_1_156' title='bbox 2316 1272 2508 1342; x_wconf 83' lang='grc' dir='ltr'><strong>Πάσχα</strong></span> <span class='ocrx_word' id='word_1_157' title='bbox 2541 1272 2617 1343; x_wconf 78' lang='grc'><strong>(2)</strong></span> <span class='ocrx_word' id='word_1_158' title='bbox 2656 1272 2877 1344; x_wconf 77' lang='grc' dir='ltr'>προθεὶς</span> <span class='ocrx_word' id='word_1_159' title='bbox 2913 1271 3004 1324; x_wconf 76' lang='grc' dir='ltr'>ἐπὶ</span> <span class='ocrx_word' id='word_1_160' title='bbox 3039 1272 3100 1324; x_wconf 79' lang='grc' dir='ltr'>τὸ</span> <span class='ocrx_word' id='word_1_161' title='bbox 3145 1269 3361 1340; x_wconf 89' lang='grc' dir='ltr'>πρῶτον</span> <span class='ocrx_word' id='word_1_162' title='bbox 3405 1268 3524 1334; x_wconf 75' lang='grc' dir='ltr'>ἔτος</span> <span class='ocrx_word' id='word_1_163' title='bbox 3557 1285 3760 1320; x_wconf 85' lang='grc' dir='ltr'>παντο-</span> 
     </span>
    </p>
   </div>
   <div class='ocr_carea' id='block_1_28' title="bbox 2185 1347 3786 1437">
    <p class='ocr_par' dir='ltr' id='par_1_28' title="bbox 2185 1347 3786 1437">
     <span class='ocr_line' id='line_1_28' title="bbox 2185 1347 3786 1437; baseline -0.002 -19"><span class='ocrx_word' id='word_1_164' title='bbox 2185 1366 2449 1436; x_wconf 88' lang='grc' dir='ltr'>κράτορος</span> <span class='ocrx_word' id='word_1_165' title='bbox 2483 1364 2828 1437; x_wconf 76' lang='grc' dir='ltr'><strong>Ἀλεξάνδρου</strong></span> <span class='ocrx_word' id='word_1_166' title='bbox 2851 1367 2978 1429; x_wconf 85' lang='grc' dir='ltr'>τοὺς</span> <span class='ocrx_word' id='word_1_167' title='bbox 3010 1364 3232 1437; x_wconf 88' lang='grc' dir='ltr'>χρόνους</span> <span class='ocrx_word' id='word_1_168' title='bbox 3259 1363 3604 1436; x_wconf 79' lang='grc' dir='ltr'><strong>περιγράφει.</strong></span> <span class='ocrx_word' id='word_1_169' title='bbox 3631 1347 3786 1415; x_wconf 65' lang='grc' dir='ltr'>Τῶν¹</span> 
     </span>
    </p>
   </div>
   <div class='ocr_carea' id='block_1_29' title="bbox 2183 1450 3759 1525">
    <p class='ocr_par' dir='ltr' id='par_1_29' title="bbox 2183 1450 3759 1525">
     <span class='ocr_line' id='line_1_29' title="bbox 2183 1450 3759 1525; baseline -0.003 -18"><span class='ocrx_word' id='word_1_170' title='bbox 2183 1454 2241 1507; x_wconf 86' lang='grc' dir='ltr'><strong>δέ</strong></span> <span class='ocrx_word' id='word_1_171' title='bbox 2272 1452 2473 1506; x_wconf 82' lang='grc' dir='ltr'>λοιπῶν</span> <span class='ocrx_word' id='word_1_172' title='bbox 2501 1452 2665 1506; x_wconf 81' lang='grc' dir='ltr'>αὑτοῦ</span> <span class='ocrx_word' id='word_1_173' title='bbox 2695 1453 3140 1525; x_wconf 82' lang='grc' dir='ltr'><strong>συγγραμμάτων</strong></span> <span class='ocrx_word' id='word_1_174' title='bbox 3165 1453 3232 1507; x_wconf 87' lang='grc' dir='ltr'>τὰ</span> <span class='ocrx_word' id='word_1_175' title='bbox 3259 1455 3337 1516; x_wconf 83' lang='grc' dir='ltr'><strong>είς</strong></span> <span class='ocrx_word' id='word_1_176' title='bbox 3363 1453 3509 1523; x_wconf 80' lang='grc' dir='ltr'>ἡμᾶς</span> <span class='ocrx_word' id='word_1_177' title='bbox 3532 1450 3759 1504; x_wconf 75' lang='grc' dir='ltr'>ἐλθόντα</span> 
     </span>
    </p>
   </div>
   <div class='ocr_carea' id='block_1_30' title="bbox 2183 1539 3758 1615">
    <p class='ocr_par' dir='ltr' id='par_1_30' title="bbox 2183 1539 3758 1615">
     <span class='ocr_line' id='line_1_30' title="bbox 2183 1539 3758 1615; baseline -0.004 -18"><span class='ocrx_word' id='word_1_178' title='bbox 2183 1544 2302 1598; x_wconf 75' lang='grc' dir='ltr'>ἐστὶ</span> <span class='ocrx_word' id='word_1_179' title='bbox 2353 1543 2515 1598; x_wconf 67' lang='grc' dir='ltr'><strong>τάδε⁹</strong></span> <span class='ocrx_word' id='word_1_180' title='bbox 2549 1545 2645 1608; x_wconf 91' lang='grc' dir='ltr'><strong>Εἰς</strong></span> <span class='ocrx_word' id='word_1_181' title='bbox 2694 1544 2794 1615; x_wconf 83' lang='grc' dir='ltr'>τὴν</span> <span class='ocrx_word' id='word_1_182' title='bbox 2845 1543 3181 1615; x_wconf 70' lang='grc' dir='ltr'>ἐξαήμεροψ</span> <span class='ocrx_word' id='word_1_183' title='bbox 3233 1544 3313 1605; x_wconf 78' lang='grc' dir='ltr'><strong>είς</strong></span> <span class='ocrx_word' id='word_1_184' title='bbox 3368 1540 3438 1593; x_wconf 81' lang='grc' dir='ltr'>τὰ</span> <span class='ocrx_word' id='word_1_185' title='bbox 3474 1539 3613 1612; x_wconf 82' lang='grc' dir='ltr'>μετὰ</span> <span class='ocrx_word' id='word_1_186' title='bbox 3655 1539 3758 1610; x_wconf 78' lang='grc' dir='ltr'>τὴν</span> 
     </span>
    </p>
   </div>
   <div class='ocr_carea' id='block_1_31' title="bbox 2179 1631 3755 1710">
    <p class='ocr_par' dir='ltr' id='par_1_31' title="bbox 2179 1631 3755 1710">
     <span class='ocr_line' id='line_1_31' title="bbox 2179 1631 3755 1710; baseline -0.003 -19"><span class='ocrx_word' id='word_1_187' title='bbox 2179 1636 2310 1708; x_wconf 78' lang='grc' dir='ltr'>ἐξαή</span> <span class='ocrx_word' id='word_1_188' title='bbox 2321 1651 2482 1709; x_wconf 86' lang='grc' dir='ltr'>μερον</span> <span class='ocrx_word' id='word_1_189' title='bbox 2499 1655 2512 1668; x_wconf 77' lang='grc' dir='ltr'><strong>ο</strong></span> <span class='ocrx_word' id='word_1_190' title='bbox 2532 1638 2669 1710; x_wconf 79' lang='grc' dir='ltr'>πρὸς</span> <span class='ocrx_word' id='word_1_191' title='bbox 2690 1637 2993 1708; x_wconf 86' lang='grc' dir='ltr'>Μαρκίωνα</span> <span class='ocrx_word' id='word_1_192' title='bbox 3012 1654 3024 1668; x_wconf 87' lang='grc'><strong>·</strong></span> <span class='ocrx_word' id='word_1_193' title='bbox 3045 1639 3125 1700; x_wconf 85' lang='grc' dir='ltr'><strong>είς</strong></span> <span class='ocrx_word' id='word_1_194' title='bbox 3150 1637 3211 1691; x_wconf 82' lang='grc' dir='ltr'>τὸ</span> <span class='ocrx_word' id='word_1_195' title='bbox 3232 1631 3423 1709; x_wconf 59' lang='grc' dir='ltr'><strong>τ’ᾼσμιι</strong></span> <span class='ocrx_word' id='word_1_196' title='bbox 3447 1652 3460 1666; x_wconf 75' lang='grc' dir='ltr'><strong>ο</strong></span> <span class='ocrx_word' id='word_1_197' title='bbox 3494 1635 3576 1697; x_wconf 85' lang='grc' dir='ltr'><strong>είς</strong></span> <span class='ocrx_word' id='word_1_198' title='bbox 3611 1633 3755 1704; x_wconf 83' lang='grc' dir='ltr'>μέρη</span> 
     </span>
    </p>
   </div>
   <div class='ocr_carea' id='block_1_32' title="bbox 2179 1724 3756 1799">
    <p class='ocr_par' dir='ltr' id='par_1_32' title="bbox 2179 1724 3756 1799">
     <span class='ocr_line' id='line_1_32' title="bbox 2179 1724 3756 1799; baseline -0.002 -21"><span class='ocrx_word' id='word_1_199' title='bbox 2179 1727 2274 1780; x_wconf 89' lang='grc' dir='ltr'><strong>τοῦ</strong></span> <span class='ocrx_word' id='word_1_200' title='bbox 2322 1727 2615 1797; x_wconf 70' lang='grc' dir='ltr'>ἰεεεκιήλ·</span> <span class='ocrx_word' id='word_1_201' title='bbox 2655 1727 2785 1799; x_wconf 75' lang='grc' dir='ltr'>περὶ</span> <span class='ocrx_word' id='word_1_202' title='bbox 2823 1727 2918 1780; x_wconf 90' lang='grc' dir='ltr'><strong>τοῦ</strong></span> <span class='ocrx_word' id='word_1_203' title='bbox 2951 1727 3172 1798; x_wconf 82' lang='grc' dir='ltr'><strong>Πάσχα·</strong></span> <span class='ocrx_word' id='word_1_204' title='bbox 3218 1727 3355 1799; x_wconf 84' lang='grc' dir='ltr'>πρὸς</span> <span class='ocrx_word' id='word_1_205' title='bbox 3399 1726 3616 1787; x_wconf 81' lang='grc' dir='ltr'><strong>ἁπάσας</strong></span> <span class='ocrx_word' id='word_1_206' title='bbox 3652 1724 3756 1786; x_wconf 85' lang='grc' dir='ltr'>τὰς</span> 
     </span>
    </p>
   </div>
   <div class='ocr_carea' id='block_1_33' title="bbox 2181 1815 3758 1892">
    <p class='ocr_par' dir='ltr' id='par_1_33' title="bbox 2181 1815 3758 1892">
     <span class='ocr_line' id='line_1_33' title="bbox 2181 1815 3758 1892; baseline -0.001 -22"><span class='ocrx_word' id='word_1_207' title='bbox 2181 1818 2440 1889; x_wconf 79' lang='grc' dir='ltr'><strong>αἱρέσεις·</strong></span> <span class='ocrx_word' id='word_1_208' title='bbox 2474 1819 2704 1874; x_wconf 84' lang='grc' dir='ltr'>πλεῖστά</span> <span class='ocrx_word' id='word_1_209' title='bbox 2735 1836 2795 1872; x_wconf 85' lang='grc' dir='ltr'>τε</span> <span class='ocrx_word' id='word_1_210' title='bbox 2819 1818 2952 1874; x_wconf 76' lang='grc' dir='ltr'>ἄλλα</span> <span class='ocrx_word' id='word_1_211' title='bbox 2973 1821 3067 1875; x_wconf 63' lang='grc' dir='ltr'><strong>καὶ¹</strong></span> <span class='ocrx_word' id='word_1_212' title='bbox 3092 1819 3242 1892; x_wconf 82' lang='grc' dir='ltr'>παρὰ</span> <span class='ocrx_word' id='word_1_213' title='bbox 3255 1818 3468 1882; x_wconf 78' lang='grc' dir='ltr'>πολλοῖς</span> <span class='ocrx_word' id='word_1_214' title='bbox 3487 1818 3552 1871; x_wconf 82' lang='grc' dir='ltr'>ἂν</span> <span class='ocrx_word' id='word_1_215' title='bbox 3571 1815 3758 1889; x_wconf 80' lang='grc' dir='ltr'>εὕροις</span> 
     </span>
    </p>
   </div>
   <div class='ocr_carea' id='block_1_34' title="bbox 2189 1913 2488 1987">
    <p class='ocr_par' dir='ltr' id='par_1_34' title="bbox 2189 1913 2488 1987">
     <span class='ocr_line' id='line_1_34' title="bbox 2189 1913 2488 1987; baseline 0.007 -21"><span class='ocrx_word' id='word_1_216' title='bbox 2189 1913 2488 1987; x_wconf 78' lang='grc' dir='ltr'><strong>σωζόμενα.</strong></span> 
     </span>
    </p>
   </div>
   <div class='ocr_carea' id='block_1_35' title="bbox 1527 2061 2734 2149">
    <p class='ocr_par' dir='ltr' id='par_1_35' title="bbox 1527 2061 2734 2149">
     <span class='ocr_line' id='line_1_35' title="bbox 1527 2061 2734 2149; baseline 0.006 -7"><span class='ocrx_word' id='word_1_217' title='bbox 1527 2088 1677 2142; x_wconf 84' lang='lat' dir='ltr'><strong>Idem</strong></span> <span class='ocrx_word' id='word_1_218' title='bbox 1704 2091 1760 2143; x_wconf 80' lang='lat' dir='ltr'><strong>in</strong></span> <span class='ocrx_word' id='word_1_219' title='bbox 1786 2089 2059 2144; x_wconf 83' lang='lat' dir='ltr'><strong>Chronico</strong></span> <span class='ocrx_word' id='word_1_220' title='bbox 2099 2085 2170 2143; x_wconf 83' lang='lat' dir='ltr'><strong>ad</strong></span> <span class='ocrx_word' id='word_1_221' title='bbox 2207 2061 2406 2146; x_wconf 45' lang='lat' dir='ltr'><strong>ann&#39;um</strong></span> <span class='ocrx_word' id='word_1_222' title='bbox 2433 2107 2734 2149; x_wconf 72' lang='grc' dir='ltr'>ιιιισειιιιι.</span> 
     </span>
    </p>
   </div>
   <div class='ocr_carea' id='block_1_36' title="bbox 571 2182 3756 2259">
    <p class='ocr_par' dir='ltr' id='par_1_36' title="bbox 571 2182 3756 2259">
     <span class='ocr_line' id='line_1_36' title="bbox 571 2182 3756 2259; baseline -0.001 -17"><span class='ocrx_word' id='word_1_223' title='bbox 571 2187 927 2243; x_wconf 88' lang='lat' dir='ltr'><strong>Geminianus</strong></span> <span class='ocrx_word' id='word_1_224' title='bbox 965 2185 1251 2256; x_wconf 83' lang='lat' dir='ltr'><strong>presbyter</strong></span> <span class='ocrx_word' id='word_1_225' title='bbox 1283 2184 1680 2251; x_wconf 84' lang='lat' dir='ltr'><strong>Antiochenus,</strong></span> <span class='ocrx_word' id='word_1_226' title='bbox 1711 2195 1765 2241; x_wconf 90' lang='lat' dir='ltr'><strong>et</strong></span> <span class='ocrx_word' id='word_1_227' title='bbox 1800 2182 2142 2256; x_wconf 82' lang='lat' dir='ltr'><strong>Hippolytus,</strong></span> <span class='ocrx_word' id='word_1_228' title='bbox 2186 2196 2242 2241; x_wconf 87' lang='lat' dir='ltr'><strong>et</strong></span> <span class='ocrx_word' id='word_1_229' title='bbox 2266 2185 2512 2259; x_wconf 83' lang='lat' dir='ltr'><strong>Beryllus</strong></span> <span class='ocrx_word' id='word_1_230' title='bbox 2537 2189 2826 2258; x_wconf 84' lang='lat' dir='ltr'><strong>episcopus</strong></span> <span class='ocrx_word' id='word_1_231' title='bbox 2850 2187 3063 2243; x_wconf 73' lang='lat' dir='ltr'><strong>Arabiae</strong></span> <span class='ocrx_word' id='word_1_232' title='bbox 3092 2186 3409 2254; x_wconf 86' lang='lat' dir='ltr'><strong>Bostrenus,</strong></span> <span class='ocrx_word' id='word_1_233' title='bbox 3447 2185 3578 2240; x_wconf 90' lang='lat' dir='ltr'><strong>clari</strong></span> <span class='ocrx_word' id='word_1_234' title='bbox 3615 2185 3756 2239; x_wconf 83' lang='lat' dir='ltr'><strong>scri-</strong></span> 
     </span>
    </p>
   </div>
   <div class='ocr_carea' id='block_1_37' title="bbox 487 2277 997 2352">
    <p class='ocr_par' dir='ltr' id='par_1_37' title="bbox 487 2277 997 2352">
     <span class='ocr_line' id='line_1_37' title="bbox 487 2277 997 2352; baseline 0.002 -19"><span class='ocrx_word' id='word_1_235' title='bbox 487 2277 685 2352; x_wconf 82' lang='lat' dir='ltr'><strong>’ptores</strong></span> <span class='ocrx_word' id='word_1_236' title='bbox 708 2279 997 2334; x_wconf 89' lang='lat' dir='ltr'><strong>habentur.</strong></span> 
     </span>
    </p>
   </div>
   <div class='ocr_carea' id='block_1_38' title="bbox 2070 2369 2162 2424">
    <p class='ocr_par' dir='ltr' id='par_1_38' title="bbox 2070 2369 2162 2424">
     <span class='ocr_line' id='line_1_38' title="bbox 2070 2369 2162 2424; baseline 0.022 -2"><span class='ocrx_word' id='word_1_237' title='bbox 2070 2369 2162 2424; x_wconf 86' lang='lat' dir='ltr'><strong>III.</strong></span> 
     </span>
    </p>
   </div>
   <div class='ocr_carea' id='block_1_39' title="bbox 993 2462 3255 2534">
    <p class='ocr_par' dir='ltr' id='par_1_39' title="bbox 993 2462 3255 2534">
     <span class='ocr_line' id='line_1_39' title="bbox 993 2462 3255 2534; baseline -0.002 -14"><span class='ocrx_word' id='word_1_238' title='bbox 993 2465 1051 2520; x_wconf 94' lang='lat' dir='ltr'><strong>S.</strong></span> <span class='ocrx_word' id='word_1_239' title='bbox 1107 2464 1462 2534; x_wconf 76' lang='lat' dir='ltr'><strong>Hieronymus</strong></span> <span class='ocrx_word' id='word_1_240' title='bbox 1491 2464 1585 2518; x_wconf 86' lang='lat' dir='ltr'><strong>lib.</strong></span> <span class='ocrx_word' id='word_1_241' title='bbox 1629 2463 1706 2519; x_wconf 91' lang='lat' dir='ltr'><strong>De</strong></span> <span class='ocrx_word' id='word_1_242' title='bbox 1747 2464 1880 2518; x_wconf 89' lang='lat' dir='ltr'><strong>viris</strong></span> <span class='ocrx_word' id='word_1_243' title='bbox 1904 2463 2103 2519; x_wconf 88' lang='lat' dir='ltr'><strong>illustr.</strong></span> <span class='ocrx_word' id='word_1_244' title='bbox 2133 2480 2249 2532; x_wconf 89' lang='lat' dir='ltr'><strong>cap.</strong></span> <span class='ocrx_word' id='word_1_245' title='bbox 2274 2463 2364 2530; x_wconf 76' lang='grc'><strong>61,</strong></span> <span class='ocrx_word' id='word_1_246' title='bbox 2388 2479 2507 2517; x_wconf 87' lang='lat' dir='ltr'><strong>cum</strong></span> <span class='ocrx_word' id='word_1_247' title='bbox 2536 2471 2700 2518; x_wconf 79' lang='lat' dir='ltr'><strong>vetere</strong></span> <span class='ocrx_word' id='word_1_248' title='bbox 2738 2463 3020 2533; x_wconf 77' lang='lat' dir='ltr'><strong>interprete</strong></span> <span class='ocrx_word' id='word_1_249' title='bbox 3051 2462 3255 2517; x_wconf 63' lang='lat' dir='ltr'><strong>Greco.</strong></span> 
     </span>
    </p>
   </div>
   <div class='ocr_carea' id='block_1_40' title="bbox 571 2553 2073 2630">
    <p class='ocr_par' dir='ltr' id='par_1_40' title="bbox 571 2557 2068 2630">
     <span class='ocr_line' id='line_1_40' title="bbox 571 2557 2068 2630; baseline 0.001 -18"><span class='ocrx_word' id='word_1_250' title='bbox 571 2557 887 2630; x_wconf 80' lang='lat' dir='ltr'><strong>Hippolytus</strong></span> <span class='ocrx_word' id='word_1_251' title='bbox 913 2559 1204 2628; x_wconf 83' lang='lat' dir='ltr'><strong>cujusdam</strong></span> <span class='ocrx_word' id='word_1_252' title='bbox 1241 2558 1499 2616; x_wconf 65' lang='lat' dir='ltr'><strong>Ecclesiae</strong></span> <span class='ocrx_word' id='word_1_253' title='bbox 1523 2559 1813 2630; x_wconf 89' lang='lat' dir='ltr'><strong>episcopus</strong></span> <span class='ocrx_word' id='word_1_254' title='bbox 1850 2561 2068 2630; x_wconf 85' lang='lat' dir='ltr'><strong>(nomen</strong></span> 
     </span>
    </p>
   </div>
   <div class='ocr_carea' id='block_1_41' title="bbox 2177 2553 3748 2630">
    <p class='ocr_par' dir='ltr' id='par_1_41' title="bbox 2255 2553 3748 2628">
     <span class='ocr_line' id='line_1_41' title="bbox 2255 2553 3748 2628; baseline -0.003 -16"><span class='ocrx_word' id='word_1_255' title='bbox 2255 2559 2586 2623; x_wconf 89' lang='grc' dir='ltr'>Ἱππόλυτος,</span> <span class='ocrx_word' id='word_1_256' title='bbox 2623 2560 2724 2612; x_wconf 82' lang='grc' dir='ltr'>οὐκ</span> <span class='ocrx_word' id='word_1_257' title='bbox 2773 2555 2890 2611; x_wconf 80' lang='grc' dir='ltr'>οἶδα</span> <span class='ocrx_word' id='word_1_258' title='bbox 2939 2559 3100 2622; x_wconf 89' lang='grc' dir='ltr'>ποίας</span> <span class='ocrx_word' id='word_1_259' title='bbox 3153 2553 3477 2628; x_wconf 83' lang='grc' dir='ltr'>Ἐκκλησίας</span> <span class='ocrx_word' id='word_1_260' title='bbox 3519 2557 3748 2609; x_wconf 85' lang='grc' dir='ltr'>ἐπίσκο-</span> 
     </span>
    </p>
   </div>
   <div class='ocr_carea' id='block_1_42' title="bbox 495 2649 2076 2728">
    <p class='ocr_par' dir='ltr' id='par_1_42' title="bbox 495 2649 2076 2728">
     <span class='ocr_line' id='line_1_42' title="bbox 495 2649 2076 2728; baseline -0.001 -23"><span class='ocrx_word' id='word_1_261' title='bbox 495 2651 693 2720; x_wconf 87' lang='lat' dir='ltr'><strong>quippe</strong></span> <span class='ocrx_word' id='word_1_262' title='bbox 743 2651 894 2706; x_wconf 88' lang='lat' dir='ltr'><strong>urbis</strong></span> <span class='ocrx_word' id='word_1_263' title='bbox 943 2651 1085 2706; x_wconf 90' lang='lat' dir='ltr'><strong>scire</strong></span> <span class='ocrx_word' id='word_1_264' title='bbox 1132 2668 1239 2706; x_wconf 90' lang='lat' dir='ltr'><strong>non</strong></span> <span class='ocrx_word' id='word_1_265' title='bbox 1288 2651 1488 2722; x_wconf 89' lang='lat' dir='ltr'><strong>potui),</strong></span> <span class='ocrx_word' id='word_1_266' title='bbox 1529 2651 1796 2728; x_wconf 84' lang='lat' dir='ltr'><strong>rationem</strong></span> <span class='ocrx_word' id='word_1_267' title='bbox 1851 2649 2076 2704; x_wconf 65' lang='lat' dir='ltr'><strong>Pascha:</strong></span> 
     </span>
    </p>
   </div>
   <div class='ocr_carea' id='block_1_43' title="bbox 496 2740 2072 2812">
    <p class='ocr_par' dir='ltr' id='par_1_43' title="bbox 496 2740 2072 2812">
     <span class='ocr_line' id='line_1_43' title="bbox 496 2740 2072 2812; baseline -0.003 -14"><span class='ocrx_word' id='word_1_268' title='bbox 496 2755 915 2812; x_wconf 87' lang='lat' dir='ltr'><strong>temporumque</strong></span> <span class='ocrx_word' id='word_1_269' title='bbox 957 2758 1198 2798; x_wconf 92' lang='lat' dir='ltr'><strong>canones</strong></span> <span class='ocrx_word' id='word_1_270' title='bbox 1250 2743 1469 2812; x_wconf 89' lang='lat' dir='ltr'><strong>scripsit</strong></span> <span class='ocrx_word' id='word_1_271' title='bbox 1512 2756 1685 2810; x_wconf 91' lang='lat' dir='ltr'><strong>usque</strong></span> <span class='ocrx_word' id='word_1_272' title='bbox 1723 2740 1791 2794; x_wconf 90' lang='lat' dir='ltr'><strong>ad</strong></span> <span class='ocrx_word' id='word_1_273' title='bbox 1837 2740 2072 2810; x_wconf 89' lang='lat' dir='ltr'><strong>primum</strong></span> 
     </span>
    </p>
   </div>
   <div class='ocr_carea' id='block_1_44' title="bbox 495 2821 2077 2904">
    <p class='ocr_par' dir='ltr' id='par_1_44' title="bbox 495 2821 2077 2904">
     <span class='ocr_line' id='line_1_44' title="bbox 495 2821 2077 2904; baseline 0 -16"><span class='ocrx_word' id='word_1_274' title='bbox 495 2851 700 2889; x_wconf 90' lang='lat' dir='ltr'><strong>annum</strong></span> <span class='ocrx_word' id='word_1_275' title='bbox 734 2821 1026 2890; x_wconf 77' lang='lat' dir='ltr'><strong>Alexandri</strong></span> <span class='ocrx_word' id='word_1_276' title='bbox 1071 2835 1441 2904; x_wconf 89' lang='lat' dir='ltr'><strong>imperatoris,</strong></span> <span class='ocrx_word' id='word_1_277' title='bbox 1487 2842 1542 2888; x_wconf 88' lang='lat' dir='ltr'><strong>et</strong></span> <span class='ocrx_word' id='word_1_278' title='bbox 1585 2833 1857 2889; x_wconf 76' lang='lat' dir='ltr'><strong>sexdecim</strong></span> <span class='ocrx_word' id='word_1_279' title='bbox 1904 2849 2077 2888; x_wconf 91' lang='lat' dir='ltr'><strong>anno-</strong></span> 
     </span>
    </p>
   </div>
   <div class='ocr_carea' id='block_1_45' title="bbox 497 2925 2076 3003">
    <p class='ocr_par' dir='ltr' id='par_1_45' title="bbox 497 2925 2076 3003">
     <span class='ocr_line' id='line_1_45' title="bbox 497 2925 2076 3003; baseline 0 -24"><span class='ocrx_word' id='word_1_280' title='bbox 497 2943 618 2980; x_wconf 88' lang='lat' dir='ltr'><strong>rum</strong></span> <span class='ocrx_word' id='word_1_281' title='bbox 657 2928 920 2982; x_wconf 87' lang='lat' dir='ltr'><strong>circulum</strong></span> <span class='ocrx_word' id='word_1_282' title='bbox 943 2967 959 2993; x_wconf 92' lang='lat'><strong>,</strong></span> <span class='ocrx_word' id='word_1_283' title='bbox 1006 2943 1166 3003; x_wconf 72' lang='lat' dir='ltr'><strong>quem</strong></span> <span class='ocrx_word' id='word_1_284' title='bbox 1208 2927 1382 2981; x_wconf 60' lang='lat' dir='ltr'><strong>Graeci</strong></span> <span class='ocrx_word' id='word_1_285' title='bbox 1427 2925 1944 2996; x_wconf 85' lang='grc' dir='ltr'>ἐκκαιδεκαετηρίδα</span> <span class='ocrx_word' id='word_1_286' title='bbox 1976 2941 2076 2979; x_wconf 89' lang='lat' dir='ltr'><strong>vo-</strong></span> 
     </span>
    </p>
   </div>
   <div class='ocr_carea' id='block_1_46' title="bbox 495 3015 2074 3088">
    <p class='ocr_par' dir='ltr' id='par_1_46' title="bbox 495 3015 2074 3088">
     <span class='ocr_line' id='line_1_46' title="bbox 495 3015 2074 3088; baseline -0.001 -17"><span class='ocrx_word' id='word_1_287' title='bbox 495 3027 644 3081; x_wconf 87' lang='lat' dir='ltr'><strong>cant,</strong></span> <span class='ocrx_word' id='word_1_288' title='bbox 680 3020 910 3088; x_wconf 83' lang='lat' dir='ltr'><strong>reperit;</strong></span> <span class='ocrx_word' id='word_1_289' title='bbox 939 3029 991 3073; x_wconf 93' lang='lat' dir='ltr'><strong>et</strong></span> <span class='ocrx_word' id='word_1_290' title='bbox 1019 3018 1253 3074; x_wconf 77' lang='lat' dir='ltr'><strong>Eusebio</strong></span> <span class='ocrx_word' id='word_1_291' title='bbox 1285 3017 1379 3087; x_wconf 90' lang='lat' dir='ltr'><strong>qui</strong></span> <span class='ocrx_word' id='word_1_292' title='bbox 1407 3031 1570 3086; x_wconf 89' lang='lat' dir='ltr'><strong>super</strong></span> <span class='ocrx_word' id='word_1_293' title='bbox 1618 3016 1806 3070; x_wconf 89' lang='lat' dir='ltr'><strong>eodem</strong></span> <span class='ocrx_word' id='word_1_294' title='bbox 1844 3015 2074 3079; x_wconf 86' lang='lat' dir='ltr'><strong>Pascha,</strong></span> 
     </span>
    </p>
   </div>
   <div class='ocr_carea' id='block_1_47' title="bbox 495 3106 2075 3174">
    <p class='ocr_par' dir='ltr' id='par_1_47' title="bbox 495 3106 2075 3174">
     <span class='ocr_line' id='line_1_47' title="bbox 495 3106 2075 3174; baseline -0.002 -11"><span class='ocrx_word' id='word_1_295' title='bbox 495 3124 794 3174; x_wconf 84' lang='lat' dir='ltr'><strong>canonem,</strong></span> <span class='ocrx_word' id='word_1_296' title='bbox 839 3109 1023 3163; x_wconf 90' lang='lat' dir='ltr'><strong>decem</strong></span> <span class='ocrx_word' id='word_1_297' title='bbox 1065 3117 1118 3162; x_wconf 83' lang='lat' dir='ltr'><strong>et</strong></span> <span class='ocrx_word' id='word_1_298' title='bbox 1168 3122 1360 3161; x_wconf 86' lang='lat' dir='ltr'><strong>novem</strong></span> <span class='ocrx_word' id='word_1_299' title='bbox 1392 3120 1663 3160; x_wconf 89' lang='lat' dir='ltr'><strong>annorum</strong></span> <span class='ocrx_word' id='word_1_300' title='bbox 1695 3106 1985 3169; x_wconf 83' lang='lat' dir='ltr'><strong>circulum,</strong></span> <span class='ocrx_word' id='word_1_301' title='bbox 2022 3106 2075 3161; x_wconf 90' lang='lat' dir='ltr'><strong>id</strong></span> 
     </span>
    </p>
   </div>
   <div class='ocr_carea' id='block_1_48' title="bbox 494 3191 2078 3270">
    <p class='ocr_par' dir='ltr' id='par_1_48' title="bbox 494 3191 2078 3270">
     <span class='ocr_line' id='line_1_48' title="bbox 494 3191 2078 3270; baseline 0 -16"><span class='ocrx_word' id='word_1_302' title='bbox 494 3209 597 3264; x_wconf 86' lang='lat' dir='ltr'><strong>est,</strong></span> <span class='ocrx_word' id='word_1_303' title='bbox 619 3199 1228 3270; x_wconf 85' lang='grc' dir='ltr'>ἐννεακαιδεκαετηρίδα</span> <span class='ocrx_word' id='word_1_304' title='bbox 1249 3191 1581 3267; x_wconf 71' lang='lat' dir='ltr'><strong>co&#39;mposuit,</strong></span> <span class='ocrx_word' id='word_1_305' title='bbox 1601 3197 1946 3252; x_wconf 76' lang='lat' dir='ltr'><strong>occasionem</strong></span> <span class='ocrx_word' id='word_1_306' title='bbox 1983 3199 2078 3254; x_wconf 87' lang='lat' dir='ltr'><strong>de-</strong></span> 
     </span>
    </p>
   </div>
   <div class='ocr_carea' id='block_1_49' title="bbox 494 3286 2074 3359">
    <p class='ocr_par' dir='ltr' id='par_1_49' title="bbox 494 3286 2074 3359">
     <span class='ocr_line' id='line_1_49' title="bbox 494 3286 2074 3359; baseline -0.002 -15"><span class='ocrx_word' id='word_1_307' title='bbox 494 3291 594 3344; x_wconf 87' lang='lat' dir='ltr'><strong>dit.</strong></span> <span class='ocrx_word' id='word_1_308' title='bbox 625 3289 857 3359; x_wconf 87' lang='lat' dir='ltr'><strong>Scripsit</strong></span> <span class='ocrx_word' id='word_1_309' title='bbox 883 3289 1179 3344; x_wconf 91' lang='lat' dir='ltr'><strong>nonnullos</strong></span> <span class='ocrx_word' id='word_1_310' title='bbox 1207 3288 1260 3341; x_wconf 92' lang='lat' dir='ltr'><strong>in</strong></span> <span class='ocrx_word' id='word_1_311' title='bbox 1287 3286 1599 3356; x_wconf 87' lang='lat' dir='ltr'><strong>Scripturas</strong></span> <span class='ocrx_word' id='word_1_312' title='bbox 1624 3288 2074 3352; x_wconf 87' lang='lat' dir='ltr'><strong>commentarios,</strong></span> 
     </span>
    </p>
   </div>
   <div class='ocr_carea' id='block_1_50' title="bbox 493 3374 2076 3450">
    <p class='ocr_par' dir='ltr' id='par_1_50' title="bbox 493 3374 2076 3450">
     <span class='ocr_line' id='line_1_50' title="bbox 493 3374 2076 3450; baseline -0.001 -17"><span class='ocrx_word' id='word_1_313' title='bbox 493 3397 525 3434; x_wconf 91' lang='lat' dir='ltr'><strong>e</strong></span> <span class='ocrx_word' id='word_1_314' title='bbox 551 3379 751 3450; x_wconf 87' lang='lat' dir='ltr'><strong>quibus</strong></span> <span class='ocrx_word' id='word_1_315' title='bbox 781 3380 881 3434; x_wconf 90' lang='lat' dir='ltr'><strong>hos</strong></span> <span class='ocrx_word' id='word_1_316' title='bbox 910 3379 1088 3449; x_wconf 77' lang='lat' dir='ltr'><strong>reperi</strong></span> <span class='ocrx_word' id='word_1_317' title='bbox 1116 3397 1128 3432; x_wconf 93' lang='lat'><strong>:</strong></span> <span class='ocrx_word' id='word_1_318' title='bbox 1157 3379 1210 3432; x_wconf 91' lang='lat' dir='ltr'><strong>in</strong></span> <span class='ocrx_word' id='word_1_319' title='bbox 1242 3378 1628 3439; x_wconf 83' lang='lat' dir='ltr'><strong>hexaemeron,</strong></span> <span class='ocrx_word' id='word_1_320' title='bbox 1651 3383 1705 3430; x_wconf 92' lang='lat' dir='ltr'><strong>et</strong></span> <span class='ocrx_word' id='word_1_321' title='bbox 1731 3375 1786 3428; x_wconf 89' lang='lat' dir='ltr'><strong>in</strong></span> <span class='ocrx_word' id='word_1_322' title='bbox 1804 3374 2076 3443; x_wconf 79' lang='lat' dir='ltr'><strong>Exodum,</strong></span> 
     </span>
    </p>
   </div>
   <div class='ocr_carea' id='block_1_51' title="bbox 493 3466 2079 3538">
    <p class='ocr_par' dir='ltr' id='par_1_51' title="bbox 493 3466 2079 3538">
     <span class='ocr_line' id='line_1_51' title="bbox 493 3466 2079 3538; baseline -0.001 -14"><span class='ocrx_word' id='word_1_323' title='bbox 493 3472 548 3524; x_wconf 91' lang='lat' dir='ltr'><strong>in</strong></span> <span class='ocrx_word' id='word_1_324' title='bbox 578 3472 862 3526; x_wconf 83' lang='lat' dir='ltr'><strong>Canticum</strong></span> <span class='ocrx_word' id='word_1_325' title='bbox 896 3470 1258 3538; x_wconf 87' lang='lat' dir='ltr'><strong>canticorum,</strong></span> <span class='ocrx_word' id='word_1_326' title='bbox 1294 3469 1348 3522; x_wconf 93' lang='lat' dir='ltr'><strong>in</strong></span> <span class='ocrx_word' id='word_1_327' title='bbox 1391 3466 1648 3530; x_wconf 87' lang='lat' dir='ltr'><strong>Genesin,</strong></span> <span class='ocrx_word' id='word_1_328' title='bbox 1684 3474 1737 3521; x_wconf 94' lang='lat' dir='ltr'><strong>et</strong></span> <span class='ocrx_word' id='word_1_329' title='bbox 1785 3466 1838 3521; x_wconf 93' lang='lat' dir='ltr'><strong>in</strong></span> <span class='ocrx_word' id='word_1_330' title='bbox 1865 3466 2079 3523; x_wconf 84' lang='lat' dir='ltr'><strong>Zacha-</strong></span> 
     </span>
    </p>
   </div>
   <div class='ocr_carea' id='block_1_52' title="bbox 494 3555 2079 3626">
    <p class='ocr_par' dir='ltr' id='par_1_52' title="bbox 494 3555 2079 3626">
     <span class='ocr_line' id='line_1_52' title="bbox 494 3555 2079 3626; baseline 0.001 -14"><span class='ocrx_word' id='word_1_331' title='bbox 494 3557 635 3612; x_wconf 80' lang='lat' dir='ltr'><strong>riam</strong></span> <span class='ocrx_word' id='word_1_332' title='bbox 676 3579 688 3613; x_wconf 91' lang='lat'><strong>:</strong></span> <span class='ocrx_word' id='word_1_333' title='bbox 727 3561 794 3614; x_wconf 90' lang='lat' dir='ltr'><strong>de</strong></span> <span class='ocrx_word' id='word_1_334' title='bbox 844 3559 1102 3626; x_wconf 89' lang='lat' dir='ltr'><strong>Psalmis,</strong></span> <span class='ocrx_word' id='word_1_335' title='bbox 1143 3568 1197 3614; x_wconf 89' lang='lat' dir='ltr'><strong>et</strong></span> <span class='ocrx_word' id='word_1_336' title='bbox 1239 3561 1293 3612; x_wconf 93' lang='lat' dir='ltr'><strong>in</strong></span> <span class='ocrx_word' id='word_1_337' title='bbox 1337 3557 1579 3619; x_wconf 88' lang='lat' dir='ltr'><strong>Esaiam,</strong></span> <span class='ocrx_word' id='word_1_338' title='bbox 1623 3555 1690 3610; x_wconf 90' lang='lat' dir='ltr'><strong>de</strong></span> <span class='ocrx_word' id='word_1_339' title='bbox 1732 3555 1972 3620; x_wconf 83' lang='lat' dir='ltr'><strong>Daniele,</strong></span> <span class='ocrx_word' id='word_1_340' title='bbox 2011 3557 2079 3613; x_wconf 90' lang='lat' dir='ltr'><strong>de</strong></span> 
     </span>
    </p>
   </div>
   <div class='ocr_carea' id='block_1_53' title="bbox 490 3649 2078 3724">
    <p class='ocr_par' dir='ltr' id='par_1_53' title="bbox 490 3649 2078 3724">
     <span class='ocr_line' id='line_1_53' title="bbox 490 3649 2078 3724; baseline 0 -19"><span class='ocrx_word' id='word_1_341' title='bbox 490 3653 840 3724; x_wconf 81' lang='lat' dir='ltr'><strong>Apocalypsi,</strong></span> <span class='ocrx_word' id='word_1_342' title='bbox 875 3653 942 3706; x_wconf 90' lang='lat' dir='ltr'><strong>de</strong></span> <span class='ocrx_word' id='word_1_343' title='bbox 980 3651 1311 3715; x_wconf 87' lang='lat' dir='ltr'><strong>Proverbiis,</strong></span> <span class='ocrx_word' id='word_1_344' title='bbox 1355 3649 1422 3704; x_wconf 91' lang='lat' dir='ltr'><strong>de</strong></span> <span class='ocrx_word' id='word_1_345' title='bbox 1452 3649 1803 3712; x_wconf 89' lang='lat' dir='ltr'><strong>Ecclesiaste,</strong></span> <span class='ocrx_word' id='word_1_346' title='bbox 1844 3650 1912 3704; x_wconf 91' lang='lat' dir='ltr'><strong>de</strong></span> <span class='ocrx_word' id='word_1_347' title='bbox 1947 3651 2078 3705; x_wconf 90' lang='lat' dir='ltr'><strong>Saul</strong></span> 
     </span>
    </p>
   </div>
   <div class='ocr_carea' id='block_1_54' title="bbox 489 3741 2074 3818">
    <p class='ocr_par' dir='ltr' id='par_1_54' title="bbox 489 3741 2074 3818">
     <span class='ocr_line' id='line_1_54' title="bbox 489 3741 2074 3818; baseline -0.002 -16"><span class='ocrx_word' id='word_1_348' title='bbox 489 3757 546 3802; x_wconf 90' lang='lat' dir='ltr'><strong>et</strong></span> <span class='ocrx_word' id='word_1_349' title='bbox 594 3745 956 3818; x_wconf 83' lang='lat' dir='ltr'><strong>Pythonissa‘,</strong></span> <span class='ocrx_word' id='word_1_350' title='bbox 1005 3745 1072 3799; x_wconf 89' lang='lat' dir='ltr'><strong>de</strong></span> <span class='ocrx_word' id='word_1_351' title='bbox 1105 3743 1478 3809; x_wconf 87' lang='lat' dir='ltr'><strong>Antichristo,</strong></span> <span class='ocrx_word' id='word_1_352' title='bbox 1514 3743 1582 3798; x_wconf 91' lang='lat' dir='ltr'><strong>de</strong></span> <span class='ocrx_word' id='word_1_353' title='bbox 1616 3741 2074 3811; x_wconf 84' lang='lat' dir='ltr'><strong>Resurrectione,</strong></span> 
     </span>
    </p>
   </div>
   <div class='ocr_carea' id='block_1_55' title="bbox 491 3834 2078 3899">
    <p class='ocr_par' dir='ltr' id='par_1_55' title="bbox 491 3834 2078 3899">
     <span class='ocr_line' id='line_1_55' title="bbox 491 3834 2078 3899; baseline -0.001 -7"><span class='ocrx_word' id='word_1_354' title='bbox 491 3848 683 3892; x_wconf 82' lang='lat' dir='ltr'><strong>contra</strong></span> <span class='ocrx_word' id='word_1_355' title='bbox 735 3837 1100 3899; x_wconf 84' lang='lat' dir='ltr'><strong>Marcionem,</strong></span> <span class='ocrx_word' id='word_1_356' title='bbox 1145 3836 1211 3890; x_wconf 91' lang='lat' dir='ltr'><strong>de</strong></span> <span class='ocrx_word' id='word_1_357' title='bbox 1261 3835 1473 3890; x_wconf 88' lang='lat' dir='ltr'><strong>Pascha</strong></span> <span class='ocrx_word' id='word_1_358' title='bbox 1512 3852 1524 3888; x_wconf 93' lang='lat'>:</span> <span class='ocrx_word' id='word_1_359' title='bbox 1575 3834 1838 3889; x_wconf 90' lang='lat' dir='ltr'><strong>adversus</strong></span> <span class='ocrx_word' id='word_1_360' title='bbox 1887 3850 2078 3890; x_wconf 90' lang='lat' dir='ltr'><strong>omnes</strong></span> 
     </span>
    </p>
   </div>
   <div class='ocr_carea' id='block_1_56' title="bbox 2175 2635 3749 2723">
    <p class='ocr_par' dir='ltr' id='par_1_56' title="bbox 2175 2635 3749 2723">
     <span class='ocr_line' id='line_1_56' title="bbox 2175 2635 3749 2723; baseline -0.003 -19"><span class='ocrx_word' id='word_1_361' title='bbox 2175 2635 2365 2721; x_wconf 43' lang='lat'><strong>1:04,}</strong></span> <span class='ocrx_word' id='word_1_362' title='bbox 2405 2651 2548 2714; x_wconf 89' lang='grc' dir='ltr'>τίνος</span> <span class='ocrx_word' id='word_1_363' title='bbox 2575 2650 2816 2714; x_wconf 90' lang='grc' dir='ltr'>πόλεως,</span> <span class='ocrx_word' id='word_1_364' title='bbox 2860 2651 2959 2723; x_wconf 87' lang='grc' dir='ltr'>τὴν</span> <span class='ocrx_word' id='word_1_365' title='bbox 3007 2649 3371 2722; x_wconf 81' lang='grc' dir='ltr'>προσηγορίαν</span> <span class='ocrx_word' id='word_1_366' title='bbox 3408 2647 3598 2719; x_wconf 85' lang='grc' dir='ltr'>μαθεῖν</span> <span class='ocrx_word' id='word_1_367' title='bbox 3643 2648 3749 2700; x_wconf 77' lang='grc' dir='ltr'><strong>οὐκ</strong></span> 
     </span>
    </p>
   </div>
   <div class='ocr_carea' id='block_1_57' title="bbox 2175 2739 3752 2818">
    <p class='ocr_par' dir='ltr' id='par_1_57' title="bbox 2175 2739 3752 2818">
     <span class='ocr_line' id='line_1_57' title="bbox 2175 2739 3752 2818; baseline -0.003 -22"><span class='ocrx_word' id='word_1_368' title='bbox 2175 2743 2469 2818; x_wconf 72' lang='grc' dir='ltr'>ἐδυνῄθην,</span> <span class='ocrx_word' id='word_1_369' title='bbox 2514 2743 2818 2815; x_wconf 69' lang='grc' dir='ltr'>συνέγραψε</span> <span class='ocrx_word' id='word_1_370' title='bbox 2871 2743 3028 2812; x_wconf 89' lang='grc' dir='ltr'>λόγον</span> <span class='ocrx_word' id='word_1_371' title='bbox 3072 2742 3166 2796; x_wconf 87' lang='grc' dir='ltr'><strong>τοῦ</strong></span> <span class='ocrx_word' id='word_1_372' title='bbox 3204 2742 3427 2812; x_wconf 81' lang='grc' dir='ltr'><strong>Πάσχα,</strong></span> <span class='ocrx_word' id='word_1_373' title='bbox 3488 2739 3582 2792; x_wconf 72' lang='grc' dir='ltr'>καὶ</span> <span class='ocrx_word' id='word_1_374' title='bbox 3620 2740 3752 2802; x_wconf 77' lang='grc' dir='ltr'>τοὺς</span> 
     </span>
    </p>
   </div>
   <div class='ocr_carea' id='block_1_58' title="bbox 2174 2829 3751 2906">
    <p class='ocr_par' dir='ltr' id='par_1_58' title="bbox 2174 2829 3751 2906">
     <span class='ocr_line' id='line_1_58' title="bbox 2174 2829 3751 2906; baseline -0.005 -17"><span class='ocrx_word' id='word_1_375' title='bbox 2174 2839 2457 2906; x_wconf 78' lang='grc' dir='ltr'>χρονικοὺς</span> <span class='ocrx_word' id='word_1_376' title='bbox 2478 2835 2710 2899; x_wconf 85' lang='grc' dir='ltr'>κανόνας</span> <span class='ocrx_word' id='word_1_377' title='bbox 2729 2836 2834 2898; x_wconf 78' lang='grc' dir='ltr'>ἓως</span> <span class='ocrx_word' id='word_1_378' title='bbox 2855 2833 3071 2906; x_wconf 80' lang='grc' dir='ltr'>πρώτου</span> <span class='ocrx_word' id='word_1_379' title='bbox 3107 2831 3354 2886; x_wconf 78' lang='grc' dir='ltr'>ἐνιαυτοῦ</span> <span class='ocrx_word' id='word_1_380' title='bbox 3398 2829 3751 2900; x_wconf 80' lang='grc' dir='ltr'>Ἀλεξάνδρου</span> 
     </span>
    </p>
   </div>
   <div class='ocr_carea' id='block_1_59' title="bbox 2174 2922 3754 2995">
    <p class='ocr_par' dir='ltr' id='par_1_59' title="bbox 2174 2922 3754 2995">
     <span class='ocr_line' id='line_1_59' title="bbox 2174 2922 3754 2995; baseline -0.003 -18"><span class='ocrx_word' id='word_1_381' title='bbox 2174 2925 2268 2977; x_wconf 87' lang='grc' dir='ltr'><strong>τοῦ</strong></span> <span class='ocrx_word' id='word_1_382' title='bbox 2297 2923 2578 2994; x_wconf 84' lang='grc' dir='ltr'>βασιλέως,</span> <span class='ocrx_word' id='word_1_383' title='bbox 2603 2925 2795 2991; x_wconf 79' lang='grc' dir='ltr'>δεκαέξ</span> <span class='ocrx_word' id='word_1_384' title='bbox 2816 2925 2959 2994; x_wconf 81' lang='grc' dir='ltr'>λέγω</span> <span class='ocrx_word' id='word_1_385' title='bbox 2989 2924 3053 2995; x_wconf 83' lang='grc' dir='ltr'><strong>δὴ</strong></span> <span class='ocrx_word' id='word_1_386' title='bbox 3075 2923 3335 2977; x_wconf 77' lang='grc' dir='ltr'>ἐνιαυτῶν</span> <span class='ocrx_word' id='word_1_387' title='bbox 3367 2922 3585 2984; x_wconf 83' lang='grc' dir='ltr'>κύκλον,</span> <span class='ocrx_word' id='word_1_388' title='bbox 3619 2922 3677 2975; x_wconf 79' lang='grc' dir='ltr'>ὃν</span> <span class='ocrx_word' id='word_1_389' title='bbox 3699 2922 3754 2973; x_wconf 89' lang='grc' dir='ltr'>οἱ</span> 
     </span>
    </p>
   </div>
   <div class='ocr_carea' id='block_1_60' title="bbox 2175 3017 3756 3092">
    <p class='ocr_par' dir='ltr' id='par_1_60' title="bbox 2175 3017 3756 3092">
     <span class='ocr_line' id='line_1_60' title="bbox 2175 3017 3756 3092; baseline -0.003 -20"><span class='ocrx_word' id='word_1_390' title='bbox 2175 3019 2458 3090; x_wconf 87' lang='grc' dir='ltr'>λεγόμενοι</span> <span class='ocrx_word' id='word_1_391' title='bbox 2482 3021 2707 3092; x_wconf 67' lang='grc' dir='ltr'>Γραικοὶ</span> <span class='ocrx_word' id='word_1_392' title='bbox 2746 3019 3261 3091; x_wconf 84' lang='grc' dir='ltr'>ἐκκαιδεκαετηρίδα</span> <span class='ocrx_word' id='word_1_393' title='bbox 3283 3017 3555 3082; x_wconf 78' lang='grc' dir='ltr'>καλοῦσιν,</span> <span class='ocrx_word' id='word_1_394' title='bbox 3587 3017 3756 3069; x_wconf 79' lang='grc' dir='ltr'><strong>Εὐσε-</strong></span> 
     </span>
    </p>
   </div>
   <div class='ocr_carea' id='block_1_61' title="bbox 2177 3107 3754 3185">
    <p class='ocr_par' dir='ltr' id='par_1_61' title="bbox 2177 3107 3754 3185">
     <span class='ocr_line' id='line_1_61' title="bbox 2177 3107 3754 3185; baseline -0.008 -12"><span class='ocrx_word' id='word_1_395' title='bbox 2177 3111 2279 3183; x_wconf 72' lang='grc' dir='ltr'>δίῳ</span> <span class='ocrx_word' id='word_1_396' title='bbox 2306 3111 2385 3183; x_wconf 80' lang='grc' dir='ltr'><strong>τῷ</strong></span> <span class='ocrx_word' id='word_1_397' title='bbox 2417 3113 2546 3185; x_wconf 73' lang='grc' dir='ltr'>περὶ</span> <span class='ocrx_word' id='word_1_398' title='bbox 2567 3112 2730 3166; x_wconf 82' lang='grc' dir='ltr'>αὐτοῦ</span> <span class='ocrx_word' id='word_1_399' title='bbox 2759 3112 2852 3165; x_wconf 88' lang='grc' dir='ltr'><strong>τοῦ</strong></span> <span class='ocrx_word' id='word_1_400' title='bbox 2881 3113 3070 3182; x_wconf 84' lang='grc' dir='ltr'>Πάσχα</span> <span class='ocrx_word' id='word_1_401' title='bbox 3098 3107 3754 3178; x_wconf 82' lang='grc' dir='ltr'>ἐννεακκαιδεκαετηρίδα</span> 
     </span>
    </p>
   </div>
   <div class='ocr_carea' id='block_1_62' title="bbox 2179 3187 3756 3275">
    <p class='ocr_par' dir='ltr' id='par_1_62' title="bbox 2179 3187 3756 3275">
     <span class='ocr_line' id='line_1_62' title="bbox 2179 3187 3756 3275; baseline -0.004 -16"><span class='ocrx_word' id='word_1_402' title='bbox 2179 3205 2499 3270; x_wconf 82' lang='grc' dir='ltr'>συντάξαντι</span> <span class='ocrx_word' id='word_1_403' title='bbox 2524 3187 2806 3275; x_wconf 78' lang='grc' dir='ltr'>πρόφασιν</span> <span class='ocrx_word' id='word_1_404' title='bbox 2830 3202 3214 3275; x_wconf 81' lang='grc' dir='ltr'>παρεσχηκώς.</span> <span class='ocrx_word' id='word_1_405' title='bbox 3241 3203 3517 3273; x_wconf 74' lang='grc' dir='ltr'>Ἐγραψεν</span> <span class='ocrx_word' id='word_1_406' title='bbox 3544 3204 3624 3265; x_wconf 81' lang='grc' dir='ltr'><strong>είς</strong></span> <span class='ocrx_word' id='word_1_407' title='bbox 3651 3199 3756 3264; x_wconf 76' lang='grc' dir='ltr'><strong>τὰς</strong></span> 
     </span>
    </p>
   </div>
   <div class='ocr_carea' id='block_1_63' title="bbox 2177 3288 3756 3368">
    <p class='ocr_par' dir='ltr' id='par_1_63' title="bbox 2177 3288 3756 3368">
     <span class='ocr_line' id='line_1_63' title="bbox 2177 3288 3756 3368; baseline -0.005 -14"><span class='ocrx_word' id='word_1_408' title='bbox 2177 3298 2329 3361; x_wconf 84' lang='grc' dir='ltr'>θείας</span> <span class='ocrx_word' id='word_1_409' title='bbox 2360 3297 2582 3368; x_wconf 83' lang='grc' dir='ltr'>Γραφὰς</span> <span class='ocrx_word' id='word_1_410' title='bbox 2630 3297 2998 3366; x_wconf 79' lang='grc' dir='ltr'>ὑπομνήματα</span> <span class='ocrx_word' id='word_1_411' title='bbox 3023 3337 3037 3360; x_wconf 93' lang='grc'><strong>,</strong></span> <span class='ocrx_word' id='word_1_412' title='bbox 3073 3297 3166 3365; x_wconf 77' lang='grc' dir='ltr'><strong>ἀφ’</strong></span> <span class='ocrx_word' id='word_1_413' title='bbox 3189 3288 3264 3349; x_wconf 82' lang='grc' dir='ltr'>ὧν</span> <span class='ocrx_word' id='word_1_414' title='bbox 3292 3296 3417 3349; x_wconf 86' lang='grc' dir='ltr'>τάδε</span> <span class='ocrx_word' id='word_1_415' title='bbox 3451 3289 3633 3365; x_wconf 71' lang='grc' dir='ltr'>εὖρον·</span> <span class='ocrx_word' id='word_1_416' title='bbox 3671 3297 3756 3357; x_wconf 74' lang='grc' dir='ltr'>εἰς</span> 
     </span>
    </p>
   </div>
   <div class='ocr_carea' id='block_1_64' title="bbox 2176 3370 3755 3465">
    <p class='ocr_par' dir='ltr' id='par_1_64' title="bbox 2176 3370 3755 3465">
     <span class='ocr_line' id='line_1_64' title="bbox 2176 3370 3755 3465; baseline -0.001 -20"><span class='ocrx_word' id='word_1_417' title='bbox 2176 3393 2276 3465; x_wconf 81' lang='grc' dir='ltr'>τὴν</span> <span class='ocrx_word' id='word_1_418' title='bbox 2309 3392 2631 3463; x_wconf 81' lang='grc' dir='ltr'>ἐξαήμερον,</span> <span class='ocrx_word' id='word_1_419' title='bbox 2666 3393 2745 3453; x_wconf 86' lang='grc' dir='ltr'><strong>είς</strong></span> <span class='ocrx_word' id='word_1_420' title='bbox 2768 3389 2864 3460; x_wconf 82' lang='grc' dir='ltr'>τὴν</span> <span class='ocrx_word' id='word_1_421' title='bbox 2883 3389 3116 3454; x_wconf 80' lang='grc' dir='ltr'>Ἔξοδον,</span> <span class='ocrx_word' id='word_1_422' title='bbox 3143 3370 3222 3454; x_wconf 73' lang='grc' dir='ltr'><strong>είς</strong></span> <span class='ocrx_word' id='word_1_423' title='bbox 3252 3390 3321 3443; x_wconf 76' lang='grc' dir='ltr'>τὰ</span> <span class='ocrx_word' id='word_1_424' title='bbox 3357 3390 3612 3460; x_wconf 82' lang='grc' dir='ltr'>’ᾼσματα</span> <span class='ocrx_word' id='word_1_425' title='bbox 3642 3389 3755 3443; x_wconf 80' lang='grc' dir='ltr'><strong>τῶν</strong></span> 
     </span>
    </p>
   </div>
   <div class='ocr_carea' id='block_1_65' title="bbox 2178 3480 3757 3554">
    <p class='ocr_par' dir='ltr' id='par_1_65' title="bbox 2178 3480 3757 3554">
     <span class='ocr_line' id='line_1_65' title="bbox 2178 3480 3757 3554; baseline -0.002 -19"><span class='ocrx_word' id='word_1_426' title='bbox 2178 3483 2459 3554; x_wconf 83' lang='grc' dir='ltr'>ᾀσμάτων,</span> <span class='ocrx_word' id='word_1_427' title='bbox 2500 3483 2578 3545; x_wconf 77' lang='grc' dir='ltr'><strong>εἰς</strong></span> <span class='ocrx_word' id='word_1_428' title='bbox 2607 3481 2704 3551; x_wconf 82' lang='grc' dir='ltr'>τὴν</span> <span class='ocrx_word' id='word_1_429' title='bbox 2729 3481 2945 3534; x_wconf 84' lang='grc' dir='ltr'>Γένεσιν</span> <span class='ocrx_word' id='word_1_430' title='bbox 2965 3521 2979 3546; x_wconf 94' lang='grc'><strong>,</strong></span> <span class='ocrx_word' id='word_1_431' title='bbox 3011 3483 3090 3544; x_wconf 75' lang='grc' dir='ltr'>εἰς</span> <span class='ocrx_word' id='word_1_432' title='bbox 3121 3481 3569 3552; x_wconf 79' lang='grc' dir='ltr'>Ζαχαρίαν,’περὶ</span> <span class='ocrx_word' id='word_1_433' title='bbox 3600 3480 3757 3532; x_wconf 81' lang='grc' dir='ltr'>Ψαλ-</span> 
     </span>
    </p>
   </div>
   <div class='ocr_carea' id='block_1_66' title="bbox 2181 3572 3759 3645">
    <p class='ocr_par' dir='ltr' id='par_1_66' title="bbox 2181 3572 3759 3645">
     <span class='ocr_line' id='line_1_66' title="bbox 2181 3572 3759 3645; baseline -0.002 -19"><span class='ocrx_word' id='word_1_434' title='bbox 2181 3574 2338 3645; x_wconf 89' lang='grc' dir='ltr'>μῶν,</span> <span class='ocrx_word' id='word_1_435' title='bbox 2391 3575 2472 3637; x_wconf 82' lang='grc' dir='ltr'>εἰς</span> <span class='ocrx_word' id='word_1_436' title='bbox 2505 3572 2752 3636; x_wconf 70' lang='grc' dir='ltr'>Ἠσαίαν,</span> <span class='ocrx_word' id='word_1_437' title='bbox 2811 3573 2939 3643; x_wconf 76' lang='grc' dir='ltr'>περὶ</span> <span class='ocrx_word' id='word_1_438' title='bbox 2995 3572 3222 3642; x_wconf 79' lang='grc' dir='ltr'>Δανιὴλ,</span> <span class='ocrx_word' id='word_1_439' title='bbox 3274 3573 3399 3644; x_wconf 69' lang='grc' dir='ltr'>περὶ</span> <span class='ocrx_word' id='word_1_440' title='bbox 3460 3572 3759 3624; x_wconf 76' lang='grc' dir='ltr'>Ἀποκαλύ-</span> 
     </span>
    </p>
   </div>
   <div class='ocr_carea' id='block_1_67' title="bbox 2177 3647 3757 3738">
    <p class='ocr_par' dir='ltr' id='par_1_67' title="bbox 2177 3647 3757 3738">
     <span class='ocr_line' id='line_1_67' title="bbox 2177 3647 3757 3738; baseline 0.001 -23"><span class='ocrx_word' id='word_1_441' title='bbox 2177 3665 2356 3736; x_wconf 73' lang='grc' dir='ltr'>ψεῳς,</span> <span class='ocrx_word' id='word_1_442' title='bbox 2391 3663 2520 3735; x_wconf 78' lang='grc' dir='ltr'>περὶ</span> <span class='ocrx_word' id='word_1_443' title='bbox 2565 3647 2910 3734; x_wconf 81' lang='grc' dir='ltr'>Παροιμιῶν,</span> <span class='ocrx_word' id='word_1_444' title='bbox 2955 3663 3084 3734; x_wconf 73' lang='grc' dir='ltr'>περὶ</span> <span class='ocrx_word' id='word_1_445' title='bbox 3119 3661 3570 3738; x_wconf 78' lang='grc' dir='ltr'>Ἐκκλησιαστοῦ,</span> <span class='ocrx_word' id='word_1_446' title='bbox 3621 3664 3757 3732; x_wconf 74' lang='grc' dir='ltr'>περὶ</span> 
     </span>
    </p>
   </div>
   <div class='ocr_carea' id='block_1_68' title="bbox 2179 3739 3760 3828">
    <p class='ocr_par' dir='ltr' id='par_1_68' title="bbox 2179 3739 3760 3828">
     <span class='ocr_line' id='line_1_68' title="bbox 2179 3739 3760 3828; baseline -0.001 -18"><span class='ocrx_word' id='word_1_447' title='bbox 2179 3739 2322 3816; x_wconf 60' lang='grc' dir='ltr'>Σαῦλ</span> <span class='ocrx_word' id='word_1_448' title='bbox 2377 3757 2470 3810; x_wconf 80' lang='grc' dir='ltr'>καὶ</span> <span class='ocrx_word' id='word_1_449' title='bbox 2529 3756 2802 3821; x_wconf 81' lang='grc' dir='ltr'>Πύθωνος,</span> <span class='ocrx_word' id='word_1_450' title='bbox 2845 3755 3107 3827; x_wconf 74' lang='grc' dir='ltr'>περὶτοῦ</span> <span class='ocrx_word' id='word_1_451' title='bbox 3160 3756 3560 3828; x_wconf 89' lang='grc' dir='ltr'>Ἀντιχρίστου,</span> <span class='ocrx_word' id='word_1_452' title='bbox 3620 3757 3760 3826; x_wconf 72' lang='grc' dir='ltr'>περὶ</span> 
     </span>
    </p>
   </div>
   <div class='ocr_carea' id='block_1_69' title="bbox 2191 3846 3756 3919">
    <p class='ocr_par' dir='ltr' id='par_1_69' title="bbox 2191 3846 3756 3919">
     <span class='ocr_line' id='line_1_69' title="bbox 2191 3846 3756 3919; baseline -0.002 -17"><span class='ocrx_word' id='word_1_453' title='bbox 2191 3848 2568 3912; x_wconf 85' lang='grc' dir='ltr'>Ἀναστάσεως</span> <span class='ocrx_word' id='word_1_454' title='bbox 2587 3887 2601 3912; x_wconf 93' lang='grc'><strong>,</strong></span> <span class='ocrx_word' id='word_1_455' title='bbox 2633 3848 2776 3901; x_wconf 82' lang='grc' dir='ltr'>κατὰ</span> <span class='ocrx_word' id='word_1_456' title='bbox 2805 3847 3157 3918; x_wconf 83' lang='grc' dir='ltr'>Μαρκίωνος,</span> <span class='ocrx_word' id='word_1_457' title='bbox 3211 3849 3340 3919; x_wconf 88' lang='grc' dir='ltr'><strong>περί</strong></span> <span class='ocrx_word' id='word_1_458' title='bbox 3381 3847 3476 3900; x_wconf 88' lang='grc' dir='ltr'><strong>τοῦ</strong></span> <span class='ocrx_word' id='word_1_459' title='bbox 3521 3846 3714 3915; x_wconf 83' lang='grc' dir='ltr'>Πάσχα</span> <span class='ocrx_word' id='word_1_460' title='bbox 3736 3887 3756 3910; x_wconf 90' lang='grc'><strong>,</strong></span> 
     </span>
    </p>
   </div>
   <div class='ocr_carea' id='block_1_70' title="bbox 490 3911 2073 4011">
    <p class='ocr_par' dir='ltr' id='par_1_70' title="bbox 490 3922 2072 3998">
     <span class='ocr_line' id='line_1_70' title="bbox 490 3922 2072 3998; baseline -0.001 -16"><span class='ocrx_word' id='word_1_461' title='bbox 490 3928 769 3994; x_wconf 57' lang='lat' dir='ltr'><strong>haereses,</strong></span> <span class='ocrx_word' id='word_1_462' title='bbox 809 3937 863 3982; x_wconf 89' lang='lat' dir='ltr'><strong>et</strong></span> <span class='ocrx_word' id='word_1_463' title='bbox 910 3925 1264 3998; x_wconf 79' lang='grc' dir='ltr'>προσομιλίαν</span> <span class='ocrx_word' id='word_1_464' title='bbox 1320 3925 1388 3981; x_wconf 90' lang='lat' dir='ltr'><strong>de</strong></span> <span class='ocrx_word' id='word_1_465' title='bbox 1439 3925 1602 3981; x_wconf 86' lang='lat' dir='ltr'><strong>laude</strong></span> <span class='ocrx_word' id='word_1_466' title='bbox 1631 3922 1850 3978; x_wconf 88' lang='lat' dir='ltr'><strong>Domini</strong></span> <span class='ocrx_word' id='word_1_467' title='bbox 1882 3923 2072 3980; x_wconf 82' lang='lat' dir='ltr'><strong>Salva-</strong></span> 
     </span>
    </p>
   </div>
   <div class='ocr_carea' id='block_1_71' title="bbox 2177 3911 3757 4011">
    <p class='ocr_par' dir='ltr' id='par_1_71' title="bbox 2177 3937 3757 4011">
     <span class='ocr_line' id='line_1_71' title="bbox 2177 3937 3757 4011; baseline -0.003 -16"><span class='ocrx_word' id='word_1_468' title='bbox 2177 3942 2319 3996; x_wconf 82' lang='grc' dir='ltr'>κατὰ</span> <span class='ocrx_word' id='word_1_469' title='bbox 2339 3941 2528 3995; x_wconf 83' lang='grc' dir='ltr'>πασῶν</span> <span class='ocrx_word' id='word_1_470' title='bbox 2560 3940 2668 3992; x_wconf 86' lang='grc' dir='ltr'><strong>τῶν</strong></span> <span class='ocrx_word' id='word_1_471' title='bbox 2685 3939 2968 4011; x_wconf 75' lang='grc' dir='ltr'>αἱρέσεων,</span> <span class='ocrx_word' id='word_1_472' title='bbox 3010 3938 3371 4011; x_wconf 85' lang='grc' dir='ltr'>προσομιλίαν</span> <span class='ocrx_word' id='word_1_473' title='bbox 3400 3940 3477 4009; x_wconf 81' lang='grc'><strong>(5)</strong></span> <span class='ocrx_word' id='word_1_474' title='bbox 3499 3937 3757 4010; x_wconf 71' lang='grc' dir='ltr'>περὶτῶν</span> 
     </span>
    </p>
   </div>
   <div class='ocr_carea' id='block_1_72' title="bbox 489 4017 2067 4089">
    <p class='ocr_par' dir='ltr' id='par_1_72' title="bbox 489 4017 2067 4089">
     <span class='ocr_line' id='line_1_72' title="bbox 489 4017 2067 4089; baseline -0.002 -15"><span class='ocrx_word' id='word_1_475' title='bbox 489 4021 648 4083; x_wconf 92' lang='lat' dir='ltr'><strong>toris,</strong></span> <span class='ocrx_word' id='word_1_476' title='bbox 685 4021 739 4073; x_wconf 90' lang='lat' dir='ltr'><strong>in</strong></span> <span class='ocrx_word' id='word_1_477' title='bbox 770 4035 877 4089; x_wconf 89' lang='lat' dir='ltr'><strong>qua</strong></span> <span class='ocrx_word' id='word_1_478' title='bbox 910 4028 1179 4089; x_wconf 73' lang='lat' dir='ltr'><strong>praesente</strong></span> <span class='ocrx_word' id='word_1_479' title='bbox 1206 4017 1439 4088; x_wconf 77' lang='lat' dir='ltr'><strong>Origene</strong></span> <span class='ocrx_word' id='word_1_480' title='bbox 1471 4033 1529 4073; x_wconf 90' lang='lat' dir='ltr'><strong>se</strong></span> <span class='ocrx_word' id='word_1_481' title='bbox 1559 4017 1711 4085; x_wconf 87' lang='lat' dir='ltr'><strong>loqui</strong></span> <span class='ocrx_word' id='word_1_482' title='bbox 1745 4018 1799 4070; x_wconf 90' lang='lat' dir='ltr'><strong>in</strong></span> <span class='ocrx_word' id='word_1_483' title='bbox 1835 4017 2067 4072; x_wconf 88' lang='lat' dir='ltr'><strong>ecclesia</strong></span> 
     </span>
    </p>
   </div>
   <div class='ocr_carea' id='block_1_73' title="bbox 487 4107 2069 4181">
    <p class='ocr_par' dir='ltr' id='par_1_73' title="bbox 487 4107 2069 4181">
     <span class='ocr_line' id='line_1_73' title="bbox 487 4107 2069 4181; baseline -0.002 -15"><span class='ocrx_word' id='word_1_484' title='bbox 487 4111 842 4181; x_wconf 74' lang='lat' dir='ltr'><strong>signiticatJn</strong></span> <span class='ocrx_word' id='word_1_485' title='bbox 862 4111 1026 4181; x_wconf 85' lang='lat' dir='ltr'><strong>hujus</strong></span> <span class='ocrx_word' id='word_1_486' title='bbox 1047 4110 1444 4164; x_wconf 65' lang='lat' dir='ltr'><strong>aemulationem</strong></span> <span class='ocrx_word' id='word_1_487' title='bbox 1462 4107 1806 4173; x_wconf 89' lang='lat' dir='ltr'><strong>Ambrosius,</strong></span> <span class='ocrx_word' id='word_1_488' title='bbox 1829 4123 1987 4177; x_wconf 91' lang='lat' dir='ltr'><strong>quem</strong></span> <span class='ocrx_word' id='word_1_489' title='bbox 2002 4109 2069 4163; x_wconf 90' lang='lat' dir='ltr'><strong>de</strong></span> 
     </span>
    </p>
   </div>
   <div class='ocr_carea' id='block_1_74' title="bbox 374 4200 2063 4259">
    <p class='ocr_par' dir='ltr' id='par_1_74' title="bbox 374 4200 2063 4259">
     <span class='ocr_line' id='line_1_74' title="bbox 374 4200 2063 4259; baseline -0.002 -1"><span class='ocrx_word' id='word_1_490' title='bbox 374 4223 376 4225; x_wconf 46' lang='grc' dir='ltr'><strong>ν</strong></span> <span class='ocrx_word' id='word_1_491' title='bbox 486 4201 782 4259; x_wconf 81' lang='lat' dir='ltr'><strong>Marcionis</strong></span> <span class='ocrx_word' id='word_1_492' title='bbox 812 4203 1004 4257; x_wconf 71' lang='lat' dir='ltr'><strong>haeresi</strong></span> <span class='ocrx_word' id='word_1_493' title='bbox 1046 4203 1112 4256; x_wconf 88' lang='lat' dir='ltr'><strong>ad</strong></span> <span class='ocrx_word' id='word_1_494' title='bbox 1147 4218 1333 4257; x_wconf 85' lang='lat' dir='ltr'><strong>veram</strong></span> <span class='ocrx_word' id='word_1_495' title='bbox 1377 4203 1538 4257; x_wconf 83' lang='lat' dir='ltr'><strong>ﬁdem</strong></span> <span class='ocrx_word' id='word_1_496' title='bbox 1582 4213 1890 4256; x_wconf 82' lang='lat' dir='ltr'><strong>correcmm</strong></span> <span class='ocrx_word' id='word_1_497' title='bbox 1919 4200 2063 4255; x_wconf 84' lang='lat' dir='ltr'><strong>dixi-</strong></span> 
     </span>
    </p>
   </div>
   <div class='ocr_carea' id='block_1_75' title="bbox 489 4297 2065 4373">
    <p class='ocr_par' dir='ltr' id='par_1_75' title="bbox 489 4297 2065 4373">
     <span class='ocr_line' id='line_1_75' title="bbox 489 4297 2065 4373; baseline -0.001 -21"><span class='ocrx_word' id='word_1_498' title='bbox 489 4315 632 4363; x_wconf 81' lang='lat' dir='ltr'><strong>mus,</strong></span> <span class='ocrx_word' id='word_1_499' title='bbox 671 4297 990 4352; x_wconf 83' lang='lat' dir='ltr'><strong>cohortatus</strong></span> <span class='ocrx_word' id='word_1_500' title='bbox 1025 4306 1109 4353; x_wconf 88' lang='lat' dir='ltr'><strong>est</strong></span> <span class='ocrx_word' id='word_1_501' title='bbox 1138 4300 1427 4370; x_wconf 81' lang='lat' dir='ltr'><strong>Origenem</strong></span> <span class='ocrx_word' id='word_1_502' title='bbox 1467 4301 1522 4355; x_wconf 91' lang='lat' dir='ltr'><strong>in</strong></span> <span class='ocrx_word' id='word_1_503' title='bbox 1557 4300 1869 4373; x_wconf 86' lang='lat' dir='ltr'><strong>Scripturas</strong></span> <span class='ocrx_word' id='word_1_504' title='bbox 1911 4312 2065 4353; x_wconf 90' lang='lat' dir='ltr'><strong>com-</strong></span> 
     </span>
    </p>
   </div>
   <div class='ocr_carea' id='block_1_76' title="bbox 489 4389 2100 4464">
    <p class='ocr_par' dir='ltr' id='par_1_76' title="bbox 489 4389 2100 4464">
     <span class='ocr_line' id='line_1_76' title="bbox 489 4389 2100 4464; baseline 0.002 -22"><span class='ocrx_word' id='word_1_505' title='bbox 489 4389 786 4444; x_wconf 86' lang='lat' dir='ltr'><strong>mentarios</strong></span> <span class='ocrx_word' id='word_1_506' title='bbox 832 4389 1092 4457; x_wconf 90' lang='lat' dir='ltr'><strong>scribere,</strong></span> <span class='ocrx_word' id='word_1_507' title='bbox 1129 4391 1378 4460; x_wconf 83' lang='lat' dir='ltr'><strong>praebens</strong></span> <span class='ocrx_word' id='word_1_508' title='bbox 1414 4391 1464 4447; x_wconf 91' lang='lat' dir='ltr'><strong>ei</strong></span> <span class='ocrx_word' id='word_1_509' title='bbox 1515 4403 1720 4464; x_wconf 89' lang='lat' dir='ltr'><strong>septem</strong></span> <span class='ocrx_word' id='word_1_510' title='bbox 1765 4403 1820 4448; x_wconf 87' lang='lat' dir='ltr'><strong>et</strong></span> <span class='ocrx_word' id='word_1_511' title='bbox 1856 4409 1921 4449; x_wconf 91' lang='lat' dir='ltr'><strong>eo</strong></span> <span class='ocrx_word' id='word_1_512' title='bbox 1945 4409 2100 4447; x_wconf 89' lang='lat' dir='ltr'><strong>am--</strong></span> 
     </span>
    </p>
   </div>
   <div class='ocr_carea' id='block_1_77' title="bbox 2176 4027 3757 4106">
    <p class='ocr_par' dir='ltr' id='par_1_77' title="bbox 2176 4027 3757 4106">
     <span class='ocr_line' id='line_1_77' title="bbox 2176 4027 3757 4106; baseline -0.001 -19"><span class='ocrx_word' id='word_1_513' title='bbox 2176 4035 2411 4088; x_wconf 85' lang='grc' dir='ltr'>ἐπαίνων</span> <span class='ocrx_word' id='word_1_514' title='bbox 2426 4034 2519 4087; x_wconf 86' lang='grc' dir='ltr'><strong>τοῦ</strong></span> <span class='ocrx_word' id='word_1_515' title='bbox 2537 4032 2743 4106; x_wconf 82' lang='grc' dir='ltr'>Κυρίου</span> <span class='ocrx_word' id='word_1_516' title='bbox 2774 4032 2932 4103; x_wconf 78' lang='grc' dir='ltr'>ἡμῶν</span> <span class='ocrx_word' id='word_1_517' title='bbox 2960 4033 3132 4105; x_wconf 83' lang='grc' dir='ltr'>Ἰησοῦ</span> <span class='ocrx_word' id='word_1_518' title='bbox 3155 4032 3413 4103; x_wconf 81' lang='grc' dir='ltr'>Χριστοῦ,</span> <span class='ocrx_word' id='word_1_519' title='bbox 3434 4033 3491 4084; x_wconf 83' lang='grc' dir='ltr'><strong>ἐν</strong></span> <span class='ocrx_word' id='word_1_520' title='bbox 3519 4027 3601 4096; x_wconf 78' lang='grc' dir='ltr'>οἷς</span> <span class='ocrx_word' id='word_1_521' title='bbox 3618 4050 3757 4104; x_wconf 82' lang='grc' dir='ltr'>παρ-</span> 
     </span>
    </p>
   </div>
   <div class='ocr_carea' id='block_1_78' title="bbox 2173 4121 3756 4196">
    <p class='ocr_par' dir='ltr' id='par_1_78' title="bbox 2173 4121 3756 4196">
     <span class='ocr_line' id='line_1_78' title="bbox 2173 4121 3756 4196; baseline -0.001 -17"><span class='ocrx_word' id='word_1_522' title='bbox 2173 4127 2323 4188; x_wconf 87' lang='grc' dir='ltr'>όντος</span> <span class='ocrx_word' id='word_1_523' title='bbox 2385 4125 2690 4196; x_wconf 83' lang='grc' dir='ltr'>Ὠριγένους</span> <span class='ocrx_word' id='word_1_524' title='bbox 2737 4121 2924 4177; x_wconf 76' lang='grc' dir='ltr'>ἑαυτὸν</span> <span class='ocrx_word' id='word_1_525' title='bbox 2956 4123 3292 4196; x_wconf 80' lang='grc' dir='ltr'>ὡμιληκέναι</span> <span class='ocrx_word' id='word_1_526' title='bbox 3330 4123 3472 4178; x_wconf 83' lang='grc' dir='ltr'>κατὰ</span> <span class='ocrx_word' id='word_1_527' title='bbox 3519 4124 3756 4195; x_wconf 85' lang='grc' dir='ltr'>μίμησιν</span> 
     </span>
    </p>
   </div>
   <div class='ocr_carea' id='block_1_79' title="bbox 2170 4214 3754 4288">
    <p class='ocr_par' dir='ltr' id='par_1_79' title="bbox 2170 4214 3754 4288">
     <span class='ocr_line' id='line_1_79' title="bbox 2170 4214 3754 4288; baseline -0.001 -20"><span class='ocrx_word' id='word_1_528' title='bbox 2170 4215 2335 4269; x_wconf 86' lang='grc' dir='ltr'>αὑτοῦ</span> <span class='ocrx_word' id='word_1_529' title='bbox 2364 4218 2420 4268; x_wconf 92' lang='grc' dir='ltr'><strong>ἐν</strong></span> <span class='ocrx_word' id='word_1_530' title='bbox 2445 4219 2510 4286; x_wconf 87' lang='grc' dir='ltr'>τῇ</span> <span class='ocrx_word' id='word_1_531' title='bbox 2548 4216 2811 4288; x_wconf 84' lang='grc' dir='ltr'>ἐκκλησίᾳ</span> <span class='ocrx_word' id='word_1_532' title='bbox 2837 4215 2986 4286; x_wconf 85' lang='grc' dir='ltr'>δηλοῖ</span> <span class='ocrx_word' id='word_1_533' title='bbox 3020 4215 3116 4285; x_wconf 74' lang='grc'><strong>(4).</strong></span> <span class='ocrx_word' id='word_1_534' title='bbox 3161 4214 3482 4286; x_wconf 77' lang='grc' dir='ltr'>Ἀμϐρόσιος</span> <span class='ocrx_word' id='word_1_535' title='bbox 3502 4255 3515 4278; x_wconf 90' lang='grc'><strong>,</strong></span> <span class='ocrx_word' id='word_1_536' title='bbox 3567 4217 3754 4267; x_wconf 83' lang='grc' dir='ltr'>ὅντινα</span> 
     </span>
    </p>
   </div>
   <div class='ocr_carea' id='block_1_80' title="bbox 2173 4305 3752 4380">
    <p class='ocr_par' dir='ltr' id='par_1_80' title="bbox 2173 4305 3752 4380">
     <span class='ocr_line' id='line_1_80' title="bbox 2173 4305 3752 4380; baseline -0.004 -17"><span class='ocrx_word' id='word_1_537' title='bbox 2173 4309 2282 4363; x_wconf 84' lang='grc' dir='ltr'><strong>ἀπὸ</strong></span> <span class='ocrx_word' id='word_1_538' title='bbox 2311 4309 2412 4379; x_wconf 82' lang='grc' dir='ltr'>τῆς</span> <span class='ocrx_word' id='word_1_539' title='bbox 2444 4308 2654 4380; x_wconf 89' lang='grc' dir='ltr'>πλάνης</span> <span class='ocrx_word' id='word_1_540' title='bbox 2691 4307 3016 4379; x_wconf 86' lang='grc' dir='ltr'>Μαρκίωνος</span> <span class='ocrx_word' id='word_1_541' title='bbox 3044 4309 3124 4370; x_wconf 86' lang='grc' dir='ltr'><strong>είς</strong></span> <span class='ocrx_word' id='word_1_542' title='bbox 3150 4306 3248 4378; x_wconf 82' lang='grc' dir='ltr'><strong>τὴν</strong></span> <span class='ocrx_word' id='word_1_543' title='bbox 3281 4305 3538 4378; x_wconf 85' lang='grc' dir='ltr'>ἀληθινὴν</span> <span class='ocrx_word' id='word_1_544' title='bbox 3565 4306 3752 4358; x_wconf 85' lang='grc' dir='ltr'>πίστιν</span> 
     </span>
    </p>
   </div>
   <div class='ocr_carea' id='block_1_81' title="bbox 2172 4396 3750 4470">
    <p class='ocr_par' dir='ltr' id='par_1_81' title="bbox 2172 4396 3750 4470">
     <span class='ocr_line' id='line_1_81' title="bbox 2172 4396 3750 4470; baseline -0.003 -18"><span class='ocrx_word' id='word_1_545' title='bbox 2172 4398 2496 4469; x_wconf 73' lang='grc' dir='ltr'>ἐπιπρέψαι</span> <span class='ocrx_word' id='word_1_546' title='bbox 2562 4398 2915 4470; x_wconf 81' lang='grc' dir='ltr'>προείρηται,</span> <span class='ocrx_word' id='word_1_547' title='bbox 2943 4396 3315 4469; x_wconf 77' lang='grc' dir='ltr'>προετρέψατο</span> <span class='ocrx_word' id='word_1_548' title='bbox 3357 4398 3618 4469; x_wconf 82' lang='grc' dir='ltr'>Ὠριγένει</span> <span class='ocrx_word' id='word_1_549' title='bbox 3648 4397 3750 4458; x_wconf 76' lang='grc' dir='ltr'>τὰς</span> 
     </span>
    </p>
   </div>
   <div class='ocr_carea' id='block_1_82' title="bbox 1646 4513 2581 4586">
    <p class='ocr_par' dir='ltr' id='par_1_82' title="bbox 1646 4513 2581 4586">
     <span class='ocr_line' id='line_1_82' title="bbox 1646 4513 2581 4586; baseline -0.001 -17"><span class='ocrx_word' id='word_1_550' title='bbox 1646 4514 1688 4586; x_wconf 72' lang='grc' dir='ltr'><strong>-ι-</strong></span> <span class='ocrx_word' id='word_1_551' title='bbox 1729 4514 2291 4570; x_wconf 81' lang='lat' dir='ltr'><strong>INTERPRETATIO</strong></span> <span class='ocrx_word' id='word_1_552' title='bbox 2321 4513 2581 4571; x_wconf 76' lang='lat' dir='ltr'><strong>RUFINI.</strong></span> 
     </span>
    </p>
   </div>
   <div class='ocr_carea' id='block_1_83' title="bbox 559 4601 3746 4685">
    <p class='ocr_par' dir='ltr' id='par_1_83' title="bbox 559 4601 3746 4685">
     <span class='ocr_line' id='line_1_83' title="bbox 559 4601 3746 4685; baseline 0.002 -30"><span class='ocrx_word' id='word_1_553' title='bbox 559 4601 616 4685; x_wconf 78' lang='lat' dir='ltr'><strong>In</strong></span> <span class='ocrx_word' id='word_1_554' title='bbox 646 4604 768 4685; x_wconf 82' lang='lat' dir='ltr'><strong>illis</strong></span> <span class='ocrx_word' id='word_1_555' title='bbox 814 4604 1007 4685; x_wconf 76' lang='lat' dir='ltr'><strong>diebus</strong></span> <span class='ocrx_word' id='word_1_556' title='bbox 1054 4604 1376 4685; x_wconf 68' lang='lat' dir='ltr'><strong>llippnlytus</strong></span> <span class='ocrx_word' id='word_1_557' title='bbox 1403 4607 1778 4685; x_wconf 22' lang='lat' dir='ltr'><strong>deLquo‘ante</strong></span> <span class='ocrx_word' id='word_1_558' title='bbox 1819 4611 2462 4685; x_wconf 37' lang='lat' dir='ltr'><strong>memoravimushinter</strong></span> <span class='ocrx_word' id='word_1_559' title='bbox 2500 4619 2693 4685; x_wconf 69' lang='lat' dir='ltr'><strong>caetera</strong></span> <span class='ocrx_word' id='word_1_560' title='bbox 2741 4611 2943 4685; x_wconf 84' lang='lat' dir='ltr'><strong>scripta</strong></span> <span class='ocrx_word' id='word_1_561' title='bbox 2989 4625 3088 4665; x_wconf 87' lang='lat' dir='ltr'><strong>sua</strong></span> <span class='ocrx_word' id='word_1_562' title='bbox 3131 4609 3374 4685; x_wconf 81' lang='lat' dir='ltr'><strong>libellum</strong></span> <span class='ocrx_word' id='word_1_563' title='bbox 3423 4609 3491 4685; x_wconf 86' lang='lat' dir='ltr'><strong>de</strong></span> <span class='ocrx_word' id='word_1_564' title='bbox 3533 4606 3746 4685; x_wconf 75' lang='lat' dir='ltr'><strong>Pascha</strong></span> 
     </span>
    </p>
   </div>
   <div class='ocr_carea' id='block_1_84' title="bbox 489 4675 3747 4753">
    <p class='ocr_par' dir='ltr' id='par_1_84' title="bbox 489 4675 3747 4753">
     <span class='ocr_line' id='line_1_84' title="bbox 489 4675 3747 4753; baseline 0.002 -27"><span class='ocrx_word' id='word_1_565' title='bbox 489 4675 754 4753; x_wconf 50' lang='lat' dir='ltr'><strong>scriptum</strong></span> <span class='ocrx_word' id='word_1_566' title='bbox 805 4675 973 4753; x_wconf 73' lang='lat' dir='ltr'><strong>edidit</strong></span> <span class='ocrx_word' id='word_1_567' title='bbox 1003 4693 1028 4753; x_wconf 87' lang='lat'><strong>:_</strong></span> <span class='ocrx_word' id='word_1_568' title='bbox 1055 4675 1267 4753; x_wconf 72' lang='lat' dir='ltr'><strong>inquo</strong></span> <span class='ocrx_word' id='word_1_569' title='bbox 1301 4694 1424 4753; x_wconf 79' lang='lat' dir='ltr'><strong>cum</strong></span> <span class='ocrx_word' id='word_1_570' title='bbox 1469 4675 1892 4753; x_wconf 78' lang='lat' dir='ltr'><strong>descriptionem</strong></span> <span class='ocrx_word' id='word_1_571' title='bbox 1935 4675 2488 4753; x_wconf 46' lang='lat' dir='ltr'><strong>quamdam&#39;faceret</strong></span> <span class='ocrx_word' id='word_1_572' title='bbox 2534 4682 2601 4735; x_wconf 92' lang='lat' dir='ltr'><strong>de</strong></span> <span class='ocrx_word' id='word_1_573' title='bbox 2645 4675 2918 4736; x_wconf 79' lang='lat' dir='ltr'><strong>sexdecim</strong></span> <span class='ocrx_word' id='word_1_574' title='bbox 2970 4696 3242 4734; x_wconf 89' lang='lat' dir='ltr'><strong>annorum</strong></span> <span class='ocrx_word' id='word_1_575' title='bbox 3286 4680 3513 4753; x_wconf 82' lang='lat' dir='ltr'><strong>circulo,</strong></span> <span class='ocrx_word' id='word_1_576' title='bbox 3549 4679 3644 4753; x_wconf 89' lang='lat' dir='ltr'><strong>qui</strong></span> <span class='ocrx_word' id='word_1_577' title='bbox 3689 4679 3747 4733; x_wconf 88' lang='lat' dir='ltr'><strong>in</strong></span> 
     </span>
    </p>
   </div>
   <div class='ocr_carea' id='block_1_85' title="bbox 487 4740 1696 4811">
    <p class='ocr_par' dir='ltr' id='par_1_85' title="bbox 487 4740 1696 4811">
     <span class='ocr_line' id='line_1_85' title="bbox 487 4740 1696 4811; baseline 0.009 -17"><span class='ocrx_word' id='word_1_578' title='bbox 487 4740 709 4797; x_wconf 71' lang='lat' dir='ltr'><strong>Pascha:</strong></span> <span class='ocrx_word' id='word_1_579' title='bbox 739 4744 950 4798; x_wconf 88' lang='lat' dir='ltr'><strong>ratione</strong></span> <span class='ocrx_word' id='word_1_580' title='bbox 978 4740 1256 4799; x_wconf 43' lang='lat' dir='ltr'><strong>observ—ari</strong></span> <span class='ocrx_word' id='word_1_581' title='bbox 1295 4748 1462 4811; x_wconf 86' lang='lat' dir='ltr'><strong>solet,</strong></span> <span class='ocrx_word' id='word_1_582' title='bbox 1510 4740 1696 4806; x_wconf 78' lang='lat' dir='ltr'><strong>nescio</strong></span> 
     </span>
    </p>
   </div>
   <div class='ocr_carea' id='block_1_86' title="bbox 485 4813 1724 4882">
    <p class='ocr_par' dir='ltr' id='par_1_86' title="bbox 485 4813 1724 4882">
     <span class='ocr_line' id='line_1_86' title="bbox 485 4813 1724 4882; baseline 0.008 -18"><span class='ocrx_word' id='word_1_583' title='bbox 485 4813 781 4868; x_wconf 84' lang='lat' dir='ltr'><strong>Alexandri</strong></span> <span class='ocrx_word' id='word_1_584' title='bbox 814 4813 1162 4882; x_wconf 82' lang='lat' dir='ltr'><strong>imperatoris</strong></span> <span class='ocrx_word' id='word_1_585' title='bbox 1190 4833 1393 4870; x_wconf 89' lang='lat' dir='ltr'><strong>annum</strong></span> <span class='ocrx_word' id='word_1_586' title='bbox 1426 4821 1724 4875; x_wconf 84' lang='lat' dir='ltr'><strong>concludit.</strong></span> 
     </span>
    </p>
   </div>
   <div class='ocr_carea' id='block_1_87' title="bbox 1784 4750 3748 4822">
    <p class='ocr_par' dir='ltr' id='par_1_87' title="bbox 1784 4750 3748 4822">
     <span class='ocr_line' id='line_1_87' title="bbox 1784 4750 3748 4822; baseline -0.002 -16"><span class='ocrx_word' id='word_1_587' title='bbox 1784 4767 1908 4806; x_wconf 93' lang='lat' dir='ltr'><strong>uam</strong></span> <span class='ocrx_word' id='word_1_588' title='bbox 1953 4750 2396 4822; x_wconf 68' lang='lat' dir='ltr'><strong>Supputationem</strong></span> <span class='ocrx_word' id='word_1_589' title='bbox 2443 4760 2698 4814; x_wconf 89' lang='lat' dir='ltr'><strong>secutus,</strong></span> <span class='ocrx_word' id='word_1_590' title='bbox 2753 4753 3006 4806; x_wconf 84' lang='lat' dir='ltr'><strong>universa</strong></span> <span class='ocrx_word' id='word_1_591' title='bbox 3051 4759 3293 4818; x_wconf 89' lang='lat' dir='ltr'><strong>tempora</strong></span> <span class='ocrx_word' id='word_1_592' title='bbox 3327 4750 3469 4822; x_wconf 85' lang='lat' dir='ltr'><strong>intra</strong></span> <span class='ocrx_word' id='word_1_593' title='bbox 3506 4752 3748 4819; x_wconf 90' lang='lat' dir='ltr'><strong>primum</strong></span> 
     </span>
    </p>
   </div>
   <div class='ocr_carea' id='block_1_88' title="bbox 1798 4821 3754 4891">
    <p class='ocr_par' dir='ltr' id='par_1_88' title="bbox 1798 4821 3754 4891">
     <span class='ocr_line' id='line_1_88' title="bbox 1798 4821 3754 4891; baseline -0.002 -16"><span class='ocrx_word' id='word_1_594' title='bbox 1798 4823 1861 4876; x_wconf 91' lang='lat' dir='ltr'><strong>ed</strong></span> <span class='ocrx_word' id='word_1_595' title='bbox 1890 4831 1944 4876; x_wconf 88' lang='lat' dir='ltr'><strong>et</strong></span> <span class='ocrx_word' id='word_1_596' title='bbox 1972 4823 2062 4876; x_wconf 89' lang='lat' dir='ltr'><strong>alii</strong></span> <span class='ocrx_word' id='word_1_597' title='bbox 2094 4823 2214 4891; x_wconf 89' lang='lat' dir='ltr'><strong>ejus</strong></span> <span class='ocrx_word' id='word_1_598' title='bbox 2260 4823 2427 4876; x_wconf 85' lang='lat' dir='ltr'><strong>libelli</strong></span> <span class='ocrx_word' id='word_1_599' title='bbox 2471 4832 2838 4891; x_wconf 80' lang='lat' dir='ltr'><strong>pervenerunt</strong></span> <span class='ocrx_word' id='word_1_600' title='bbox 2876 4822 2941 4875; x_wconf 90' lang='lat' dir='ltr'><strong>ad</strong></span> <span class='ocrx_word' id='word_1_601' title='bbox 2979 4835 3101 4885; x_wconf 92' lang='lat' dir='ltr'><strong>nos,</strong></span> <span class='ocrx_word' id='word_1_602' title='bbox 3144 4823 3198 4876; x_wconf 91' lang='lat' dir='ltr'><strong>id</strong></span> <span class='ocrx_word' id='word_1_603' title='bbox 3243 4821 3424 4891; x_wconf 82' lang='lat' dir='ltr'><strong>estin</strong></span> <span class='ocrx_word' id='word_1_604' title='bbox 3458 4821 3754 4874; x_wconf 81' lang='lat' dir='ltr'><strong>hexaeme-</strong></span> 
     </span>
    </p>
   </div>
   <div class='ocr_carea' id='block_1_89' title="bbox 486 4885 3752 4961">
    <p class='ocr_par' dir='ltr' id='par_1_89' title="bbox 486 4885 3752 4961">
     <span class='ocr_line' id='line_1_89' title="bbox 486 4885 3752 4961; baseline 0.003 -27"><span class='ocrx_word' id='word_1_605' title='bbox 486 4898 609 4943; x_wconf 90' lang='lat' dir='ltr'><strong>ron,</strong></span> <span class='ocrx_word' id='word_1_606' title='bbox 640 4892 692 4937; x_wconf 90' lang='lat' dir='ltr'><strong>et</strong></span> <span class='ocrx_word' id='word_1_607' title='bbox 720 4899 780 4936; x_wconf 85' lang='lat' dir='ltr'><strong>ea</strong></span> <span class='ocrx_word' id='word_1_608' title='bbox 813 4899 934 4961; x_wconf 78' lang='lat' dir='ltr'><strong>quae</strong></span> <span class='ocrx_word' id='word_1_609' title='bbox 973 4895 1098 4961; x_wconf 76' lang='lat' dir='ltr'><strong>post</strong></span> <span class='ocrx_word' id='word_1_610' title='bbox 1148 4885 1508 4961; x_wconf 72' lang='lat' dir='ltr'><strong>hexaemeron</strong></span> <span class='ocrx_word' id='word_1_611' title='bbox 1533 4893 1749 4961; x_wconf 84' lang='lat' dir='ltr'><strong>scripta</strong></span> <span class='ocrx_word' id='word_1_612' title='bbox 1797 4901 1946 4958; x_wconf 88' lang='lat' dir='ltr'><strong>sunt,</strong></span> <span class='ocrx_word' id='word_1_613' title='bbox 1987 4902 2043 4947; x_wconf 91' lang='lat' dir='ltr'><strong>et</strong></span> <span class='ocrx_word' id='word_1_614' title='bbox 2081 4885 2270 4947; x_wconf 80' lang='lat' dir='ltr'><strong>contra</strong></span> <span class='ocrx_word' id='word_1_615' title='bbox 2307 4885 2662 4952; x_wconf 75' lang='lat' dir='ltr'><strong>Marcibnem,</strong></span> <span class='ocrx_word' id='word_1_616' title='bbox 2695 4901 2749 4946; x_wconf 91' lang='lat' dir='ltr'><strong>et</strong></span> <span class='ocrx_word' id='word_1_617' title='bbox 2790 4893 2844 4946; x_wconf 91' lang='lat' dir='ltr'><strong>in</strong></span> <span class='ocrx_word' id='word_1_618' title='bbox 2887 4891 3170 4946; x_wconf 87' lang='lat' dir='ltr'><strong>Canticum</strong></span> <span class='ocrx_word' id='word_1_619' title='bbox 3216 4890 3580 4956; x_wconf 81' lang='lat' dir='ltr'><strong>canticorum,</strong></span> <span class='ocrx_word' id='word_1_620' title='bbox 3611 4899 3664 4961; x_wconf 92' lang='lat' dir='ltr'><strong>et</strong></span> <span class='ocrx_word' id='word_1_621' title='bbox 3690 4891 3752 4943; x_wconf 93' lang='lat' dir='ltr'><strong>in</strong></span> 
     </span>
    </p>
   </div>
   <div class='ocr_carea' id='block_1_90' title="bbox 484 4953 3750 5032">
    <p class='ocr_par' dir='ltr' id='par_1_90' title="bbox 484 4953 3750 5032">
     <span class='ocr_line' id='line_1_90' title="bbox 484 4953 3750 5032; baseline 0.003 -27"><span class='ocrx_word' id='word_1_622' title='bbox 484 4954 1018 5032; x_wconf 68' lang='lat' dir='ltr'><strong>partemquamdam</strong></span> <span class='ocrx_word' id='word_1_623' title='bbox 1053 4953 1351 5012; x_wconf 80' lang='lat' dir='ltr'><strong>Ezechielis</strong></span> <span class='ocrx_word' id='word_1_624' title='bbox 1390 4953 1684 5030; x_wconf 64' lang='lat' dir='ltr'><strong>prophetae,</strong></span> <span class='ocrx_word' id='word_1_625' title='bbox 1714 4971 1768 5017; x_wconf 88' lang='lat' dir='ltr'><strong>et</strong></span> <span class='ocrx_word' id='word_1_626' title='bbox 1796 4953 1987 5018; x_wconf 82' lang='lat' dir='ltr'><strong>contra</strong></span> <span class='ocrx_word' id='word_1_627' title='bbox 2028 4978 2219 5018; x_wconf 91' lang='lat' dir='ltr'><strong>omnes</strong></span> <span class='ocrx_word' id='word_1_628' title='bbox 2250 4963 2504 5019; x_wconf 51' lang='lat' dir='ltr'><strong>haereses.</strong></span> <span class='ocrx_word' id='word_1_629' title='bbox 2551 4961 2658 5017; x_wconf 90' lang='lat' dir='ltr'><strong>Sed</strong></span> <span class='ocrx_word' id='word_1_630' title='bbox 2706 4973 2762 5017; x_wconf 92' lang='lat' dir='ltr'><strong>et</strong></span> <span class='ocrx_word' id='word_1_631' title='bbox 2804 4963 2908 5017; x_wconf 87' lang='lat' dir='ltr'><strong>alia</strong></span> <span class='ocrx_word' id='word_1_632' title='bbox 2946 4964 3088 5032; x_wconf 89' lang='lat' dir='ltr'><strong>apud</strong></span> <span class='ocrx_word' id='word_1_633' title='bbox 3127 4953 3576 5031; x_wconf 27' lang='lat' dir='ltr'><strong>alios&#39;opuscula</strong></span> <span class='ocrx_word' id='word_1_634' title='bbox 3621 4960 3750 5028; x_wconf 91' lang='lat' dir='ltr'><strong>ejus</strong></span> 
     </span>
    </p>
   </div>
   <div class='ocr_carea' id='block_1_91' title="bbox 482 5022 1083 5078">
    <p class='ocr_par' dir='ltr' id='par_1_91' title="bbox 482 5022 1083 5078">
     <span class='ocr_line' id='line_1_91' title="bbox 482 5022 1083 5078; baseline 0.005 -3"><span class='ocrx_word' id='word_1_635' title='bbox 482 5022 716 5077; x_wconf 85' lang='lat' dir='ltr'><strong>inveniri</strong></span> <span class='ocrx_word' id='word_1_636' title='bbox 745 5033 954 5078; x_wconf 87' lang='lat' dir='ltr'><strong>certum</strong></span> <span class='ocrx_word' id='word_1_637' title='bbox 979 5033 1083 5078; x_wconf 88' lang='lat' dir='ltr'><strong>est.</strong></span> 
     </span>
    </p>
   </div>
   <div class='ocr_carea' id='block_1_92' title="bbox 553 5156 2058 5231">
    <p class='ocr_par' dir='ltr' id='par_1_92' title="bbox 553 5156 2058 5231">
     <span class='ocr_line' id='line_1_92' title="bbox 553 5156 2058 5231; baseline 0.008 -22"><span class='ocrx_word' id='word_1_638' title='bbox 553 5156 628 5231; x_wconf 64' lang='grc' dir='ltr'><strong>(ι)</strong></span> <span class='ocrx_word' id='word_1_639' title='bbox 676 5156 904 5231; x_wconf 66' lang='lat' dir='ltr'><strong>Rufinus</strong></span> <span class='ocrx_word' id='word_1_640' title='bbox 933 5157 1126 5230; x_wconf 79' lang='grc' dir='ltr'>ἐτέρας</span> <span class='ocrx_word' id='word_1_641' title='bbox 1145 5161 1344 5231; x_wconf 76' lang='lat' dir='ltr'><strong>retulit</strong></span> <span class='ocrx_word' id='word_1_642' title='bbox 1371 5163 1437 5216; x_wconf 85' lang='lat' dir='ltr'><strong>ad</strong></span> <span class='ocrx_word' id='word_1_643' title='bbox 1474 5163 1810 5231; x_wconf 85' lang='grc' dir='ltr'>φιλοκαλίας,</span> <span class='ocrx_word' id='word_1_644' title='bbox 1845 5180 1956 5220; x_wconf 88' lang='lat' dir='ltr'><strong>non</strong></span> <span class='ocrx_word' id='word_1_645' title='bbox 1991 5166 2058 5222; x_wconf 91' lang='lat' dir='ltr'><strong>ad</strong></span> 
     </span>
    </p>
   </div>
   <div class='ocr_carea' id='block_1_93' title="bbox 483 5228 2058 5303">
    <p class='ocr_par' dir='ltr' id='par_1_93' title="bbox 483 5228 2058 5303">
     <span class='ocr_line' id='line_1_93' title="bbox 483 5228 2058 5303; baseline 0.006 -23"><span class='ocrx_word' id='word_1_646' title='bbox 483 5228 797 5303; x_wconf 74' lang='grc' dir='ltr'>ἐκκλησίας,</span> <span class='ocrx_word' id='word_1_647' title='bbox 830 5239 888 5282; x_wconf 87' lang='grc' dir='ltr'><strong>ιιι</strong></span> <span class='ocrx_word' id='word_1_648' title='bbox 913 5228 1111 5303; x_wconf 82' lang='lat' dir='ltr'><strong>rectius</strong></span> <span class='ocrx_word' id='word_1_649' title='bbox 1135 5229 1262 5285; x_wconf 84' lang='lat' dir='ltr'><strong>fecit</strong></span> <span class='ocrx_word' id='word_1_650' title='bbox 1285 5228 1665 5303; x_wconf 76' lang='lat' dir='ltr'><strong>Hieronymus,</strong></span> <span class='ocrx_word' id='word_1_651' title='bbox 1691 5235 1849 5302; x_wconf 86' lang='lat' dir='ltr'><strong>cujus</strong></span> <span class='ocrx_word' id='word_1_652' title='bbox 1879 5236 2058 5290; x_wconf 90' lang='lat' dir='ltr'><strong>locum</strong></span> 
     </span>
    </p>
   </div>
   <div class='ocr_carea' id='block_1_94' title="bbox 483 5297 2054 5378">
    <p class='ocr_par' dir='ltr' id='par_1_94' title="bbox 483 5297 2054 5378">
     <span class='ocr_line' id='line_1_94' title="bbox 483 5297 2054 5378; baseline 0.005 -28"><span class='ocrx_word' id='word_1_653' title='bbox 483 5313 549 5378; x_wconf 73' lang='lat' dir='ltr'><strong>ex</strong></span> <span class='ocrx_word' id='word_1_654' title='bbox 575 5297 828 5378; x_wconf 43' lang='lat' dir='ltr'><strong>Crit-eing</strong></span> <span class='ocrx_word' id='word_1_655' title='bbox 850 5301 1317 5378; x_wconf 38' lang='lat' dir='ltr'><strong>scriptorum-ccci.</strong></span> <span class='ocrx_word' id='word_1_656' title='bbox 1349 5297 1517 5378; x_wconf 75' lang='lat' dir='ltr'><strong>habes</strong></span> <span class='ocrx_word' id='word_1_657' title='bbox 1545 5304 1707 5378; x_wconf 67' lang='lat' dir='ltr'><strong>infra.</strong></span> <span class='ocrx_word' id='word_1_658' title='bbox 1732 5297 1838 5359; x_wconf 72' lang='lat' dir='ltr'><strong>Pro</strong></span> <span class='ocrx_word' id='word_1_659' title='bbox 1863 5307 2054 5378; x_wconf 77' lang='grc' dir='ltr'>ἐκκλη-</span> 
     </span>
    </p>
   </div>
   <div class='ocr_carea' id='block_1_95' title="bbox 485 5367 2058 5441">
    <p class='ocr_par' dir='ltr' id='par_1_95' title="bbox 485 5367 2058 5441">
     <span class='ocr_line' id='line_1_95' title="bbox 485 5367 2058 5441; baseline 0.008 -23"><span class='ocrx_word' id='word_1_660' title='bbox 485 5367 602 5441; x_wconf 73' lang='grc' dir='ltr'>σίας</span> <span class='ocrx_word' id='word_1_661' title='bbox 637 5369 727 5441; x_wconf 82' lang='lat' dir='ltr'><strong>alii</strong></span> <span class='ocrx_word' id='word_1_662' title='bbox 756 5367 1279 5441; x_wconf 65' lang='grc' dir='ltr'>Ιεειιιιιπαροικίας,</span> <span class='ocrx_word' id='word_1_663' title='bbox 1329 5383 1386 5425; x_wconf 85' lang='grc' dir='ltr'><strong>ιιι</strong></span> <span class='ocrx_word' id='word_1_664' title='bbox 1413 5371 1569 5427; x_wconf 85' lang='lat' dir='ltr'><strong>Joan.</strong></span> <span class='ocrx_word' id='word_1_665' title='bbox 1603 5374 1820 5441; x_wconf 70' lang='lat' dir='ltr'><strong>Langus</strong></span> <span class='ocrx_word' id='word_1_666' title='bbox 1861 5376 1928 5429; x_wconf 89' lang='lat' dir='ltr'><strong>ad</strong></span> <span class='ocrx_word' id='word_1_667' title='bbox 1965 5367 2058 5430; x_wconf 86' lang='lat' dir='ltr'><strong>Ni-</strong></span> 
     </span>
    </p>
   </div>
   <div class='ocr_carea' id='block_1_96' title="bbox 482 5438 2056 5516">
    <p class='ocr_par' dir='ltr' id='par_1_96' title="bbox 482 5438 2056 5516">
     <span class='ocr_line' id='line_1_96' title="bbox 482 5438 2056 5516; baseline 0.009 -29"><span class='ocrx_word' id='word_1_668' title='bbox 482 5438 705 5516; x_wconf 52' lang='lat' dir='ltr'><strong>gaphori</strong></span> <span class='ocrx_word' id='word_1_669' title='bbox 733 5456 789 5516; x_wconf 45' lang='grc' dir='ltr'>γ,</span> <span class='ocrx_word' id='word_1_670' title='bbox 812 5438 898 5516; x_wconf 65' lang='lat' dir='ltr'><strong>i5,</strong></span> <span class='ocrx_word' id='word_1_671' title='bbox 929 5442 1022 5516; x_wconf 74' lang='lat' dir='ltr'><strong>qui</strong></span> <span class='ocrx_word' id='word_1_672' title='bbox 1045 5438 1249 5516; x_wconf 75' lang='lat' dir='ltr'><strong>_vei&#39;bis_</strong></span> <span class='ocrx_word' id='word_1_673' title='bbox 1271 5441 1487 5496; x_wconf 87' lang='lat' dir='ltr'><strong>Eusebii</strong></span> <span class='ocrx_word' id='word_1_674' title='bbox 1525 5444 1683 5516; x_wconf 88' lang='lat' dir='ltr'><strong>addit</strong></span> <span class='ocrx_word' id='word_1_675' title='bbox 1707 5438 2056 5516; x_wconf 67' lang='lat' dir='ltr'><strong>ﬂippolytum</strong></span> 
     </span>
    </p>
   </div>
   <div class='ocr_carea' id='block_1_97' title="bbox 485 5507 2058 5586">
    <p class='ocr_par' dir='ltr' id='par_1_97' title="bbox 485 5507 2058 5586">
     <span class='ocr_line' id='line_1_97' title="bbox 485 5507 2058 5586; baseline 0.01 -29"><span class='ocrx_word' id='word_1_676' title='bbox 485 5507 692 5586; x_wconf 56' lang='grc' dir='ltr'>Πόρτου</span> <span class='ocrx_word' id='word_1_677' title='bbox 736 5507 958 5586; x_wconf 64' lang='grc' dir='ltr'>Ῥώμης</span> <span class='ocrx_word' id='word_1_678' title='bbox 982 5511 1149 5564; x_wconf 70' lang='lat' dir='ltr'><strong>luisse</strong></span> <span class='ocrx_word' id='word_1_679' title='bbox 1169 5513 1518 5586; x_wconf 63' lang='lat' dir='ltr'><strong>episcopum;</strong></span> <span class='ocrx_word' id='word_1_680' title='bbox 1547 5515 1689 5581; x_wconf 88' lang='lat' dir='ltr'><strong>quod</strong></span> <span class='ocrx_word' id='word_1_681' title='bbox 1705 5507 1973 5586; x_wconf 69' lang='lat' dir='ltr'><strong>Eusebius</strong></span> <span class='ocrx_word' id='word_1_682' title='bbox 2003 5528 2058 5572; x_wconf 88' lang='lat' dir='ltr'><strong>et</strong></span> 
     </span>
    </p>
   </div>
   <div class='ocr_carea' id='block_1_98' title="bbox 485 5576 2057 5658">
    <p class='ocr_par' dir='ltr' id='par_1_98' title="bbox 485 5576 2057 5658">
     <span class='ocr_line' id='line_1_98' title="bbox 485 5576 2057 5658; baseline 0.01 -31"><span class='ocrx_word' id='word_1_683' title='bbox 485 5576 858 5658; x_wconf 64' lang='lat' dir='ltr'><strong>Hieronymus</strong></span> <span class='ocrx_word' id='word_1_684' title='bbox 879 5576 1026 5658; x_wconf 53' lang='lat' dir='ltr'><strong>ignes.</strong></span> <span class='ocrx_word' id='word_1_685' title='bbox 1039 5576 1219 5658; x_wconf 60' lang='lat' dir='ltr'><strong>nunt,</strong></span> <span class='ocrx_word' id='word_1_686' title='bbox 1235 5594 1299 5658; x_wconf 32' lang='lat' dir='ltr'><strong>.et</strong></span> <span class='ocrx_word' id='word_1_687' title='bbox 1324 5576 1415 5658; x_wconf 77' lang='lat' dir='ltr'><strong>qui</strong></span> <span class='ocrx_word' id='word_1_688' title='bbox 1442 5576 1753 5658; x_wconf 70' lang='lat' dir='ltr'><strong>Hieronymi</strong></span> <span class='ocrx_word' id='word_1_689' title='bbox 1797 5586 2057 5658; x_wconf 83' lang='lat' dir='ltr'><strong>insistunt</strong></span> 
     </span>
    </p>
   </div>
   <div class='ocr_carea' id='block_1_99' title="bbox 484 5649 2056 5721">
    <p class='ocr_par' dir='ltr' id='par_1_99' title="bbox 484 5649 2056 5721">
     <span class='ocr_line' id='line_1_99' title="bbox 484 5649 2056 5721; baseline 0.007 -22"><span class='ocrx_word' id='word_1_690' title='bbox 484 5649 730 5721; x_wconf 52' lang='lat' dir='ltr'><strong>yestigiis</strong></span> <span class='ocrx_word' id='word_1_691' title='bbox 775 5649 1020 5721; x_wconf 71' lang='lat' dir='ltr'><strong>juniores</strong></span> <span class='ocrx_word' id='word_1_692' title='bbox 1072 5651 1250 5704; x_wconf 71' lang='lat' dir='ltr'><strong>-atini</strong></span> <span class='ocrx_word' id='word_1_693' title='bbox 1274 5649 1458 5706; x_wconf 84' lang='lat' dir='ltr'><strong>‘etiam</strong></span> <span class='ocrx_word' id='word_1_694' title='bbox 1503 5649 1703 5708; x_wconf 67' lang='lat' dir='ltr'><strong>inﬁnim</strong></span> <span class='ocrx_word' id='word_1_695' title='bbox 1745 5657 1953 5721; x_wconf 67' lang='lat' dir='ltr'><strong>aetatis,</strong></span> <span class='ocrx_word' id='word_1_696' title='bbox 1996 5667 2056 5710; x_wconf 93' lang='lat' dir='ltr'><strong>ut</strong></span> 
     </span>
    </p>
   </div>
   <div class='ocr_carea' id='block_1_100' title="bbox 479 5715 2051 5844">
    <p class='ocr_par' dir='ltr' id='par_1_100' title="bbox 479 5715 2051 5844">
     <span class='ocr_line' id='line_1_100' title="bbox 479 5715 2051 5844; baseline 0.009 -75"><span class='ocrx_word' id='word_1_697' title='bbox 479 5715 804 5844; x_wconf 48' lang='grc' dir='ltr'><strong>⁸ξτὶῐὲίόειιιίιιε</strong></span> <span class='ocrx_word' id='word_1_698' title='bbox 836 5718 1232 5777; x_wconf 85' lang='lat' dir='ltr'><strong>Bellovacensis</strong></span> <span class='ocrx_word' id='word_1_699' title='bbox 1263 5721 1356 5778; x_wconf 90' lang='lat' dir='ltr'><strong>lib.</strong></span> <span class='ocrx_word' id='word_1_700' title='bbox 1391 5739 1466 5778; x_wconf 86' lang='lat' dir='ltr'><strong>xu</strong></span> <span class='ocrx_word' id='word_1_701' title='bbox 1510 5723 1722 5796; x_wconf 82' lang='lat' dir='ltr'><strong>Speculi</strong></span> <span class='ocrx_word' id='word_1_702' title='bbox 1759 5715 2051 5784; x_wconf 74' lang='lat' dir='ltr'><strong>historialis</strong></span> 
     </span>
    </p>
   </div>
   <div class='ocr_carea' id='block_1_101' title="bbox 2236 5169 3746 5298">
    <p class='ocr_par' dir='ltr' id='par_1_101' title="bbox 2236 5169 3746 5298">
     <span class='ocr_line' id='line_1_101' title="bbox 2236 5169 3746 5298; baseline -0.003 -70"><span class='ocrx_word' id='word_1_703' title='bbox 2236 5173 2408 5298; x_wconf 52' lang='grc' dir='ltr'>(Ἅγια</span> <span class='ocrx_word' id='word_1_704' title='bbox 2436 5175 2560 5230; x_wconf 90' lang='lat' dir='ltr'><strong>cod.</strong></span> <span class='ocrx_word' id='word_1_705' title='bbox 2589 5173 2784 5230; x_wconf 82' lang='lat' dir='ltr'><strong>Medic.</strong></span> <span class='ocrx_word' id='word_1_706' title='bbox 2813 5173 3012 5245; x_wconf 79' lang='lat' dir='ltr'><strong>legitur</strong></span> <span class='ocrx_word' id='word_1_707' title='bbox 3040 5173 3322 5245; x_wconf 84' lang='grc' dir='ltr'>προσθείς,</span> <span class='ocrx_word' id='word_1_708' title='bbox 3343 5173 3505 5238; x_wconf 88' lang='lat' dir='ltr'><strong>male,</strong></span> <span class='ocrx_word' id='word_1_709' title='bbox 3541 5178 3602 5225; x_wconf 95' lang='lat' dir='ltr'><strong>ut</strong></span> <span class='ocrx_word' id='word_1_710' title='bbox 3622 5169 3746 5239; x_wconf 91' lang='lat' dir='ltr'><strong>opi-</strong></span> 
     </span>
     <span class='ocr_line' id='line_1_102' title="bbox 2241 5261 2510 5298; baseline 0.007 -2"><span class='ocrx_word' id='word_1_711' title='bbox 2241 5261 2284 5298; x_wconf 83' lang='grc' dir='ltr'><strong>Γ.</strong></span> <span class='ocrx_word' id='word_1_712' title='bbox 2364 5261 2510 5298; x_wconf 77' lang='lat' dir='ltr'><strong>ALES.</strong></span> 
     </span>
    </p>
   </div>
   <div class='ocr_carea' id='block_1_102' title="bbox 2164 5259 2510 5300">
    <p class='ocr_par' dir='ltr' id='par_1_102' title="bbox 2164 5259 2510 5300">
     <span class='ocr_line' id='line_1_103' title="bbox 2164 5259 2510 5300; baseline 0.009 -3"><span class='ocrx_word' id='word_1_713' title='bbox 2164 5259 2284 5298; x_wconf 81' lang='grc' dir='ltr'>ΠΟΓ.</span> <span class='ocrx_word' id='word_1_714' title='bbox 2323 5259 2510 5300; x_wconf 74' lang='grc' dir='ltr'>νΑιες.</span> 
     </span>
    </p>
   </div>
   <div class='ocr_carea' id='block_1_103' title="bbox 2237 5310 3743 5384">
    <p class='ocr_par' dir='ltr' id='par_1_103' title="bbox 2237 5310 3743 5384">
     <span class='ocr_line' id='line_1_104' title="bbox 2237 5310 3743 5384; baseline -0.006 -14"><span class='ocrx_word' id='word_1_715' title='bbox 2237 5316 2314 5384; x_wconf 80' lang='grc'><strong>(5)</strong></span> <span class='ocrx_word' id='word_1_716' title='bbox 2346 5315 2423 5369; x_wconf 89' lang='lat' dir='ltr'><strong>lta</strong></span> <span class='ocrx_word' id='word_1_717' title='bbox 2454 5315 2736 5384; x_wconf 81' lang='lat' dir='ltr'><strong>legendum</strong></span> <span class='ocrx_word' id='word_1_718' title='bbox 2765 5317 2909 5379; x_wconf 90' lang='lat' dir='ltr'><strong>(cum</strong></span> <span class='ocrx_word' id='word_1_719' title='bbox 2937 5314 3125 5369; x_wconf 70' lang='lat' dir='ltr'><strong>Graeco</strong></span> <span class='ocrx_word' id='word_1_720' title='bbox 3147 5310 3464 5384; x_wconf 74' lang='lat' dir='ltr'><strong>interprete)</strong></span> <span class='ocrx_word' id='word_1_721' title='bbox 3481 5325 3578 5380; x_wconf 87' lang='lat' dir='ltr'><strong>pro</strong></span> <span class='ocrx_word' id='word_1_722' title='bbox 3600 5310 3743 5380; x_wconf 78' lang='grc' dir='ltr'>πρὸς</span> 
     </span>
    </p>
   </div>
   <div class='ocr_carea' id='block_1_104' title="bbox 2161 5382 3508 5456">
    <p class='ocr_par' dir='ltr' id='par_1_104' title="bbox 2161 5382 3508 5456">
     <span class='ocr_line' id='line_1_105' title="bbox 2161 5382 3508 5456; baseline -0.002 -18"><span class='ocrx_word' id='word_1_723' title='bbox 2161 5382 2405 5456; x_wconf 77' lang='grc' dir='ltr'>ὁμιλιῶν,</span> <span class='ocrx_word' id='word_1_724' title='bbox 2440 5382 2529 5439; x_wconf 80' lang='lat' dir='ltr'><strong>vel</strong></span> <span class='ocrx_word' id='word_1_725' title='bbox 2547 5395 2615 5439; x_wconf 85' lang='lat' dir='ltr'><strong>ut</strong></span> <span class='ocrx_word' id='word_1_726' title='bbox 2646 5387 2736 5439; x_wconf 86' lang='lat' dir='ltr'><strong>alii</strong></span> <span class='ocrx_word' id='word_1_727' title='bbox 2768 5385 2895 5456; x_wconf 75' lang='grc' dir='ltr'>περὶ</span> <span class='ocrx_word' id='word_1_728' title='bbox 2925 5382 3508 5456; x_wconf 43' lang='grc' dir='ltr'>ὁμιλιῶνηῐῗΑιιιιιειυε.</span> 
     </span>
    </p>
   </div>
   <div class='ocr_carea' id='block_1_105' title="bbox 2237 5449 3748 5526">
    <p class='ocr_par' dir='ltr' id='par_1_105' title="bbox 2237 5449 3748 5526">
     <span class='ocr_line' id='line_1_106' title="bbox 2237 5449 3748 5526; baseline -0.003 -16"><span class='ocrx_word' id='word_1_729' title='bbox 2237 5457 2311 5522; x_wconf 69' lang='lat'><strong>(4)</strong></span> <span class='ocrx_word' id='word_1_730' title='bbox 2356 5456 2720 5526; x_wconf 86' lang='lat' dir='ltr'><strong>Sophronius,</strong></span> <span class='ocrx_word' id='word_1_731' title='bbox 2749 5449 2863 5510; x_wconf 80' lang='lat' dir='ltr'><strong>sive</strong></span> <span class='ocrx_word' id='word_1_732' title='bbox 2893 5449 3142 5525; x_wconf 78' lang='lat' dir='ltr'><strong>quisquis</strong></span> <span class='ocrx_word' id='word_1_733' title='bbox 3172 5453 3275 5508; x_wconf 77' lang='lat' dir='ltr'><strong>fuit</strong></span> <span class='ocrx_word' id='word_1_734' title='bbox 3305 5455 3570 5526; x_wconf 84' lang='lat' dir='ltr'><strong>interpres</strong></span> <span class='ocrx_word' id='word_1_735' title='bbox 3592 5449 3748 5526; x_wconf 73' lang='lat' dir='ltr'><strong>Grae-</strong></span> 
     </span>
    </p>
   </div>
   <div class='ocr_carea' id='block_1_106' title="bbox 2165 5521 3745 5591">
    <p class='ocr_par' dir='ltr' id='par_1_106' title="bbox 2165 5521 3745 5591">
     <span class='ocr_line' id='line_1_107' title="bbox 2165 5521 3745 5591; baseline -0.003 -14"><span class='ocrx_word' id='word_1_736' title='bbox 2165 5521 2594 5590; x_wconf 9' lang='lat' dir='ltr'><strong>cusr&#39;recentior,</strong></span> <span class='ocrx_word' id='word_1_737' title='bbox 2649 5521 3169 5580; x_wconf 56' lang='lat' dir='ltr'><strong>vitiosam&#39;secutus</strong></span> <span class='ocrx_word' id='word_1_738' title='bbox 3217 5533 3302 5578; x_wconf 88' lang='lat' dir='ltr'><strong>est</strong></span> <span class='ocrx_word' id='word_1_739' title='bbox 3346 5521 3745 5591; x_wconf 74' lang='lat' dir='ltr'><strong>inter-punctio-</strong></span> 
     </span>
    </p>
   </div>
   <div class='ocr_carea' id='block_1_107' title="bbox 2163 5591 3744 5666">
    <p class='ocr_par' dir='ltr' id='par_1_107' title="bbox 2163 5591 3744 5666">
     <span class='ocr_line' id='line_1_108' title="bbox 2163 5591 3744 5666; baseline -0.002 -18"><span class='ocrx_word' id='word_1_740' title='bbox 2163 5611 2308 5658; x_wconf 90' lang='lat' dir='ltr'><strong>nem,</strong></span> <span class='ocrx_word' id='word_1_741' title='bbox 2341 5613 2463 5666; x_wconf 63' lang='lat' dir='ltr'><strong>quae</strong></span> <span class='ocrx_word' id='word_1_742' title='bbox 2489 5596 2652 5650; x_wconf 87' lang='lat' dir='ltr'><strong>etiam</strong></span> <span class='ocrx_word' id='word_1_743' title='bbox 2687 5598 2738 5666; x_wconf 86' lang='lat' dir='ltr'><strong>in</strong></span> <span class='ocrx_word' id='word_1_744' title='bbox 2781 5595 3032 5665; x_wconf 89' lang='lat' dir='ltr'><strong>pluribus</strong></span> <span class='ocrx_word' id='word_1_745' title='bbox 3062 5593 3386 5666; x_wconf 68' lang='lat' dir='ltr'><strong>Hieronymi</strong></span> <span class='ocrx_word' id='word_1_746' title='bbox 3409 5591 3744 5666; x_wconf 75' lang='lat' dir='ltr'><strong>editionibus</strong></span> 
     </span>
    </p>
   </div>
   <div class='ocr_carea' id='block_1_108' title="bbox 2161 5661 3741 5735">
    <p class='ocr_par' dir='ltr' id='par_1_108' title="bbox 2161 5661 3741 5735">
     <span class='ocr_line' id='line_1_109' title="bbox 2161 5661 3741 5735; baseline -0.003 -16"><span class='ocrx_word' id='word_1_747' title='bbox 2161 5661 2642 5735; x_wconf 50' lang='lat' dir='ltr'><strong>exstatfprtesente</strong></span> <span class='ocrx_word' id='word_1_748' title='bbox 2675 5661 2896 5734; x_wconf 69' lang='grc' dir='ltr'><strong>Ονὶᾑεηε</strong></span> <span class='ocrx_word' id='word_1_749' title='bbox 2923 5683 2978 5719; x_wconf 78' lang='grc' dir='ltr'><strong>δε</strong></span> <span class='ocrx_word' id='word_1_750' title='bbox 3001 5666 3144 5735; x_wconf 82' lang='lat' dir='ltr'><strong>loqui</strong></span> <span class='ocrx_word' id='word_1_751' title='bbox 3174 5666 3227 5718; x_wconf 83' lang='lat' dir='ltr'><strong>in</strong></span> <span class='ocrx_word' id='word_1_752' title='bbox 3258 5661 3500 5719; x_wconf 75' lang='lat' dir='ltr'><strong>Ecclesia</strong></span> <span class='ocrx_word' id='word_1_753' title='bbox 3527 5661 3741 5732; x_wconf 69' lang='lat' dir='ltr'><strong>signiﬁ-</strong></span> 
     </span>
    </p>
   </div>
   <div class='ocr_carea' id='block_1_109' title="bbox 2162 5735 3211 5808">
    <p class='ocr_par' dir='ltr' id='par_1_109' title="bbox 2162 5735 3211 5808">
     <span class='ocr_line' id='line_1_110' title="bbox 2162 5735 3211 5808; baseline 0.002 -20"><span class='ocrx_word' id='word_1_754' title='bbox 2162 5746 2246 5792; x_wconf 86' lang='lat' dir='ltr'><strong>cat</strong></span> <span class='ocrx_word' id='word_1_755' title='bbox 2280 5738 2334 5791; x_wconf 84' lang='lat' dir='ltr'><strong>in</strong></span> <span class='ocrx_word' id='word_1_756' title='bbox 2365 5737 2519 5808; x_wconf 76' lang='lat' dir='ltr'><strong>huius</strong></span> <span class='ocrx_word' id='word_1_757' title='bbox 2549 5737 2960 5800; x_wconf 74' lang='lat' dir='ltr'><strong>cemulationem.</strong></span> <span class='ocrx_word' id='word_1_758' title='bbox 2993 5735 3211 5792; x_wconf 60' lang='lat' dir='ltr'><strong>Fxnmc.</strong></span> 
     </span>
    </p>
   </div>
  </div>
