4128 6444
1372 385 1379 416 l

394 434 518 490 573
1372 413 1377 416 ⁷
1744 413 1832 497 De
1871 442 1927 498 s.
1971 436 2376 498 lllPPOLYTO.
3584 429 3691 485 ὅτι

388 556 566 619 θείας
637 558 1093 628 ὕπομνηματίσαι
1145 558 1385 630 Γραφὰς,
1444 557 1814 632 παρεσχηκὼς
1866 558 2006 629 αὐτῷ

2069 572 2086 618 l
2117 559 2260 627 plius
2287 556 2555 622 notarios,
2589 566 2889 623 eorumque
2934 565 3226 622 expensas,
3257 557 3308 604 et
3341 548 3690 603 librariorum

385 646 550 699 ἑπτὰ
598 648 706 700 καὶ
737 646 956 711 πλείους
988 649 1268 721 νοταρίους
1287 689 1302 714 ,
1337 650 1431 702 καὶ
1457 649 1556 713 τὰς
1587 649 1791 704 τούτων
1837 647 2006 703 δαπά‹

2119 663 2305 718 parem
2334 659 2644 708 numerum,
2675 644 2928 715 quodque
2965 644 3052 699 his
3097 643 3274 711 majus
3310 649 3414 706 est,
3456 639 3691 692 incredi-

387 755 500 801 νας
522 778 539 802 ,
579 742 692 793 καὶ
718 738 1124 811 καλλιγράφους
1168 739 1260 793 τὸν
1306 737 1422 795 ἴσον
1457 741 1712 812 ἀριθμὸν,
1742 743 1836 795 καὶ
1867 742 2006 812 ὅπερ

2113 739 2212 794 bili
2261 739 2446 794 studio
2483 736 2727 806 quotidie
2767 734 2837 789 ab
2875 751 2940 789 eo
2975 751 3114 804 opus
3154 734 3397 804 exigens.
3445 728 3599 786 Unde
3632 730 3688 783 in

385 829 520 880 ἐστὶ
563 831 785 899 μεῖζον,
813 830 1122 901 ἀνυποίστῳ
1156 831 1360 902 σπουδῇ
1394 831 1654 885 ἑκάστοτε
1680 831 1842 903 ἔργον
1874 833 2006 902 παρ’

2115 830 2355 900 quadam
2390 827 2619 897 epistola
2663 823 3026 897 ὲργοδιώκτην
3055 823 3314 893 Origenes
3347 839 3471 878 eum
3508 831 3687 878 vocat.

385 919 576 973 αὑτοῦ
624 921 900 979 ἀπαιτῶν.
940 922 1030 975 Διὸ
1075 923 1133 975 ἐν
1183 924 1281 994 μιᾷ
1333 923 1590 995 ἐπιστολῇ
1631 921 2036 992 ἐργοδιώκτην
2075 921 2239 974 αὐτὸν
2279 919 2558 990 Ὠριγὲνης
2581 917 2755 972 καλεῖ.

2007 1016 2096 1072 1V.

1269 1133 1506 1189 Andreas
1539 1134 1884 1190 Ctesariensis
1910 1136 1964 1189 in
1988 1134 2321 1204 Apocalyps.
2358 1148 2479 1196 xm,
2513 1133 2565 1198 1,
2599 1148 2721 1201 pag.
2753 1130 2840 1186 70.

462 1244 654 1310 Τινὲς
683 1249 780 1318 μὲν
809 1250 874 1302 τὸ
903 1253 1108 1318 θηρίον
1130 1251 1286 1306 τοῦτο
1315 1253 1732 1326 δευτερεύουσάν
1763 1271 1883 1308 τινα
1911 1253 2001 1307 δύ-

2181 1251 2412 1318 Quidam
2467 1265 2567 1321 per
2622 1249 2764 1305 hanc
2816 1248 3034 1302 bestiam
3097 1246 3370 1316 accipiunt
3429 1244 3684 1298 virtutem

381 1354 575 1408 ναμιν
604 1338 707 1390 τοῦ
747 1340 978 1408 Σατανᾶ,
1011 1341 1117 1395 τῶν
1151 1343 1352 1407 λοιπῶν
1397 1343 1667 1415 δαιμόνων
1698 1344 1998 1416 ἄρχουσαν,

2106 1343 2399 1414 quamdam
2446 1341 2656 1396 viribus
2699 1351 2752 1395 et
2795 1340 3035 1409 nequitia
3085 1337 3283 1393 Satana
3333 1334 3684 1394 inferiorem.

381 1430 737 1502 ὲξειλήφασι
758 1449 771 1462 ⁸
798 1432 859 1486 τὸ
907 1433 964 1486 δὲ
998 1435 1113 1504 μετ’
1145 1435 1276 1489 αὐτὸ
1307 1438 1371 1488 ὲκ
1413 1435 1511 1507 τῆς
1551 1437 1654 1506 γῆς
1699 1436 1846 1488 ἀνιὸν
1866 1477 1879 1501 ,
1907 1435 2000 1489 τὸν

2105 1435 2318 1492 caeteris
2356 1441 2538 1487 autem
2578 1418 2916 1486 daemonibus
2947 1439 3179 1499 utroque
3211 1443 3409 1499 genere
3439 1427 3686 1481 eminen-

379 1520 809 1594 Ἀντίχριστον.
855 1524 979 1587 Τοῖς
1017 1513 1074 1578 δέ
1133 1525 1326 1592 ἁγίοις,
1377 1509 1635 1594 Μεθοδίφ
1673 1526 1767 1579 καὶ
1811 1526 1996 1580 Ἱππο-

2103 1528 2297 1582 tiorem
2327 1545 2339 1580 :
2367 1541 2465 1595 per
2494 1524 2722 1578 bestiam
2765 1537 2897 1578 vero
2942 1535 3065 1590 quae
3103 1521 3267 1591 paulo
3310 1527 3435 1589 post
3471 1533 3501 1572 e
3539 1526 3684 1571 terra

379 1611 546 1684 λύτῳ
591 1615 698 1667 καὶ
742 1613 968 1685 ἑτέροις,
1014 1617 1094 1678 εἰς
1136 1614 1345 1688 [αὑτὸν]
1390 1616 1480 1669 τὸν
1526 1616 1889 1686 Ἀντίχριστον
1933 1616 1997 1669 τὸ

2102 1620 2354 1689 emergit,
2385 1616 2782 1672 Antichristum
2815 1615 3012 1684 ipsum.
3040 1614 3109 1666 At
3135 1622 3356 1668 sanctus
3376 1609 3682 1663 Methodius

382 1704 584 1776 παρὸν
633 1705 820 1776 θηρίον
849 1706 1194 1777 ὲξείληπται·
1229 1710 1294 1762 ὲκ
1337 1708 1437 1777 τῆς
1488 1707 1866 1779 πολυταράχου
1899 1708 1994 1762 τοῦ

2100 1721 2156 1766 et
2187 1710 2530 1781 Hippolytus,
2571 1716 2627 1762 et
2676 1707 2767 1760 alii
2813 1716 3044 1768 veteres,
3088 1706 3154 1759 de
3188 1707 3305 1774 ipso
3348 1703 3684 1756 Antichristo

383 1793 513 1864 βίου
577 1797 780 1849 τούτου
838 1796 1112 1869 θαλάσσης
1154 1799 1247 1852 καὶ
1299 1798 1669 1870 πολυκύμονος
1701 1800 1993 1872 ἐξερχόμε-

2098 1811 2422 1872 praesentem
2452 1801 2634 1854 locum
2667 1798 3005 1866 interpretati
3047 1805 3200 1863 sunt;
3248 1806 3306 1849 ut
3345 1795 3438 1864 qui
3467 1810 3535 1848 ex
3569 1803 3683 1847 tur-

379 1903 504 1940 νον.
549 1888 644 1942 Τὰ
694 1887 751 1940 δὲ
783 1887 927 1942 δέκα
968 1890 1185 1958 κέρατα
1240 1891 1336 1944 σὺν
1367 1892 1482 1953 τοῖς
1534 1891 1865 1962 διαδήμασι,
1899 1891 1992 1944 καὶ

2098 1893 2318 1946 bulento
2338 1892 2748 1961 plurimumque
2771 1890 2982 1944 undoso
3006 1889 3128 1943 vita:
3151 1888 3313 1957 hujus
3336 1891 3474 1940 mari
3495 1892 3681 1955 egres-

379 1981 441 2032 αἱ
479 1980 654 2032 ἑπτὰ
687 1981 979 2049 κεφαλαὶ,
1015 1984 1113 2053 τήν
1144 1999 1202 2035 τε
1258 1981 1354 2035 τοῦ
1387 1983 1632 2037 διαϐόλου
1667 1984 1801 2054 πρὸς
1828 1984 1991 2038 αὐτὸν

2093 1997 2258 2037 surus
2287 1981 2382 2036 sit.
2422 1980 2526 2037 Per
2566 1981 2740 2035 decem
2772 1990 2955 2034 autem
2996 1995 3197 2033 cornua
3227 1977 3452 2032 totidem
3495 1975 3684 2030 diade-

382 2071 513 2141 [τὸν
596 2071 988 2145 ⁵Αντὶχριστον]
1045 2074 1236 2127 ἕνωσιν
1290 2074 1582 2129 αἰνίττεται
1627 2075 1830 2148 (ταῦτα
1858 2066 2006 2148 ,γὰρ’

2098 2077 2262 2131 matis
2311 2083 2613 2141 exornata,
2661 2082 2714 2128 et
2762 2081 2954 2142 septem
3004 2071 3203 2142 capita,
3257 2069 3680 2124 familiaritatem

380 2158 540 2232 [καὶ]
587 2161 744 2232 αὐτῷ
774 2142 1070 2234 προσόντα
1107 2161 1361 2237 ἀνωτέρω
1389 2142 1772 2236 ἡρμήνευται),
1794 2142 1905 2237 τήν
1931 2142 1990 2218 τε

2097 2167 2244 2222 illam
2275 2166 2527 2221 denotari
2559 2166 2769 2229 volunt,
2798 2179 2922 2234 quae
2946 2164 3087 2217 inter
3115 2165 3293 2233 ipsum
3320 2171 3374 2216 et
3402 2159 3680 2214 diabolum

381 2254 470 2314 είς
493 2252 647 2306 δέκα
679 2254 778 2324 τῆς
802 2256 995 2325 γηῖνης
1021 2254 1294 2323 βασιλείας
1327 2255 1414 2308 ἐπ’
1440 2256 1682 2326 ἐσχάτων
1703 2256 1986 2326 διαίρεσιν,

2096 2259 2396 2314 intercedet
2438 2260 2586 2328 (nam
2641 2259 2757 2312 haec
2803 2258 2881 2311 illi
2924 2255 3092 2310 affore
3129 2256 3244 2325 jam
3291 2262 3419 2308 ante
3460 2268 3681 2323 quoque

379 2345 488 2397 καὶ
517 2345 632 2416 τὴν
671 2345 747 2415 τῷ
769 2345 958 2417 κόσμῳ
988 2346 1162 2418 τούτῳ
1190 2347 1473 2416 σύστοιχον
1507 2347 1866 2419 ἑϐδοματικὴν
1893 2347 1990 2418 βα-

2094 2352 2392 2406 indicatum
2438 2353 2564 2421 est),
2621 2349 2881 2420 regnique
2923 2349 3124 2404 terreni
3166 2349 3222 2402 in
3275 2348 3458 2402 decem
3493 2357 3679 2416 partes

381 2433 634 2500 σιλείανζ
661 2436 801 2491 ἑπτὰ
843 2438 940 2508 μὲν
989 2439 1226 2509 ἡμέραις
1258 2439 1721 2509 ὲκμετρουμένην,
1757 2438 1897 2491 ἑπτὰ
1931 2439 2006 2490 δὲ’

2093 2443 2393 2497 sectionem
2421 2459 2436 2509 ;
2477 2452 2532 2497 et
2566 2457 2792 2513 regnum
2816 2448 3074 2509 prieterea
3098 2438 3464 2508 septenarium
3488 2438 3679 2491 mundi

378 2523 680 2596 διαδοχαῖς
716 2526 1094 2600 διαιρουμένην
1120 2569 1134 2594 ,
1170 2529 1246 2593 ὡς
1276 2529 1336 2583 ὲν
1364 2531 1478 2593 τοῖς
1510 2529 1636 2602 ἑξῆς
1664 2515 1983 2602 ῥηθήσεται.

2092 2533 2260 2602 hujus
2301 2534 2490 2588 cursui
2523 2532 2922 2588 conformatum
2944 2572 2958 2598 ,
2987 2546 3190 2601 septem
3221 2529 3441 2599 quidem
3465 2530 3675 2582 dierum

383 2618 583 2686 spatio
616 2619 1029 2689 dimensurn,et
1055 2622 1110 2676 in
1134 2630 1340 2692 septem
1368 2639 1588 2678 rursum
1641 2616 2019 2680 successiones
2056 2624 2438 2697 distributum;
2479 2635 2646 2697 prout
2702 2626 2756 2680 in
2803 2625 3156 2695 sequentibus
3185 2623 3347 2678 latius
3409 2623 3462 2676 id
3502 2621 3673 2691 expli-

380 2713 643 2768 cabitur.
1143 2753 1149 2760 ι
2932 2741 2934 2744 '

1453 2808 1679 2866 Idemin
1697 2812 2025 2887 Apocalyps.
2056 2833 2180 2882 xnt,
2211 2812 2301 2879 18,
2368 2827 2494 2881 pag.
2527 2809 2617 2865 75.

454 2912 575 2968 Καὶ
612 2915 715 2987 τὴν
753 2918 850 2988 μὲν
881 2919 1165 2991 ἀκρίϐειαν
1222 2923 1321 2994 τῆς
1377 2922 1592 2996 ψήφου,
1642 2927 1719 2992 ὼς
1778 2929 1872 2982 καὶ
1918 2929 1990 2983 τὰ

2160 2930 2486 2983 Accuratam
2545 2922 2739 2978 calculi
2784 2921 3069 2986 notitiam,
3115 2929 3177 2975 ut
3221 2921 3430 2990 reliqua
3484 2918 3670 2972 itidem

378 3002 556 3057 λοιπὰ
612 3005 685 3059 τὰ
731 3009 858 3080 περὶ
891 3010 1054 3064 αὐτοῦ
1081 3013 1458 3084 γεγραμμένα,
1485 3018 1512 3068 ό
1552 3017 1744 3088 χρόνος
1775 3019 1986 3072 ἀποκα-

2087 3035 2212 3090 quae
2233 3019 2300 3073 de
2321 3016 2661 3082 Anticliristo
2688 3014 2890 3084 scripta
2919 3021 3155 3077 exstant,
3183 3022 3396 3083 tempus
3427 3024 3478 3066 et
3509 3027 3672 3080 expe-

374 3094 543 3166 λύψει
580 3099 675 3151 καὶ
702 3100 734 3171 ή
768 3103 932 3171 πεῖρα
962 3105 1075 3166 τοῖς
1101 3105 1379 3174 νήφουσιν.
1413 3106 1476 3158 Εἰ
1504 3107 1612 3179 γὰρ
1647 3108 1772 3174 ἔδει,
1797 3109 1984 3174 καθώς

2087 3111 2283 3166 rientia
2338 3109 2470 3164 viris
2523 3107 2884 3177 prudentibus
2932 3117 2986 3161 et
3028 3106 3226 3163 sobriis
3269 3103 3664 3160 manifestabit.

377 3190 520 3256 φασί
597 3208 743 3255 τινες
791 3193 900 3247 τῶν
949 3194 1307 3260 διδασκάλων,
1359 3199 1546 3268 σαφῶς
1579 3202 1886 3271 γνωσθῆναι
1916 3202 1978 3255 τὸ

2087 3201 2225 3258 Nam
2258 3203 2303 3258 si
2334 3201 2391 3256 in
2425 3199 2698 3271 exquisita
2735 3200 2978 3256 nominis
3013 3199 3177 3270 hujus
3208 3199 3516 3268 cognitione
3546 3213 3665 3252 ma-

375 3282 637 3336 τοιοῦτον
679 3284 869 3356 ὄνομα,
916 3287 1292 3360 ότεθεαμένος
1325 3291 1391 3345 ἂν
1440 3293 1571 3346 αὐτὸ
1609 3293 1976 3364 ἀπεκάλυψεν.

2084 3311 2250 3366 gnum
2283 3293 2502 3362 aliquod
2533 3309 2712 3363 operae
2737 3293 2974 3363 pretium
3006 3293 3170 3347 situm
3213 3300 3379 3355 esset,
3429 3291 3518 3345 ille
3558 3290 3666 3344 uti-

391 3375 572 3430 Ἀλλὰ
592 3377 707 3430 οὐκ
741 3353 1032 3450 εὸδόκησεν
1059 3383 1092 3452 ἡ
1127 3353 1245 3436 θεῖα
1274 3353 1439 3456 χάρις
1474 3387 1531 3438 ὲν
1569 3385 1689 3456 θείᾳ
1719 3353 1886 3458 βίϐλιρ
1916 3387 1978 3442 τὸ

2085 3400 2192 3455 que
2221 3385 2314 3455 qui
2339 3384 2602 3439 visionem
2638 3383 2936 3451 impressit,
2971 3390 3031 3436 ut
3061 3390 3272 3437 veteres
3302 3391 3448 3449 recte
3475 3383 3665 3436 admo-

379 3467 476 3520 τοῦ
508 3469 795 3540 λυμεῶνος
828 3472 998 3543 ὄνομα
1027 3475 1323 3546 γραφῆναι.
1371 3477 1460 3539 Ὠς
1493 3478 1550 3530 ὲν
1582 3478 1892 3548 γυμνασίας
1915 3496 1976 3534 τε

377 3553 560 3629 λόγῳ,
599 3557 768 3613 πολλὰ
801 3559 950 3614 ἔστιν
997 3565 1178 3638 εὑρεῖν
1199 3604 1216 3628 ,
1246 3566 1389 3620 κατὰ
1423 3567 1511 3621 τὸν
1562 3567 1829 3639 μακάριον
1861 3569 1974 3621 Ἰπ-

379 3649 625 3702 πόλυτον
673 3650 766 3703 καὶ
819 3653 1058 3726 ἑτέρους,
1096 3656 1336 3726 ὀνόματα
1375 3659 1466 3713 τὸν
1518 3659 1750 3730 ἀριθμὸν
1791 3661 1980 3715 τοῦτον

379 3740 750 3824 περιέχοντα,
778 3747 1161 3818 προσηγορικὰ
1190 3766 1248 3802 τε
1282 3751 1379 3804 καὶ
1421 3749 1607 3822 κύρια.
1641 3753 1822 3824 Κύρια
1855 3753 1976 3823 μὲν,

378 3815 498 3927 οἷον
531 3831 858 3905 Λαμπέτης,
891 3815 1106 3903 Τειτάν,
1139 3839 1204 3892 ὲκ
1234 3839 1328 3893 τοῦ
1354 3815 1545 3904 τείν-(ὸ,
1580 3841 1700 3894 καθ’
1730 3815 1976 3896 ἒΙππόλυλ

375 3923 506 3976 τον·
543 3924 826 3992 Λατεῖνος,
863 3929 1066 3999 ὁμοίως
1101 3929 1215 4002 [διὰ
1249 3931 1598 4006 διφθόγγου·]
1631 3923 1973 3996 Βενέδικτος’

263 4093 268 4100 ῃ
328 4031 338 4040 ⁸
377 4012 526 4088 ὅπερ
573 4017 935 4088 ἑρμηνεύεται
978 4021 1403 4097 εὐλογημένοςῆ
1457 4025 1777 4094 εὐλογητὸς·
1830 4024 1971 4078 κατὰ

384 4105 627 4178 μίμησιν
654 4109 817 4179 τυχὸν
837 4110 932 4164 τοῦ
966 4111 1180 4183 ἀληθῶς
1212 4113 1575 4185 εὐλογημένου
1610 4114 1850 4186 Χριστοῦ
1875 4114 1968 4169 τοῦ

383 4196 526 4251 Θεοῦ
567 4201 599 4270 ή
609 4198 745 4269 μῶν.
774 4201 1160 4275 Προσηγορικὰ
1196 4205 1252 4258 δὲ
1272 4247 1287 4273 ,
1317 4205 1504 4269 Κακὸς
1526 4206 1740 4277 δδηγὸς,
1763 4205 1968 4259 Παλαι-

385 4288 684 4355 ϐάσκανος,
719 4292 966 4363 Ἀληθῶς
992 4295 1282 4367 βλαϐερὸς,
1327 4296 1521 4367 Ἀμνὸς
1552 4297 1764 4360 ἄδικος·
1795 4292 1876 4361 οἷς
1901 4299 1968 4352 ὲκ

379 4380 494 4435 τῶν
529 4385 953 4456 ἐναντιουμένων
977 4390 1042 4457 τῇ
1071 4387 1244 4460 πλάνῃ
1279 4387 1725 4461 ὲπικληθήσεται,
1758 4388 1856 4461 τὴν
1881 4391 1961 4444 οξ·
2005 4416 2008 4420 ·

384 4471 542 4526 κείαν
568 4471 725 4537 δόξαν
750 4475 807 4526 ὲν
839 4475 1068 4548 αἰσχύνῃ
1097 4476 1394 4548 τιθέμενος.

2083 3485 2232 3542 nent,
2264 3475 2613 3544 evangelista:
2653 3472 2784 3529 illud
2827 3472 3187 3543 patefecisset.
3231 3473 3423 3528 Verum
3465 3474 3662 3528 divina:

2083 3567 2273 3637 gratiae
2300 3565 2474 3631 aliud,
2505 3580 2668 3634 quam
2703 3565 3039 3634 corruptoris
3071 3565 3375 3636 perditique
3424 3565 3662 3620 hominis

2075 3672 2298 3721 nomen,
2337 3657 2522 3712 divino
2558 3657 2687 3711 huic
2718 3656 2860 3710 libro
2893 3657 3136 3711 inserere
3176 3657 3352 3710 visum
3389 3655 3509 3710 fuit.
3550 3652 3660 3709 Ve-

2074 3757 2395 3806 rumtamen.
2413 3764 2510 3818 per
2554 3749 2778 3802 modum
2810 3747 3218 3804 exercitationis
3260 3747 3432 3803 multa
3462 3762 3659 3802 secun-

2073 3840 2205 3895 dum
2246 3841 2310 3896 B.
2348 3839 2698 3912 Hippolytum
2744 3849 2799 3896 et
2837 3842 2973 3897 alios
3009 3841 3242 3911 conﬁngi
3287 3847 3518 3911 poSsunt
3556 3855 3657 3893 no-

2073 3933 2260 4000 mina,
2304 3949 2426 4003 quae
2471 3949 2762 3988 numerum
2817 3933 2970 3986 illum
3016 3926 3491 4001 complectantur,
3526 3947 3650 3986 cum

2073 4027 2320 4096 propria,
2350 4033 2467 4079 tum
2496 4026 2660 4079 etiam
2688 4025 3038 4095 appellativa,
3071 4024 3234 4094 idque
3267 4025 3321 4076 in
3347 4023 3495 4077 omni
3522 4038 3652 4091 pro-

2073 4117 2363 4188 pemodum
2397 4117 2601 4186 lingua.
2638 4115 2951 4186 Proprium,
2986 4115 3218 4184 exempli
3242 4129 3430 4178 causa,
3467 4113 3653 4168 Graece

2069 4208 2144 4263 sit
2172 4207 2494 4278 Λαμπέτης,
2517 4205 2706 4262 Latine
2725 4207 3061 4275 Benedictus,
3086 4205 3300 4261 Persice
3321 4204 3648 4260 Sarmmrus.

2075 4298 2281 4354 Similis
2325 4300 2382 4354 in
2422 4300 2631 4355 caeteris
2674 4299 2873 4370 linguis
2906 4298 3211 4352 cﬂormatio
3244 4298 3357 4356 ﬁat.
3401 4297 3650 4366 Appella-

2073 4391 2184 4446 tivo
2221 4406 2370 4457 vero,
2407 4400 2468 4446 ut
2497 4391 2666 4454 κακὸς
2703 4391 2916 4463 ὁδηγός,
2949 4391 3057 4443 dua:
3095 4389 3394 4458 improbus;
3432 4389 3649 4462 ἀληθῶς

2073 4479 2363 4553 βλαϐερός,
2398 4497 2516 4535 vere
2564 4482 2788 4546 noxius;
2833 4481 2997 4534 πάλαι
3032 4480 3317 4550 βάσκανος,
3352 4480 3467 4550 jam
3521 4479 3647 4534 olim

382 4564 622 4631 invidus;
646 4568 816 4638 ἀμνὸς
837 4569 1039 4636 ἄδικος,
1076 4588 1241 4641 agnus
1265 4575 1510 4644 iniquus;
1547 4575 1748 4645 quibus
1771 4577 1838 4632 ab
1879 4576 1987 4630 illis
2035 4576 2310 4646 praecipue
2348 4576 2708 4646 appellabitur
2737 4575 3106 4630 Antichristus
3132 4613 3147 4640 ,
3187 4575 3281 4646 qui
3314 4590 3529 4631 errores
3581 4574 3646 4628 il-

384 4659 496 4720 lius
521 4674 880 4734 aversantur;
928 4667 1199 4738 siquidem
1239 4669 1288 4726 is
1332 4671 1563 4742 gloriam
1597 4688 1755 4730 suam
1789 4673 1844 4727 in
1870 4671 2088 4743 ﬂagitiis
2125 4672 2329 4742 probro
2359 4671 2542 4744 dignis
2569 4672 2864 4728 constituet
2890 4673 2975 4728 vel
3004 4672 3261 4726 maxime.

1428 4786 1579 4845 Idem
1606 4787 1660 4844 in
1686 4791 2009 4864 Apocalyps.
2054 4807 2188 4857 xvn,
2215 4790 2301 4859 10,
2324 4807 2446 4862 pag.
2472 4791 2596 4847 101.

451 4901 593 4967 Τοὺς
613 4901 668 4956 δὲ
694 4904 803 4958 ἀπὸ
839 4904 950 4965 τῶν
1001 4906 1141 4962 ἑπτὰ
1189 4907 1454 4980 βασιλέων
1485 4914 1756 4980 πεσόντας
1794 4915 1958 4969 πέντε
1990 4919 2006 4974 1

2133 4917 2336 4972 Beatus
2364 4915 2688 4987 Hippolytus
2712 4932 2809 4987 per
2843 4915 3008 4972 hosce
3035 4932 3179 4986 reges
3209 4917 3450 4987 quinque
3479 4914 3572 4985 qui
3606 4929 3639 4970 e

384 4988 659 5060 βασιλεῖς,
692 4997 721 5048 ὁ
774 4999 1046 5070 μακάριος
1111 5001 1427 5068 Ἱππόλυτος
1475 5005 1682 5070 ἀἰῶνας
1738 5007 1961 5072 τούτους

383 5080 634 5146 ἐξέλαϐεν
653 5105 666 5118 ·
698 5081 774 5142 ὧν
811 5091 939 5154 τοὺς
971 5091 1068 5162 μὲν
1117 5093 1302 5158 πέντε,
1345 5099 1758 5169 ποφῳχηκέναι,
1787 5099 1879 5153 τὸν
1903 5099 1962 5153 δὲ

380 5171 570 5241 ἕκτον,
624 5179 874 5233 ἑστάναι·
923 5183 982 5234 ὲν
1029 5176 1074 5252 ᾧ
1124 5184 1298 5239 ταῦτα
1344 5185 1588 5259 ἑώρακεν
1631 5190 1661 5241 ὁ
1705 5190 1962 5244 Ἀπόστο-

382 5263 500 5330 λος’
535 5269 626 5323 τὸν
650 5271 708 5324 δὲ
739 5272 986 5344 ἕϐδομον,
1015 5275 1108 5331 τὸν
1137 5277 1276 5348 μετὰ
1317 5278 1387 5332 τὰ
1426 5286 1478 5344 ς’
1513 5279 1632 5352 ἔτη,
1674 5283 1840 5352 μήπω
1861 5283 1961 5352 μὲν

378 5361 728 5433 ἐληλυθέναι,
762 5366 1054 5437 ἐρχόμενον
1103 5369 1181 5435 δὲ,
1238 5361 1542 5440 ὀλίγον’δεῖ
1591 5376 1790 5443 μεῖναι.
1846 5376 1960 5430 Καὶ

291 5450 304 5457 ’
381 5453 553 5507 ταῦτα
588 5456 685 5525 μὲν
707 5456 881 5520 οὕτως
916 5457 1189 5532 [ὲκεῖνος]·
1221 5464 1271 5516 εί
1302 5464 1383 5532 δὲ,
1415 5464 1491 5528 ὥς
1513 5482 1676 5535 φησιν
1696 5467 1724 5518 ὁ
1755 5465 1960 5538 [μακά-

385 5546 518 5618 ριος]
551 5549 838 5621 Εἰρηναῖος
857 5589 871 5612 ,
905 5549 1094 5624 ὥσπερ
1125 5555 1265 5608 ἑπτὰ
1289 5556 1494 5629 ἡμέραι
1530 5558 1960 5631 δεδημιούργην-

384 5647 508 5699 ται,
535 5636 679 5690 οὕτω
724 5637 818 5692 καὶ
848 5640 988 5694 ἑπτὰ
1007 5643 1243 5714 οὐρανοὶ,
1277 5646 1372 5700 καὶ
1414 5646 1551 5701 ἑπτὰ
1580 5648 1799 5716 ἄγγελοι
1848 5651 1957 5705 τῶν

384 5721 581 5780 λοιπῶν
612 5728 960 5802 προῦχοντες,
996 5735 1090 5787 καὶ
1113 5736 1270 5806 ἡμῶν
1297 5737 1566 5808 λεγόντων
1612 5741 1954 5812 εὐπαράδεκ-

384 5832 470 5872 τον
507 5822 622 5885 τοῖς
674 5820 929 5878 ἀκούουσι
983 5822 1230 5893 φαίνεται
1273 5827 1333 5880 τὸ
1366 5828 1460 5882 καὶ
1502 5831 1641 5886 ἑπτὰ
1675 5833 1952 5905 βασιλείας

2068 5016 2273 5077 septem
2303 5007 2637 5078 ceciderunt,
2667 5007 2867 5063 saecula
2909 5007 3117 5076 accepit
3142 5025 3157 5062 :
3190 5022 3222 5062 e
3243 5007 3444 5076 quibus
3478 5021 3640 5075 qum-

2065 5115 2171 5169 que
2216 5099 2330 5168 jam
2374 5100 2787 5169 praeterierunt;
2836 5108 3074 5164 sextum,
3098 5098 3152 5152 in
3189 5112 3302 5167 quo
3345 5096 3636 5165 Apostolus

2067 5190 2186 5245 haec
2213 5189 2370 5257 vidit,
2404 5191 2584 5246 adhuc
2610 5189 2882 5258 decurrit;
2913 5191 3200 5262 septimum
3230 5196 3434 5252 autem,
3463 5198 3520 5239 ut
3548 5187 3635 5241 ille

2060 5283 2340 5352 opinatur,
2371 5293 2494 5352 post
2525 5284 2708 5355 elapsa
2746 5300 2843 5341 sex
2885 5297 3154 5338 annorum
3203 5280 3370 5335 millia
3414 5282 3632 5336 tandem

2059 5393 2119 5433 se
2150 5377 2371 5446 prodet;
2411 5377 2502 5432 ubi
2537 5390 2718 5434 autem
2750 5393 2872 5432 sese
2904 5376 3220 5447 prodiderit,
3248 5391 3438 5445 parum
3466 5375 3635 5430 dura-

2059 5470 2158 5525 bit.
2197 5469 2263 5523 Et
2294 5471 2409 5525 haec
2450 5470 2670 5539 quidem
2710 5469 2780 5524 ad
2823 5485 2947 5524 eum
2994 5467 3213 5524 modum
3247 5468 3355 5523 ille.
3397 5467 3628 5530 Forsan,

2061 5571 2118 5616 ut
2157 5561 2218 5616 Β.
2251 5561 2440 5617 lremei
2468 5562 2756 5626 sententia,
2789 5570 2994 5631 septem
3025 5560 3227 5615 conditi
3256 5569 3384 5616 sunt
3410 5561 3548 5622 dies,
3575 5571 3628 5615 et

2059 5661 2264 5719 septem
2305 5654 2451 5711 coeli.
2485 5661 2540 5706 et
2571 5660 2774 5721 septem
2824 5650 3001 5718 angeli
3037 5651 3250 5706 caeteris
3285 5652 3630 5720 praestantio-

2059 5760 2178 5811 res;
2217 5745 2288 5799 ita
2314 5745 2426 5814 jam
2461 5745 2586 5799 inde
2619 5745 2688 5798 ab
2710 5743 2934 5800 exordio
2959 5759 3132 5814 usque
3158 5744 3224 5798 ad
3255 5745 3436 5801 saeculi
3463 5745 3624 5799 linem

2062 5847 2264 5907 septem
2305 5853 2464 5907 regna
2492 5833 2701 5890 caeteris
2733 5832 3027 5894 celebriora
3074 5835 3205 5891 citra
3235 5835 3624 5891 absurditatcm
