4128 6420
450 403 557 459 575

1683 393 2098 449 TESTIMONIA
2144 393 2478 451 VETEHUM
3603 400 3711 457 576

448 536 698 582 statuere
729 523 948 587 licebit;
983 535 1014 574 e
1051 520 1250 590 quibus
1285 518 1528 588 quinque
1561 518 1674 588 jam
1703 527 1817 572 tum
1850 516 2028 572 conci-

2133 513 2270 570 εἶναι
2303 517 2401 580 τὰς
2439 516 2534 568 ἀπ’
2577 515 2751 587 ἀρχῆς
2793 515 2954 587 μέχρι
2990 513 3132 587 [τοῦ]
3181 515 3276 569 νῦν
3309 515 3714 588 περιϐοήτους⁹

449 616 638 669 derant
661 631 674 666 :
695 621 931 672 sextum,
955 626 1079 664 cum
1108 608 1460 679 Apocalypsis
1483 609 1829 669 cernebatur,
1852 605 2028 661 adhuc

2130 602 2206 661 ὧν
2237 608 2337 672 τὰς
2380 609 2478 678 μὲν
2535 607 2696 661 πέντε
2739 607 2841 678 ἤδη
2875 608 3254 662 πεπτωκέναι·
3290 607 3387 679 τὴν
3415 607 3471 661 δὲ
3504 609 3670 682 ἕκτην
3694 650 3712 675 ,

450 706 808 765 consistebat,
836 713 888 757 et
915 702 1131 771 quidem
1165 701 1217 751 in
1249 700 1470 768 antiqua
1494 695 1669 752 Roma
1698 716 1710 751 :
1739 699 2028 768 septimum

2130 699 2216 765 ἐφ’
2247 693 2314 768 ἦς
2358 696 2543 770 ώράθη
2572 700 2604 768 ὴ
2655 698 3041 763 Ἀποκάλυψις,
3077 699 3296 753 ἑστάναι
3324 699 3528 771 ταύτην
3561 704 3620 755 ὲν
3640 705 3710 773 τῇ

449 811 613 866 porro
668 809 764 864 per
794 793 845 846 id
880 803 1092 858 tempus
1115 787 1347 842 necdum
1384 788 1707 843 advenerat:
1734 804 1892 844 nova:
1922 787 2028 847 Ro:

2132 789 2339 860 παλαιᾷ
2386 787 2608 861 Ῥώμῃ·
2653 791 2750 859 τὴν
2797 790 2854 843 δὲ
2888 791 3122 863 ἑϐδόμην
3161 793 3326 863 μήπω
3356 792 3712 864 ἐληλυθέναι,

448 903 550 942 tua:
579 884 892 954 imperium.

2129 881 2226 952 τὴν
2260 883 2318 935 ὲν
2345 884 2410 952 τῇ
2441 881 2537 953 νέα
2573 879 2844 954 [Ῥώμῄ.

2038 1001 2100 1055 V.

799 1115 1033 1186 Cyrillus
1069 1114 1536 1185 Scythopolitanus
1562 1118 1616 1170 in
1652 1117 1772 1172 Vita
1814 1117 2495 1242 Shguthymiisgabbatis;
2541 1122 2595 1173 in
2634 1120 2910 1174 AnaleCtis
2965 1119 3169 1175 Graecis
3219 1120 3348 1175 edit.
3380 1137 3412 1174 a
3440 1123 3713 1178 monac/iis

1970 1230 2006 1242 ..
2033 1207 2156 1242 vaa.
2265 1229 2276 1240 .

1970 1230 2006 1253 .,
2032 1207 2156 1260 pag.
2188 1207 2276 1242 az.

513 1280 710 1335 Obitus
755 1288 938 1334 autem
980 1279 1101 1347 ejus
1147 1276 1466 1349 (Euthymii)
1515 1280 1714 1334 accidit
1761 1282 2019 1351 vigesima

444 1373 650 1426 mensis
680 1369 948 1434 Januarii,
986 1371 1272 1423 undecima
1308 1370 1627 1434 indictione,
1672 1385 1705 1423 a
1747 1373 2022 1428 creatione

445 1461 656 1525 mundi,
683 1477 712 1516 a
754 1475 864 1530 quo
907 1461 1040 1516 solis
1075 1475 1273 1515 cursus
1319 1460 1580 1530 temporis
1615 1475 1871 1516 mensura
1899 1478 2023 1518 esse

445 1555 694 1623 incaepit,
755 1569 900 1607 anno
944 1552 1237 1622 quinquies
1285 1552 1574 1607 millesimo
1613 1555 2028 1625 nongentcsimo

444 1647 790 1716 sexagesimo
818 1646 1042 1714 quinto;
1073 1661 1104 1699 a
1137 1644 1231 1698 Dei
1265 1642 1429 1699 Verbi
1465 1661 1531 1699 ex
1571 1643 1796 1716 Virgine
1834 1648 2030 1703 huma-

443 1753 531 1792 nae
556 1746 766 1791 natura:
795 1736 1173 1804 assumptione
1207 1743 1260 1790 et
1292 1736 1590 1791 secundum
1617 1752 1837 1792 carnem
1865 1754 2028 1808 gene-

445 1828 680 1892 ratione,
733 1842 878 1881 anno
934 1827 1472 1897 quadringentesimo
1507 1829 1845 1898 sexagesimo
1866 1831 2026 1898 quin-

445 1929 523 1982 to,
561 1920 859 1973 secundum
890 1917 1160 1986 descripta
1189 1926 1433 1986 tempora
1467 1933 1498 1972 a
1523 1919 1729 1973 sanctis
1767 1915 2022 1972 Palribus

447 2010 740 2081 Hippolyto
779 2011 1007 2079 antiquo
1032 2018 1086 2062 et
1114 2008 1374 2078 apostolis
1411 2015 1562 2072 noto,
1589 2007 1892 2078 Epiphanio
1917 2009 2022 2081 Cy-

447 2102 642 2172 priota,
666 2111 720 2157 et
747 2101 962 2157 Herone
984 2101 1311 2171 philosopho
1333 2109 1388 2155 et
1408 2099 1740 2156 confessore.

2209 1279 2273 1334 'H
2298 1281 2354 1332 δὲ
2389 1281 2665 1345 τελείωσις
2698 1281 2864 1336 αὑτοῦ
2898 1283 3090 1351 γέγονε
3121 1282 3262 1336 κατὰ
3282 1283 3381 1354 τὴν
3403 1283 3592 1337 εἰκάδα
3613 1282 3713 1336 co":

2141 1371 2470 1448 Ἰανουαρίου
2535 1373 2704 1442 μηνὸς
2730 1372 2832 1442 τῆς
2864 1373 3156 1444 ἑνδεκάτης
3190 1373 3442 1440 ίνδίκτου,
3476 1373 3584 1428 ἀπὸ
3611 1375 3716 1444 μὲν

2129 1460 2358 1524 κτίσεως
2410 1461 2619 1532 κόσμου
2659 1461 2750 1530 ἀφ’
2795 1455 2966 1534 οὗπερ
3017 1464 3206 1534 χρόνος
3264 1462 3464 1535 ἤρξατο
3506 1467 3572 1536 τῇ
3615 1464 3715 1516 τοῦ
3749 1486 3758 1494 ·

2130 1551 2281 1620 ἡλίου
2301 1553 2442 1622 φορᾷ
2473 1551 2812 1623 μετρεῖσθαι,
2845 1553 2999 1617 ἔτους
3031 1555 3282 1624 πέμπτου
3313 1555 3608 1626 ἑξηκοστοῦ
3626 1557 3718 1607 ὲν-

2127 1641 2474 1694 νακοσιοστοῦ
2508 1642 3062 1712 πεντακισχιλιοστοῦ·
3094 1645 3202 1697 ἀπὸ
3235 1646 3292 1699 δὲ
3321 1647 3419 1717 τῆς
3447 1645 3582 1698 Θεοῦ
3610 1644 3717 1698 Λό-

2130 1749 2227 1800 γου
2250 1734 2315 1784 ὲκ
2363 1731 2640 1803 Παρθένου
2692 1733 3156 1805 ἐνανθρωπήσεως
3199 1736 3294 1790 καὶ
3340 1735 3481 1790 κατὰ
3532 1737 3713 1808 σάρκα

2126 1823 2453 1892 γεννήσεως,
2477 1822 2629 1886 ἔτους
2662 1824 2912 1894 πέμπτου
2931 1824 3220 1895 ἑξηκοστοῦ
3254 1831 3710 1898 τετρακοσιοστοῦ

2129 1911 2273 1966 κατὰ
2297 1914 2422 1976 τοὺς
2477 1917 2890 1985 συγγραφέντας
2947 1917 3174 1987 χρόνους
3218 1918 3322 1970 ὑπὸ
3375 1919 3482 1972 τῶν
3535 1921 3710 1989 ἁγίων

2127 2003 2390 2074 Πατέρων
2435 2004 2749 2059 Ἱππολύτου
2773 2006 2866 2059 τοῦ
2890 2007 3117 2061 παλαιοῦ
3161 2009 3254 2062 καὶ
3291 2010 3566 2080 γνωρίμου
3599 2010 3712 2063 τῶν

2125 2097 2454 2162 ἀποστόλων,
2515 2099 2610 2152 καὶ
2683 2101 2997 2170 Ἐπιφανίου
3042 2100 3136 2153 τοῦ
3202 2101 3550 2172 Κυπριώτου,
3614 2106 3715 2156 καὶ

2129 2189 2376 2260 Ἥρωνος
2405 2189 2501 2242 τοῦ
2536 2191 2826 2260 φιλοσόφου
2858 2194 2950 2246 καὶ
2981 2193 3332 2264 όμολογητοῦ.
3426 2252 3432 2257 ,
3480 2175 3486 2179 ³

2045 2282 2128 2337 Vl.

1074 2373 1324 2428 Leontius
1351 2372 1684 2443 Byzantinus
1719 2371 1917 2443 πράξει
1949 2373 2056 2428 sive
2083 2375 2412 2443 lectionem,
2456 2377 2532 2431 De
2566 2377 2751 2441 sectis,
2791 2395 2913 2448 pag.
2947 2377 3072 2433 450.

518 2466 877 2538 Temporibus
907 2465 1013 2521 illis
1041 2482 1164 2536 qua:
1199 2481 1228 2518 a
1274 2464 1476 2519 Christi
1519 2463 1805 2517 nativitate
1849 2479 2021 2533 usque

445 2561 511 2615 ad
554 2559 839 2629 imperium
871 2557 1213 2613 Constantini
1249 2565 1626 2618 numerantur,
1667 2555 1722 2609 hi
1767 2556 2020 2610 doctores

2212 2467 2488 2535 Ἐγένοντο
2508 2467 2564 2520 δὲ
2584 2469 2641 2520 ὲν
2663 2471 2774 2532 τοῖς
2793 2469 3003 2540 χρόνοις
3031 2471 3142 2533 τοῖς
3159 2469 3266 2522 άπὸ
3291 2471 3390 2541 τῆς
3412 2467 3717 2542 γεννήσεως

2133 2557 2530 2631 τοῦλκΧριστοῦ
2609 2560 2770 2630 μέχρι
2829 2561 2928 2631 τῆς
2984 2561 3258 2632 βασιλείας
3299 2563 3716 2618 Κώνσταντίνου

445 2663 501 2708 et
521 2651 711 2707 Patres
740 2651 1064 2706 exstiterunt
1090 2669 1102 2704 :
1137 2648 1380 2720 lgnatius
1407 2649 1498 2702 ille
1533 2648 1892 2716 theophorus,
1918 2647 2022 2701 Ire-

2129 2649 2436 2704 διδάσκαλοι
2472 2651 2566 2705 καὶ
2597 2651 2839 2721 Πατέρες
2875 2651 2983 2704 οἵδε
3003 2669 3016 2681 ·
3065 2652 3320 2720 Ἰγνάτιος
3357 2656 3385 2707 6
3417 2653 3674 2726 θεοφόρος
3697 2695 3713 2716 ,

445 2762 618 2809 naeus,
652 2743 903 2798 Justinus
940 2743 1296 2812 philosophus
1331 2750 1384 2794 et
1419 2750 1646 2810 martyr,
1674 2738 1925 2794 Clemens
1971 2749 2024 2794 et

2131 2743 2437 2814 Εἰρηναῖος,
2483 2744 2764 2808 ’1ουστῖνος
2823 2742 3114 2812 φιλόσοφος
3146 2745 3244 2798 καὶ
3294 2745 3523 2816 μάρτυς,
3567 2747 3718 2818 Κλη-

445 2838 771 2907 Hippolytus
797 2835 1036 2905 episcopi
1067 2833 1322 2896 Romani,
1350 2831 1642 2902 Dionysius
1671 2831 2018 2901 Areopagita,

443 2930 754 2984 Methodius
794 2927 1105 2982 Patarensis
1158 2926 1469 2996 episcopus,
1514 2923 1809 2994 Gregorius
1854 2925 2022 2977 mira-

444 3023 696 3078 culorum
735 3021 975 3085 eil‘ector,
999 3018 1192 3074 Petrus
1225 3016 1630 3072 Alexandrinus
1657 3016 1946 3086 episcopus
1969 3023 2023 3070 et

445 3126 674 3186 martyr.

2133 2850 2241 2904 μης
2271 2836 2365 2888 καὶ
2405 2834 2724 2897 Ἱππόλυτος
2756 2835 3044 2888 ἐπίσκοποι
3083 2835 3335 2908 Ῥώμης,
3382 2839 3652 2902 Διονύσιος
3686 2843 3717 2892 6

2143 2927 2539 2997 Ἀρεοπαγίτης
2557 2967 2571 2992 ,
2617 2926 2879 2988 Μεοόδιος
2926 2928 3225 2992 ἐπίσκοπος
3251 2930 3544 2999 Πατάρων,
3572 2930 3716 3002 Γρη-

2128 3017 2312 3090 γόριος
2340 3021 2368 3072 6
2394 3019 2811 3093 Θαυματουργὸς
2829 3060 2844 3084 ,
2866 3019 3070 3092 Πέτρος
3099 3023 3128 3074 6
3169 3021 3566 3094 Ἀλεξανδρείας
3587 3025 3716 3076 ὲπί-

2131 3125 2336 3186 σκοπος
2373 3111 2468 3162 καὶ
2511 3109 2744 3181 μάρτυς.

2028 3220 2138 3276 VH.

1177 3317 1236 3372 S.
1267 3315 1506 3371 Isidorus
1533 3305 1867 3386 Hispalensis
1895 3314 1986 3368 lib-
2014 3331 2066 3369 Vl
2123 3313 2432 3386 Originum,
2459 3333 2578 3386 cap.
2616 3316 2699 3381 l6,
2725 3334 2847 3387 pag.
2881 3317 2968 3369 77.
3060 3299 3082 3309 “

513 3409 832 3466 Paschalem
862 3409 1086 3482 Cyclum
1124 3409 1450 3481 Hippolytus
1491 3409 1784 3480 episcopus
1815 3418 2028 3478 tempo-

441 3501 598 3558 ribus
655 3502 951 3556 Alexandri
1001 3501 1350 3571 imperatoris
1413 3501 1620 3570 primus
1676 3499 2026 3568 conscripsit.

446 3591 576 3647 Post
603 3609 763 3662 quem
802 3593 1178 3662 probatissimi
1222 3602 1474 3648 auctores
1525 3592 1794 3646 Eusebius
1839 3591 2026 3645 Cesa-

447 3683 666 3747 riensis,
698 3681 1032 3751 Theophilus
1071 3681 1491 3747 Alexandrinus,
1536 3680 1772 3758 Prosper
1811 3694 2031 3749 quoque

445 3775 669 3829 natione
723 3775 1032 3844 Aquitanus
1089 3783 1253 3844 atque
1307 3772 1622 3829 Victorinus
1685 3769 2030 3843 ampliﬁcatis

444 3865 694 3936 ejusdem
728 3863 1044 3920 festivitatis
1073 3864 1382 3920 rationibus
1423 3863 1760 3934 multiplices
1794 3862 2064 3919 circulos.

2122 3407 2410 3462 ediderunt
2437 3426 2451 3462 :
2503 3408 2662 3478 cujus
2691 3409 2911 3479 quidem
2943 3407 3208 3463 rationem
3235 3408 3583 3464 beatissimus
3607 3410 3714 3481 Cy-

2125 3498 2280 3554 rillus
2308 3499 2690 3555 Alexandrina:
2711 3500 2862 3556 urbis
2884 3500 3172 3569 episcopus
3201 3500 3254 3554 in
3279 3516 3380 3555 xcv
3407 3517 3580 3556 annos
3616 3518 3714 3572 per

2126 3589 2370 3660 quinque
2408 3591 2597 3645 decem
2643 3592 2833 3647 novies
2872 3591 3188 3656 calculans,
3222 3601 3392 3661 quoto
3438 3591 3712 3649 Kalendas

2127 3682 2209 3736 vel
2233 3682 2362 3737 luna
2384 3683 2578 3737 debeat
2598 3683 2874 3752 paschalis
2905 3683 3224 3741 solemnitas
3251 3686 3536 3753 celebrari,
3563 3704 3713 3742 sum-

2127 3790 2216 3828 ma
2248 3775 2512 3830 brevitate
2545 3774 2773 3829 notavit.
3314 3760 3321 3768 ’

2010 3979 2144 4034 Vlll.

694 4076 752 4132 S.
791 4075 1080 4131 Germanus
1125 4077 1546 4146 archiepiscopus
1574 4074 1709 4142 CP.,
1737 4074 1790 4128 in
1820 4074 2028 4128 Μυστικ

2129 4072 2571 4143 Βεωρίᾳᾼυοιαν.
2620 4073 2878 4128 υαείεαηὶ
2905 4084 3034 4127 tom.
3062 4072 3126 4138 ll,
3155 4088 3276 4142 pag.
3314 4071 3436 4125 M8.

513 4176 570 4230 ld
594 4185 648 4230 et
693 4173 1016 4246 Hippolytus
1049 4189 1080 4230 e
1106 4173 1280 4228 Roma
1303 4182 1358 4229 et
1387 4173 1445 4228 S.
1471 4173 1709 4245 Cyrillus
1743 4171 2016 4251 allirmant

439 4267 497 4324 in
533 4267 688 4322 libris
722 4267 839 4322 suis
867 4266 935 4321 de
968 4265 1324 4330 Autichristo,
1346 4279 1491 4319 anno
1521 4264 1698 4319 sexies
1725 4263 2017 4318 millesimo

439 4360 879 4433 quingentesimo
916 4356 1162 4413 futurum
1191 4356 1442 4428 (Christi)
1471 4356 1786 4410 adventura.

2207 4169 2378 4222 Τοῦτο
2409 4171 2500 4222 καὶ
2536 4169 2855 4234 Ἱππόλυτος
2895 4169 3112 4240 Ῥώμης
3139 4169 3231 4222 καὶ
3257 4169 3286 4220 6
3319 4168 3471 4236 ἆγιος
3503 4167 3679 4240 Κύριλ
3708 4200 3712 4202 -

2125 4259 2496 4330 λος-λέγουσιν
2519 4263 2578 4315 ὲν
2600 4265 2712 4326 τοῖς
2741 4263 2870 4333 περὶ
2891 4260 2984 4315 τοῦ
3009 4261 3378 4331 Ἀντιχρίστου
3407 4260 3583 4328 λόγοις
3613 4263 3711 4313 αὑ-

2122 4350 2248 4415 τῶν,
2285 4354 2343 4404 ὲν
2369 4352 2446 4424 τῷ
2491 4353 2930 4424 ἑξακισχιλιοστῷ
2993 4351 3426 4424 πεντακοσιοστῷ
3463 4351 3573 4405 ἔτει
3610 4352 3710 4422 τὴν

2131 4443 2430 4512 μέλλουσαν
2475 4447 2777 4517 παρουσίαν
2800 4445 3038 4500 ἔσεσθαι.

2031 4557 2124 4612 IX.

972 4679 1032 4734 S.
1060 4679 1292 4734 Joannes
1334 4677 1695 4733 Damascenus
1722 4678 1777 4730 in
1813 4675 1968 4731 Sacr.
1997 4677 2272 4744 Parallel.,
2311 4688 2349 4732 t.
2389 4678 2455 4746 Π,
2481 4696 2602 4750 pag.
2631 4680 2730 4734 781
2759 4682 2888 4734 edit.
2925 4680 3174 4750 Lequien.

511 4795 569 4850 S.
614 4794 885 4866 Hippolyti
930 4797 1175 4867 episcopi
1203 4795 1409 4864 Romae,
1437 4796 1505 4851 de
1545 4796 1766 4852 Christo
1805 4805 1862 4851 et
1903 4795 2013 4849 An-
2041 4801 2088 4860 C

436 4884 710 4940 tichristo.

507 4976 614 5030 Sed
642 4977 727 5032 his
748 4977 814 5031 ad
843 4977 934 5031 Dei
961 4977 1188 5048 gloriam
1212 4979 1268 5032 in
1299 4989 1643 5034 antecessum
1673 4978 1858 5043 dictis,
1882 4990 2014 5044 etc.,

433 5084 596 5138 usque
626 5069 717 5133 ad,
749 5067 947 5123 Libero
979 5069 1233 5124 circuire.

2023 5169 2067 5223 X

2203 4798 2522 4852 Ἱππολύτου
2557 4799 2856 4852 ἐπισκόπου
2897 4799 3136 4870 Ῥώμης,
3184 4800 3312 4868 περὶ
3354 4799 3590 4870 Χριστοῦ
3618 4801 3712 4850 καὶ

2125 4889 2221 4942 τοῦ
2269 4890 2653 4961 Ἀντιχρίστου.

2199 4981 2278 5050 (5)
2327 4982 2485 5034 Ἀλλὰ
2531 4981 2738 5035 τούτων
2769 4982 2825 5033 ὲν
2868 4979 3141 5051 προοιμίῳ
3171 4980 3250 5041 εἰς
3279 4977 3440 5042 δόξαν
3467 4978 3604 5032 Θεοῦ
3636 4980 3714 5030 εί-

2126 5072 2398 5145 ρημένων,
2432 5091 2484 5126 κ.
2507 5090 2559 5125 τ.
2592 5069 2980 5142 λ.,πομπεύειν
3007 5068 3086 5139 τῷ
3107 5068 3364 5139 Διονύσῳ.

542 5257 602 5313 S.
652 5261 982 5334 Nicephorus
1014 5266 1126 5322 ΕΡ.
1155 5269 1208 5322 in
1266 5269 1572 5340 Chronogr.
1605 5285 1726 5340 pag.
1757 5268 1882 5335 401,
1914 5270 2043 5392 fidit.
2081 5268 2288 5392 Paris”
2321 5267 2426 5322 519
2489 5265 2687 5330 Venet.,
2719 5265 3004 5334 interprete
3026 5263 3314 5318 Anastasio
3367 5260 3510 5314 Bibl.
3544 5261 3598 5312 in

1967 5350 2054 5392 ist.
2098 5357 2190 5392 ecc
2218 5379 2231 5392 .

1967 5350 2054 5394 ιόῐ.
2098 5350 2231 5394 CCCI.

507 5421 620 5478 Sub
646 5425 809 5496 hujus
854 5429 1087 5503 (Severi)
1131 5433 1362 5503 imperio
1397 5431 1664 5488 Leonides
1703 5441 1855 5503 pater
1890 5431 2013 5487 Ori-

433 5514 592 5582 grnis
633 5522 1016 5591 martyrizatus
1082 5534 1186 5590 est,
1211 5533 1267 5579 et
1345 5523 1669 5594 Hippolytus
1730 5522 2013 5578 Romanus

2200 5434 2326 5488 Ἐπὶ
2347 5433 2535 5486 τούτου
2571 5429 2857 5502 (Σευῆρου)
2887 5429 3163 5500 βασιλείας
3190 5427 3448 5497 Λεονίδης
3473 5429 3501 5479 6
3522 5425 3703 5495 πατὴρ

2132 5525 2438 5596 Ὠριγένους
2476 5523 2877 5594 ἐμαρτύρησεν,
2909 5523 3003 5574 καὶ
3043 5521 3356 5582 Ἱππόλυτος
3379 5523 3408 5572 6
3435 5521 3703 5589 Ῥωμαῖος

435 5607 672 5676 scriptor
730 5612 996 5679 ﬂorebat,
1053 5625 1216 5687 atque
1271 5616 1568 5686 Gregorius
1618 5615 2011 5671 miraculorum

2129 5615 2469 5686 ςυγγραφεὺς
2521 5611 2759 5682 ἦκμαζε,
2811 5613 2905 5664 καὶ
2957 5610 3256 5682 Γρηγόριος
3298 5613 3326 5664 6
3367 5611 3706 5682 θαυματουρ-

433 5695 678 5763 etl‘ector,
701 5711 756 5755 et
779 5702 1032 5762 Clemens
1056 5707 1483 5762 Alexandrinus.

509 5835 588 5918 (ὃ)
626 5835 888 5922 Excerpta
922 5854 1049 5898 sunt
1084 5861 1149 5899 ex
1183 5844 1420 5969 genui-no
1453 5843 1723 5929 Hippolyti
1755 5860 1915 5916 opere
1944 5845 2006 5897 de

509 5908 782 5969 inclmato.
818 5930 973 5969 cann.
1007 5915 1040 5968 5
1067 5925 1121 5969 et
1147 5915 1180 5969 ι
1222 5956 1236 5969 .
1261 5917 1353 5969 ubi
1381 5916 1481 5969 sub
1509 5919 1671 5969 linem
1705 5915 1794 5969 ilia
1822 5931 2014 5969 occur—

2129 5854 2273 5904 ‘unt,
2317 5841 2618 5912 πομπεύειν
2659 5840 2734 5912 τῷ
2781 5840 3055 5909 Διονύσῳ,

2129 5932 2208 5969 γι.
2248 5913 2296 5969 7.
2337 5912 2630 5969 descripta.

440 5906 782 5978 Antichristo,
802 5906 973 5983 'capp.
1007 5915 1040 5968 5
1067 5925 1121 5970 et
1147 5906 1236 5982 ιθ,
1261 5915 1353 5971 ubi
1381 5916 1481 5971 sub
1509 5906 1671 5970 linem
1705 5906 2014 5972 ilia'occur—

2112 5707 2210 5776 γὸς
2239 5707 2334 5760 καὶ
2363 5704 2594 5782 Κλήμης
2623 5705 2652 5756 ό
2697 5702 3099 5774 Ἀλεξανδρεύς.

3113 5856 3175 5894 ex
3213 5838 3307 5892 lib.
3351 5835 3393 5890 11
3447 5837 3696 5893 Machab.

2127 5932 2174 5968 γι
2195 5954 2208 5979 ,
2248 5913 2296 5978 7,
2337 5912 2630 5982 descripta.
