4128 6424
1668 397 1757 453 DE
1805 399 1862 454 S.
1901 397 2314 454 ﬂlPPOLYTO.

1950 521 2042 578 XI.

3528 407 3636 462 573

1295 617 1355 673 S.
1396 620 1509 672 Ada
1562 616 1866 671 Viennensis
1907 618 1961 670 in
1991 615 2283 683 Chronico,
2326 618 2396 670 ad
2425 634 2549 671 amt.
2583 618 2708 675 2‘20.

443 739 772 810 llippolytns
827 738 1118 807 episcopus
1186 738 1483 792 multorum
1543 737 1795 791 conditor
1853 735 2274 806 opusculorum,
2322 746 2628 807 temporum
2689 739 2966 794 Canonem
3012 741 3376 810 conscripsit,
3427 750 3480 794 et
3529 748 3635 795 nnc

359 846 533 900 usque
557 830 652 899 (ad
685 827 977 884 Alexandri
1003 827 1179 883 Severi
1209 828 1468 898 tempora)
1506 827 1780 898 perduxit.

1941 921 2056 976 XII.

1565 1017 1784 1072 Photius
1817 1015 2098 1083 Biblioth.,
2133 1019 2250 1072 cod.
2282 1033 2431 1072 cm.

442 1107 784 1208 Ἄνεγνώσθη
836 1134 1162 1206 βιϐλιδάριον
1206 1133 1542 1190 Ἱππολύτου.
1593 1135 1858 1207 Μαθητὴς
1884 1135 1940 1188 δὲ

2115 1133 2312 1190 Lectus
2339 1142 2425 1188 est
2453 1132 2725 1207 Hippolyti
2769 1136 3008 1203 libellus,
3039 1136 3133 1207 qui
3168 1136 3356 1192 lrenzei
3389 1137 3632 1207 discipu-

356 1229 650 1300 Είρηναίου
684 1228 712 1280 ὁ
755 1226 1087 1292 Ἱππόλυτος.
1119 1223 1227 1278 Ἦν
1274 1227 1330 1279 δὲ
1372 1226 1433 1279 τὸ
1473 1226 1759 1297 σύνταγμα
1801 1225 1943 1281 κατὰ

354 1323 624 1394 αἱρέσεων
647 1319 750 1395 λβ’,
777 1321 950 1391 ἀρχὴν
983 1319 1303 1391 ποιούμενον
1330 1319 1704 1383 Δοσιθεανοὺς,
1727 1319 1818 1371 καὶ
1845 1317 1943 1389 μέ-

351 1429 451 1485 χρι¹
484 1415 693 1486 Νοητοῦ
728 1415 822 1468 καὶ
848 1415 1164 1487 Νοητιανῶν
1185 1413 1944 1491 διαλαμϐανόμενον.λΤαύτας

361 1509 432 1579 δή
471 1525 638 1578 φησιν
696 1506 940 1578 ἐλέγχοις
965 1507 1362 1577 ὑποϐληθῆναι,
1419 1507 1731 1578 ὁμιλοῦντος
1779 1507 1944 1578 Εἰρη-

349 1599 533 1662 ναίου,
561 1591 638 1650 ὧν
665 1596 758 1650 καὶ
799 1595 1018 1665 σύνοψιν
1050 1599 1078 1650 ὁ
1111 1597 1424 1660 Ἱππόλυτος
1468 1595 1792 1666 ποιούμενος
1826 1595 1943 1649 τόδε

348 1690 416 1743 τὸ
449 1687 651 1760 βιϐλίον
685 1688 850 1759 φησὶν
875 1689 1276 1759 συντεταχέναι.
1312 1690 1422 1761 Τὴν
1453 1689 1510 1742 δὲ
1536 1688 1736 1761 φράσιν
1770 1688 1944 1759 σαφής

350 1784 478 1835 ἐστι
511 1781 606 1834 καὶ¹
644 1780 969 1850 ὑπόσεμνος,
1007 1782 1102 1834 καὶ
1136 1781 1448 1852 ἀπέριττος,
1485 1783 1534 1833 εἰ
1560 1780 1652 1833 καὶ
1687 1779 1824 1850 πρὸς
1851 1779 1943 1831 τὸν

367 1872 618 1926 Ἀττικὸν
653 1871 729 1941 (6)
763 1873 863 1925 οὐκ
893 1873 1284 1944 ἐπιστρέφεται
1312 1873 1487 1941 λόγον.
1520 1873 1680 1940 Λέγει
1726 1872 1784 1925 δὲ
1810 1870 1943 1925 ἄλλα

347 1966 440 2038 δή¹
472 1983 592 2020 τινα
645 1966 743 2036 τῆς
787 1963 1076 2036 άκριὸείας
1128 1964 1443 2036 λειπόμενα,
1495 1964 1588 2017 καὶ
1623 1964 1704 2016 ὅτι
1741 1961 1944 2034 ήπρὺς

363 2058 656 2130 Ἐϐραίους
696 2055 982 2127 Ἐπιστολὴ
1005 2056 1106 2109 οὐκ
1126 2056 1242 2110 ἐστι
1266 2057 1360 2125 τοῦ
1385 2056 1683 2110 ἀποστόλου
1706 2054 1939 2112 Παύλου.

346 2153 592 2226 Λέγεται
626 2153 682 2206 δὲ
710 2155 802 2207 καί
832 2148 990 2221 οὗτος
1041 2151 1390 2226 προσομιλεῖν
1418 2149 1496 2221 τῷ
1538 2137 1651 2218 λαῷ
1681 2149 1821 2202 κατά
1865 2147 1946 2218 μίο

352 2261 528 2316 μησιν
569 2245 896 2317 Ὠριγένους,
934 2247 1011 2316 (7)
1047 2241 1109 2301 οῦ
1164 2243 1259 2298 καὶ
1300 2241 1537 2313 συνήθης
1573 2239 1806 2311 μάλιστα
1852 2238 1944 2291 καὶ

346 2335 592 2408 ἐραστὴς
637 2336 748 2391 τῶν
779 2338 953 2407 λόγων
980 2339 1245 2410 ὑπῆρχεν,
1273 2336 1349 2399 ὡς
1388 2337 1484 2388 καὶ
1521 2330 1942 2405 προτρέψασθαι

344 2427 520 2481 αὑτὸν
557 2426 656 2498 τὴν
677 2428 826 2481 θείαν
860 2430 1306 2500 ύπομνηματίσαι
1336 2425 1579 2498 Γραφὴν,
1603 2423 1942 2493 ἐγκαταστή-

2045 1225 2132 1280 lus
2168 1225 2292 1280 fuit.
2329 1225 2425 1280 Est
2467 1226 2570 1279 hoc
2615 1227 2866 1282 volumen
2911 1228 3176 1283 adversus
3215 1229 3449 1286 haereses
3490 1230 3631 1285 duas

2044 1328 2100 1373 et
2147 1318 2400 1388 triginta,
2453 1317 2658 1374 iaciens
2714 1320 2930 1374 initium
2979 1337 3009 1376 a
3054 1321 3432 1388 Dositheanis,
3480 1331 3533 1376 et
3573 1322 3629 1376 in

2042 1408 2293 1464 Noetano
2329 1424 2394 1464 ac
2421 1407 2703 1464 Noetianis
2730 1411 3007 1467 desinens.
3040 1410 3246 1466 Harum
3273 1413 3350 1467 ait
3371 1412 3630 1467 confuta-

2045 1501 2250 1555 tionem
2285 1515 2344 1555 sc
2378 1501 2687 1570 suscepisse
2735 1517 2800 1556 ex
2845 1505 3196 1559 sermonibus
3237 1503 3446 1571 lreniei,
3484 1521 3630 1575 quo-o

2044 1606 2167 1646 rum
2209 1591 2596 1661 compendium
2630 1591 2736 1645 hoc
2765 1606 2824 1646 se
2870 1593 3010 1647 libro
3054 1593 3402 1663 complexum
3441 1593 3626 1648 refert.

2045 1680 2224 1737 Dictio
2254 1682 2543 1752 perspicua
2569 1689 2623 1735 et
2668 1682 2918 1736 nonnihil
2946 1683 3149 1754 gravis,
3185 1699 3285 1737 nec
3319 1684 3628 1749 abundans,

2044 1774 2170 1830 licet
2196 1773 2472 1829 Atticismi
2499 1774 2742 1829 rationes
2773 1789 2883 1829 non
2908 1776 3043 1830 adeo
3067 1785 3242 1830 curat.
3269 1774 3442 1830 Habet
3463 1777 3629 1831 etiam

2047 1875 2159 1920 tum
2195 1867 2300 1920 alia
2332 1867 2515 1921 minus
2545 1875 2824 1930 accurata,
2847 1875 2964 1921 tum
2989 1868 3134 1936 quod
3158 1867 3388 1921 Paulum
3414 1865 3634 1936 Episto-

2045 1957 2110 2012 ιω
2139 1958 2204 2012 ad
2237 1957 2500 2011 Hebraeos
2535 1965 2813 2011 auctorem
2848 1971 2971 2012 esse
2996 1966 3176 2027 negat.
3215 1957 3425 2011 Dicitur
3444 1965 3498 2011 et
3533 1959 3634 2012 ho-

2044 2050 2224 2104 milias
2264 2051 2333 2103 ad
2377 2050 2638 2119 populum
2679 2049 2938 2105 habuisse
2981 2048 3235 2122 Origenis
3289 2049 3629 2113 imitatione,

2043 2141 2203 2212 cujus
2248 2149 2303 2196 et
2348 2141 2636 2196 familiaris
2693 2143 2934 2196 maxime
2972 2151 3026 2197 et
3068 2143 3377 2198 studiorum
3420 2154 3631 2198 amator

2043 2232 2288 2299 exstitit;
2331 2233 2406 2288 ita
2439 2239 2502 2287 ut
2533 2239 2588 2287 et
2637 2231 2705 2287 ad
2747 2249 2933 2288 sacras
2968 2234 3181 2288 litteras
3221 2236 3632 2289 commentariis

2045 2325 2398 2381 illustrandas
2423 2340 2548 2380 eum
2584 2326 2984 2396 provocaverit,
3009 2335 3064 2380 et
3088 2335 3294 2397 septem
3316 2328 3420 2397 ipsi
3443 2327 3634 2398 tachy-

2045 2419 2284 2489 graphos
2338 2417 2675 2486 totidemque
2731 2417 3096 2488 calligraphos
3147 2419 3524 2483 constituerit,
3576 2431 3632 2472 et

349 2535 460 2581 σας
503 2519 652 2590 αύτῷ
699 2519 792 2573 καὶ
827 2520 1182 2591 ὑπογραφέας
1216 2517 1358 2572 ἑπτὰ
1389 2516 1810 2589 ταχυγράφους,
1849 2513 1940 2565 καὶ

2047 2516 2363 2579 sumptuum
2410 2509 2576 2563 etiam
2618 2508 2712 2579 qui
2758 2509 2824 2563 ad
2871 2510 2972 2564 hos
3019 2511 3427 2579 requirerentur
3467 2509 3632 2564 fuerit

344 2609 575 2680 ἑτέρους
592 2610 879 2674 τοσούτους
893 2611 1206 2681 γράφοντας
1222 2612 1301 2674 είς
1317 2609 1532 2672 κάλλος,
1553 2601 1627 2661 ὧν
1641 2602 1710 2678 ἦν
1731 2605 1823 2658 καὶ
1843 2603 1944 2673 τῆς

342 2703 599 2775 δαπάνης
649 2703 811 2766 αὐτὸς
849 2703 1118 2774 χορηγόςο
1153 2704 1246 2757 καὶ
1283 2702 1454 2756 ταῦτα
1501 2697 1943 2771 ὐπηρετούμενος

343 2793 522 2865 αὐτῷ,
559 2796 812 2850 ἀπαιτεῖν
855 2795 1020 2850 αὑτὸν
1066 2797 1457 2866 ἀπαραιτήτως
1477 2792 1552 2859 ,τὸ
1579 2791 1763 2862 ἔργον,
1790 2787 1850 2852 ἐξ
1879 2780 1940 2841 οὗ

2047 2602 2325 2672 elargitor.
2365 2599 2600 2670 Haecque
2630 2615 2753 2656 cum
2780 2601 2883 2670 ipsi
2917 2601 3202 2670 praeberet,
3226 2602 3344 2656 sine
3367 2601 3631 2655 dilatione

2048 2707 2188 2763 opus
2219 2691 2389 2758 ursit;
2422 2692 2659 2750 unde,et
2687 2692 3034 2760 impulsorem
3077 2706 3204 2746 eum
3249 2706 3411 2746 suum
3443 2691 3626 2760 aliqua

2048 2781 2106 2835 in
2136 2775 2364 2850 ephtola
2394 2795 2492 2833 sua
2520 2777 2781 2850 Origenes
2815 2780 3066 2850 appellat.
3116 2778 3222 2834 Sed
3266 2785 3320 2833 et
3359 2777 3474 2847 ipse
3503 2777 3627 2846 plu-

345 2885 451 2938 καὶ
482 2883 881 2954 ἐργοδιώκτην
911 2887 968 2939 ἐν
1006 2886 1104 2956 μιᾷ
1133 2885 1240 2938 τῶν
1277 2881 1572 2936 ἐπιστολῶν
1607 2878 1759 2949 παρὰ
1804 2877 1940 2946 Ὦρι-

2050 2873 2190 2927 rima
2217 2871 2506 2941 scripsisse
2527 2872 2785 2927 traditur.

326 2977 546 3045 ,γένους
569 2977 858 3050 κληθῆναι.
912 2977 1150 3031 Πλεῖστα
1195 2976 1252 3029 δὲ
1285 2976 1380 3030 καὶ
1421 2969 1576 3036 οὗτος
1611 2972 1688 3042 (8)
1722 2969 1938 3038 λέγεται
1978 2963 2440 3036 συγγεγραφέναι.

1673 3087 1826 3143 Idem
1859 3084 1989 3140 ibid.
2020 3084 2137 3138 cod.
2163 3098 2301 3138 con.-

441 3210 782 3284 Ἀνεγνώσθη
823 3211 1143 3266 Ἱππολύτου
1177 3211 1479 3266 ἐπισκόπου
1525 3209 1621 3263 καὶ
1663 3207 1940 3280 μάρτυρος

347 3301 624 3374 ἑρμηνεία
656 3304 737 3365 είς
770 3303 864 3357 τὸν
897 3305 1115 3378 Δανιήλ.
1151 3304 1308 3358 Κατὰ
1329 3302 1472 3370 λέξιν
1489 3301 1587 3374 μὲν
1618 3301 1678 3354 ού
1705 3302 1938 3354 ποιεῖται

344 3393 454 3464 τὴν
485 3395 806 3461 ἀνάπτυξιν,
831 3395 968 3466 πλὴν
993 3396 1084 3448 τὸν
1111 3395 1236 3448 νοῦν
1264 3412 1350 3465 γε,
1378 3394 1454 3456 ὡς
1488 3393 1618 3456 ἔπος
1648 3393 1842 3454 εἰπεῖν,
1876 3390 1938 3442 οὐ

347 3485 718 3557 παρατρέχει.
753 3486 930 3541 Πολλά
951 3486 1135 3557 μέντοι
1157 3485 1592 3558 ἀρχαιοτρόπως,
1619 3483 1713 3537 καὶ
1743 3482 1843 3535 οὐκ
1859 3482 1939 3544 εἰς

347 3577 418 3630 τὸ
434 3577 560 3630 ’ύστε
570 3577 1092 3650 ρονιδιηκριὸωμένα
1113 3577 1408 3646 καταλέγει
1428 3595 1442 3608 ·
1465 3577 1581 3630 ἀλλ’
1599 3574 1822 3629 ἐκείνων
1838 3573 1936 3626 οὐκ

352 3667 426 3720 ἂν
459 3666 544 3736 ετη
561 3666 766 3730 δίκαιος
800 3666 954 3735 λόγον
971 3667 1212 3737 ὑπέχειν.
1234 3668 1372 3731 Τοὺς
1389 3667 1496 3739 γὰρ
1511 3667 1685 3738 ἀρχὴν
1703 3665 1937 3736 θεωρίας

349 3759 887 3830 καταϐαλλομένως,
914 3759 975 3812 οὐ
1013 3757 1170 3831 [χρὴ]
1194 3759 1347 3822 δίκας
1370 3759 1623 3813 ἀπαιτεῖν
1651 3757 1761 3810 τῶν
1795 3772 1936 3827 παρ-

351 3850 608 3920 ειμένων,
643 3848 756 3902 ἀλλ’
791 3851 1012 3920 ἀγαπᾷν
1048 3849 1292 3920 μάλιστα
1323 3851 1495 3922 αὐτῆς
1521 3868 1580 3903 τε
1624 3851 1723 3919 τῆς
1755 3851 1940 3902 ἐπιδο-

351 3939 480 4011 λῆς,
507 3939 604 3993 καὶ
636 3938 723 4009 ἐφ’
756 3940 881 3993 ὅσον
917 3938 985 3993 ἂν
1016 3939 1372 4011 καταλήψεως
1401 3940 1510 3993 τῶν
1543 3939 1939 4010 διασκοπουμέ-

350 4051 464 4089 νων
494 4033 831 4104 προχωροίη.
873 4032 946 4084 Τὸ
973 4032 1030 4084 δὲ
1062 4033 1160 4102 τὴν
1191 4031 1282 4084 τοῦ
1328 4031 1694 4103 Ἀντιχρίστου
1733 4048 1940 4101 παρου-

356 4124 502 4189 σίαν,
541 4122 662 4176 καθ’
694 4123 758 4192 ῆν
786 4121 931 4192 καὶὴ
965 4119 1059 4174 τοῦ
1094 4120 1355 4191 αἰσθητοῦ
1388 4123 1593 4192 κόσμου
1627 4121 1779 4174 τοῦδε
1817 4139 1939 4175 συν-

351 4217 542 4270 τέλεια
570 4217 806 4278 ίσταται,
839 4213 974 4286 μηδέ
996 4216 1109 4276 τοῖς
1129 4213 1397 4286 μαθηταῖς
1421 4212 1694 4283 δεομένοις
1715 4211 1808 4265 τοῦ
1828 4214 1940 4265 Σω-

317 4356 320 4359 .
355 4309 525 4381 τῆρος
559 4306 1007 4376 ἀποκαλύψαντος
1027 4323 1042 4337 ·
1091 4302 1210 4360 εἶτα
1241 4305 1404 4357 αὐτὸν
1440 4305 1641 4376 ταύτην
1678 4321 1941 4357 πεντακο-

358 4399 496 4461 σίοις
531 4398 708 4450 ἔτεσιν
740 4397 848 4450 ἀπὸ
872 4395 1106 4467 Χριστοῦ
1136 4395 1443 4467 ὑπαχθέντα
1475 4395 1938 4468 περιγράψασθαι,

356 4489 559 4542 ὡσανεὶ
589 4487 698 4540 τῶν
727 4486 835 4539 ἀπὸ
866 4484 1089 4557 πρώτης
1114 4485 1208 4538 τοῦ
1231 4485 1438 4556 κόσμου
1478 4483 1786 4554 καταϐολῆς
1812 4483 1938 4548 ἐξα-

359 4580 640 4651 κισχιλίων
671 4577 809 4632 ἐτῶν
847 4577 1304 4648 συντελουμένων,
1338 4577 1433 4630 καὶ
1465 4576 1560 4648 τὴν
1585 4575 1826 4629 διάλυσιν
1851 4576 1941 4628 αὺ-

357 4673 454 4725 τοῦ
503 4670 832 4742 ἐφεστάναι·
882 4669 1041 4723 τοῦτο
1088 4670 1183 4724 καὶ
1221 4669 1555 4742 θερμοτέρας
1597 4667 1660 4723 ἂν
1709 4668 1794 4740 εἴη
1844 4667 1939 4721 τοῦ

362 4767 733 4837 προσήκοντος
781 4761 1041 4834 γνώμης,
1092 4762 1187 4816 καὶ
1219 4764 1252 4834 ὴ
1285 4752 1557 4832 ἀπόφασις
1595 4763 1941 4836 ἀνθρωπίνης

360 4857 618 4925 ἀγνοίας,
653 4855 769 4909 ἀλλ’
819 4855 918 4908 οὐκ
949 4856 1235 4918 ἐπιπνοίας
1276 4855 1376 4925 τῆς
1413 4855 1620 4909 ἄνωθεν
1651 4856 1934 4927 διελέγχει.

374 4949 440 5000 Ἦ
466 4947 666 5017 φράσις
698 4946 887 5010 αὐτοῦ,
917 4947 978 4999 τὸ
1012 4946 1180 5015 σαφὲς
1200 4947 1281 4998 ὅτι
1316 4944 1551 5016 μάλιστα
1572 4946 1938 5018 οἰκειουμένη,

364 5040 566 5110 πρέποι
597 5039 663 5095 ἂν
699 5039 985 5112 ἑρμηνείᾳ,
1034 5041 1082 5092 ει
1126 5039 1219 5092 καὶ
1248 5040 1376 5102 τοὺς
1417 5039 1695 5114 Ἀττικοὺς
1723 5028 1800 5111 (9)
1823 5021 1941 5092 οῦτι

369 5136 512 5206 μάλα
544 5135 780 5206 θεσμοὺς
811 5135 1161 5187 δυσωπεῖται.

2102 3199 2278 3258 'Lecta
2331 3211 2414 3256 est
2454 3199 2726 3272 Hippolyti
2769 3196 3010 3268 episcopi
3057 3211 3122 3251 ac
3165 3194 3424 3266 martyris
3461 3195 3631 3250 inter-

2044 3292 2276 3361 pretatio
2305 3291 2570 3356 Danielis,
2597 3306 2758 3361 quem
2792 3290 2894 3345 etsi
2937 3289 3005 3343 ad
3051 3287 3276 3342 verbum
3310 3301 3420 3340 non
3453 3286 3629 3354 expli-

2044 3383 2498 3447 cat,sententiam
2525 3392 2728 3447 tamen,
2748 3394 2807 3437 ut
2834 3383 2906 3437 ita
2938 3381 3140 3444 dicam,
3174 3394 3282 3434 non
3307 3387 3632 3449 praetercur-

2043 3478 2136 3530 rit.
2171 3476 2340 3532 Multa
2379 3493 2543 3546 porro
2585 3477 2753 3532 veteri
2787 3491 2960 3541 more,
3001 3490 3110 3530 non
3140 3483 3203 3529 ut
3241 3483 3427 3544 postea
3475 3472 3634 3530 fuero

2044 3568 2360 3622 accuratius
2393 3583 2649 3632 excussa,
2684 3567 3050 3639 persequitur.
3084 3565 3410 3637 Quanquam
3436 3581 3629 3621 eorum

2041 3659 2195 3728 posci
2220 3661 2512 3724 rationem,
2539 3675 2752 3730 aequum
2787 3675 2894 3715 non
2918 3667 3020 3715 est.
3052 3657 3240 3729 Neque
3268 3659 3413 3713 enim
3443 3657 3528 3714 fas
3559 3658 3630 3712 ab

2044 3753 2111 3810 iis
2152 3755 2247 3825 qui
2275 3755 2630 3812 fundamenta
2671 3757 2748 3812 rei
2805 3757 3040 3827 alicujus
3073 3757 3485 3812 consideranda:
3532 3771 3632 3826 po-

2042 3846 2271 3913 suerint,
2304 3847 2571 3903 rationem
2612 3856 2857 3918 repetere
2893 3863 3080 3903 eorum
3120 3863 3243 3918 qum
3279 3847 3626 3917 praeteriere:

2041 3939 2134 3993 sed
2187 3938 2370 3994 favere
2417 3941 2599 4010 potius
2639 3941 2859 3995 conatui
2906 3939 3040 4008 ipsi,
3077 3940 3628 4008 quantulumcunque

2041 4030 2096 4085 in
2140 4047 2324 4086 rerum
2365 4033 2907 4102 contemplandarum
2953 4031 3438 4100 comprehensione
3488 4045 3619 4099 pro-

2041 4125 2326 4179 cesserint.
2379 4125 2702 4180 Antichristi
2756 4139 2884 4178 vero
2939 4123 3263 4188 adventum,
3312 4121 3401 4177 cui
3451 4123 3618 4176 etiam

2041 4217 2390 4286 aspectabilis
2439 4216 2605 4284 hujus
2660 4216 2850 4270 mundi
2899 4214 3303 4269 consummatio
3344 4214 3616 4286 jungitur,

2042 4323 2167 4362 cum
2193 4322 2264 4362 ne
2290 4307 2575 4377 discipulis
2614 4306 2834 4376 quidem
2878 4305 3199 4376 rogantibus
3240 4304 3626 4360 manifestavc-

2043 4403 2116 4457 rit
2148 4401 2418 4466 Salvator,
2451 4402 2520 4455 ab
2567 4400 2856 4473 Hippolyto
2891 4400 3088 4455 deinde
3132 4401 3198 4454 ad
3237 4402 3566 4472 quingentos
3593 4419 3626 4458 a

2043 4493 2262 4548 Christo
2279 4508 2455 4549 annos
2486 4491 2761 4548 adduciac
2788 4493 3191 4562 circumscribi,
3214 4496 3370 4565 quasi
3396 4512 3424 4550 a
3449 4497 3627 4566 prima

2043 4584 2231 4638 mundi
2285 4584 2677 4638 constitutione
2733 4599 2832 4638 sex
2885 4584 3126 4641 millibus
3181 4601 3450 4642 annorum
3509 4596 3626 4644 tum

2043 4676 2250 4730 exactis
2279 4675 2400 4746 ejus
2445 4676 2736 4732 dissolutio
2763 4677 3014 4744 instaret,
3059 4677 3166 4733 hoc
3203 4679 3480 4735 calidioris
3505 4682 3628 4748 qui-

2043 4768 2168 4824 dem
2203 4783 2369 4839 quam
2409 4769 2670 4836 decebat,
2705 4769 2876 4825 animi
2922 4781 3042 4837 est;
3089 4781 3254 4841 atque
3295 4773 3628 4828 asseveratio

1993 4902 2013 4919 .
2043 4860 2160 4915 hinc
2187 4860 2484 4914 humanam
2517 4860 2882 4932 ignorantiam
2917 4861 3102 4931 potius
3139 4878 3304 4933 quam
3347 4863 3622 4919 caelestem

2046 4951 2468 5022 inspirationem
2501 4953 2704 5022 arguit.
2737 4952 2923 5008 Genus
2943 4953 3064 5024 ejus
3091 4953 3304 5010 dicendi
3333 4956 3540 5011 clarum
3567 4957 3624 5010 in

2044 5044 2236 5114 primis
2253 5059 2316 5098 ac
2338 5045 2710 5114 perspicuum,
2730 5045 3273 5116 interpretationique
3295 5062 3621 5116 congruens,

2045 5137 2174 5191 licet
2201 5152 2302 5192 nec
2330 5137 2540 5193 Atticas
2573 5137 2721 5208 leges
2761 5137 2916 5192 valde
2945 5138 3216 5206 repudiat.

435 5225 854 5296 Συνανεγνὼσθη
899 5225 1063 5280 αὐτοῦ
1098 5224 1194 5278 καὶ
1223 5222 1412 5296 ἕτερος
1432 5222 1594 5292 λόγος
1625 5224 1755 5294 περὶ
1799 5225 1935 5294 Χρι-

2118 5227 2318 5284 Lectus
2347 5228 2590 5298 ejusdem
2623 5229 2788 5284 simul
2817 5239 2873 5284 et
2900 5229 3041 5284 alius
3071 5228 3208 5282 liber
3238 5228 3304 5282 de
3329 5227 3548 5283 Christo
3568 5236 3624 5283 et

439 5404 515 5474 (6)
551 5402 630 5457 Ex
655 5402 756 5457 hoc
783 5401 904 5456 loco
927 5397 1617 5474 apparet,_apud_Photi_um
1640 5415 1766 5474 mox
1797 5401 1939 5474 infra

367 5469 638 5538 codﬁccn,
669 5474 722 5526 in
747 5475 871 5535 line,
899 5469 1015 5526 non
1033 5469 1457 5540 esse‘legendum
1480 5469 1596 5524 οὔτι
1621 5471 1786 5540 μάλα,
1810 5473 1901 5526 sed
1925 5490 1938 5526 :

365 5547 490 5608 τοὺς
517 5543 794 5605 Ἀττικοὺς
823 5541 936 5594 ὃντι
967 5539 1110 5609 μάλα
1149 5538 1384 5610 θεσμοὺς
1414 5538 1743 5593 δυσωπεῖται
1779 5561 1792 5573 ·
1835 5544 1943 5597 nisi

367 5616 492 5684 quis
517 5623 573 5669 et
609 5615 705 5684 hic
735 5614 882 5681 legat
918 5610 1322 5684 ἀποστρέφεται
1364 5625 1467 5684 pro
1479 5611 1894 5684 ἐπιστρέφεται
1917 5652 1932 5676 ,

366 5680 510 5754 quod
559 5680 877 5754 neutiquam
915 5680 1118 5752 probo,
1167 5681 1319 5735 nullo
1368 5681 1556 5736 codice
1595 5680 1697 5737 ms.
1744 5682 1940 5736 suﬂ‘ra-

366 5753 547 5825 gante.
568 5753 793 5825 Fannia.

436 5823 514 5895 (7)
553 5824 685 5892 Quae
722 5830 1046 5894 sequuntur,
1081 5819 1204 5876 licet
1245 5820 1444 5878 similia
1481 5836 1545 5877 ex
1590 5822 1731 5876 male
1774 5821 1936 5884 intel:

2046 5404 2202 5459 lectis
2234 5402 2455 5458 Eusebii
2487 5419 2562 5468 v1,
2593 5402 2686 5466 25,
2723 5400 2905 5458 verbis
2933 5401 3096 5457 habet
3122 5403 3286 5456 etiam
3313 5400 3622 5473 Syncellus,

2044 5489 2100 5543 p.
2125 5475 2252 5536 558,
2277 5473 2964 5545 Ambi'osio_Alexandrino
3002 5472 3250 5545 Origenis
3286 5471 3626 5545 ,ιὲργοδιώκτῃΙ

2046 5542 2380 5614 Competunt,
2412 5560 2518 5598 non
2548 5542 2856 5614 Hippolyto,
2894 5551 2958 5614 ut
2983 5557 3012 5594 a
3052 5542 3404 5614 multirsrviris
3443 5542 3623 5599 doctis

2040 5613 2155 5682 jam
2172 5611 3217 5685 "animadversum.Gorifer_Hieronymi
3245 5613 3426 5669 locum
3454 5629 3624 5685 supra

2047 5681 2200 5738 num.
2233 5685 2288 5744 5,
2323 5692 2378 5737 et
2409 5683 2551 5738 infra
2580 5698 2731 5737 num.
2762 5683 2845 5736 M.
2873 5681 3094 5739 FABRIC.

2120 5754 2196 5826 (δ)
2230 5752 2551 5826 llippolytus
2581 5754 2863 5809 nimirum.

2120 5823 2198 5894 (9)
2237 5823 2445 5878 Schott.
2482 5824 2582 5877 ὅτι.
