4128 6420
501 391 601 444 579
1709 379 2123 439 TESTIMONIA
2189 371 2523 436 VETEBUM
3641 377 3759 432 580

502 503 857 564 Antichristo,
886 501 936 554 in
961 515 1067 570 quo
1095 499 1282 555 eadem
1313 497 1526 553 dicendi
1556 496 1728 554 forma
1754 511 1990 562 servata,
2019 510 2085 555 et

2185 495 2300 548 ςτοῦ
2326 498 2422 549 καὶ
2461 497 2850 569 Ἀντιχρίστου,
2909 499 2968 550 ιν
3013 490 3058 565 ᾧ
3101 497 3198 567 ἦτε
3229 496 3367 568 αὐτὴ
3411 497 3519 548 τῶν
3570 494 3758 562 λόγων

503 611 760 650 sensuum
795 591 1113 661 simplicitas
1146 604 1211 642 ac
1240 595 1502 642 vetustas.
1894 605 1902 611 ·

2185 588 2294 640 ιδὲα
2327 588 2638 660 διαπρέπει,
2660 589 2827 643 καὶτὸ
2849 589 2956 641 τῶν
2985 591 3269 664 νοημάτων
3302 581 3670 658 ἁπλούστερόν
3686 603 3759 640 τε

2175 678 2272 730 καὶ
2317 678 2736 752 ἀρχαιότροπον.

2049 805 2191 864 Xllt.

1835 920 2031 977 Suidas
2074 925 2131 977 in
2159 924 2376 982 Lexico.

579 1017 918 1119 Hippolytus.
953 1045 1052 1100 liic
1097 1044 1318 1114 scripsit
1371 1045 1424 1097 in
1473 1042 1790 1112 prophetias
1837 1041 2073 1098 Danielis

504 1141 976 1200 commentarium,
1002 1147 1056 1191 et
1086 1137 1138 1190 in
1165 1135 1449 1205 praverbia
1485 1132 1814 1187 Salomonis.

2261 1043 2629 1116 Ἱππόλυτος.
2663 1044 2828 1112 Οὗτος
2873 1049 3109 1121 ἔργαψεν
3161 1050 3237 1113 είς,
3274 1050 3372 1112 τὰς
3401 1049 3620 1122 ὁράσεις
3649 1050 3756 1104 τοῦ

2177 1138 2372 1209 Δανιὴλ
2401 1140 2728 1212 ὑπόμνημα,
2763 1142 2856 1195 καὶ
2894 1143 2974 1206 εἰς
3013 1141 3112 1206 τὰς
3144 1141 3760 1213 ΠαροιμίαςιΣολομῶν-

2175 1242 2287 1288 τος.

2062 1323 2199 1378 XIV.

1272 1440 1524 1514 Georgius
1558 1441 1831 1513 Syncellus
1859 1444 1916 1496 in
1944 1443 2273 1513 Chronogr.,
2297 1443 2366 1496 ad
2401 1459 2527 1495 ann.
2554 1442 2680 1506 915,
2707 1459 2827 1512 pag.
2861 1441 2986 1496 ⁸558.

574 1564 891 1636 Hippolytus
920 1577 1072 1619 sacer
1092 1563 1468 1634 philosophus,
1485 1562 1682 1618 Portus
1702 1562 1932 1618 Romani
1955 1565 2073 1632 epi-

2257 1561 2570 1625 Ἱππόλυτος
2603 1562 2744 1633 ἱερὸς
2771 1561 3076 1631 φιλόσοφος,
3100 1522 3396 1626 ἐπίσκοπος
3417 1562 3623 1633 Πόρτου
3651 1563 3758 1616 τοῦ

504 1673 724 1726 scopus,
763 1656 1072 1710 Christiana
1110 1655 1454 1724 philosophia
1496 1664 1783 1724 prmstans,
1827 1656 2074 1724 pluribus

2185 1651 2313 1703 κατὰ
2338 1653 2435 1723 τὴν
2470 1650 2710 1722 Ῥώμην,
2747 1652 2951 1723 σφόδρα
2967 1652 3283 1724 διαπρεπῶς
3304 1652 3454 1724 mea
3482 1655 3618 1724 ὲντῇ
3650 1671 3763 1707 καμ-

501 1748 750 1818 Ῑιινοηάαε
785 1746 1066 1799 hominum
1099 1745 1262 1800 saluti
1296 1745 1617 1814 conscriptis
1653 1745 1806 1800 libris
1837 1746 2074 1800 celebra-

2173 1741 2242 1794 τὰ
2294 1741 2526 1812 Χριστὸν
2574 1743 2889 1814 φιλοσοφίᾳ,
2926 1743 3154 1797 πλεῖστα
3196 1743 3488 1815 ψυχωφελῆ
3525 1745 3763 1799 συντάτ-

503 1838 684 1893 batur.
721 1837 890 1891 Editis
932 1836 1132 1906 quippe
1175 1836 1228 1887 in
1265 1850 1360 1888 sex
1401 1835 1610 1888 dierum
1645 1851 1801 1904 opus,
1838 1844 1891 1889 et
1928 1835 1982 1888 in
2008 1849 2074 1888 ea

2185 1850 2284 1887 των
2315 1833 2699 1905 ὑποπνήματα.
2737 1835 2832 1897 Εἷς
2857 1852 2913 1887 τε
2938 1837 3046 1905 γὰρ
3075 1835 3171 1904 τὴν
3193 1834 3520 1905 ὲξαήμερον,
3551 1835 3648 1890 καὶ
3669 1838 3763 1900 εις

504 1944 626 1997 quae
667 1927 873 1996 priores
922 1941 1017 1979 sex
1049 1926 1166 1979 dies
1208 1924 1331 1978 illos
1379 1934 1669 1980 consecuta
1713 1936 1868 1990 sunt,
1913 1934 1967 1979 et
2017 1926 2073 1978 in

2185 1925 2245 1978 τὰ
2282 1924 2418 1995 μετὰ
2463 1926 2562 1995 τὴν
2619 1926 2944 1996 ἐξαήμερον,
2997 1927 3076 1989 είς
3111 1926 3281 1979 πολλά
3304 1943 3364 1978 τε
3394 1925 3502 1978 τῶν
3537 1942 3767 1996 προφη-

506 2019 906 2087 praecipuorum
951 2016 1369 2085 prephetarum,
1417 2014 1714 2070 Ezechielis
1754 2015 1988 2070 maxime
2023 2026 2077 2071 et

2185 2017 2304 2081 τῶν,
2339 2018 2570 2088 μάλιστα
2605 2018 2864 2088 Ἰεζεκιὴλ
2894 2017 2986 2070 καὶ
3005 2018 3200 2094 Δανιὴλ
3221 2016 3330 2070 τῶν
3363 2017 3611 2087 μεγάλων
3629 2058 3644 2083 ,
3670 2018 3766 2072 ἔτι

509 2108 765 2174 Danielis,
781 2107 1057 2171 vaticinia,
1080 2123 1177 2161 nec
1196 2122 1301 2160 non
1321 2108 1373 2160 in
1391 2106 1634 2172 Cantica,
1659 2118 1712 2160 et
1729 2116 1935 2162 veteres
1954 2123 2076 2176 pas—

507 2202 610 2256 sim
647 2214 924 2268 novasque
962 2197 1307 2267 Scripturas,
1338 2198 1768 2261 commentariis,
1797 2197 2082 2266 speciatim
2114 2179 2155 2231 Β

509 2291 564 2343 in
601 2288 828 2345 Joannis
859 2289 1093 2356 theologi
1113 2289 1167 2341 in
1196 2287 1386 2342 Patmo
1418 2287 1844 2352 Revelationem,
1866 2287 1918 2340 in
1940 2286 2083 2341 Mar-

507 2383 721 2436 cionem
749 2390 802 2435 et
832 2380 1074 2448 reliquas
1106 2379 1362 2442 haereses,
1396 2387 1451 2432 et
1497 2393 1764 2432 annorum
1807 2379 2080 2433 sexdecim

510 2473 823 2548 Paschale'm
859 2473 1100 2541 regulam
1153 2473 1220 2526 ad
1263 2487 1466 2526 annum
1515 2471 1750 2540 primum
1791 2470 2088 2526 Alexandri

509 2559 804 2616 Mammaea:
836 2561 943 2615 fixo
981 2562 1213 2615 termino
1245 2562 1500 2630 exposuit
1526 2580 1538 2614 :
1561 2569 1635 2623 et,
1665 2569 1726 2615 ut
1751 2561 1918 2615 verbo
1948 2575 2084 2615 con-

507 2653 748 2716 cludam,
783 2653 921 2707 vivis
966 2653 1278 2706 divinorum
1323 2653 1668 2722 eloquiorum
1719 2651 1934 2708 ﬂuentis
1977 2651 2075 2707 Ec-

465 2766 468 2770 η
509 2743 732 2796 clesiam
765 2741 1018 2811 irrigans,
1053 2744 1267 2796 tandem
1293 2728 1768 2814 martyrii-corona
1799 2743 2085 2799 redimitus

507 2846 610 2888 est.
649 2833 725 2887 Ex
753 2834 874 2902 ejus
905 2835 1122 2903 scriptis
1158 2835 1449 2889 occasione
1489 2843 1705 2904 sumpta
1739 2834 1927 2889 infelix
1959 2834 2084 2888 Ori-

509 2939 673 2996 genes
727 2925 898 2980 libros
946 2941 1116 2980 sacra:
1156 2925 1450 2994 Scriptura:
1487 2926 1834 2996 quamplures
1870 2929 2084 2996 (horta-

508 3026 628 3072 tore
665 3025 718 3073 et
761 3027 1010 3087 sumptus
1054 3018 1392 3072 necessarios
1435 3019 1786 3088 notariosque
1855 3027 2083 3087 septem,

514 3107 639 3162 aliis
667 3117 792 3177 post
825 3109 964 3162 alios
996 3123 1173 3177 operae
1200 3109 1639 3173 succedentibus,
1669 3119 1721 3164 et
1751 3109 1896 3164 viros
1922 3125 2086 3166 accu-

511 3201 737 3254 ratioris
763 3200 1100 3254 characteris
1130 3200 1356 3269 peritos,
1383 3215 1491 3254 una
1521 3199 1645 3255 cum
1681 3203 1876 3270 puellis
1897 3203 2084 3257 eadem

508 3289 766 3358 pingendi
798 3299 914 3343 arte
940 3289 1354 3358 praestantibus,
1385 3304 1452 3342 ex
1488 3291 1683 3343 throno
1711 3291 1937 3345 dictanti
1973 3291 2086 3345 lar-

516 3383 654 3452 giter
681 3383 1136 3438 subministrante
1163 3384 1469 3449 Ambrosio,
1504 3393 1559 3439 et
1585 3399 1706 3453 qua:
1736 3385 1802 3439 ad
1843 3385 2085 3439 scriben-

2185 2108 2291 2180 μὴν
2320 2111 2398 2171 εἰς
2435 2109 2503 2161 τὰ
2539 2108 2822 2180 ’ᾼσματα,
2879 2108 2974 2162 καὶ
3006 2110 3086 2172 εἰς
3133 2109 3297 2173 ἄλλας
3345 2108 3602 2173 παντοίας
3648 2128 3772 2164 πει-

2184 2199 2342 2262 λαιάς
2371 2200 2466 2253 καὶ
2491 2200 2616 2264 νέας
2648 2199 2890 2272 Γραφὰς,
2927 2201 2983 2253 ὲν
3008 2196 3088 2263 οἷς
3129 2201 3224 2254 καὶ
3252 2202 3333 2265 είς
3359 2201 3527 2272 τὴνὲν
3544 2202 3769 2272 Πάτμῳ

2186 2291 2276 2345 τοῦ
2311 2291 2558 2360 θεολόγου
2597 2291 2994 2362 Ἀποκάλυψιν,
3029 2291 3165 2362 πρὸς
3196 2293 3498 2363 Μαρκίωνα
3529 2293 3623 2348 καὶ
3653 2294 3771 2358 τὰς

2185 2382 2372 2446 λοιπὰς
2399 2383 2657 2453 αἱρέσεις,
2688 2384 2782 2436 καὶ
2811 2383 2902 2436 τὸν
2925 2384 3302 2449 ὲξκαιδέκατον
3348 2383 3460 2455 (10)
3500 2386 3768 2457 ἐτηρικὸν

2185 2474 2276 2528 τοῦ
2304 2473 2491 2543 Πάσχα
2511 2474 2708 2527 κανόνα
2739 2474 2954 2540 ἐξέθετο
2987 2474 3330 2545 περιγράψας
3350 2476 3432 2538 εἰς
3458 2475 3520 2528 τὸ
3538 2476 3769 2547 πρῶτον

2185 2566 2303 2628 ἔτος
2344 2564 2694 2636 Ἀλεξάνδρου
2745 2565 2841 2619 τοῦ
2893 2566 3163 2637 Μαμμίας
3194 2566 3413 2635 τούτου,
3442 2569 3537 2622 καὶ
3571 2571 3776 2623 συντό-

2189 2672 2303 2726 μως
2341 2655 2506 2724 φάναι
2557 2654 2858 2726 θεοφρὰδης
2903 2657 3146 2726 ποταμὸς
3186 2660 3252 2728 τῇ
3293 2657 3588 2730 Ἐκκλησία
3621 2659 3772 2726 ζών-

2183 2761 2290 2797 των
2315 2744 2567 2815 ναμάτων
2599 2743 2851 2812 γέγονεν,
2887 2743 2978 2796 τὸν
3027 2743 3361 2815 μαρτυρικὸν
3400 2743 3773 2815 περιθέμενος

2187 2837 2447 2906 στέφανον
2484 2835 2619 2907 πρὸς
2638 2835 2716 2906 τῷ
2741 2835 2904 2888 τέλει.
2949 2829 3046 2888 Ἐκ
3077 2835 3264 2887 τούτου
3291 2833 3470 2888 λαϐὼν
3503 2837 3770 2905 ἀφορμὰς

2197 2927 2478 2998 Ὦριγένης
2525 2929 2554 2980 ὁ
2592 2927 2759 2991 τάλας
2815 2926 3326 2998 ὑπερεμνημάτισεν
3378 2927 3588 2980 πολλῶν
3650 2928 3768 2980 τῶν

2184 3021 2441 3094 Γραφῶν,
2481 3019 2806 3092 Ἀμϐροσίου
2841 3017 3238 3090 παρορμῶντος
3272 3018 3438 3072 αὐτὸν
3465 3021 3544 3083 εἰς
3567 3020 3725 3073 τοῦτο
3745 3060 3766 3085 ,

2187 3113 2284 3166 καὶ
2337 3111 2698 3182 χορηγοῦντος
2741 3109 3043 3179 ἀναγκαίας
3072 3126 3132 3161 τε
3157 3110 3353 3181 χρείας
3382 3109 3627 3184 ἀφθόνως
3663 3114 3772 3166 καὶ

2185 3202 2571 3272 ταχυγράφους
2618 3199 2756 3252 ἑπτὰ
2813 3198 3182 3270 παριστῶντος
3219 3201 3542 3271 ἀμείϐοντας
3589 3201 3755 3274 άλλή-
3861 3201 3863 3204 ⁴

2183 3291 2307 3354 λους
2343 3288 2734 3362 ὑπαγορεύοντι
2779 3289 2873 3342 καὶ
2914 3282 3311 3361 καλλιγράφους
3354 3291 3608 3354 τελείους,
3640 3290 3772 3362 ἅμα

2185 3383 2378 3454 κόραις
2407 3380 2751 3451 ἡσκημέναις
2804 3379 3057 3449 γράφειν,
3106 3383 3310 3450 ἆφατόν
3359 3399 3419 3435 τε
3451 3382 3772 3454 προθυμίαν

509 3475 642 3528 dum
673 3475 879 3528 cierent
925 3475 1166 3529 animum
1212 3475 1371 3544 plena
1414 3490 1578 3530 manu
1621 3475 1916 3546 praebente)
1969 3476 2085 3532 suis

2187 3472 2334 3544 αὑτῷ
2363 3473 2689 3543 παρέχοντος
2718 3473 2799 3535 εἰς
2829 3473 2890 3524 τὸ
2920 3471 3251 3526 συντάττειν.

511 3562 986 3618 lucubrationibus
1014 3565 1328 3621 illustravit.

1966 3676 2113 3733 Idem
2151 3678 2280 3732 ibid.

581 3790 707 3848 Hac
736 3808 842 3847 non
873 3793 1092 3862 prOprio
1126 3793 1296 3849 Marte
1327 3772 1666 3866 collegimus,
1698 3800 1794 3852 sed
1832 3811 1899 3851 ex
1933 3796 2076 3850 beati

2250 3792 2436 3846 Ταῦτα
2467 3792 2568 3844 οὐκ
2593 3791 2685 3860 ἀφ’
2718 3789 2925 3844 ἑαυτῶν
2960 3791 3387 3862 συντετάχαμεν,
3415 3792 3529 3844 ἀλλ’
3565 3795 3630 3845 ὲκ
3651 3793 3769 3846 τῶν

511 3884 742 3954 apostoli
773 3893 826 3937 et
853 3883 1050 3939 Portus
1080 3884 1310 3940 Romani
1344 3888 1760 3957 archiepiscopi,
1793 3889 2077 3956 sanctique

2185 3883 2532 3952 παραδόσεων
2588 3882 2683 3935 τοῦ
2754 3883 3022 3955 μακαρίου
3095 3883 3391 3936 ἀποστόλου
3457 3885 3552 3939 καὶ
3605 3888 3770 3956 ἀρχι-

512 3976 764 4046 martyris
801 3975 1108 4049 Hippolyti,
1133 3987 1188 4031 et
1219 3978 1416 4033 Aniani
1451 3979 1846 4050 religiosissimi
1890 3993 2081 4033 mona-

512 4068 624 4132 chi,
655 4068 749 4138 qui
783 4069 997 4138 cyclum
1033 4085 1087 4122 x1
1122 4068 1436 4125 Paschalem
1478 4086 1747 4124 annorum
1778 4071 1883 4125 552
1919 4071 2080 4125 scho-

513 4159 601 4212 liis
641 4159 969 4213 illustratum
1007 4160 1406 4215 studiosissime
1449 4161 1708 4231 digessit,
1756 4169 1812 4215 et
1859 4159 2079 4214 Maximi

515 4251 854 4306 sanctissimi
886 4252 1141 4307 monachi
1187 4261 1241 4306 et
1282 4253 1528 4322 praeclari
1568 4251 1909 4323 philoSOphi,
1952 4265 2083 4305 con-

515 4343 742 4398 fessoris
769 4353 825 4398 et
846 4344 1029 4414 magni
1058 4344 1313 4402 Ecclesiae
1339 4345 1602 4410 doctoris,
1621 4343 2007 4399 monumentis.

2181 3975 2480 4030 ὲπισκόπου
2511 3974 2767 4047 [Πόρτου]
2802 3975 3019 4046 Ῥώμης
3044 3975 3357 4029 Ἱππολύτου
3389 3978 3484 4030 καὶ
3503 3979 3770 4050 ἱερομάρυι

2183 4085 2368 4140 τυρος,
2397 4065 2636 4119 Ἀνιανοῦ
2663 4083 2723 4119 τε
2753 4065 2849 4119 τοῦ
2889 4067 3182 4121 ὁσιωτάτου
3217 4067 3474 4140 μοναχοῦ,
3506 4068 3600 4123 τοῦ
3629 4087 3762 4140 συν-
3869 4089 3878 4093 ‘

2187 4160 2444 4225 τάξαντος
2499 4158 2696 4212 κύκλον
2751 4163 2822 4210 ια’
2875 4158 3236 4231 πασχουάλιον
3293 4159 3414 4229 (ρλβ’
3454 4161 3591 4215 ἐτῶν
3643 4139 3763 4233 ἃμα

2191 4251 2423 4322 σχολίοις
2456 4249 2737 4322 ἀκριϐέσι,
2776 4251 2870 4303 καὶ
2909 4250 3161 4321 Μαξίμου
3196 4249 3290 4303 τοῦ
3325 4252 3762 4324 ἁγιωτάτουμο-

2189 4341 2352 4412 ναχοῦ
2373 4343 2467 4395 καὶ¹
2490 4341 2779 4411 φιλοσόφου
2807 4341 3062 4412 μεγάλου,
3083 4342 3437 4414 ὁιιολογητοῦ,
3471 4345 3566 4397 καὶ
3591 4345 3761 4416 μεγά-

2188 4431 2284 4484 λου
2317 4431 2633 4485 διδασκάλου
2667 4430 2766 4501 τῆς
2806 4430 3152 4499 Ἐκκλησίας.

2078 4546 2193 4602 XV.

1080 4641 1312 4699 Joannes
1340 4643 1578 4700 Zonaras
1601 4646 1655 4698 in
1678 4643 1933 4700 Annalib.
1961 4652 2089 4696 tom.
2123 4642 2166 4706 Ι,
2203 4659 2325 4712 pag.
2350 4640 2455 4696 626
2481 4641 2610 4694 edit.
2639 4641 2841 4708 Paris.,
2863 4641 2967 4697 468
3004 4640 3183 4695 Venet.

586 4757 702 4814 Sub
726 4757 949 4814 Urbano
971 4758 1219 4815 Romano
1243 4763 1521 4832 episcopo,
1550 4763 1713 4816 etiam
1740 4761 2081 4832 Hippolytus,

2261 4759 2394 4812 Τότε
2445 4757 2723 4829 Οὐρϐανοῦ
2755 4758 2855 4828 τῆς
2880 4758 3186 4828 ἐπισκοπῆς
3221 4756 3322 4828 τῆς
3353 4759 3642 4828 Ῥωμαίων
3665 4759 3761 4812 πό-
3863 4730 3865 4732 η

514 4852 596 4905 vir
643 4853 1024 4906 sanctissimus
1074 4861 1132 4906 et
1172 4854 1555 4921 doctissimus,
1599 4853 1830 4909 Romani
1888 4853 2084 4908 Portus

512 4943 799 5014 episcopus
850 4943 1064 5008 ﬂoruit,
1107 4946 1201 5014 qui
1253 4948 1308 5000 in
1350 4948 1520 5002 multa
1567 4962 1738 5003 sacrae
1786 4946 2083 5017 Scripturte

512 5037 937 5092 commentarios
971 5039 1314 5107 conscripsit.

2187 4850 2322 4913 λεως
2353 4849 2713 4920 προεστῶτος,
2742 4849 2837 4902 καὶ⁹
2883 4849 3193 4911 Ἱππόλυτος
3220 4849 3391 4920 ἤνθει,
3429 4850 3571 4922 ἀνὴρ
3597 4849 3759 4921 ἱερώ-

2187 4957 2348 5004 τατος
2389 4941 2483 4994 καὶ
2517 4941 2858 5009 σοφώτατος,
2891 4940 3188 5004 ἐπίσκοπος
3234 4939 3327 4992 τοῦ
3370 4939 3510 4994 κατὰ
3543 4941 3760 5011 Ῥώμην

2190 5031 2392 5102 Πόρτου
2425 5011 2732 5102 γενόμενος,
2759 5030 2815 5095 ὃς
2835 5031 2927 5084 καὶ
2953 5031 3120 5084 πολλὰ
3164 5031 3572 5102 συγγράμματα
3605 5047 3761 5083 συνε-

2187 5122 2464 5193 γράψατο,
2497 5123 2729 5194 διάφορα
2759 5123 2856 5193 τῆς
2888 5123 3042 5184 θείας
3067 5122 3290 5194 Γραφῆς
3329 5122 3754 5194 ἐξηγησάμενος.

2051 5258 2192 5314 XVI.

1420 5400 1746 5472 Nieephorus
1776 5400 2029 5456 Callistus
2061 5399 2199 5454 Hist.
2229 5399 2362 5454 eccl.
2394 5399 2484 5452 lib.
2512 5414 2586 5466 ιγ,
2611 5415 2728 5468 cap.
2760 5397 2848 5452 5i.

583 5493 943 5565 Temporibus
975 5495 1159 5550 Severi
1183 5495 1507 5568 Hippolytus
1532 5496 1716 5560 etiam,
1744 5495 1944 5552 Portus
1968 5495 2077 5550 Ro-

2255 5494 2380 5557 Τοῖς
2429 5494 2486 5546 δὲ
2521 5493 2662 5547 κατᾶ
2694 5492 2933 5564 Σεύηρον
2960 5492 3203 5564 χρόνοις,
3236 5491 3330 5545 καὶ
3384 5492 3696 5556 Ἱππόλυτος
3727 5493 3757 5543 ὁ

514 5584 663 5637 mani
712 5586 1034 5653 episcopus,
1084 5586 1319 5640 ﬂoruit:
1367 5587 1459 5656 qui
1510 5601 1635 5641 cum
1683 5585 1786 5640 alia
1839 5581 2077 5654 plurima

2185 5585 2393 5656 Πόρτου
2437 5585 2537 5656 τῆς
2581 5584 2795 5654 Ῥώμης
2841 5583 3135 5649 ἐπίσκοπος
3183 5584 3453 5654 γεγονὼς,
3494 5581 3759 5656 ἀκμάζων

583 5761 626 5826 (i
641 5760 694 5827 0)
727 5761 1315 5833 Ἑκκαιδεκαετηρικόν.
