4128 6390
320 373 428 428 581

1621 377 1714 470 DE}
1746 377 1803 434 S.
1845 376 2255 434 HIPI’OLYTO.

3472 374 3577 433 532

319 484 417 556 ἦν.
446 490 557 543 Καὶ
597 489 662 559 δὴ
690 489 901 544 πολλῶν
933 491 1338 564 ὑπομνημάτων
1367 495 1602 559 συνετῶς
1629 496 1776 567 αὐτῷ
1803 514 1893 565 γε-

2008 497 2196 567 scripta
2228 496 2527 567 prudenter
2563 504 2617 550 et
2649 495 2810 549 docte
2838 494 3027 559 edidit,
3061 501 3175 548 tum
3211 493 3278 550 de
3309 493 3576 551 Paschate

323 583 688 652 γραμμένων,
723 585 820 636 καὶ
858 583 920 636 τὸ
964 583 1094 654 περὶ
1125 585 1218 637 τοῦ
1252 586 1446 657 Πάσχα
1478 587 1749 643 ἐκτίθεται
1776 590 1905 659 σύγ-

324 689 569 744 γραμμα
589 691 602 703 ·
661 674 721 726 ἐν
775 667 819 742 ᾧ
850 674 958 727 τῶν
998 675 1203 745 χρόνων
1233 676 1550 748 ἀναγραφὴν
1580 677 1902 748 ἐκθέμενος,

326 765 426 819 καί
453 781 574 818 τινα
605 765 807 818 κανόνα
831 765 1366 836 ὲκκαιδεκαετηρίδος
1404 769 1535 838 περὶ
1581 768 1674 821 τοῦ
1714 769 1905 840 Πάσχα

326 857 588 928 προθεὶς,
616 857 709 909 ἐπὶ
733 857 794 910 τὸ
819 857 1033 929 πρῶτον
1086 858 1204 921 ἔτος
1248 858 1594 931 Ἀλεξάνδρου
1637 861 1904 932 περιγρά-

327 966 424 1018 φει
467 950 593 1012 τοὺς
631 948 884 1020 ’,χρόνους.
921 949 1001 1004 Τά
1049 966 1116 1018 γε
1157 951 1261 1021 μὴν
1294 950 1458 1004 αὑτοῦ
1507 951 1907 1023 συγγράμματα

328 1039 512 1093 ταῦτά
555 1042 703 1112 εἰσιῄ
736 1039 947 1092 Βιϐλίον
991 1041 1072 1103 είς
1103 1040 1198 1111 τὴν
1244 1039 1576 1113 ὲξαήμερον’
1611 1043 1797 1113 ἕτερον
1828 1044 1907 1106 είς

330 1130 404 1184 τὰ
431 1130 570 1201 μετὰ
595 1130 695 1200 τὴν
723 1131 852 1201 ὲξαή
863 1147 1027 1201 μερον
1047 1144 1060 1158 ⁸
1093 1130 1474 1202 ἀντιρῤητικὸς
1497 1131 1630 1204 πρὸς
1649 1133 1908 1204 Μαρκίω-

329 1240 436 1276 να·
460 1225 542 1287 είς
578 1221 640 1276 τὸ
660 1218 853 1293 τᾼσμα
883 1222 988 1276 τῶν
1020 1223 1297 1294 ᾀσμάτωνο
1336 1227 1415 1288 είς
1446 1225 1586 1296 μέρη
1614 1224 1708 1278 τοῦ
1753 1225 1910 1289 Ἰεζε-

333 1315 492 1392 κιήλο
539 1313 670 1386 περὶ
702 1313 796 1367 τοῦ
822 1315 1048 1384 Πάσχα·
1095 1313 1380 1385 σύνταγμα
1433 1316 1568 1388 πρὸς
1598 1315 1777 1380 πάσας
1808 1315 1906 1382 τὰς

333 1409 573 1480 αἱρέσεις
612 1407 1072 1478 βιωφελέστατον·
1122 1407 1252 1480 περὶ
1305 1409 1404 1480 τῆς
1462 1409 1762 1480 παρουσίας
1813 1409 1906 1463 τοῦ

347 1500 750 1571 ’Δντιχρίστουο
779 1499 910 1571 περὶ
947 1499 1295 1564 ἀναστάσεως
1314 1516 1327 1530 °
1359 1501 1451 1554 καὶ
1480 1500 1612 1555 ἄλλα
1645 1501 1902 1556 πλεῖστα·

335 1596 418 1656 εἰς
465 1590 767 1663 Ζαχαρίαν·
796 1590 940 1661 περὶ
978 1590 1223 1663 Ψαλμῶν
1250 1608 1264 1622 ·
1301 1592 1380 1656 είς
1416 1592 1508 1646 τὸν
1544 1592 1798 1647 Ἡσαΐαν·
1829 1596 1908 1657 εἰς

334 1686 429 1738 τὸν
456 1683 692 1755 Δανιήλλο
731 1684 861 1756 περὶ
903 1684 1320 1755 Ἀποκαλύψεως
1339 1702 1352 1714 °
1389 1685 1519 1756 περὶ
1551 1685 1870 1756 Παροιμιῶν
1889 1703 1904 1718 ·

337 1775 466 1849 περὶ
512 1775 686 1828 Σαοὺλ
733 1775 828 1828 καὶ
870 1773 1159 1838 Πύθωνος·
1208 1775 1335 1846 περὶ
1382 1777 1617 1830 ὲπαίνων
1657 1776 1752 1830 τοῦ
1792 1779 1908 1830 Κυ-

332 1862 457 1940 ρίου
487 1865 643 1939 ἡμῶν
685 1865 860 1938 Ἰησοῦ
897 1865 1132 1938 Χριστοῦ
1155 1884 1168 1898 ·
1225 1867 1284 1919 ὲν
1321 1861 1402 1932 οἷς
1463 1867 1729 1940 παρόντος
1769 1869 1912 1940 Ὠρι-

336 1959 528 2026 γένους
548 1957 811 2030 ὡμίλησε,
847 1957 982 2012 Τινὰ
1007 1957 1063 2010 δὲ
1095 1955 1202 2011 τῶν
1241 1959 1684 2030 συγγραμμάτων
1723 1957 1912 2028 ὲπιλή-

335 2051 483 2121 ψιμα
518 2049 692 2121 ἔχων,
740 2048 819 2120 τῷ
853 2048 996 2121 ὑπὲρ
1024 2048 1262 2120 Χριστοῦ
1297 2049 1582 2121 μαρτυρίῳ
1610 2049 1750 2121 μετὰ
1780 2049 1912 2102 ταῦ-

336 2156 410 2193 τα
430 2137 770 2204 τελειωθεὶς,
800 2137 890 2192 τὸν
926 2138 1024 2208 τῆς
1059 2137 1280 2206 ἀγνοίας
1329 2129 1665 2209 ἀπετρίψατο
1699 2137 1908 2209 μῶμον.

2007 590 2204 643 librum
2238 587 2575 658 composuit,
2621 587 2674 640 in
2713 601 2824 657 quo
2861 587 3223 657 descriptione
3272 596 3581 658 temporum

2005 687 2060 733 et
2081 678 2248 732 veluti
2284 677 2546 732 fastorum
2587 677 2762 744 initio,
2797 685 2852 731 et
2889 692 3098 732 canone
3143 693 3410 732 annorum
3456 695 3582 734 sex-

2005 767 2179 822 decim
2216 767 2284 821 de
2322 766 2588 822 Paschate
2625 767 2934 837 proposito,
2968 768 3234 822 rationem
3271 780 3578 839 temporum

2007 873 2181 927 usque
2211 859 2274 912 ad
2303 858 2540 927 primum
2586 872 2789 910 annum
2825 857 3118 912 Alexandri
3153 859 3390 914 deducit.
3420 859 3582 915 Cata-

2007 948 2162 1017 logus
2195 947 2458 1000 librorum
2501 945 2618 1015 ejus
2654 946 2734 999 sic
2775 945 2975 998 habet:
3020 943 3180 998 Liber
3210 946 3262 998 in
3296 946 3583 1001 hexaemc-

2006 1053 2129 1101 ron,
2159 1047 2212 1091 et
2240 1038 2378 1092 alter
2405 1044 2531 1106 post
2559 1039 2958 1102 hexaemeron;
2995 1035 3347 1091 refutatorius
3389 1047 3580 1092 contra

2007 1127 2379 1194 Marcionem;
2423 1129 2480 1183 in
2525 1127 2812 1182 Canticum
2864 1127 3240 1194 canticorum;
3286 1130 3340 1183 in
3398 1141 3582 1201 partes

2007 1215 2342 1284 Ezechielis;
2379 1218 2446 1271 de
2479 1215 2777 1280 Paschate;
2810 1231 2949 1286 opus
2994 1226 3183 1271 contra
3211 1219 3443 1274 hareses
3464 1235 3585 1275 om-

2009 1322 2128 1372 nes,
2163 1306 2326 1378 Ionge
2354 1308 2704 1362 utilissimum
2725 1325 2740 1368 ς
2765 1307 2830 1361 de
2860 1307 3088 1362 adventu
3119 1307 3439 1366 Antichristi
3465 1353 3480 1377 ,
3513 1313 3582 1366 de

2007 1401 2430 1465 resurrectione,
2473 1408 2526 1453 et
2574 1398 2679 1452 alia
2728 1399 2991 1468 plurima;
3038 1399 3092 1452 in
3129 1399 3473 1474 Zachariam,
3515 1405 3584 1458 de

2007 1489 2274 1554 Psalmis,
2305 1491 2358 1545 in
2395 1489 2645 1557 Esaiam,
2680 1490 2735 1544 in
2775 1489 3082 1558 Danielcm,
3112 1492 3179 1546 de
3215 1492 3582 1567 Apocalypsi,

2008 1582 2076 1637 de
2102 1581 2432 1647 Proverbiis,
2459 1582 2526 1636 de
2557 1580 2685 1636 Saul
2713 1589 2766 1636 et
2788 1580 3065 1654 Pythone,
3099 1585 3167 1639 de
3196 1585 3451 1641 laudibus
3476 1587 3584 1642 Do-

2009 1675 2144 1731 mini
2174 1676 2346 1730 nostri
2386 1674 2514 1730 Jesu
2544 1673 2773 1740 Christi,
2815 1677 2871 1728 in
2915 1677 3115 1744 quibus
3156 1687 3423 1747 prasente
3459 1677 3584 1732 Ori-

2008 1781 2144 1836 gene
2170 1781 2477 1822 sermonem
2504 1765 2719 1820 habuit.
2749 1763 3006 1830 Quadam
3037 1782 3204 1836 porro
3227 1771 3428 1838 scripta
3463 1770 3584 1838 ejus

2010 1872 2135 1912 cum
2190 1857 2614 1926 reprehensione
2653 1871 2763 1910 non
2799 1865 3052 1923 careant,
3096 1861 3357 1930 martyrio
3396 1869 3582 1928 postea

2006 1963 2106 2018 pro
2140 1944 2346 2002 Christi
2383 1947 2602 2002 nomine
2639 1949 2915 2013 absoluto,
2953 1948 3275 2018 ignorantia
3311 1951 3431 2020 ejus
3469 1968 3586 2005 ma-

2005 2037 2189 2092 culam
2223 2037 2444 2092 detrivit
2469 2047 2635 2108 atque
2662 2038 2907 2093 detersit.
2935 2037 3093 2094 Unde
3120 2037 3404 2110 Origenem
3432 2042 3586 2095 aiunt

2009 2128 2226 2183 initium
2257 2127 2776 2184 commentariorum
2813 2129 2867 2184 in
2900 2145 3086 2185 sacras
3118 2129 3426 2200 Scripturas
3451 2132 3587 2188 seri-

349 2231 442 2297 Ἐξ
492 2224 567 2284 ὧν
599 2247 757 2300 φασι,
789 2228 885 2283 καὶ
927 2229 1210 2301 Ὠριγένην
1257 2228 1432 2300 ἀρχὴν
1472 2229 1769 2301 ἐσχηκέναι·
1787 2231 1908 2294 ταῖς

2009 2221 2310 2278 bendorum
2338 2221 2659 2292 sumpsisse.
2694 2220 2819 2277 Hac
2850 2223 2917 2277 de
2949 2221 3260 2292 Hippolyto.

339 2319 512 2384 Θείαις
560 2319 868 2373 ἐπιϐάλλειν
908 2317 1172 2388 Γραφαῖς.
1197 2317 1446 2374 Τοσαῦτα
1478 2318 1536 2373 δὲ
1570 2319 1663 2372 καὶ
1685 2317 1766 2402 ad:
1808 2318 1913 2373 Ἰπ-

340 2411 596 2464 πολύτου.

1883 2547 2045 2604 XVII.

342 2663 545 2716 Auctor
569 2664 860 2733 anon‘ymus
885 2661 939 2717 in
969 2658 1147 2715 Serm.
1177 2659 1245 2717 de
1281 2659 1807 2733 pseudoprOphetis;
1814 2660 1880 2714 In
1921 2662 2161 2733 Append.
2198 2660 2420 2733 ad_tom.
2447 2658 2566 2715 VIII
2609 2659 2745 2731 Opp.
2797 2658 2858 2716 S.
2907 2659 3134 2717 Joannis
3178 2660 3542 2732 Chrysostomi
3565 2704 3584 2726 ,

1495 2729 1617 2800 pag.
1659 2729 1746 2795 79,
1775 2729 1861 2796 B.,
1885 2729 2083 2787 ηοὺὶεδ.
2101 2731 2228 2785 edit.
2255 2729 2436 2786 Paris.

419 2846 525 2900 Ποῦ
569 2845 826 2908 Εὐὸδιος,
877 2844 914 2916 ἡ
958 2842 1156 2898 εὐωδία
1190 2841 1288 2914 τῆς
1322 2839 1646 2912 Ἐκκλησίας
1679 2841 1772 2894 καὶ
1803 2839 1912 2894 τῶν

339 2939 515 3008 ἁγίων
540 2937 851 2992 ἀποστόλων
877 2934 1116 3005 διάδοχος
1152 2933 1248 2987 καὶ
1277 2932 1548 3004 μιμητής;
1588 2930 1700 2984 Ποῦ
1744 2929 1916 3000 Ἰγνά-

341 3049 488 3097 τιος,
521 3032 582 3086 τὸ
608 3031 702 3086 τοῦ
730 3029 869 3084 Θεοῦ
914 3028 1259 3100 οἱκητήριον;
1296 3025 1406 3080 Ποῦ
1443 3027 1472 3077 ό
1502 3024 1805 3088 Διονύσιος,
1854 3024 1916 3080 τὸ

337 3122 590 3177 ’πετεινὺν
633 3120 727 3175 τοῦ
742 3121 810 3174 -οὐ
821 3117 1008 3192 ρανοῦ;
1038 3116 1150 3171 Ποῦ
1192 3116 1504 3178 Ἱππόλυτος
1527 3115 1556 3166 ὁ
1579 3113 1914 3184 γλυκύτατος

349 3217 443 3270 καὶ
473 3213 824 3277 εὐνούστατος
843 3229 859 3278 ;

2091 2840 2196 2898 Ubi
2222 2851 2306 2897 est
2334 2840 2596 2906 Evodius,
2623 2839 2803 2898 bonus
2840 2842 2977 2898 odor
3003 2842 3256 2899 Ecclesiae
3285 2852 3339 2898 et
3371 2854 3589 2902 sancto-

2016 2950 2141 2990 rum
2170 2935 2539 3006 apostolorum
2568 2950 2876 3000 successor,
2905 2943 2961 2990 et
2992 2935 3268 2992 imitator?
3299 2935 3399 2992 Ubi
3425 2939 3587 3007 lgna--

2018 3028 2148 3092 tius,
2175 3027 2268 3082 Dei
2297 3027 2672 3083 domicilium?
2695 3026 2795 3082 Uhi
2823 3027 3134 3099 Dionysius,
3168 3030 3405 3085 volucris
3431 3029 3590 3088 Catii?

2019 3119 2125 3174 Ubi
2155 3119 2478 3192 Hippolytus
2507 3119 2860 3176 dulcissimus
2897 3129 2952 3176 et
2990 3121 3450 3192 benignissimus?

1864 3338 2050 3396 XVIII.

525 3464 725 3518 Auctor
754 3459 973 3516 Catena
1009 3458 1233 3515 Patrum
1267 3457 1580 3514 Graecorum
1623 3456 1681 3511 in
1701 3455 1946 3513 Ieremia
1984 3429 2119 3523 itm,
2169 3457 2259 3526 II,
2290 3461 2416 3512 (om.
2446 3455 2490 3512 II
2527 3457 2656 3513 edit.
2701 3457 3069 3524 Ghisleriana,
3113 3478 3234 3531 pag.
3269 3461 3394 3518 449.

422 3579 532 3650 (II)
565 3578 676 3635 Τοῦ
695 3572 867 3649 ἁγίου
900 3577 1268 3648 Ἱππολύτου.
1294 3577 1368 3632 Οὐ
1395 3577 1569 3650 μάτην
1593 3577 1624 3631 ό
1648 3578 1930 3650 προφήτης

349 3673 666 3755 ἀπεφήνατο
691 3669 753 3724 τὸ
785 3669 970 3744 ῥητόν,
997 3688 1053 3726 κ.
1084 3685 1137 3724 τ.
1163 3672 1225 3724 λ.

2107 3577 2293 3634 Sancti
2335 3577 2632 3650 Hippolyti.
2674 3578 2794 3635 Non
2846 3579 3042 3636 frustra
3094 3581 3207 3637 hac
3254 3581 3466 3640 locutus
3507 3586 3592 3639 est

2017 3666 2311 3740 Propheta,
2339 3679 2439 3725 etc.

443 3829 556 3902 (il)
607 3828 787 3886 Locus
829 3827 1150 3900 desumptus
1192 3842 1257 3883 ex
1306 3827 1448 3883 libro
1487 3827 1553 3883 de
1597 3825 1946 3896 Antio/triste,
1978 3841 2099 3898 cap.
2137 3827 2230 3883 55.
