4128 6384
511 292 617 350 887

1382 288 1438 344 S.
1479 281 1843 343 llll’POLYTl
1889 278 2258 339 UPPJ’ARS
2289 281 2329 338 Ι.
2367 311 2434 322 --
2471 278 2880 337 ΕΧΕΟΕΤΙΟΛ.

3648 276 3755 333 583

578 412 718 484 Erga
765 411 1185 484 primogenitum
1228 426 1387 466 suum
1432 425 1499 465 ex
1539 408 1769 479 Egypto
1797 406 2077 477 populum,

2253 403 2590 459 lltrpou'rus
2616 421 2628 456 :
2668 403 2791 456 Ἐπὶ
2815 402 2922 474 γὰρ
2950 399 3025 470 τῷ
3050 397 3379 470 πρωτοτόκῳ
3396 397 3455 462 ἐξ
3479 395 3757 465 Αἰγύπτου

507 505 680 559 multa
712 504 933 559 virtutis
961 505 1353 559 demonstratio
1379 501 1523 558 facta
1563 516 1593 555 a
1630 500 1739 555 Deo
1777 498 1900 553 fuit.
1937 496 2075 553 Nam

505 592 756 663 plurimis
793 593 971 649 modis
1000 593 1188 663 punita
1221 591 1291 646 ab
1312 606 1378 647 eo
1399 600 1483 646 est
1500 590 1649 661 regio
1677 588 2073 661 Egyptiorum.

504 684 726 741 Primus
786 685 875 740 ille
928 683 1161 756 populus
1225 698 1292 737 ex
1342 682 1761 738 circumcisione
1817 680 2075 751 fortitudo

504 792 623 835 mea
650 789 699 832 et
723 776 1043 847 principium
1064 775 1591 847 ﬁliorumnteorum;
1619 775 1761 830 sicut
1777 772 1920 829 Deus
1947 789 2076 844 pro-

503 869 731 923 miserat
753 845 1065 922 Ahrahamo
1086 874 1143 921 et
1170 845 1363 921 semini
1390 864 1532 934 ejus.
1559 863 1629 919 At
1648 865 1815 918 durus
1844 863 2077 934 populus

503 959 598 1014 ille
649 959 718 1012 ad
781 957 1076 1027 ferendum,
1136 955 1408 1026 siquidem
1458 954 1527 1009 ad
1580 954 1901 1025 obsequium
1966 955 2076 1008 Deo

501 1050 875 1120 praestandum
902 1049 1184 1105 obduruit.
1228 1048 1407 1101 Durus
1437 1057 1485 1101 et
1513 1047 1757 1116 pervicax
1784 1060 1803 1099 :
1828 1045 2075 1115 quando-

502 1144 722 1213 quidem
768 1157 874 1197 non
912 1150 1124 1197 tantum
1163 1141 1336 1197 durus
1356 1140 1425 1195 ad
1449 1140 1771 1210 obsequium
1797 1139 1908 1194 Deo
1936 1153 2076 1208 pra:-

502 1234 780 1298 standum,
820 1234 917 1289 sed
950 1233 1114 1288 etiam
1149 1233 1400 1304 pervicax
1436 1245 1496 1288 ut
1519 1247 1713 1287 manus
1746 1231 1974 1286 Domino
1994 1229 2079 1283 in-

501 1325 687 1382 ferret.
713 1320 915 1380 Fecisti
943 1324 1338 1393 contumeliam,
1373 1325 1632 1395 quoniam
1660 1338 1756 1393 per
1786 1321 2075 1377 Dominum

499 1427 751 1473 nostrum
789 1415 977 1472 .Iesum
1010 1416 1290 1471 Christum
1336 1416 1664 1471 contumelia
1718 1414 1933 1469 Patrem
1981 1426 2077 1482 po-

483 1508 665 1580 'pulus
718 1508 918 1564 ail‘ecit.
958 1507 1049 1563 Ait
1089 1516 1273 1563 autem
1330 1506 1588 1577 Spiritus,
1644 1522 1707 1560 ne
1749 1505 2074 1573 effervescat,

501 1600 898 1657 consolationis
919 1615 1108 1667 causa,
1137 1614 1207 1655 ne
1229 1599 1450 1670 penitus
1478 1598 1879 1654 eﬂ‘ervesceudo
1903 1595 2077 1651 eﬂ‘un-

2176 495 2290 565 λαῷ
2319 495 2485 568 πολλὴ
2520 492 2701 565 ἰσχύος
2729 492 2985 559 ἐπίδειξις
3011 490 3200 561 γέγονε
3226 489 3376 561 παρὰ
3403 486 3558 542 Θεοῦ.
3598 488 3757 542 Ἑκο-

2177 588 2371 653 λάζετο
2409 589 2518 659 γὰρ
2546 586 2687 640 κατὰ
2718 585 3002 646 πλείστους
3039 581 3273 653 τρόπους
3305 579 3416 634 τῶν
3446 580 3765 648 Αἰγυπτίων

2178 682 2212 751 ἡ
2246 679 2417 751 χώρα.
2465 679 2523 733 '0
2560 678 2776 750 πρῶτος
2807 676 2936 739 λαὸς
2966 677 2994 728 6
3025 675 3091 728 ἐκ
3109 673 3410 745 περιτομῆς
3444 674 3625 742 ἰσχύς
3637 689 3762 742 μου

2178 772 2276 827 καὶ
2309 770 2468 841 ἀρχὴ
2501 770 2726 824 τέκνων
2752 783 2906 838 μου·
2948 764 3128 828 καθὼς
3177 764 3411 835 ὑπέσχεν
3454 764 3483 815 6
3515 762 3648 825 Θεὸς
3679 759 3765 832 τῷ

2190 858 2437 931 Ἀϐραὰμ
2480 858 2580 929 τὴν
2616 854 2945 925 ἐπαγγελίαν
2978 854 3070 909 καὶ
3114 852 3194 925 τῷ
3241 852 3515 923 σπέρματι
3567 850 3759 905 αὐτοῦ.

2178 950 2447 1018 Σκληρὸς
2465 949 2522 1002 δὲ
2553 948 2855 1019 φέρεσθαι,
2887 946 3076 1018 ἐπειδὴ
3101 941 3554 1017 παρεσκληρύνθη
3584 940 3613 995 6
3630 943 3762 1006 λαὸς

2179 1041 2314 1113 πρὸς
2348 1042 2445 1113 τὴν
2480 1041 2724 1112 ὑπακοὴν
2748 1040 2842 1093 τοῦ
2862 1039 3019 1093 Θεοῦ.
3048 1038 3159 1092 Καὶ
3178 1035 3447 1106 σκληρὸς
3467 1034 3763 1102 αὐθάδης,

2177 1134 2258 1187 ὃτι
2293 1134 2353 1186 οὐ
2398 1135 2557 1205 μόνον
2600 1134 2832 1206 σκληρὸς
2864 1131 3003 1205 πρὸς
3045 1129 3145 1201 τὴν
3179 1127 3424 1199 ὑπακοὴν
3456 1126 3550 1181 τοῦ
3597 1126 3763 1191 Θεοῦ,
3864 1124 3881 1129 ”

2177 1225 2292 1279 ἀλλ’
2324 1226 2407 1278 ὅτι
2443 1227 2539 1280 καὶ
2570 1226 2808 1296 αὐθάδης
2850 1222 3067 1293 ἐγένετο
3105 1220 3240 1294 πρὸς
3285 1218 3347 1274 τὺ
3377 1222 3536 1291 χεῖρα
3564 1218 3767 1272 ἐπισα-

2177 1318 2290 1373 λεῖν
2323 1318 2401 1390 τῷ
2432 1319 2643 1391 Κυρίῳ.
2686 1318 3055 1385 Ἐξύόρισας,
3085 1313 3271 1385 ἐπειδὴ
3304 1311 3392 1365 διὰ
3424 1311 3518 1364 τοῦ
3548 1310 3765 1382 Κυρίου

2178 1408 2333 1480 ἡμῶν
2381 1407 2557 1478 Ἰησοῦ
2592 1406 2829 1478 Χριστοῦ
2864 1404 3148 1477 ἐξύϐρισεν
3172 1405 3201 1456 6
3232 1401 3358 1464 λαὸς
3388 1399 3478 1452 τὸν
3512 1399 3764 1471 Πατέρα.

2177 1501 2233 1551 Μ
2242 1497 2274 1566 ἡ
2302 1496 2550 1566 ἐκζέσῃς
2580 1498 2637 1551 δὲ
2668 1488 2901 1567 λέγειέτὸ
2934 1494 3158 1566 Πνεῦμα
3189 1492 3633 1565 παρακλητικιῗκ,
3669 1492 3769 1546 ἵνα
3832 1528 3841 1531 τ

2183 1587 2256 1659 μὴ
2314 1588 2497 1641 τέλεον
2543 1588 2771 1657 ἐκζέσας
2814 1580 3105 1657 ¹ὑπερχυθῇ
3133 1624 3148 1648 ,
3197 1581 3385 1637 ἐλπίδα
3434 1581 3559 1645 δοὺς
3609 1580 3769 1651 αὐτῷ

500 1694 693 1760 datur;
732 1694 824 1750 sed
855 1708 1006 1763 spem
1034 1692 1141 1763 ipsi
1170 1692 1351 1748 adhuc
1388 1693 1482 1747 dat
1502 1691 1716 1748 saiutis.
1743 1688 1904 1757 Quod
1930 1687 2073 1743 enim

2181 1681 2478 1751 σωτηρίας.
2519 1680 2592 1733 Τὸ
2621 1680 2730 1751 γὰρ
2762 1677 2987 1742 ἐκζέσαν
3016 1676 3113 1731 καὶ
3136 1675 3362 1747 ἐκχυθὲν
3384 1672 3647 1729 ἀπώλετο.
3761 1733 3769 1741 ,
3828 1747 3839 1755 _

499 1782 755 1838 eﬂ‘erbuit
792 1781 1133 1852 eﬂ’usumque
1157 1790 1262 1848 est,
1292 1781 1469 1851 periit.

570 1874 707 1931 Gen.
735 1890 863 1928 χιιι
883 1913 898 1939 ,
929 1873 963 1928 4
998 1892 1012 1928 :
1044 1875 1345 1931 Ascendisti
1370 1876 1507 1931 enim
1529 1892 1686 1946 super
1711 1875 1881 1930 cubile
1907 1877 2080 1946 patris

503 1966 604 2020 tui.

573 2055 819 2111 Primum
872 2053 1091 2126 quidem
1138 2069 1255 2111 rem
1306 2056 1581 2126 exponit:
1627 2057 1772 2127 quod
1818 2052 2081 2114 nimirum

501 2146 697 2201 diebus
726 2144 933 2199 ultimis
955 2143 1203 2215 ,pOpulus
1230 2144 1457 2200 insidias
1501 2153 1675 2200 struet
1715 2145 1855 2201 lecto
1879 2130 2081 2215 Patris,

500 2239 611 2293 hoc
638 2249 722 2293 est
763 2251 979 2309 sponsas
1008 2234 1298 2299 Ecclesiae,
1324 2235 1570 2291 eamdem
1607 2236 1793 2291 volens
1833 2251 2082 2292 corrum-

500 2343 650 2398 pere.
698 2325 857 2394 Quod
886 2334 941 2382 et
975 2324 1138 2381 hodie
1175 2325 1475 2381 etiamnum
1504 2325 1659 2393 facit,
1684 2325 1815 2380 dum
1852 2326 2080 2382 insidias

500 2419 602 2492 ipsi
632 2420 856 2475 molitur
889 2433 985 2490 per
1016 2416 1409 2490 hlasphemias.

571 2600 707 2655 Gen.
744 2614 895 2665 xux,
927 2597 960 2654 5
997 2615 1010 2651 :
1056 2595 1271 2652 Simeon
1295 2606 1345 2651 et
1365 2594 1490 2650 Levi
1508 2596 1724 2666 fratres.

571 2691 844 2759 Quoniam
869 2706 932 2746 ex
962 2687 1219 2746 Simeone
1248 2689 1462 2756 scribae,
1489 2698 1545 2745 et
1574 2705 1641 2743 ex
1674 2687 1800 2743 Levi
1828 2687 2082 2745 sacerdo-

498 2795 603 2842 tes.
645 2784 852 2841 Scribas
884 2784 1031 2840 enim
1077 2792 1133 2840 et
1169 2783 1481 2840 sacerdotes
1522 2791 1906 2853 perpetrarunt
1931 2781 2079 2852 inju-

501 2879 729 2945 stitiam,
773 2887 934 2948 atque
980 2878 1257 2932 voluntate
1299 2890 1398 2931 sua
1453 2875 1509 2929 in
1557 2890 1722 2930 unam
1753 2875 2077 2931 sententiam

500 2971 906 3042 conspirantes,
938 2968 1229 3025 Dominum
1262 2968 1601 3023 occiderunt.

2267 1878 2507 1947 Ἀνέὄης
2545 1878 2653 1948 γὰρ
2682 1878 2779 1933 ἐπὶ
2814 1876 2921 1947 τῆς
2948 1878 3153 1945 κοίτης
3173 1876 3278 1932 τοῦ
3304 1874 3527 1945 πατρός
3546 1889 3683 1930 σου.

2165 2100 2177 2109 .
2258 2056 2599 2111 lllrrou'rus
2637 2074 2650 2109 :
2688 2053 2912 2127 Πρῶτον
2971 2055 3069 2125 μὲν
3109 2054 3170 2108 τὸ
3218 2052 3431 2125 aupr
3461 2051 3640 2120 λέγει’
3675 2050 3785 2105 ὅτι»

2180 2147 2269 2200 ἐπ’
2303 2148 2547 2217 ἐσχάτων
2576 2145 2685 2200 τῶν
2715 2145 2936 2218 ἡμερῶν
2960 2145 3143 2217 μέλλει
3190 2146 3220 2198 6
3242 2144 3369 2208 λαὸς
3388 2142 3768 2197 ἐπιϐουλεύειν

2181 2240 2246 2310 τῇ
2278 2239 2431 2310 κοίτῃ
2448 2238 2541 2291 τοῦ
2560 2236 2792 2309 Πατρδς,
2820 2237 3098 2291 τουτέστιν
3121 2238 3189 2308 τῇ
3214 2234 3400 2307 νύμφῃ
3442 2234 3773 2305 Ἐκκλησίᾳ,’

2181 2331 2320 2402 πρὸς
2339 2331 2399 2383 τὸ
2424 2327 2707 2399 βούλεσθαι
2727 2329 2898 2399 αὐτὴν
2916 2326 3245 2400 διαφθεῖραι.
3270 2328 3446 2397 Ὅπερ
3468 2325 3565 2379 καὶ
3585 2323 3769 2397 πράκτ-

2180 2438 2263 2476 τει
2314 2421 2477 2493 μέχρι
2511 2420 2605 2475 καὶ
2648 2421 2886 2493 τήμερον
2930 2418 3292 2474 ἐπιϐουλεύων
3336 2418 3474 2489 αὐτῇ
3520 2416 3610 2471 διὰ
3648 2415 3767 2470 τῶν

2182 2512 2560 2585 βλασφημιῶν.

2252 2602 2497 2674 Συμεὼν
2523 2603 2619 2658 καὶ
2640 2602 2786 2659 Λευτ
2812 2602 3083 2672 ἀδελφοί.

2251 2693 2590 2750 Iltprou'rus
2625 2712 2640 2750 :
2689 2694 3016 2766 Ἐπειδήπερ
3062 2694 3128 2747 ἐκ
3170 2693 3269 2748 τοῦ
3307 2691 3532 2765 Συμεὼν
3581 2708 3767 2765 γραμο

2180 2788 2393 2858 ματεῖς,
2447 2787 2513 2839 ἐκ
2557 2784 2651 2839 τοῦ
2703 2784 2833 2839 Δευῖ
2882 2786 3068 2857 ἱερεῖς.
3105 2786 3459 2857 Γραμματεκ
3503 2782 3613 2857 γὰρ
3666 2783 3765 2837 καὶ

2180 2880 2346 2950 ἱερεῖς
2395 2877 2745 2931 συνετέλεσαν
2788 2878 3001 2932 ἀδικίαν
3043 2876 3368 2950 ἐξαιρέσεως
3405 2876 3606 2945 αὐτῶν,
3632 2876 3767 2947 μίαν

2181 2948 2403 3041 γνώμην
2442 2969 2657 3041 ἔχοντες
2687 2968 2896 3023 ἀνεῖλον
2925 2969 3017 3022 τὸν
3049 2948 3273 3041 Κδριονι

573 3057 709 3114 Gen.
749 3074 899 3120 :th,
927 3058 960 3112 5
989 3075 1003 3113 :
1038 3056 1253 3114 Simeon
1288 3069 1339 3113 et
1377 3057 1496 3113 Levi
1529 3059 1720 3128 fratres
1744 3075 2078 3115 consumma-

2258 3061 2504 3131 Συμεὼν
2537 3060 2637 3114 καὶ
2661 3061 2806 3115 Λευῒ
2822 3059 3069 3129 ἀδελφοὶ
3102 3059 3515 3114 συνετέλεσαν
3527 3059 3771 3114 ἀδικίαν

500 3159 685 3205 verunt
722 3149 1058 3221 iniquitatem
1088 3151 1348 3222 propositi
1392 3152 1476 3205 sui
1517 3166 1535 3205 :
1581 3151 1639 3204 in
1676 3152 1959 3207 consilium
1986 3168 2076 3206 co-

502 3258 619 3296 rum
644 3258 748 3297 non
775 3247 949 3299 veniat
973 3243 1154 3297 anima
1174 3259 1310 3310 mea,
1336 3252 1385 3299 et
1408 3244 1462 3298 in
1481 3246 1879 3314 congregatione
1898 3260 2079 3299 eorum

499 3351 607 3388 non
636 3336 955 3390 contendant
994 3336 1194 3391 viscera
1225 3351 1378 3402 mea;
1407 3338 1545 3407 iquia
1590 3336 1645 3393 in
1678 3338 1857 3407 furore
1882 3354 1977 3393 suo
1999 3340 2081 3393 in-

504 3427 819 3497 terfecerunt
841 3429 1098 3496 homines,
1128 3438 1179 3484 et
1211 3430 1267 3483 in
1300 3429 1591 3497 cupiditate
1611 3447 1709 3485 sua
1737 3432 2082 3488 subnervave-

443 3542 450 3547 ·
502 3527 629 3572 runt
653 3526 889 3575 taurum.

571 3606 687 3664 Hoc
721 3609 799 3663 ait
836 3610 904 3664 de
937 3609 1363 3680 conspiratione,
1403 3628 1513 3681 qua
1543 3624 1730 3669 essent
1751 3616 1951 3671 coituri
1981 3617 2080 3674 ad-

501 3714 697 3755 versus
730 3698 1043 3755 Dominum.
1096 3700 1254 3768 Quod
1299 3704 1447 3758 enim
1486 3705 1554 3760 de
1586 3705 1689 3761 hac
1726 3707 1963 3764 coitione
1999 3710 2082 3765 lo-

502 3793 707 3864 quitur,
735 3793 1085 3850 manil‘estum
1115 3803 1200 3851 est
1228 3795 1410 3861 nobis,
1436 3809 1563 3852 cum
1588 3797 1735 3854 dicat
1757 3798 1951 3855 beatus
1972 3800 2077 3855 Da-

500 3888 592 3944 vid
629 3907 644 3943 :
687 3886 963 3959 Principes
1003 3890 1305 3960 congregati
1346 3899 1470 3944 sunt
1503 3901 1688 3947 contra
1720 3894 2009 3972 Dominum
2039 3896 2078 3964 ⁸,

501 3991 556 4039 et
584 3997 707 4054 qua:
733 3990 1056 4053 sequuntur.
1087 3980 1245 4038 Hunc
1266 3993 1520 4038 eventum
1549 3984 1800 4055 praedixit
1820 3984 2079 4058 Spiritus,

501 4092 628 4131 cum
661 4076 738 4130 ait
775 4093 790 4130 :
843 4073 924 4129 Ne
944 4074 1260 4129 contendant
1291 4077 1493 4132 viscera
1526 4094 1642 4133 mea
1665 4094 1685 4132 :
1713 4079 1940 4150 cupiens
1962 4096 2099 4145 eos,.

503 4170 553 4224 si
600 4168 717 4223 ﬁeri
766 4167 959 4238 possit,
1007 4169 1239 4238 eripere,
1283 4183 1353 4224 ne
1402 4171 1666 4240 perillos
1708 4172 1911 4227 malum
1947 4151 2080 4229 illud

501 4259 747 4313 futurum
774 4256 1140 4328 perﬁceretur.
1182 4257 1568 4330 Interfecerunt
1590 4263 1846 4327 homines,
1874 4274 1922 4318 et
1950 4265 2077 4318 sub-

500 4362 845 4406 nervaverunt
877 4360 1108 4406 taurum.
1135 4349 1237 4407 Per
1265 4360 1483 4408 taurum
1506 4355 1768 4421 validum,
1798 4355 2076 4413 Christum

2183 3152 2539 3222 ἐξαιρέσεως
2567 3151 2785 3207 αῠτῶν.
2810 3154 2912 3218 Εἰς
2932 3151 3176 3221 βουλὴν
3204 3151 3403 3207 αὐτῶν
3428 3152 3513 3223 μὴ
3536 3153 3700 3208 ἔλθοι
3725 3155 3767 3222 ἡ

2185 3241 2356 3313 ψυχή
2378 3260 2519 3312 μου,
2546 3242 2643 3296 καὶ
2670 3241 2771 3295 ἐπὶ
2794 3240 2866 3311 τῇ
2895 3243 3194 3297 συστάσει
3211 3242 3411 3297 αὐτῶν
3430 3242 3515 3314 μὴ
3566 3244 3771 3313 ἐρίσαι

2179 3335 2252 3389 τὰ
2282 3334 2479 3402 ἥπατά
2502 3351 2621 3404 μου
2644 3350 2658 3363 ·
2690 3334 2780 3386 ὅτι
2801 3334 2870 3387 ἐν
2896 3332 2975 3399 τῷ
2995 3334 3159 3403 θυμῷ
3185 3334 3386 3390 αὐτῶν
3407 3336 3773 3391 ἀπέκτειναν

2178 3424 2550 3494 ἀνθρώπους,
2591 3426 2691 3481 καὶ
2724 3426 2795 3481 ἐν
2819 3425 2892 3495 τῇ
2915 3426 3197 3497 ἐπιθυμίᾳ
3222 3425 3427 3482 αὐτῶν
3461 3428 3774 3498 ὲνευροκό-

2181 3533 2392 3585 πησαν
2412 3518 2654 3587 ταῦρον.

2253 3626 2592 3683 Πιιιιιοιῑτυε
2625 3645 2639 3681 :
2675 3626 2844 3680 Τοῦτο
2894 3625 3041 3695 λέγει
3083 3625 3176 3679 ἐπὶ
3226 3628 3293 3697 τῇ
3348 3625 3676 3691 συνελεύσει,
3731 3620 3771 3701 ᾖ

2182 3718 2407 3790 ἔμελλον
2445 3716 2801 3789 συνέρχεσθαι
2828 3718 2923 3771 ἐπὶ
2950 3723 3045 3771 τὸν
3076 3716 3302 3789 Κύριον.
3337 3718 3457 3771 Ὅτι
3479 3716 3537 3771 δὲ
3560 3716 3772 3788 ταύτην

2180 3813 2280 3883 τὴν
2317 3810 2626 3865 συνέλευσιν
2656 3809 2832 3880 λέγει,
2866 3810 3024 3883 δῆλόν
3053 3812 3200 3864 ἐστιν
3226 3813 3360 3882 ἡμῖν
3383 3827 3399 3841 '
3444 3810 3636 3881 ψάλλει
3657 3809 3773 3883 γὰρ

2180 3900 2209 3951 6
2255 3898 2522 3970 μακάριος
2571 3898 2761 3952 Δαυῖδο
2810 3901 3135 3969 ’Ἄρχοντες
3188 3899 3595 3970 συνήχθησαν
3619 3899 3773 3953 κατὰ

2180 3992 2286 4047 τοῦ
2316 3992 2561 4059 Κυρίου,
2595 3991 2690 4045 καὶ
2722 3990 2972 4061 τὰέξῆς.
3027 3992 3150 4044 Ἐπὶ
3176 3992 3383 4064 ταύτην
3418 3991 3477 4046 δὲ
3511 3992 3610 4064 τὴν
3640 4008 3771 4045 συν-

2181 4084 2392 4138 έλευσιν
2431 4082 2811 4156 προηγόρευσε
2838 4084 2901 4136 τὺ
2934 4082 3157 4154 Πνεῦμα
3183 4083 3340 4151 λέγον
3362 4100 3376 4115 ·
3412 4084 3510 4152 Μὴ
3571 4083 3776 4151 ἐρίσαι

2178 4178 2252 4231 τὰ
2284 4176 2481 4245 ἥπατὰ
2513 4195 2633 4246 μου
2653 4194 2667 4206 ’
2706 4175 2975 4247 ῥύσασθαι
3019 4177 3341 4249 βουλόμενος
3373 4179 3570 4242 αὐτοὺς
3589 4178 3685 4243 ὡς,
3721 4184 3774 4237 ει

2177 4271 2419 4335 δυνατὸν,
2479 4269 2553 4342 μὴ
2587 4270 2839 4338 γενέσθαι
2890 4270 2957 4324 δι’
2999 4272 3179 4325 αὐτῶν
3229 4272 3289 4326 τὺ
3336 4271 3528 4343 μέλλον
3579 4271 3769 4327 κακόν.

2190 4361 2565 4416 Ἀπέκτειναν
2579 4362 2696 4430 μὲν
2721 4360 2863 4427 τοὺς
2886 4360 3254 4430 ἀνθρώπους,
3278 4362 3774 4431 ὲνευροκόπησαν

501 4445 703 4500 innuit.
759 4444 916 4501 Hunc
969 4445 1463 4512 subnervaverunt,
1491 4449 1710 4517 quando
1751 4447 1819 4502 ad
1872 4448 2077 4519 lignum

2185 4453 2254 4506 δὲ
2285 4453 2392 4507 τόν
2424 4453 2665 4521 ταῦρον.
2704 4454 2825 4507 Ὅτι
2852 4452 3050 4524 ταῦρον
3087 4455 3309 4525 ἰσχυρὸν
3341 4455 3578 4527 Χριστὸν
3597 4455 3763 4522 λέγει.

503 4536 647 4591 allixi
672 4552 870 4592 nervos
907 4535 1273 4606 perforarunt.
1312 4537 1379 4591 In
1405 4540 1489 4593 ira
1511 4556 1609 4593 sua
1639 4539 2085 4594 subnervaverunt

507 4637 741 4709 taurum.
771 4626 906 4684 Vide
925 4629 1055 4684 dicti
1092 4630 1417 4685 sententiam
1451 4649 1465 4684 :
1502 4629 1886 4700 Interfecerunt
1918 4632 2088 4685 homi-

503 4736 617 4786 nes,
638 4731 688 4775 et
713 4720 1160 4777 subnervaverunt
1180 4732 1412 4779 taurum.
1440 4721 1613 4779 Morte
1634 4723 1932 4778 aifecerunt
1957 4738 2086 4778 san-

503 4820 644 4878 ctos,
697 4815 794 4885 qui
841 4829 1013 4886 usque
1058 4814 1126 4869 ad
1172 4815 1587 4871 resurrectionis
1629 4825 1844 4887 tempus
1876 4817 2081 4871 mortui

502 4917 749 4965 manent.
802 4906 910 4965 Sed
952 4908 1229 4976 Christus,
1276 4911 1424 4966 sicut
1455 4911 1659 4967 vitulus
1692 4913 2077 4977 subnervatus,
2106 4973 2123 4984 ρ

503 4999 911 5070 quodammodo
951 4999 1103 5055 humi
1134 5001 1448 5069 procubuit,
1490 5016 1613 5056 cum
1643 5009 1874 5056 mortem
1898 5001 2079 5056 carnis

505 5093 693 5148 volens
730 5092 959 5147 subierit
1000 5111 1013 5145 :
1058 5102 1117 5147 at
1161 5094 1323 5147 morti
1375 5082 1485 5147 non
1525 5094 1831 5148 succubuit.
1877 5091 2077 5148 Verum

503 5183 631 5240 licet
669 5190 920 5238 mortuus
966 5180 1130 5237 fuerit
1174 5165 1434 5251 tanquam
1488 5182 1676 5247 homo,
1719 5192 1956 5237 attamen
1993 5198 2080 5236 se-

505 5275 742 5331 cundum
772 5274 1069 5329 divinitatis
1105 5283 1354 5328 naturam
1401 5264 1601 5327 mansit
1645 5275 1820 5339 vivus.
1867 5273 2082 5329 Taurus

506 5366 691 5435 itaque
729 5366 1002 5430 Christus,
1043 5363 1329 5418 robustum
1383 5370 1441 5416 ut
1469 5362 1704 5418 maxime
1734 5364 1935 5418 animal
1980 5374 2081 5433 pu-

504 5472 738 5528 rumque
768 5466 822 5513 et
866 5457 1135 5519 sacriﬁcio
1167 5465 1373 5525 aptum.
1424 5454 1705 5512 Dominus
1739 5471 1869 5509 vero
1901 5456 2074 5511 virtu-

505 5559 623 5606 tum
648 5591 663 5615 ,
697 5549 900 5617 Filius,
935 5549 1029 5619 qui
1058 5560 1338 5619 peccatum
1380 5564 1487 5604 non
1528 5548 1768 5618 admisit,
1798 5565 1865 5606 se
1895 5550 2075 5623 ipsum

560 5718 607 5757 A’
636 5717 796 5776 I’sal.‘
819 5734 877 5785 ll,
912 5719 970 5774 Ξ.

2199 4528 2668 4615 Ἕνευροκόπησαν
2710 4544 2803 4612 δὲ,
2840 4544 3026 4616 ἐπειδὴ
3076 4548 3135 4600 ἐν
3178 4545 3252 4617 τῷ
3290 4544 3429 4618 ξύλῳ
3458 4546 3769 4618 πεπηγότος

2185 4620 2652 4708 αὑτοῦ“διέτρισαν
2673 4636 2742 4690 τὰ
2775 4636 2958 4709 νεῦρα.
3001 4639 3129 4692 Ὀτι
3158 4640 3255 4693 καὶ
3288 4639 3358 4692 ἐν
3383 4638 3463 4706 τῷ
3487 4638 3651 4710 θυμῷ
3670 4642 3776 4693 αὑ-

2185 4730 2304 4785 τῶν
2327 4728 2836 4797 ’ἑνευροκόπησιιν
2856 4729 3097 4798 ταῦρον.
3126 4730 3236 4785 Καὶ
3260 4731 3360 4802 δρα
3381 4730 3475 4785 τοῦ
3495 4731 3653 4800 λόγου
3671 4731 3775 4802 τὴν

2184 4820 2343 4891 ἐπιτὴ
2351 4836 2417 4891 ρη
2425 4837 2508 4872 σιν
2525 4835 2540 4848 ο
2588 4817 2970 4873 Ἀπέκτειναν
2977 4818 3095 4889 μὲν
3110 4817 3220 4888 γὰρ
3237 4818 3379 4884 τοὺς
3396 4818 3772 4887 ἀνθρώπους,

2187 4912 2681 4979 ἐνειιροκόπησαν
2717 4910 2785 4964 δὲ
2825 4911 2932 4964 τὸν
2972 4911 3212 4979 ταῦρον.
3263 4912 3491 4983 Θανάτῳ
3534 4911 3633 4982 μὲν
3661 4910 3774 4984 γὰρ

2191 5002 2614 5089 πριόεϐληκασι
2660 5002 2785 5065 τοὺς
2818 5002 3027 5069 ἁγίους,
3078 5001 3174 5054 καὶ
3215 4986 3555 5073 μεμενήκασι
3587 5002 3776 5074 νεκροὶ

2188 5091 2277 5145 τὸν
2315 5090 2412 5159 τῆς
2444 5086 2790 5155 ἀναστάσεως
2830 5091 3020 5162 καιρὸν
3060 5091 3463 5161 περιμένοντες.
3511 5090 3648 5144 Ἀλλ’
3681 5086 3776 5146 οἷά
3814 5114 3821 5118 ’

2188 5198 2269 5244 τις
2315 5183 2511 5252 μόσχος
2543 5181 3039 5252 νευροκοπούμενος
3084 5180 3297 5235 ὤκλασε
3342 5183 3441 5251 μὲν
3489 5181 3773 5245 οἱονείπως
3805 5168 3819 5189 ⁸

2189 5276 2268 5337 εἰς
2297 5274 2399 5344 γῆν
2421 5314 2434 5337 ,
2474 5275 2502 5344 6
2535 5275 2768 5345 Χριστὸς
2801 5271 2940 5326 ἑκὼν
2978 5274 3275 5344 ὑπομείνας
3309 5274 3401 5326 τὸν
3431 5274 3531 5344 τῆς
3567 5272 3774 5344 σαρκὸς

2188 5368 2448 5421 θάνατον·
2501 5366 2638 5437 πλὴν
2660 5367 2721 5419 οὐ
2757 5367 2948 5436 γέγονε
2984 5367 3060 5439 τῷ
3093 5367 3307 5439 θανάτῳ
3340 5367 3583 5437 κάτοχος.
3628 5367 3772 5422 Ἀλλ’

2183 5459 2232 5510 εί
2266 5457 2358 5509 καὶ
2390 5458 2612 5526 γέγονεν
2638 5458 2696 5509 ἐν
2717 5461 2928 5528 νεκροῖς
2957 5458 3034 5522 ὡς
3056 5459 3359 5530 ἄνθρωπος,
3378 5458 3774 5531 ἀπομεμένηκε

2183 5550 2289 5615 ζῶν
2318 5554 2381 5621 τῇ
2418 5551 2515 5621 τῆς
2549 5549 2798 5619 θεότητος
2832 5550 3012 5619 φύσει.
3058 5550 3266 5622 Ταῦρος
3308 5551 3415 5621 γὰρ
3439 5554 3467 5605 6
3500 5551 3770 5622 Χριστός·
