4128 6388
374 311 479 371 £89

1557 311 1982 370 FRAGMENTA
2022 312 2091 370 IN
2128 312 2442 372 GENESIN.

3532 315 3638 373 590

371 435 628 502 εὐσθενὲς
657 436 767 509 γὰρ
790 435 873 491 δτι
906 435 1140 507 μάλιστα
1187 435 1325 503 ζῶον
1360 438 1455 492 καὶ
1497 437 1737 510 καθαρόν
1778 455 1839 492 τε
1867 436 1963 491 καὶ

2067 446 2250 492 autem
2277 437 2462 508 potius
2487 435 2684 492 obtulit
2709 449 2809 507 pro
2834 433 2995 491 nobis
3015 433 3070 489 in
3082 433 3306 490 odorem
3329 432 3642 505 fragrantiae

378 531 671 603 ἱερατικὸν.
706 530 912 603 Κύριος
955 528 1014 582 δὲ
1058 528 1169 583 τῶν
1199 529 1483 601 δυνάμεων
1531 528 1731 595 δΥίὸς,
1779 529 1840 593 ὃς
1888 530 1951 583 οὐ

377 621 684 693 πεποίηκεν
723 622 1026 696 ἁμαρτίαν,
1082 622 1274 677 ἑαυτὸν
1312 621 1373 675 δὲ
1417 620 1618 694 μᾶλλον
1656 620 1780 676 ἔθυε
1811 620 1955 694 ὑπὲρ

372 713 535 787 ἡμῶν
567 715 648 781 είς
680 714 857 788 ὀσμὴν
879 715 1108 779 εὐωδίας
1132 713 1211 787 τῷ
1232 713 1351 785 Θεῷ
1382 714 1478 768 καὶ
1501 713 1696 786 Πατρί.
1739 711 1957 767 Ἀκουέ-

375 822 559 861 τωσαν
602 806 788 862 τοίνυν
818 809 868 862 οί
903 808 996 862 τὸν
1024 805 1198 872 οὔτως
1231 806 1430 861 σεπτὸν
1455 806 1957 878 νευροκοπήσαντες

373 902 607 975 ταῦρον·
658 901 1115 971 Ἐπικατάρατος
1145 904 1180 956 ὀ
1217 901 1403 972 θυμὸς
1429 898 1628 955 αὐτῶν
1653 899 1743 955 ὅτι
1778 897 1960 954 αὐθά-

377 995 511 1063 δης,
551 996 651 1050 καί
694 996 735 1064 ἡ
777 992 960 1064 μῆνις
1000 993 1201 1048 αὐτῶν
1231 994 1322 1047 ὅτι
1357 992 1768 1062 ἐσκληρύνθη.
1816 991 1957 1046 Ἀλλ’

375 1090 471 1160 ὅγε
500 1089 611 1145 τῶν
654 1087 923 1143 Ἰουδαίων
953 1088 1129 1160 δῆμος
1152 1086 1486 1159 τετύλμηκεν
1508 1087 1682 1140 εἰπεῖν
1708 1102 1960 1157 νευροκο-

373 1183 496 1237 πῶν
519 1182 611 1237 τὸν
636 1181 838 1256 ταῦρον
854 1198 869 1213 ’
887 1184 955 1237 Ai
983 1181 1179 1251 χεῖρες
1198 1179 1368 1251 ἡμῶν
1386 1180 1634 1251 ἐξέχεον
1658 1180 1832 1234 τοῦτο
1860 1180 1958 1250 (4),

311 1318 327 1331 .
374 1275 566 1346 ⁸ἕτερον
593 1273 703 1345 γὰρ
737 1269 896 1345 οἶμαι
930 1271 1083 1344 παρά
1108 1271 1265 1327 τοῦτό
1295 1273 1442 1327 ἐστιν
1467 1272 1648 1337 οὐδὲν,
1681 1272 1744 1325 τὸ
1764 1273 1960 1326 Δἀσυνέ-

375 1382 486 1428 τως
515 1364 707 1417 είπεῖν*
733 1362 813 1419 Τὸ
828 1358 973 1434 αἷμα
995 1361 1205 1428 αὐτοῦ,
1231 1363 1336 1416 καὶ
1366 1362 1434 1416 τὰ
1464 1362 1614 1435 ἑξῆς.
1648 1363 1959 1417 Ἀνακαλεῖ-

2056 528 2168 585 Deo
2193 538 2247 585 et
2283 527 2455 586 Patri.
2496 528 2737 585 Audiant
2778 529 2945 601 igitur
2968 528 3063 600 qui
3094 542 3224 583 vere
3265 526 3636 582 venerabilem

2055 619 2528 677 subnervaverunt
2560 628 2781 675 taurum
2824 634 2840 671 :
2878 617 3198 674 Maledictus
3241 617 3393 688 furor
3432 631 3640 682 eorum,

2054 711 2182 783 quia
2209 710 2492 782 pervicax;
2517 720 2569 766 et
2600 710 2686 765 ira
2704 725 2910 777 eorum,
2943 710 3071 781 quia
3090 710 3349 785 indurata
3363 711 3500 764 est’.
3533 708 3643 765 Sed

2054 801 2370 859 Iudaeorum
2420 802 2657 874 populus
2697 818 2865 877 ausus
2915 811 3002 859 est
3043 802 3253 875 jactare
3304 819 3365 859 se
3418 812 3642 860 taurum

2059 896 2422 952 subnervasse
2470 915 2484 949 :
2529 894 2724 950 Manus
2770 905 2965 952 nostra:
2998 898 3139 953 hunc
3167 898 3476 967 sanguinem
3507 898 3645 967 effu-

2060 989 2274 1044 derunt.
2302 984 2450 1042 Nihil
2481 987 2627 1042 enim
2651 986 2799 1043 aliud
2824 997 2941 1056 est,
2974 997 3037 1044 ut
3065 989 3262 1061 opinor
3280 1029 3296 1055 ,
3332 989 3481 1061 quod
3507 990 3646 1045 insi-

2062 1082 2271 1152 pienter
2302 1081 2558 1137 dixerunt
2593 1098 2607 1135 :
2645 1080 2879 1151 Sanguis
2909 1080 3024 1152 ejus
3051 1097 3208 1150 super
3231 1097 3325 1135 nos
3355 1081 3376 1113 ³
3400 1122 3418 1148 ,
3447 1090 3502 1136 ει
3519 1097 3645 1151 qua:

2064 1182 2391 1243 sequuntur.
2456 1171 2694 1228 Revocat
2743 1171 2961 1245 Moyses
2992 1172 3017 1204 ’⁵
3058 1172 3403 1228 maledictum
3443 1171 3638 1227 adver-

2058 1278 2162 1318 sus
2209 1261 2373 1331 Levi;
2426 1263 2512 1318 vel
2557 1263 2739 1333 potius
2787 1261 3057 1317 convertit
3106 1260 3161 1316 in
3210 1260 3644 1317 benedictionem

2060 1362 2287 1427 propter
2324 1354 2500 1410 zelum
2543 1369 2707 1425 quem
2747 1354 2925 1410 tribus
2953 1353 3045 1408 illa
3077 1367 3175 1423 pro
3206 1352 3316 1409 Deo
3348 1361 3538 1423 postea
3572 1364 3651 1406 te-

376 1472 467 1509 ται
489 1454 733 1526 Μωὸσῆς
763 1454 862 1528 τὴν
886 1453 1029 1509 κατά
1059 1452 1154 1509 τοῦ
1182 1454 1600 1528 Λευτνκατάραν,
1637 1454 1838 1528 μᾶλλον
1867 1455 1963 1510 καὶ

2067 1456 2209 1504 stata
2232 1455 2338 1513 est,
2372 1454 2432 1502 et
2460 1455 2682 1519 propter
2706 1446 2994 1502 Phincam.
3032 1443 3140 1501 Sed
3165 1445 3513 1501 maledictum
3551 1445 3652 1499 ad-
3714 1508 3717 1511 Α

254 1584 271 1609 τ
377 1546 459 1608 είς
487 1545 742 1614 εὐλογίαν
769 1544 941 1618 αὐτὴν
976 1546 1277 1619 ἀνατρέπει
1307 1546 1396 1601 διὰ
1434 1545 1528 1601 τὸν
1560 1545 1786 1619 ὕστερον
1821 1546 1963 1620 ὑπὲρ

2067 1554 2260 1596 versus
2321 1539 2636 1595 Simeonem
2692 1553 2802 1594 nou
2862 1538 3142 1595 revocavit
3195 1558 3208 1594 :
3254 1553 3426 1608 quare
3480 1538 3648 1593 etiam
3701 1588 3706 1594 .

320 1626 327 1633 ’
373 1635 473 1691 τοῦ
500 1636 636 1691 Θεοῦ
666 1637 825 1710 ζῆλον
861 1637 963 1710 τῆς
989 1637 1162 1711 φυλῆς
1194 1638 1289 1693 καί⁸
1315 1636 1410 1693 τοῦ
1433 1639 1602 1694 Φινεῖ.
1638 1638 1750 1711 Τὴν
1783 1639 1966 1712 μέντοι

2067 1640 2294 1689 eventus
2324 1631 2457 1687 illud
2490 1630 2885 1701 comprobavit.
2918 1628 3105 1700 Neque
3133 1629 3279 1685 enim
3321 1628 3545 1684 Simeon
3588 1637 3652 1683 ut

375 1727 522 1783 κατά
542 1727 638 1783 τοῦ
664 1728 889 1803 Συμεὼν
908 1730 1009 1784 οὐκ
1030 1729 1414 1799 ἀνεκαλέσατο,
1449 1730 1529 1786 διὸ
1553 1730 1617 1804 δὴ
1642 1732 1736 1785 καὶ
1763 1734 1843 1797 είς
1874 1733 1965 1806 ἕρ-

2068 1733 2279 1781 εεειειιιε
2337 1723 2516 1780 tribus
2562 1722 2899 1779 haereditatis
2947 1731 3152 1778 sortem
3209 1729 3503 1777 consecuta
3540 1728 3648 1787 est,
3684 1762 3691 1767 .

270 1820 275 1827 ’
356 1836 475 1889 ,γον
525 1819 710 1893 estsq.
762 1821 820 1875 '0
856 1819 969 1893 γὰρ
1017 1820 1243 1893 Συμεὼν
1296 1822 1398 1876 οὐκ
1442 1822 1633 1892 εἴληφε
1666 1822 1765 1894 μὲν
1801 1822 1878 1888 ὡς
1909 1826 1966 1879 ai

2070 1818 2166 1874 sed
2209 1816 2266 1872 in
2317 1816 2502 1872 medie
2553 1814 2694 1871 Iuda
2734 1815 3026 1871 habitavit.
3072 1815 3298 1873 Servata
3331 1825 3511 1871 tamen
3541 1825 3646 1878 est,

376 1910 567 1967 λοιπαὶ
598 1912 760 1984 φυλαὶ
797 1912 1196 1985 κληρονομίαν,
1231 1914 1290 1967 ὲν
1324 1912 1435 1987 γὰρ
1468 1913 1624 1987 μέσῳ
1660 1915 1755 1970 τοῦ
1792 1916 1970 1971 Ἶούδα

378 2004 705 2084 κατῄκήθη.
745 2004 1011 2070 Ἐσώξετο
1029 2006 1105 2072 δὲ,
1133 2007 1184 2061 εί
1209 2007 1303 2061 καὶ
1318 2007 1471 2079 ὀλίγη
1496 2007 1590 2061 τὸν
1616 2008 1851 2082 ἀριθμὸν
1877 2006 1968 2084 ἦν.

451 2074 767 2170 alienantur
783 2098 940 2169 πρὸς
954 2098 1239 2170 metor
1261 2099 1370 2155 τὸν
1396 2074 1605 2156 ,πῶλον
1626 2074 1836 2168 dorso,
1871 2074 1972 2158 νέαι

354 2182 459 2261 ’τῇ
504 2190 662 2246 ἕλικι
703 2189 812 2245 τὸν
859 2190 1066 2247 πῶλον
1094 2189 1205 2260 τῆς
1237 2191 1382 2247 ὄνου
1406 2191 1593 2248 αὐτοῦ
1611 2208 1629 2223 “
1657 2193 1885 2248 πλυνεῖ
1903 2195 1974 2248 ἐν

375 2282 526 2350 οἴνῳ
551 2281 668 2352 τὴν
687 2280 924 2352 στολὴν
940 2281 1154 2347 αὐτοῦ,
1181 2280 1281 2336 καὶ
1315 2281 1386 2337 ἐν
1409 2282 1610 2353 αἵματι
1652 2283 1973 2355 σταφυλῆς

175 2330 183 2349 ’
280 2408 285 2417 .
371 2330 1089 2444 ἑόέὶσέέρὶσὶζιῼάῠέὶὲῖ

451 2462 792 2521 Ηινροιῖτυε
814 2482 829 2519 :
852 2463 1038 2519 Πῶλον
1084 2464 1232 2534 λέγει
1282 2465 1382 2535 τὴν
1431 2464 1492 2532 ἐξ
1556 2466 1756 2521 ἐθνῶντ
1789 2466 1970 2530 ἄλλον,

370 2556 484 2631 τὴν
529 2558 596 2611 ὲκ
646 2557 951 2630 περιτομῆς
998 2557 1230 2628 κλῆσιν
1260 2558 1378 2614 δνον
1403 2557 1469 2612 δὲ
1506 2558 1665 2630 μίαν·
1693 2560 1972 2614 τουτέστιν

298 2640 301 2641 ⁷
374 2651 453 2703 ἐκ
507 2651 640 2723 μιᾶς
691 2649 930 2714 πίστεως
973 2651 1024 2705 οἱ
1072 2649 1166 2705 δύο
1209 2650 1407 2705 πῶλοιο
1438 2652 1576 2724 ὅπερ
1609 2653 1757 2707 ἐστὶν
1788 2654 1845 2707 αἱ
1877 2652 1972 2708 δύο

378 2742 625 2814 κλήσεις.
662 2742 775 2796 Καὶ
799 2741 890 2796 τὸν
923 2742 1024 2815 μὲν
1046 2741 1230 2796 πῶλον
1261 2741 1644 2815 προσδεδέσθαι
1671 2744 1732 2798 ὲν
1763 2746 1830 2816 τῇ
1862 2743 1968 2816 ἀμ-

372 2834 556 2907 πέλῳ,
589 2834 684 2889 τὸν
715 2834 773 2888 δὲ
805 2835 991 2904 ἕτερον
1035 2835 1094 2889 ὲν
1135 2836 1203 2907 τῇ
1249 2834 1577 2892 ἓλτκι.Ἥτοι
1624 2836 1725 2909 τὴν
1771 2836 1869 2908 μὲν
1908 2835 1971 2902 ἐξ

378 2926 556 2983 ἐθνῶν
593 2925 915 2999 Ἐκκλησίαν
946 2926 1329 3000 προσδεδέσθαι
1356 2927 1437 3000 τῷ
1461 2928 1650 3003 Κυρίῳ
1666 2946 1681 2959 ’
1716 2929 1808 2984 τδν
1835 2929 1881 2983 δ’
1902 2929 1969 2984 ἐκ

375 3020 688 3093 ⁸σττιεριτομῆς
710 3022 779 3092 τῇ
810 3019 906 3073 τοῦ
932 3019 1101 3092 νόμου
1129 3018 1468 3093 παλαιδτητι.
1492 3020 1807 3075 Πλυνεῒέν
1825 3020 1970 3090 οἴνῳ

373 3111 501 3181 τὴν
550 3111 786 3181 στολὴν
830 3109 1036 3166 αὐτοῦ.
1066 3111 1328 3166 Τουτέστι
1355 3110 1444 3165 διὰ
1473 3110 1567 3165 τοῦ
1610 3111 1768 3182 ἁγίου
1798 3113 1968 3169 Πνεύ-

2073 1910 2203 1967 licet
2243 1910 2443 1982 exiguo
2477 1924 2730 1965 numero.

2142 2111 2343 2168 Genes.
2371 2126 2520 2178 ως,
2551 2111 2611 2164 Η
2645 2129 2658 2164 :
2685 2109 2927 2180 Alligans
2954 2110 3024 2164 ad
3055 2110 3212 2165 uitem
3241 2110 3445 2178 pullum
3472 2128 3650 2175 suum,

2072 2212 2122 2256 et
2151 2201 2221 2256 ad
2248 2201 2465 2256 heliccm
2487 2200 2695 2271 pullum
2724 2202 2893 2255 asina:
2920 2217 3062 2266 sum;
3088 2200 3289 2255 iuvabit
3319 2203 3374 2255 in
3398 2204 3517 2257 vino
3543 2214 3654 2257 sto-

2070 2292 2183 2348 ‘lam
2211 2309 2386 2359 suam,
2423 2301 2473 2347 et
2500 2293 2556 2347 in
2586 2292 2841 2363 sanguine
2870 2309 2984 2349 urat
3012 2295 3269 2349 amictum
3294 2310 3471 2351 suum.

2072 2472 2097 2534 ι·
2143 2469 2358 2525 Pnllum
2379 2479 2539 2525 vocat
2554 2469 2896 2525 vocationem
2908 2486 2973 2524 ex
2988 2470 3238 2541 gentibus
3259 2489 3273 2541 ;
3296 2471 3550 2538 alterum,
3584 2488 3655 2528 cx

2078 2560 2504 2617 circumcisione
2520 2560 2861 2616 vocationem
2883 2578 2899 2628 ;
2922 2561 3130 2616 asinam
3146 2576 3275 2617 vero
3289 2578 3476 2628 unam,
3498 2563 3551 2619 id
3568 2574 3655 2619 est

2074 2666 2239 2708 unam
2275 2652 2460 2720 fidem,
2497 2653 2571 2707 ita
2589 2660 2648 2706 ut
2674 2666 2740 2707 ex
2757 2667 2864 2708 una
2893 2652 3001 2709 ﬁde
3023 2652 3254 2709 sintduo
3281 2655 3554 2724 pulli,hoc
3570 2667 3671 2712 est.

2073 2745 2196 2801 duae
2221 2745 2559 2802 vocationes.
2590 2744 2657 2799 Et
2683 2759 2852 2799 unum
2885 2743 3105 2814 quidem
3137 2745 3345 2816 pullum
3370 2747 3653 2817 alligatqu

2072 2849 2194 2891 esse
2211 2835 2329 2902 viti,
2351 2833 2581 2890 alterum
2622 2833 2801 2889 helici.
2833 2831 2949 2888 Hoc
2976 2841 3082 2900 est,
3110 2833 3408 2892 Ecclesium
3428 2852 3459 2892 e
3480 2838 3655 2908 genti-

2068 2926 2179 2982 ‘bus
2200 2926 2476 2997 alligatam
2493 2940 2617 2982 esse
2643 2923 2875 2979 Domino
2896 2924 3141 2991 ;illorttm
3171 2941 3341 2983 vet-oe
3365 2928 3656 2983 circumci-

2072 3020 2228 3075 sione
2271 3021 2511 3091 antiquae
2554 3018 2681 3089 legi.
2712 3016 2935 3071 Lavabit
2983 3018 3041 3071 in
3084 3019 3204 3073 vino
3246 3018 3442 3074 stolam
3477 3037 3654 3078 suam.

2073 3106 2189 3164 Hoc
2219 3116 2323 3176 est,
2353 3124 2450 3179 per
2479 3105 2745 3179 Spiritum
2774 3116 3026 3162 sanctum
3049 3116 3104 3163 et
3133 3122 3231 3178 per
3262 3108 3496 3166 Verbum
3523 3114 3656 3168 veri-

370 3212 560 3278 ’ματος
603 3205 699 3259 καὶ
743 3202 839 3258 τοῦ
885 3204 1061 3274 Λόγου
1102 3192 1225 3275 τῆς
1253 3203 1512 3277 ἀληθείας
1555 3202 1843 3275 καθαρίσει
1873 3203 1966 3276 τὴν

2076 3201 2205 3257 tatis
2232 3201 2519 3258 mundabit
2542 3215 2785 3268 carnem,
2812 3215 2934 3271 quae
2955 3215 3050 3270 per
3074 3201 3268 3256 stolam
3293 3202 3653 3274 signiﬁcatur.

372 3297 587 3371 σάρκα,
621 3298 761 3370 ὅπερ
792 3296 1047 3371 ἐμφαίνει
1088 3297 1190 3368 τὴν
1238 3296 1452 3368 στολήν.
1502 3296 1613 3352 Καὶ
1660 3297 1731 3350 ἐν
1774 3297 1966 3366 αἵματι

2078 3290 2151 3367 Et
2196 3293 2251 3346 in
2285 3294 2541 3363 sanguine
2577 3307 2691 3347 utne
2717 3292 2938 3346 calcata:
2969 3300 3024 3347 et
3053 3294 3377 3365 sanguinem
3409 3297 3659 3352 emitten—
3692 3346 3697 3349 _

378 3388 707 3460 σταφυλῆς
735 3388 1012 3461 θλιϐείσης
1042 3390 1139 3444 καὶ
1161 3389 1406 3461 ἀνιείσης
1425 3384 1586 3460 αἷμα,
1610 3388 1748 3460 ὅπερ
1769 3388 1918 3442 ἐστὶν
1939 3390 1966 3460 ἡ

2076 3384 2169 3452 ιίε,
2195 3399 2319 3456 quae
2357 3394 2442 3441 est
2482 3384 2701 3440 Domini
2731 3398 2880 3449 caro,
2912 3399 3129 3442 omnem
3158 3401 3190 3441 e
3214 3388 3466 3458 gentibus
3495 3405 3658 3445 voca-

382 3480 528 3553 σὰρξ
554 3479 653 3534 τοῦ
683 3478 916 3553 Κυρίου,
947 3480 1131 3535 πᾶσαν
1163 3479 1264 3552 τὴν
1292 3478 1353 3546 ἐξ
1376 3478 1551 3535 ηὲθνῶν
1577 3478 1769 3552 κλῆσιν
1800 3478 1966 3533 καθα-

2077 3475 2280 3531 tionem
2306 3486 2528 3548 purgat.

383 3571 550 3646 ρίζει.
2431 3566 2435 3571 θ
3608 3638 3617 3646 .

452 3664 774 3735 Χαροποιοί
814 3666 870 3721 οἱ
913 3662 1210 3735 ὀφθαλμοί
1244 3662 1430 3719 αὑτοῦ
1470 3663 1590 3719 ἀπὸ
1638 3663 1833 3731 οἴνου,
1876 3664 1966 3747 σεαέ

2148 3659 2346 3716 Genes.
2386 3674 2534 3726 χιιι,
2564 3658 2761 3715 12-15ι
2793 3658 3037 3730 Gratiﬁci
3069 3659 3210 3714 oculi
3236 3660 3351 3731 ejus
3384 3678 3418 3714 a
3446 3663 3585 3729 vino,
3607 3674 3659 3734 et

379 3758 594 3814 λευκοὶ
620 3760 676 3813 οἱ
700 3757 944 3826 ὀδόντες
967 3757 1154 3813 αὑτοῦ
1179 3755 1220 3827 ἢ
1250 3755 1423 3827 γάλα.
1451 3756 1776 3831 Ζαΰουλὼν
1796 3756 1966 3826 παρά·

2075 3751 2295 3819 candidi
2339 3751 2518 3806 dentes
2565 3752 2681 3821 ejus
2726 3765 2836 3820 prae
2867 3751 3022 3807 lacte.
3055 3750 3296 3807 Zabulon
3318 3753 3483 3823 juxta
3515 3772 3661 3811 mare

371 3852 519 3918 ,ιιος
532 3851 898 3920 κατοικήσει,
926 3849 1022 3905 καί
1040 3848 1224 3915 αὐτὸς
1242 3849 1378 3916 παρ’
1405 3847 1590 3918 ὅρμον
1608 3849 1858 3914 πλοίων,
1874 3849 1966 3904 καί

2079 3842 2361 3910 habitabit,
2399 3851 2450 3897 et
2501 3858 2650 3898 secus
2702 3859 2971 3897 accessum
3017 3844 3254 3910 nauium,
3287 3853 3339 3898 et
3389 3849 3661 3915 pertendet

382 3945 709 4018 παρατενεῖ
741 3944 854 4012 ἕως
891 3941 1170 4009 Σιδῶνος.
1188 3940 1362 3996 Ἰσσὰ
1363 3958 1477 4012 χαρ
1508 3942 1576 3996 τὸ
1617 3942 1811 3998 καλὸν
1837 3943 1974 3998 ἐπε-

383 4042 679 4112 θύμησεν,
713 4036 1174 4107 ἀναπαυόμενος
1196 4034 1314 4090 ἀνὰ
1344 4033 1542 4104 μέσον
1568 4034 1689 4089 τῶν
1712 4035 1970 4105 κλήρων.

385 4131 498 4187 Καὶ
529 4131 673 4187 ἰδὼν
703 4129 819 4199 τὴν
846 4122 1195 4184 ᾰνᾶὸταυσιν
1226 4125 1318 4180 ὅτι
1346 4124 1527 4195 καλὴ,
1562 4125 1662 4179 καί
1716 4125 1832 4195 τὴν
1859 4125 1976 4196 γῆν

382 4223 476 4278 ὅτι
500 4222 674 4285 πίων,
705 4220 971 4289 ὑπέθηκε
993 4219 1104 4273 τὸν
1128 4212 1292 4288 ὦμον
1315 4215 1503 4272 αὐτοῦ
1527 4217 1616 4283 εἷς
1638 4212 1703 4270 τὸ
1741 4217 1971 4283 πονεῖν,

380 4315 487 4369 καὶ
512 4313 768 4386 ἐγενήθη
795 4310 951 4380 ἀνὴρ
976 4310 1250 4382 γεωργός.

454 4405 797 4463 Ηνινιιοιγτυε
829 4422 846 4460 :
881 4403 1166 4468 Τουτέστι,
1200 4401 1416 4475 φαιδροὶ
1463 4401 1512 4454 οἱ
1554 4399 1824 4477 ὀφθαλμοὶ
1872 4401 1971 4454 αύ-

2078 3950 2241 4006 usque
2279 3937 2350 3988 ad
2394 3933 2664 3989 Sidonem.
2694 3932 2947 3989 Issachar
2979 3935 3172 3990 bonum
3198 3936 3538 4003 desiderarit,
3576 3957 3658 3993 re-

2075 4027 2342 4097 quiescens
2366 4027 2506 4080 inter
2531 4026 2728 4080 medios
2756 4026 2943 4081 cteros.
2972 4025 3042 4080 Et
3071 4027 3250 4081 uidens
3274 4030 3505 4099 requiem
3530 4032 3657 4101 quia

2077 4120 2214 4173 bona
2242 4127 2342 4183 est,
2370 4127 2422 4172 et
2456 4127 2652 4171 terram
2670 4119 2796 4189 quia
2817 4119 3048 4189 pinguis,
3076 4120 3351 4188 supposuit
3379 4121 3655 4175 humerum

2076 4225 2231 4263 suum
2268 4209 2338 4263 ad
2365 4208 2737 4274 laborandum,
2770 4219 2821 4263 et
2853 4208 3031 4288 factus
3050 4218 3127 4263 est
3160 4211 3243 4263 vir
3265 4212 3522 4281 agricola.

2147 4398 2263 4455 Hoc
2288 4390 2409 4461 est,
2441 4396 2653 4469 pulchri
2683 4404 2812 4453 sunt
2838 4395 2984 4452 oculi
3013 4396 3134 4467 ejus
3171 4412 3202 4452 a
3230 4412 3484 4454 sermone
3512 4402 3657 4454 veri-

378 4498 502 4565 τοῦ,
533 4498 610 4564 ὡς
656 4496 767 4553 ἀπὸ
815 4494 909 4551 τοῦ
951 4495 1110 4565 λόγου
1149 4494 1250 4566 τῆς
1290 4492 1550 4574 ἀληθείας
1565 4510 1586 4563 ο,
1615 4492 1966 4553 ὲπιὸλέπουσι

2075 4488 2203 4545 tatis
2238 4506 2251 4543 :
2291 4487 2590 4558 respiciunt
2620 4486 2771 4543 enim
2823 4484 2893 4540 ad
2940 4499 3134 4540 omnes
3183 4484 3280 4555 qui
3330 4485 3562 4540 credunt
3601 4486 3657 4539 in

377 4593 495 4665 γὰρ
513 4592 608 4645 ἐπὶ
633 4590 844 4653 πάντας
869 4589 996 4651 τοὺς
1014 4585 1370 4651 πιστεύοντας
1392 4587 1473 4651 εἰς
1492 4585 1674 4640 αὐτόν.
1695 4586 1804 4641 Καί
1829 4588 1970 4641 λευέ

381 4684 479 4740 κοί
505 4686 561 4738 oi
589 4682 835 4748 ὀδόντες
874 4677 1063 4735 αὑτοῦ
1099 4679 1139 4748 ἦ
1180 4676 1354 4749 τάλα.
1382 4676 1456 4729 Τὸ
1486 4675 1776 4746 φωτοειδὲς
1801 4672 1966 4729 αὐτοῦ

380 4776 493 4831 τῶν
520 4775 780 4848 ῥημάτων
809 4772 993 4845 δηλοῖ·
1027 4770 1115 4826 διὰ
1136 4768 1294 4824 τοῦτο
1323 4768 1547 4832 λευκοὺς
1567 4767 1844 4840 ὀνομάζει,
1868 4766 1970 4836 γά-

380 4868 544 4923 λακτι
590 4866 649 4920 δὲ
695 4865 1041 4937 παρεικάζει,
1072 4860 1260 4935 ὥσπερ
1304 4861 1403 4915 καὶ
1453 4860 1633 4932 σάρκα
1671 4859 1766 4914 καὶ
1789 4856 1970 4930 ψυχὴν

378 4961 760 5035 διατρέφοντα.
795 4956 1116 5012 Ζαϐουλὼν
1158 4955 1214 5009 δὲ
1259 4953 1617 5026 ἑρμηνεύεται
1648 4952 1846 5006 εὐωδία
1877 4952 1970 5005 καὶ

384 5053 624 5124 εὐλογία.

456 5240 797 5298 Ηιρροιῖτυε
816 5259 830 5296 :
852 5238 1026 5294 Πάλιν
1047 5237 1375 5311 ἀπορρήτως
1390 5234 1490 5306 τῆς
1523 5234 1737 5305 Καινῆς
1768 5215 1965 5310 Δίαθήζ

382 5352 491 5407 κης
526 5333 623 5388 τοῦ
665 5335 916 5406 Σωτῆρος
944 5331 1101 5404 ἡμῶν
1125 5332 1195 5386 τὰ
1228 5330 1503 5402 μυστήρια
1522 5326 1763 5399 ἡγοῦμαι
1783 5325 1967 5394 διαγο-

386 5425 603 5501 ρεύειν,
636 5423 734 5479 καὶ
764 5422 973 5479 λευκοί
1012 5424 1068 5475 οἱ
1109 5419 1353 5485 ὀδόντες
1385 5414 1573 5500 abeat?
1615 5414 1656 5484 ἢ
1697 5413 1873 5486 γάλα,
1906 5412 1968 5467 τὸ

383 5518 638 5592 λαμπρὸν
672 5519 766 5574 καὶ
794 5514 1033 5588 καθαρὸν
1067 5512 1170 5584 τῆς
1200 5508 1606 5584 μυστηριώδους
1632 5508 1836 5585 τροφῆς
1868 5506 1965 5577 δη-

383 5609 533 5666 λοῦν.
569 5612 679 5666 Καὶ⁵
728 5611 811 5675 τὸ,
852 5607 1062 5665 λευκοὶ
1097 5608 1153 5661 οἱ
1192 5602 1437 5670 ὀδόντες
1474 5601 1661 5657 αὐτοῦ
1706 5600 1746 5669 ἢ
1784 5598 1963 5671 γάλα,

2072 4584 2274 4655 ipsum.
2307 4576 2380 4634 Et
2412 4577 2853 4634 candididentes
2883 4577 2998 4648 ejus
3047 4593 3159 4647 prie
3187 4577 3344 4631 lacte.
3388 4576 3656 4634 Lucidum

2070 4676 2362 4732 candorem
2403 4671 2692 4728 verborum
2732 4669 2853 4740 ejus
2881 4668 3184 4741 significat;
3227 4668 3351 4725 ideo
3394 4668 3659 4725 candidos

2070 4767 2306 4840 appellat
2349 4774 2403 4821 et
2448 4780 2574 4820 cum
2622 4764 2763 4818 lacte
2793 4760 3026 4829 confert,
3053 4777 3165 4832 quo
3190 4777 3319 4817 caro
3366 4769 3421 4816 et
3471 4762 3657 4817 anima

2070 4861 2336 4917 nutritur.
2367 4855 2631 4923 Zabulon,
2663 4855 2710 4911 si
2738 4853 3133 4925 interpreteris,
3164 4862 3249 4910 est
3278 4852 3573 4925 fragrantia
3603 4862 3658 4907 et

2071 4943 2401 5021 benedictio.

1585 5139 1786 5195 Deinde
1816 5148 1932 5209 post
1965 5134 2158 5208 Cyriui
2190 5094 2472 5187 nonnuila.

2143 5232 2341 5284 lterum
2368 5225 2604 5297 mystice
2630 5233 2764 5296 puto
2806 5221 2945 5278 Novi
2973 5217 3305 5278 Testamenti
3352 5218 3654 5278 Salvatoris

2070 5321 2246 5379 nostri
2275 5327 2619 5377 sacramenta
2650 5316 2827 5372 innui.
2858 5314 2994 5370 Nam
3024 5313 3186 5368 verba
3220 5312 3438 5366 candidi
3471 5313 3651 5368 dentes

2069 5415 2184 5485 ejus
2216 5427 2328 5483 prie
2352 5410 2509 5477 lacte,
2539 5410 2862 5481 praeclarum
2888 5419 3199 5476 purumque
3224 5403 3279 5457 in
3309 5414 3654 5460 sacramento

2070 5506 2251 5561 cibum
2284 5502 2610 5575 signiﬁcant.
2645 5500 2849 5554 Eadem
2884 5511 3050 5568 porro
3076 5495 3261 5553 verba.
3291 5496 3505 5550 candidi
3529 5494 3652 5549 den-

2072 5607 2146 5653 tes
2186 5596 2301 5667 ejus
2349 5609 2460 5665 prae
2485 5592 2642 5658 lacte,
2678 5590 2734 5643 in
2784 5603 2907 5644 eam
2954 5586 3649 5658 sententiam-accipimus,

457 5711 480 5741 ²
512 5708 649 5764 Gen.
684 5724 835 5773 XLIX,
866 5707 919 5763 7.
998 5705 1020 5738 ³
1049 5702 1241 5759 Matth.
1272 5717 1445 5769 xxvu,
1468 5701 1561 5756 ΞΒ.
1638 5698 1661 5730 ⁸
1689 5696 1851 5753 Deut.
1876 5712 1966 5751 xx:

2067 5694 2166 5758 ,8.
2686 5732 2693 5735 -

459 5799 536 5872 (ι)
570 5798 849 5870 Ἐξέχεον
865 5797 1059 5855 τοῦτο.
1092 5795 1222 5852 Post
1239 5793 1420 5861 τοῦτο,
1444 5808 1568 5850 cum
1589 5808 1654 5849 ex
1676 5790 1953 5862 versione,

2067 5802 2106 5842 m
2137 5785 2375 5846 maxime
2406 5783 2765 5859 ex‘contextu
2793 5778 3008 5838 videtur
3032 5776 3300 5833 excidisse
3324 5774 3382 5829 τὸ
3410 5769 3568 5844 αἷμα.
