  <div class='ocr_page' id='page_1' title='image "/cluster/home/n/w/nwhite01/storage/ocr_20150623/10/coo.31924054872894/307.png"; bbox 0 0 4128 6388; ppageno 0'>
   <div class='ocr_carea' id='block_1_1' title="bbox 452 287 625 346">
    <p class='ocr_par' dir='ltr' id='par_1_1' title="bbox 452 287 625 346">
     <span class='ocr_line' id='line_1_1' title="bbox 452 287 625 346; baseline 0.023 -7"><span class='ocrx_word' id='word_1_1' title='bbox 452 338 455 339; x_wconf 30' lang='grc' dir='ltr'><em>ν</em></span> <span class='ocrx_word' id='word_1_2' title='bbox 524 287 625 346; x_wconf 73' lang='lat'><strong>591</strong></span> 
     </span>
    </p>
   </div>
   <div class='ocr_carea' id='block_1_2' title="bbox 1412 284 2901 344">
    <p class='ocr_par' dir='ltr' id='par_1_2' title="bbox 1412 284 2901 344">
     <span class='ocr_line' id='line_1_2' title="bbox 1412 284 2901 344; baseline -0.002 0"><span class='ocrx_word' id='word_1_3' title='bbox 1412 289 1467 344; x_wconf 92' lang='lat' dir='ltr'><strong>S.</strong></span> <span class='ocrx_word' id='word_1_4' title='bbox 1510 287 1877 344; x_wconf 74' lang='lat' dir='ltr'><strong>IllPPOLYTl</strong></span> <span class='ocrx_word' id='word_1_5' title='bbox 1908 286 2059 342; x_wconf 80' lang='lat' dir='ltr'><strong>OPP.</strong></span> <span class='ocrx_word' id='word_1_6' title='bbox 2099 284 2280 341; x_wconf 71' lang='lat' dir='ltr'><strong>PARS</strong></span> <span class='ocrx_word' id='word_1_7' title='bbox 2308 285 2346 341; x_wconf 90' lang='grc'>1.</span> <span class='ocrx_word' id='word_1_8' title='bbox 2386 316 2457 327; x_wconf 90' lang='grc'><strong><em>-</em></strong></span> <span class='ocrx_word' id='word_1_9' title='bbox 2492 284 2901 342; x_wconf 70' lang='grc' dir='ltr'><strong>ΕΧΕΟΕἸΊΟᾹ.</strong></span> 
     </span>
    </p>
   </div>
   <div class='ocr_carea' id='block_1_3' title="bbox 3673 286 3791 341">
    <p class='ocr_par' dir='ltr' id='par_1_3' title="bbox 3673 286 3791 341">
     <span class='ocr_line' id='line_1_3' title="bbox 3673 286 3791 341; baseline 0.017 -2"><span class='ocrx_word' id='word_1_10' title='bbox 3673 286 3791 341; x_wconf 71' lang='grc'><strong>592</strong></span> 
     </span>
    </p>
   </div>
   <div class='ocr_carea' id='block_1_4' title="bbox 521 402 2094 483">
    <p class='ocr_par' dir='ltr' id='par_1_4' title="bbox 521 409 2094 483">
     <span class='ocr_line' id='line_1_4' title="bbox 521 409 2094 483; baseline -0.002 -17"><span class='ocrx_word' id='word_1_11' title='bbox 521 421 796 483; x_wconf 82' lang='lat' dir='ltr'><strong>quatenus</strong></span> <span class='ocrx_word' id='word_1_12' title='bbox 821 412 992 482; x_wconf 84' lang='lat' dir='ltr'><strong>ipsius</strong></span> <span class='ocrx_word' id='word_1_13' title='bbox 1015 410 1159 466; x_wconf 88' lang='lat' dir='ltr'><strong>dicta</strong></span> <span class='ocrx_word' id='word_1_14' title='bbox 1184 411 1365 465; x_wconf 85' lang='lat' dir='ltr'><strong>lumen</strong></span> <span class='ocrx_word' id='word_1_15' title='bbox 1394 409 1627 465; x_wconf 70' lang='lat' dir='ltr'><strong>aderunt</strong></span> <span class='ocrx_word' id='word_1_16' title='bbox 1657 411 1724 465; x_wconf 89' lang='lat' dir='ltr'><strong>iis</strong></span> <span class='ocrx_word' id='word_1_17' title='bbox 1751 410 1846 480; x_wconf 87' lang='lat' dir='ltr'><strong>qui</strong></span> <span class='ocrx_word' id='word_1_18' title='bbox 1871 410 2094 465; x_wconf 88' lang='lat' dir='ltr'><strong>credunt</strong></span> 
     </span>
    </p>
   </div>
   <div class='ocr_carea' id='block_1_5' title="bbox 2200 402 3795 483">
    <p class='ocr_par' dir='ltr' id='par_1_5' title="bbox 2200 402 3795 478">
     <span class='ocr_line' id='line_1_5' title="bbox 2200 402 3795 478; baseline -0.003 -17"><span class='ocrx_word' id='word_1_19' title='bbox 2200 407 2569 478; x_wconf 72' lang='grc' dir='ltr'>λαμϐάνομεν,</span> <span class='ocrx_word' id='word_1_20' title='bbox 2595 407 2678 460; x_wconf 82' lang='grc' dir='ltr'>ὅτι</span> <span class='ocrx_word' id='word_1_21' title='bbox 2712 406 2781 461; x_wconf 81' lang='grc' dir='ltr'>τὰ</span> <span class='ocrx_word' id='word_1_22' title='bbox 2811 407 3030 478; x_wconf 74' lang='grc' dir='ltr'>ῥήματα</span> <span class='ocrx_word' id='word_1_23' title='bbox 3063 402 3227 458; x_wconf 77' lang='grc' dir='ltr'>αὑτοῦ</span> <span class='ocrx_word' id='word_1_24' title='bbox 3261 402 3497 473; x_wconf 82' lang='grc' dir='ltr'>φωτεινά</span> <span class='ocrx_word' id='word_1_25' title='bbox 3541 403 3795 472; x_wconf 85' lang='grc' dir='ltr'>γίνονται</span> 
     </span>
    </p>
   </div>
   <div class='ocr_carea' id='block_1_6' title="bbox 522 518 756 559">
    <p class='ocr_par' dir='ltr' id='par_1_6' title="bbox 522 518 756 559">
     <span class='ocr_line' id='line_1_6' title="bbox 522 518 756 559; baseline -0.004 0"><span class='ocrx_word' id='word_1_26' title='bbox 522 518 580 559; x_wconf 83' lang='lat' dir='ltr'><strong>tn</strong></span> <span class='ocrx_word' id='word_1_27' title='bbox 609 520 756 559; x_wconf 91' lang='lat' dir='ltr'><strong>eum.</strong></span> 
     </span>
    </p>
   </div>
   <div class='ocr_carea' id='block_1_7' title="bbox 595 592 2099 657">
    <p class='ocr_par' dir='ltr' id='par_1_7' title="bbox 595 592 2099 657">
     <span class='ocr_line' id='line_1_7' title="bbox 595 592 2099 657; baseline -0.003 -5"><span class='ocrx_word' id='word_1_28' title='bbox 595 597 765 652; x_wconf 74' lang='lat' dir='ltr'><strong>Juxta</strong></span> <span class='ocrx_word' id='word_1_29' title='bbox 793 613 940 651; x_wconf 83' lang='lat' dir='ltr'><strong>mare</strong></span> <span class='ocrx_word' id='word_1_30' title='bbox 975 595 1339 650; x_wconf 82' lang='lat' dir='ltr'><strong>habitaturum</strong></span> <span class='ocrx_word' id='word_1_31' title='bbox 1370 592 1614 647; x_wconf 83' lang='lat' dir='ltr'><strong>Zabulon</strong></span> <span class='ocrx_word' id='word_1_32' title='bbox 1667 593 1796 648; x_wconf 90' lang='lat' dir='ltr'><strong>dum</strong></span> <span class='ocrx_word' id='word_1_33' title='bbox 1831 592 1928 657; x_wconf 84' lang='lat' dir='ltr'><strong>ait,</strong></span> <span class='ocrx_word' id='word_1_34' title='bbox 1964 592 2099 649; x_wconf 85' lang='lat' dir='ltr'><strong>vici—</strong></span> 
     </span>
    </p>
   </div>
   <div class='ocr_carea' id='block_1_8' title="bbox 523 685 2100 759">
    <p class='ocr_par' dir='ltr' id='par_1_8' title="bbox 523 685 2100 759">
     <span class='ocr_line' id='line_1_8' title="bbox 523 685 2100 759; baseline -0.003 -15"><span class='ocrx_word' id='word_1_35' title='bbox 523 706 650 744; x_wconf 87' lang='lat' dir='ltr'><strong>nam</strong></span> <span class='ocrx_word' id='word_1_36' title='bbox 685 689 821 743; x_wconf 89' lang='lat' dir='ltr'><strong>mari</strong></span> <span class='ocrx_word' id='word_1_37' title='bbox 853 689 1124 759; x_wconf 76' lang='lat' dir='ltr'><strong>regionem</strong></span> <span class='ocrx_word' id='word_1_38' title='bbox 1156 687 1260 756; x_wconf 87' lang='lat' dir='ltr'><strong>ipsi</strong></span> <span class='ocrx_word' id='word_1_39' title='bbox 1298 686 1564 756; x_wconf 69' lang='lat' dir='ltr'><strong>prmdicit,</strong></span> <span class='ocrx_word' id='word_1_40' title='bbox 1592 695 1646 741; x_wconf 86' lang='lat' dir='ltr'><strong>et</strong></span> <span class='ocrx_word' id='word_1_41' title='bbox 1672 685 1817 755; x_wconf 88' lang='lat' dir='ltr'><strong>quod</strong></span> <span class='ocrx_word' id='word_1_42' title='bbox 1847 686 2100 756; x_wconf 78' lang='lat' dir='ltr'><strong>gentibus</strong></span> 
     </span>
    </p>
   </div>
   <div class='ocr_carea' id='block_1_9' title="bbox 525 777 2096 853">
    <p class='ocr_par' dir='ltr' id='par_1_9' title="bbox 525 777 2096 853">
     <span class='ocr_line' id='line_1_9' title="bbox 525 777 2096 853; baseline -0.003 -15"><span class='ocrx_word' id='word_1_43' title='bbox 525 786 597 838; x_wconf 87' lang='lat' dir='ltr'><strong>sit</strong></span> <span class='ocrx_word' id='word_1_44' title='bbox 630 782 1041 853; x_wconf 90' lang='lat' dir='ltr'><strong>permiscendus</strong></span> <span class='ocrx_word' id='word_1_45' title='bbox 1070 780 1273 844; x_wconf 76' lang='lat' dir='ltr'><strong>Israel,</strong></span> <span class='ocrx_word' id='word_1_46' title='bbox 1308 779 1578 849; x_wconf 89' lang='lat' dir='ltr'><strong>amboque</strong></span> <span class='ocrx_word' id='word_1_47' title='bbox 1619 777 1806 849; x_wconf 62' lang='grc' dir='ltr'>μοι-ιιιὶ</span> <span class='ocrx_word' id='word_1_48' title='bbox 1841 778 1897 832; x_wconf 92' lang='lat' dir='ltr'><strong>in</strong></span> <span class='ocrx_word' id='word_1_49' title='bbox 1925 792 2096 833; x_wconf 90' lang='lat' dir='ltr'><strong>unum</strong></span> 
     </span>
    </p>
   </div>
   <div class='ocr_carea' id='block_1_10' title="bbox 523 868 2095 945">
    <p class='ocr_par' dir='ltr' id='par_1_10' title="bbox 523 868 2095 945">
     <span class='ocr_line' id='line_1_10' title="bbox 523 868 2095 945; baseline -0.004 -16"><span class='ocrx_word' id='word_1_50' title='bbox 523 892 739 945; x_wconf 84' lang='lat' dir='ltr'><strong>gregem</strong></span> <span class='ocrx_word' id='word_1_51' title='bbox 770 873 1093 930; x_wconf 81' lang='lat' dir='ltr'><strong>adducendi.</strong></span> <span class='ocrx_word' id='word_1_52' title='bbox 1124 872 1480 941; x_wconf 85' lang='lat' dir='ltr'><strong>Perspicuum</strong></span> <span class='ocrx_word' id='word_1_53' title='bbox 1513 870 1659 926; x_wconf 90' lang='lat' dir='ltr'><strong>enim</strong></span> <span class='ocrx_word' id='word_1_54' title='bbox 1687 870 1818 924; x_wconf 92' lang='lat' dir='ltr'><strong>illud</strong></span> <span class='ocrx_word' id='word_1_55' title='bbox 1841 870 1895 924; x_wconf 88' lang='lat' dir='ltr'><strong>in</strong></span> <span class='ocrx_word' id='word_1_56' title='bbox 1916 868 2095 924; x_wconf 83' lang='lat' dir='ltr'><strong>Evan-</strong></span> 
     </span>
    </p>
   </div>
   <div class='ocr_carea' id='block_1_11' title="bbox 523 961 2099 1036">
    <p class='ocr_par' dir='ltr' id='par_1_11' title="bbox 523 961 2099 1036">
     <span class='ocr_line' id='line_1_11' title="bbox 523 961 2099 1036; baseline -0.004 -15"><span class='ocrx_word' id='word_1_57' title='bbox 523 967 661 1036; x_wconf 83' lang='lat' dir='ltr'><strong>gelio</strong></span> <span class='ocrx_word' id='word_1_58' title='bbox 695 985 709 1020; x_wconf 89' lang='lat'><strong>:</strong></span> <span class='ocrx_word' id='word_1_59' title='bbox 747 964 907 1020; x_wconf 86' lang='lat' dir='ltr'><strong><em>Terra</em></strong></span> <span class='ocrx_word' id='word_1_60' title='bbox 932 964 1191 1027; x_wconf 72' lang='lat' dir='ltr'><strong>Zabulon,</strong></span> <span class='ocrx_word' id='word_1_61' title='bbox 1222 972 1270 1017; x_wconf 91' lang='lat' dir='ltr'><strong>et</strong></span> <span class='ocrx_word' id='word_1_62' title='bbox 1292 972 1433 1016; x_wconf 85' lang='lat' dir='ltr'><strong>terra</strong></span> <span class='ocrx_word' id='word_1_63' title='bbox 1471 961 1870 1032; x_wconf 78' lang='lat' dir='ltr'><strong>Nepltthalim&#39;,</strong></span> <span class='ocrx_word' id='word_1_64' title='bbox 1893 971 1947 1017; x_wconf 88' lang='lat' dir='ltr'><strong>et</strong></span> <span class='ocrx_word' id='word_1_65' title='bbox 1977 976 2099 1031; x_wconf 76' lang='lat' dir='ltr'><strong>qua:</strong></span> 
     </span>
    </p>
   </div>
   <div class='ocr_carea' id='block_1_12' title="bbox 522 1054 2095 1124">
    <p class='ocr_par' dir='ltr' id='par_1_12' title="bbox 522 1054 2095 1124">
     <span class='ocr_line' id='line_1_12' title="bbox 522 1054 2095 1124; baseline -0.001 -16"><span class='ocrx_word' id='word_1_66' title='bbox 522 1063 841 1124; x_wconf 83' lang='lat' dir='ltr'><strong>sequuntur.</strong></span> <span class='ocrx_word' id='word_1_67' title='bbox 875 1054 1096 1109; x_wconf 83' lang='lat' dir='ltr'><strong>Plenius</strong></span> <span class='ocrx_word' id='word_1_68' title='bbox 1127 1071 1255 1109; x_wconf 84' lang='lat' dir='ltr'><strong>vero</strong></span> <span class='ocrx_word' id='word_1_69' title='bbox 1300 1054 1567 1123; x_wconf 79' lang='lat' dir='ltr'><strong>intelliges</strong></span> <span class='ocrx_word' id='word_1_70' title='bbox 1612 1061 1843 1123; x_wconf 81' lang='lat' dir='ltr'><strong>utraque</strong></span> <span class='ocrx_word' id='word_1_71' title='bbox 1893 1061 2095 1108; x_wconf 88' lang='lat' dir='ltr'><strong>terram</strong></span> 
     </span>
    </p>
   </div>
   <div class='ocr_carea' id='block_1_13' title="bbox 522 1144 2097 1216">
    <p class='ocr_par' dir='ltr' id='par_1_13' title="bbox 522 1144 2097 1216">
     <span class='ocr_line' id='line_1_13' title="bbox 522 1144 2097 1216; baseline -0.004 -15"><span class='ocrx_word' id='word_1_72' title='bbox 522 1155 575 1201; x_wconf 89' lang='lat' dir='ltr'><strong>et</strong></span> <span class='ocrx_word' id='word_1_73' title='bbox 599 1161 748 1201; x_wconf 90' lang='lat' dir='ltr'><strong>mare</strong></span> <span class='ocrx_word' id='word_1_74' title='bbox 776 1146 990 1201; x_wconf 85' lang='lat' dir='ltr'><strong>abunde</strong></span> <span class='ocrx_word' id='word_1_75' title='bbox 1029 1146 1431 1216; x_wconf 75' lang='lat' dir='ltr'><strong>suppeditatum</strong></span> <span class='ocrx_word' id='word_1_76' title='bbox 1464 1146 1553 1199; x_wconf 88' lang='lat' dir='ltr'><strong>iri.</strong></span> <span class='ocrx_word' id='word_1_77' title='bbox 1585 1144 1651 1197; x_wconf 85' lang='lat' dir='ltr'><strong>Et</strong></span> <span class='ocrx_word' id='word_1_78' title='bbox 1675 1145 1785 1214; x_wconf 82' lang='lat' dir='ltr'><strong>ipse</strong></span> <span class='ocrx_word' id='word_1_79' title='bbox 1815 1160 1963 1198; x_wconf 76' lang='lat' dir='ltr'><strong>secus</strong></span> <span class='ocrx_word' id='word_1_80' title='bbox 2003 1159 2097 1196; x_wconf 81' lang='lat' dir='ltr'><strong>ae-</strong></span> 
     </span>
    </p>
   </div>
   <div class='ocr_carea' id='block_1_14' title="bbox 519 1235 2099 1305">
    <p class='ocr_par' dir='ltr' id='par_1_14' title="bbox 519 1235 2099 1305">
     <span class='ocr_line' id='line_1_14' title="bbox 519 1235 2099 1305; baseline -0.003 -13"><span class='ocrx_word' id='word_1_81' title='bbox 519 1254 723 1292; x_wconf 77' lang='lat' dir='ltr'><strong>cessum</strong></span> <span class='ocrx_word' id='word_1_82' title='bbox 756 1239 1000 1300; x_wconf 81' lang='lat' dir='ltr'><strong>navium;</strong></span> <span class='ocrx_word' id='word_1_83' title='bbox 1033 1238 1137 1292; x_wconf 89' lang='lat' dir='ltr'><strong>hoc</strong></span> <span class='ocrx_word' id='word_1_84' title='bbox 1164 1246 1247 1291; x_wconf 89' lang='lat' dir='ltr'><strong>est</strong></span> <span class='ocrx_word' id='word_1_85' title='bbox 1275 1246 1535 1305; x_wconf 84' lang='lat' dir='ltr'><strong>tanquam</strong></span> <span class='ocrx_word' id='word_1_86' title='bbox 1560 1235 1613 1288; x_wconf 89' lang='lat' dir='ltr'><strong>in</strong></span> <span class='ocrx_word' id='word_1_87' title='bbox 1649 1243 1767 1289; x_wconf 91' lang='lat' dir='ltr'><strong>tuto</strong></span> <span class='ocrx_word' id='word_1_88' title='bbox 1797 1242 1979 1304; x_wconf 88' lang='lat' dir='ltr'><strong>portu,</strong></span> <span class='ocrx_word' id='word_1_89' title='bbox 2013 1249 2099 1289; x_wconf 85' lang='lat' dir='ltr'><strong>re-</strong></span> 
     </span>
    </p>
   </div>
   <div class='ocr_carea' id='block_1_15' title="bbox 521 1324 2098 1398">
    <p class='ocr_par' dir='ltr' id='par_1_15' title="bbox 521 1324 2098 1398">
     <span class='ocr_line' id='line_1_15' title="bbox 521 1324 2098 1398; baseline -0.003 -14"><span class='ocrx_word' id='word_1_90' title='bbox 521 1331 703 1385; x_wconf 83' lang='lat' dir='ltr'><strong>ferens</strong></span> <span class='ocrx_word' id='word_1_91' title='bbox 732 1330 798 1385; x_wconf 89' lang='lat' dir='ltr'><strong>ad</strong></span> <span class='ocrx_word' id='word_1_92' title='bbox 833 1328 1109 1384; x_wconf 86' lang='lat' dir='ltr'><strong>Christum</strong></span> <span class='ocrx_word' id='word_1_93' title='bbox 1134 1328 1248 1398; x_wconf 84' lang='lat' dir='ltr'><strong>spei</strong></span> <span class='ocrx_word' id='word_1_94' title='bbox 1278 1327 1610 1381; x_wconf 85' lang='lat' dir='ltr'><strong>ﬁrmitatem.</strong></span> <span class='ocrx_word' id='word_1_95' title='bbox 1635 1325 1694 1381; x_wconf 77' lang='lat' dir='ltr'><strong>Id</strong></span> <span class='ocrx_word' id='word_1_96' title='bbox 1719 1335 1901 1381; x_wconf 87' lang='lat' dir='ltr'><strong>autem</strong></span> <span class='ocrx_word' id='word_1_97' title='bbox 1929 1324 2098 1396; x_wconf 84' lang='lat' dir='ltr'><strong>signi-</strong></span> 
     </span>
    </p>
   </div>
   <div class='ocr_carea' id='block_1_16' title="bbox 520 1417 2098 1490">
    <p class='ocr_par' dir='ltr' id='par_1_16' title="bbox 520 1417 2098 1490">
     <span class='ocr_line' id='line_1_16' title="bbox 520 1417 2098 1490; baseline -0.004 -14"><span class='ocrx_word' id='word_1_98' title='bbox 520 1423 649 1476; x_wconf 72' lang='lat' dir='ltr'><strong>ficat</strong></span> <span class='ocrx_word' id='word_1_99' title='bbox 694 1421 1036 1476; x_wconf 87' lang='lat' dir='ltr'><strong>vocationem</strong></span> <span class='ocrx_word' id='word_1_100' title='bbox 1078 1435 1110 1474; x_wconf 91' lang='lat' dir='ltr'><strong>e</strong></span> <span class='ocrx_word' id='word_1_101' title='bbox 1155 1418 1427 1490; x_wconf 73' lang='lat' dir='ltr'><strong>gentibus,</strong></span> <span class='ocrx_word' id='word_1_102' title='bbox 1452 1417 1598 1487; x_wconf 89' lang='lat' dir='ltr'><strong>quod</strong></span> <span class='ocrx_word' id='word_1_103' title='bbox 1642 1418 1699 1471; x_wconf 89' lang='lat' dir='ltr'><strong>in</strong></span> <span class='ocrx_word' id='word_1_104' title='bbox 1730 1432 1949 1473; x_wconf 90' lang='lat' dir='ltr'><strong>omnem</strong></span> <span class='ocrx_word' id='word_1_105' title='bbox 1984 1424 2098 1472; x_wconf 87' lang='lat' dir='ltr'><strong>ter-</strong></span> 
     </span>
    </p>
   </div>
   <div class='ocr_carea' id='block_1_17' title="bbox 520 1506 2099 1581">
    <p class='ocr_par' dir='ltr' id='par_1_17' title="bbox 520 1506 2099 1581">
     <span class='ocr_line' id='line_1_17' title="bbox 520 1506 2099 1581; baseline -0.003 -15"><span class='ocrx_word' id='word_1_106' title='bbox 520 1528 638 1566; x_wconf 88' lang='lat' dir='ltr'><strong>ram</strong></span> <span class='ocrx_word' id='word_1_107' title='bbox 671 1512 952 1581; x_wconf 83' lang='lat' dir='ltr'><strong>mariaque</strong></span> <span class='ocrx_word' id='word_1_108' title='bbox 985 1510 1168 1564; x_wconf 86' lang='lat' dir='ltr'><strong>omnia</strong></span> <span class='ocrx_word' id='word_1_109' title='bbox 1207 1509 1422 1565; x_wconf 79' lang='lat' dir='ltr'><strong>exitura</strong></span> <span class='ocrx_word' id='word_1_110' title='bbox 1452 1507 1524 1562; x_wconf 90' lang='lat' dir='ltr'><strong>sit</strong></span> <span class='ocrx_word' id='word_1_111' title='bbox 1554 1506 1727 1577; x_wconf 86' lang='lat' dir='ltr'><strong>gratia</strong></span> <span class='ocrx_word' id='word_1_112' title='bbox 1752 1506 1977 1563; x_wconf 87' lang='lat' dir='ltr'><strong>Christi.</strong></span> <span class='ocrx_word' id='word_1_113' title='bbox 2008 1506 2099 1561; x_wconf 86' lang='lat' dir='ltr'><strong>Ait</strong></span> 
     </span>
    </p>
   </div>
   <div class='ocr_carea' id='block_1_18' title="bbox 519 1598 2100 1669">
    <p class='ocr_par' dir='ltr' id='par_1_18' title="bbox 519 1598 2100 1669">
     <span class='ocr_line' id='line_1_18' title="bbox 519 1598 2100 1669; baseline -0.001 -14"><span class='ocrx_word' id='word_1_114' title='bbox 519 1602 664 1655; x_wconf 84' lang='lat' dir='ltr'><strong>enim</strong></span> <span class='ocrx_word' id='word_1_115' title='bbox 698 1611 747 1654; x_wconf 84' lang='lat' dir='ltr'><strong>et</strong></span> <span class='ocrx_word' id='word_1_116' title='bbox 780 1616 926 1654; x_wconf 76' lang='lat' dir='ltr'><strong>secus</strong></span> <span class='ocrx_word' id='word_1_117' title='bbox 955 1616 1224 1654; x_wconf 82' lang='lat' dir='ltr'><strong>accessum</strong></span> <span class='ocrx_word' id='word_1_118' title='bbox 1268 1600 1501 1665; x_wconf 80' lang='lat' dir='ltr'><strong>navium,</strong></span> <span class='ocrx_word' id='word_1_119' title='bbox 1547 1608 1597 1652; x_wconf 88' lang='lat' dir='ltr'><strong>et</strong></span> <span class='ocrx_word' id='word_1_120' title='bbox 1634 1598 1901 1668; x_wconf 84' lang='lat' dir='ltr'><strong>pertendet</strong></span> <span class='ocrx_word' id='word_1_121' title='bbox 1937 1613 2100 1669; x_wconf 77' lang='lat' dir='ltr'><strong>usque</strong></span> 
     </span>
    </p>
   </div>
   <div class='ocr_carea' id='block_1_19' title="bbox 520 1688 2098 1761">
    <p class='ocr_par' dir='ltr' id='par_1_19' title="bbox 520 1688 2098 1761">
     <span class='ocr_line' id='line_1_19' title="bbox 520 1688 2098 1761; baseline -0.001 -13"><span class='ocrx_word' id='word_1_122' title='bbox 520 1696 589 1748; x_wconf 83' lang='lat' dir='ltr'><strong>ad</strong></span> <span class='ocrx_word' id='word_1_123' title='bbox 630 1692 898 1749; x_wconf 85' lang='lat' dir='ltr'><strong>Sidonem.</strong></span> <span class='ocrx_word' id='word_1_124' title='bbox 935 1691 1090 1758; x_wconf 82' lang='lat' dir='ltr'><strong>Quod</strong></span> <span class='ocrx_word' id='word_1_125' title='bbox 1133 1690 1353 1761; x_wconf 90' lang='lat' dir='ltr'><strong>quidem</strong></span> <span class='ocrx_word' id='word_1_126' title='bbox 1382 1690 1450 1745; x_wconf 92' lang='lat' dir='ltr'><strong>de</strong></span> <span class='ocrx_word' id='word_1_127' title='bbox 1486 1688 1730 1744; x_wconf 83' lang='lat' dir='ltr'><strong>Ecclesia</strong></span> <span class='ocrx_word' id='word_1_128' title='bbox 1774 1704 1806 1745; x_wconf 88' lang='lat' dir='ltr'><strong>e</strong></span> <span class='ocrx_word' id='word_1_129' title='bbox 1849 1691 2098 1761; x_wconf 76' lang='lat' dir='ltr'><strong>gentibus</strong></span> 
     </span>
    </p>
   </div>
   <div class='ocr_carea' id='block_1_20' title="bbox 2199 495 2957 562">
    <p class='ocr_par' dir='ltr' id='par_1_20' title="bbox 2199 495 2957 562">
     <span class='ocr_line' id='line_1_20' title="bbox 2199 495 2957 562; baseline -0.001 -12"><span class='ocrx_word' id='word_1_130' title='bbox 2199 502 2312 562; x_wconf 84' lang='grc' dir='ltr'>τοῖς</span> <span class='ocrx_word' id='word_1_131' title='bbox 2339 498 2651 551; x_wconf 86' lang='grc' dir='ltr'>πιστεύουσι</span> <span class='ocrx_word' id='word_1_132' title='bbox 2673 497 2742 550; x_wconf 82' lang='grc' dir='ltr'>δι’</span> <span class='ocrx_word' id='word_1_133' title='bbox 2771 495 2957 550; x_wconf 77' lang='grc' dir='ltr'>αὐτοῦ.</span> 
     </span>
    </p>
   </div>
   <div class='ocr_carea' id='block_1_21' title="bbox 2272 587 3798 659">
    <p class='ocr_par' dir='ltr' id='par_1_21' title="bbox 2272 587 3798 659">
     <span class='ocr_line' id='line_1_21' title="bbox 2272 587 3798 659; baseline -0.001 -15"><span class='ocrx_word' id='word_1_134' title='bbox 2272 590 2569 657; x_wconf 72' lang='grc' dir='ltr'>Παράλιος</span> <span class='ocrx_word' id='word_1_135' title='bbox 2608 587 2935 643; x_wconf 76' lang='grc' dir='ltr'>θαλασσῶν</span> <span class='ocrx_word' id='word_1_136' title='bbox 2974 588 3359 658; x_wconf 82' lang='grc' dir='ltr'>κατοικήσειν</span> <span class='ocrx_word' id='word_1_137' title='bbox 3394 606 3463 659; x_wconf 77' lang='grc' dir='ltr'>γε</span> <span class='ocrx_word' id='word_1_138' title='bbox 3505 587 3635 659; x_wconf 78' lang='grc' dir='ltr'>μὴν</span> <span class='ocrx_word' id='word_1_139' title='bbox 3673 588 3798 643; x_wconf 75' lang='grc' dir='ltr'>τὸν</span> 
     </span>
    </p>
   </div>
   <div class='ocr_carea' id='block_1_22' title="bbox 2200 677 3799 752">
    <p class='ocr_par' dir='ltr' id='par_1_22' title="bbox 2200 677 3799 752">
     <span class='ocr_line' id='line_1_22' title="bbox 2200 677 3799 752; baseline 0.001 -19"><span class='ocrx_word' id='word_1_140' title='bbox 2200 679 2541 743; x_wconf 72' lang='grc' dir='ltr'>Ζαϐουλὼν,</span> <span class='ocrx_word' id='word_1_141' title='bbox 2575 680 2673 750; x_wconf 78' lang='grc' dir='ltr'><strong>τὴν</strong></span> <span class='ocrx_word' id='word_1_142' title='bbox 2713 679 2773 732; x_wconf 83' lang='grc' dir='ltr'><strong>έν</strong></span> <span class='ocrx_word' id='word_1_143' title='bbox 2812 680 2881 749; x_wconf 70' lang='grc' dir='ltr'>τῇ</span> <span class='ocrx_word' id='word_1_144' title='bbox 2912 677 3156 751; x_wconf 80' lang='grc' dir='ltr'><strong>θαλάσσῃ</strong></span> <span class='ocrx_word' id='word_1_145' title='bbox 3193 679 3407 748; x_wconf 82' lang='grc' dir='ltr'><strong>γείτονα</strong></span> <span class='ocrx_word' id='word_1_146' title='bbox 3444 678 3629 751; x_wconf 83' lang='grc' dir='ltr'>χώραν</span> <span class='ocrx_word' id='word_1_147' title='bbox 3656 696 3799 752; x_wconf 84' lang='grc' dir='ltr'>προ-</span> 
     </span>
    </p>
   </div>
   <div class='ocr_carea' id='block_1_23' title="bbox 2201 767 3797 841">
    <p class='ocr_par' dir='ltr' id='par_1_23' title="bbox 2201 767 3797 841">
     <span class='ocr_line' id='line_1_23' title="bbox 2201 767 3797 841; baseline -0.001 -18"><span class='ocrx_word' id='word_1_148' title='bbox 2201 771 2368 838; x_wconf 87' lang='grc' dir='ltr'>λέγει,</span> <span class='ocrx_word' id='word_1_149' title='bbox 2385 770 2484 824; x_wconf 72' lang='grc' dir='ltr'>καὶ</span> <span class='ocrx_word' id='word_1_150' title='bbox 2504 768 2705 822; x_wconf 74' lang='grc' dir='ltr'>ὡσανεὶ</span> <span class='ocrx_word' id='word_1_151' title='bbox 2727 767 3063 839; x_wconf 80' lang='grc' dir='ltr'><strong>ἀναμιγῆναι</strong></span> <span class='ocrx_word' id='word_1_152' title='bbox 3083 771 3195 833; x_wconf 85' lang='grc' dir='ltr'>τοῖς</span> <span class='ocrx_word' id='word_1_153' title='bbox 3223 768 3402 822; x_wconf 78' lang='grc' dir='ltr'>ἔθνεσι</span> <span class='ocrx_word' id='word_1_154' title='bbox 3425 768 3520 821; x_wconf 82' lang='grc' dir='ltr'>τοῦ</span> <span class='ocrx_word' id='word_1_155' title='bbox 3544 768 3797 841; x_wconf 78' lang='grc' dir='ltr'>Ἰσραὴλ,</span> 
     </span>
    </p>
   </div>
   <div class='ocr_carea' id='block_1_24' title="bbox 2199 860 3790 933">
    <p class='ocr_par' dir='ltr' id='par_1_24' title="bbox 2199 860 3790 933">
     <span class='ocr_line' id='line_1_24' title="bbox 2199 860 3790 933; baseline 0.001 -19"><span class='ocrx_word' id='word_1_156' title='bbox 2199 862 2296 915; x_wconf 83' lang='grc' dir='ltr'>ἆτε</span> <span class='ocrx_word' id='word_1_157' title='bbox 2322 861 2385 933; x_wconf 80' lang='grc' dir='ltr'>δὴ</span> <span class='ocrx_word' id='word_1_158' title='bbox 2425 861 2519 915; x_wconf 77' lang='grc' dir='ltr'>καὶ</span> <span class='ocrx_word' id='word_1_159' title='bbox 2546 863 2624 926; x_wconf 87' lang='grc' dir='ltr'><strong>είς</strong></span> <span class='ocrx_word' id='word_1_160' title='bbox 2655 861 2785 932; x_wconf 88' lang='grc' dir='ltr'>μίαν</span> <span class='ocrx_word' id='word_1_161' title='bbox 2811 860 3047 932; x_wconf 79' lang='grc' dir='ltr'><strong>ποίμνην</strong></span> <span class='ocrx_word' id='word_1_162' title='bbox 3079 860 3333 932; x_wconf 72' lang='grc' dir='ltr'>ἡγμένων</span> <span class='ocrx_word' id='word_1_163' title='bbox 3361 860 3472 913; x_wconf 85' lang='grc' dir='ltr'>τῶν</span> <span class='ocrx_word' id='word_1_164' title='bbox 3498 860 3591 913; x_wconf 85' lang='grc' dir='ltr'><strong>δύο</strong></span> <span class='ocrx_word' id='word_1_165' title='bbox 3614 861 3790 917; x_wconf 81' lang='grc' dir='ltr'>λαῶν.</span> 
     </span>
    </p>
   </div>
   <div class='ocr_carea' id='block_1_25' title="bbox 2198 952 3794 1025">
    <p class='ocr_par' dir='ltr' id='par_1_25' title="bbox 2198 952 3794 1025">
     <span class='ocr_line' id='line_1_25' title="bbox 2198 952 3794 1025; baseline 0.001 -19"><span class='ocrx_word' id='word_1_166' title='bbox 2198 954 2367 1025; x_wconf 75' lang='grc' dir='ltr'>Δῆλον</span> <span class='ocrx_word' id='word_1_167' title='bbox 2399 954 2457 1007; x_wconf 86' lang='grc' dir='ltr'><strong>δὲ</strong></span> <span class='ocrx_word' id='word_1_168' title='bbox 2497 956 2555 1006; x_wconf 81' lang='grc' dir='ltr'>ὲν</span> <span class='ocrx_word' id='word_1_169' title='bbox 2594 953 2671 1024; x_wconf 81' lang='grc' dir='ltr'><strong>τῷ</strong></span> <span class='ocrx_word' id='word_1_170' title='bbox 2704 953 3048 1024; x_wconf 83' lang='grc' dir='ltr'>Εὐαγγελίῳ·</span> <span class='ocrx_word' id='word_1_171' title='bbox 3081 953 3171 1021; x_wconf 80' lang='grc' dir='ltr'><strong>Γῆ</strong></span> <span class='ocrx_word' id='word_1_172' title='bbox 3205 952 3526 1008; x_wconf 74' lang='grc' dir='ltr'>Ζαϐουλὼν</span> <span class='ocrx_word' id='word_1_173' title='bbox 3568 953 3663 1008; x_wconf 72' lang='grc' dir='ltr'><strong>καὶ</strong></span> <span class='ocrx_word' id='word_1_174' title='bbox 3705 954 3794 1025; x_wconf 80' lang='grc' dir='ltr'><em>τῆ</em></span> 
     </span>
    </p>
   </div>
   <div class='ocr_carea' id='block_1_26' title="bbox 2198 1044 3797 1117">
    <p class='ocr_par' dir='ltr' id='par_1_26' title="bbox 2198 1044 3797 1117">
     <span class='ocr_line' id='line_1_26' title="bbox 2198 1044 3797 1117; baseline -0.001 -18"><span class='ocrx_word' id='word_1_175' title='bbox 2198 1045 2557 1113; x_wconf 48' lang='lat' dir='ltr'><strong>Nega/lately,</strong></span> <span class='ocrx_word' id='word_1_176' title='bbox 2592 1045 2687 1098; x_wconf 68' lang='lat' dir='ltr'><strong>ut</strong></span> <span class='ocrx_word' id='word_1_177' title='bbox 2714 1044 2784 1097; x_wconf 74' lang='grc' dir='ltr'>τὰ</span> <span class='ocrx_word' id='word_1_178' title='bbox 2815 1044 2964 1115; x_wconf 80' lang='grc' dir='ltr'>ἑξῆς.</span> <span class='ocrx_word' id='word_1_179' title='bbox 2995 1044 3458 1117; x_wconf 85' lang='grc' dir='ltr'>Σωματικώτερον</span> <span class='ocrx_word' id='word_1_180' title='bbox 3487 1044 3543 1097; x_wconf 87' lang='grc' dir='ltr'>δὲ</span> <span class='ocrx_word' id='word_1_181' title='bbox 3570 1046 3797 1117; x_wconf 80' lang='grc' dir='ltr'><strong>νοήσεις</strong></span> 
     </span>
    </p>
   </div>
   <div class='ocr_carea' id='block_1_27' title="bbox 2200 1136 3800 1210">
    <p class='ocr_par' dir='ltr' id='par_1_27' title="bbox 2200 1136 3800 1210">
     <span class='ocr_line' id='line_1_27' title="bbox 2200 1136 3800 1210; baseline 0.004 -22"><span class='ocrx_word' id='word_1_182' title='bbox 2200 1136 2297 1206; x_wconf 79' lang='grc' dir='ltr'>τὴν</span> <span class='ocrx_word' id='word_1_183' title='bbox 2324 1136 2793 1209; x_wconf 71' lang='grc' dir='ltr'>ἑκατέρωθενιγῆς</span> <span class='ocrx_word' id='word_1_184' title='bbox 2825 1138 2919 1191; x_wconf 77' lang='grc' dir='ltr'><strong>καὶ</strong></span> <span class='ocrx_word' id='word_1_185' title='bbox 2947 1136 3222 1209; x_wconf 81' lang='grc' dir='ltr'><strong>θαλάσσης</strong></span> <span class='ocrx_word' id='word_1_186' title='bbox 3242 1139 3524 1210; x_wconf 80' lang='grc' dir='ltr'>χορηγίαν.</span> <span class='ocrx_word' id='word_1_187' title='bbox 3545 1139 3656 1194; x_wconf 77' lang='grc' dir='ltr'><strong>Καὶ</strong></span> <span class='ocrx_word' id='word_1_188' title='bbox 3677 1141 3800 1196; x_wconf 79' lang='grc' dir='ltr'><strong>αὑ·-</strong></span> 
     </span>
    </p>
   </div>
   <div class='ocr_carea' id='block_1_28' title="bbox 2199 1227 3797 1302">
    <p class='ocr_par' dir='ltr' id='par_1_28' title="bbox 2199 1227 3797 1302">
     <span class='ocr_line' id='line_1_28' title="bbox 2199 1227 3797 1302; baseline 0.004 -22"><span class='ocrx_word' id='word_1_189' title='bbox 2199 1227 2302 1294; x_wconf 81' lang='grc' dir='ltr'>τὸς</span> <span class='ocrx_word' id='word_1_190' title='bbox 2353 1229 2488 1298; x_wconf 78' lang='grc' dir='ltr'>παρ’</span> <span class='ocrx_word' id='word_1_191' title='bbox 2518 1229 3007 1299; x_wconf 74' lang='grc' dir='ltr'>ὅρμονπλοίων·</span> <span class='ocrx_word' id='word_1_192' title='bbox 3059 1228 3334 1283; x_wconf 78' lang='grc' dir='ltr'>τουτέστιν</span> <span class='ocrx_word' id='word_1_193' title='bbox 3381 1231 3458 1294; x_wconf 88' lang='grc' dir='ltr'>ὼς</span> <span class='ocrx_word' id='word_1_194' title='bbox 3494 1232 3553 1285; x_wconf 80' lang='grc' dir='ltr'>ὲν</span> <span class='ocrx_word' id='word_1_195' title='bbox 3604 1231 3797 1302; x_wconf 86' lang='grc' dir='ltr'>λιμένι</span> 
     </span>
    </p>
   </div>
   <div class='ocr_carea' id='block_1_29' title="bbox 2198 1320 3799 1395">
    <p class='ocr_par' dir='ltr' id='par_1_29' title="bbox 2198 1320 3799 1395">
     <span class='ocr_line' id='line_1_29' title="bbox 2198 1320 3799 1395; baseline 0.002 -22"><span class='ocrx_word' id='word_1_196' title='bbox 2198 1320 2454 1390; x_wconf 78' lang='grc' dir='ltr'><strong>ἀσφαλεῖ,</strong></span> <span class='ocrx_word' id='word_1_197' title='bbox 2467 1322 2724 1377; x_wconf 78' lang='grc' dir='ltr'>ἀνάπτων</span> <span class='ocrx_word' id='word_1_198' title='bbox 2751 1324 2832 1386; x_wconf 85' lang='grc' dir='ltr'>εἰς</span> <span class='ocrx_word' id='word_1_199' title='bbox 2860 1322 3095 1394; x_wconf 83' lang='grc' dir='ltr'>Χριστὸν</span> <span class='ocrx_word' id='word_1_200' title='bbox 3119 1320 3187 1374; x_wconf 84' lang='grc' dir='ltr'>τὰ</span> <span class='ocrx_word' id='word_1_201' title='bbox 3206 1322 3303 1393; x_wconf 86' lang='grc' dir='ltr'><strong>τῆς</strong></span> <span class='ocrx_word' id='word_1_202' title='bbox 3318 1322 3532 1387; x_wconf 67' lang='grc' dir='ltr'>ἐλπίδος</span> <span class='ocrx_word' id='word_1_203' title='bbox 3546 1320 3799 1395; x_wconf 82' lang='grc' dir='ltr'>πείσμα-</span> 
     </span>
    </p>
   </div>
   <div class='ocr_carea' id='block_1_30' title="bbox 2199 1412 3794 1485">
    <p class='ocr_par' dir='ltr' id='par_1_30' title="bbox 2199 1412 3794 1485">
     <span class='ocr_line' id='line_1_30' title="bbox 2199 1412 3794 1485; baseline 0.003 -18"><span class='ocrx_word' id='word_1_204' title='bbox 2199 1428 2288 1467; x_wconf 82' lang='grc' dir='ltr'><strong>τα.</strong></span> <span class='ocrx_word' id='word_1_205' title='bbox 2320 1413 2484 1484; x_wconf 89' lang='grc' dir='ltr'><strong>Δηλοί</strong></span> <span class='ocrx_word' id='word_1_206' title='bbox 2511 1413 2569 1467; x_wconf 79' lang='grc' dir='ltr'>δὲ</span> <span class='ocrx_word' id='word_1_207' title='bbox 2599 1412 2757 1467; x_wconf 79' lang='grc' dir='ltr'>τοῦτο</span> <span class='ocrx_word' id='word_1_208' title='bbox 2783 1414 2884 1484; x_wconf 81' lang='grc' dir='ltr'>τὴν</span> <span class='ocrx_word' id='word_1_209' title='bbox 2916 1413 2979 1478; x_wconf 65' lang='grc' dir='ltr'><strong>ἐξ</strong></span> <span class='ocrx_word' id='word_1_210' title='bbox 3000 1412 3171 1467; x_wconf 78' lang='grc' dir='ltr'>ἐθνῶν</span> <span class='ocrx_word' id='word_1_211' title='bbox 3199 1413 3413 1485; x_wconf 80' lang='grc' dir='ltr'>κλῆσιν,</span> <span class='ocrx_word' id='word_1_212' title='bbox 3440 1415 3523 1485; x_wconf 61' lang='grc' dir='ltr'>ἷκε.</span> <span class='ocrx_word' id='word_1_213' title='bbox 3566 1417 3647 1479; x_wconf 82' lang='grc' dir='ltr'><strong>είς</strong></span> <span class='ocrx_word' id='word_1_214' title='bbox 3673 1416 3794 1471; x_wconf 76' lang='grc' dir='ltr'><strong>πᾶ·-</strong></span> 
     </span>
    </p>
   </div>
   <div class='ocr_carea' id='block_1_31' title="bbox 2203 1504 3799 1579">
    <p class='ocr_par' dir='ltr' id='par_1_31' title="bbox 2203 1504 3799 1579">
     <span class='ocr_line' id='line_1_31' title="bbox 2203 1504 3799 1579; baseline 0.004 -23"><span class='ocrx_word' id='word_1_215' title='bbox 2203 1519 2299 1558; x_wconf 84' lang='grc' dir='ltr'><strong>σαν</strong></span> <span class='ocrx_word' id='word_1_216' title='bbox 2328 1504 2426 1574; x_wconf 76' lang='grc' dir='ltr'><strong>τὴν</strong></span> <span class='ocrx_word' id='word_1_217' title='bbox 2471 1504 2575 1575; x_wconf 85' lang='grc' dir='ltr'>γῆν</span> <span class='ocrx_word' id='word_1_218' title='bbox 2608 1505 2703 1558; x_wconf 81' lang='grc' dir='ltr'><strong>καὶ</strong></span> <span class='ocrx_word' id='word_1_219' title='bbox 2729 1504 2833 1576; x_wconf 84' lang='grc' dir='ltr'><strong>τὴν</strong></span> <span class='ocrx_word' id='word_1_220' title='bbox 2859 1504 3136 1559; x_wconf 80' lang='grc' dir='ltr'>θάλασσαν</span> <span class='ocrx_word' id='word_1_221' title='bbox 3178 1505 3519 1572; x_wconf 78' lang='grc' dir='ltr'>ἐξελεύσεται</span> <span class='ocrx_word' id='word_1_222' title='bbox 3557 1507 3591 1578; x_wconf 80' lang='grc' dir='ltr'><strong>ἡ</strong></span> <span class='ocrx_word' id='word_1_223' title='bbox 3623 1509 3799 1579; x_wconf 79' lang='grc' dir='ltr'>χάρις</span> 
     </span>
    </p>
   </div>
   <div class='ocr_carea' id='block_1_32' title="bbox 2199 1592 3795 1668">
    <p class='ocr_par' dir='ltr' id='par_1_32' title="bbox 2199 1592 3795 1668">
     <span class='ocr_line' id='line_1_32' title="bbox 2199 1592 3795 1668; baseline 0.006 -24"><span class='ocrx_word' id='word_1_224' title='bbox 2199 1592 2292 1645; x_wconf 77' lang='grc' dir='ltr'>τοῦ</span> <span class='ocrx_word' id='word_1_225' title='bbox 2325 1594 2583 1664; x_wconf 79' lang='grc' dir='ltr'>Χριστοῦ.</span> <span class='ocrx_word' id='word_1_226' title='bbox 2612 1594 2778 1666; x_wconf 83' lang='grc' dir='ltr'>Λέγει</span> <span class='ocrx_word' id='word_1_227' title='bbox 2796 1595 2926 1668; x_wconf 75' lang='grc' dir='ltr'>γὰρ,</span> <span class='ocrx_word' id='word_1_228' title='bbox 2949 1595 3049 1648; x_wconf 80' lang='grc' dir='ltr'><strong>καί</strong></span> <span class='ocrx_word' id='word_1_229' title='bbox 3069 1595 3204 1664; x_wconf 82' lang='grc' dir='ltr'>παρ’</span> <span class='ocrx_word' id='word_1_230' title='bbox 3224 1596 3410 1665; x_wconf 82' lang='grc' dir='ltr'>ὅρμον</span> <span class='ocrx_word' id='word_1_231' title='bbox 3428 1598 3660 1652; x_wconf 74' lang='grc' dir='ltr'>πλοίων</span> <span class='ocrx_word' id='word_1_232' title='bbox 3680 1600 3795 1655; x_wconf 74' lang='grc' dir='ltr'>καὶ</span> 
     </span>
    </p>
   </div>
   <div class='ocr_carea' id='block_1_33' title="bbox 2200 1685 3800 1760">
    <p class='ocr_par' dir='ltr' id='par_1_33' title="bbox 2200 1685 3800 1760">
     <span class='ocr_line' id='line_1_33' title="bbox 2200 1685 3800 1760; baseline 0.006 -25"><span class='ocrx_word' id='word_1_233' title='bbox 2200 1685 2523 1752; x_wconf 59' lang='lat' dir='ltr'><strong>adparere?</strong></span> <span class='ocrx_word' id='word_1_234' title='bbox 2558 1686 2671 1752; x_wconf 75' lang='grc' dir='ltr'><strong>ἕως</strong></span> <span class='ocrx_word' id='word_1_235' title='bbox 2715 1685 3123 1753; x_wconf 81' lang='grc' dir='ltr'>Σιδῶνος.“οτι</span> <span class='ocrx_word' id='word_1_236' title='bbox 3168 1686 3226 1740; x_wconf 76' lang='grc' dir='ltr'>δὲ</span> <span class='ocrx_word' id='word_1_237' title='bbox 3266 1689 3347 1751; x_wconf 84' lang='grc' dir='ltr'><strong>είς</strong></span> <span class='ocrx_word' id='word_1_238' title='bbox 3381 1688 3480 1760; x_wconf 83' lang='grc' dir='ltr'><strong>τὴν</strong></span> <span class='ocrx_word' id='word_1_239' title='bbox 3521 1687 3582 1753; x_wconf 75' lang='grc' dir='ltr'>ἐξ</span> <span class='ocrx_word' id='word_1_240' title='bbox 3614 1688 3800 1744; x_wconf 76' lang='grc' dir='ltr'>ἐθνῶν</span> 
     </span>
    </p>
   </div>
   <div class='ocr_carea' id='block_1_34' title="bbox 520 1766 2094 1855">
    <p class='ocr_par' dir='ltr' id='par_1_34' title="bbox 520 1781 2094 1855">
     <span class='ocr_line' id='line_1_34' title="bbox 520 1781 2094 1855; baseline 0 -17"><span class='ocrx_word' id='word_1_241' title='bbox 520 1786 636 1840; x_wconf 66' lang='lat' dir='ltr'><strong>haec</strong></span> <span class='ocrx_word' id='word_1_242' title='bbox 693 1785 947 1855; x_wconf 75' lang='lat' dir='ltr'><strong>praedicta</strong></span> <span class='ocrx_word' id='word_1_243' title='bbox 996 1784 1146 1846; x_wconf 88' lang='lat' dir='ltr'><strong>sint,</strong></span> <span class='ocrx_word' id='word_1_244' title='bbox 1199 1783 1440 1838; x_wconf 83' lang='lat' dir='ltr'><strong>declarat</strong></span> <span class='ocrx_word' id='word_1_245' title='bbox 1492 1782 1651 1837; x_wconf 90' lang='lat' dir='ltr'><strong>nobis</strong></span> <span class='ocrx_word' id='word_1_246' title='bbox 1696 1781 2094 1854; x_wconf 84' lang='lat' dir='ltr'><strong>Evangelium:</strong></span> 
     </span>
    </p>
   </div>
   <div class='ocr_carea' id='block_1_35' title="bbox 2200 1766 3803 1855">
    <p class='ocr_par' dir='ltr' id='par_1_35' title="bbox 2212 1775 3803 1852">
     <span class='ocr_line' id='line_1_35' title="bbox 2212 1775 3803 1852; baseline 0.004 -24"><span class='ocrx_word' id='word_1_247' title='bbox 2212 1775 2535 1846; x_wconf 83' lang='grc' dir='ltr'>Ἐκκλησίαν</span> <span class='ocrx_word' id='word_1_248' title='bbox 2563 1777 2719 1832; x_wconf 78' lang='grc' dir='ltr'>τοῦτο</span> <span class='ocrx_word' id='word_1_249' title='bbox 2742 1779 3136 1850; x_wconf 84' lang='grc' dir='ltr'>προκηρύσσει,</span> <span class='ocrx_word' id='word_1_250' title='bbox 3151 1778 3404 1851; x_wconf 77' lang='grc' dir='ltr'>δηλοῦται</span> <span class='ocrx_word' id='word_1_251' title='bbox 3427 1783 3486 1835; x_wconf 84' lang='grc' dir='ltr'>ὲν</span> <span class='ocrx_word' id='word_1_252' title='bbox 3507 1780 3585 1852; x_wconf 80' lang='grc' dir='ltr'><strong>τῷ</strong></span> <span class='ocrx_word' id='word_1_253' title='bbox 3606 1782 3803 1852; x_wconf 79' lang='grc' dir='ltr'>Εὐαγ-</span> 
     </span>
    </p>
   </div>
   <div class='ocr_carea' id='block_1_36' title="bbox 522 1873 2097 1943">
    <p class='ocr_par' dir='ltr' id='par_1_36' title="bbox 522 1873 2097 1943">
     <span class='ocr_line' id='line_1_36' title="bbox 522 1873 2097 1943; baseline -0.001 -13"><span class='ocrx_word' id='word_1_254' title='bbox 522 1876 685 1931; x_wconf 84' lang='lat' dir='ltr'><strong>Terra</strong></span> <span class='ocrx_word' id='word_1_255' title='bbox 731 1875 971 1930; x_wconf 80' lang='lat' dir='ltr'><strong>Zabulon</strong></span> <span class='ocrx_word' id='word_1_256' title='bbox 1019 1885 1071 1928; x_wconf 87' lang='lat' dir='ltr'><strong>et</strong></span> <span class='ocrx_word' id='word_1_257' title='bbox 1119 1884 1261 1929; x_wconf 88' lang='lat' dir='ltr'><strong>terra</strong></span> <span class='ocrx_word' id='word_1_258' title='bbox 1311 1873 1691 1943; x_wconf 81' lang='lat' dir='ltr'><strong>Nephthalim,</strong></span> <span class='ocrx_word' id='word_1_259' title='bbox 1740 1875 1880 1928; x_wconf 79' lang='lat' dir='ltr'><strong>uiam</strong></span> <span class='ocrx_word' id='word_1_260' title='bbox 1933 1878 2097 1929; x_wconf 81' lang='lat' dir='ltr'><strong>maris</strong></span> 
     </span>
    </p>
   </div>
   <div class='ocr_carea' id='block_1_37' title="bbox 520 1965 2097 2036">
    <p class='ocr_par' dir='ltr' id='par_1_37' title="bbox 520 1965 2097 2036">
     <span class='ocr_line' id='line_1_37' title="bbox 520 1965 2097 2036; baseline -0.001 -14"><span class='ocrx_word' id='word_1_261' title='bbox 520 1980 668 2022; x_wconf 82' lang='lat' dir='ltr'><strong>trans</strong></span> <span class='ocrx_word' id='word_1_262' title='bbox 693 1967 1005 2029; x_wconf 71' lang='lat' dir='ltr'><strong>Iordanem,</strong></span> <span class='ocrx_word' id='word_1_263' title='bbox 1035 1966 1261 2022; x_wconf 63' lang='lat' dir='ltr'><strong>Galila’a</strong></span> <span class='ocrx_word' id='word_1_264' title='bbox 1289 1967 1540 2036; x_wconf 85' lang='lat' dir='ltr'><strong>gentium.</strong></span> <span class='ocrx_word' id='word_1_265' title='bbox 1570 1965 1806 2035; x_wconf 81' lang='lat' dir='ltr'><strong>Populus</strong></span> <span class='ocrx_word' id='word_1_266' title='bbox 1831 1966 2012 2020; x_wconf 82' lang='lat' dir='ltr'><strong>sedens</strong></span> <span class='ocrx_word' id='word_1_267' title='bbox 2042 1967 2097 2020; x_wconf 84' lang='lat' dir='ltr'><strong>in</strong></span> 
     </span>
    </p>
   </div>
   <div class='ocr_carea' id='block_1_38' title="bbox 518 2055 2097 2128">
    <p class='ocr_par' dir='ltr' id='par_1_38' title="bbox 518 2055 2097 2128">
     <span class='ocr_line' id='line_1_38' title="bbox 518 2055 2097 2128; baseline -0.002 -13"><span class='ocrx_word' id='word_1_268' title='bbox 518 2061 741 2115; x_wconf 80' lang='lat' dir='ltr'><strong>tenebris</strong></span> <span class='ocrx_word' id='word_1_269' title='bbox 780 2061 909 2114; x_wconf 80' lang='lat' dir='ltr'><strong>vidit</strong></span> <span class='ocrx_word' id='word_1_270' title='bbox 961 2058 1127 2112; x_wconf 83' lang='lat' dir='ltr'><strong>lucem</strong></span> <span class='ocrx_word' id='word_1_271' title='bbox 1174 2073 1439 2128; x_wconf 87' lang='lat' dir='ltr'><strong>magnam.</strong></span> <span class='ocrx_word' id='word_1_272' title='bbox 1488 2055 1869 2111; x_wconf 78' lang='lat' dir='ltr'><strong>Habitaturum</strong></span> <span class='ocrx_word' id='word_1_273' title='bbox 1916 2058 2097 2128; x_wconf 83' lang='lat' dir='ltr'><strong>itaque</strong></span> 
     </span>
    </p>
   </div>
   <div class='ocr_carea' id='block_1_39' title="bbox 516 2147 2094 2223">
    <p class='ocr_par' dir='ltr' id='par_1_39' title="bbox 516 2147 2094 2223">
     <span class='ocr_line' id='line_1_39' title="bbox 516 2147 2094 2223; baseline -0.004 -15"><span class='ocrx_word' id='word_1_274' title='bbox 516 2155 718 2223; x_wconf 83' lang='lat' dir='ltr'><strong>ipsum,</strong></span> <span class='ocrx_word' id='word_1_275' title='bbox 745 2151 983 2205; x_wconf 66' lang='lat' dir='ltr'><strong>Zaliulon</strong></span> <span class='ocrx_word' id='word_1_276' title='bbox 1016 2148 1481 2218; x_wconf 86' lang='lat' dir='ltr'><strong>nempe,vicinam</strong></span> <span class='ocrx_word' id='word_1_277' title='bbox 1510 2147 1649 2202; x_wconf 89' lang='lat' dir='ltr'><strong>mari</strong></span> <span class='ocrx_word' id='word_1_278' title='bbox 1674 2149 1948 2220; x_wconf 85' lang='lat' dir='ltr'><strong>regionem</strong></span> <span class='ocrx_word' id='word_1_279' title='bbox 1970 2164 2094 2203; x_wconf 90' lang='lat' dir='ltr'><strong>cum</strong></span> 
     </span>
    </p>
   </div>
   <div class='ocr_carea' id='block_1_40' title="bbox 518 2238 2098 2312">
    <p class='ocr_par' dir='ltr' id='par_1_40' title="bbox 518 2238 2098 2312">
     <span class='ocr_line' id='line_1_40' title="bbox 518 2238 2098 2312; baseline -0.003 -14"><span class='ocrx_word' id='word_1_280' title='bbox 518 2245 614 2306; x_wconf 89' lang='lat' dir='ltr'><strong>ait,</strong></span> <span class='ocrx_word' id='word_1_281' title='bbox 639 2242 923 2312; x_wconf 87' lang='lat' dir='ltr'><strong>perspicue</strong></span> <span class='ocrx_word' id='word_1_282' title='bbox 948 2241 999 2295; x_wconf 88' lang='lat' dir='ltr'><strong>id</strong></span> <span class='ocrx_word' id='word_1_283' title='bbox 1031 2240 1408 2305; x_wconf 81' lang='lat' dir='ltr'><strong>conﬁrmavit;</strong></span> <span class='ocrx_word' id='word_1_284' title='bbox 1435 2239 1659 2309; x_wconf 89' lang='lat' dir='ltr'><strong>perinde</strong></span> <span class='ocrx_word' id='word_1_285' title='bbox 1684 2254 1749 2295; x_wconf 87' lang='lat' dir='ltr'><strong>ac</strong></span> <span class='ocrx_word' id='word_1_286' title='bbox 1775 2238 1821 2295; x_wconf 81' lang='lat' dir='ltr'><strong>si</strong></span> <span class='ocrx_word' id='word_1_287' title='bbox 1846 2239 2098 2308; x_wconf 75' lang='lat' dir='ltr'><strong>dixisset,</strong></span> 
     </span>
    </p>
   </div>
   <div class='ocr_carea' id='block_1_41' title="bbox 517 2330 2099 2405">
    <p class='ocr_par' dir='ltr' id='par_1_41' title="bbox 517 2330 2099 2405">
     <span class='ocr_line' id='line_1_41' title="bbox 517 2330 2099 2405; baseline -0.003 -15"><span class='ocrx_word' id='word_1_288' title='bbox 517 2335 770 2405; x_wconf 82' lang='lat' dir='ltr'><strong>gentibus</strong></span> <span class='ocrx_word' id='word_1_289' title='bbox 804 2333 1059 2402; x_wconf 84' lang='lat' dir='ltr'><strong>deinceps</strong></span> <span class='ocrx_word' id='word_1_290' title='bbox 1087 2332 1409 2403; x_wconf 80' lang='lat' dir='ltr'><strong>permistum</strong></span> <span class='ocrx_word' id='word_1_291' title='bbox 1436 2330 1553 2385; x_wconf 80' lang='lat' dir='ltr'><strong>fore</strong></span> <span class='ocrx_word' id='word_1_292' title='bbox 1582 2330 1859 2393; x_wconf 84' lang='lat' dir='ltr'><strong>lsraelem,</strong></span> <span class='ocrx_word' id='word_1_293' title='bbox 1882 2331 2099 2387; x_wconf 85' lang='lat' dir='ltr'><strong>duobus</strong></span> 
     </span>
    </p>
   </div>
   <div class='ocr_carea' id='block_1_42' title="bbox 516 2421 2096 2495">
    <p class='ocr_par' dir='ltr' id='par_1_42' title="bbox 516 2421 2096 2495">
     <span class='ocr_line' id='line_1_42' title="bbox 516 2421 2096 2495; baseline -0.004 -12"><span class='ocrx_word' id='word_1_294' title='bbox 516 2441 712 2495; x_wconf 87' lang='lat' dir='ltr'><strong>nempe</strong></span> <span class='ocrx_word' id='word_1_295' title='bbox 754 2423 970 2495; x_wconf 86' lang='lat' dir='ltr'><strong>populis</strong></span> <span class='ocrx_word' id='word_1_296' title='bbox 1020 2424 1074 2477; x_wconf 92' lang='lat' dir='ltr'><strong>in</strong></span> <span class='ocrx_word' id='word_1_297' title='bbox 1130 2437 1300 2476; x_wconf 88' lang='lat' dir='ltr'><strong>unum</strong></span> <span class='ocrx_word' id='word_1_298' title='bbox 1345 2436 1561 2492; x_wconf 80' lang='lat' dir='ltr'><strong>gregem</strong></span> <span class='ocrx_word' id='word_1_299' title='bbox 1597 2421 1962 2493; x_wconf 74' lang='lat' dir='ltr'><strong>congregatis,</strong></span> <span class='ocrx_word' id='word_1_300' title='bbox 1993 2421 2096 2477; x_wconf 90' lang='lat' dir='ltr'><strong>sub</strong></span> 
     </span>
    </p>
   </div>
   <div class='ocr_carea' id='block_1_43' title="bbox 515 2511 2097 2583">
    <p class='ocr_par' dir='ltr' id='par_1_43' title="bbox 515 2511 2097 2583">
     <span class='ocr_line' id='line_1_43' title="bbox 515 2511 2097 2583; baseline -0.002 -11"><span class='ocrx_word' id='word_1_301' title='bbox 515 2534 684 2573; x_wconf 88' lang='lat' dir='ltr'><strong>manu</strong></span> <span class='ocrx_word' id='word_1_302' title='bbox 732 2516 896 2570; x_wconf 90' lang='lat' dir='ltr'><strong>unius</strong></span> <span class='ocrx_word' id='word_1_303' title='bbox 945 2524 1139 2569; x_wconf 78' lang='lat' dir='ltr'><strong>natura</strong></span> <span class='ocrx_word' id='word_1_304' title='bbox 1188 2513 1317 2568; x_wconf 90' lang='lat' dir='ltr'><strong>boni</strong></span> <span class='ocrx_word' id='word_1_305' title='bbox 1363 2512 1625 2583; x_wconf 90' lang='lat' dir='ltr'><strong>principis</strong></span> <span class='ocrx_word' id='word_1_306' title='bbox 1654 2520 1960 2583; x_wconf 76' lang='lat' dir='ltr'><strong>pastorum,</strong></span> <span class='ocrx_word' id='word_1_307' title='bbox 1992 2511 2097 2569; x_wconf 88' lang='lat' dir='ltr'><strong>hoc</strong></span> 
     </span>
    </p>
   </div>
   <div class='ocr_carea' id='block_1_44' title="bbox 515 2602 2098 2675">
    <p class='ocr_par' dir='ltr' id='par_1_44' title="bbox 515 2602 2098 2675">
     <span class='ocr_line' id='line_1_44' title="bbox 515 2602 2098 2675; baseline -0.003 -14"><span class='ocrx_word' id='word_1_308' title='bbox 515 2619 599 2664; x_wconf 77' lang='lat' dir='ltr'><strong>est</strong></span> <span class='ocrx_word' id='word_1_309' title='bbox 626 2607 852 2663; x_wconf 88' lang='lat' dir='ltr'><strong>Christi.</strong></span> <span class='ocrx_word' id='word_1_310' title='bbox 882 2606 961 2660; x_wconf 91' lang='lat' dir='ltr'><strong>Illi</strong></span> <span class='ocrx_word' id='word_1_311' title='bbox 995 2605 1324 2661; x_wconf 88' lang='lat' dir='ltr'><strong>benedicens</strong></span> <span class='ocrx_word' id='word_1_312' title='bbox 1352 2603 1566 2675; x_wconf 81' lang='lat' dir='ltr'><strong>Moyses</strong></span> <span class='ocrx_word' id='word_1_313' title='bbox 1588 2603 1725 2659; x_wconf 74' lang='lat' dir='ltr'><strong>dixit</strong></span> <span class='ocrx_word' id='word_1_314' title='bbox 1756 2623 1770 2659; x_wconf 90' lang='lat'><strong>:</strong></span> <span class='ocrx_word' id='word_1_315' title='bbox 1801 2602 2098 2658; x_wconf 70' lang='lat' dir='ltr'><strong>Lmtabitur</strong></span> 
     </span>
    </p>
   </div>
   <div class='ocr_carea' id='block_1_45' title="bbox 514 2689 2094 2770">
    <p class='ocr_par' dir='ltr' id='par_1_45' title="bbox 514 2689 2094 2770">
     <span class='ocr_line' id='line_1_45' title="bbox 514 2689 2094 2770; baseline -0.003 -13"><span class='ocrx_word' id='word_1_316' title='bbox 514 2689 758 2757; x_wconf 82' lang='lat' dir='ltr'><strong>Zabulon</strong></span> <span class='ocrx_word' id='word_1_317' title='bbox 774 2701 819 2770; x_wconf 85' lang='grc'><strong>⁶;</strong></span> <span class='ocrx_word' id='word_1_318' title='bbox 858 2708 913 2755; x_wconf 90' lang='lat' dir='ltr'><strong>et</strong></span> <span class='ocrx_word' id='word_1_319' title='bbox 954 2699 1056 2754; x_wconf 90' lang='lat' dir='ltr'><strong>sub</strong></span> <span class='ocrx_word' id='word_1_320' title='bbox 1088 2714 1252 2753; x_wconf 90' lang='lat' dir='ltr'><strong>manu</strong></span> <span class='ocrx_word' id='word_1_321' title='bbox 1286 2697 1453 2753; x_wconf 89' lang='lat' dir='ltr'><strong>unius</strong></span> <span class='ocrx_word' id='word_1_322' title='bbox 1502 2698 1558 2751; x_wconf 89' lang='lat' dir='ltr'><strong>in</strong></span> <span class='ocrx_word' id='word_1_323' title='bbox 1603 2696 1888 2753; x_wconf 85' lang='lat' dir='ltr'><strong>sortitione</strong></span> <span class='ocrx_word' id='word_1_324' title='bbox 1914 2706 2094 2763; x_wconf 63' lang='lat' dir='ltr'><strong>terrae,</strong></span> 
     </span>
    </p>
   </div>
   <div class='ocr_carea' id='block_1_46' title="bbox 513 2787 2093 2863">
    <p class='ocr_par' dir='ltr' id='par_1_46' title="bbox 513 2787 2093 2863">
     <span class='ocr_line' id='line_1_46' title="bbox 513 2787 2093 2863; baseline -0.003 -14"><span class='ocrx_word' id='word_1_325' title='bbox 513 2806 747 2863; x_wconf 81' lang='lat' dir='ltr'><strong>utraque</strong></span> <span class='ocrx_word' id='word_1_326' title='bbox 796 2799 998 2861; x_wconf 63' lang='grc' dir='ltr'>ιιι-(εδιο</span> <span class='ocrx_word' id='word_1_327' title='bbox 1045 2790 1123 2843; x_wconf 89' lang='lat' dir='ltr'><strong>illi</strong></span> <span class='ocrx_word' id='word_1_328' title='bbox 1174 2787 1291 2843; x_wconf 82' lang='lat' dir='ltr'><strong>fore</strong></span> <span class='ocrx_word' id='word_1_329' title='bbox 1338 2788 1482 2842; x_wconf 86' lang='lat' dir='ltr'><strong>bona</strong></span> <span class='ocrx_word' id='word_1_330' title='bbox 1535 2802 1602 2842; x_wconf 82' lang='lat' dir='ltr'><strong>ex</strong></span> <span class='ocrx_word' id='word_1_331' title='bbox 1652 2796 1795 2842; x_wconf 85' lang='lat' dir='ltr'><strong>terra</strong></span> <span class='ocrx_word' id='word_1_332' title='bbox 1824 2787 2093 2859; x_wconf 86' lang='lat' dir='ltr'><strong>marique,</strong></span> 
     </span>
    </p>
   </div>
   <div class='ocr_carea' id='block_1_47' title="bbox 514 2879 2098 2957">
    <p class='ocr_par' dir='ltr' id='par_1_47' title="bbox 514 2879 2098 2957">
     <span class='ocr_line' id='line_1_47' title="bbox 514 2879 2098 2957; baseline -0.003 -18"><span class='ocrx_word' id='word_1_333' title='bbox 514 2885 730 2957; x_wconf 80' lang='lat' dir='ltr'><strong>Moyses</strong></span> <span class='ocrx_word' id='word_1_334' title='bbox 782 2881 1134 2953; x_wconf 68' lang='lat' dir='ltr'><strong>praenuntiat.</strong></span> <span class='ocrx_word' id='word_1_335' title='bbox 1188 2879 1349 2933; x_wconf 77' lang='lat' dir='ltr'><strong>Secus</strong></span> <span class='ocrx_word' id='word_1_336' title='bbox 1399 2894 1669 2932; x_wconf 81' lang='lat' dir='ltr'><strong>accessum</strong></span> <span class='ocrx_word' id='word_1_337' title='bbox 1713 2880 1957 2944; x_wconf 85' lang='lat' dir='ltr'><strong>navium;</strong></span> <span class='ocrx_word' id='word_1_338' title='bbox 1996 2880 2098 2935; x_wconf 91' lang='lat' dir='ltr'><strong>hoc</strong></span> 
     </span>
    </p>
   </div>
   <div class='ocr_carea' id='block_1_48' title="bbox 511 2969 2098 3045">
    <p class='ocr_par' dir='ltr' id='par_1_48' title="bbox 511 2969 2098 3045">
     <span class='ocr_line' id='line_1_48' title="bbox 511 2969 2098 3045; baseline -0.004 -12"><span class='ocrx_word' id='word_1_339' title='bbox 511 2988 594 3033; x_wconf 82' lang='lat' dir='ltr'><strong>est</strong></span> <span class='ocrx_word' id='word_1_340' title='bbox 619 2977 754 3031; x_wconf 90' lang='lat' dir='ltr'><strong>utin</strong></span> <span class='ocrx_word' id='word_1_341' title='bbox 780 2985 964 3045; x_wconf 84' lang='lat' dir='ltr'><strong>portu,</strong></span> <span class='ocrx_word' id='word_1_342' title='bbox 996 2982 1114 3027; x_wconf 90' lang='lat' dir='ltr'><strong>tuto</strong></span> <span class='ocrx_word' id='word_1_343' title='bbox 1136 2972 1415 3033; x_wconf 83' lang='lat' dir='ltr'><strong>nimirum,</strong></span> <span class='ocrx_word' id='word_1_344' title='bbox 1447 2970 1517 3025; x_wconf 89' lang='lat' dir='ltr'><strong>ad</strong></span> <span class='ocrx_word' id='word_1_345' title='bbox 1551 2969 1828 3024; x_wconf 85' lang='lat' dir='ltr'><strong>Christum</strong></span> <span class='ocrx_word' id='word_1_346' title='bbox 1857 2969 2098 3027; x_wconf 80' lang='lat' dir='ltr'><strong>referens</strong></span> 
     </span>
    </p>
   </div>
   <div class='ocr_carea' id='block_1_49' title="bbox 516 3061 2097 3139">
    <p class='ocr_par' dir='ltr' id='par_1_49' title="bbox 516 3061 2097 3139">
     <span class='ocr_line' id='line_1_49' title="bbox 516 3061 2097 3139; baseline -0.005 -16"><span class='ocrx_word' id='word_1_347' title='bbox 516 3068 632 3139; x_wconf 86' lang='lat' dir='ltr'><strong>spei</strong></span> <span class='ocrx_word' id='word_1_348' title='bbox 662 3068 1026 3123; x_wconf 82' lang='lat' dir='ltr'><strong>ﬁrmamenta.</strong></span> <span class='ocrx_word' id='word_1_349' title='bbox 1057 3062 1133 3119; x_wconf 78' lang='lat' dir='ltr'><strong>Ex</strong></span> <span class='ocrx_word' id='word_1_350' title='bbox 1186 3064 1353 3117; x_wconf 87' lang='lat' dir='ltr'><strong>multa</strong></span> <span class='ocrx_word' id='word_1_351' title='bbox 1403 3063 1549 3115; x_wconf 78' lang='lat' dir='ltr'><strong>enim</strong></span> <span class='ocrx_word' id='word_1_352' title='bbox 1589 3061 2097 3121; x_wconf 73' lang='lat' dir='ltr'><strong>evadenslluctua—</strong></span> 
     </span>
    </p>
   </div>
   <div class='ocr_carea' id='block_1_50' title="bbox 2198 1867 3805 1944">
    <p class='ocr_par' dir='ltr' id='par_1_50' title="bbox 2198 1867 3805 1944">
     <span class='ocr_line' id='line_1_50' title="bbox 2198 1867 3805 1944; baseline 0.004 -24"><span class='ocrx_word' id='word_1_353' title='bbox 2198 1867 2364 1939; x_wconf 89' lang='grc' dir='ltr'>γελίῳ</span> <span class='ocrx_word' id='word_1_354' title='bbox 2417 1870 2550 1939; x_wconf 80' lang='grc' dir='ltr'>ἡμῖν</span> <span class='ocrx_word' id='word_1_355' title='bbox 2578 1885 2592 1899; x_wconf 89' lang='grc'><strong>·</strong></span> <span class='ocrx_word' id='word_1_356' title='bbox 2642 1867 2731 1937; x_wconf 80' lang='grc' dir='ltr'><strong>Γῆ</strong></span> <span class='ocrx_word' id='word_1_357' title='bbox 2774 1869 3098 1924; x_wconf 80' lang='grc' dir='ltr'>Ζαϐουλὼν</span> <span class='ocrx_word' id='word_1_358' title='bbox 3151 1870 3250 1924; x_wconf 77' lang='grc' dir='ltr'><strong>καὶ</strong></span> <span class='ocrx_word' id='word_1_359' title='bbox 3298 1870 3375 1942; x_wconf 77' lang='grc' dir='ltr'><strong>τῆ</strong></span> <span class='ocrx_word' id='word_1_360' title='bbox 3421 1873 3805 1944; x_wconf 63' lang='grc' dir='ltr'>Νεφθαλείμ,</span> 
     </span>
    </p>
   </div>
   <div class='ocr_carea' id='block_1_51' title="bbox 2198 1957 3913 2039">
    <p class='ocr_par' dir='ltr' id='par_1_51' title="bbox 2198 1957 3913 2039">
     <span class='ocr_line' id='line_1_51' title="bbox 2198 1957 3913 2039; baseline 0.006 -28"><span class='ocrx_word' id='word_1_361' title='bbox 2198 1957 2342 2011; x_wconf 76' lang='grc' dir='ltr'>ὁδὸν</span> <span class='ocrx_word' id='word_1_362' title='bbox 2394 1958 2713 2026; x_wconf 78' lang='grc' dir='ltr'>θαλάσσης</span> <span class='ocrx_word' id='word_1_363' title='bbox 2753 1959 2945 2029; x_wconf 74' lang='grc' dir='ltr'>πέραν</span> <span class='ocrx_word' id='word_1_364' title='bbox 2985 1961 3091 2015; x_wconf 84' lang='grc' dir='ltr'>τοῦ</span> <span class='ocrx_word' id='word_1_365' title='bbox 3124 1962 3440 2030; x_wconf 78' lang='grc' dir='ltr'><strong>Ἰορδάνου,</strong></span> <span class='ocrx_word' id='word_1_366' title='bbox 3483 1966 3802 2020; x_wconf 73' lang='grc' dir='ltr'>Γαλιλαία</span> <span class='ocrx_word' id='word_1_367' title='bbox 3904 2030 3913 2039; x_wconf 89' lang='lat'><em>_</em></span> 
     </span>
    </p>
   </div>
   <div class='ocr_carea' id='block_1_52' title="bbox 2194 2047 3801 2122">
    <p class='ocr_par' dir='ltr' id='par_1_52' title="bbox 2194 2047 3801 2122">
     <span class='ocr_line' id='line_1_52' title="bbox 2194 2047 3801 2122; baseline 0.007 -21"><span class='ocrx_word' id='word_1_368' title='bbox 2194 2047 2315 2102; x_wconf 83' lang='grc' dir='ltr'>τῶν</span> <span class='ocrx_word' id='word_1_369' title='bbox 2355 2048 2564 2103; x_wconf 86' lang='grc' dir='ltr'>ἐθνῶν.</span> <span class='ocrx_word' id='word_1_370' title='bbox 2583 2051 2644 2102; x_wconf 91' lang='lat'><strong>&#39;0</strong></span> <span class='ocrx_word' id='word_1_371' title='bbox 2671 2050 2821 2116; x_wconf 73' lang='grc' dir='ltr'><strong>λαός</strong></span> <span class='ocrx_word' id='word_1_372' title='bbox 2853 2054 2886 2104; x_wconf 84' lang='grc' dir='ltr'><em>ὁ</em></span> <span class='ocrx_word' id='word_1_373' title='bbox 2914 2051 3247 2122; x_wconf 78' lang='grc' dir='ltr'>καθήμενος</span> <span class='ocrx_word' id='word_1_374' title='bbox 3296 2054 3368 2107; x_wconf 87' lang='grc' dir='ltr'>ἐν</span> <span class='ocrx_word' id='word_1_375' title='bbox 3408 2057 3614 2110; x_wconf 85' lang='grc' dir='ltr'><strong>σκότει</strong></span> <span class='ocrx_word' id='word_1_376' title='bbox 3662 2057 3801 2112; x_wconf 74' lang='grc' dir='ltr'>εἶδε</span> 
     </span>
    </p>
   </div>
   <div class='ocr_carea' id='block_1_53' title="bbox 2196 2139 3803 2219">
    <p class='ocr_par' dir='ltr' id='par_1_53' title="bbox 2196 2139 3803 2219">
     <span class='ocr_line' id='line_1_53' title="bbox 2196 2139 3803 2219; baseline 0.007 -26"><span class='ocrx_word' id='word_1_377' title='bbox 2196 2139 2322 2209; x_wconf 64' lang='grc' dir='ltr'><strong>φῶς</strong></span> <span class='ocrx_word' id='word_1_378' title='bbox 2346 2141 2519 2211; x_wconf 74' lang='grc' dir='ltr'>μέγα.</span> <span class='ocrx_word' id='word_1_379' title='bbox 2556 2144 2918 2215; x_wconf 84' lang='grc' dir='ltr'>Κατοικήσειν</span> <span class='ocrx_word' id='word_1_380' title='bbox 2946 2161 3011 2213; x_wconf 90' lang='grc' dir='ltr'><strong>γε</strong></span> <span class='ocrx_word' id='word_1_381' title='bbox 3056 2145 3163 2216; x_wconf 85' lang='grc' dir='ltr'>μὴν</span> <span class='ocrx_word' id='word_1_382' title='bbox 3209 2146 3392 2213; x_wconf 78' lang='grc' dir='ltr'>αὐτὸν,</span> <span class='ocrx_word' id='word_1_383' title='bbox 3428 2149 3545 2219; x_wconf 67' lang='grc' dir='ltr'>ἤτοι</span> <span class='ocrx_word' id='word_1_384' title='bbox 3578 2149 3803 2204; x_wconf 76' lang='grc' dir='ltr'>Ζαϐου-</span> 
     </span>
    </p>
   </div>
   <div class='ocr_carea' id='block_1_54' title="bbox 2197 2229 3803 2309">
    <p class='ocr_par' dir='ltr' id='par_1_54' title="bbox 2197 2229 3803 2309">
     <span class='ocr_line' id='line_1_54' title="bbox 2197 2229 3803 2309; baseline 0.009 -27"><span class='ocrx_word' id='word_1_385' title='bbox 2197 2229 2324 2296; x_wconf 87' lang='grc' dir='ltr'>λὼν,</span> <span class='ocrx_word' id='word_1_386' title='bbox 2357 2231 2457 2303; x_wconf 79' lang='grc' dir='ltr'>τὴν</span> <span class='ocrx_word' id='word_1_387' title='bbox 2489 2236 2557 2304; x_wconf 82' lang='grc' dir='ltr'>τῇ</span> <span class='ocrx_word' id='word_1_388' title='bbox 2596 2233 2845 2308; x_wconf 75' lang='grc' dir='ltr'>θαλάσσῃ</span> <span class='ocrx_word' id='word_1_389' title='bbox 2892 2234 3108 2303; x_wconf 86' lang='grc' dir='ltr'>γείτονα</span> <span class='ocrx_word' id='word_1_390' title='bbox 3158 2236 3363 2309; x_wconf 85' lang='grc' dir='ltr'>χώραν,</span> <span class='ocrx_word' id='word_1_391' title='bbox 3412 2237 3803 2303; x_wconf 76' lang='grc' dir='ltr'>διεϐεϐαιοῦτο</span> 
     </span>
    </p>
   </div>
   <div class='ocr_carea' id='block_1_55' title="bbox 2197 2322 3802 2401">
    <p class='ocr_par' dir='ltr' id='par_1_55' title="bbox 2197 2322 3802 2401">
     <span class='ocr_line' id='line_1_55' title="bbox 2197 2322 3802 2401; baseline 0.009 -26"><span class='ocrx_word' id='word_1_392' title='bbox 2197 2324 2404 2392; x_wconf 79' lang='grc' dir='ltr'>σαφῶς,</span> <span class='ocrx_word' id='word_1_393' title='bbox 2440 2322 2719 2390; x_wconf 81' lang='grc' dir='ltr'>οἱονείπως</span> <span class='ocrx_word' id='word_1_394' title='bbox 2748 2326 2932 2380; x_wconf 72' lang='grc' dir='ltr'>ἐκεῖνα</span> <span class='ocrx_word' id='word_1_395' title='bbox 2967 2327 3161 2401; x_wconf 85' lang='grc' dir='ltr'>λέγων,</span> <span class='ocrx_word' id='word_1_396' title='bbox 3187 2330 3269 2383; x_wconf 82' lang='grc' dir='ltr'>ὅτι</span> <span class='ocrx_word' id='word_1_397' title='bbox 3303 2334 3414 2395; x_wconf 83' lang='grc' dir='ltr'>τοῖς</span> <span class='ocrx_word' id='word_1_398' title='bbox 3439 2331 3618 2386; x_wconf 80' lang='grc' dir='ltr'>ἔθνεσι</span> <span class='ocrx_word' id='word_1_399' title='bbox 3650 2335 3802 2390; x_wconf 82' lang='grc' dir='ltr'>ἀνα-</span> 
     </span>
    </p>
   </div>
   <div class='ocr_carea' id='block_1_56' title="bbox 2201 2413 3809 2498">
    <p class='ocr_par' dir='ltr' id='par_1_56' title="bbox 2201 2413 3809 2498">
     <span class='ocr_line' id='line_1_56' title="bbox 2201 2413 3809 2498; baseline 0.009 -31"><span class='ocrx_word' id='word_1_400' title='bbox 2201 2413 2295 2487; x_wconf 74' lang='grc' dir='ltr'>μἰξ</span> <span class='ocrx_word' id='word_1_401' title='bbox 2339 2414 2491 2470; x_wconf 75' lang='grc' dir='ltr'>ἔσται</span> <span class='ocrx_word' id='word_1_402' title='bbox 2541 2416 2727 2470; x_wconf 85' lang='grc' dir='ltr'>λοιπὸν</span> <span class='ocrx_word' id='word_1_403' title='bbox 2764 2419 2794 2471; x_wconf 86' lang='grc' dir='ltr'><strong>ό</strong></span> <span class='ocrx_word' id='word_1_404' title='bbox 2831 2419 3078 2491; x_wconf 71' lang='grc' dir='ltr'>Ἰσραήλο</span> <span class='ocrx_word' id='word_1_405' title='bbox 3116 2420 3214 2474; x_wconf 80' lang='grc' dir='ltr'>ἆτε</span> <span class='ocrx_word' id='word_1_406' title='bbox 3262 2421 3327 2493; x_wconf 84' lang='grc' dir='ltr'>δὴ</span> <span class='ocrx_word' id='word_1_407' title='bbox 3377 2424 3473 2477; x_wconf 83' lang='grc' dir='ltr'><strong>καὶ</strong></span> <span class='ocrx_word' id='word_1_408' title='bbox 3516 2426 3598 2489; x_wconf 87' lang='grc' dir='ltr'><strong>είς</strong></span> <span class='ocrx_word' id='word_1_409' title='bbox 3652 2426 3809 2498; x_wconf 79' lang='grc' dir='ltr'>μίαν</span> 
     </span>
    </p>
   </div>
   <div class='ocr_carea' id='block_1_57' title="bbox 2198 2507 3803 2595">
    <p class='ocr_par' dir='ltr' id='par_1_57' title="bbox 2198 2507 3803 2595">
     <span class='ocr_line' id='line_1_57' title="bbox 2198 2507 3803 2595; baseline 0.008 -35"><span class='ocrx_word' id='word_1_410' title='bbox 2198 2507 2434 2579; x_wconf 84' lang='grc' dir='ltr'>ποίμνην</span> <span class='ocrx_word' id='word_1_411' title='bbox 2483 2508 2840 2595; x_wconf 79' lang='grc' dir='ltr'>συνηγμένων</span> <span class='ocrx_word' id='word_1_412' title='bbox 2885 2510 2995 2563; x_wconf 87' lang='grc' dir='ltr'>τῶν</span> <span class='ocrx_word' id='word_1_413' title='bbox 3038 2510 3131 2565; x_wconf 81' lang='grc' dir='ltr'><strong>δύο</strong></span> <span class='ocrx_word' id='word_1_414' title='bbox 3161 2512 3324 2580; x_wconf 83' lang='grc' dir='ltr'>λαῶν,</span> <span class='ocrx_word' id='word_1_415' title='bbox 3372 2515 3601 2580; x_wconf 78' lang='grc' dir='ltr'>καὶ,ύπὸ</span> <span class='ocrx_word' id='word_1_416' title='bbox 3628 2520 3803 2590; x_wconf 77' lang='grc' dir='ltr'>χεῖρα</span> 
     </span>
    </p>
   </div>
   <div class='ocr_carea' id='block_1_58' title="bbox 2196 2600 3797 2683">
    <p class='ocr_par' dir='ltr' id='par_1_58' title="bbox 2196 2600 3797 2683">
     <span class='ocr_line' id='line_1_58' title="bbox 2196 2600 3797 2683; baseline 0.009 -32"><span class='ocrx_word' id='word_1_417' title='bbox 2196 2600 2295 2671; x_wconf 80' lang='grc' dir='ltr'>τὴν</span> <span class='ocrx_word' id='word_1_418' title='bbox 2328 2600 2446 2664; x_wconf 81' lang='grc' dir='ltr'>ἑνὸς</span> <span class='ocrx_word' id='word_1_419' title='bbox 2476 2600 2572 2654; x_wconf 81' lang='grc' dir='ltr'>τοῦ</span> <span class='ocrx_word' id='word_1_420' title='bbox 2607 2603 2748 2656; x_wconf 82' lang='grc' dir='ltr'>κατὰ</span> <span class='ocrx_word' id='word_1_421' title='bbox 2780 2602 2941 2672; x_wconf 79' lang='grc' dir='ltr'>φύσιν</span> <span class='ocrx_word' id='word_1_422' title='bbox 2973 2603 3181 2673; x_wconf 79' lang='grc' dir='ltr'>ἀγαθοῦ</span> <span class='ocrx_word' id='word_1_423' title='bbox 3213 2609 3495 2677; x_wconf 79' lang='grc' dir='ltr'>γεγονότος</span> <span class='ocrx_word' id='word_1_424' title='bbox 3528 2610 3797 2683; x_wconf 75' lang='grc' dir='ltr'>ἀρχιποι-</span> 
     </span>
    </p>
   </div>
   <div class='ocr_carea' id='block_1_59' title="bbox 2200 2691 3843 2776">
    <p class='ocr_par' dir='ltr' id='par_1_59' title="bbox 2200 2691 3843 2776">
     <span class='ocr_line' id='line_1_59' title="bbox 2200 2691 3843 2776; baseline 0.01 -33"><span class='ocrx_word' id='word_1_425' title='bbox 2200 2691 2380 2776; x_wconf 81' lang='grc' dir='ltr'>μένος,</span> <span class='ocrx_word' id='word_1_426' title='bbox 2408 2693 2650 2746; x_wconf 77' lang='grc' dir='ltr'>τουτέστι</span> <span class='ocrx_word' id='word_1_427' title='bbox 2693 2693 2951 2765; x_wconf 78' lang='grc' dir='ltr'>Χριστοῦ.</span> <span class='ocrx_word' id='word_1_428' title='bbox 2979 2695 3178 2750; x_wconf 81' lang='grc' dir='ltr'>Τοῦτον</span> <span class='ocrx_word' id='word_1_429' title='bbox 3204 2699 3441 2769; x_wconf 79' lang='grc' dir='ltr'>εὐλογῶν</span> <span class='ocrx_word' id='word_1_430' title='bbox 3480 2704 3509 2755; x_wconf 82' lang='lat'><em>6</em></span> <span class='ocrx_word' id='word_1_431' title='bbox 3540 2704 3800 2775; x_wconf 85' lang='grc' dir='ltr'>Μωῦσῆς</span> <span class='ocrx_word' id='word_1_432' title='bbox 3835 2757 3843 2765; x_wconf 80' lang='grc'><strong>,</strong></span> 
     </span>
    </p>
   </div>
   <div class='ocr_carea' id='block_1_60' title="bbox 2198 2778 3871 2867">
    <p class='ocr_par' dir='ltr' id='par_1_60' title="bbox 2198 2778 3871 2867">
     <span class='ocr_line' id='line_1_60' title="bbox 2198 2778 3871 2867; baseline 0.01 -32"><span class='ocrx_word' id='word_1_433' title='bbox 2198 2778 2383 2839; x_wconf 66' lang='grc' dir='ltr'>εἶπεν·</span> <span class='ocrx_word' id='word_1_434' title='bbox 2428 2785 2930 2855; x_wconf 66' lang='grc' dir='ltr'>Εὐφρανθήσεται</span> <span class='ocrx_word' id='word_1_435' title='bbox 2964 2789 3307 2867; x_wconf 68' lang='grc' dir='ltr'>Ζαϐουλὼν,</span> <span class='ocrx_word' id='word_1_436' title='bbox 3339 2793 3432 2846; x_wconf 78' lang='grc' dir='ltr'>καὶ</span> <span class='ocrx_word' id='word_1_437' title='bbox 3463 2793 3579 2847; x_wconf 59' lang='lat' dir='ltr'><strong>om</strong></span> <span class='ocrx_word' id='word_1_438' title='bbox 3624 2797 3800 2867; x_wconf 80' lang='grc' dir='ltr'>χεῖρα</span> <span class='ocrx_word' id='word_1_439' title='bbox 3867 2836 3871 2840; x_wconf 66' lang='grc' dir='ltr'><em>η</em></span> 
     </span>
    </p>
   </div>
   <div class='ocr_carea' id='block_1_61' title="bbox 2198 2873 3807 2958">
    <p class='ocr_par' dir='ltr' id='par_1_61' title="bbox 2198 2873 3807 2958">
     <span class='ocr_line' id='line_1_61' title="bbox 2198 2873 3807 2958; baseline 0.009 -30"><span class='ocrx_word' id='word_1_440' title='bbox 2198 2873 2296 2947; x_wconf 81' lang='grc' dir='ltr'><strong>τὴν</strong></span> <span class='ocrx_word' id='word_1_441' title='bbox 2331 2874 2448 2939; x_wconf 68' lang='grc' dir='ltr'>ἑνὸς</span> <span class='ocrx_word' id='word_1_442' title='bbox 2482 2878 2542 2930; x_wconf 83' lang='grc' dir='ltr'>ὲν</span> <span class='ocrx_word' id='word_1_443' title='bbox 2580 2881 2644 2949; x_wconf 83' lang='grc' dir='ltr'>τῇ</span> <span class='ocrx_word' id='word_1_444' title='bbox 2680 2879 2830 2951; x_wconf 81' lang='grc' dir='ltr'>λήξει</span> <span class='ocrx_word' id='word_1_445' title='bbox 2863 2881 2963 2952; x_wconf 76' lang='grc' dir='ltr'>τῆς</span> <span class='ocrx_word' id='word_1_446' title='bbox 2995 2882 3099 2953; x_wconf 80' lang='grc' dir='ltr'><strong>γῆς</strong></span> <span class='ocrx_word' id='word_1_447' title='bbox 3138 2883 3234 2954; x_wconf 82' lang='grc' dir='ltr'>τὴν</span> <span class='ocrx_word' id='word_1_448' title='bbox 3266 2884 3605 2957; x_wconf 76' lang='grc' dir='ltr'>ἑκατέρωθεν</span> <span class='ocrx_word' id='word_1_449' title='bbox 3637 2887 3807 2958; x_wconf 74' lang='grc' dir='ltr'>ἔχειν</span> 
     </span>
    </p>
   </div>
   <div class='ocr_carea' id='block_1_62' title="bbox 2198 2968 3799 3046">
    <p class='ocr_par' dir='ltr' id='par_1_62' title="bbox 2198 2968 3799 3046">
     <span class='ocr_line' id='line_1_62' title="bbox 2198 2968 3799 3046; baseline 0.006 -25"><span class='ocrx_word' id='word_1_450' title='bbox 2198 2968 2482 3040; x_wconf 86' lang='grc' dir='ltr'>χορηγίαν,</span> <span class='ocrx_word' id='word_1_451' title='bbox 2515 2968 2683 3023; x_wconf 78' lang='grc' dir='ltr'>τῶνδε</span> <span class='ocrx_word' id='word_1_452' title='bbox 2712 2974 2779 3026; x_wconf 83' lang='grc' dir='ltr'>ἐκ</span> <span class='ocrx_word' id='word_1_453' title='bbox 2804 2974 2907 3044; x_wconf 81' lang='grc' dir='ltr'>γῆς</span> <span class='ocrx_word' id='word_1_454' title='bbox 2937 2973 3032 3028; x_wconf 77' lang='grc' dir='ltr'>καὶ</span> <span class='ocrx_word' id='word_1_455' title='bbox 3060 2973 3333 3046; x_wconf 84' lang='grc' dir='ltr'>θαλάσσης</span> <span class='ocrx_word' id='word_1_456' title='bbox 3362 2975 3542 3029; x_wconf 85' lang='grc' dir='ltr'>καλῶν</span> <span class='ocrx_word' id='word_1_457' title='bbox 3561 2976 3591 3028; x_wconf 83' lang='grc' dir='ltr'>ὁ</span> <span class='ocrx_word' id='word_1_458' title='bbox 3616 2978 3799 3031; x_wconf 61' lang='lat' dir='ltr'><strong>Moab-</strong></span> 
     </span>
    </p>
   </div>
   <div class='ocr_carea' id='block_1_63' title="bbox 2199 3061 3933 3153">
    <p class='ocr_par' dir='ltr' id='par_1_63' title="bbox 2199 3061 3933 3153">
     <span class='ocr_line' id='line_1_63' title="bbox 2199 3061 3933 3153; baseline -0.005 -26"><span class='ocrx_word' id='word_1_459' title='bbox 2199 3061 2299 3132; x_wconf 84' lang='grc' dir='ltr'>σῆς</span> <span class='ocrx_word' id='word_1_460' title='bbox 2334 3062 2687 3134; x_wconf 72' lang='grc' dir='ltr'>προφητεύει.</span> <span class='ocrx_word' id='word_1_461' title='bbox 2723 3065 2867 3133; x_wconf 82' lang='grc' dir='ltr'>Παρ’</span> <span class='ocrx_word' id='word_1_462' title='bbox 2896 3065 3082 3135; x_wconf 77' lang='grc' dir='ltr'>ὅρμον</span> <span class='ocrx_word' id='word_1_463' title='bbox 3106 3067 3353 3131; x_wconf 70' lang='grc' dir='ltr'>πλοίων,</span> <span class='ocrx_word' id='word_1_464' title='bbox 3379 3067 3677 3131; x_wconf 81' lang='grc' dir='ltr'>τουτέστιν,</span> <span class='ocrx_word' id='word_1_465' title='bbox 3708 3070 3800 3135; x_wconf 83' lang='grc' dir='ltr'>ὡς</span> <span class='ocrx_word' id='word_1_466' title='bbox 3862 3101 3871 3107; x_wconf 86' lang='lat'><strong>-</strong></span> <span class='ocrx_word' id='word_1_467' title='bbox 3916 3144 3933 3153; x_wconf 22' lang='grc' dir='ltr'><strong>ἱ</strong></span> 
     </span>
    </p>
   </div>
   <div class='ocr_carea' id='block_1_64' title="bbox 511 3152 2094 3235">
    <p class='ocr_par' dir='ltr' id='par_1_64' title="bbox 511 3152 2091 3229">
     <span class='ocr_line' id='line_1_64' title="bbox 511 3152 2091 3229; baseline -0.006 -14"><span class='ocrx_word' id='word_1_468' title='bbox 511 3162 678 3225; x_wconf 83' lang='lat' dir='ltr'><strong>tione,</strong></span> <span class='ocrx_word' id='word_1_469' title='bbox 709 3174 804 3229; x_wconf 88' lang='lat' dir='ltr'><strong>per</strong></span> <span class='ocrx_word' id='word_1_470' title='bbox 836 3158 982 3212; x_wconf 90' lang='lat' dir='ltr'><strong>illius</strong></span> <span class='ocrx_word' id='word_1_471' title='bbox 1020 3155 1248 3225; x_wconf 80' lang='lat' dir='ltr'><strong>gratiam</strong></span> <span class='ocrx_word' id='word_1_472' title='bbox 1289 3154 1522 3223; x_wconf 88' lang='lat' dir='ltr'><strong>appellet</strong></span> <span class='ocrx_word' id='word_1_473' title='bbox 1547 3152 1802 3222; x_wconf 88' lang='lat' dir='ltr'><strong>deinceps</strong></span> <span class='ocrx_word' id='word_1_474' title='bbox 1835 3163 2091 3221; x_wconf 83' lang='lat' dir='ltr'><strong>tanquam</strong></span> 
     </span>
    </p>
   </div>
   <div class='ocr_carea' id='block_1_65' title="bbox 2200 3152 3803 3235">
    <p class='ocr_par' dir='ltr' id='par_1_65' title="bbox 2201 3154 3803 3235">
     <span class='ocr_line' id='line_1_65' title="bbox 2201 3154 3803 3235; baseline 0.006 -28"><span class='ocrx_word' id='word_1_475' title='bbox 2201 3156 2257 3207; x_wconf 83' lang='grc' dir='ltr'>ὲν</span> <span class='ocrx_word' id='word_1_476' title='bbox 2285 3154 2466 3225; x_wconf 84' lang='grc' dir='ltr'>λιμένι</span> <span class='ocrx_word' id='word_1_477' title='bbox 2508 3155 2671 3226; x_wconf 83' lang='grc' dir='ltr'>τυχὸν</span> <span class='ocrx_word' id='word_1_478' title='bbox 2702 3157 2953 3226; x_wconf 77' lang='grc' dir='ltr'>ἀσφαλεῖ,</span> <span class='ocrx_word' id='word_1_479' title='bbox 2995 3159 3089 3212; x_wconf 78' lang='grc' dir='ltr'><strong>καὶ</strong></span> <span class='ocrx_word' id='word_1_480' title='bbox 3122 3161 3201 3235; x_wconf 83' lang='grc' dir='ltr'><strong>είς</strong></span> <span class='ocrx_word' id='word_1_481' title='bbox 3242 3160 3481 3232; x_wconf 80' lang='grc' dir='ltr'>Χριστὸν</span> <span class='ocrx_word' id='word_1_482' title='bbox 3527 3162 3803 3217; x_wconf 81' lang='grc' dir='ltr'>ἀνάπτων</span> 
     </span>
    </p>
   </div>
   <div class='ocr_carea' id='block_1_66' title="bbox 428 3242 2094 3329">
    <p class='ocr_par' dir='ltr' id='par_1_66' title="bbox 428 3247 2093 3329">
     <span class='ocr_line' id='line_1_66' title="bbox 428 3247 2093 3329; baseline -0.007 -18"><span class='ocrx_word' id='word_1_483' title='bbox 428 3324 433 3329; x_wconf 20' lang='grc' dir='ltr'><em>θ</em></span> <span class='ocrx_word' id='word_1_484' title='bbox 512 3256 567 3310; x_wconf 89' lang='lat' dir='ltr'><strong>in</strong></span> <span class='ocrx_word' id='word_1_485' title='bbox 598 3264 756 3323; x_wconf 88' lang='lat' dir='ltr'><strong>portu</strong></span> <span class='ocrx_word' id='word_1_486' title='bbox 793 3268 980 3307; x_wconf 81' lang='lat' dir='ltr'><strong>naves.</strong></span> <span class='ocrx_word' id='word_1_487' title='bbox 1013 3249 1188 3304; x_wconf 78' lang='lat' dir='ltr'><strong>Etiam</strong></span> <span class='ocrx_word' id='word_1_488' title='bbox 1211 3249 1506 3318; x_wconf 76' lang='lat' dir='ltr'><strong>pertingere</strong></span> <span class='ocrx_word' id='word_1_489' title='bbox 1537 3247 1615 3301; x_wconf 85' lang='lat' dir='ltr'><strong>ait</strong></span> <span class='ocrx_word' id='word_1_490' title='bbox 1642 3247 1708 3300; x_wconf 87' lang='lat' dir='ltr'><strong>ad</strong></span> <span class='ocrx_word' id='word_1_491' title='bbox 1733 3247 1906 3317; x_wconf 87' lang='lat' dir='ltr'><strong>ipsam</strong></span> <span class='ocrx_word' id='word_1_492' title='bbox 1931 3262 2093 3316; x_wconf 82' lang='lat' dir='ltr'><strong>usque</strong></span> 
     </span>
    </p>
   </div>
   <div class='ocr_carea' id='block_1_67' title="bbox 2200 3242 3799 3329">
    <p class='ocr_par' dir='ltr' id='par_1_67' title="bbox 2200 3242 3799 3326">
     <span class='ocr_line' id='line_1_67' title="bbox 2200 3242 3799 3326; baseline 0.007 -31"><span class='ocrx_word' id='word_1_493' title='bbox 2200 3242 2297 3313; x_wconf 82' lang='grc' dir='ltr'>τῆς</span> <span class='ocrx_word' id='word_1_494' title='bbox 2342 3243 2557 3309; x_wconf 77' lang='grc' dir='ltr'>ἐλπίδος</span> <span class='ocrx_word' id='word_1_495' title='bbox 2588 3243 2654 3297; x_wconf 89' lang='grc' dir='ltr'><strong>τά</strong></span> <span class='ocrx_word' id='word_1_496' title='bbox 2685 3243 2980 3317; x_wconf 79' lang='grc' dir='ltr'>πείσματα.</span> <span class='ocrx_word' id='word_1_497' title='bbox 3000 3249 3093 3302; x_wconf 85' lang='grc' dir='ltr'>Ἐκ</span> <span class='ocrx_word' id='word_1_498' title='bbox 3123 3248 3324 3320; x_wconf 79' lang='grc' dir='ltr'>πολλῆς</span> <span class='ocrx_word' id='word_1_499' title='bbox 3350 3248 3460 3322; x_wconf 82' lang='grc' dir='ltr'>γὰρ</span> <span class='ocrx_word' id='word_1_500' title='bbox 3486 3246 3799 3326; x_wconf 65' lang='grc' dir='ltr'>ἀποφοιτήέι</span> 
     </span>
    </p>
   </div>
   <div class='ocr_carea' id='block_1_68' title="bbox 510 3336 2094 3418">
    <p class='ocr_par' dir='ltr' id='par_1_68' title="bbox 510 3336 2094 3417">
     <span class='ocr_line' id='line_1_68' title="bbox 510 3336 2094 3417; baseline -0.009 -14"><span class='ocrx_word' id='word_1_501' title='bbox 510 3347 761 3404; x_wconf 82' lang='lat' dir='ltr'><strong>Sidonem</strong></span> <span class='ocrx_word' id='word_1_502' title='bbox 804 3361 823 3399; x_wconf 92' lang='lat'><strong><em>:</em></strong></span> <span class='ocrx_word' id='word_1_503' title='bbox 864 3342 1197 3417; x_wconf 84' lang='lat' dir='ltr'><strong>signiﬁcans,</strong></span> <span class='ocrx_word' id='word_1_504' title='bbox 1241 3348 1299 3393; x_wconf 91' lang='lat' dir='ltr'><strong>ut</strong></span> <span class='ocrx_word' id='word_1_505' title='bbox 1340 3339 1579 3405; x_wconf 82' lang='lat' dir='ltr'><strong>videtur,</strong></span> <span class='ocrx_word' id='word_1_506' title='bbox 1620 3337 1767 3407; x_wconf 87' lang='lat' dir='ltr'><strong>quod</strong></span> <span class='ocrx_word' id='word_1_507' title='bbox 1810 3345 1955 3401; x_wconf 85' lang='lat' dir='ltr'><strong>tanta</strong></span> <span class='ocrx_word' id='word_1_508' title='bbox 2006 3336 2094 3390; x_wconf 86' lang='lat' dir='ltr'><strong>liet</strong></span> 
     </span>
    </p>
   </div>
   <div class='ocr_carea' id='block_1_69' title="bbox 2200 3336 3863 3418">
    <p class='ocr_par' dir='ltr' id='par_1_69' title="bbox 2200 3336 3863 3418">
     <span class='ocr_line' id='line_1_69' title="bbox 2200 3336 3863 3418; baseline 0.008 -31"><span class='ocrx_word' id='word_1_509' title='bbox 2200 3351 2297 3398; x_wconf 84' lang='grc' dir='ltr'><strong>σας</strong></span> <span class='ocrx_word' id='word_1_510' title='bbox 2327 3336 2494 3406; x_wconf 80' lang='grc' dir='ltr'>ζάλης</span> <span class='ocrx_word' id='word_1_511' title='bbox 2520 3338 2910 3410; x_wconf 81' lang='grc' dir='ltr'>ὁρμισθήσεται</span> <span class='ocrx_word' id='word_1_512' title='bbox 2937 3339 3117 3395; x_wconf 76' lang='grc' dir='ltr'>λοιπὸν</span> <span class='ocrx_word' id='word_1_513' title='bbox 3145 3344 3211 3413; x_wconf 83' lang='grc' dir='ltr'>τῇ</span> <span class='ocrx_word' id='word_1_514' title='bbox 3244 3344 3376 3413; x_wconf 78' lang='grc' dir='ltr'>παρ’</span> <span class='ocrx_word' id='word_1_515' title='bbox 3401 3343 3552 3415; x_wconf 84' lang='grc' dir='ltr'>αὐτῷ</span> <span class='ocrx_word' id='word_1_516' title='bbox 3578 3344 3802 3418; x_wconf 68' lang='grc' dir='ltr'>χάριτι,</span> <span class='ocrx_word' id='word_1_517' title='bbox 3852 3392 3863 3409; x_wconf 84' lang='grc'><strong>,</strong></span> 
     </span>
    </p>
   </div>
   <div class='ocr_carea' id='block_1_70' title="bbox 509 3427 2094 3507">
    <p class='ocr_par' dir='ltr' id='par_1_70' title="bbox 509 3428 2091 3506">
     <span class='ocr_line' id='line_1_70' title="bbox 509 3428 2091 3506; baseline -0.007 -13"><span class='ocrx_word' id='word_1_518' title='bbox 509 3440 746 3494; x_wconf 87' lang='lat' dir='ltr'><strong>duorum</strong></span> <span class='ocrx_word' id='word_1_519' title='bbox 775 3438 992 3493; x_wconf 89' lang='lat' dir='ltr'><strong>illorum</strong></span> <span class='ocrx_word' id='word_1_520' title='bbox 1024 3434 1349 3506; x_wconf 87' lang='lat' dir='ltr'><strong>populorum</strong></span> <span class='ocrx_word' id='word_1_521' title='bbox 1384 3431 1516 3487; x_wconf 89' lang='lat' dir='ltr'><strong>unio</strong></span> <span class='ocrx_word' id='word_1_522' title='bbox 1541 3446 1637 3501; x_wconf 88' lang='lat' dir='ltr'><strong>per</strong></span> <span class='ocrx_word' id='word_1_523' title='bbox 1661 3445 1888 3487; x_wconf 82' lang='lat' dir='ltr'><strong>cursum</strong></span> <span class='ocrx_word' id='word_1_524' title='bbox 1920 3428 2091 3498; x_wconf 88' lang='lat' dir='ltr'><strong>Spiri-</strong></span> 
     </span>
    </p>
   </div>
   <div class='ocr_carea' id='block_1_71' title="bbox 2200 3427 3837 3507">
    <p class='ocr_par' dir='ltr' id='par_1_71' title="bbox 2200 3427 3837 3507">
     <span class='ocr_line' id='line_1_71' title="bbox 2200 3427 3837 3507; baseline 0.008 -28"><span class='ocrx_word' id='word_1_525' title='bbox 2200 3427 2453 3507; x_wconf 76' lang='grc' dir='ltr'>καθάπερ</span> <span class='ocrx_word' id='word_1_526' title='bbox 2482 3428 2675 3500; x_wconf 86' lang='grc' dir='ltr'>ἀμέλει</span> <span class='ocrx_word' id='word_1_527' title='bbox 2707 3430 2801 3483; x_wconf 76' lang='grc' dir='ltr'>καὶ</span> <span class='ocrx_word' id='word_1_528' title='bbox 2845 3432 2904 3484; x_wconf 80' lang='grc' dir='ltr'>ὲν</span> <span class='ocrx_word' id='word_1_529' title='bbox 2942 3431 3157 3504; x_wconf 82' lang='grc' dir='ltr'>λιμέσιν</span> <span class='ocrx_word' id='word_1_530' title='bbox 3195 3434 3441 3500; x_wconf 79' lang='grc' dir='ltr'>ὁλκάδες.</span> <span class='ocrx_word' id='word_1_531' title='bbox 3472 3437 3584 3490; x_wconf 80' lang='grc' dir='ltr'><strong>Καὶ</strong></span> <span class='ocrx_word' id='word_1_532' title='bbox 3604 3436 3793 3507; x_wconf 80' lang='grc' dir='ltr'>μέχρι</span> <span class='ocrx_word' id='word_1_533' title='bbox 3816 3444 3837 3463; x_wconf 68' lang='lat'><strong><em>&quot;</em></strong></span> 
     </span>
    </p>
   </div>
   <div class='ocr_carea' id='block_1_72' title="bbox 513 3517 2094 3613">
    <p class='ocr_par' dir='ltr' id='par_1_72' title="bbox 513 3519 2094 3613">
     <span class='ocr_line' id='line_1_72' title="bbox 513 3519 2094 3613; baseline -0.009 -26"><span class='ocrx_word' id='word_1_534' title='bbox 513 3543 632 3597; x_wconf 88' lang='lat' dir='ltr'><strong>tus,</strong></span> <span class='ocrx_word' id='word_1_535' title='bbox 695 3539 755 3585; x_wconf 91' lang='lat' dir='ltr'><strong>ut</strong></span> <span class='ocrx_word' id='word_1_536' title='bbox 807 3544 873 3584; x_wconf 85' lang='lat' dir='ltr'><strong>ex</strong></span> <span class='ocrx_word' id='word_1_537' title='bbox 921 3527 1186 3596; x_wconf 85' lang='lat' dir='ltr'><strong>sanguine</strong></span> <span class='ocrx_word' id='word_1_538' title='bbox 1233 3523 1445 3579; x_wconf 78' lang='lat' dir='ltr'><strong>lsraelis</strong></span> <span class='ocrx_word' id='word_1_539' title='bbox 1503 3521 1772 3592; x_wconf 84' lang='lat' dir='ltr'><strong>procreati</strong></span> <span class='ocrx_word' id='word_1_540' title='bbox 1818 3521 1982 3613; x_wconf 71' lang='lat' dir='ltr'><strong>etiam</strong></span> <span class='ocrx_word' id='word_1_541' title='bbox 2026 3519 2094 3574; x_wconf 86' lang='lat' dir='ltr'><strong>ad</strong></span> 
     </span>
    </p>
   </div>
   <div class='ocr_carea' id='block_1_73' title="bbox 2200 3517 3845 3613">
    <p class='ocr_par' dir='ltr' id='par_1_73' title="bbox 2200 3517 3845 3613">
     <span class='ocr_line' id='line_1_73' title="bbox 2200 3517 3845 3613; baseline 0.016 -50"><span class='ocrx_word' id='word_1_542' title='bbox 2280 3521 2448 3613; x_wconf 52' lang='lat' dir='ltr'><strong>anei];</strong></span> <span class='ocrx_word' id='word_1_543' title='bbox 2473 3523 2932 3589; x_wconf 80' lang='grc' dir='ltr'>παρατείνεσθαι</span> <span class='ocrx_word' id='word_1_544' title='bbox 2961 3525 3062 3595; x_wconf 82' lang='grc' dir='ltr'>τῆς</span> <span class='ocrx_word' id='word_1_545' title='bbox 3085 3525 3344 3594; x_wconf 83' lang='grc' dir='ltr'>Σιδῶνος</span> <span class='ocrx_word' id='word_1_546' title='bbox 3367 3522 3551 3582; x_wconf 74' lang='grc' dir='ltr'>εἶπεν·</span> <span class='ocrx_word' id='word_1_547' title='bbox 3581 3530 3793 3607; x_wconf 78' lang='grc' dir='ltr'>ὑποδη-</span> <span class='ocrx_word' id='word_1_548' title='bbox 3841 3558 3845 3562; x_wconf 57' lang='grc' dir='ltr'><strong>λ</strong></span> 
     </span>
    </p>
   </div>
   <div class='ocr_carea' id='block_1_74' title="bbox 512 3606 2094 3693">
    <p class='ocr_par' dir='ltr' id='par_1_74' title="bbox 512 3606 2094 3691">
     <span class='ocr_line' id='line_1_74' title="bbox 512 3606 2094 3691; baseline -0.007 -15"><span class='ocrx_word' id='word_1_549' title='bbox 512 3623 659 3691; x_wconf 87' lang='lat' dir='ltr'><strong>ipsas</strong></span> <span class='ocrx_word' id='word_1_550' title='bbox 709 3619 960 3675; x_wconf 84' lang='lat' dir='ltr'><strong>civitates</strong></span> <span class='ocrx_word' id='word_1_551' title='bbox 1005 3617 1244 3687; x_wconf 86' lang='lat' dir='ltr'><strong>gentium</strong></span> <span class='ocrx_word' id='word_1_552' title='bbox 1303 3614 1671 3676; x_wconf 76' lang='lat' dir='ltr'><strong>cxscendant,</strong></span> <span class='ocrx_word' id='word_1_553' title='bbox 1724 3628 1847 3683; x_wconf 66' lang='lat' dir='ltr'><strong>quae</strong></span> <span class='ocrx_word' id='word_1_554' title='bbox 1898 3606 2094 3682; x_wconf 78' lang='lat' dir='ltr'><strong>magna</strong></span> 
     </span>
    </p>
   </div>
   <div class='ocr_carea' id='block_1_75' title="bbox 2200 3606 3906 3693">
    <p class='ocr_par' dir='ltr' id='par_1_75' title="bbox 2200 3606 3906 3693">
     <span class='ocr_line' id='line_1_75' title="bbox 2200 3606 3906 3693; baseline 0.009 -31"><span class='ocrx_word' id='word_1_555' title='bbox 2200 3609 2325 3675; x_wconf 79' lang='grc' dir='ltr'>λῶν,</span> <span class='ocrx_word' id='word_1_556' title='bbox 2355 3611 2431 3676; x_wconf 79' lang='grc' dir='ltr'>ὡς</span> <span class='ocrx_word' id='word_1_557' title='bbox 2463 3612 2659 3680; x_wconf 74' lang='grc' dir='ltr'>ἔοικεν,</span> <span class='ocrx_word' id='word_1_558' title='bbox 2684 3615 2766 3668; x_wconf 86' lang='grc' dir='ltr'>ὅτι</span> <span class='ocrx_word' id='word_1_559' title='bbox 2798 3616 3037 3689; x_wconf 87' lang='grc' dir='ltr'>τοσαύτη</span> <span class='ocrx_word' id='word_1_560' title='bbox 3064 3618 3401 3689; x_wconf 83' lang='grc' dir='ltr'>προσένωσις</span> <span class='ocrx_word' id='word_1_561' title='bbox 3432 3623 3499 3692; x_wconf 79' lang='grc' dir='ltr'>τῇ</span> <span class='ocrx_word' id='word_1_562' title='bbox 3538 3606 3803 3693; x_wconf 70' lang='grc' dir='ltr'>Πνευμαρ</span> <span class='ocrx_word' id='word_1_563' title='bbox 3898 3626 3906 3669; x_wconf 67' lang='grc' dir='ltr'>ὲ</span> 
     </span>
    </p>
   </div>
   <div class='ocr_carea' id='block_1_76' title="bbox 510 3702 2094 3783">
    <p class='ocr_par' dir='ltr' id='par_1_76' title="bbox 510 3702 2057 3783">
     <span class='ocr_line' id='line_1_76' title="bbox 510 3702 2057 3783; baseline -0.008 -15"><span class='ocrx_word' id='word_1_564' title='bbox 510 3714 669 3783; x_wconf 87' lang='lat' dir='ltr'><strong>culpa</strong></span> <span class='ocrx_word' id='word_1_565' title='bbox 693 3719 749 3766; x_wconf 89' lang='lat' dir='ltr'><strong>et</strong></span> <span class='ocrx_word' id='word_1_566' title='bbox 774 3709 1157 3764; x_wconf 84' lang='lat' dir='ltr'><strong>criminatione</strong></span> <span class='ocrx_word' id='word_1_567' title='bbox 1188 3715 1423 3778; x_wconf 76' lang='lat' dir='ltr'><strong>gravatae</strong></span> <span class='ocrx_word' id='word_1_568' title='bbox 1447 3704 1662 3759; x_wconf 83' lang='lat' dir='ltr'><strong>fuerant</strong></span> <span class='ocrx_word' id='word_1_569' title='bbox 1689 3703 1833 3773; x_wconf 86' lang='lat' dir='ltr'><strong>apud</strong></span> <span class='ocrx_word' id='word_1_570' title='bbox 1863 3702 2057 3758; x_wconf 89' lang='lat' dir='ltr'><strong>Deum.</strong></span> 
     </span>
    </p>
   </div>
   <div class='ocr_carea' id='block_1_77' title="bbox 2200 3702 3791 3783">
    <p class='ocr_par' dir='ltr' id='par_1_77' title="bbox 2200 3702 3791 3779">
     <span class='ocr_line' id='line_1_77' title="bbox 2200 3702 3791 3779; baseline 0.008 -25"><span class='ocrx_word' id='word_1_571' title='bbox 2200 3706 2324 3774; x_wconf 71' lang='grc' dir='ltr'>’τικῇ</span> <span class='ocrx_word' id='word_1_572' title='bbox 2355 3702 2528 3776; x_wconf 77' lang='grc' dir='ltr'>δρομῇ</span> <span class='ocrx_word' id='word_1_573' title='bbox 2562 3704 2683 3759; x_wconf 82' lang='grc' dir='ltr'>τῶν·</span> <span class='ocrx_word' id='word_1_574' title='bbox 2703 3705 2795 3759; x_wconf 87' lang='grc' dir='ltr'><strong>δύο</strong></span> <span class='ocrx_word' id='word_1_575' title='bbox 2826 3709 3116 3779; x_wconf 85' lang='grc' dir='ltr'>γενήσεται</span> <span class='ocrx_word' id='word_1_576' title='bbox 3135 3708 3300 3774; x_wconf 84' lang='grc' dir='ltr'>λαῶν,</span> <span class='ocrx_word' id='word_1_577' title='bbox 3333 3711 3410 3774; x_wconf 84' lang='grc' dir='ltr'>ὡς</span> <span class='ocrx_word' id='word_1_578' title='bbox 3443 3712 3567 3776; x_wconf 79' lang='grc' dir='ltr'>τοὺς</span> <span class='ocrx_word' id='word_1_579' title='bbox 3599 3712 3659 3779; x_wconf 80' lang='grc' dir='ltr'>ἐξ</span> <span class='ocrx_word' id='word_1_580' title='bbox 3689 3714 3791 3767; x_wconf 83' lang='grc' dir='ltr'><strong>αἴ-</strong></span> 
     </span>
    </p>
   </div>
   <div class='ocr_carea' id='block_1_78' title="bbox 512 3786 3793 3883">
    <p class='ocr_par' dir='ltr' id='par_1_78' title="bbox 512 3786 3793 3883">
     <span class='ocr_line' id='line_1_78' title="bbox 512 3786 3793 3883; baseline 0.002 -28"><span class='ocrx_word' id='word_1_581' title='bbox 512 3826 683 3883; x_wconf 79' lang='grc' dir='ltr'>ματος</span> <span class='ocrx_word' id='word_1_582' title='bbox 712 3805 929 3879; x_wconf 80' lang='grc' dir='ltr'>Ἰσραὴλ</span> <span class='ocrx_word' id='word_1_583' title='bbox 954 3804 1048 3859; x_wconf 82' lang='grc' dir='ltr'>καὶ</span> <span class='ocrx_word' id='word_1_584' title='bbox 1080 3803 1252 3866; x_wconf 86' lang='grc' dir='ltr'>αύτάς</span> <span class='ocrx_word' id='word_1_585' title='bbox 1289 3802 1558 3872; x_wconf 79' lang='grc' dir='ltr'>ἐκπλῆσαι</span> <span class='ocrx_word' id='word_1_586' title='bbox 1593 3799 1691 3864; x_wconf 76' lang='grc' dir='ltr'>τὰς</span> <span class='ocrx_word' id='word_1_587' title='bbox 1722 3800 1905 3864; x_wconf 86' lang='grc' dir='ltr'>πόλεις</span> <span class='ocrx_word' id='word_1_588' title='bbox 1949 3799 2049 3863; x_wconf 87' lang='grc' dir='ltr'><strong>τάς</strong></span> <span class='ocrx_word' id='word_1_589' title='bbox 2072 3799 2134 3852; x_wconf 69' lang='grc' dir='ltr'>ἐν</span> <span class='ocrx_word' id='word_1_590' title='bbox 2163 3786 2332 3871; x_wconf 83' lang='grc' dir='ltr'>πολλῇ</span> <span class='ocrx_word' id='word_1_591' title='bbox 2379 3800 2531 3873; x_wconf 82' lang='grc' dir='ltr'>παρὰ</span> <span class='ocrx_word' id='word_1_592' title='bbox 2562 3799 2645 3872; x_wconf 85' lang='grc' dir='ltr'>τῷ</span> <span class='ocrx_word' id='word_1_593' title='bbox 2681 3801 2800 3873; x_wconf 83' lang='grc' dir='ltr'><strong>Θεῷ</strong></span> <span class='ocrx_word' id='word_1_594' title='bbox 2830 3804 3199 3876; x_wconf 78' lang='grc' dir='ltr'>γεγενημένας</span> <span class='ocrx_word' id='word_1_595' title='bbox 3232 3804 3378 3883; x_wconf 63' lang='grc' dir='ltr'>αἰτίᾳ</span> <span class='ocrx_word' id='word_1_596' title='bbox 3407 3805 3502 3860; x_wconf 82' lang='grc' dir='ltr'><strong>καὶ</strong></span> <span class='ocrx_word' id='word_1_597' title='bbox 3538 3806 3793 3879; x_wconf 75' lang='grc' dir='ltr'>διαϐολῇ,-</span> 
     </span>
    </p>
   </div>
   <div class='ocr_carea' id='block_1_79' title="bbox 1816 3940 2496 4013">
    <p class='ocr_par' dir='ltr' id='par_1_79' title="bbox 1816 3940 2496 4013">
     <span class='ocr_line' id='line_1_79' title="bbox 1816 3940 2496 4013; baseline -0.001 -17"><span class='ocrx_word' id='word_1_598' title='bbox 1816 3940 1948 3996; x_wconf 87' lang='lat' dir='ltr'><strong>Post</strong></span> <span class='ocrx_word' id='word_1_599' title='bbox 1977 3942 2169 4013; x_wconf 79' lang='lat' dir='ltr'><strong>Cyrilli</strong></span> <span class='ocrx_word' id='word_1_600' title='bbox 2197 3941 2453 3996; x_wconf 77' lang='lat' dir='ltr'><strong>nonnulla</strong></span> <span class='ocrx_word' id='word_1_601' title='bbox 2476 3956 2496 3995; x_wconf 90' lang='lat'><strong><em>:</em></strong></span> 
     </span>
    </p>
   </div>
   <div class='ocr_carea' id='block_1_80' title="bbox 580 4044 2093 4143">
    <p class='ocr_par' dir='ltr' id='par_1_80' title="bbox 580 4044 2093 4143">
     <span class='ocr_line' id='line_1_80' title="bbox 580 4044 2093 4143; baseline -0.006 -16"><span class='ocrx_word' id='word_1_602' title='bbox 580 4072 651 4127; x_wconf 87' lang='lat' dir='ltr'><strong>Et</strong></span> <span class='ocrx_word' id='word_1_603' title='bbox 706 4084 902 4129; x_wconf 85' lang='lat' dir='ltr'><strong>terram</strong></span> <span class='ocrx_word' id='word_1_604' title='bbox 961 4069 1088 4143; x_wconf 75' lang='lat' dir='ltr'><strong>quia</strong></span> <span class='ocrx_word' id='word_1_605' title='bbox 1134 4067 1366 4140; x_wconf 82' lang='lat' dir='ltr'><strong>pinguis.</strong></span> <span class='ocrx_word' id='word_1_606' title='bbox 1411 4065 1525 4122; x_wconf 86' lang='lat' dir='ltr'><strong>lloe</strong></span> <span class='ocrx_word' id='word_1_607' title='bbox 1580 4074 1664 4121; x_wconf 89' lang='lat' dir='ltr'><strong>est</strong></span> <span class='ocrx_word' id='word_1_608' title='bbox 1707 4044 1835 4121; x_wconf 85' lang='lat' dir='ltr'><strong>caro</strong></span> <span class='ocrx_word' id='word_1_609' title='bbox 1878 4063 2093 4120; x_wconf 89' lang='lat' dir='ltr'><strong>Domini</strong></span> 
     </span>
    </p>
   </div>
   <div class='ocr_carea' id='block_1_81' title="bbox 507 4159 2094 4237">
    <p class='ocr_par' dir='ltr' id='par_1_81' title="bbox 507 4159 2094 4237">
     <span class='ocr_line' id='line_1_81' title="bbox 507 4159 2094 4237; baseline -0.006 -15"><span class='ocrx_word' id='word_1_610' title='bbox 507 4168 702 4231; x_wconf 73' lang='lat' dir='ltr'><strong>nostri.</strong></span> <span class='ocrx_word' id='word_1_611' title='bbox 742 4165 989 4237; x_wconf 81' lang='lat' dir='ltr'><strong>Pinguis,</strong></span> <span class='ocrx_word' id='word_1_612' title='bbox 1038 4166 1143 4219; x_wconf 91' lang='lat' dir='ltr'><strong>hoc</strong></span> <span class='ocrx_word' id='word_1_613' title='bbox 1175 4174 1259 4218; x_wconf 89' lang='lat' dir='ltr'><strong>est</strong></span> <span class='ocrx_word' id='word_1_614' title='bbox 1302 4162 1606 4225; x_wconf 87' lang='lat' dir='ltr'><strong>abundans,</strong></span> <span class='ocrx_word' id='word_1_615' title='bbox 1657 4161 1812 4215; x_wconf 84' lang='lat' dir='ltr'><strong>melle</strong></span> <span class='ocrx_word' id='word_1_616' title='bbox 1857 4174 1920 4215; x_wconf 90' lang='lat' dir='ltr'><strong>ac</strong></span> <span class='ocrx_word' id='word_1_617' title='bbox 1957 4159 2094 4213; x_wconf 87' lang='lat' dir='ltr'><strong>lacte</strong></span> 
     </span>
    </p>
   </div>
   <div class='ocr_carea' id='block_1_82' title="bbox 506 4252 2091 4326">
    <p class='ocr_par' dir='ltr' id='par_1_82' title="bbox 506 4252 2091 4326">
     <span class='ocr_line' id='line_1_82' title="bbox 506 4252 2091 4326; baseline -0.006 -12"><span class='ocrx_word' id='word_1_618' title='bbox 506 4259 702 4314; x_wconf 73' lang='lat' dir='ltr'><strong>ﬂuens.</strong></span> <span class='ocrx_word' id='word_1_619' title='bbox 736 4258 1021 4314; x_wconf 78' lang='lat' dir='ltr'><strong>Destinata-</strong></span> <span class='ocrx_word' id='word_1_620' title='bbox 1044 4257 1147 4326; x_wconf 90' lang='lat' dir='ltr'><strong>ipsi</strong></span> <span class='ocrx_word' id='word_1_621' title='bbox 1194 4258 1249 4309; x_wconf 87' lang='lat' dir='ltr'><strong>in</strong></span> <span class='ocrx_word' id='word_1_622' title='bbox 1290 4253 1659 4309; x_wconf 71' lang='lat' dir='ltr'><strong>haereditatem</strong></span> <span class='ocrx_word' id='word_1_623' title='bbox 1696 4269 1760 4309; x_wconf 88' lang='lat' dir='ltr'><strong>ac</strong></span> <span class='ocrx_word' id='word_1_624' title='bbox 1790 4252 2091 4323; x_wconf 90' lang='lat' dir='ltr'><strong>possessio-</strong></span> 
     </span>
    </p>
   </div>
   <div class='ocr_carea' id='block_1_83' title="bbox 2278 4028 3839 4147">
    <p class='ocr_par' dir='ltr' id='par_1_83' title="bbox 2278 4028 3839 4147">
     <span class='ocr_line' id='line_1_83' title="bbox 2278 4028 3839 4147; baseline 0.006 -31"><span class='ocrx_word' id='word_1_625' title='bbox 2278 4062 2615 4140; x_wconf 64' lang='lat' dir='ltr'><strong>lltppoerus</strong></span> <span class='ocrx_word' id='word_1_626' title='bbox 2649 4084 2662 4120; x_wconf 87' lang='lat'><strong>:</strong></span> <span class='ocrx_word' id='word_1_627' title='bbox 2698 4064 2809 4119; x_wconf 81' lang='lat' dir='ltr'><strong>Kal</strong></span> <span class='ocrx_word' id='word_1_628' title='bbox 2840 4028 2957 4134; x_wconf 77' lang='grc' dir='ltr'><strong>τὴν</strong></span> <span class='ocrx_word' id='word_1_629' title='bbox 2991 4064 3107 4136; x_wconf 74' lang='grc' dir='ltr'><strong>γῆν</strong></span> <span class='ocrx_word' id='word_1_630' title='bbox 3135 4066 3226 4120; x_wconf 78' lang='grc' dir='ltr'>ὅτι</span> <span class='ocrx_word' id='word_1_631' title='bbox 3254 4054 3613 4147; x_wconf 51' lang='grc' dir='ltr'>πίωνιὌπερ</span> <span class='ocrx_word' id='word_1_632' title='bbox 3634 4070 3790 4126; x_wconf 71' lang='grc' dir='ltr'>ἐστὶν</span> <span class='ocrx_word' id='word_1_633' title='bbox 3831 4104 3839 4109; x_wconf 79' lang='lat'><strong>~</strong></span> 
     </span>
    </p>
   </div>
   <div class='ocr_carea' id='block_1_84' title="bbox 2201 4155 3901 4232">
    <p class='ocr_par' dir='ltr' id='par_1_84' title="bbox 2201 4155 3901 4232">
     <span class='ocr_line' id='line_1_84' title="bbox 2201 4155 3901 4232; baseline 0.005 -25"><span class='ocrx_word' id='word_1_634' title='bbox 2201 4158 2241 4225; x_wconf 79' lang='grc' dir='ltr'><strong>ἡ</strong></span> <span class='ocrx_word' id='word_1_635' title='bbox 2262 4155 2402 4227; x_wconf 80' lang='grc' dir='ltr'>σὰρξ</span> <span class='ocrx_word' id='word_1_636' title='bbox 2420 4156 2516 4210; x_wconf 76' lang='grc' dir='ltr'>τοῦ</span> <span class='ocrx_word' id='word_1_637' title='bbox 2543 4157 2750 4227; x_wconf 83' lang='grc' dir='ltr'>Κυρίου</span> <span class='ocrx_word' id='word_1_638' title='bbox 2777 4158 2953 4229; x_wconf 79' lang='grc' dir='ltr'>ἡμῶν.</span> <span class='ocrx_word' id='word_1_639' title='bbox 2971 4159 3032 4213; x_wconf 80' lang='grc' dir='ltr'>Ἡ</span> <span class='ocrx_word' id='word_1_640' title='bbox 3061 4159 3232 4223; x_wconf 80' lang='grc' dir='ltr'>πίων,</span> <span class='ocrx_word' id='word_1_641' title='bbox 3254 4160 3527 4214; x_wconf 82' lang='grc' dir='ltr'>τουτέστιν</span> <span class='ocrx_word' id='word_1_642' title='bbox 3556 4164 3589 4232; x_wconf 86' lang='grc' dir='ltr'>ἡ</span> <span class='ocrx_word' id='word_1_643' title='bbox 3619 4162 3795 4216; x_wconf 67' lang='grc' dir='ltr'>λιπασ</span> <span class='ocrx_word' id='word_1_644' title='bbox 3894 4167 3901 4184; x_wconf 90' lang='lat'><strong><em>‘</em></strong></span> 
     </span>
    </p>
   </div>
   <div class='ocr_carea' id='block_1_85' title="bbox 2199 4248 3785 4324">
    <p class='ocr_par' dir='ltr' id='par_1_85' title="bbox 2199 4248 3785 4324">
     <span class='ocr_line' id='line_1_85' title="bbox 2199 4248 3785 4324; baseline 0.004 -23"><span class='ocrx_word' id='word_1_645' title='bbox 2199 4249 2290 4318; x_wconf 69' lang='grc' dir='ltr'>ρόν</span> <span class='ocrx_word' id='word_1_646' title='bbox 2321 4248 2459 4321; x_wconf 72' lang='grc' dir='ltr'>αὕτη</span> <span class='ocrx_word' id='word_1_647' title='bbox 2512 4250 2626 4319; x_wconf 81' lang='grc' dir='ltr'><strong>γὰρ</strong></span> <span class='ocrx_word' id='word_1_648' title='bbox 2656 4252 2713 4321; x_wconf 58' lang='grc' dir='ltr'><strong>ἡ</strong></span> <span class='ocrx_word' id='word_1_649' title='bbox 2754 4251 2951 4322; x_wconf 79' lang='grc' dir='ltr'>ῥέουσα</span> <span class='ocrx_word' id='word_1_650' title='bbox 2998 4251 3120 4323; x_wconf 82' lang='grc' dir='ltr'>μέλι</span> <span class='ocrx_word' id='word_1_651' title='bbox 3165 4253 3260 4306; x_wconf 71' lang='grc' dir='ltr'><strong>καὶ</strong></span> <span class='ocrx_word' id='word_1_652' title='bbox 3303 4253 3463 4322; x_wconf 81' lang='grc' dir='ltr'>γάλα.</span> <span class='ocrx_word' id='word_1_653' title='bbox 3495 4252 3616 4307; x_wconf 83' lang='grc' dir='ltr'>Τῶν</span> <span class='ocrx_word' id='word_1_654' title='bbox 3640 4256 3785 4324; x_wconf 77' lang='grc' dir='ltr'>ἀφο-</span> 
     </span>
    </p>
   </div>
   <div class='ocr_carea' id='block_1_86' title="bbox 510 4340 2094 4443">
    <p class='ocr_par' dir='ltr' id='par_1_86' title="bbox 510 4343 2088 4415">
     <span class='ocr_line' id='line_1_86' title="bbox 510 4343 2088 4415; baseline -0.006 -10"><span class='ocrx_word' id='word_1_655' title='bbox 510 4366 631 4405; x_wconf 89' lang='lat' dir='ltr'><strong>uem</strong></span> <span class='ocrx_word' id='word_1_656' title='bbox 681 4351 799 4409; x_wconf 89' lang='lat' dir='ltr'><strong>loca</strong></span> <span class='ocrx_word' id='word_1_657' title='bbox 848 4359 1027 4415; x_wconf 74' lang='lat' dir='ltr'><strong>terrae,</strong></span> <span class='ocrx_word' id='word_1_658' title='bbox 1058 4347 1164 4403; x_wconf 88' lang='lat' dir='ltr'><strong>hoc</strong></span> <span class='ocrx_word' id='word_1_659' title='bbox 1211 4356 1296 4403; x_wconf 88' lang='lat' dir='ltr'><strong>est</strong></span> <span class='ocrx_word' id='word_1_660' title='bbox 1339 4345 1601 4400; x_wconf 67' lang='lat' dir='ltr'><strong>doctrinae</strong></span> <span class='ocrx_word' id='word_1_661' title='bbox 1647 4343 1900 4411; x_wconf 89' lang='lat' dir='ltr'><strong>Domini;</strong></span> <span class='ocrx_word' id='word_1_662' title='bbox 1945 4343 2088 4397; x_wconf 88' lang='lat' dir='ltr'><strong>bona</strong></span> 
     </span>
    </p>
   </div>
   <div class='ocr_carea' id='block_1_87' title="bbox 2200 4340 3885 4443">
    <p class='ocr_par' dir='ltr' id='par_1_87' title="bbox 2200 4340 3885 4420">
     <span class='ocr_line' id='line_1_87' title="bbox 2200 4340 3885 4420; baseline 0.008 -29"><span class='ocrx_word' id='word_1_663' title='bbox 2200 4340 2489 4410; x_wconf 82' lang='grc' dir='ltr'>ρισθέντων</span> <span class='ocrx_word' id='word_1_664' title='bbox 2522 4341 2669 4412; x_wconf 74' lang='grc' dir='ltr'>αὐτῷ</span> <span class='ocrx_word' id='word_1_665' title='bbox 2701 4343 2758 4394; x_wconf 85' lang='grc' dir='ltr'>ὲν</span> <span class='ocrx_word' id='word_1_666' title='bbox 2794 4343 2951 4415; x_wconf 82' lang='grc' dir='ltr'>μέρει</span> <span class='ocrx_word' id='word_1_667' title='bbox 2982 4344 3362 4418; x_wconf 78' lang='grc' dir='ltr'>κληρονομίας,</span> <span class='ocrx_word' id='word_1_668' title='bbox 3406 4347 3500 4399; x_wconf 77' lang='grc' dir='ltr'><strong>καὶ</strong></span> <span class='ocrx_word' id='word_1_669' title='bbox 3533 4349 3784 4420; x_wconf 76' lang='grc' dir='ltr'>κτήσεως</span> <span class='ocrx_word' id='word_1_670' title='bbox 3876 4378 3885 4384; x_wconf 81' lang='lat'>~</span> 
     </span>
    </p>
   </div>
   <div class='ocr_carea' id='block_1_88' title="bbox 509 4432 2094 4511">
    <p class='ocr_par' dir='ltr' id='par_1_88' title="bbox 509 4434 2087 4511">
     <span class='ocr_line' id='line_1_88' title="bbox 509 4434 2087 4511; baseline -0.008 -14"><span class='ocrx_word' id='word_1_671' title='bbox 509 4444 671 4497; x_wconf 85' lang='lat' dir='ltr'><strong>etiam</strong></span> <span class='ocrx_word' id='word_1_672' title='bbox 705 4444 819 4495; x_wconf 67' lang='lat' dir='ltr'><strong>haec</strong></span> <span class='ocrx_word' id='word_1_673' title='bbox 842 4441 1081 4511; x_wconf 70' lang='lat' dir='ltr'><strong>requies,</strong></span> <span class='ocrx_word' id='word_1_674' title='bbox 1107 4447 1167 4493; x_wconf 90' lang='lat' dir='ltr'><strong>ut</strong></span> <span class='ocrx_word' id='word_1_675' title='bbox 1194 4440 1309 4507; x_wconf 87' lang='lat' dir='ltr'><strong>ipse</strong></span> <span class='ocrx_word' id='word_1_676' title='bbox 1334 4437 1410 4492; x_wconf 88' lang='lat' dir='ltr'><strong>ait</strong></span> <span class='ocrx_word' id='word_1_677' title='bbox 1436 4454 1457 4490; x_wconf 84' lang='lat'><strong>:.</strong></span> <span class='ocrx_word' id='word_1_678' title='bbox 1485 4434 1663 4491; x_wconf 78' lang='lat' dir='ltr'><strong>Venite</strong></span> <span class='ocrx_word' id='word_1_679' title='bbox 1689 4437 1756 4489; x_wconf 88' lang='lat' dir='ltr'><strong>ad</strong></span> <span class='ocrx_word' id='word_1_680' title='bbox 1784 4451 1884 4500; x_wconf 88' lang='lat' dir='ltr'><strong>me,</strong></span> <span class='ocrx_word' id='word_1_681' title='bbox 1908 4449 2087 4486; x_wconf 84' lang='lat' dir='ltr'><strong>omnes</strong></span> 
     </span>
    </p>
   </div>
   <div class='ocr_carea' id='block_1_89' title="bbox 2200 4432 3775 4511">
    <p class='ocr_par' dir='ltr' id='par_1_89' title="bbox 2200 4432 3775 4509">
     <span class='ocr_line' id='line_1_89' title="bbox 2200 4432 3775 4509; baseline 0.004 -25"><span class='ocrx_word' id='word_1_682' title='bbox 2200 4432 2374 4485; x_wconf 76' lang='grc' dir='ltr'>τόπων</span> <span class='ocrx_word' id='word_1_683' title='bbox 2405 4432 2530 4502; x_wconf 78' lang='grc' dir='ltr'>γῆς,</span> <span class='ocrx_word' id='word_1_684' title='bbox 2563 4433 2841 4486; x_wconf 81' lang='grc' dir='ltr'>τουτέστιν</span> <span class='ocrx_word' id='word_1_685' title='bbox 2883 4434 2981 4505; x_wconf 84' lang='grc' dir='ltr'>τῆς</span> <span class='ocrx_word' id='word_1_686' title='bbox 3025 4435 3372 4500; x_wconf 85' lang='grc' dir='ltr'>διδασκαλίας</span> <span class='ocrx_word' id='word_1_687' title='bbox 3403 4436 3496 4489; x_wconf 81' lang='grc' dir='ltr'>τοῦ</span> <span class='ocrx_word' id='word_1_688' title='bbox 3529 4438 3731 4509; x_wconf 82' lang='grc' dir='ltr'>Κυρίου</span> <span class='ocrx_word' id='word_1_689' title='bbox 3760 4456 3775 4469; x_wconf 75' lang='grc'><em>’</em></span> 
     </span>
    </p>
   </div>
   <div class='ocr_carea' id='block_1_90' title="bbox 508 4529 2086 4603">
    <p class='ocr_par' dir='ltr' id='par_1_90' title="bbox 508 4529 2086 4603">
     <span class='ocr_line' id='line_1_90' title="bbox 508 4529 2086 4603; baseline -0.005 -18"><span class='ocrx_word' id='word_1_690' title='bbox 508 4530 599 4603; x_wconf 77' lang='lat' dir='ltr'><strong>qui</strong></span> <span class='ocrx_word' id='word_1_691' title='bbox 636 4532 891 4586; x_wconf 75' lang='lat' dir='ltr'><strong>laboratis</strong></span> <span class='ocrx_word' id='word_1_692' title='bbox 943 4542 992 4584; x_wconf 78' lang='lat' dir='ltr'><strong>et</strong></span> <span class='ocrx_word' id='word_1_693' title='bbox 1041 4531 1244 4584; x_wconf 75' lang='lat' dir='ltr'><strong>onerati</strong></span> <span class='ocrx_word' id='word_1_694' title='bbox 1289 4529 1478 4594; x_wconf 81' lang='lat' dir='ltr'><strong>estis&quot;,</strong></span> <span class='ocrx_word' id='word_1_695' title='bbox 1521 4536 1726 4598; x_wconf 71' lang='lat' dir='ltr'><strong>et&#39;quze</strong></span> <span class='ocrx_word' id='word_1_696' title='bbox 1763 4533 2086 4594; x_wconf 90' lang='lat' dir='ltr'><strong>sequuntur.</strong></span> 
     </span>
    </p>
   </div>
   <div class='ocr_carea' id='block_1_91' title="bbox 511 4615 2089 4689">
    <p class='ocr_par' dir='ltr' id='par_1_91' title="bbox 511 4615 2089 4689">
     <span class='ocr_line' id='line_1_91' title="bbox 511 4615 2089 4689; baseline -0.003 -16"><span class='ocrx_word' id='word_1_697' title='bbox 511 4620 792 4689; x_wconf 81' lang='lat' dir='ltr'><strong>Siquidem</strong></span> <span class='ocrx_word' id='word_1_698' title='bbox 845 4628 1117 4689; x_wconf 67' lang='lat' dir='ltr'><strong>praecepta»</strong></span> <span class='ocrx_word' id='word_1_699' title='bbox 1153 4619 1538 4683; x_wconf 84' lang='lat' dir='ltr'><strong>custodientes,</strong></span> <span class='ocrx_word' id='word_1_700' title='bbox 1570 4631 1670 4671; x_wconf 90' lang='lat' dir='ltr'><strong>nec</strong></span> <span class='ocrx_word' id='word_1_701' title='bbox 1715 4615 2089 4670; x_wconf 86' lang='lat' dir='ltr'><strong>renuntiantes</strong></span> 
     </span>
    </p>
   </div>
   <div class='ocr_carea' id='block_1_92' title="bbox 510 4704 2089 4782">
    <p class='ocr_par' dir='ltr' id='par_1_92' title="bbox 510 4704 2089 4782">
     <span class='ocr_line' id='line_1_92' title="bbox 510 4704 2089 4782; baseline -0.003 -19"><span class='ocrx_word' id='word_1_702' title='bbox 510 4710 646 4782; x_wconf 87' lang='lat' dir='ltr'><strong>legis</strong></span> <span class='ocrx_word' id='word_1_703' title='bbox 671 4710 1175 4776; x_wconf 80' lang='lat' dir='ltr'><strong>constitutionibus,</strong></span> <span class='ocrx_word' id='word_1_704' title='bbox 1202 4719 1255 4764; x_wconf 90' lang='lat' dir='ltr'><strong>et</strong></span> <span class='ocrx_word' id='word_1_705' title='bbox 1288 4712 1342 4764; x_wconf 92' lang='lat' dir='ltr'><strong>in</strong></span> <span class='ocrx_word' id='word_1_706' title='bbox 1369 4708 1485 4763; x_wconf 81' lang='lat' dir='ltr'><strong>illis</strong></span> <span class='ocrx_word' id='word_1_707' title='bbox 1503 4716 1557 4763; x_wconf 86' lang='lat' dir='ltr'><strong>et</strong></span> <span class='ocrx_word' id='word_1_708' title='bbox 1587 4709 1641 4761; x_wconf 87' lang='lat' dir='ltr'><strong>in</strong></span> <span class='ocrx_word' id='word_1_709' title='bbox 1672 4706 1889 4762; x_wconf 81' lang='lat' dir='ltr'><strong>Domini</strong></span> <span class='ocrx_word' id='word_1_710' title='bbox 1913 4704 2089 4759; x_wconf 89' lang='lat' dir='ltr'><strong>nostri</strong></span> 
     </span>
    </p>
   </div>
   <div class='ocr_carea' id='block_1_93' title="bbox 509 4786 2085 4870">
    <p class='ocr_par' dir='ltr' id='par_1_93' title="bbox 509 4786 2085 4870">
     <span class='ocr_line' id='line_1_93' title="bbox 509 4786 2085 4870; baseline -0.008 -12"><span class='ocrx_word' id='word_1_711' title='bbox 509 4801 757 4858; x_wconf 88' lang='lat' dir='ltr'><strong>doctrina</strong></span> <span class='ocrx_word' id='word_1_712' title='bbox 792 4786 1142 4870; x_wconf 82' lang='lat' dir='ltr'><strong>requiescunt</strong></span> <span class='ocrx_word' id='word_1_713' title='bbox 1175 4818 1197 4853; x_wconf 55' lang='grc' dir='ltr'><strong>εν</strong></span> <span class='ocrx_word' id='word_1_714' title='bbox 1217 4799 1359 4870; x_wconf 85' lang='lat' dir='ltr'><strong>quod</strong></span> <span class='ocrx_word' id='word_1_715' title='bbox 1394 4809 1478 4854; x_wconf 89' lang='lat' dir='ltr'><strong>est</strong></span> <span class='ocrx_word' id='word_1_716' title='bbox 1504 4800 1639 4852; x_wconf 87' lang='lat' dir='ltr'><strong>inter</strong></span> <span class='ocrx_word' id='word_1_717' title='bbox 1666 4795 1863 4850; x_wconf 79' lang='lat' dir='ltr'><strong>medios</strong></span> <span class='ocrx_word' id='word_1_718' title='bbox 1899 4793 2085 4847; x_wconf 75' lang='lat' dir='ltr'><strong>cteros.</strong></span> 
     </span>
    </p>
   </div>
   <div class='ocr_carea' id='block_1_94' title="bbox 507 4887 2096 4971">
    <p class='ocr_par' dir='ltr' id='par_1_94' title="bbox 507 4887 2096 4971">
     <span class='ocr_line' id='line_1_94' title="bbox 507 4887 2096 4971; baseline -0.008 -20"><span class='ocrx_word' id='word_1_719' title='bbox 507 4896 663 4952; x_wconf 84' lang='lat' dir='ltr'><strong>Sicut</strong></span> <span class='ocrx_word' id='word_1_720' title='bbox 689 4892 1118 4971; x_wconf 29' lang='lat' dir='ltr'><strong>dicit’Dominus</strong></span> <span class='ocrx_word' id='word_1_721' title='bbox 1144 4911 1158 4946; x_wconf 90' lang='lat'><strong>:</strong></span> <span class='ocrx_word' id='word_1_722' title='bbox 1190 4890 1308 4945; x_wconf 86' lang='lat' dir='ltr'><strong>Non</strong></span> <span class='ocrx_word' id='word_1_723' title='bbox 1338 4892 1454 4946; x_wconf 80' lang='lat' dir='ltr'><strong>veni</strong></span> <span class='ocrx_word' id='word_1_724' title='bbox 1479 4891 1673 4946; x_wconf 81' lang='lat' dir='ltr'><strong>solvere</strong></span> <span class='ocrx_word' id='word_1_725' title='bbox 1695 4887 1859 4960; x_wconf 80' lang='lat' dir='ltr'><strong>legem</strong></span> <span class='ocrx_word' id='word_1_726' title='bbox 1885 4904 1947 4941; x_wconf 84' lang='lat' dir='ltr'><strong>ac</strong></span> <span class='ocrx_word' id='word_1_727' title='bbox 1970 4902 2096 4957; x_wconf 84' lang='lat' dir='ltr'><strong>pro-</strong></span> 
     </span>
    </p>
   </div>
   <div class='ocr_carea' id='block_1_95' title="bbox 509 4984 2085 5059">
    <p class='ocr_par' dir='ltr' id='par_1_95' title="bbox 509 4984 2085 5059">
     <span class='ocr_line' id='line_1_95' title="bbox 509 4984 2085 5059; baseline -0.004 -19"><span class='ocrx_word' id='word_1_728' title='bbox 509 4989 717 5059; x_wconf 75' lang='lat' dir='ltr'><strong>phetas,</strong></span> <span class='ocrx_word' id='word_1_729' title='bbox 734 4988 824 5042; x_wconf 83' lang='lat' dir='ltr'><strong>sed</strong></span> <span class='ocrx_word' id='word_1_730' title='bbox 846 4985 1113 5056; x_wconf 67' lang='lat' dir='ltr'><strong>implere“.</strong></span> <span class='ocrx_word' id='word_1_731' title='bbox 1134 4985 1267 5039; x_wconf 73' lang='lat' dir='ltr'><strong>Nam</strong></span> <span class='ocrx_word' id='word_1_732' title='bbox 1297 4995 1350 5040; x_wconf 90' lang='lat' dir='ltr'><strong>et</strong></span> <span class='ocrx_word' id='word_1_733' title='bbox 1376 4984 1642 5039; x_wconf 89' lang='lat' dir='ltr'><strong>Dominus</strong></span> <span class='ocrx_word' id='word_1_734' title='bbox 1669 4991 1852 5036; x_wconf 87' lang='lat' dir='ltr'><strong>noster</strong></span> <span class='ocrx_word' id='word_1_735' title='bbox 1880 4995 2085 5050; x_wconf 69' lang='lat' dir='ltr'><strong>praece-</strong></span> 
     </span>
    </p>
   </div>
   <div class='ocr_carea' id='block_1_96' title="bbox 510 5070 2086 5151">
    <p class='ocr_par' dir='ltr' id='par_1_96' title="bbox 510 5070 2086 5151">
     <span class='ocr_line' id='line_1_96' title="bbox 510 5070 2086 5151; baseline -0.006 -17"><span class='ocrx_word' id='word_1_736' title='bbox 510 5089 600 5151; x_wconf 87' lang='lat' dir='ltr'><strong>pta</strong></span> <span class='ocrx_word' id='word_1_737' title='bbox 632 5078 766 5149; x_wconf 88' lang='lat' dir='ltr'><strong>legis</strong></span> <span class='ocrx_word' id='word_1_738' title='bbox 794 5075 1084 5139; x_wconf 87' lang='lat' dir='ltr'><strong>servando,</strong></span> <span class='ocrx_word' id='word_1_739' title='bbox 1126 5090 1232 5129; x_wconf 88' lang='lat' dir='ltr'><strong>non</strong></span> <span class='ocrx_word' id='word_1_740' title='bbox 1278 5074 1526 5141; x_wconf 82' lang='lat' dir='ltr'><strong>dissolvit</strong></span> <span class='ocrx_word' id='word_1_741' title='bbox 1562 5074 1732 5143; x_wconf 80' lang='lat' dir='ltr'><strong>legem</strong></span> <span class='ocrx_word' id='word_1_742' title='bbox 1763 5079 1820 5125; x_wconf 87' lang='lat' dir='ltr'><strong>et</strong></span> <span class='ocrx_word' id='word_1_743' title='bbox 1853 5070 2086 5139; x_wconf 80' lang='lat' dir='ltr'><strong>pmphe-</strong></span> 
     </span>
    </p>
   </div>
   <div class='ocr_carea' id='block_1_97' title="bbox 513 5164 1618 5239">
    <p class='ocr_par' dir='ltr' id='par_1_97' title="bbox 513 5164 1618 5239">
     <span class='ocr_line' id='line_1_97' title="bbox 513 5164 1618 5239; baseline -0.006 -15"><span class='ocrx_word' id='word_1_744' title='bbox 513 5181 617 5234; x_wconf 84' lang='lat' dir='ltr'><strong>tas,</strong></span> <span class='ocrx_word' id='word_1_745' title='bbox 653 5172 746 5227; x_wconf 87' lang='lat' dir='ltr'><strong>sed</strong></span> <span class='ocrx_word' id='word_1_746' title='bbox 779 5168 987 5239; x_wconf 89' lang='lat' dir='ltr'><strong>implet,</strong></span> <span class='ocrx_word' id='word_1_747' title='bbox 1019 5176 1076 5221; x_wconf 92' lang='lat' dir='ltr'><strong>ut</strong></span> <span class='ocrx_word' id='word_1_748' title='bbox 1102 5167 1175 5221; x_wconf 88' lang='lat' dir='ltr'><strong>ait</strong></span> <span class='ocrx_word' id='word_1_749' title='bbox 1208 5164 1618 5236; x_wconf 71' lang='lat' dir='ltr'><strong>inlivan&#39;geliis.</strong></span> 
     </span>
    </p>
   </div>
   <div class='ocr_carea' id='block_1_98' title="bbox 2191 4523 3789 4597">
    <p class='ocr_par' dir='ltr' id='par_1_98' title="bbox 2191 4523 3789 4597">
     <span class='ocr_line' id='line_1_98' title="bbox 2191 4523 3789 4597; baseline 0.004 -21"><span class='ocrx_word' id='word_1_750' title='bbox 2191 4524 2498 4586; x_wconf 78' lang='grc' dir='ltr'>ἀνάπαυσις</span> <span class='ocrx_word' id='word_1_751' title='bbox 2525 4525 2633 4595; x_wconf 80' lang='grc' dir='ltr'>γὰρ</span> <span class='ocrx_word' id='word_1_752' title='bbox 2666 4523 2802 4597; x_wconf 73' lang='grc' dir='ltr'>αὓτη</span> <span class='ocrx_word' id='word_1_753' title='bbox 2834 4526 2993 4597; x_wconf 86' lang='grc' dir='ltr'>καλὴ,</span> <span class='ocrx_word' id='word_1_754' title='bbox 3029 4526 3212 4591; x_wconf 84' lang='grc' dir='ltr'>καθὼς</span> <span class='ocrx_word' id='word_1_755' title='bbox 3257 4528 3350 4581; x_wconf 70' lang='grc' dir='ltr'><strong>καὶ</strong></span> <span class='ocrx_word' id='word_1_756' title='bbox 3395 4529 3557 4593; x_wconf 79' lang='grc' dir='ltr'>αὐτὸς</span> <span class='ocrx_word' id='word_1_757' title='bbox 3593 4529 3789 4597; x_wconf 51' lang='grc' dir='ltr'>λέγει’,</span> 
     </span>
    </p>
   </div>
   <div class='ocr_carea' id='block_1_99' title="bbox 2191 4612 3781 4692">
    <p class='ocr_par' dir='ltr' id='par_1_99' title="bbox 2191 4612 3781 4692">
     <span class='ocr_line' id='line_1_99' title="bbox 2191 4612 3781 4692; baseline 0.006 -26"><span class='ocrx_word' id='word_1_758' title='bbox 2191 4614 2367 4668; x_wconf 81' lang='grc' dir='ltr'>Δεῦτε</span> <span class='ocrx_word' id='word_1_759' title='bbox 2395 4612 2544 4683; x_wconf 78' lang='grc' dir='ltr'>πρὸς</span> <span class='ocrx_word' id='word_1_760' title='bbox 2575 4616 2653 4684; x_wconf 79' lang='grc' dir='ltr'>μὲ</span> <span class='ocrx_word' id='word_1_761' title='bbox 2692 4614 2915 4684; x_wconf 79' lang='grc' dir='ltr'>πάντες</span> <span class='ocrx_word' id='word_1_762' title='bbox 2957 4621 3011 4672; x_wconf 81' lang='lat' dir='ltr'><strong>ol</strong></span> <span class='ocrx_word' id='word_1_763' title='bbox 3044 4618 3390 4688; x_wconf 75' lang='grc' dir='ltr'>κοπιῶντες,</span> <span class='ocrx_word' id='word_1_764' title='bbox 3431 4623 3528 4677; x_wconf 79' lang='grc' dir='ltr'><strong>καὶ</strong></span> <span class='ocrx_word' id='word_1_765' title='bbox 3558 4638 3781 4692; x_wconf 66' lang='grc' dir='ltr'>πεφορ-</span> 
     </span>
    </p>
   </div>
   <div class='ocr_carea' id='block_1_100' title="bbox 2191 4706 3781 4786">
    <p class='ocr_par' dir='ltr' id='par_1_100' title="bbox 2191 4706 3781 4786">
     <span class='ocr_line' id='line_1_100' title="bbox 2191 4706 3781 4786; baseline 0.005 -25"><span class='ocrx_word' id='word_1_766' title='bbox 2191 4707 2477 4777; x_wconf 84' lang='grc' dir='ltr'>τισμένοι,</span> <span class='ocrx_word' id='word_1_767' title='bbox 2509 4707 2603 4761; x_wconf 71' lang='grc' dir='ltr'><strong>καὶ</strong></span> <span class='ocrx_word' id='word_1_768' title='bbox 2628 4707 2694 4761; x_wconf 77' lang='grc' dir='ltr'>τὰ</span> <span class='ocrx_word' id='word_1_769' title='bbox 2717 4707 2864 4778; x_wconf 74' lang='grc' dir='ltr'>ἑξῆς.</span> <span class='ocrx_word' id='word_1_770' title='bbox 2883 4706 3100 4784; x_wconf 80' lang='grc' dir='ltr'>Ἐπειδὴ</span> <span class='ocrx_word' id='word_1_771' title='bbox 3131 4713 3180 4765; x_wconf 87' lang='grc' dir='ltr'>οἱ</span> <span class='ocrx_word' id='word_1_772' title='bbox 3197 4712 3294 4777; x_wconf 79' lang='grc' dir='ltr'>τὰς</span> <span class='ocrx_word' id='word_1_773' title='bbox 3314 4712 3535 4779; x_wconf 75' lang='grc' dir='ltr'>ἐντολὰς</span> <span class='ocrx_word' id='word_1_774' title='bbox 3566 4715 3781 4786; x_wconf 79' lang='grc' dir='ltr'>φυλάσ-</span> 
     </span>
    </p>
   </div>
   <div class='ocr_carea' id='block_1_101' title="bbox 2195 4797 3781 4878">
    <p class='ocr_par' dir='ltr' id='par_1_101' title="bbox 2195 4797 3781 4878">
     <span class='ocr_line' id='line_1_101' title="bbox 2195 4797 3781 4878; baseline 0.007 -30"><span class='ocrx_word' id='word_1_775' title='bbox 2195 4813 2396 4862; x_wconf 86' lang='grc' dir='ltr'>σοντες,</span> <span class='ocrx_word' id='word_1_776' title='bbox 2428 4798 2529 4851; x_wconf 83' lang='grc' dir='ltr'><strong>ούκ</strong></span> <span class='ocrx_word' id='word_1_777' title='bbox 2561 4797 2963 4870; x_wconf 80' lang='grc' dir='ltr'>ἀποταξάμενοι</span> <span class='ocrx_word' id='word_1_778' title='bbox 2981 4804 3092 4866; x_wconf 83' lang='grc' dir='ltr'>τοῖς</span> <span class='ocrx_word' id='word_1_779' title='bbox 3120 4807 3363 4874; x_wconf 74' lang='grc' dir='ltr'>νομικοῖς</span> <span class='ocrx_word' id='word_1_780' title='bbox 3392 4805 3781 4878; x_wconf 78' lang='grc' dir='ltr'>διατάγμασιν,</span> 
     </span>
    </p>
   </div>
   <div class='ocr_carea' id='block_1_102' title="bbox 2194 4890 3835 4973">
    <p class='ocr_par' dir='ltr' id='par_1_102' title="bbox 2194 4890 3835 4973">
     <span class='ocr_line' id='line_1_102' title="bbox 2194 4890 3835 4973; baseline 0.006 -30"><span class='ocrx_word' id='word_1_781' title='bbox 2194 4890 2635 4945; x_wconf 79' lang='grc' dir='ltr'>έπαναπαύονται</span> <span class='ocrx_word' id='word_1_782' title='bbox 2682 4892 2776 4945; x_wconf 73' lang='grc' dir='ltr'><strong>καὶ</strong></span> <span class='ocrx_word' id='word_1_783' title='bbox 2822 4894 2908 4946; x_wconf 79' lang='grc' dir='ltr'>ἐπ’</span> <span class='ocrx_word' id='word_1_784' title='bbox 2942 4894 3126 4951; x_wconf 79' lang='grc' dir='ltr'>αὐτοῖς</span> <span class='ocrx_word' id='word_1_785' title='bbox 3159 4896 3251 4947; x_wconf 77' lang='grc' dir='ltr'><strong>καὶ</strong></span> <span class='ocrx_word' id='word_1_786' title='bbox 3304 4899 3369 4967; x_wconf 80' lang='grc' dir='ltr'>τῇ</span> <span class='ocrx_word' id='word_1_787' title='bbox 3423 4897 3515 4950; x_wconf 81' lang='grc' dir='ltr'>τοῦ</span> <span class='ocrx_word' id='word_1_788' title='bbox 3568 4900 3782 4973; x_wconf 84' lang='grc' dir='ltr'>Κυρίου</span> <span class='ocrx_word' id='word_1_789' title='bbox 3822 4957 3835 4965; x_wconf 32' lang='grc' dir='ltr'><strong>ε</strong></span> 
     </span>
    </p>
   </div>
   <div class='ocr_carea' id='block_1_103' title="bbox 2195 4981 3783 5061">
    <p class='ocr_par' dir='ltr' id='par_1_103' title="bbox 2195 4981 3783 5061">
     <span class='ocr_line' id='line_1_103' title="bbox 2195 4981 3783 5061; baseline 0.008 -28"><span class='ocrx_word' id='word_1_790' title='bbox 2195 4982 2349 5053; x_wconf 76' lang='grc' dir='ltr'>ημῶν</span> <span class='ocrx_word' id='word_1_791' title='bbox 2374 4981 2717 5055; x_wconf 55' lang='grc' dir='ltr'>διδασκαλίαν</span> <span class='ocrx_word' id='word_1_792' title='bbox 2754 4984 2892 5057; x_wconf 81' lang='grc' dir='ltr'>ὅπερ</span> <span class='ocrx_word' id='word_1_793' title='bbox 2929 4986 3075 5038; x_wconf 75' lang='grc' dir='ltr'>ἐστὶν</span> <span class='ocrx_word' id='word_1_794' title='bbox 3108 4985 3224 5040; x_wconf 79' lang='grc' dir='ltr'>ἀνὰ</span> <span class='ocrx_word' id='word_1_795' title='bbox 3252 4986 3447 5056; x_wconf 78' lang='grc' dir='ltr'>μέσον</span> <span class='ocrx_word' id='word_1_796' title='bbox 3479 4989 3599 5044; x_wconf 86' lang='grc' dir='ltr'>τῶν</span> <span class='ocrx_word' id='word_1_797' title='bbox 3628 4992 3783 5061; x_wconf 63' lang='grc' dir='ltr'><strong>πλὴν</strong></span> 
     </span>
    </p>
   </div>
   <div class='ocr_carea' id='block_1_104' title="bbox 2183 5072 3782 5148">
    <p class='ocr_par' dir='ltr' id='par_1_104' title="bbox 2183 5072 3782 5148">
     <span class='ocr_line' id='line_1_104' title="bbox 2183 5072 3782 5148; baseline 0.008 -24"><span class='ocrx_word' id='word_1_798' title='bbox 2183 5090 2341 5140; x_wconf 83' lang='grc' dir='ltr'>ρων·</span> <span class='ocrx_word' id='word_1_799' title='bbox 2379 5072 2564 5136; x_wconf 83' lang='grc' dir='ltr'>καθὼς</span> <span class='ocrx_word' id='word_1_800' title='bbox 2611 5076 2639 5125; x_wconf 82' lang='grc' dir='ltr'>ὁ</span> <span class='ocrx_word' id='word_1_801' title='bbox 2689 5075 2893 5147; x_wconf 83' lang='grc' dir='ltr'>Κύριος</span> <span class='ocrx_word' id='word_1_802' title='bbox 2918 5076 3066 5145; x_wconf 83' lang='grc' dir='ltr'>λέγει</span> <span class='ocrx_word' id='word_1_803' title='bbox 3090 5094 3103 5107; x_wconf 94' lang='grc'><strong>·</strong></span> <span class='ocrx_word' id='word_1_804' title='bbox 3144 5079 3265 5132; x_wconf 83' lang='grc' dir='ltr'><strong>Οὐκ</strong></span> <span class='ocrx_word' id='word_1_805' title='bbox 3298 5075 3486 5148; x_wconf 64' lang='grc' dir='ltr'>ἦλθον</span> <span class='ocrx_word' id='word_1_806' title='bbox 3516 5081 3782 5136; x_wconf 72' lang='grc' dir='ltr'>καταλῦ-</span> 
     </span>
    </p>
   </div>
   <div class='ocr_carea' id='block_1_105' title="bbox 2190 5164 3816 5241">
    <p class='ocr_par' dir='ltr' id='par_1_105' title="bbox 2190 5164 3816 5241">
     <span class='ocr_line' id='line_1_105' title="bbox 2190 5164 3816 5241; baseline 0.007 -27"><span class='ocrx_word' id='word_1_807' title='bbox 2190 5178 2294 5216; x_wconf 82' lang='grc' dir='ltr'><strong>σαι</strong></span> <span class='ocrx_word' id='word_1_808' title='bbox 2324 5164 2433 5219; x_wconf 81' lang='grc' dir='ltr'>τὸν</span> <span class='ocrx_word' id='word_1_809' title='bbox 2457 5169 2649 5238; x_wconf 81' lang='grc' dir='ltr'>νόμον</span> <span class='ocrx_word' id='word_1_810' title='bbox 2677 5168 2777 5222; x_wconf 78' lang='grc' dir='ltr'>καὶ</span> <span class='ocrx_word' id='word_1_811' title='bbox 2806 5167 2952 5233; x_wconf 77' lang='grc' dir='ltr'>τοὺς</span> <span class='ocrx_word' id='word_1_812' title='bbox 2983 5169 3312 5238; x_wconf 64' lang='grc' dir='ltr'>προφήτας,</span> <span class='ocrx_word' id='word_1_813' title='bbox 3344 5172 3505 5225; x_wconf 79' lang='grc' dir='ltr'>ἀλλὰ</span> <span class='ocrx_word' id='word_1_814' title='bbox 3535 5171 3777 5241; x_wconf 53' lang='lat' dir='ltr'><strong>«inpii-</strong></span> <span class='ocrx_word' id='word_1_815' title='bbox 3807 5188 3816 5205; x_wconf 88' lang='grc'><strong>·</strong></span> 
     </span>
    </p>
   </div>
   <div class='ocr_carea' id='block_1_106' title="bbox 506 5254 3777 5339">
    <p class='ocr_par' dir='ltr' id='par_1_106' title="bbox 506 5254 3777 5339">
     <span class='ocr_line' id='line_1_106' title="bbox 506 5254 3777 5339; baseline 0.001 -21"><span class='ocrx_word' id='word_1_816' title='bbox 506 5277 635 5319; x_wconf 84' lang='grc' dir='ltr'>σαι.</span> <span class='ocrx_word' id='word_1_817' title='bbox 666 5265 775 5319; x_wconf 78' lang='grc' dir='ltr'><strong>Καὶ</strong></span> <span class='ocrx_word' id='word_1_818' title='bbox 800 5266 909 5336; x_wconf 82' lang='grc' dir='ltr'>γὰρ</span> <span class='ocrx_word' id='word_1_819' title='bbox 937 5264 966 5316; x_wconf 75' lang='grc' dir='ltr'>ὁ</span> <span class='ocrx_word' id='word_1_820' title='bbox 998 5261 1200 5333; x_wconf 80' lang='grc' dir='ltr'>Κύριος</span> <span class='ocrx_word' id='word_1_821' title='bbox 1238 5259 1394 5331; x_wconf 83' lang='grc' dir='ltr'>ἡμῶν</span> <span class='ocrx_word' id='word_1_822' title='bbox 1433 5261 1492 5312; x_wconf 76' lang='grc' dir='ltr'>ἐν</span> <span class='ocrx_word' id='word_1_823' title='bbox 1522 5258 1597 5329; x_wconf 77' lang='grc' dir='ltr'><strong>τῷ</strong></span> <span class='ocrx_word' id='word_1_824' title='bbox 1630 5258 1726 5317; x_wconf 75' lang='grc' dir='ltr'>τὰς</span> <span class='ocrx_word' id='word_1_825' title='bbox 1757 5255 1978 5319; x_wconf 82' lang='grc' dir='ltr'>ἐντολὰς</span> <span class='ocrx_word' id='word_1_826' title='bbox 2011 5254 2306 5323; x_wconf 82' lang='grc' dir='ltr'>φυλάσσειν</span> <span class='ocrx_word' id='word_1_827' title='bbox 2335 5263 2397 5313; x_wconf 86' lang='grc' dir='ltr'><strong>ού</strong></span> <span class='ocrx_word' id='word_1_828' title='bbox 2434 5262 2693 5317; x_wconf 76' lang='grc' dir='ltr'>καταλύει</span> <span class='ocrx_word' id='word_1_829' title='bbox 2723 5262 2814 5317; x_wconf 82' lang='grc' dir='ltr'><strong>τὸν</strong></span> <span class='ocrx_word' id='word_1_830' title='bbox 2842 5262 3003 5334; x_wconf 86' lang='grc' dir='ltr'>νόμον</span> <span class='ocrx_word' id='word_1_831' title='bbox 3030 5264 3125 5319; x_wconf 80' lang='grc' dir='ltr'><strong>καὶ</strong></span> <span class='ocrx_word' id='word_1_832' title='bbox 3156 5266 3281 5329; x_wconf 80' lang='grc' dir='ltr'>τοὺς</span> <span class='ocrx_word' id='word_1_833' title='bbox 3306 5268 3606 5339; x_wconf 84' lang='grc' dir='ltr'>προφήτας,</span> <span class='ocrx_word' id='word_1_834' title='bbox 3636 5267 3777 5326; x_wconf 77' lang='grc' dir='ltr'>ἀλλὰ</span> 
     </span>
    </p>
   </div>
   <div class='ocr_carea' id='block_1_107' title="bbox 509 5349 1612 5429">
    <p class='ocr_par' dir='ltr' id='par_1_107' title="bbox 509 5349 1612 5429">
     <span class='ocr_line' id='line_1_107' title="bbox 509 5349 1612 5429; baseline -0.005 -20"><span class='ocrx_word' id='word_1_835' title='bbox 509 5349 938 5429; x_wconf 51' lang='grc' dir='ltr'>πληροῖρκαθὼς</span> <span class='ocrx_word' id='word_1_836' title='bbox 963 5357 1020 5408; x_wconf 80' lang='grc' dir='ltr'><strong>έν</strong></span> <span class='ocrx_word' id='word_1_837' title='bbox 1048 5353 1400 5422; x_wconf 80' lang='grc' dir='ltr'>Εὑαγγελίοις</span> <span class='ocrx_word' id='word_1_838' title='bbox 1428 5351 1612 5422; x_wconf 81' lang='grc' dir='ltr'>φησίν.</span> 
     </span>
    </p>
   </div>
   <div class='ocr_carea' id='block_1_108' title="bbox 583 5445 2086 5522">
    <p class='ocr_par' dir='ltr' id='par_1_108' title="bbox 583 5445 2086 5522">
     <span class='ocr_line' id='line_1_108' title="bbox 583 5445 2086 5522; baseline -0.005 -16"><span class='ocrx_word' id='word_1_839' title='bbox 583 5449 867 5522; x_wconf 76' lang='lat' dir='ltr'><strong>Supposuit</strong></span> <span class='ocrx_word' id='word_1_840' title='bbox 913 5454 1185 5507; x_wconf 83' lang='lat' dir='ltr'><strong>humerum</strong></span> <span class='ocrx_word' id='word_1_841' title='bbox 1230 5466 1383 5504; x_wconf 86' lang='lat' dir='ltr'><strong>suum</strong></span> <span class='ocrx_word' id='word_1_842' title='bbox 1430 5448 1500 5518; x_wconf 82' lang='lat' dir='ltr'><strong>ad</strong></span> <span class='ocrx_word' id='word_1_843' title='bbox 1534 5446 1901 5510; x_wconf 81' lang='lat' dir='ltr'><strong>laborandum,</strong></span> <span class='ocrx_word' id='word_1_844' title='bbox 1929 5455 1979 5499; x_wconf 81' lang='lat' dir='ltr'><strong>et</strong></span> <span class='ocrx_word' id='word_1_845' title='bbox 2008 5445 2086 5516; x_wconf 79' lang='lat' dir='ltr'><strong>fa-</strong></span> 
     </span>
    </p>
   </div>
   <div class='ocr_carea' id='block_1_109' title="bbox 508 5539 2082 5616">
    <p class='ocr_par' dir='ltr' id='par_1_109' title="bbox 508 5539 2082 5616">
     <span class='ocr_line' id='line_1_109' title="bbox 508 5539 2082 5616; baseline -0.005 -16"><span class='ocrx_word' id='word_1_846' title='bbox 508 5554 625 5600; x_wconf 75' lang='grc' dir='ltr'>(ιιιε</span> <span class='ocrx_word' id='word_1_847' title='bbox 664 5555 739 5597; x_wconf 85' lang='lat' dir='ltr'><strong>est</strong></span> <span class='ocrx_word' id='word_1_848' title='bbox 771 5547 851 5598; x_wconf 80' lang='lat' dir='ltr'><strong>vir</strong></span> <span class='ocrx_word' id='word_1_849' title='bbox 876 5545 1130 5616; x_wconf 84' lang='lat' dir='ltr'><strong>agricola.</strong></span> <span class='ocrx_word' id='word_1_850' title='bbox 1179 5542 1294 5598; x_wconf 90' lang='lat' dir='ltr'><strong>lloc</strong></span> <span class='ocrx_word' id='word_1_851' title='bbox 1331 5541 1578 5598; x_wconf 79' lang='lat' dir='ltr'><strong>fecerunt</strong></span> <span class='ocrx_word' id='word_1_852' title='bbox 1608 5539 1877 5610; x_wconf 85' lang='lat' dir='ltr'><strong>apostoli;</strong></span> <span class='ocrx_word' id='word_1_853' title='bbox 1924 5554 2082 5594; x_wconf 87' lang='lat' dir='ltr'><strong>acce—</strong></span> 
     </span>
    </p>
   </div>
   <div class='ocr_carea' id='block_1_110' title="bbox 3530 5374 3541 5385">
    <p class='ocr_par' dir='ltr' id='par_1_110' title="bbox 3530 5374 3541 5385">
     <span class='ocr_line' id='line_1_110' title="bbox 3530 5374 3541 5385; baseline 0 0"><span class='ocrx_word' id='word_1_854' title='bbox 3530 5374 3541 5385; x_wconf 62' lang='grc' dir='ltr'>δ</span> 
     </span>
    </p>
   </div>
   <div class='ocr_carea' id='block_1_111' title="bbox 2271 5440 3875 5515">
    <p class='ocr_par' dir='ltr' id='par_1_111' title="bbox 2271 5440 3875 5515">
     <span class='ocr_line' id='line_1_111' title="bbox 2271 5440 3875 5515; baseline 0.005 -16"><span class='ocrx_word' id='word_1_855' title='bbox 2271 5444 2552 5515; x_wconf 79' lang='grc' dir='ltr'>Ὑπέθηκε</span> <span class='ocrx_word' id='word_1_856' title='bbox 2596 5444 2705 5498; x_wconf 76' lang='grc' dir='ltr'>τὸν</span> <span class='ocrx_word' id='word_1_857' title='bbox 2752 5440 2912 5514; x_wconf 82' lang='grc' dir='ltr'>ὦμον</span> <span class='ocrx_word' id='word_1_858' title='bbox 2961 5447 3149 5502; x_wconf 75' lang='grc' dir='ltr'>αὐτοῦ</span> <span class='ocrx_word' id='word_1_859' title='bbox 3178 5450 3266 5514; x_wconf 76' lang='grc' dir='ltr'>εἰς</span> <span class='ocrx_word' id='word_1_860' title='bbox 3296 5448 3363 5502; x_wconf 81' lang='grc' dir='ltr'>τὸ</span> <span class='ocrx_word' id='word_1_861' title='bbox 3397 5449 3626 5515; x_wconf 77' lang='grc' dir='ltr'>πονεῖν,</span> <span class='ocrx_word' id='word_1_862' title='bbox 3673 5448 3779 5506; x_wconf 71' lang='grc' dir='ltr'>καὶ</span> <span class='ocrx_word' id='word_1_863' title='bbox 3871 5473 3875 5479; x_wconf 92' lang='grc'><strong>·</strong></span> 
     </span>
    </p>
   </div>
   <div class='ocr_carea' id='block_1_112' title="bbox 2188 5530 3775 5613">
    <p class='ocr_par' dir='ltr' id='par_1_112' title="bbox 2188 5530 3775 5613">
     <span class='ocr_line' id='line_1_112' title="bbox 2188 5530 3775 5613; baseline 0.004 -22"><span class='ocrx_word' id='word_1_864' title='bbox 2188 5537 2442 5609; x_wconf 64' lang='grc' dir='ltr'>ἐγενήθη</span> <span class='ocrx_word' id='word_1_865' title='bbox 2485 5536 2640 5605; x_wconf 77' lang='grc' dir='ltr'>ἀνὴρ</span> <span class='ocrx_word' id='word_1_866' title='bbox 2674 5539 3132 5613; x_wconf 73' lang='grc' dir='ltr'>γειοργός.’οπερ</span> <span class='ocrx_word' id='word_1_867' title='bbox 3165 5540 3423 5613; x_wconf 79' lang='grc' dir='ltr'>ἐποίησαν</span> <span class='ocrx_word' id='word_1_868' title='bbox 3456 5544 3507 5598; x_wconf 74' lang='grc' dir='ltr'>οἱ</span> <span class='ocrx_word' id='word_1_869' title='bbox 3540 5530 3775 5598; x_wconf 72' lang='grc' dir='ltr'>ἀπόστο-</span> 
     </span>
    </p>
   </div>
   <div class='ocr_carea' id='block_1_113' title="bbox 579 5722 2094 5800">
    <p class='ocr_par' dir='ltr' id='par_1_113' title="bbox 579 5724 2094 5800">
     <span class='ocr_line' id='line_1_113' title="bbox 579 5724 2094 5800; baseline -0.001 -17"><span class='ocrx_word' id='word_1_870' title='bbox 579 5726 604 5761; x_wconf 88' lang='grc'><strong><em>⁸</em></strong></span> <span class='ocrx_word' id='word_1_871' title='bbox 640 5724 828 5783; x_wconf 66' lang='lat' dir='ltr'><strong>Matth.</strong></span> <span class='ocrx_word' id='word_1_872' title='bbox 858 5743 933 5796; x_wconf 79' lang='lat' dir='ltr'><strong>iv,</strong></span> <span class='ocrx_word' id='word_1_873' title='bbox 971 5729 1061 5799; x_wconf 75' lang='grc'><strong>15,</strong></span> <span class='ocrx_word' id='word_1_874' title='bbox 1090 5730 1172 5788; x_wconf 77' lang='lat'><strong>16.</strong></span> <span class='ocrx_word' id='word_1_875' title='bbox 1251 5733 1271 5764; x_wconf 80' lang='grc'>⁸</span> <span class='ocrx_word' id='word_1_876' title='bbox 1313 5731 1465 5787; x_wconf 88' lang='lat' dir='ltr'><strong>Deut.</strong></span> <span class='ocrx_word' id='word_1_877' title='bbox 1501 5747 1693 5800; x_wconf 71' lang='lat' dir='ltr'><strong>xxxiii,</strong></span> <span class='ocrx_word' id='word_1_878' title='bbox 1730 5731 1813 5786; x_wconf 77' lang='lat'><strong>18.</strong></span> <span class='ocrx_word' id='word_1_879' title='bbox 1889 5731 1907 5747; x_wconf 77' lang='lat'><strong>&#39;</strong></span> <span class='ocrx_word' id='word_1_880' title='bbox 1951 5726 2094 5782; x_wconf 72' lang='lat' dir='ltr'><strong>Matt!</strong></span> 
     </span>
    </p>
   </div>
   <div class='ocr_carea' id='block_1_114' title="bbox 2200 5722 2893 5800">
    <p class='ocr_par' dir='ltr' id='par_1_114' title="bbox 2200 5722 2893 5797">
     <span class='ocr_line' id='line_1_114' title="bbox 2200 5722 2893 5797; baseline 0.004 -20"><span class='ocrx_word' id='word_1_881' title='bbox 2200 5743 2249 5797; x_wconf 78' lang='grc' dir='ltr'><strong>,ι,</strong></span> <span class='ocrx_word' id='word_1_882' title='bbox 2279 5726 2368 5781; x_wconf 78' lang='lat' dir='ltr'><strong>as.</strong></span> <span class='ocrx_word' id='word_1_883' title='bbox 2446 5728 2465 5760; x_wconf 76' lang='grc' dir='ltr'><strong>ε</strong></span> <span class='ocrx_word' id='word_1_884' title='bbox 2494 5724 2679 5780; x_wconf 71' lang='grc' dir='ltr'>ιιιιιιιι.</span> <span class='ocrx_word' id='word_1_885' title='bbox 2718 5739 2773 5792; x_wconf 85' lang='lat' dir='ltr'><strong>v,</strong></span> <span class='ocrx_word' id='word_1_886' title='bbox 2810 5722 2893 5780; x_wconf 72' lang='grc' dir='ltr'><strong>ιτ.</strong></span> 
     </span>
    </p>
   </div>
  </div>
