4128 6370
279 449 379 507 395
438 462 441 465 ‘
1459 446 1881 505 FRAGMENTA
1924 445 1992 500 IN
2028 446 2343 504 GENESIN.
3442 444 3546 500 534

279 574 358 626 λοι
390 570 642 636 λαϐόντες
672 573 771 645 τὴν
806 573 1033 645 δύναμιν
1068 572 1217 646 παρά
1248 573 1404 636 Θεοῦ,
1440 575 1533 629 καὶ
1567 573 1854 636 ὑποθέντες

1979 584 2159 644 itaque
2187 573 2357 630 εει)εο
2394 573 2647 629 facultate
2680 588 2737 631 se
2774 572 2924 642 ipsos
2951 569 3124 626 labori
3159 567 3556 635 subdiderunt,

280 665 501 729 ἑαυτοὺς
542 666 624 728 είς
654 666 715 719 τὸ
758 669 960 730 πονεῖν,
989 666 1325 737 ἐγενήθησαν
1356 667 1590 738 γεωργοὶ
1616 667 1711 719 τοῦ
1742 668 1856 719 Κυ-

1979 677 2015 721 at
2059 666 2187 721 facti
2236 675 2366 722 sunt
2410 666 2663 736 agricola:
2688 665 2927 728 Domini,
2970 674 3304 731 terramque,
3337 660 3441 715 hoc
3463 669 3555 715 est

282 757 393 828 ρίου
426 758 789 828 ἐργασάμενοι
817 758 917 829 τὴν
949 758 1077 829 γῆν,
1105 759 1351 813 τουτέστι
1376 759 1476 830 τὴν
1508 757 1861 830 ἀνθρωπότη-

1979 775 2265 814 aumanum
2292 775 2486 831 genus,
2512 759 2871 815 excoluerunt
2898 757 3287 828 praedicatione
3330 752 3554 809 Domini

279 865 367 914 τα,
389 849 477 903 διά
507 846 602 901 τοῦ
636 848 992 920 κηρύγματος
1022 849 1117 904 τοῦ
1151 852 1357 922 Κυρίου
1390 849 1565 921 ἡμῶν.

347 939 469 992 Δὰν
490 939 683 1008 κρινεῖ
708 939 813 994 τὸν
838 941 996 995 λαὸν
1017 941 1204 996 αὑτοῦ
1230 942 1372 995 ὡσεὶ
1397 942 1511 999 ’καὶ
1546 941 1656 1010 μία
1693 941 1861 1010 φυλὴ

281 1029 347 1084 ἐν
384 1029 641 1097 Ἰσραήλ.
688 1031 799 1086 Kal
866 1030 1173 1102 γενηθήτω
1215 1034 1333 1086 Δὰν
1389 1031 1523 1100 ὄφις
1550 1030 1643 1100 ἐφ’
1677 1030 1821 1085 ὀδοῦ
1847 1073 1863 1097 ν
1894 1102 1897 1109 ,

280 1119 683 1190 ἐγκαθήμενος
708 1122 806 1177 ἐπὶ
834 1123 1056 1191 τρίϐου,
1084 1121 1324 1177 δάκνων
1348 1122 1615 1192 πτέρναν
1650 1123 1859 1175 ἵππου·

281 1213 377 1267 καί
414 1213 686 1269 πεσεῖται
727 1217 762 1268 ὁ
807 1215 1026 1281 ἱππεὺς
1054 1216 1143 1281 είς
1169 1214 1243 1268 τὰ
1278 1214 1489 1279 ὀπίσω,
1517 1214 1634 1282 τὴν
1676 1228 1869 1281 σωτη-

274 1305 412 1373 ρίαν
451 1305 787 1374 περιμένων
817 1306 1056 1374 Κυρίου.
1084 1305 1232 1369 Γὰδ,
1261 1304 1643 1375 πειρατήριον
1668 1322 1868 1374 πειρα-

281 1399 477 1450 τεύσει
512 1399 698 1451 αὐτόν
718 1414 733 1429 ’
761 1398 944 1464 αὐτὸς
986 1395 1055 1449 δὲ
1086 1398 1460 1465 πειρατεύσει
1492 1396 1682 1451 αὐτὸν
1719 1397 1869 1452 κατὰ

283 1486 492 1554 πόδας.
509 1488 709 1557 Ἀσὴρ,
739 1490 892 1544 πίων
915 1491 1101 1545 αὐτοῦ
1134 1493 1168 1543 ὀ
1191 1489 1387 1558 ἄρτος,
1416 1490 1514 1544 καὶ
1551 1489 1734 1556 αὐτὸς
1763 1489 1871 1542 δὼς

283 1593 373 1635 σει
400 1580 645 1650 τρυφὴν
669 1581 948 1652 ἄρχουσι.

1964 852 2162 906 nostri.

2040 940 2238 1000 Cenes.
2269 957 2418 1006 xux,
2450 940 2614 997 ili-20
2645 962 2658 997 :
2689 942 2808 996 Dan
2825 941 3094 1011 judicabit
3119 938 3373 1009 populum
3394 952 3550 992 suum

1974 1044 2222 1104 tanquam
2247 1042 2297 1090 et
2329 1050 2437 1088 una
2464 1034 2632 1088 tribus
2664 1032 2856 1088 Israel.
2887 1033 2957 1087 Et
2982 1032 3079 1102 ﬁat
3105 1031 3228 1086 Dan
3257 1046 3467 1100 serpens
3491 1029 3551 1082 in

1970 1128 2081 1192 ria,
2115 1126 2298 1184 sedens
2337 1127 2392 1183 in
2440 1127 2649 1193 semita,
2690 1125 2931 1180 mordens
2972 1129 3277 1180 calcaneum
3319 1125 3437 1194 equi
3452 1139 3480 1194 ;_
3499 1132 3564 1176 etv

1973 1216 2123 1270 cadet
2155 1232 2307 1285 eques
2356 1224 2664 1280 retrorsum,
2706 1217 2931 1270 salutem
2955 1226 3259 1286 exspectans
3309 1213 3547 1269 Domini.

1975 1308 2116 1375 Gad,
2145 1308 2291 1363 sedes
2329 1310 2626 1378 piratarum
2650 1308 2980 1378 pra’dabitur
3006 1324 3126 1362 eum
3157 1324 3177 1360 :
3201 1316 3249 1360 et
3280 1306 3388 1376 ipse
3412 1321 3553 1374 ρνιυ-

1973 1398 2188 1452 dabitur
2211 1413 2326 1451 eam
2356 1414 2503 1451 secus
2532 1398 2704 1465 pedes.
2736 1399 2888 1460 Aser,
2915 1397 3122 1468 pinguis
3143 1397 3256 1465 ejus
3283 1396 3434 1465 panis
3450 1412 3470 1460 ,'
3499 1404 3550 1452 et

1974 1494 2083 1562 ipse
2113 1490 2261 1546 dabit
2296 1491 2511 1545 delicias
2536 1491 2878 1559 principibus.

1172 1681 1301 1736 Post
1338 1680 1592 1734 nonnulla
1620 1695 1684 1733 eo:
1713 1679 1939 1749 Cyrillo,
1971 1676 2270 1747 Apollinari
2296 1685 2345 1731 et
2383 1674 2653 1730 Diodoro:

352 1795 702 1853 “IPPOLY'I'US
734 1817 748 1853 :
781 1799 1045 1870 Δηλοῦται
1092 1803 1224 1873 ἡμῖν
1272 1798 1414 1856 εἶναι
1442 1800 1659 1863 -ἰππεὺς
1682 1801 1732 1852 ‘6
1762 1798 1879 1852 Κύ-

2048 1795 2302 1850 lnnuitur
2328 1794 2487 1850 nobis
2531 1809 2627 1862 per
2652 1794 2888 1863 equitem
2920 1791 3206 1856 Dominus,
3242 1805 3336 1861 per
3375 1790 3554 1845 calca-

289 1905 398 1961 ριος
420 1905 435 1918 ·
476 1888 687 1961 πτέρνα
733 1890 809 1957 δὲ,
837 1892 920 1945 ὅτι
954 1891 1091 1964 πρὸς
1144 1891 1371 1965 ἔσχατον
1399 1892 1506 1947 τῶν
1541 1890 1769 1963 καιρῶν.
1806 1890 1879 1943 Τδ

1979 1903 2139 1943 neum
2197 1896 2441 1942 extrema
2496 1895 2823 1954 temporum.
2873 1882 3029 1949 Quod
3087 1882 3264 1947 cadet,
3321 1889 3554 1935 mortem

188 1972 193 1975 ’
256 1979 340 2045 ,δὲ
365 1982 447 2035 ὅτι
484 1984 757 2061 πεσεῖται,
793 1984 884 2038 τὸν
909 1982 1136 2039 θάνατον
1164 1985 1326 2039 αὐτοῦ
1360 1983 1529 2055 δηλοῖ,
1563 1982 1744 2046 καθὼς
1778 1982 1874 2052 γέ-

1979 1982 2095 2052 ejus
2120 1980 2425 2050 signiﬁcat;
2475 1980 2619 2033 sicut
2651 1978 2919 2047 scriptum
2955 1976 3011 2029 in
3047 1973 3339 2043 Evangelio
3375 1992 3387 2026 :
3420 1972 3557 2026 Ecce

254 2074 529 2142 .’γραπται
562 2055 622 2126 ἐν
652 2071 729 2143 τῷ
766 2073 1112 2146 Εὐαγγελίῳ·
1156 2075 1311 2129 Ἰδοὺ
1357 2071 1537 2141 οὗτος
1569 2073 1753 2129 κεῖται
1789 2077 1876 2140 είς

1979 2073 2182 2142 positus
2224 2076 2303 2125 est
2343 2072 2428 2124 hic
2470 2072 2527 2124 in
2559 2085 2743 2124 casum
2787 2077 2837 2123 et
2884 2068 3314 2123 resurrectionem
3356 2062 3558 2117 multo-

254 2163 520 2251 ,πτῶσιν
568 2165 669 2219 καὶ
716 2165 1057 2221 ἀνάστασιν
1094 2168 1358 2222 πολλῶν.
1387 2164 1753 2239 ⁹Λαμϐἀνομεν
1784 2168 1875 2221 τὸν

1979 2168 2150 2219 rum’.
2216 2162 2456 2218 Piratam
2517 2176 2619 2233 pro
2676 2161 2999 2216 insidiatorc
3061 2160 3363 2229 accipimus
3407 2174 3419 2208 :
3458 2168 3560 2210 nec

288 2256 552 2330 πειρατὴν
583 2256 676 2310 τὸν
710 2258 1025 2334 ἐπίϐουλον·
1074 2246 1246 2323 οὐδεὶς
1290 2259 1348 2313 δὲ
1396 2258 1554 2323 ἄλλος
1596 2258 1877 2324 ἐπίϐουλος

287 2347 506 2427 εγενετο
545 2347 641 2402 τοῦ
682 2349 911 2422 Κυρίου,
952 2350 984 2420 ἦ
1017 2353 1044 2409 ὁ
1075 2350 1224 2413 λαός.
1265 2354 1665 2421 Πειρατεύσει,
1692 2351 1877 2406 τουτὶ-ι

288 2454 399 2492 στιν
429 2439 812 2498 ἐπιϐουλεύσει
839 2442 1007 2514 αὐτῷ.
1035 2442 1195 2497 Κατὰ
1223 2430 1445 2511 πόδαςῖ
1467 2444 1718 2517 δηλοῦται
1746 2446 1877 2518 ἡμῖν
1902 2488 1907 2493 .

288 2529 329 2599 ὴι
348 2531 638 2602 ἀντίληψις
671 2534 703 2604 ἡ
739 2533 892 2605 παρά
924 2533 1017 2587 τοῦ
1048 2536 1254 2608 Κυρίου
1284 2540 1395 2600 τοῖς
1428 2536 1876 2591 ἐπιϐουλεύσασιν

289 2620 448 2693 αὐτῷ.
492 2622 569 2677 Τὸ
611 2624 669 2677 δὲ
709 2627 859 2708 κατὰ
890 2626 1102 2692 πόδας,
1138 2629 1495 2708 ὃτιβνητάχει
1530 2631 1745 2701 ποιήσει
1780 2629 1877 2700 τὴν

1966 2259 2267 2327 quisquam
2303 2256 2444 2311 alius
2482 2255 2771 2311 insidiator
2799 2252 3014 2308 Domini
3047 2252 3168 2317 fuit,
3199 2266 3362 2321 quam
3392 2262 3561 2317 pOpu—

1977 2350 2064 2405 lus
2109 2347 2443 2404 Iudaeorum.
2495 2330 3021 2412 Prcedabiturfhoc
3067 2355 3154 2401 est
3207 2343 3559 2400 insidiabitur

1978 2442 2075 2498 illi.
2113 2440 2274 2497 Secus
2319 2441 2494 2511 pedes,
2522 2440 2866 2507 signiﬁcatur
2893 2438 3054 2494 nobis
3081 2439 3343 2493 auxilium
3387 2451 3415 2489 a
3451 2434 3560 2488 Do-

1978 2535 2129 2590 mino
2176 2534 2440 2588 adversus
2490 2531 2814 2587 insidiantes
2856 2531 2927 2585 ei.
2965 2529 3027 2584 Et
3074 2546 3220 2583 secus
3267 2528 3419 2599 pedes
3456 2526 3553 2588 ait,
3616 2603 3622 2608 ῃ
3684 2588 3687 2591 _

1978 2626 2123 2696 quod
2154 2626 2336 2682 subito
2364 2622 2661 2678 vindictam
2695 2630 2875 2677 sumet
2896 2609 3179 2675 Dominus.
3210 2619 3355 2673 Bene
3387 2632 3559 2672 arma-

289 2713 568 2794 ἐκδίκησιν
608 2717 639 2770 ὁ
680 2705 903 2791 Κύριος.
941 2719 1138 2784 Καλῶς
1179 2705 1565 2794 ὁπλισθήσεται
1598 2723 1690 2776 τὸν
1720 2723 1876 2787 πόδα,

189 2782 380 2859 Nam.
391 2808 450 2861 τὸ
465 2808 775 2881 εὑρημένον
798 2814 1151 2884 πειρατήριον
1182 2814 1530 2889 πειρατεύσει
1552 2815 1873 2870 αύτόν.-Α.

289 2895 562 2965 Εῠζωνος
597 2899 920 2969 εὐζωνήσει
945 2904 1153 2968 αὑτὸν,
1190 2905 1307 2959 ἀντὶ
1340 2906 1433 2959 τοῦ
1473 2905 1695 2970 ἔνοπλος
1738 2908 1878 2979 ἀνὴρ

290 2985 381 3045 καὶ
410 2987 712 3060 πολεμικὸς
738 2992 1012 3047 ὲνοπλίσει
1055 2993 1236 3048 αὐτόν.
1275 2995 1386 3059 Καὶ
1430 2996 1727 3066 ὀπλιστὴς
1772 2999 1881 3051 τὸν

225 3086 232 3095 “
291 3077 439 3133 πόδα
465 3079 644 3136 ἔσται
664 3100 677 3115 ·
709 3084 908 3154 μᾶλλον
942 3086 1097 3140 τοῦτο
1124 3085 1264 3140 θέλει
1290 3090 1485 3153 εἰπεῖν,
1519 3087 1740 3154 ἔνοπλος
1772 3088 1879 3160 re;

1979 3098 2104 3160 post
2145 3087 2342 3144 fratres
2387 3101 2520 3142 suos
2550 3084 2932 3154 subseq‘uetur.
2978 3080 3113 3135 Nam
3157 3080 3405 3150 quamvis
3438 3093 3560 3133 sors

250 3202 258 3211 ι
284 3171 522 3249 κατόπιν
549 3173 658 3227 τῶν
690 3176 935 3246 ἀδελφῶν
960 3177 1128 3232 αὐτοῦ
1160 3178 1535 3253 ἀκολουθήσει.
1576 3182 1692 3235 Κᾶν
1719 3171 1879 3253 γάρῆ

1979 3174 2098 3253 ejus
2123 3187 2241 3237 erat
2266 3180 2409 3235 ultra
2429 3176 2745 3243 Iordanem,
2773 3183 2954 3230 tamen
2986 3173 3184 3229 fratres
3207 3187 3339 3228 suos
3362 3172 3560 3226 armati

268 3263 489 3336 ,κλῆρος
523 3266 692 3321 αὑτοῦ
719 3268 892 3341 πέραν
919 3266 987 3342 ἦν
1025 3271 1310 3343 Ἰορδάνου,
1340 3272 1455 3328 ἀλλ’
1481 3270 1573 3328 οὖν
1606 3271 1879 3348 ἐτάγησαν

1980 3273 2136 3345 sequi
2179 3272 2530 3343 jubebantur,
2575 3269 2751 3324 donec
2773 3274 2828 3323 et
2854 3266 2958 3337 ipsi
2995 3274 3173 3320 sortes
3199 3279 3331 3333 suas
3367 3277 3562 3318 conse-
3616 3324 3621 3329 ,

293 3357 753 3461 συνακολουθῆσαι
786 3363 899 3425 τοῖς
929 3362 1179 3434 ἀδελφοῖς
1208 3364 1389 3419 αὐτῶν
1421 3365 1655 3443 ἔνοπλοι,
1685 3367 1792 3431 ἕως
1816 3349 1877 3427 ob

1981 3365 2092 3421 cuti
2118 3362 2373 3420 fuissent.
2406 3361 2516 3416 Aut
2544 3358 2773 3415 fortasse
2799 3359 2915 3411 vult
2938 3357 3187 3417 innuero,
3212 3353 3357 3422 quod
3399 3353 3563 3407 latro-

278 3444 497 3502 ολάϐωσι
533 3449 777 3505 κάκεῖνοι
804 3452 932 3517 τοὺς
963 3454 1171 3509 ἑαυτῶν
1202 3457 1535 3530 κλήρους.Ἦ
1564 3458 1703 3530 τάχα
1726 3458 1879 3514 τοῦτο

1988 3472 2121 3512 num
2152 3470 2305 3511 more
2339 3452 2539 3510 victuri
2571 3459 2754 3507 essent
2777 3448 3006 3515 Gaditaa,
3045 3454 3101 3502 et
3144 3445 3454 3501 sodalitium
3485 3444 3579 3497 la-.

291 3534 457 3607 εἶπεν,
486 3543 573 3595 ὃτι
603 3541 880 3616 λῃστρικῷ
908 3545 1094 3618 τρόπῳ
1126 3529 1347 3618 ἔμελλον
1381 3551 1479 3620 ζῇν
1519 3529 1566 3605 oi
1616 3552 1745 3624 περὶ
1788 3551 1878 3605 τὸν

1985 3559 2202 3605 trouum
2246 3546 2496 3610 ascituri,
2528 3559 2731 3615 eosque
2773 3541 3053 3607 sectaturi,
3091 3554 3154 3595 ac
3189 3536 3440 3593 similiter
3484 3536 3564 3589 la-

292 3630 425 3687 Γάδ⁸
473 3635 575 3688 καὶ
608 3632 863 3706 σύστημα
893 3637 1127 3711 λῃστῶν,
1157 3642 1186 3694 ὄ
1224 3645 1340 3696 ἐστι
1380 3645 1751 3716 πειρατήριον,
1785 3642 1879 3696 λα-

1988 3641 2276 3697 trocinium
2308 3637 2523 3695 facturi.

238 3725 402 3814 νϐεῖν
433 3728 535 3783 σὺν
577 3725 727 3798 αὐτῷ
770 3728 978 3798 τοῦτον,
1016 3735 1111 3788 καὶ
1135 3736 1218 3791 ὅτι
1263 3737 1445 3808 μέλλει
1478 3735 1709 3791 κατόπιν
1740 3735 1889 3806 αὐτῷ
1930 3735 2101 3791 ἰέναιο
2166 3735 2262 3788 καὶ¹
2318 3733 2479 3796 αὐτὸς
2547 3729 2747 3802 ὁμοίως
2805 3725 3164 3800 πειρατεύων,
3215 3724 3244 3776 ὅ
3271 3725 3419 3790 λὲστι
3467 3721 3565 3793 λῃ-

296 3824 502 3879 στεύων
513 3863 527 3876 .
1126 3834 1130 3838 ‘

1978 2719 2127 2774 bitur
2173 2733 2270 2788 pes
2318 2718 2460 2787 ejus,
2492 2723 2655 2784 atque
2709 2722 2974 2783 repertam
3029 2713 3211 2767 sedem
3256 2712 3556 2781 piratarum

1978 2811 2095 2881 ipse
2109 2807 2803 2880 deprzedabilur.-—AQUILA
2821 2825 2833 2859 :
2850 2807 3125 2859 Accinctus
3141 2800 3558 2872 accingetillum;

1962 2902 2084 2961 .hoc
2107 2911 2211 2967 est,
2242 2909 2487 2956 armatus
2533 2908 2588 2955 et
2632 2899 2864 2955 bellator
2905 2896 3142 2953 armabit
3169 2895 3341 2950 illum.
3372 2892 3440 2946 Et
3466 2908 3558 2946 ar-

1979 2994 2215 3049 mabitur
2239 2994 2369 3064 pede
2396 3010 2414 3048 :
2456 2994 2571 3050 sive
2598 2993 2704 3048 hoc
2736 2992 2915 3063 potius
2945 2990 3144 3056 innuit,
3177 2996 3422 3043 armatus
3444 2986 3559 3043 Gad

2057 3918 2507 3989 Quandoquidem
2547 3917 2740 3972 umbra
2786 3905 2931 3984 legis.
2949 3908 3351 3982 quodammodo
3381 3904 3564 3962 subla-

1988 4021 2063 4075 ta,
2098 4010 2520 4080 introductoque
2565 4008 2710 4063 cultu
2768 4004 2998 4077 spiritali
3049 4015 3309 4071 veroque,
3356 3997 3563 4066 majore

1989 4103 2112 4158 luce
2164 4102 2404 4163 mundus
2451 4098 2729 4171 indigebat
2763 4116 2776 4151 :
2808 4103 3092 4167 propterea
3144 4093 3197 4147 in
3241 4091 3343 4145 hoc
3387 4088 3563 4143 vocati

1990 4202 2120 4250 sunt
2146 4181 2404 4262 deinceps
2453 4182 2641 4245 divini
2677 4190 2954 4259 discipuli,
2985 4198 3147 4259 atque
3186 4185 3240 4239 in
3273 4183 3561 4237 doctorum
3616 4174 3620 4179 ’

226 3989 232 3996 ⁸
371 3919 593 3992 Ἐπειδὴ
627 3922 726 3993 τῆς
752 3925 811 3976 ὲν
836 3923 987 3996 νόμῳ
1014 3925 1172 3989 σκιᾶς
1203 3901 1484 3992 οἱονείίτως
1517 3925 1880 3999 συνεσταλμέ-

232 4025 239 4031 ’
294 4026 410 4081 νης,
429 4014 530 4067 καὶ
548 4015 649 4085 τῆς
673 4016 732 4068 ἐν
755 4016 1028 4089 πνεύματι
1049 4019 1145 4080 καὶ
1169 4016 1403 4089 ἀληθοῦς
1431 4022 1685 4094 λατρείας
1710 4024 1883 4075 εἰσχε-

255 4101 669 4192 κκοσμινλμένης,
691 4104 1084 4179 λαμπροτέρων
1112 4107 1216 4161 ἔδει
1239 4109 1316 4180 τῷ
1340 4110 1547 4181 κόσμῳ,
1567 4111 1881 4192 είσκέκλην-

194 4246 199 4249 _
293 4207 380 4246 ται
423 4194 562 4265 πρὸς
594 4195 752 4249 τοῦτο
773 4196 960 4250 λοιπὸν
984 4201 1031 4251 οἱ
1058 4197 1333 4253 θεσπέσιοι
1372 4186 1765 4271 μαθηταὶ,’καὶ
1804 4205 1882 4271 είς

293 4283 383 4337 τὸν
410 4286 523 4340 τῶν
562 4287 702 4341 κατά
735 4287 899 4360 νόμον
936 4290 1263 4362 καθηγητῶν
1296 4292 1623 4364 εἰσέφρησαν
1657 4269 1879 4365 κλῆρον.

1985 4287 2122 4358 legis
2144 4293 2348 4342 sortem
2380 4283 2560 4340 asciti.
2588 4283 2668 4339 Ita
2698 4283 2842 4337 enim
2876 4283 2942 4337 ad
2970 4290 3197 4336 matrem
3227 4276 3561 4341 Iudaeorum,

297 4373 485 4441 Οὕτως
535 4378 645 4449 γάρ
676 4396 759 4435 τοι
796 4381 932 4451 πρὸς
964 4374 1061 4452 μὲν
1088 4382 1186 4453 τὴν
1212 4383 1320 4455 τῶν
1358 4383 1624 4438 Ἰουδαίων
1649 4386 1879 4457 μητέρα,

1987 4378 2420 4451 Hierosolymam
2456 4378 2647 4435 innuo.
2676 4377 2881 4431 dictum
2915 4384 2999 4430 est
3031 4391 3061 4428 a
3111 4373 3220 4428 Deo
3262 4387 3356 4442 per
3375 4385 3561 4425 vocem

296 4469 439 4545 φημὶ
481 4469 548 4548 δὴ
600 4470 699 4542 τὴν
754 4469 1130 4546 Ἰερουσαλὴμ,
1171 4474 1392 4544 ἐλέγετο
1435 4476 1587 4549 παρά
1624 4477 1758 4532 Θεοῦ
1792 4479 1879 4532 διὰ

1986 4474 2271 4544 psallentis
2305 4489 2319 4526 :
2353 4471 2462 4527 Pro
2500 4472 2742 4543 patribus
2780 4473 2883 4526 tuis
2922 4472 3036 4526 nati
3079 4480 3199 4525 sunt
3239 4468 3335 4524 tibi
3360 4467 3462 4539 ﬁlii
3488 4468 3558 4531 ¹⁰;

296 4554 391 4625 τῆς
432 4556 529 4609 τοῦ
556 4557 849 4627 ψάλλοντος
893 4553 1095 4633 φωνῆς·
1136 4564 1293 4619 Ἀντί
1336 4566 1454 4619 τῶν
1494 4567 1731 4636 πατρῶν
1764 4584 1879 4623 σου

1983 4566 2091 4621 hoc
2141 4575 2244 4630 est,
2292 4564 2385 4636 qui
2422 4564 2528 4637 ’ﬁlii
2563 4565 2640 4619 tui
2693 4574 2987 4629 vocantur,
3022 4564 3201 4619 locum
3234 4570 3288 4617 et
3317 4561 3563 4616 ordinem

295 4643 714 4739 ἐγεννήθησαν
739 4652 792 4704 οἱ
818 4652 938 4704 υἱοί
967 4669 1104 4706 σου·
1137 4656 1440 4723 τουτέστιν,
1471 4660 1521 4711 οἱ
1557 4661 1639 4712 σοὶ
1664 4676 1879 4733 χρημα-

1986 4669 2201 4729 patrum
2254 4658 2432 4714 sortiti
2480 4667 2628 4713 sunt.
2662 4657 2836 4728 Atque
2884 4656 2949 4711 ad
2983 4655 3272 4710 Dominum
3313 4662 3563 4709 nostrum
3646 4700 3653 4707 .

298 4734 537 4800 τίςοντες
571 4739 701 4801 υἱοὶ,
729 4739 828 4811 τὴν
860 4739 970 4794 τῶν
1001 4743 1224 4815 πατρῶν
1255 4744 1408 4809 τάξιν
1449 4747 1714 4818 διέλαχον.
1740 4749 1879 4820 Πρὸς

1985 4747 2170 4804 Jesum
2228 4748 2502 4809 Christum
2556 4766 2569 4800 :
2613 4746 2914 4804 Constitues
2968 4764 3054 4801 eos
3105 4746 3362 4817 principes
3410 4759 3566 4813 super

298 4824 353 4878 δέ
379 4843 444 4895 γε
468 4828 559 4883 τὸν
592 4829 797 4903 Κύριον
822 4832 977 4903 ἡμῶν
1023 4834 1229 4905 Ἰησοῦν
1272 4838 1527 4910 Χριστὸνσ
1568 4842 1880 4909 Καταστή-

284 4929 428 4984 ισεις
460 4922 686 4989 αὐτοὺς
728 4923 1027 4995 ἄρχοντας
1071 4928 1170 4984 ἐπὶ
1215 4928 1421 4984 πᾶσαν
1464 4933 1579 5001 τὴν
1608 4932 1742 5003 γῆν.
1770 4935 1882 4988 Καὶ

168 5054 179 5065 .
227 5080 233 5085 .
270 5059 279 5066 ,
304 5013 418 5077 μετ’
449 5011 627 5082 ὀλίγα,
650 5015 789 5084 πλὴν
818 5018 901 5069 ὅτι
927 5019 990 5070 τὸ
1015 5019 1206 5090 ἄρχειν
1230 5022 1416 5087 αὐτοῖς
1436 5024 1538 5077 οὐκ
1568 5025 1881 5079 ἀταλαίπωο

288 5114 394 5191 ,ρον
426 5100 581 5191 ἔσται
614 5106 916 5172 παντελῶς.
945 5109 1211 5178 Ἔμελλον
1254 5112 1310 5165 δὲ
1347 5112 1543 5183 μᾶλλον
1574 5116 1665 5169 καὶ
1697 5118 1884 5189 ἀναρι-

303 5185 524 5263 θμήτων
575 5197 869 5268 πειρᾶσθαι
918 5200 1132 5255 κακῶν
1179 5202 1745 5277 παραποδισθήσονται
1792 5185 1881 5272 δὲ,

305 5284 397 5336 καὶ.
428 5287 531 5340 οὐκ
553 5290 635 5351 είς
667 5289 813 5344 ἆπαν
844 5292 1135 5380 εὑρήσουσι
1174 5296 1275 5367 τῆς
1305 5296 1608 5368 ἀποστολῆς
1635 5299 1727 5351 τὸν
1765 5300 1886 5372 δρό-

308 5388 405 5441 μον
436 5376 697 5431 κινδύνων
735 5376 1183 5453 ἀπηλλαγμένον,
1231 5387 1279 5438 εί
1322 5387 1398 5448 ὡς
1429 5387 1489 5439 ὲν
1522 5385 1677 5458 τύπῳ
1710 5404 1887 5460 παρα-

305 5462 592 5537 δείγματος
620 5471 899 5543 ὐπέφηνεν
930 5473 1130 5539 εἰπὼν,
1156 5477 1238 5529 ὅτι
1281 5478 1604 5548 γενηθήτω
1640 5480 1761 5533 ἀντὶ
1790 5481 1883 5534 τοῦ

307 5553 455 5610 ἔσται
480 5559 537 5611 ὲν
564 5560 642 5631 τῷ
667 5562 774 5615 Δάν
801 5566 830 5616 ὁ
861 5563 970 5619 τῶν
1008 5565 1314 5620 διωκόντων
1342 5568 1512 5638 δῆμος
1539 5569 1613 5632 ὼς
1653 5568 1787 5639 ὄφις
1816 5571 1886 5623 ἐν

310 5647 426 5713 ὀδῷ
458 5653 791 5722 καθήμενος
829 5656 929 5708 ἐπὶ
968 5658 1190 5725 τρίϐου,
1221 5659 1457 5713 δάκνων
1485 5659 1748 5729 πτέρναν
1784 5663 1882 5713 ἵπ-

307 5751 444 5795 που.
496 5743 753 5801 Τουτέστι
805 5748 953 5801 δεινά
1003 5749 1097 5801 καὶ
1141 5750 1356 5819 ἄφυκτα
1398 5752 1647 5823 δήγματα
1687 5752 1879 5817 διδούς·

280 5884 283 5885 ⁷
373 5878 397 5913 ⁸
432 5875 566 5937 Luc.
604 5898 664 5953 ιι,
691 5883 779 5939 54.
882 5887 922 5917 ¹⁰
954 5885 1096 5941 Psal.
1132 5903 1277 5953 χιιι,
1316 5888 1409 5942 l7.

1989 4858 2192 4896 omnem
2221 4850 2438 4897 terram.
2468 4840 2671 4896 Verum
2693 4856 2818 4896 mox
2846 4840 3184 4911 principatus
3209 4837 3298 4892 hic
3322 4836 3427 4891 illis
3457 4851 3567 4889 non

1989 4935 2213 4989 omnino
2242 4933 2572 4990 calamitatis
2603 4912 2800 5005 expers
2837 4946 2954 4989 erat
2995 4933 3244 4997 futurus;
3278 4930 3567 4984 innumera

1987 5023 2130 5077 enim
2172 5024 2355 5094 potius
2399 5018 2823 5094 experiri'mala
2855 5024 3146 5088 debebant,
3173 5029 3229 5075 et
3272 5016 3561 5088 impediri;

1987 5129 2087 5168 nec
2110 5115 2337 5169 omnino
2365 5130 2590 5170 cursum
2623 5117 2964 5186 apostolatus
2991 5112 3230 5168 invenire
3262 5112 3564 5166 immunem

1987 5222 2016 5259 a
2056 5205 2336 5275 periculis,
2366 5206 2510 5276 quod
2555 5206 2705 5260 velut
2742 5206 2976 5275 exempli
3010 5207 3182 5274 ﬁgura
3215 5197 3563 5270 signiﬁcavit,

1984 5313 2107 5354 cum
2141 5297 2280 5351 dixit
2312 5317 2324 5353 :
2357 5296 2507 5361 Fiat,
2540 5301 2642 5352 hoc
2668 5305 2752 5352 est
2783 5297 2874 5351 ﬁet
2904 5297 2956 5349 in
2991 5285 3105 5348 Dan
3154 5298 3564 5361 persecutorum

1986 5388 2275 5444 multitudo
2302 5399 2561 5459 tauquam
2603 5406 2813 5465 serpens
2854 5389 2908 5440 in
2941 5387 3026 5440 via
3056 5384 3236 5439 sedens
3265 5384 3321 5437 in
3352 5382 3567 5448 semita,

1983 5482 2226 5537 mordens
2258 5482 2564 5537 calcaneum
2597 5481 2736 5551 equi.
2772 5477 2886 5533 Hoc
2915 5486 3018 5542 est,
3053 5491 3243 5547 graves
3274 5483 3328 5529 et
3360 5472 3567 5545 pericu-

1983 5574 2131 5629 losos
2172 5589 2393 5630 morsus
2438 5573 2595 5644 ﬁget,
2648 5582 2707 5627 ut
2754 5572 2930 5626 solent
2963 5584 3084 5625 esse
3125 5566 3464 5638 serpentium
3500 5571 3584 5619 ac‘

1976 5665 2296 5734 viperarum
2331 5681 2551 5721 morsus
2601 5663 2913 5735 periculosi.
2951 5661 3222 5717 Calcaneo
3261 5668 3441 5714 autem
3482 5657 3567 5711 in-

1980 5756 2233 5833 ﬂigentur
2267 5777 2289 5812 :»
2310 5773 2435 5812 nam
2486 5759 2596 5826 ipse
2627 5766 2852 5812 conteret
2887 5765 3045 5825 caput
3091 5766 3265 5821 tumn,
3297 5764 3346 5807 et
3399 5764 3453 5806 tu
3484 5751 3567 5804 in-
