4128 6386
503 441 608 502 Εθὸ
1389 447 1447 504 S.
1493 447 1864 504 HIPPOLYTI
1901 449 2051 505 OPP.
2094 449 2276 505 PARS
2314 451 2353 506 l.
2395 481 2462 491 —-
2495 449 2918 508 EXEGETICA.‘
3653 457 3773 514 596-

501 559 782 615 sidiaberis
831 562 1078 618 calcaneo
1122 564 1235 634 ejus
1272 564 1333 617 ¹¹.
1380 564 1462 621 ita
1503 582 1636 623 vero
1682 568 1921 624 insidiati
1957 577 2123 631 sunt,

2192 569 2325 640 τάχα
2353 587 2404 622 τι
2437 569 2504 623 τὰ
2543 569 2650 621 τῶν
2684 568 2852 639 ἔχεων
2897 569 3150 640 δήγματα
3193 569 3593 640 δυσδιάφευκτά
3619 590 3778 641 4m:-

505 652 725 721 quidam
764 655 968 708 sanctis
1015 656 1299 725 apostolis,
1334 666 1396 711 ut
1429 666 1662 714 mortem
1699 659 1866 715 etiam
1897 661 2080 717 carnis

2192 663 2370 715 ἐστίν.-
2389 662 2546 725 Κατὰ
2575 679 2638 730 γε
2670 662 2839 732 αὐτὴν
2860 661 3108 730 ἐγένοντο
3147 661 3247 734 τὴν
3281 663 3535 733 πτέρναν·
3565 663 3778 730 Αὐτὸς

505 741 813 797 intulerint.
845 742 1029 815 Itaque
1056 755 1110 800 et
1136 747 1240 801 tale
1258 747 1460 818 aliquid
1484 751 1813 806 sustinuisse
1834 765 1931 807 eos
1954 752 2082 807 licet

2192 754 2296 825 γάρ
2328 767 2444 807 σου
2469 753 2718 821 τηρήσει
2742 752 2858 821 τὴν
2885 751 3180 822 κεφαλὴν,
3208 752 3308 806 καί
3332 752 3413 807 σὺ
3443 752 3630 807 αὑτοῦ
3657 770 3766 822 τη-

505 834 710 895 diccre.
740 836 902 905 quale
928 837 1039 906 pati
1073 837 1212 893 solet
1240 854 1336 908 pes
1357 840 1485 910 equi
1513 841 1821 898 vacillantis
1845 853 1898 900 et
1929 852 2078 901 retro

2192 844 2397 911 ρήσεις
2423 841 2704 911 πτέρναν.
2747 825 3173 897 Ἐπεϐούλευσαν
3202 842 3260 895 δὲ
3289 842 3432 896 οὓτω
3466 842 3610 908 τινὲς
3646 845 3766 912 τοῖς

506 927 672 981 veluti
722 931 969 985 succussi
1003 946 1023 982 τ
1063 945 1232 1002 eques
1279 932 1426 988 enim
1477 933 1794 1004 deficietur;
1830 946 1994 1006 atque
2023 935 2079 990 in

2192 937 2366 1004 ἁγίοις
2395 935 2732 1000 ἀποστόλοις,
2763 935 2840 998 ὡς
2881 936 2976 989 καὶ
3011 935 3172 1017 αὐτὸν
3203 935 3502 1003 ἐπαγαγεῖν
3540 935 3633 988 τὸν
3663 935 3768 1005 τῆς

511 1031 706 1074 terram
751 1021 911 1076 datus
943 1022 1053 1089 hic,
1083 1023 1300 1093 spirans
1335 1024 1516 1082 adhuc
1547 1031 1847 1097 permanet.
1879 1027 2082 1099 Super-
2119 1067 2123 1077 ι

2192 1025 2393 1094 σαρκὸς
2437 1024 2683 1078 θάνατον.
2712 1025 2826 1079 Καὶ
2863 1024 2928 1096 δή
2973 1022 3212 1087 τοιοῦτον
3251 1024 3786 1095 ὑποστῆναίίφαμεν-

507 1111 662 1167 stites
691 1125 940 1166 mansere
967 1111 1131 1166 etiam
1168 1112 1336 1168 divini
1367 1115 1646 1186 discipuli,
1677 1125 1732 1171 et
1753 1117 1948 1174 salutis
1970 1133 2084 1174 sua:

2192 1113 2387 1176 αὐτοὺς
2413 1115 2594 1167 ὁποῖον
2625 1113 2786 1168 πάθοι
2819 1113 2852 1184 ἢ
2886 1114 3048 1184 τυχὸν
3078 1113 3212 1177 ποῦς
3242 1113 3570 1177 ὀκλάσαντος
3594 1114 3772 1167 ἵππου

504 1211 722 1272 tempus
747 1204 1065 1273 exspectant
1096 1219 1211 1274 quo
1239 1205 1580 1262 vocabuntur
1621 1207 1677 1262 in
1717 1223 1945 1278 regnum
1977 1209 2084 1262 im-

2192 1206 2518 1262 καὶ,ἁνόπιν
2561 1206 2749 1277 ὥσπερ
2788 1206 3144 1277 ύφεξηκότοςι
3181 1205 3615 1278 ύπεραρθήσεται
3654 1205 3792 1278 γὰρ.

505 1308 674 1348 mune
711 1294 782 1348 ab
823 1293 977 1348 omni
1008 1295 1450 1364 perturbatione,
1480 1297 1702 1366 quando
1729 1298 1981 1355 Christus
2006 1299 2088 1356 eis

2194 1297 2459 1366 ἐπιϐάτης
2484 1297 2578 1350 καὶ
2599 1298 2679 1360 εἰς
2711 1297 2811 1368 γῆν
2837 1292 2992 1368 οἶμαί
3011 1315 3112 1350 που
3144 1295 3450 1368 περιπεσὼν
3479 1296 3782 1367 περιμένει.-

507 1385 834 1441 acclamabit
863 1404 877 1440 :
921 1385 1121 1454 Venite,
1159 1386 1413 1442 benedicti
1440 1387 1624 1443 Patris
1653 1391 1760 1444 mei
1791 1391 1856 1457 η,
1884 1400 1938 1445 et
1965 1405 2086 1460 quae

2192 1387 2282 1442 τὸν
2316 1388 2512 1452 ζῶντα.
2544 1389 3025 1461 Περιμεμενήκασι
3047 1388 3106 1442 δὲ
3140 1389 3234 1442 καὶ
3266 1389 3316 1442 οἱ
3352 1387 3628 1442 θεσπέσιοι
3657 1405 3774 1459 μα-

508 1488 832 1546 sequuntur.
2194 1479 2353 1550 θηταὶ
2383 1480 2476 1533 τὸν
2507 1482 2607 1552 τῆς
2631 1481 2838 1534 ἑαυτῶν
2872 1480 3146 1551 σωτηρίας
3168 1480 3378 1552 καιρὸν,
3407 1479 3529 1534 καθ’
3559 1480 3618 1534 ὃν
3649 1481 3778 1532 εἰσ-ο

508 1571 865 1642 κεκλήσονται
903 1574 982 1636 είς
1008 1571 1284 1642 βασιλείαν
1323 1572 1638 1644 ἁκλόνητον,
1675 1573 2070 1644 ἐπιφωνοῦντος
2119 1575 2301 1638 αὐτοῖς
2359 1575 2452 1628 τοῦ
2497 1575 2744 1647 Χριστοῦ
2800 1576 2882 1628 τό·
2917 1576 3114 1638 Δεῦτε,
3138 1578 3190 1629 ol
3229 1573 3619 1645 εὐλογημένοι
3641 1573 3797 1628 τοῦ·

511 1665 742 1732 Πατρός
761 1683 904 1734 μου,
936 1667 1028 1718 καὶ
1055 1665 1124 1718 τὰ
1163 1665 1308 1738 ἑξῆς.
2565 1669 2567 1671 ’
2772 1649 2775 1652 θ
3112 1689 3115 1692 ’
3412 1730 3414 1732 τ
3502 1655 3510 1662 Ι
3677 1663 3680 1667 ⁵

581 1761 738 1826 Quod
771 1762 817 1815 si
850 1761 976 1830 quis
1006 1761 1145 1816 nolit
1187 1761 1731 1836 intelligerepliquos
1754 1765 2087 1836 serpentium
2107 1745 2121 1776 "

2262 1760 2372 1814 Καὶ
2403 1758 2586 1822 πάλιν,
2611 1757 2658 1810 εί
2681 1755 2748 1816 ,δὲ
2775 1755 2848 1827 μὴ
2883 1753 3220 1824 βούλητότις
3243 1751 3363 1821 ούχὶ
3400 1749 3478 1820 τῷ
3507 1747 3614 1804 Δὰν
3641 1747 3794 1802 ἔσει

510 1824 686 1905 instar
717 1851 822 1920 ipsi
851 1824 968 1906 Dan
1002 1852 1343 1920 insidiantes,
1362 1824 1676 1925 sed/ipsum
1707 1824 2091 1913 aliis-insidias

2194 1851 2318 1905 σθαί
2344 1867 2494 1912 τινας
2515 1848 2590 1912 ὡς
2615 1847 2737 1916 ὄφις
2769 1824 3202 1916 ἐγκαθημένους,
3223 1841 3338 1896 ἀλλ’
3365 1841 3526 1894 αὐτὸν
3561 1839 3798 1912 ἐτέροις,

511 1951 724 1998 struere
751 1943 1033 2006 :dicemus
1067 1959 1163 2013 per
1188 1943 1304 2000 Dan
1328 1947 1479 2002 illum
1513 1948 1762 2004 denotari
1796 1947 2014 2004 Seribas
2035 1956 2092 2004 et
2119 1981 2123 2035 ς

2194 1941 2564 1997 ἐπιϐουλεύειν
2596 1937 2687 1993 τδν
2713 1937 2819 1991 Δὰν
2842 1939 3068 2001 ἐκεῖνον,
3103 1933 3336 2008 ἐρούμεν
3360 1933 3443 1985 ὅτι
3467 1931 3527 1984 τὺ
3561 1930 3796 2035 κρίνειν.

511 2033 820 2089 Pharisaeos
865 2034 1200 2105 hypocritas,
1229 2037 1324 2107 qui
1366 2053 1491 2093 cum
1535 2038 1628 2108 jus
1671 2039 1852 2095 dicere
1888 2027 2123 2110 populo‘

2192 2035 2284 2088 καὶ
2334 2030 2692 2104 καθηγεῖσθαι
2745 2029 2890 2100 λαῶν
2933 2026 3150 2098 ἔχοντες
3177 2027 3241 2087 ,οἱ
3283 2025 3635 2096 Γραμμτεῖς
3672 2022 3800 2076 καὶ,

510 2125 674 2193 eique
698 2139 935 2194 praeesse
976 2125 1260 2192 deberent,
1295 2129 1630 2197 serpentium
1671 2116 1844 2185 insta}
1867 2129 2091 2186 Christo

2192 2125 2505 2197 Φαρσιαῖοι,
2557 2119 2846 2192 ὑποκριταὶ
2899 2117 3068 2190 ἔχεων
3127 2117 3282 2189 δίκην
3346 2116 3644 2186 ἐπεφύοντο
3693 2115 3787 2186 τῷ

514 2215 757 2271 insidiati
807 2225 957 2282 sunt,
992 2216 1266 2289 impieque
1291 2219 1623 2276 studuerunt
1662 2220 1916 2291 impactis
1941 2239 2089 2278 mor-

2192 2217 2430 2292 Χριστῷ,
2469 2216 2570 2270 καὶ
2593 2215 2876 2278 οίονείπως
2905 2212 2998 2266 τοῦ
3033 2213 3098 2265 ἐκ
3129 2210 3224 2265 τοῦ
3268 2210 3486 2265 πίπτειν
3516 2209 3606 2264 διὰ
3633 2208 3790 2282 ὑψη-

513 2307 668 2364 sibus
708 2307 941 2375 efﬁcere,
973 2318 1032 2364 ut
1072 2310 1119 2365 is
1170 2325 1267 2380 per
1297 2310 1462 2365 altam
1505 2311 1834 2382 planamquc
1866 2314 2093 2370 omnino

2192 2312 2290 2382 λῆς
2316 2308 2568 2364 ὁδεύοντα
2595 2308 2691 2362 καὶ
2711 2307 2860 2368 λείας
2896 2306 3098 2360 ἅττονα
3125 2302 3310 2376 τρίϐον
3347 2302 3621 2372 δήγμασιν
3660 2319 3785 2353 πα-

513 2397 763 2452 semitam
797 2397 1106 2469 ingrediens
1149 2400 1390 2455 caderet.
1415 2399 1748 2473 Quanquam
1784 2419 1912 2458 vero
1947 2405 2092 2459 ceci-

2193 2394 2555 2475 ρακόπτοντες
2597 2397 2827 2461 ἀνοσίως
2879 2394 3232 2458 ἐσπούδαζον.
3290 2393 3427 2447 Ἀλλ’
3464 2393 3514 2446 εί
3549 2393 3641 2444 καὶ
3675 2392 3792 2443 πέ-

511 2490 593 2544 dit
637 2504 839 2559 eques,
887 2500 1188 2559 spontanca
1240 2492 1392 2547 obita
1435 2503 1610 2549 morte
1656 2496 1858 2564 carnis,
1909 2506 2091 2552 tamen

2192 2482 2409 2548 πτωκεν
2440 2494 2469 2545 ὁ
2503 2491 2723 2553 ἱππεὺς,
2752 2485 3034 2557 ἐθελοντὴς
3064 2482 3296 2546 ἀνατλὰς
3326 2483 3417 2535 τὸν
3449 2483 3547 2553 τῆς
3570 2481 3798 2552 σαρκὸς

511 2582 709 2636 iterum
737 2581 962 2648 revixit,
998 2583 1304 2656 adiutorem
1338 2593 1394 2638 et
1441 2585 1787 2642 reductorem
1819 2591 1880 2642 in
1921 2589 2089 2643 vitam

2192 2585 2441 2638 θάνατον·
2463 2580 2585 2635 ’ἀλλ’
2626 2576 2718 2634 οὖν
2761 2579 2855 2633 καὶ
2897 2575 3258 2631 ἀναϐιώσεται
3304 2573 3653 2644 συλλήπτορα
3679 2573 3792 2626 καῖ’,

512 2671 720 2728 habens
768 2674 1009 2728 Patrem.
1056 2674 1195 2730 Cum
1234 2676 1378 2732 enim
1413 2679 1650 2746 potentia
1691 2678 1785 2735 Dei
1821 2689 1876 2735 et
1912 2680 2092 2738 Patris

2192 2673 2479 2741 ἐπαγωγὸν
2511 2668 2832 2740 ποιούμενος
2857 2665 2947 2719 τὸν
2979 2665 3218 2735 Πατέρα.
3279 2661 3518 2732 Δύναμις
3556 2659 3664 2732 γὰρ
3695 2658 3798 2713 ὢν.

512 2764 586 2819 sit
615 2765 810 2833 Filius,
839 2768 1100 2837 templum
1138 2784 1313 2823 suum
1340 2769 1466 2824 vita:
1495 2771 1754 2825 restituit.
1786 2771 1972 2842 Itaque
1993 2774 2088 2844 qui

2192 2767 2284 2820 τοῦ
2318 2762 2453 2818 Θεοῦ
2485 2763 2577 2816 καὶ
2605 2759 2820 2832 Πατρὸς
2856 2759 2887 2812 ὁ
2929 2756 3077 2823 Υἱὸς,
3108 2756 3199 2808 τὸν
3229 2754 3358 2808 ίδιον
3397 2752 3562 2844 αὑτοῦ

509 2866 572 2912 ιιι
603 2857 769 2913 homo
797 2859 1100 2928 periculum
1128 2861 1397 2933 subierat,
1429 2882 1460 2921 a
1492 2865 1652 2922 Patre
1697 2864 1945 2920 salvatus.
1968 2843 2092 2921 esse

2192 2857 2338 2926 γόνει
2371 2843 2517 2908 ναόν.
2560 2850 2749 2922 Ταύτῃ
2782 2847 3050 2910 σεσῶσθαι
3095 2847 3311 2914 λέγεται
3343 2843 3496 2916 παρὰ
3533 2843 3624 2896 τοῦ
3658 2844 3790 2902 Παι-

516 2949 837 3018 aﬂirmatur,
872 2932 1209 3022 qumquam“
1233 2964 1428 3012 natura
1479 2972 1580 3013 sua
1623 2955 2090 3024 exsistensDeus,

515 3048 570 3096 et
620 3042 929 3098 universam
975 3043 1091 3113 ipse
1116 3045 1387 3103 visibilem
1430 3056 1486 3105 et
1525 3049 1850 3105 invisibilem
1880 3056 2093 3105 creatu-

516 3150 636 3190 ram
664 3133 718 3189 in
745 3134 895 3213 bono
921 3145 1065 3193 statu
1093 3153 1447 3197 conservans.
1483 3140 1558 3197 Ita
1594 3141 1900 3213 intelligens
1924 3141 2088 3197 etiam

515 3225 738 3281 divinus
779 3226 981 3285 Paulus
1028 3231 1094 3286 de
1137 3231 1229 3288 illo
1254 3232 1330 3287 ait
1376 3249 1391 3285 :
1426 3232 1545 3288 Etsi
1589 3235 1874 3302 cruciﬁxus
1906 3237 1984 3289 est
2023 3249 2090 3288 ex

515 3319 852 3387 inﬁrmitate,
879 3323 969 3375 sed
998 3323 1120 3378 vivit
1151 3340 1215 3378 ea:
1243 3325 1435 3380 virtute
1471 3325 1570 3379 Dei
1602 3327 1664 3382 ’⁸.

593 3492 730 3549 Aser
779 3503 928 3552 sorte
979 3498 1186 3567 accepit
1240 3497 1628 3554 Ptolemaidem
1685 3507 1740 3555 et
1802 3501 2090 3564 Sidoneni‘.

521 3581 645 3636 ideo
671 3583 747 3636 ait
776 3599 789 3634 :
824 3583 1045 3655 Pinguis
1073 3587 1186 3657 ejus
1215 3590 1400 3659 panis,
1439 3599 1489 3644 et
1536 3591 1646 3660 ipse
1686 3590 1834 3644 dabit
1872 3591 2093 3646 delicias

520 3674 866 3744 principibus.
916 3676 1033 3732 Hoc
1075 3680 1301 3750 ﬁguram
1331 3673 1636 3738 vocationis
1683 3691 1884 3738 nostra:
1924 3683 2094 3739 inter—

521 3771 823 3832 pretamur.
861 3764 1018 3831 Quod
1058 3768 1205 3822 enim
1235 3769 1456 3840 pingue,
1489 3771 1697 3826 lautum
1722 3781 1824 3830 est.
1858 3771 2094 3839 Quinam

521 3869 652 3908 vero
674 3855 832 3924 panis
861 3857 1061 3912 lautior
1107 3861 1334 3915 nostro?
1361 3860 1556 3918 Noster
1589 3865 1736 3919 enim
1778 3865 1940 3936 panis
1981 3865 2094 3921 Do-

519 3947 704 4001 minus
735 3957 836 4015 est,
877 3957 934 4004 ut
977 3950 1091 4020 ipse
1117 3951 1230 4007 ait:
1263 3951 1378 4024 Ego
1406 3970 1524 4009 sum
1562 3957 1714 4024 panis
1749 3957 1872 4011 vitm
1898 3955 1967 4012 η.
1993 3954 2098 4012 Ec-

519 4040 646 4109 quis
676 4055 806 4094 vero
835 4040 976 4098 alius
1013 4042 1162 4098 dabit
1191 4044 1372 4100 cibum
1399 4047 1758 4118 principibus,
1788 4065 1955 4121 quam
1983 4050 2111 4106 Do»-

519 4131 703 4186 minus
733 4142 920 4188 noster
962 4132 1124 4190 Jesus
1166 4135 1458 4194 Christus?
1492 4137 1611 4196 Non
1656 4149 1871 4198 tantum
1901 4142 1970 4198 iis
1999 4142 2093 4213 qui

518 4224 750 4280 credunt
772 4241 803 4281 e
825 4227 1100 4297 gentibus,
1127 4229 1222 4284 sed
1253 4229 1418 4285 etiam
1445 4247 1510 4288 ex
1535 4233 1975 4302 circumcisione,
1999 4236 2091 4306 qui

516 4316 884 4386 principatum
933 4329 1119 4374 tenent
1169 4320 1224 4376 in
1273 4323 1408 4390 ﬁde,
1461 4325 1566 4381 hoc
1606 4335 1692 4381 est
1728 4327 2006 4397 patribus,
2039 4335 2094 4382 et

517 4408 870 4477 patriarchis,
905 4419 962 4465 et
989 4414 1297 4484 prophetis,
1331 4417 1700 4488 omnibusque
1744 4420 2091 4476 credentibus

519 4497 575 4551 in
607 4515 802 4556 nomen
839 4503 959 4572 ejus
985 4519 1050 4559 ac
1076 4506 1406 4575 passionem.

2191 2949 2319 3024 τρὸς
2352 2941 2777 3006 κεκινδυνευκὼς
2798 2942 2874 3005 ὡς
2896 2939 3201 3012 ἄνθρωπος,
3229 2937 3406 2992 καίτοι
3438 2935 3579 2991 κατὰ
3609 2935 3798 3005 φύσιν,

2193 3037 2456 3113 ὑπάρχων
2483 3037 2638 3101 Θεὸς,
2672 3037 2768 3090 καὶ
2799 3035 2925 3106 ὃλην
2954 3031 3116 3096 αὐτὸς
3149 3032 3229 3096 εἰς
3256 3031 3318 3085 τὸ
3347 3025 3407 3084 εὖ
3436 3025 3575 3082 εῖναι
3612 3028 3788 3081 συνέ-

2152 3115 2159 3126 ’
2194 3153 2302 3206 χων
2331 3133 2529 3205 ὁρατήν
2555 3147 2616 3184 τε
2644 3130 2739 3183 καὶ⁵
2763 3126 2992 3199 ἀόρατον
3022 3125 3221 3179 κτίσιν.
3264 3123 3420 3177 Οὕτω
3455 3138 3557 3174 που
3591 3120 3800 3184 συνεὶς,

2193 3228 2289 3282 καὶ
2335 3227 2364 3279 ὁ
2410 3225 2694 3286 θεσπέσιος
2738 3218 2951 3284 Παῦλος
2991 3217 3119 3288 περὶ
3163 3215 3328 3271 αὐτοῦ
3381 3229 3531 3286 φησι·
3564 3215 3633 3267 El
3673 3213 3785 3266 καὶ

2117 3322 2160 3381 C
2190 3315 2538 3385 ἐσταυρώθη
2565 3314 2634 3379 ἐξ
2671 3312 3010 3376 ἀσθενείας,
3051 3309 3212 3363 ἀλλὰ
3242 3304 3311 3374 ζῇ
3350 3306 3448 3359 καὶ
3491 3304 3561 3358 ἐκ
3589 3301 3786 3356 δυνά-

2191 3427 2348 3480 μεως
2374 3406 2544 3461 Θεοῦ.
3554 3447 3561 3454 .

2281 3497 2448 3571 Ἀσὴρ
2478 3494 2885 3568 ἐκληρονόμησε
2918 3491 2987 3545 τὰ
3029 3509 3096 3545 πε
3105 3493 3157 3561 pl.
3183 3488 3520 3559 Πτολεμαΐδα
3561 3487 3654 3540 καὶ
3688 3486 3786 3537 Σι-

2197 3591 2359 3658 δῶνα,
2391 3590 2485 3644 καὶ
2510 3589 2597 3643 διὰ
2627 3586 2784 3641 τοῦτὸ
2805 3602 2959 3657 φησι’
2988 3585 3148 3638 Πίων
3169 3581 3356 3637 αὑτοῦ
3383 3584 3414 3634 ό
3437 3579 3645 3648 ἄρτος,
3672 3579 3782 3630 καὶ

2199 3683 2382 3750 αὐτὸς
2423 3681 2601 3736 δώσει
2635 3679 2872 3750 τρυφὴν
2913 3676 3188 3745 ἄρχουσι.
3213 3673 3385 3727 Τοῦτο
3425 3671 3782 3742 λαμϐάνομεν

2200 3779 2280 3840 είς
2303 3775 2474 3830 τύπον
2506 3775 2605 3845 τῆς
2634 3773 2878 3843 κλήσεως
2911 3771 3010 3839 τῆς
3049 3766 3342 3839 ἡμετέρας.
3369 3764 3442 3817 Τὸ
3487 3762 3595 3834 γὰρ
3629 3760 3778 3824 πίον,

2196 3867 2426 3940 λιπαρόν
2476 3868 2614 3919 ἐστι.
2663 3862 2908 3934 Λιπαρὺς
2957 3860 3014 3914 δέ
3044 3859 3189 3922 τίνος
3233 3854 3457 3929 ἄρτοςῆ
3487 3853 3679 3925 ἡμῶν;
3718 3852 3782 3904 '0

2195 3962 2305 4032 γὰρ
2335 3957 2544 4030 Κύριός
2590 3957 2740 4010 ἐστιν
2785 3952 2945 4025 ἡμῶν
2988 3953 3018 4005 ὁ
3059 3951 3244 4022 ἄρτος,
3279 3945 3465 4008 καθὼς
3501 3945 3648 4014 λέγει
3679 3945 3793 3997 καὶ-

2197 4051 2377 4116 αὐτὸς·
2417 4048 2559 4120 Ἐγώ
2597 4050 2717 4118 εἰμι
2756 4049 2790 4101 ό
2815 4045 2994 4116 ἄρτος
3039 4040 3148 4110 τῆς
3180 4038 3349 4107 ζωῆς.
3374 4037 3471 4100 Τίς
3517 4036 3578 4090 δέ
3618 4034 3786 4101 ἄλλος

2196 4145 2357 4200 δώσει
2405 4143 2612 4217 τροφὴν,
2656 4142 2936 4213 ἄρχουσιν,
2988 4138 3022 4208 ἢ
3057 4137 3086 4191 ὁ
3122 4135 3326 4208 Κύριος
3372 4131 3528 4204 ήμῶν
3569 4130 3786 4203 Ἰησοῦς

2198 4238 2462 4311 Χριστός;
2497 4236 2570 4290 Οὐ
2603 4231 2905 4306 μόνον’τοῖς
2946 4229 3007 4295 ἐξ
3047 4227 3218 4282 ἐθνῶν
3245 4224 3614 4291 πιστεύουσιν,
3639 4222 3786 4278 ἀλλὰ

2198 4330 2426 4392 καὶτοῖς
2455 4327 2521 4379 ἐκ
2557 4324 2857 4396 περιτομῆς
2875 4363 2890 4387 ,
2918 4321 3204 4392 ἐξάρχουσι
3239 4317 3335 4387 τῆς
3363 4315 3618 4378 πίστεως.
3636 4333 3786 4372 τουτο

2203 4423 2320 4476 ἐστι
2399 4418 2641 4489 πατράσι
2685 4414 2780 4468 καὶ
2826 4411 3223 4484 πατριάρχαις,
3275 4406 3371 4460 καὶ
3426 4407 3776 4478 προφήταις,

2197 4513 2292 4564 καὶ
2324 4511 2457 4562 πᾶσι
2485 4509 2596 4570 τοῖς
2629 4503 2975 4559 πιστεύουσιν
3007 4504 3085 4564 είς
3111 4499 3170 4552 τὸ
3195 4498 3365 4569 ὄνομα
3387 4496 3548 4551 αὑτοῦ
3579 4495 3667 4549 καὶ
3693 4497 3778 4557 εἰς

2197 4606 2258 4658 τὸ
2288 4602 2477 4666 πάθος.

593 4679 790 4737 Cenes.
831 4700 981 4750 xux,
1006 4687 1172 4742 21-226
1203 4707 1216 4743 :
1255 4688 1600 4760 Nephthalim
1629 4695 1913 4766 virgultum
1947 4712 2088 4751 reso—
2119 4703 2123 4756 '.

2209 4648 2604 4765 "Ille;ti:c:lslp
2653 4648 2944 4762 στέλεχος
2990 4688 3303 4760 ἀνειμένον
3353 4684 3654 4752 ἐπιδιδοὺς
3706 4682 3784 4738 ἐν

518 4770 710 4838 lutum,
741 4773 875 4828 dans
914 4777 969 4830 in
1013 4780 1242 4848 germine
1271 4782 1738 4852 pulchritudinem.
1781 4785 1960 4841 Filius
1991 4804 2092 4841 au-

518 4873 634 4917 ctus
671 4863 888 4935 Ioseph,
917 4869 1062 4939 ﬁlius
1094 4883 1280 4928 auctus
1318 4892 1462 4931 meus
1496 4879 1728 4942 zelatus,
1770 4877 1914 4947 ﬁlius
1948 4895 2092 4934 meus

517 4955 939 5024 adolescentior;
988 4964 1057 5016 ad
1106 4981 1187 5019 me
1237 4977 1507 5023 reuertere.
1554 4969 1621 5025 In
1667 4988 1820 5042 quem
1868 4974 2093 5028 consilia

514 5049 839 5119 conferentes
869 5055 1271 5123 maledicebant,
1300 5068 1351 5113 et
1381 5061 1717 5118 intendebant
1756 5065 1814 5117 in
1851 5080 1969 5118 eum
1997 5065 2094 5118 do-

517 5142 652 5196 mini
684 5147 1116 5216 .sagittationum.
1163 5149 1235 5205 Et
1270 5154 1486 5208 contriti
1529 5166 1651 5209 sunt
1698 5173 1816 5210 cum
1857 5159 2092 5227 potentia

519 5249 675 5290 arcus
711 5254 911 5305 eorum,
938 5252 987 5295 et
1015 5242 1261 5299 dissoluti
1290 5255 1414 5301 sunt
1444 5248 1588 5300 nervi
1615 5247 1953 5303 brachiorum
1979 5265 2094 5304 ma-

519 5341 682 5379 nuum
711 5345 892 5384 eorum
942 5350 1035 5403 per
1079 5353 1296 5390 manum
1335 5339 1561 5408 potentis
1588 5339 1776 5394 Iacob.
1823 5339 1957 5394 Inde
2000 5343 2091 5411 qui

476 5420 837 5487 ,confortavit
876 5424 1050 5481 Israel
1094 5447 1128 5483 a
1170 5429 1279 5483 Deo
1312 5431 1486 5499 patris
1533 5432 1632 5487 tui.
1676 5431 1747 5486 Et
1794 5434 1997 5502 adjuvit
2043 5447 2092 5490 te

520 5506 660 5562 Deus
684 5527 848 5580 meus,
882 5527 931 5570 et
960 5518 1222 5575 benedixit
1249 5533 1298 5577 te
1327 5515 1682 5577 benedictione
1709 5523 1826 5578 coeli
1851 5525 2090 5595 desuper,

517 5611 566 5652 et
599 5599 949 5662 benedictione
996 5622 1150 5668 terrae
1182 5613 1423 5669 habentis
1464 5615 1663 5682 omnia,
1697 5628 1909 5685 propter
1937 5616 2089 5671 bene-

615 5841 656 5877 “
683 5838 818 5897 Gen.
860 5857 938 5910 ιιι,
967 5843 1052 5899 15.

2196 4792 2277 4858 τῷ
2320 4787 2642 4860 γεννήματι
2674 4785 2923 4852 κάλλος.
2967 4785 3102 4850 Υἱὸς
3141 4781 3482 4851 ηὐξημένος
3526 4778 3781 4847 Ἰωσὴφ,

2195 4883 2327 4950 υίὸς
2349 4879 2688 4952 ηὐξημένος
2713 4897 2831 4949 μου
2864 4876 3138 4946 ζηλωτὸς,
3163 4874 3292 4941 υἱός
3319 4891 3439 4944 μου
3463 4871 3779 4936 νεώτατος·

2197 4977 2347 5044 πρός
2392 4990 2470 5044 με
2522 4971 2929 5039 ἀνάστρεψον.
2972 4969 3077 5032 Είς
3135 4965 3207 5019 ὃν
3254 4962 3785 5031 διαϐουλευόμενοι

2195 5069 2563 5138 ἐλοιδόρουν,
2585 5065 2684 5121 καὶ
2712 5064 2950 5135 ἐνεῖχον
2970 5059 3132 5127 αὐτῷ
3151 5061 3346 5130 κύριοι
3373 5055 3778 5127 τοξευμάτων.

2197 5160 2310 5217 Καὶ
2331 5161 2652 5229 συνετρίϐη
2676 5158 2827 5229 μετὰ
2853 5156 3113 5226 κράτους
3145 5155 3222 5211 τὰ
3253 5153 3401 5219 τόξα
3428 5149 3644 5216 αὐτῶν,
3673 5151 3782 5204 καὶ

2197 5253 2456 5321 ἐξελύθη
2493 5251 2567 5306 τὰ
2601 5251 2788 5320 νεῦρα
2822 5249 3166 5319 βραχιόνων
3189 5245 3404 5318 χειρῶν
3438 5241 3638 5299 αὐτῶν
3675 5241 3781 5297 διὰ

2198 5345 2366 5416 χεῖρα
2416 5341 2729 5399 δυνάστου.
2766 5339 2980 5395 Ἰακώϐ.
3025 5338 3279 5393 Ἐκεῖθεν
3315 5337 3350 5390 ό
3395 5333 3779 5403 κατισχύσας

2210 5432 2450 5502 Ἰσραὴλ
2487 5431 2647 5500 παρὰ
2690 5431 2838 5484 Θεοῦ
2875 5428 2982 5483 τοῦ
3015 5428 3238 5497 πατρός
3284 5441 3420 5481 σου.
3452 5423 3564 5479 Καί
3603 5421 3778 5488 ἐϐοή-

2199 5524 2349 5594 θησέ
2380 5540 2481 5579 σοι
2515 5529 2549 5579 ό
2582 5521 2726 5588 Θεὸς
2751 5525 2783 5575 ό
2809 5521 2972 5591 ἐμὸς,
3019 5521 3118 5575 καὶ
3159 5517 3461 5589 εὐλόγησέ
3484 5533 3560 5572 σε
3595 5517 3777 5593 εὐλο-

2199 5616 2336 5685 γίαν
2364 5612 2626 5684 οὐρανοῦ
2655 5613 2903 5677 ἄνωθεν,
2931 5612 3030 5668 καὶ
3067 5611 3350 5682 εὐλογίαν
3373 5607 3485 5681 γῆς
3506 5606 3780 5680 ἐχούσης

1158 5845 1199 5874 "
1228 5841 1416 5904 Matth.
1449 5860 1572 5909 xxv,
1611 5843 1696 5898 54.
1792 5845 1834 5875 ¹³
1863 5842 1904 5897 ll
1937 5842 2065 5898 Cor.
2099 5857 2222 5911 xm,
2246 5843 2299 5900 4.
2394 5840 2440 5876 ⁸⁸
2466 5838 2623 5898 Joan.
2653 5855 2734 5910 vr,
2761 5840 2848 5896 '55.
