4128 6432
328 439 422 498 597

1492 435 1580 491 FB
1589 430 1916 490 AGMENTA
1949 428 2015 484 IN
2054 426 2369 486 GENESIN.

3466 416 3571 471 598

328 562 519 619 πάντα
540 561 776 618 εἵνεκεν
813 562 1094 632 εὐλογίας
1112 560 1361 631 μαστῶν
1399 559 1493 613 καὶ
1520 554 1872 627 μήτραςιεύ

2008 551 2287 604 dictionem
2315 548 2531 602 uberum
2556 556 2605 600 et
2633 543 2828 610 aulum,
2856 541 3264 596 benedictionem
3295 539 3461 607 patris
3494 537 3573 589 tui

327 656 525 727 λογίας
553 656 780 724 πατρός
801 671 917 709 σου
942 631 1042 708 καὶ
1069 653 1293 724 μητρός
1319 651 1478 706 σου-ἔ
1486 650 1884 717 ὑπερίσχυσεν

2003 652 2053 696 et
2101 642 2288 695 matris
2337 649 2476 702 tum;
2505 636 2780 708 praevaluit
2812 651 2968 703 super
3001 631 3379 686 benedictiones
3418 645 3571 683 mon—
3608 685 3613 690 _

327 719 419 800 ex;
441 719 769 815 εὐλογίαις
793 744 979 814 ὀρέων
1017 719 1305 814 μονίμων,
1340 740 1441 796 καὶ
1481 740 1573 794 ἐπ’
1600 737 1884 808 εὐλογίαις

2004 732 2136 784 tium
2171 727 2466 792 stabilium,
2512 735 2561 781 et
2604 727 2661 780 in
2701 720 3146 779 benedictionibus
3173 719 3385 773 collium
3417 729 3573 773 reter—

327 836 504 888 θινῶν
529 837 815 890 αἰωνίωνοσ
838 834 900 889 αἳ
935 833 1178 889 ἔσονται
1207 832 1305 887 ἐπὶ
1350 827 1631 899 κεφαλὴν
1665 825 1895 896 Ἰωσὴφ,

326 924 423 978 καὶ
448 923 548 1000 ἐπὶ
568 921 859 993 κορυφῆς,
883 916 971 976 ὧν
998 920 1271 991 «ἡγήσατο
1298 916 1594 989 ἀδελφῶν.

395 1016 774 1072 Hirrou'rus:
807 1015 904 1079 Τίς
927 1011 1462 1083 ἄλλόςληὺξημένος
1495 1010 1626 1076 υἱὸς
1665 1008 1762 1062 καὶ
1806 1004 1899 1074 ζη-

2002 838 2191 874 norum
2221 837 2240 874 :
2269 829 2419 874 erunt
2472 833 2627 886 super
2673 826 2827 886 caput
2878 811 3071 883 Ioseph
3095 854 3110 879 ,
3138 820 3187 864 et
3223 826 3378 879 super
3416 814 3574 877 caput

2001 913 2251 982 fratrum,
2287 924 2505 981 quorum
2530 908 2640 962 dua:
2670 908 2790 977 fuit.

2071 1001 2273 1072 Ecquis
2304 1001 2446 1057 alius
2479 998 2623 1069 ﬁlius
2668 1008 2853 1052 auctus
2882 1006 2931 1052 et
2966 995 3165 1049 zelatus
3207 993 3260 1046 in
3297 991 3444 1045 hunc
3478 1006 3572 1045 us-

322 1109 513 1174 λωτὸς
546 1107 652 1171 ἕως
691 1108 791 1179 τῆς
831 1104 1090 1179 σήμερον,
1114 1080 1162 1159 εί
1205 1080 1340 1176 μὴτὸ
1367 1104 1570 1175 Κύριος
1596 1098 1753 1172 ἡμῶν
1796 1100 1884 1170 Ἰη-

1998 1108 2106 1163 que
2140 1093 2306 1157 diem,
2338 1087 2515 1162 quam
2551 1088 2816 1144 Dominus
2858 1095 3042 1141 noster
3074 1083 3234 1138 Jesus
3274 1080 3576 1137 Christus?

324 1199 451 1262 σούς
481 1197 745 1276 Χριστός
775 1197 1021 1270 Ζηλωτὸς
1054 1197 1149 1269 μὲν
1173 1193 1266 1251 οῦν
1308 1196 1416 1268 ἄρα
1451 1193 1546 1248 καὶ
1572 1193 1686 1257 τοῖς
1718 1192 1896 1263 μισεῖν

322 1282 651 1360 θελόμενοις,
706 1288 848 1360 πλὴν
885 1288 985 1342 οὐκ
1026 1290 1106 1353 είς
1152 1288 1296 1342 ἅπαν
1340 1286 1631 1356 ἁλώσιμος.
1679 1284 1747 1337 El
1788 1281 1895 1351 γὰρ

321 1380 414 1432 καὶ
441 1379 638 1452 ἀνέτλη
671 1379 923 1451 σταυρὸν,
953 1378 1066 1434 ἀλλ’
1099 1380 1175 1444 ὡς
1218 1380 1354 1443 Θεὸς
1397 1378 1617 1442 ἀνεϐίω,
1652 1375 1897 1445 πατήσας

316 1469 409 1522 τὸν
444 1469 692 1539 θάνατον,
724 1470 882 1547 μόνον
918 1470 977 1524 δὲ
1007 1471 1127 1541 οὐχὶ
1156 1468 1365 1523 καὶτοῦ
1394 1466 1529 1521 Θεοῦ
1560 1469 1655 1520 καὶ
1687 1464 1896 1536 Πατρὸς

206 1544 209 1551 ’
315 1558 719 1626 ἐπιφωνοῦντος.
745 1544 840 1613 καὶ
881 1558 1147 1629 λέγοντος·
1176 1559 1391 1614 ’Κάθου
1421 1558 1489 1611 ἐκ
1520 1554 1734 1621 δεξιῶν
1752 1572 1893 1625 μου,

317 1651 409 1704 καὶ
433 1650 502 1704 τὰ
527 1650 674 1722 ἑξῆς.
712 1652 832 1705 Ὅτι
864 1650 972 1723 γὰρ
995 1648 1414 1704 ὐποπεπτώκασι
1446 1649 1539 1703 καὶ
1561 1650 1608 1702 οἱ
1641 1647 1897 1717 πλείστην

1999 1181 2217 1237 Zelatus
2248 1181 2465 1251 quidem
2492 1178 2608 1234 sive
2647 1177 2845 1232 invidia
2880 1176 3079 1246 petitus
3116 1176 3184 1229 ab
3218 1175 3285 1228 iis
3316 1172 3408 1243 qui
3444 1170 3570 1227 odio

1997 1285 2121 1325 eum
2149 1269 2402 1340 prosequi
2434 1268 2690 1339 gaudent,
2731 1276 2787 1321 at
2821 1282 2928 1320 non
2959 1265 3182 1319 omnino
3206 1269 3567 1332 expugnatus.

1997 1363 2322 1434 Quanquam
2356 1361 2500 1416 enim
2550 1375 2771 1416 crucem
2811 1357 3093 1423 sustinuit,
3123 1363 3300 1409 tamen
3337 1362 3397 1405 ut
3426 1350 3570 1405 Deus

1996 1456 2163 1512 rediit
2216 1457 2271 1511 in
2321 1455 2520 1520 vitam,
2567 1463 2907 1522 mortemque
2952 1448 3311 1510 conculcavit,
3362 1445 3472 1499 Deo
3515 1458 3570 1499 et

1996 1548 2160 1603 Patre
2210 1547 2315 1618 ipsi
2352 1548 2691 1602 acclamante
2744 1560 2809 1599 ac
2840 1544 3055 1599 dicente
3087 1557 3101 1593 :
3135 1538 3266 1593 Sede
3294 1554 3327 1591 a
3365 1537 3568 1590 dextris

1995 1640 2125 1694 meis
2156 1639 2222 1705 ι’,
2255 1646 2310 1694 et
2336 1652 2458 1708 quae
2507 1643 2830 1707 sequuntur.
2874 1632 3032 1700 Quod
3067 1631 3214 1685 enim
3261 1628 3569 1684 succubue-

316 1741 449 1811 ὅσην
490 1741 589 1810 τὴν
626 1742 747 1796 κατ’
781 1741 943 1794 αὐτὸν
988 1740 1182 1811 μανίαν
1215 1739 1517 1803 ὡδίνοντες,
1552 1732 1786 1805 ἐδίδαξεν
1817 1740 1884 1802 ει-

1994 1738 2125 1787 runt
2154 1730 2280 1802 ipsi,
2325 1729 2490 1784 etiam
2538 1728 2615 1782 illi
2650 1726 2743 1798 qui
2789 1726 3081 1795 plurimam
3123 1723 3384 1777 adversus
3407 1734 3568 1775 eum-

316 1828 454 1880 πών-
481 1830 583 1894 Είς
620 1827 694 1881 ὃν
723 1828 1240 1899 διαϐουλευόμενοι
1267 1827 1368 1881 καὶ
1393 1814 1754 1896 ἐλοιδώρουν
1791 1828 1884 1881 καί

1993 1824 2116 1879 dem
2170 1821 2438 1876 insaniam
2494 1816 2888 1890 parturiebant,
2941 1814 3101 1870 docet
3142 1832 3266 1871 cum
3320 1818 3396 1873 ait
3441 1837 3454 1871 :
3500 1815 3571 1893 In

311 1918 550 1988 ἐνεῖχον
598 1918 759 1985 αὐτῷ
803 1921 991 1989 κύριοι
1036 1904 1432 1988 τοξευμάτων.
1484 1919 1744 1991 Συνέδρια
1779 1919 1884 1991 γὰρ

1991 1931 2143 1987 quem
2174 1913 2399 1967 consilia
2429 1912 2752 1981 conferentes
2803 1907 3181 1964 maledicebant
3218 1909 3273 1961 in
3320 1912 3438 1962 eum
3476 1908 3572 1960 do-

314 2010 718 2085 συνεγείροντες
766 2012 1115 2066 ἐϐουλεύοντο
1158 2011 1331 2083 πικρὰ
1370 2010 1487 2065 τῶν
1514 2011 1884 2082 τοξευμάτων

1991 2008 2122 2061 mini
2175 2004 2602 2076 sagittationum.
2660 2001 2924 2074 Synedria
2953 2002 3120 2055 enim
3168 2008 3569 2066 convocantes,

309 2104 362 2154 οἱ
389 2102 607 2170 κύριοι,
639 2103 916 2157 τουτέστιν
956 2104 1009 2156 oi.
1037 2103 1161 2158 ,τῶν
1205 2103 1348 2163 λαῶν
1399 2103 1713 2175 ἡγούμενοι.
1743 2103 1884 2173 Πλὴν

1990 2092 2189 2154 acerba'
2219 2098 2459 2153 inierunt
2487 2094 2722 2150 consilia
2766 2093 2971 2148 domini
3002 2093 3428 2163 sagittationum,
3466 2092 3583 2146 hoc-

307 2194 631 2261 συνετρίϐη
684 2193 757 2247 τὰ
809 2194 953 2259 τόξα
996 2194 1216 2255 αὐτῶν,
1270 2194 1368 2248 καὶ
1410 2195 1664 2262 ἐξελύθη
1707 2195 1884 2262 νεῦρα

1989 2200 2075 2248 est
2113 2190 2437 2261 populorum
2467 2186 2762 2258 principes.
2799 2184 2998 2240 Verqu
3024 2184 3239 2238 contriti
3268 2192 3390 2238 sunt
3416 2198 3571 2237 arcus

301 2282 652 2352 βραχιόνων
695 2281 894 2336 αὐτῶν
938 2282 1037 2338 διὰ
1093 2282 1261 2353 χεῖρα
1308 2280 1621 2377 δυνίξστουο
1671 2284 1884 2348 Ἰακὼϐ,

1989 2300 2191 2348 eorum,
2238 2291 2288 2335 et
2332 2277 2577 2334 dissoluti
2620 2288 2742 2332 sunt
2791 2277 2935 2331 nervi
2976 2276 3308 2330 brachiorum
3354 2274 3571 2328 illorum

307 2376 557 2428 τουτέστι
608 2372 700 2427 τοῦ
735 2374 869 2428 Θεοῦ
918 2377 1011 2428 καὶ
1061 2375 1292 2447 Πατρὺς,
1322 2377 1381 2440 ὃς
1425 2366 1540 2430 ἔστι
1580 2376 1688 2431 τῶν
1727 2376 1884 2430 δυνά-

1988 2393 2080 2446 per
2124 2390 2340 2429 manum
2371 2371 2598 2441 potentis
2635 2368 2806 2423 Jacob
2843 2384 2863 2422 :
2890 2368 2993 2423 hoc
3027 2378 3113 2424 est
3142 2366 3235 2422 Dei
3273 2377 3328 2421 et
3367 2366 3570 2429 Patris,

308 2482 458 2535 μεων
497 2466 724 2537 Κύριος,
765 2467 825 2531 ὃς
866 2470 959 2522 καὶ
1002 2469 1337 2538 εὐλογεῖσθαι
1391 2469 1769 2541 παρεσκεύασε
1799 2469 1884 2522 τὸν

1988 2468 2080 2537 qui
2113 2475 2198 2521 est
2216 2464 2496 2541 ‘Dominus
2542 2469 2945 2532 potentatuum,
2995 2460 3087 2531 qui
3121 2459 3283 2513 etiam
3324 2458 3569 2513 benedici

306 2556 435 2610 Υἱὺν
468 2558 527 2611 ὲν
548 2557 628 2628 τῷ
658 2557 873 2628 οὐρανῷ
918 2559 1011 2612 καὶ
1044 2560 1136 2612 ἐπὶ
1167 2559 1268 2629 τῆς
1311 2560 1431 2630 γῆς.
1478 2559 1587 2613 Καὶ
1617 2560 1778 2623 αὐτὸς
1809 2561 1888 2622 είς

304 2650 477 2705 τύπον
512 2648 625 2704 τῶν
646 2651 931 2722 ἡμετέρων
976 2650 1481 2722 παραλαμϐάνεται,
1524 2651 1708 2715 καθὼς
1742 2651 1891 2724 δηλοῖ

303 2742 363 2797 τὸ
392 2740 753 2810 Εὐαγγέλιον·
783 2739 875 2809 Γῆ
912 2739 1230 2796 Ζαϐουλὼν
1274 2742 1372 2796 καὶ
1413 2740 1489 2811 γῆ
1524 2742 1885 2812 Νεφθαλείμ,

306 2832 449 2889 ὀδόν
475 2832 795 2900 θαλάσσης
817 2832 1007 2901 πέραν
1033 2832 1140 2887 τοῦ
1174 2832 1488 2901 Ἰορδάνου,
1512 2835 1607 2887 καὶ
1636 2833 1706 2888 τὰ
1732 2834 1882 2906 ἑξῆς.

280 2926 409 2977 -Καὶ
440 2924 570 2991 τοῖς
593 2924 949 2993 καθημένοις
971 2924 1042 2977 ἐν
1063 2924 1267 2978 σκότει
1294 2923 1418 2993 φῶς
1445 2924 1751 2981 ἀνέτειλεν
1777 2929 1880 2990 ao.

307 3013 450 3080 τοῖς.
482 3014 641 3066 Ποῖον
681 3013 738 3068 δὲ
781 3013 910 3068 ἄλλο
942 3012 1058 3083 φῶς
1101 3008 1268 3084 ἧν,ῆ
1312 3014 1502 3085 κλῆσις
1546 3014 1652 3069 τῶν
1697 3016 1885 3081 ἐθνῶν,

303 3093 421 3175 ἥτις
459 3105 578 3158 ἐστὶ
605 3103 667 3156 τὸ
697 3104 975 3175 στέλεχος,
1004 3104 1250 3157 τουτέστι
1274 3104 1336 3158 τὸ
1361 3104 1513 3167 ξύλον
1538 3104 1629 3158 τοῦ
1651 3105 1879 3179 Κυρίου,

1989 2528 2115 2613 fecit
2148 2528 2345 2611 Filium
2380 2558 2433 2608 in
2466 2528 2607 2609 coelo
2644 2561 2698 2607 et
2746 2552 2801 2606 in
2833 2528 3101 2607 terradEt
3132 2549 3477 2621 Nephthalim
3514 2552 3569 2603 in

1988 2659 2175 2722 typum
2204 2663 2385 2703 rerum
2415 2655 2728 2702 nostrarum
2760 2643 3083 2707 assumitur,
3118 2651 3180 2698 ut
3201 2645 3359 2698 docet
3390 2642 3572 2696 Evan-

1988 2743 2238 2814 geliums
2273 2739 2437 2795 Terra
2484 2737 2724 2793 Zabulon
2758 2746 2806 2791 et
2843 2747 2985 2790 terra
3031 2734 3396 2806 Nephtttalim,
3427 2737 3569 2789 viam

1988 2835 2154 2893 maris
2186 2832 2330 2904 ultra
2362 2830 2655 2886 Iordanem
2682 2829 2748 2895 “,
2779 2836 2834 2883 et
2861 2843 2985 2899 qua:
3005 2828 3326 2897 sequuntur.
3364 2826 3432 2881 Et
3454 2828 3568 2883 illis

1988 2932 2078 3002 qui
2105 2930 2351 2985 sedebant
2378 2929 2435 2983 in
2460 2924 2704 2991 tenebris,
2729 2933 2973 2978 exortum
2994 2932 3070 2978 est
3090 2922 3266 2977 lumen
3294 2924 3360 2979 ".
3386 2921 3569 2989 Quod-

1938 3023 1944 3029 ’
1988 3036 2117 3076 nam
2148 3012 2491 3075 vero'lumen
2523 3015 2671 3072 aliud
2708 3031 2874 3086 quam
2904 3015 3118 3093 vacatio
3148 3014 3413 3084 gentium,
3446 3030 3587 3083 quae

1989 3121 2074 3169 est
2101 3111 2419 3181 virgultum,
2456 3109 2560 3164 hoc
2597 3119 2681 3164 est
2714 3094 2922 3178 lignum
2964 3104 3206 3171 Domini,
3239 3105 3328 3159 cui
3363 3105 3569 3159 inserta

302 3188 344 3263 ᾧ
372 3193 819 3267 ὲγκεντρισθεῖσα
846 3196 1215 3267 καρποφορεῖ;
1266 3189 1339 3248 Τὸ
1357 3195 1433 3259 δὲ,
1466 3196 1771 3263 ἐπιδιδοὺς
1815 3199 1884 3252 ἐν

1992 3204 2205 3261 fructus
2227 3203 2471 3273 profert?
2514 3202 2584 3256 At
2616 3201 2799 3256 verbis
2828 3216 2842 3252 :
2871 3199 3019 3254 Dans
3065 3200 3119 3253 in
3170 3199 3403 3270 germine
3445 3199 3569 3268 pul-

305 3284 380 3351 τῷ
406 3283 741 3355 γεννήματι
771 3282 1022 3349 κάλλος,
1061 3283 1123 3336 τὸ
1153 3282 1489 3355 ὑπερϐάλλον
1516 3284 1617 3356 τῆς
1640 3285 1884 3358 κλήσεως

301 3377 449 3447 ὁηλοί
482 3378 634 3448 ἡμῖν.
663 3375 725 3429 El
748 3375 804 3428 δὲ
834 3376 927 3429 καὶ
951 3374 1037 3445 ἐφ’
1061 3373 1218 3446 ἡμῶν
1254 3379 1426 3433 νοοῖτο
1453 3376 1615 3445 τυχὸν
1644 3375 1726 3443 τὸ,
1759 3378 1884 3432 ἐπι-

186 3504 189 3511 .
302 3468 509 3535 διδοὺς
544 3469 616 3522 ἐν
642 3466 721 3532 τῷ
748 3466 1071 3537 γεννήματι
1094 3465 1340 3533 κάλλος,
1376 3467 1476 3520 οὐκ
1507 3462 1829 3541 ἀσυμφανὴς
1854 3472 1882 3523 ὁ

302 3557 476 3629 λόγος.
520 3559 930 3629 Προκόπτοντες
981 3556 1090 3630 γὰρ
1130 3557 1218 3611 ἀεὶ
1260 3558 1380 3612 κατ’
1408 3559 1608 3630 ἀρετὴν
1648 3560 1741 3613 καὶ
1773 3561 1881 3615 τῶν

302 3651 598 3717 ἀμεινόνων
621 3649 1022 3720 ἀφικνούμενοι,
1048 3650 1164 3714 ἦτοι
1195 3649 1318 3717 τοῖς
1341 3650 1679 3727 ἔμπροσθεν
1703 3644 1880 3706 ἐπεκ-

301 3745 628 3818 τεινόμενοι
669 3742 811 3797 κατὰ
854 3744 954 3814 τὴν
993 3741 1084 3796 τοῦ
1115 3743 1387 3816 μακαρίου
1421 3743 1634 3797 Παύλου
1675 3748 1876 3817 φωνὴν,

303 3836 380 3898 εἰς
431 3835 636 3898 κάλλος
678 3835 765 3890 ἀεὶ
816 3834 876 3887 τὸ
926 3835 1384 3907 περιφανέστερον
1436 3836 1877 3909 ἀναθρώσκομεν·

302 3925 498 3990 κάλλος
519 3926 576 3980 δέ
601 3943 743 3996 φημι
767 3926 829 3978 τὸ
859 3926 1244 3996 πνευματικὸν,
1287 3924 1373 3977 ἵνα
1401 3927 1495 3979 καὶ
1521 3929 1650 3998 ἡμῖν
1672 3927 1883 3997 λέγοιτο

302 4005 505 4072 ),οιπὸν’
570 4017 975 4087 Ἐπεθύμησεν
1025 4019 1057 4070 ό
1105 4016 1405 4083 ,ϐασιλεὺς
1452 4017 1558 4071 τοῦ
1613 4017 1882 4085 κάλλους

214 4098 224 4109 ’
302 4124 436 4165 σου.

1988 3294 2379 3362 claritudinem,
2413 3291 2805 3347 abundantiam
2847 3289 3152 3344 vocationis
3173 3288 3333 3344 nobis
3358 3288 3570 3355 signiﬁ-

1988 3396 2098 3442 cat.
2141 3385 2199 3441 Si
2233 3392 2447 3440 vero‘et
2485 3383 2553 3439 de
2580 3381 2738 3438 nobis
2784 3379 3158 3451 intelligantur
3186 3380 3350 3435 verba
3388 3379 3590 3433 :dans

1988 3479 2043 3533 in
2093 3476 2323 3549 germine
2370 3473 2855 3545 pulchritudinem,
2906 3487 3016 3527 non
3064 3471 3431 3542 incongruens
3463 3471 3571 3526 erit

1988 3570 2182 3625 oratio.
2214 3567 2569 3623 Proﬁcientes
2601 3564 2747 3620 enim
2795 3580 3010 3635 semper
3049 3565 3103 3620 in
3148 3565 3377 3627 virtute,
3408 3574 3463 3618 et
3500 3563 3572 3619 ad

1989 3662 2216 3716 meliora
2268 3660 2635 3729 penetrantes,
2692 3656 2808 3712 sive
2861 3655 3164 3712 secundum
3214 3656 3357 3711 beati
3413 3655 3570 3709 Pauli

1988 3752 2276 3821 vucem,ad
2306 3753 2487 3820 priora
2523 3768 2615 3804 nos
2643 3749 2976 3804 extendentes
3006 3749 3071 3817 ¹⁸,
3106 3750 3172 3804 ad
3203 3750 3568 3819 pulchritudi-

1990 3862 2114 3901 nem
2148 3859 2364 3912 semper
2417 3842 2839 3912 splendidiorem
2882 3842 3174 3907 enitimur;
3204 3841 3573 3912 pulchritudi—

1989 3952 2135 4000 nem,
2161 3935 2407 4010 i‘nquam,
2436 3932 2734 4003 spiritalem
2755 3971 2771 3995 ,
2805 3939 2866 3985 ut
2903 3942 2957 3986 et
2986 3931 3146 3987 nobis
3175 3931 3387 3988 dicatur
3415 3932 3585 3985 dein»

1989 4042 2116 4096 ceps
2142 4042 2155 4078 :
2184 4023 2493 4094 Concupioit
2525 4039 2616 4077 rex
2647 4015 2888 4080 decorem
2916 4032 3065 4079 tuum
3090 4023 3159 4078 η.
3335 4028 3350 4038 ‘

1524 4224 1651 4279 Post
1686 4228 1942 4283 nonnulla
1972 4225 2295 4298 Apollinarii
2322 4242 2349 4279 :
2791 4258 2795 4271 .
2894 4226 2898 4231 ⁴
2956 4188 2995 4267 \

368 4320 714 4377 HIPPOLYTUS
754 4336 769 4374 :
820 4321 938 4374 Ἐπ’
984 4319 1143 4372 αὐτὸν
1191 4299 1265 4372 δὲ’
1300 4318 1461 4373 πάλιν
1523 4320 1614 4373 τὸν
1672 4321 1882 4392 Ἐμμα-

304 4414 458 4485 you-)7),
505 4416 533 4468 ὁ
580 4415 678 4484 τῆς
731 4412 1064 4484 προφητείας
1125 4411 1334 4484 διέρπει
1391 4411 1566 4480 λόγος.
1630 4413 1877 4486 Ἐπειδὴ,

2063 4319 2146 4377 Ad
2201 4322 2378 4390 ipsum
2430 4320 2626 4376 iterum
2680 4320 3014 4376 Emmanuel
3058 4321 3354 4392 prophetiae
3400 4322 3571 4391 serpit

1989 4414 2188 4471 oratio.
2236 4413 2713 4483 Quandoquidem,
2750 4422 2812 4468 ut
2858 4413 3133 4478 existimo,
3169 4414 3315 4468 aliud
3367 4430 3433 4468 ex
3475 4416 3569 4469 illa

303 4500 472 4574 οἶμαι,
500 4519 601 4556 που
626 4502 688 4556 τὸ
712 4501 958 4574 ἐξαύτῆς
979 4501 1306 4573 δηλούμενον
1329 4501 1515 4571 ἕτερον
1536 4501 1687 4556 οὐδέν
1713 4505 1881 4567 ἐστιν,

1991 4502 2357 4574 signiﬁcatum
2393 4501 2665 4566 nihilost,
2703 4518 2867 4571 quam
2891 4504 3035 4572 quod
3058 4503 3173 4573 jam
3215 4502 3379 4558 modo
3406 4505 3568 4569 dixit,

215 4648 227 4659 _
305 4593 511 4667 ῆὸπερ
565 4593 671 4664 ἔφη
719 4594 953 4665 ἀρτίως,
1001 4592 1305 4660 ἐπιδιδοὺς
1344 4593 1530 4669 ἐντῷ
1562 4594 1885 4664 γεννήματι

307 4684 552 4751 κάλλος*
580 4684 644 4737 τὸ
681 4684 791 4756 γὰρ
824 4683 1103 4755 ηὐξῆσθαι.
1121 4683 1265 4751 λέγει
1290 4684 1451 4738 αὑτὸν
1477 4684 1572 4756 τὴν
1605 4688 1683 4751 εἰς
1705 4687 1766 4740 τὸ
1787 4688 1881 4742 ἀπ’

308 4776 475 4847 ἀρχῆς
506 4775 748 4831 ἐπίδοσιν
781 4775 877 4829 καὶ
906 4774 1216 4847 ἀναδρομὴν
1248 4775 1351 4845 τῆς
1377 4776 1603 4848 ἐνούσης
1629 4778 1886 4846 εὐκλείας,

308 4866 450 4936 αὐτῷ
501 4865 747 4934 φυσικῶς
792 4867 1067 4938 σημαίνει.
1119 4865 1289 4919 Τοῦτο
1335 4868 1554 4932 πάντως
1579 4870 1882 4938 κατάγεται

308 4955 479 5024 ὀρθῶς
511 4956 655 5027 ἔχειν
689 4955 1110 5027 ὑπειλημμένον.
1152 4955 1365 5027 Ἐπειδὴ
1398 4956 1508 5027 γὰρ
1551 4957 1628 5029 (5)
1662 4961 1691 5011 ὁ
1723 4974 1882 5029 μονο-

498 5048 593 5104 τοῦ
639 5048 774 5102 Θεοῦ
812 5050 1002 5117 Λόγος,
1034 5048 1166 5113 Θεὸς
1210 5049 1470 5120 ὑπάρχων
1516 5051 1581 5103 ὲκ
1611 5049 1747 5104 Θεοῦ
1778 5052 1879 5122 (6),

1990 4594 2123 4649 dans
2154 4595 2208 4648 in
2239 4595 2468 4665 germine
2501 4593 2981 4663 pulchritudinem;
3008 4595 3086 4651 ait
3127 4596 3272 4650 enim
3305 4611 3430 4651 eum
3462 4612 3565 4651 au-

1990 4701 2209 4758 gescere
2248 4687 2599 4742 incrementis
2644 4688 2697 4742 in
2727 4689 2777 4744 id
2810 4690 2956 4759 quod
2997 4689 3067 4745 ab
3095 4689 3252 4745 initio
3279 4688 3477 4755 fuerat,
3512 4700 3569 4744 et

1988 4779 2162 4832 reditu
2213 4777 2279 4832 ad
2328 4780 2806 4851 naturalem,uqua:
2850 4781 2905 4835 in
2949 4780 3044 4836 illo
3089 4790 3195 4849 est,
3224 4782 3566 4836 nobilitatem

1989 4867 2125 4922 ferri
2147 4868 2442 4938 signiﬁcat.
2469 4867 2582 4924 Hoc
2625 4870 2854 4926 omnino
2890 4881 3039 4928 recte
3070 4872 3389 4944 intelligitur
3417 4874 3569 4943 quod

1988 4968 2403 5028 assumpserata
2427 4958 2876 5031 Quandoquidem
2923 4964 3261 5035 unigenitum
3304 4963 3399 5018 Dei
3432 4961 3566 5017 Ver-

1987 5052 2139 5117 bum,
2174 5050 2318 5107 Deus
2349 5066 2416 5107 ex
2450 5051 2561 5108 Deo
2592 5054 2884 5121 exsistens,
2908 5056 3245 5125 semetipsum
3263 5055 3568 5110 secundum

377 5257 812 5323 "patenti
882 5254 1132 5347 “Matth.
1164 5274 1238 5323 Iv.
1270 5258 1357 5313 ιε.
1436 5260 1479 5292 υ
1514 5226 1765 5314 lbid.16.
1843 5261 1884 5293 τε

1986 5260 2148 5330 ιίιιρρ.
2176 5275 2258 5328 In,
2284 5261 2370 5316 l3.
2416 5228 2419 5233 Ι
2448 5260 2659 5317 "'Psal.
2687 5278 2831 5329 κων,
2862 5262 2950 5318 12.

380 5431 455 5503 (5)
492 5430 725 5504 Ἐπειδὴ
767 5431 898 5502 γὰρ,
925 5450 979 5504 κ.
1006 5450 1057 5504 τ,
1082 5433 1131 5487 λ.
1157 5432 1283 5489 llaec
1311 5444 1367 5504 et
1396 5434 1675 5503 sequentia
1708 5450 1881 5504 usque

317 5501 378 5555 ad
405 5501 487 5574 ea,
519 5501 781 5573 ὑπάρχον
799 5502 968 5574 αὐτῷ,
1006 5502 1191 5574 Romae
1216 5504 1285 5558 ab
1310 5501 1498 5560 lsaaco
1529 5504 1723 5560 Vossio
1746 5573 1765 5574 ί
1783 5501 1878 5559 de-

320 5573 972 5642 s_cripta,edidit_primum
1007 5573 1241 5629 Grabius
1269 5574 1323 5628 in
1350 5575 1624 5630 adnotatis
1649 5574 1715 5628 ad
1739 5573 1879 5628 Bulli

323 5637 530 5723 Defe‘ns.’
548 5642 643 5723 βό.
672 5637 825 5723 lilia,
858 5659 981 5723 pag.
1012 5642 1135 5709 105,
1172 5651 1235 5723 οι.
1263 5644 1481 5723 quidem
1506 5644 1760 5723 pleniora
1795 5654 1880 5698 at-

318 5722 417 5768 que
439 5713 805 5767 emendatiora
826 5729 841 5778 ;
861 5713 945 5769 ad
973 5728 1094 5784 quac
1119 5713 1345 5783 proinde
1369 5715 1648 5785 exegimus
1673 5714 1879 5770 editum

320 5773 713 5828 Fabriciannm-

361 5792 713 5837 anrtclanum.

386 5846 458 5919 (li)
502 5850 646 5921 Θεὸς
682 5852 964 5923 ὑπάρχων
1006 5854 1073 5908 ἐκ
1116 5853 1284 5913 Θεοῦ.
1342 5854 1707 5913 Obscrvamus
1761 5864 1882 5929 post

1936 5430 1939 5433 ’
1985 5434 2269 5500 Grabium,
2299 5445 2548 5492 sanctum
2581 5444 2874 5507 martyrem
2900 5434 3183 5507 ipsiusmet
3215 5430 3433 5507 concilii
3464 5429 3560 5486 Ni-

1986 5507 2379 5576 catniqphrasin
2409 5521 2676 5576 usurpare
2709 5501 3210 5576 {quemadmodum
3246 5501 3386 5576 inira
3433 5519 3560 5576 con-

1986 5586 2072 5646 tra
2098 5571 2351 5646 Nectum,
2387 5590 2509 5646 cap.
2544 5571 2634 5641 ιο,
2659 5571 2799 5646 dixit
2834 5573 2947 5643 φῶς
2964 5576 3037 5646 ,ὲκ
3064 5571 3265 5646 φωτόςζ
3286 5573 3465 5646 lumen
3491 5574 3558 5627 de

1983 5644 2199 5701 lumine.
2246 5645 2426 5700 Minus
2456 5641 2605 5700 recte
2655 5645 2817 5699 vertit
2846 5641 3026 5698 Verba
3077 5643 3179 5697 ista
3227 5641 3554 5696 Fabricius:

1984 5714 2117 5770 Cum
2146 5718 2286 5771 Deus
2314 5724 2448 5770 esset
2473 5731 2501 5769 e
2529 5715 2673 5779 Deo;
2704 5715 2783 5767 uti
2831 5722 2885 5768 et
2928 5714 3207 5782 sequentia
3233 5754 3248 5773 ,
3279 5722 3563 5780 sponteque

1984 5802 2039 5839 se
2066 5787 2121 5840 in
2154 5786 2208 5839 id
2237 5786 2375 5855 quod
2418 5801 2522 5838 non
2552 5798 2666 5840 erat
2700 5784 2897 5852 induit,
2930 5795 3086 5855 atque
3117 5782 3396 5854 inglorium
3435 5795 3561 5835 ear-

1985 5871 2098 5910 nem
2126 5855 2227 5911 sibi
2259 5855 2498 5919 induxit.
