4128 6384
517 392 622 453 599

1402 404 1459 461 S.
1505 403 1871 463 HIPPOLYTI
1914 407 2064 463 OPP.
2111 410 2289 466 PARS
2324 410 2365 468 1.
2403 442 2473 455 -—
2508 411 2925 470 EXEGETICA.

3667 416 3774 471 600

517 516 832 588 Scripturas
879 524 1166 578 exinanivit
1207 522 1274 589 υ,
1300 525 1592 583 demittens
1624 529 1768 584 ultro
1814 544 1874 586 se
1922 531 2084 599 ipsun

2204 533 2536 587 κεκένωκεν
2567 533 2786 588 ἑαυτὸν
2827 533 2968 587 κατὰ
3004 533 3105 599 τάς
3147 534 3391 604 Γραφὰς,
3431 500 3620 598 καθεὶς
3651 535 3776 605 ἑθε-

514 608 573 664 in
605 610 656 665 id
687 614 832 682 quod
865 630 971 669 non
1017 624 1154 678 erat,
1183 625 1237 669 et
1274 617 1435 671 vilem
1485 617 1690 673 hancce
1742 634 1962 674 carnem
2011 622 2096 674 in-

514 700 657 767 duit,
689 714 852 773 atque
895 706 949 759 in
1001 708 1135 759 servi
1166 706 1339 776 forma
1382 710 1661 778 apparuit,
1699 709 1810 765 Deo
1856 721 1920 766 et
1947 710 2095 766 Patri

514 792 691 864 factus
738 795 980 851 obedieus
1021 815 1184 868 usque
1233 800 1302 852 ad
1336 811 1593 865 mortem;
1638 812 1910 872 eapropter
1938 803 2088 858 dein-

514 900 643 955 ccps
671 895 720 939 et
750 888 1173 956 superexaltatus
1202 890 1434 961 legitur;
1474 900 1528 946 et
1561 900 1821 963 tanquam
1852 895 1903 949 id
1928 911 2095 966 prope

514 992 625 1033 non
661 980 867 1035 habens
899 994 1120 1053 prOpIcr
1160 983 1455 1038 humanam
1484 996 1756 1049 naturam,
1783 1002 1847 1041 ac
1873 988 2093 1058 gratuiti

511 1070 690 1125 instar
716 1073 865 1140 doni,
894 1074 1101 1143 accepit
1143 1092 1331 1128 nomen
1380 1093 1536 1145 super
1577 1094 1726 1130 omne
1765 1094 1971 1145 nomen,
2002 1096 2093 1135 se-

511 1164 753 1218 cundum
787 1166 927 1219 beati
964 1165 1116 1221 Pauli
1146 1167 1329 1221 verba.
1364 1166 1469 1223 Sed
1513 1184 1576 1224 ex
1622 1170 1697 1223 rei
1730 1171 1975 1233 veritate,
2005 1189 2092 1227 res

507 1265 690 1310 tamen
744 1258 860 1327 ipsa
914 1275 1021 1313 non
1058 1268 1174 1313 erat
1206 1276 1396 1315 eorum
1432 1262 1636 1316 donum
1668 1278 1789 1332 quze
1823 1265 1892 1320 ab
1937 1265 2093 1321 initio

507 1350 838 1405 naturaliter
887 1351 941 1408 in
987 1366 1052 1406 eo
1091 1352 1237 1406 haud
1292 1363 1479 1408 essent
1506 1353 1689 1426 (longe
1732 1356 1888 1410 aliter
1915 1373 1973 1412 se
2002 1375 2092 1413 res

506 1442 726 1514 habet);
768 1445 860 1499 sed
906 1446 1089 1515 potius
1137 1446 1346 1499 reditus
1388 1446 1787 1503 existimandus
1816 1459 1900 1504 est
1928 1458 1983 1504 et
2008 1466 2094 1505 re—

507 1551 706 1590 cursus
740 1536 807 1590 ad
849 1536 923 1600 id,
956 1537 1103 1607 quod
1132 1537 1213 1591 ‘ab
1257 1536 1414 1592 initio
1446 1540 1813 1595 essentialiter
1845 1550 1900 1595 et
1940 1542 2090 1598 inse--

504 1627 826 1698 parabiliter
854 1629 905 1683 ei
936 1629 1132 1683 inerat.
1167 1627 1537 1695 Quamobrem
1570 1640 1625 1685 et
1655 1648 1779 1688 cum
1817 1648 1913 1703 per
1943 1650 2093 1690 (eco-

504 1721 747 1775 nomiam
776 1721 1083 1776 humilitate
1106 1723 1289 1777 carnis
1311 1732 1457 1777 esset
1484 1724 1726 1792 indutus,
1752 1726 1829 1781 ait
1854 1744 1867 1781 :
1904 1725 2088 1793 Pater,

501 1813 746 1883 glori/ica
778 1830 861 1868 me
888 1813 1060 1885 gloria
1085 1831 1244 1885 quam
1273 1815 1433 1881 habui
1459 1818 1527 1884 υ,
1548 1828 1602 1872 et
1620 1834 1741 1888 quae
1764 1829 2088 1890 sequuntur.

2198 623 2384 696 λοντὴς
2412 625 2601 677 ἑαυτὸν
2633 627 2714 689 εἰς
2748 625 2886 696 ὅπερ
2912 625 3014 678 οὐκ
3043 620 3134 697 ἦν,
3162 626 3257 679 καὶ
3300 626 3397 697 τὴν
3430 625 3616 693 ἄδοξον
3642 626 3777 680 ταύ-

2196 732 2297 785 την
2332 716 2511 786 σάρκα
2541 716 2875 787 ἠμπέσχετο,
2904 715 2997 768 καὶ
3028 716 3086 767 ὲν
3116 717 3183 786 τῇ
3201 715 3309 769 τοῦ
3331 713 3554 769 δούλου
3569 714 3777 785 μορφῆ

2198 807 2405 879 πέφηνε
2439 807 2549 877 (7),
2583 806 2841 878 γεγονὼς
2872 806 3143 873 ὑπήκοος
3179 806 3258 878 τῷ
3305 802 3445 877 Θεῷ¹
3471 808 3567 861 καὶ
3598 808 3779 880 Πατρὶ

2190 896 2367 967 μέχρι
2409 898 2689 961 θανάτου,
2732 898 2920 966 ταύτῃ
2968 915 3048 955 τοι
3087 897 3269 952 λοιπὸν
3309 896 3407 952 καὶ
3432 899 3782 967 ὐπερυψοῦ-

2195 994 2337 1045 σθαι
2379 990 2618 1060 λέγεται·
2656 991 2750 1043 καὶ
2783 991 2859 1055 ὼς
2904 991 3005 1046 οὑκ
3037 990 3175 1063 ἔχων
3206 991 3295 1045 διὰ
3334 992 3395 1045 τὸ
3436 990 3779 1062 ἀνθρώπινον

2198 1082 2498 1152 μονονουχὶ,
2526 1082 2621 1135 καὶ
2648 1083 2705 1134 ὲν
2731 1082 2951 1153 χάριτος
2981 1082 3167 1154 μοίρᾳ,
3193 1081 3458 1153 λαμϐάνει
3489 1081 3560 1135 τὸ
3587 1081 3781 1150 ὄνομα

2193 1177 2260 1229 τό
2296 1174 2447 1244 ὑπὲρ
2489 1174 2612 1230 πᾶν
2640 1175 2846 1244 ὄνομα,
2881 1175 3023 1229 κατά
3053 1177 3153 1247 τὴν
3192 1174 3287 1231 τοῦ
3328 1176 3595 1248 μακαρίου
3627 1172 3782 1228 Παύ-

2194 1266 2286 1319 λου
2332 1268 2536 1339 φωνήν.
2585 1266 2722 1321 Ἀλλ’
2751 1262 2819 1337 ἦν
2849 1266 2911 1320 τὸ
2960 1268 3149 1338 χρῆμα
3194 1267 3337 1320 κατὰ
3366 1267 3428 1319 τὸ
3466 1265 3662 1338 ἀληθὲς
3695 1264 3784 1338 (8)

2193 1361 2253 1412 οὐ
2288 1358 2431 1422 δόσις
2464 1359 2539 1421 ὡς
2571 1359 2627 1410 ὲν
2659 1360 2799 1429 ἀρχῇ
2833 1358 2939 1411 τῶν
2961 1359 3062 1412 οὐκ
3090 1359 3314 1415 ἐνόντων
3334 1358 3484 1429 αὐτῷ
3507 1359 3782 1427 φυσικῶς,
3858 1348 3869 1356 ’

2193 1449 2389 1503 πολλοῦ
2435 1467 2499 1520 γε
2531 1452 2625 1503 καὶ
2670 1449 2767 1504 δεῖ·
2819 1453 2988 1507 νοοῖτο
3010 1449 3055 1504 δ’
3086 1450 3154 1504 ἂν
3194 1451 3393 1522 μᾶλλον
3425 1450 3785 1522 ἀναφοίτησις

2194 1537 2288 1590 καὶ
2339 1536 2615 1609 άναδρομὴ
2646 1538 2783 1609 πρὸς
2815 1539 2876 1591 τὸ
2927 1539 2985 1591 ὲν
3033 1540 3175 1612 ἀρχῇ
3220 1541 3315 1594 καὶ
3363 1538 3636 1603 ούσιωδῶς
3679 1540 3788 1593 καὶ

2193 1627 2588 1702 ἀναποὸλήτως
2620 1614 2865 1702 ὑπάρχον
2897 1631 3065 1703 αὐτῷ.
3095 1633 3384 1706 Τοιγάρτοι
3414 1634 3509 1687 καὶ
3536 1633 3783 1704 ἔφασκεν

2191 1721 2221 1771 6
2253 1718 2352 1788 τῆς
2377 1720 2798 1793 άνθρωπότητος
2832 1722 2893 1775 τὸ
2927 1725 3340 1796 σμικροπρεπὲς
3373 1726 3600 1789 ὑποδοὺς
3630 1729 3783 1781 οἰκο-

2192 1810 2453 1881 νομικῶς·
2502 1811 2718 1882 Πάτερ,
2764 1812 3033 1877 δόξασόν
3077 1832 3154 1884 με
3204 1814 3279 1884 τῇ
3320 1816 3468 1887 δόξῃ
3505 1812 3553 1889 ᾗ
3584 1815 3778 1889 εἶχον,
3860 1849 3869 1859 -

504 1904 735 1975 Semper
766 1906 914 1960 enim
945 1916 1062 1961 erat
1104 1907 1160 1961 in
1200 1907 1369 1978 gloria
1413 1909 1617 1974 divina,
1653 1909 1746 1980 qui
1770 1920 1896 1966 ante
1927 1927 2084 1967 omne

2197 1906 2288 1957 καὶ
2320 1903 2388 1958 τὰ
2422 1904 2563 1976 ἑξῆς.
2608 1905 2719 1961 ’Λεὶ
2745 1904 2855 1977 γάρ
2886 1901 2954 1977 ἦν
2980 1909 3039 1960 ἐν
3065 1906 3191 1978 δόξῃ
3217 1907 3529 1980 θεοπρεπεῖ,
3553 1909 3633 1981 τῷ
3659 1910 3782 1981 ίδίῳ

501 2013 678 2052 aevum
705 2006 761 2071 et
790 2006 1006 2068 tempus
1029 2009 1193 2069 atque
1237 2009 1364 2055 ante
1410 1990 1601 2059 mundi
1636 2004 2085 2061 constitutionem

499 2090 724 2161 proprio
751 2088 902 2146 Patri
929 2092 1229 2147 coexsistit.

574 2181 902 2253 lntelligitur
952 2184 1116 2239 etiam
1147 2186 1538 2243 convenienter
1580 2203 1677 2258 per
1704 2189 2089 2245 adolescentia-

498 2289 612 2329 rem
646 2275 760 2329 sive
777 2274 1069 2344 juniorem.
1125 2276 1395 2346 Apparuit
1446 2278 1593 2332 enim
1654 2279 1710 2333 in
1754 2279 1961 2336 ultimis
1987 2282 2088 2336 τενί

496 2367 863 2438 temporibus,
893 2376 948 2422 et
976 2378 1097 2438 post
1120 2376 1438 2424 sanctorum
1467 2371 1857 2441 pmphetarum
1887 2373 2083 2441 glorio-

497 2476 622 2516 sum
655 2468 711 2515 et
763 2458 991 2531 dignum
1046 2476 1233 2515 amore
1272 2461 1543 2527 chorum,
1593 2471 1648 2516 et
1676 2463 1998 2532 simpliciter
2024 2480 2088 2519 ac

498 2553 670 2608 semel
692 2560 754 2607 ut
777 2553 984 2616 dicam,
1014 2562 1138 2623 post
1172 2569 1366 2608 omnes
1412 2562 1684 2624 quotquot
1716 2567 1844 2611 ante
1872 2566 2088 2626 tempus

495 2644 924 2710 incarnationis,
957 2644 1011 2697 in
1046 2645 1239 2699 ordine
1273 2644 1514 2699 ﬁliorum
1548 2646 1620 2700 ob
1657 2646 1914 2700 virtutem
1939 2662 2089 2702 com-

495 2735 673 2807 putati
722 2745 871 2791 sunt.
933 2735 1150 2793 Zelatus
1186 2747 1367 2793 autem
1421 2737 1571 2808 quod
1605 2738 1807 2792 dicitur
1862 2736 2088 2793 Emma-

494 2826 647 2892 nuel,
672 2834 757 2881 est
779 2825 1189 2896 quodammodo
1216 2828 1553 2897 ambiguum.
1582 2825 1697 2881 lmo
1724 2844 1855 2883 vero
1876 2830 2087 2891 zelatus

498 2921 617 2975 sive
646 2919 991 2975 azmulandus
1020 2929 1105 2975 est
1159 2921 1385 2989 sanctis,
1431 2922 1527 2991 qui
1579 2922 1811 2994 vestigia
1851 2923 1973 2993 ejus
1999 2939 2087 2979 se-

402 3064 406 3069 .
496 3011 636 3069 ctari
665 3012 946 3069 studentes
976 3014 1044 3069 ad
1087 3013 1331 3069 divinam
1382 3014 1503 3083 ejus
1528 3014 1990 3085 pulchritudinem
2029 3032 2089 3073 se

495 3105 868 3195 conformant,
901 3116 957 3164 et
977 3107 1157 3179 ipsum
1191 3107 1300 3164 sibi
1348 3117 1671 3179 proponunt
1703 3109 2085 3178 praescriptum

496 3215 688 3261 eorum
720 3216 843 3272 quae
864 3216 1027 3290 agere
1055 3201 1313 3265 debeant,
1372 3215 1760 3270 summamque
1815 3198 1943 3290 inde
1975 3199 2087 3269 glo-
2112 3231 2153 3290 ο

495 3292 636 3351 riam
668 3293 936 3351 referunt.
968 3289 1188 3351 Zelatus
1217 3306 1347 3348 vero
1372 3291 1538 3357 etiam
1569 3292 1623 3346 in
1656 3292 1825 3346 alium
1854 3289 2081 3361 intelligi

494 3385 723 3440 modum
748 3393 947 3456 potest,
1004 3384 1110 3442 hoc
1162 3395 1248 3441 est
1291 3384 1500 3442 invidia
1550 3382 1755 3454 petitus
1782 3383 1948 3440 abiis
1985 3381 2081 3452 qui

496 3490 626 3561 eum
657 3491 766 3530 non
820 3475 1087 3561 diligunt;
1143 3476 1401 3541 ducibus,
1433 3475 1686 3546 inquam,
1738 3474 2077 3540 Iudaeorum,

495 3556 612 3622 sive
644 3556 860 3622 Scribis
908 3576 1077 3638 atque
1126 3567 1453 3633 Pharisazis;
1487 3566 1585 3638 qui
1621 3566 1903 3644 acerbum
1934 3565 1989 3620 in
2019 3580 2079 3620 se

493 3655 863 3725 parturientes
893 3656 1093 3722 zelum,
1143 3666 1199 3712 et
1244 3656 1464 3712 invidia:
1495 3653 1795 3711 materiam
1812 3654 2077 3710 facientes

496 3746 605 3807 sibi
633 3763 699 3803 ex
727 3744 847 3817 ejus
877 3763 1000 3818 quae
1026 3748 1162 3819 eripi
1198 3748 1274 3803 illi
1305 3763 1416 3803 non
1443 3756 1622 3817 potest
1662 3749 1868 3818 gloria.-
1889 3746 2076 3803 multis

494 3838 677 3894 modis
727 3854 850 3893 eum
901 3840 1214 3909 captabant.
1249 3838 1504 3895 Christus
1566 3828 1788 3910 quidem
1820 3840 1874 3894 in
1906 3840 2073 3895 vitam

493 3939 847 3989 revocaverat
876 3939 1123 3989 mortuos
1144 3931 1259 4000 jam
1300 3930 1553 3986 foetentes
1594 3942 1648 3986 et
1676 3941 1983 4000 corruptos,
2023 3940 2078 3987 et

494 4026 601 4081 alia
634 4026 817 4081 divina
842 4026 995 4094 signa
1017 4026 1265 4082 ediderat
1293 4043 1307 4093 ;
1338 4027 1483 4081 unde
1534 4026 1617 4083 fas
1658 4038 1777 4081 erat
1807 4028 1934 4082 illos
1960 4036 2077 4083 stu-

492 4128 685 4188 pentes
737 4118 806 4173 ad
858 4119 1001 4183 ista.
1068 4120 1292 4175 credere
1366 4130 1544 4188 neque
1625 4119 1863 4190 amplius
1915 4119 2077 4174 dubi-

2196 1998 2553 2069 συνυπάρχων
2597 1999 2881 2071 γεννήτορι
2929 1999 3035 2071 πρὸ
3064 2001 3267 2065 παντὸς
3302 2002 3498 2066 αίῶνος
3527 2003 3621 2057 καὶ
3646 2004 3783 2075 χρό-

2191 2108 2283 2145 νου
2315 2091 2410 2143 καὶ
2442 2090 2542 2161 τῆς
2571 2089 2664 2145 τοῦ
2688 2087 2901 2164 κόσμου’
2922 2095 3245 2166 καταϐολῆς.
3780 2154 3789 2161 λ

2261 2180 2453 2233 Νοοῖτο
2472 2179 2517 2232 δ’
2548 2181 2613 2235 ἂν
2641 2183 2865 2247 είκότως
2893 2184 2987 2261 καὶ
3013 2184 3321 2251 νεώτατος.
3340 2186 3553 2258 Πέφηνε
3583 2186 3692 2257 γὰρ
3717 2185 3787 2241 tv

2190 2266 2516 2336 τελευταίοις
2556 2273 2649 2326 τοῦ
2703 2273 2898 2339 αἰῶνος
2948 2278 3181 2348 καιροῖς,
3218 2277 3313 2330 καὶ
3338 2327 3344 2338 ,
3370 2277 3509 2349 μετά
3547 2276 3638 2331 τὸν
3665 2278 3786 2334 τῶν

2190 2364 2361 2432 ἁγίων
2380 2364 2676 2436 προφητῶν
2693 2366 2891 2420 εὐκλεᾶ
2920 2384 2979 2420 τε
3008 2367 3104 2422 καὶ
3126 2366 3454 2436 άξιάγαστον
3481 2369 3662 2441 χορὸν,
3678 2370 3782 2424 ’καὶ

2193 2456 2340 2524 ἅπαξ
2372 2457 2559 2525 ἁπλῶς
2608 2458 2747 2528 μετὰ
2790 2459 2998 2523 πάντας
3027 2461 3153 2523 τοὺς
3204 2452 3313 2532 πρὸ
3343 2461 3443 2530 τῆς
3481 2461 3782 2533 ἐπιδημίας

2189 2547 2265 2612 ὡς
2294 2550 2353 2602 ὲν
2382 2547 2514 2602 υἱῶν
2536 2548 2687 2616 τάξει
2714 2549 3130 2621 λελογισμένους
3153 2551 3219 2605 δι’
3251 2554 3472 2625 ἀρετήν.
3500 2554 3780 2621 Ζηλωτὸς

2189 2639 2247 2695 δὲ
2278 2641 2357 2693 δτι
2384 2640 2605 2709 γέγονεν
2635 2643 2664 2696 6
2730 2642 3076 2714 Ἐμμανουήλ
3131 2644 3251 2707 πῶς
3285 2632 3442 2699 ’ἐστιν
3500 2645 3777 2717 ἀμφιϐάλ-

2190 2730 2322 2787 λειν.
2370 2733 2530 2788 Ἀλλὰ
2561 2728 2800 2806 ζηλωτὸς
2841 2734 2938 2805 μὲν
2974 2735 3150 2804 ἁγίοις
3195 2736 3245 2790 οἳ
3279 2739 3391 2801 τοῖς
3423 2736 3625 2809 ἴχνεσιν
3675 2740 3778 2795 αὑ-

2189 2822 2285 2877 τοῦ
2315 2825 2734 2881 κατακολουθεῖν
2761 2827 3173 2893 σπουδάζοντες,
3206 2829 3300 2882 καὶ
3330 2829 3469 2901 πρὸς
3513 2830 3574 2883 τὸ
3632 2831 3780 2897 θεῖον

2190 2915 2357 2970 αὑτοῦ
2398 2913 2764 2989 μορφούμενοι
2794 2917 3008 2983 κάλλος,
3042 2920 3206 2973 αὐτόν
3246 2936 3303 2972 τε
3336 2920 3649 2992 ποιούμενοι
3679 2922 3779 2978 τὸν

2190 3010 2493 3101 πρακτέων
2524 3012 2915 3101 ύπογραμμὸν,
2964 3010 3062 3101 τῂν
3099 3011 3326 3067 ἁπασῶν
3370 3013 3600 3086 ἀρίστην
3632 3015 3775 3089 ἀπφο
3814 3020 3823 3037 ³
3886 3072 3898 3077 -

3814 3020 3823 3037 1

2190 3099 2447 3170 φέρονται
2477 3097 2652 3165 δόξαν.
2683 3092 2930 3172 Ζηλωτός
2972 3092 3036 3169 γε
3091 3102 3198 3173 μὴν
3230 3102 3325 3156 καὶ
3350 3102 3473 3157 καθ’
3496 3104 3684 3176 ἕτερον
3702 3105 3792 3158 ἂν.

2188 3194 2360 3246 νοοῖτο
2389 3192 2588 3263 τρόπον
2629 3195 2741 3257 τοῖς
2765 3194 2865 3247 οὐκ
2910 3182 3136 3295 ξγαπᾷν
3168 3179 3496 3265 εἰρημένοις·
3534 3196 3678 3266 φημὶ
3704 3195 3778 3268 δὴ

2187 3286 2300 3346 τοῖς
2328 3283 2438 3335 τῶν
2482 3283 2754 3338 Ἰουδαίων
2802 3283 3164 3356 καθηγηταῖς,
3198 3285 3316 3356 ἤτοι
3361 3287 3472 3349 τοῖς
3505 3285 3777 3359 Γραμμα-

2184 3378 2336 3431 τεῦσι
2371 3379 2466 3434 καὶ
2492 3379 2825 3450 Φαρισαίοις·
2857 3380 2906 3433 οἳ
2938 3379 3135 3452 πικρὸν
3170 3381 3228 3433 ὲν
3252 3381 3463 3444 ἑαυτοῖς
3491 3380 3779 3448 ὡδίνοντες

2185 3468 2347 3541 ζῆλον
2373 3472 2468 3524 καὶ
2500 3469 2800 3541 βασκανίας
2848 3471 3104 3526 ὑπόθεσιν
3130 3470 3229 3543 τὴν
3259 3472 3647 3545 ἀπαράϐλητον
3674 3456 3780 3528 ab:

2181 3564 2277 3618 τοῦ
2314 3564 2628 3637 ποιούμενοι
2656 3564 2815 3632 δόξαν
2837 3565 2980 3619 κατὰ
3010 3566 3239 3631 πολλοὺς
3267 3567 3489 3637 ήλισκον
3511 3567 3773 3638 τρόπους.

3789 3350 3824 3400 ί

2182 3658 2440 3729 Διανίστη
2472 3659 2572 3729 μὲν
2603 3658 2711 3731 γὰρ
2738 3661 2862 3725 τοὺς
2900 3661 3127 3731 νεκροὺς
3175 3662 3205 3714 6
3241 3660 3476 3732 Χριστὸς
3505 3658 3776 3723 ὀδωδότας
3888 3722 3900 3733 κ

2184 3750 2287 3821 ἤδη
2340 3753 2435 3804 καὶ
2464 3750 2914 3822 διεφθαρμένους,
2965 3750 3062 3803 καὶ
3110 3748 3209 3813 τὰς
3237 3749 3403 3813 άλλας
3443 3747 3776 3818 θεοσ-ημείας

2183 3843 2449 3896 ἐπετέλει·
2480 3845 2619 3917 τοὺς
2661 3843 2715 3897 δὲ
2766 3841 3205 3915 κατατεθηπὲναι
3252 3841 3369 3895 δέον
3410 3843 3506 3895 καὶ
3545 3840 3683 3912 πρὸς
3707 3840 3776 3893 τὸ

2185 3933 2382 4003 χρῆναι
2413 3932 2690 3986 πιστεύειν
2723 3932 2921 3997 ἵεσθαι,
2966 3931 3152 3986 λοιπὸν
3179 3930 3328 3984 οὐδὲν
3348 3930 3355 3934 ’
3374 3929 3777 3995 ἐνδοιάζοντας.Δ

2185 4026 2247 4077 Οἱ
2278 4024 2335 4078 δὲ
2363 4025 2521 4079 τοῦτο
2552 4026 2650 4095 μὲν
2673 4026 2774 4078 οὐκ
2810 4025 3000 4099 ἔδρων,
3054 4024 3338 4078 ἐδάκνοντο
3367 4022 3423 4076 δὲ
3455 4022 3534 4094 τῷ
3566 4021 3771 4092 φθόνῳ,

2186 4116 2281 4171 καὶ
2307 4118 2509 4190 πικράς
2540 4119 2621 4182 εἰς
2648 4115 2775 4172 νοῦν
2802 4117 3047 4188 ἐδέχοντο
3074 4117 3269 4180 λύπας.

493 4221 630 4268 tare.
663 4214 731 4268 At
770 4214 847 4268 illi
874 4215 981 4275 hoc
1013 4216 1329 4287 neutiquam
1404 4215 1707 4283 faciebant;
1765 4204 1954 4273 verum
2006 4215 2210 4273 invidia
2273 4217 2609 4271 vexabantur
2636 4214 2716 4285 et!
2737 4214 2994 4269 acerbum
3040 4215 3225 4269 animo
3277 4227 3570 4268 maerorem
3635 4226 3771 4268 cons

492 4309 787 4379 cipiehant.

1802 4405 1932 4462 Post
1969 4405 2162 4465 Cyrilli
2193 4403 2488 4459 nonnulla:

1802 4424 1932 4462 ιυοδι
1969 4424 2084 4478 Lyr:

569 4493 769 4566 Ecquis
794 4497 934 4553 alius
961 4499 1085 4567 iste,
1117 4516 1281 4570 quam
1337 4501 1479 4558 sicut
1510 4504 1940 4559 demonstratum
1981 4518 2081 4557 no-

2193 4424 2447 4459 nonnuua
2472 4424 2488 4455 .'

2260 4498 2600 4559 illrronws
2635 4514 2647 4549 :
2699 4495 2795 4559 Τίς
2818 4494 2974 4561 ἄλλος
2995 4491 3170 4559 οὗτος,
3202 4493 3237 4564 ἢ
3280 4491 3465 4556 καθὼς
3493 4493 3769 4551 δείκνυται

491 4587 581 4643 bis
614 4598 701 4641 est
754 4589 823 4643 ah
873 4589 1159 4659 Apostolo,
1195 4596 1455 4647 secundus
1510 4595 1663 4648 homo
1690 4594 1957 4649 Dominus
2015 4593 2079 4647 de

494 4681 623 4736 mlo
664 4680 729 4733 ".
759 4680 937 4750 Atque
962 4683 1015 4737 in
1048 4683 1360 4755 Evangelio.
1398 4696 1737 4755 postremum
1779 4687 1856 4742 ait
1880 4686 2078 4742 fecisse

492 4772 827 4827 voluntatem
857 4771 1034 4829 Patris
1055 4774 1121 4828 “.
1146 4772 1339 4831 Verbis
1366 4777 1671 4842 autem,Ad
1698 4794 1777 4832 me
1799 4788 2071 4845 revertere,

2186 4595 2317 4666 ἡμῖν
2340 4588 2429 4644 διὰ
2464 4586 2559 4642 τοῦ
2598 4586 2942 4651 Ἀποστόλου,
2974 4589 3108 4669 ὃτιιὸ
3134 4587 3416 4654 δεύτερος
3457 4585 3767 4655 ἄνθρωπος

2182 4691 2211 4739 6
2246 4685 2449 4755 Κύριος
2498 4680 2568 4746 ἐξ
2597 4679 2877 4748 οὐρανοῦ.
2908 4679 3019 4733 Καὶ
3072 4682 3131 4733 ὲν
3174 4676 3252 4749 τῷ
3281 4678 3621 4750 Εὑαγγελὶῳ,
3672 4678 3768 4734 τὸν

2184 4777 2487 4848 ποιήσαντα
2513 4772 2574 4825 τὸ
2597 4771 2810 4843 θέλημα
2836 4771 2928 4825 τοῦ
2950 4770 3163 4841 Πατρδς
3184 4766 3336 4825 εἶπεν
3367 4773 3396 4824 6
3423 4769 3648 4841 ἔσχατος
3668 4770 3764 4841 (9).

565 4893 612 4925 ³⁸
636 4890 871 4963 Philipp.
899 4908 962 4961 ιι,
996 4892 1107 4949 7-9.
1185 4895 1227 4926 ²¹
1267 4893 1428 4951 Joan.
1471 4912 1606 4961 xvu,
1638 4896 1691 4951 5.
1770 4898 1814 4928 “
1850 4894 2023 4952 lCor.
2055 4912 2084 4950 χ

2187 4882 2265 4950 ιῆ.
2340 4893 2386 4925 ’³
2433 4890 2623 4946 Matth.
2660 4905 2776 4955 χιι,
2818 4889 2905 4943 '51.

565 5009 641 5078 (7)
664 5009 884 5088 _Kai__ér
926 5011 1002 5088 τῇ
1029 5014 1147 5088 ,τοῦ
1190 5014 1417 5069 δούλου
1452 5012 1656 5088 μορφῇ
1776 5016 1963 5083 ταύτῃ
1992 5030 2083 5069 τοι

489 5082 730 5155 deinde.
779 5080 907 5155 Haec
955 5084 1117 5155 habet
1162 5080 1477 5154 excerptum
1529 5080 1898 5149 G'rabianum;
1932 5080 2080 5155 "quae

490 5160 675 5206 tamen
706 5152 760 5206 in
786 5152 1197 5224 editoiFahricii
1226 5152 1638 5222 desiderantur;
1670 5156 1797 5210 licet
1817 5171 1880 5209 ea
1903 5152 2081 5224 requi-

489 5230 579 5276 rat
611 5232 900 5297 contextus
934 5223 1220 5293 Paulinus,
1249 5225 1316 5280 ad
1347 5240 1510 5297 quem
1542 5224 1601 5280 S.
1639 5224 1965 5297 Hippolytus
1982 5223 2077 5282 hic

491 5293 685 5364 procul
715 5293 882 5347 dubio
911 5297 1168 5364 respexit.

526 5363 842 5487 “afﬂigi-6
865 5359 1214 5435 adddnﬂéc.
1247 5364 1387 5421 Male
1429 5366 1571 5435 apud
1602 5364 1911 5421 Fabricium
1934 5404 1949 5432 ,
1980 5359 2075 5419 καῖ

489 5450 555 5486 το
584 5450 803 5488 αληυες.
1518 5464 1521 5465 ⁷

489 5471 1071 5576 ίωῶῖυΐδξσχατος.
1131 5504 1401 5561 Observat
1444 5505 1731 5561 Fabricius
1780 5516 1905 5575 post
1950 5504 2073 5560 Mil-

491 5573 906 5647 iium_,_codices
965 5578 1309 5647 nonnullos,
1346 5586 1406 5632 ut
1460 5577 1745 5647 Cantabr..
1781 5573 1983 5647 legere,
2016 5586 2075 5630 ut

492 5645 586 5718 hic
627 5642 968 5718 Hippolytus.
1003 5646 1241 5718 Sanctus
1275 5646 1639 5718 Hieronymus
1693 5642 1986 5718 Comment.
2020 5649 2073 5700 in

494 5714 846 5787 .ilatthqlib.
892 5732 973 5780 ιιι,
1018 5717 1093 5771 ‘ad
1138 5733 1259 5786 cap.
1298 5734 1413 5780 ut,
1453 5714 1511 5772 '51
1553 5736 1565 5773 :
1609 5738 1627 5769 ι
1658 5716 1949 5772 Sciendum
1967 5729 2072 5787 est,

491 5783 691 5853 inquit,
727 5785 778 5837 in
811 5787 957 5840 veris
1003 5783 1410 5855 exemplaribus
1439 5804 1547 5843 non
1597 5788 1785 5843 haberi
1842 5783 2069 5842 novissié

489 5870 657 5925 mum,
696 5857 791 5912 sed
821 5859 1074 5934 primum,
1124 5867 1183 5912 ut
1217 5859 1440 5930 proprio
1466 5859 1674 5931 judicio
1703 5858 2069 5918 condemnen-

2186 5023 2296 5068 tur.
2326 5009 2383 5066 Si
2412 5020 2592 5065 autem
2622 5009 2965 5063 novissimum
2992 5008 3324 5079 voluerimus
3348 5009 3546 5079 legere,
3583 5010 3768 5065 mani-

2188 5083 2327 5138 festa
2354 5091 2439 5137 est
2468 5081 2882 5149 interpretatio:
2917 5090 2976 5133 ut
3002 5078 3254 5135 diramus
3303 5080 3607 5149 intelligere
3638 5082 3769 5147 qui-

2185 5156 2310 5207 dem
2346 5148 2631 5207 veritatem
2684 5149 2949 5220 Juda'os,_
2981 5148 3076 5203 sed
3111 5148 3563 5220 tergiversari,fet
3610 5151 3763 5220 nolle

2184 5225 2368 5283 dicere
2395 5222 2539 5291 quod
2563 5221 2861 5291 sentiunt.g
2886 5218 3217 5291 Wetstenips
3246 5224 3301 5275 in
3336 5237 3435 5276 sua
3450 5219 3586 5274 Nov.
3608 5218 3759 5291 Τξέει.

2185 5294 2357 5364 ϐιηξοί
2385 5287 2644 5364 editione,
2680 5300 2824 5364 tom.
2848 5288 2888 5355 l,
2918 5306 3038 5360 pag.
3057 5289 3394 5364 Δ467,ῌΙιιιιιο
3420 5292 3594 5364 ipsum
3624 5287 3763 5358 Hip-

2184 5359 2351 5436 polyti
2382 5363 2561 5436 locum
2593 5362 2648 5415 in
2684 5359 2929 5436 medium
2949 5359 3177 5436 profert,
3212 5362 3343 5436 licet
3365 5359 3766 5436 minusemeu-

2182 5431 2328 5500 date,
2381 5432 2676 5501 subditque
2706 5431 2947 5487 doctoris
3000 5431 3227 5486 maximi
3259 5433 3445 5487 verbis
3467 5431 3713 5486 recitatis
3746 5452 3760 5487 :

2188 5524 2206 5556 ι
2243 5505 2507 5559 Nimirum
2539 5503 2858 5558 recordatus
2882 5503 3103 5571 aliquis,
3136 5502 3359 5559 ultimos
3388 5502 3506 5557 fore
3526 5503 3759 5570 primos,

2182 5576 2329 5655 quod
2369 5575 2569 5655 dicitur
2600 5572 2790 5655 Matth.
2819 5588 2910 5636 xx,
2951 5571 3041 5640 16,
3081 5573 3763 5655 putavitpublicanosre-

2182 5643 2325 5701 clins
2355 5646 2578 5717 ultimos
2602 5644 2785 5717 vocari
2816 5661 2829 5697 :
2865 5659 3028 5717 quam
3061 5643 3499 5717 emendationem
3532 5643 3760 5717 quidam

2179 5732 2245 5769 eo
2282 5716 2454 5784 usque
2483 5715 2864 5784 extenderunt,
2918 5713 3173 5769 utetiam
3223 5714 3610 5784 responsiones
3648 5713 3759 5784 mi-

2179 5783 2453 5854 grarent.»
2504 5783 2677 5850 Quam
2708 5784 2927 5853 quidem
2958 5801 3011 5837 v.
3041 5800 3118 5854 c.,
3148 5783 3519 5853 conjecturam
3572 5783 3762 5836 crudi-

2140 5865 2355 5912 °torum
2384 5854 2591 5933 judicio
2644 5856 3032 5928 permittimus.
3091 5853 3364 5911 Cmterum
3431 5854 3574 5912 haud
3611 5868 3759 5928 prae-
