4128 6386
446 435 550 493 607

1317 432 1375 488 δ.
1412 431 1778 495 HI'PPOLYTI
1814 433 1962 490 OPP.
2006 435 2185 491 PARS
2225 433 2266 489 1.
2307 462 2374 477 -
2408 430 2810 488 EXEGETICA.

3596 427 3701 487 608

446 554 759 624 agnovisset
791 553 940 619 Saul,
966 554 1251 609 adoravit?
1296 555 1458 623 Atqui
1515 553 1646 609 Saul
1701 570 1810 610 non
1863 556 2017 618 vidit.

2153 554 2219 625 ἧς
2271 551 2548 622 γυναικὸς,
2580 552 2716 621 ὅπερ
2758 547 3025 611 ἐϐούλετο,
3060 543 3247 617 σχῆμα,
3290 543 3400 599 τῶν
3447 544 3704 600 ἀνιόντων

448 646 546 702 sed
576 645 806 700 audiens
826 659 857 697 a
889 644 1113 698 muliere
1142 645 1288 713 quod
1322 645 1565 710 volebat,
1603 644 1829 715 ﬁguram
1859 645 2027 702 unius

445 748 641 793 eorum
657 735 751 804 qui
776 734 1149 800 ascenderant,
1178 749 1481 804 agnoscens
1505 744 1765 802 tanquam
1799 732 2025 789 Samue-

451 826 753 894 lem,istam
777 825 1057 881 consuluit
1071 826 1265 894 positis
1286 826 1535 895 genibus.
1559 824 1704 879 Nihil
1727 835 1907 880 autem
1919 825 2029 880 dae-

450 914 600 971 mouj
627 913 863 979 facilius,
901 930 1066 984 quam
1099 914 1371 970 Samuelis
1412 915 1707 985 imaginem
1746 914 2026 976 exhibere,

452 1004 558 1058 sibi
588 1012 794 1059 notam.
820 1002 1104 1070 Quomodo
1136 1004 1320 1075 igitur,
1357 1005 1584 1069 instant,
1627 1004 1878 1075 praedixit
1908 1019 2031 1074 qua:

452 1101 608 1148 erant
641 1102 897 1148 eventura
931 1095 1095 1160 mala,
1124 1107 1179 1150 et
1234 1093 1366 1149 Sanl
1417 1094 1543 1165 ipsi,
1578 1103 1634 1149 et
1656 1093 1905 1150 Jonatbaa
1950 1093 2028 1148 si-

452 1184 812 1241 mul?Finem
848 1186 1069 1256 quidem
1109 1186 1237 1241 belli
1278 1185 1550 1254 praedixit,
1593 1185 1851 1257 quodque
1901 1183 2032 1240 Saul

451 1276 799 1343 vinceretur;
839 1277 894 1331 id
936 1277 1255 1347 coniectans
1297 1279 1366 1338 ab
1413 1278 1496 1334 ira
1528 1278 1624 1334 Dei
1657 1295 1786 1351 erga
1827 1279 2030 1349 ipsum.

452 1360 923 1426 Quemadmodum
968 1365 1015 1421 si
1068 1364 1350 1433 medicus,
1412 1367 1569 1437 isque
1610 1383 1710 1423 nec
1757 1384 2033 1424 summum

453 1451 589 1507 artis
623 1454 832 1523 apicem
865 1466 1175 1524 assecutus,
1209 1468 1472 1527 aegrotum
1513 1460 1732 1516 intuens
1778 1461 2035 1532 despera-

453 1552 592 1605 tum,
624 1543 787 1614 hujus
827 1547 1087 1614 praedicat
1136 1560 1389 1613 mortem,
1435 1548 1491 1603 in
1549 1564 1795 1619 tempore
1852 1561 2033 1605 tamen

456 1633 799 1707 designaudo
826 1637 1110 1695 aberrans.
1141 1639 1219 1695 lta
1262 1651 1315 1696 et
1353 1642 1566 1697 daemon
1604 1643 1674 1696 ab
1698 1642 1825 1698 Saul
1857 1645 2039 1714 Operi-

456 1726 582 1793 bus,
637 1728 866 1799 ipsoque
923 1729 1168 1787 facinore
1224 1734 1594 1805 interrogandi
1629 1733 2034 1806 Pythonissam,

457 1820 649 1876 videns
681 1821 819 1876 iram
853 1821 969 1889 Dei,
1009 1827 1340 1894 praenuntiat
1368 1826 1574 1882 cladem
1617 1827 1782 1884 simul
1809 1837 1864 1883 et
1897 1843 2041 1884 more

457 1918 593 1978 tem,
632 1913 778 1968 circa
807 1914 950 1970 diem
971 1930 1101 1971 vero
1125 1918 1316 1973 mortis
1335 1918 1615 1975 aberrans.

2128 647 2244 711 ἑνὸς
2274 646 2365 699 καὶ
2393 645 2648 712 ἐπιγνοὺς
2664 644 2739 706 ὡς
2767 638 3039 712 Σαμουὴλ,
3060 637 3284 709 τοιούτῳ
3297 637 3513 709 ἐχρᾶτο,
3538 654 3709 709 προσ-

2128 738 2388 808 εκύνησεν
2419 736 2575 807 (19‘).
2605 735 2768 788 Οὐδὲν
2795 734 2851 787 δὲ
2876 732 2954 803 τῷ
2985 731 3199 803 δαίμονι
3232 730 3538 803 μορφῶσαι,
3570 732 3710 804 ὅπερ

2128 830 2265 901 ᾔδει,
2287 827 2474 898 σχῆμα
2502 826 2593 878 τοῦ
2631 823 2903 895 Σαμουὴλ.
2921 821 3044 885 Πῶς
3058 816 3150 883 οὖν
3171 823 3421 892 προεῖπε,
3444 820 3713 891 (animai

2134 920 2395 991 μέλλοντα
2437 917 2754 988 συμϐαίνειν
2784 914 2862 985 τῷ
2898 913 3090 974 Σαοὺλ,
3124 913 3220 967 καὶ
3251 911 3330 984 τῷ
3369 912 3623 967 Ἰωνάθαν
3646 912 3712 966 ὲν

2128 1012 2310 1083 ταύτῷ
2343 1011 2518 1074 κακά;
2547 1011 2622 1065 Τὸ
2656 1009 2754 1081 μὲν
2787 1010 2939 1072 τέλος
2967 1009 3195 1080 προεῖπε
3215 1006 3311 1060 τοῦ
3343 1006 3602 1076 πολέμου,
3635 1005 3717 1071 ὡς

2129 1103 2303 1157 Σαοὺλ
2337 1102 2720 1174 ήττηθήσεται,
2762 1098 3135 1171 στοχασαμένη
3168 1098 3275 1152 ἀπὸ
3301 1098 3403 1169 τῆς
3450 1099 3580 1169 περὶ
3616 1098 3717 1151 αὐ-

2130 1195 2223 1248 τὸν
2254 1193 2425 1265 ὀργῆς
2472 1192 2567 1246 τοῦ
2625 1190 2781 1245 Θεοῦ.
2839 1189 3051 1244 Ὦσανεὶ
3097 1188 3278 1261 ἰατρὸς
3316 1191 3345 1243 ὁ
3386 1189 3460 1260 μὴ
3508 1187 3717 1260 ἀκριϐῆ

2130 1288 2230 1358 τῆς
2258 1287 2567 1357 ἐπιστήμης
2596 1284 2734 1354 ἔχων
2763 1282 2861 1354 τὴν
2893 1280 3113 1355 γνῶσιν,
3148 1279 3564 1350 ἀπεγνωσμένον
3611 1279 3718 1351 άῤ-

2137 1380 2341 1449 ρωστον
2375 1376 2730 1447 θεασάμενος,
2768 1375 2897 1447 εἴπῃ
2932 1374 3122 1427 τούτου
3166 1372 3258 1426 τὸν
3292 1372 3541 1437 θάνατον,
3585 1370 3721 1446 περὶ

2133 1470 2234 1542 τὴν
2259 1468 2406 1542 ὥραν
2443 1467 2826 1538 σφαλλόμενος.
2856 1465 3011 1520 Οῦτω
3051 1465 3147 1519 καὶ
3188 1467 3217 1518 ὁ
3247 1464 3453 1535 δαίμων
3477 1464 3585 1517 άπδ
3607 1462 3724 1520 τῶν

2136 1562 2315 1633 ἔργων
2357 1559 2451 1614 τοῦ
2494 1560 2686 1625 Σαοὺλ,
2738 1561 2831 1612 καὶ
2865 1557 3028 1613 αὐτοῦ
3058 1557 3152 1610 τοῦ
3184 1557 3582 1628 ἐγχειρήματος
3617 1555 3723 1626 τῆς

2150 1652 2639 1725 Ἑγγαστριμύθου,
2675 1649 2832 1713 εἰδὼς
2866 1649 2961 1703 τοῦ
2993 1647 3128 1702 Θεοῦ
3156 1649 3256 1721 τὴν
3281 1648 3473 1720 ὀργὴν,
3518 1647 3720 1719 προλέ-

2137 1761 2224 1815 γει
2260 1745 2358 1815 τὴν
2380 1742 2551 1817 ¹ἧτταν
2585 1743 2729 1812 ὁμοῦ
2754 1744 2848 1795 καὶ
2880 1741 2971 1795 τὸν
3001 1741 3248 1806 θάνατον,
3279 1740 3407 1813 περὶ
3436 1739 3536 1810 τὴν
3585 1739 3725 1811 ἠμέ-

2146 1854 2243 1910 ραν
2270 1837 2363 1891 τοῦ
2393 1836 2625 1899 θανάτου
2655 1834 2895 1905 σφαλείς

467 2127 3694 2159 MM

1712 2298 1836 2386 IN
1958 2294 2535 2390 PSALMOS.

1874 2485 1965 2547 (lix
2010 2484 2311 2551 Gallaudlo.)
2340 2536 2341 2539 η

467 2805 743 2879 Hippolyti
773 2809 1001 2883 episcopi
1026 2807 1204 2883 Roma:
1230 2819 1600 2883 argumentum
1625 2811 1956 2869 enarratioui
1986 2810 2041 2865 in

2154 2810 2517 2868 Ἱππολύτου
2556 2811 2896 2867 ἐπισκόπου
2938 2810 3169 2883 Ῥώμης
3199 2814 3487 2879 ὑπόθεσις
3528 2808 3742 2883 διηγή-

948 2878 1193 2933 Psalmes
1219 2880 1577 2949 praemissum.

535 2987 700 3044 Liber
719 2987 1061 3044 Psalmorum
1087 2976 1285 3043 novam
1312 2987 1620 3044 doctrinam
1646 2990 1893 3047 continet
1919 2980 2060 3062 post!

467 3078 640 3152 legem
673 3078 894 3152 Moys'is.
930 3079 1081 3136 Alter
1110 3081 1255 3135 enim
1303 3080 1392 3136 hic
1430 3089 1557 3151 post
1580 3079 1783 3153 Moysis
1813 3083 2047 3154 scriptu-

469 3185 586 3226 ram
639 3170 959 3227 doctrinalis
1014 3170 1153 3227 liber
1200 3181 1303 3227 est.
1364 3170 1497 3228 Post
1539 3171 1743 3243 Moysis
1790 3173 1955 3245 igitur
1992 3183 2050 3230 et

467 3258 652 3317 Josuae
688 3260 921 3327 obitum,
956 3269 1011 3317 et
1037 3269 1161 3332 post
1196 3259 1446 3332 iudices,
1487 3260 1659 3318 David
1689 3263 1918 3331 exstitit,
1950 3265 2047 3335 qui

469 3351 669 3423 dignus
714 3353 933 3411 habitus
974 3361 1036 3408 ut
1064 3350 1364 3410 Salvatoris
1397 3353 1566 3409 etiam
1612 3354 1730 3425 ipse
1759 3363 1914 3427 pater
1942 3370 2047 3427 ap-

470 3443 788 3514 pellaretur,
832 3448 1032 3500 nov‘am
1068 3444 1337 3502 rationem
1380 3444 1710 3517 hymnorum
1752 3446 2054 3504 concinen-

474 3537 671 3592 dorum
722 3535 932 3605 primus
982 3536 1223 3603 tradidit,
1254 3551 1351 3606 per
1383 3551 1547 3607 quam
1597 3538 1822 3593 sustulit
1853 3554 1977 3608 quae
2019 3553 2049 3592 a

478 3625 664 3696 Moyse
712 3625 922 3682 sancita
963 3624 1081 3696 lege
1125 3633 1283 3680 erant
1322 3624 1390 3679 de
1422 3623 1728 3689 sacriﬁciis,
1764 3633 1821 3680 et
1849 3638 2052 3679 novum

475 3716 738 3791 hymnum
771 3727 933 3789 atque
961 3717 1183 3773 modum
1223 3717 1400 3787 jubilo
1428 3718 1642 3774 colendi
1669 3717 1841 3774 Deum
1879 3718 2053 3788 intro-

475 3810 652 3877 duxit,
682 3809 898 3879 aliaque
927 3810 1163 3881 plurima
1200 3811 1372 3882 legem
1399 3808 1601 3882 Moysis
1632 3809 2053 3881 supergredien-

478 3903 576 3970 tia,
606 3902 660 3958 in
694 3910 805 3957 tota
835 3918 933 3959 sua
964 3905 1295 3959 tractatione
1319 3902 1505 3959 docuit
1529 3902 1666 3972 (20).

2533 2896 2689 2949 σεως
2731 2885 2820 2948 εὶς
2855 2882 2997 2949 τοὺς
3036 2882 3343 2952 Ψαλμούς.

2232 2991 2297 3046 Ἦ
2329 2991 2508 3063 βίϐλος
2537 2992 2644 3047 τῶν
2681 2993 2928 3064 Ψαλμῶν
2954 2993 3145 3065 καινὴν
3173 2991 3521 3049 διδασκαλίαν
3554 2993 3744 3066 περιύ-

2149 3102 2235 3157 χει
2264 3084 2407 3143 κατὰ
2437 3085 2537 3156 τὴν
2566 3086 2843 3150 Μωῦσέως
2878 3085 3221 3157 νομοθεσίαν.
3250 3086 3360 3140 Καὶ
3386 3087 3470 3140 ὅτι
3502 3084 3742 3158 δευτέρα

2157 3173 2297 3245 μετὰ
2347 3174 2447 3247 τὴν
2497 3175 2778 3241 Μωῦσέως
2849 3175 3069 3249 γραφὴν
3134 3175 3488 3248 διδασκαλική
3557 3175 3745 3248 βίϐλος

2152 3268 2429 3337 τυγχάνει.
2487 3267 2645 3322 Μετὰ
2710 3267 2842 3338 γοῦν
2899 3267 2999 3340 τὴν
3068 3268 3347 3333 Μωῦσέως
3400 3269 3497 3323 καὶ
3564 3267 3742 3341 Ἰησοῦ

2153 3356 2434 3429 τελευτὴν,
2487 3358 2583 3413 καὶ
2644 3357 2785 3430 μετὰ
2831 3362 2960 3424 τοὺς
3008 3360 3204 3433 κριτὰς
3227 3358 3393 3415 Δαϐὶδ
3427 3360 3746 3431 γενόμενος,

2155 3447 2357 3502 ὡσανεὶ
2381 3449 2475 3504 τοῦ
2499 3450 2751 3522 Σωτῆρος
2790 3452 2954 3517 αὐτὸς
2979 3452 3317 3526 χρηματίσαι
3354 3451 3539 3523 πατὴρ
3572 3467 3750 3505 κατα-

2160 3537 2394 3606 ξιωθεὶς,
2442 3542 2627 3595 καινὸν
2668 3541 2867 3613 τρόπον
2899 3543 2989 3597 τὸν
3028 3544 3130 3614 τῆς
3166 3542 3487 3613 ψαλμῳδίας
3530 3541 3747 3613 πρῶτος

2174 3629 2445 3702 Ἑϐραίοις
2477 3633 2783 3705 παρέδωκε,
2815 3634 2881 3688 δι’
2912 3630 2981 3706 ἦς
3008 3637 3225 3706 ἀναιρεῖ
3258 3633 3358 3705 μὲν
3387 3632 3457 3686 τὰ
3487 3632 3638 3705 παρὰ
3666 3632 3749 3703 τῷ

2161 3722 2370 3795 Μωῦσῇ
2414 3725 2541 3796 περὶ
2579 3724 2781 3779 θυσιῶν
2822 3725 3313 3797 νενομοθετημένα,
3345 3724 3531 3779 καινὸν
3564 3723 3621 3777 δὲ
3652 3723 3750 3777 τὸν

2164 3811 2332 3883 ὕμνον
2359 3817 2455 3870 καὶ
2484 3815 2800 3888 ἀλαλαγμοῦ
2833 3818 3031 3889 τρόπον
3059 3819 3157 3889 τῆς
3191 3816 3285 3871 τοῦ
3318 3816 3455 3871 Θεοῦ
3490 3814 3749 3888 λατρείας

2160 3905 2400 3975 εἰσάγει,
2451 3908 2546 3963 καὶ
2577 3908 2711 3964 ἄλλα
2749 3909 2808 3963 δὲ
2851 3909 3080 3963 πλεῖστα
3126 3909 3216 3963 τὸν
3255 3909 3536 3973 Μωῦσέως
3582 3908 3750 3979 νόμον

477 3993 922 4070 ὑπερϐεϐηκότα,
973 3992 1041 4048 δι’
1101 3994 1229 4066 ὅλης
1284 3991 1451 4048 αὑτοῦ
1507 3994 1606 4065 τῆς
1667 3990 2053 4064 πραγματείας
2083 3990 2344 4054 διδάσκει.

1841 4203 1915 4263 In
1947 4202 2271 4266 Psalmum
2308 4204 2391 4271 ll.

1123 4308 1471 4363 Tlteodoritus
1502 4307 1719 4377 dialogo
1749 4307 1998 4373 secundo,
2020 4309 2112 4378 qui
2144 4309 2454 4364 inscribitur
2492 4309 2872 4379 Ὰσύγχυτιος,
2910 4325 2963 4379 p.
2992 4309 3113 4365 {67.

555 4403 741 4461 Sancti
772 4406 1046 4479 Hippolyti
1085 4405 1424 4487 episcopiOex
1454 4405 1803 4460 enarratione
1828 4404 2046 4458 secundi

2230 4405 2337 4460 Τοῦ
2372 4405 2529 4475 ἁγίου
2575 4404 2899 4487 ἸππολιξετοίυΔ
2926 4405 3230 4487 ἐπισκόπου
3254 4405 3317 4456 ὲκ
3332 4402 3433 4474 τῆς
3446 4402 3745 4476 ἑρμηνείας

1152 4477 1371 4547 psalmi.

557 4571 656 4626 llic
683 4571 907 4627 veniens
932 4569 990 4624 in
1021 4568 1286 4623 mundum
1309 4567 1454 4623 Deus
1481 4574 1536 4622 et
1562 4567 1730 4621 homo
1755 4564 2062 4637 patefactus

484 4674 590 4731 est,
630 4671 687 4719 et
719 4663 1016 4717 humanam
1048 4659 1266 4731 quidem
1314 4658 1486 4729 ipsius
1519 4668 1770 4713 naturam
1799 4657 1958 4714 facile
1980 4668 2065 4713 est

486 4770 800 4826 agnoscere,
848 4752 1069 4824 quando
1114 4751 1290 4808 esurit
1342 4760 1397 4807 et
1437 4749 1784 4821 defatigatur,
1830 4762 1885 4805 et
1926 4750 2063 4818 sitit,

484 4859 540 4905 et
571 4857 818 4903 metuens
854 4846 991 4915 fugit
1020 4855 1075 4899 et
1105 4858 1271 4900 orans
1315 4842 1571 4899 mmstitia
1617 4843 1978 4908 conﬂictatur,
2008 4849 2062 4897 et

485 4940 544 4996 in
588 4938 843 4995 cervicali
890 4937 1113 5003 dormit,
1158 4943 1215 4992 et
1258 4935 1481 4990 calicem
1535 4935 1811 5005 passionis
1858 4933 2062 4989 auferri

483 5032 641 5103 petit,
679 5039 733 5087 et
770 5030 825 5085 in
859 5029 1003 5084 lucta
1047 5028 1228 5093 sudat,
1259 5038 1316 5084 et
1353 5029 1422 5083 ab
1453 5028 1646 5099 angelo
1682 5026 2059 5090 confirmatur,

485 5133 541 5182 et
566 5121 749 5179 aJuda
780 5123 1051 5195 proditur,
1070 5130 1125 5176 et
1156 5120 1484 5176 contumelia
1517 5119 1748 5174 afficitur
1773 5134 1803 5173 a
1831 5118 2061 5187 Caipha,

486 5217 636 5273 etab
663 5214 879 5272 Herode
923 5213 1241 5285 despicitur,
1275 5220 1331 5268 et
1377 5227 1409 5266 a
1439 5209 1616 5266 Pilato
1648 5209 1973 5281 ﬂagellatur,
2007 5221 2065 5265 et

488 5325 520 5364 α
558 5309 824 5365 militibus
868 5307 1164 5373 deridetur,
1204 5314 1260 5361 et
1301 5320 1330 5358 a
1368 5302 1570 5359 Iudaeis
1616 5302 1768 5374 ligno
1807 5298 2061 5372 alllgitur,

562 5438 697 5511 (19')
723 5439 932 5511 Lege...
964 5438 1273 5511 εὲϐούλετο,
1300 5437 1393 5511 καὶ
1439 5435 1625 5507 σχῆμα
1656 5434 1772 5511 τῶν.
1810 5435 1917 5487 ἀνι.
1951 5433 2069 5499 ἑνὸς

493 5507 643 5583 ὲπέγ.
662 5512 751 5583 ὡςΔ
765 5507 1047 5583 Σαμουὴλ,
1075 5508 1449 5583 τοιούτῳΑὲχρ.
1462 5546 1484 5583 ,_
1502 5507 1908 5583 προσκυνήσας.

570 5528 585 5561 ι
630 5551 643 5564 .
669 5528 744 5576 ως
765 5528 1047 5583 ιαμουηλ,
1075 5528 1305 5579 τοιούτῳ
1326 5528 1477 5579 εχρ.,
1502 5528 1908 5578 προσκυνησας.

566 5528 680 5652 (ἇο)
713 5574 868 5637 ﬂunc
901 5583 1101 5647 locum,
1133 5581 1227 5652 sed
1256 5580 1437 5652 minus
1471 5579 1743 5652 integrum
1780 5576 2066 5652 minusque

491 5646 860 5721 eritendatum,
889 5652 1145 5721 produxit
1173 5648 1484 5721 Stephanus
1517 5648 1565 5701 le
1592 5648 1788 5721 Mo‘yne
1820 5646 2062 5721 notis‘ad

504 5720 667 5775 Varia
712 5715 866 5775 sacra
892 5715 964 5790 'p.
989 5720 1113 5784 977,
1154 5715 1381 5774 laudans
1420 5715 1697 5790 Hippolyti
1736 5716 1934 5790 librum
1960 5715 2062 5790 Ain-

497 5793 700 5847 editum
743 5792 797 5845 in
829 5787 1075 5846 Psalmos
1114 5792 1205 5859 qui
1235 5797 1410 5844 exstet
1434 5787 1723 5859 Florentia:
1767 5787 1819 5859 in
1866 5787 2062 5840 biblio-

500 5866 654 5920 theca
681 5861 1065 5919 Laurentiana.
1093 5857 1210 5915 Non
1244 5869 1423 5914 tamen
1452 5857 1721 5930 Hippolyti
1755 5858 1890 5914 liber
1921 5859 2054 5913 intc-

2713 4475 2807 4529 τοῦ
2854 4474 2899 4545 β’
2941 4473 3179 4546 ψαλμοῦ.

2234 4560 2446 4629 Οὗτοςὸ
2462 4563 2743 4637 προελθὼν
2771 4568 2851 4629 εἰς
2880 4565 2971 4619 τὸν
3000 4566 3225 4636 κόσμον,
3255 4564 3387 4629 Θεὸς
3413 4565 3509 4618 καὶ
3535 4564 3748 4636 ἄνθρω-

2164 4672 2267 4720 πος
2298 4655 2639 4728 ἐφανερώθη,
2681 4657 2777 4710 καὶ
2825 4657 2915 4711 τὸν
2949 4658 3048 4728 μὲν
3081 4656 3367 4728 ἄνθρωπον
3395 4656 3561 4709 αὑτοῦ
3595 4656 3753 4710 εὐκό-

2167 4749 2274 4813 λως
2314 4750 2429 4802 ἔστι
2473 4751 2635 4814 νοεῖν,
2678 4750 2768 4802 ὅτε
2816 4751 2980 4820 πεινᾲ
3014 4749 3109 4803 καὶ
3168 4751 3363 4821 κοπιᾷ,
3401 4749 3496 4804 καὶ
3527 4750 3755 4821 κάμνων

2166 4841 2315 4911 διψῇ,
2351 4841 2445 4894 καὶ
2471 4840 2683 4894 δειλιῶν
2716 4840 2925 4911 φεύγει,
2968 4841 3062 4895 καὶ
3099 4842 3533 4912 προσευχόμενος
3562 4841 3753 4893 λυπεῖ-

2169 4952 2280 4995 cm,
2318 4935 2412 4989 καὶ
2441 4935 2535 4988 ἐπὶ
2569 4935 3011 5007 προσκεφαλαίου
3045 4933 3329 4988 καθεύδει·
3366 4935 3462 4988 καὶ
3490 4935 3756 5005 ποτήριον

2171 5026 2376 5090 πέἽους
2413 5028 2777 5097 παραιτεῖται,
2808 5027 2904 5079 καὶ
2929 5024 3178 5094 ἀγωνιῶν
3213 5025 3369 5095 ἱδροῖ,
3404 5024 3499 5078 καὶ
3534 5024 3624 5077 ὑπ’
3652 5025 3756 5091 ἀγ-

2170 5118 2328 5185 γέλου
2361 5117 2711 5189 δυναμοῦται,
2746 5119 2839 5171 καὶ
2871 5118 2975 5170 ὑπὸ
3015 5116 3185 5170 Ἰούδα
3214 5115 3566 5187 παραδίδοται
3588 5154 3601 5175 ,
3655 5113 3754 5164 καὶ

2169 5209 2494 5280 ατιμάζεται
2540 5208 2646 5261 ὑπὸ
2682 5208 2929 5277 Καῖάφα,
2964 5207 3057 5259 καὶ
3094 5206 3202 5259 ἀπὸ
3253 5204 3497 5276 Ἡρώδου
3536 5201 3753 5267 ἐξουθε-

2173 5307 2375 5368 νείται,
2415 5300 2738 5375 μαστίζεταί
2769 5318 2828 5354 τε
2869 5300 2975 5354 ὑπὸ
3009 5299 3265 5365 Πιλάτου,
3307 5297 3403 5352 καὶ
3449 5297 3553 5350 ὑπὸ
3588 5312 3754 5367 στρα-

2172 5453 2265 5509 ger
2296 5440 2349 5494 in
2372 5438 2649 5510 jamgdicla
2674 5436 3001 5491 bibliotheca
3029 5445 3298 5510 superest,
3326 5433 3753 5510 sedfr-agmenla

2171 5505 2290 5577 eius
2350 5505 2600 5579 quaedam
2664 5516 2960 5563 occurrunt
2997 5505 3352 5579 _7in'__Catena
3427 5506 3632 5560 inedita
3695 5505 3753 5557 in

2172 5577 2419 5635 Psalmos
2445 5595 2610 5650 quam
2652 5580 2943 5633 thesaurus
2994 5577 3082 5650 ille
3113 5577 3370 5650 librarius
3415 5592 3582 5650 manu
3610 5589 3755 5650 exa-

2174 5661 2346 5705 ratam
2396 5646 2661 5709 asservat,
2692 5665 2721 5703 e
2749 5665 2858 5718 qua
2903 5648 3152 5702 eumdem
3194 5646 3521 5718 loctnn,__sed
3566 5646 3753 5718 ititlrru

2173 5723 2355 5776 minus
2400 5720 2685 5775 emendate
2733 5715 2991 5789 produxit
3037 5718 3343 5789 Alexander
3385 5715 3571 5771 Morus
3607 5717 3756 5771 nolis

2175 5793 2240 5846 ad
2273 5789 2478 5845 Novum
2506 5788 2822 5859 thdns,’ad
2852 5788 3013 5846 Hebr.
3047 5805 3101 5856 Χ,
3132 5788 3183 5844 5.
