4128 6430
414 301 520 357 609

1596 292 2023 363 FRAGMENTA
2059 296 2126 359 lN
2164 292 2498 363 radimus.

3558 307 3663 372 6M

411 419 624 477 τιωτῶν
654 421 929 487 παίζεται,
964 426 1057 479 καὶ
1088 425 1193 480 ὑπὸ
1240 426 1502 481 Ἰουδαίων
1527 426 1669 499 ξύλῳ
1734 429 1978 501 προσπή-

2081 438 2134 483 et
2170 430 2236 484 ad
2266 417 2502 485 Patrem
2525 429 2769 487 clamans
2816 431 3070 503 spiritum
3118 433 3169 490 ei
3206 435 3574 502 commendat,
3606 447 3662 493 et

319 563 341 578 ,
413 537 626 591 γνυται,
651 518 746 573 καὶ
766 520 899 592 πρὸς
918 522 1136 594 Πατέρα
1152 523 1286 593 βοῶν
1302 524 1658 594 παρατίθεται
1680 525 1739 578 τὸ
1755 524 1989 595 πνεῦμα,

414 612 510 664 καὶ
557 609 755 666 κλίνων
799 612 1041 685 κεφαλὴν
1093 614 1316 678 ὲκπνεῖ,
1388 614 1482 669 καὶ
1538 614 1778 686 πλευρὰν
1822 615 1988 687 λόγχῃ

413 704 689 770 νύσσεται,
724 705 818 758 καὶ
852 705 1047 759 σίνδονι
1074 696 1424 774 ἑλισσόμενος
1473 706 1531 759 ἐν
1561 705 1810 777 μνημείῳ
1843 705 1989 758 τίθε-

354 808 361 812 ‘
413 813 539 861 ται,
585 795 680 849 καὶ
721 797 1017 868 τριήμερος
1062 796 1167 849 ὑπὸ
1208 796 1420 868 Πατρὸς
1463 776 1776 852 ἀνίστατάι·
1825 797 1886 850 τὸ
1929 797 1987 851 δὲ

375 914 380 919 ·
414 887 592 941 θεῖκὺν
619 886 784 941 αὐτοῦ
819 887 983 941 πάλιν
1014 888 1263 960 φανερῶς
1294 889 1442 942 ἔστιν
1477 888 1624 952 ἰδεῖν,
1659 890 1746 942 ὅτε
1778 889 1869 941 ὐπ’
1892 888 1992 958 ἀγ-

412 979 586 1049 γέλων
627 982 1044 1050 προσκυνεῖται,
1093 981 1188 1034 καὶ
1229 979 1512 1052 θεωρεῖται
1554 979 1658 1033 ὐπὸ
1694 979 1989 1049 ποιμένων,

376 1064 381 1069 ’
410 1073 507 1127 καὶ
537 1074 904 1145 προσδοκᾶται
944 1072 1049 1126 ὐπὺ
1077 1072 1321 1145 Συμεὼν,
1352 1075 1446 1129 καὶ
1474 1072 1577 1128 ὐπὸ
1607 1075 1804 1142 Ἀννης
1849 1090 1987 1144 μαρ-

342 1162 343 1165 “
409 1167 675 1235 τυρεῖται,
694 1162 787 1217 καὶ
822 1165 1061 1234 ζητεῖται
1078 1164 1182 1218 ὐπὸ
1200 1165 1407 1236 μάγων,
1438 1164 1534 1220 καὶ
1566 1165 1885 1237 σημαίνεται
1911 1164 1983 1219 δι’

410 1252 659 1326 ἀστέρος,
690 1253 946 1325 καιῦδωρ
964 1256 1023 1308 ἐν
1043 1255 1241 1325 γάμοις
1271 1254 1412 1309 οἴνου
1434 1256 1553 1325 (sic)
1587 1254 1982 1326 ἀπεργάζεται,

410 1345 505 1398 καὶ
544 1344 787 1417 θαλάσσῃ
830 1345 937 1400 ὐπὸ
980 1345 1099 1416 βίας
1131 1345 1352 1417 ἀνέμων
1426 1345 1686 1417 κινομένῃ
1732 1344 1981 1415 ἐπιτιμᾷ,

410 1437 503 1490 καὶ
530 1436 624 1491 ἐπὶ
649 1437 925 1510 θαλάσσης
953 1440 1265 1510 περιπατεῖ,
1294 1439 1387 1491 καὶ
1408 1437 1604 1506 τυφλὸν
1626 1439 1691 1491 ὲκ
1716 1434 1983 1506 γεννητῆς

407 1530 541 1601 όρᾷν
574 1531 737 1598 ποιεῖ,
761 1530 856 1585 καὶ
880 1530 1073 1601 νεκρὸν
1095 1531 1346 1602 Λάζαρον
1370 1529 1744 1601 τετραήμερον
1771 1524 1986 1595 ἀνιστᾷ,

2096 522 2357 578 inclinato
2386 525 2561 593 capite
2590 525 2852 594 exspirat,
2894 534 2949 580 et
2976 527 3165 580 lancea
3201 525 3342 581 latus
3378 526 3497 595 ejus
3526 543 3663 582 con-

2095 612 2319 681 foditur,
2352 621 2407 669 et
2434 616 2663 670 sindone
2695 617 2970 673 involutus
3003 618 3058 675 in
3094 626 3448 673 monumento
3497 620 3667 676 collo-

2092 712 2268 768 catur,
2292 711 2347 760 et
2374 708 2534 761 tertio
2559 707 2648 763 die
2676 722 2707 761 a
2730 706 2889 763 Patre
2917 708 3293 765 resuscitator.
3322 708 3514 765 Divina
3537 725 3667 767 vero

2092 796 2268 867 ipsius
2295 807 2493 855 natura
2526 814 2635 854 non
2666 801 2898 856 obscure
2923 801 3186 867 cernitur,
3213 803 3434 872 quando
3460 802 3529 857 ab
3567 816 3668 857 an-

2090 886 2225 957 gelis
2256 888 2540 956 adoratur,
2575 898 2628 945 et
2656 906 2684 944 a
2717 891 3030 961 pastoribus
3060 901 3355 963 spectatur,
3383 903 3439 950 et
3465 911 3665 965 exspe-

2086 985 2268 1032 ctatur
2304 995 2332 1033 a
2363 979 2636 1047 Simeone,
2673 991 2728 1036 et
2766 982 2939 1038 Annae
2984 985 3294 1040 testimonio
3330 1000 3577 1050 ornatur,
3610 997 3666 1043 et

2087 1068 2350 1137 qumritur
2395 1085 2424 1124 a
2456 1071 2649 1141 magis,
2683 1080 2738 1126 et
2768 1071 3041 1127 indicatur
3075 1088 3107 1128 a
3134 1075 3308 1141 stella,
3343 1088 3398 1131 et
3426 1093 3492 1132 ex
3520 1092 3664 1149 aqua

2088 1158 2144 1213 iu
2173 1161 2376 1229 nuptiis
2407 1164 2594 1217 vinum
2630 1161 2782 1230 facit,
2817 1173 2872 1218 et
2899 1180 3049 1219 mare
3072 1166 3126 1220 vi
3158 1177 3446 1224 ventorum
3489 1171 3667 1241 agita-

2089 1257 2205 1304 tum
2235 1250 2508 1323 obiurgat,
2546 1262 2601 1308 et
2633 1254 2688 1308 in
2720 1257 2859 1310 mari
2890 1257 3166 1323 ambulat,
3196 1267 3251 1314 et
3286 1274 3430 1315 caeco
3463 1275 3494 1314 a
3521 1261 3666 1315 nati—
3730 1280 3745 1287 ι

2087 1341 2253 1396 vitate
2290 1342 2470 1397 visum
2511 1345 2790 1409 restituit,
2832 1355 2887 1401 et
2920 1346 3188 1403 Lazarum
3234 1351 3662 1421 quatriduanum

2088 1435 2410 1501 resuscitat,
2454 1450 2508 1491 et
2556 1437 2738 1492 varias
2787 1438 3021 1495 virtutes
3069 1441 3303 1510 perlicit,
3348 1450 3404 1498 et
3441 1454 3662 1514 peccata

2091 1526 2339 1592 remittit,
2372 1535 2427 1581 et
2460 1537 2783 1597 potestatem
2823 1528 3131 1588 remittendi
3161 1533 3254 1589 dat
3282 1534 3587 1606 discipulis.

410 1627 504 1680 καὶ
542 1625 793 1691 ποικίλας
822 1624 1081 1698 δυνάμεις
1112 1625 1276 1695 τελεῖ,
1323 1626 1418 1680 καὶ
1453 1623 1727 1696 ἁμαρτίας
1767 1619 1983 1692 ἀφίησι,
2011 1618 2108 1673 καὶ
2136 1620 2384 1683 ἐξουσίαν
2412 1622 2597 1678 δίδωσι
2624 1623 2918 1694 μαθηταῖς.

1683 1861 1754 1921 In
1814 1856 2137 1919 Psalmum
2182 1854 2399 1916 XXII.

1551 2007 1701 2066 Idem
1722 2006 2072 2083 ‘Theodoritus
2097 2004 2309 2074 dialogo
2336 2004 2526 2073 primo.

409 2131 514 2183 Τοῦ
560 2130 720 2204 ἁγίου
765 2127 1080 2204 Ἱππολύτου
1118 2127 1418 2204 ἐπισκόπου
1468 2128 1562 2180 καὶ
1585 2128 1882 2204 ⁸μάρτυρος
1914 2124 1978 2177 ὲκ

2081 2181 2122 2194 _
2151 2121 2385 2204 Sanctus
2413 2120 2738 2204 Hippolytus
2769 2125 3060 2204 episcppus
3090 2132 3145 2181 et
3172 2130 3381 2198 martyr
3407 2125 3462 2181 in
3493 2130 3659 2184 enar-

522 2200 617 2256 τοῦ
650 2200 809 2269 λόγου
841 2199 933 2253 τοῦ
960 2201 1069 2262 είς·
1113 2217 1132 2251 ι
1171 2198 1374 2270 Κύριος
1404 2197 1800 2269 ποιμαίνειμε,
1844 2215 1863 2248 ι

476 2293 588 2347 Καὶ
619 2291 849 2356 κιϐωτὸς
878 2290 935 2345 δὲ
961 2292 1027 2343 ὲκ
1055 2289 1225 2355 ξύλων
1252 2291 1510 2361 ἀσήπτων
1534 2289 1696 2354 αὐτὸς
1729 2284 1841 2361 ἦνὸ
1864 2288 1979 2342 Σω-

405 2387 540 2459 τήρ·
577 2386 639 2439 τὸ
664 2385 770 2458 γὰρ
796 2385 1035 2456 ἄσηπτον
1071 2378 1232 2437 αὐτοῦ
1278 2382 1373 2437 καὶ
1405 2381 1730 2454 ἀδιάφθορον
1781 2380 1976 2457 σκῆνος

407 2477 579 2550 ταύτῃ
614 2475 1013 2551 κατηγγέλλετο
1041 2472 1101 2529 τὸ
1135 2474 1401 2550 μηδεμίαν
1450 2473 1843 2546 ἁμαρτήματος
1885 2487 1977 2541 ση-

407 2569 603 2622 πεδόνα
619 2566 817 2638 φύσαψ
836 2568 893 2620 '0
909 2565 1017 2639 γὰρ
1042 2568 1362 2641 ἁμαρτήσας
1383 2566 1476 2620 καὶ
1494 2556 1816 2634 ἑξομολογού
1826 2562 1983 2633 μενός

407 2676 566 2732 φησι·
585 2656 979 2727 Προσώζεσαν
1002 2659 1100 2712 καὶ
1131 2658 1456 2727 ἐσάπησαν
1475 2660 1527 2712 οὶ
1545 2655 1979 2727 μώλοκτέςμου,

405 2750 524 2804 ἀπὸ
555 2747 881 2819 προσώπου
908 2748 1022 2817 τῆς
1046 2749 1399 2818 ἀφροσύνης
1422 2764 1562 2816 μου.
1601 2747 1659 2799 '0
1687 2745 1745 2797 δὲ
1778 2745 1981 2816 Κύριος

409 2842 794 2917 ἀναμάρτητος
830 2837 920 2911 ἦν,
965 2843 1029 2893 ἐκ
1066 2839 1175 2893 τῶν
1218 2840 1477 2911 ἁσήπτων
1526 2836 1697 2902 ξύλων
1741 2837 1803 2888 τὸ
1839 2834 1981 2888 κατὰ

403 2933 708 3007 ἄνθρωπον,
742 2932 1018 2987 τουτέστιν
1046 2928 1116 2985 ἐκ
1144 2931 1241 3001 τῆς
1272 2922 1543 3015 Παρθένου
1573 2929 1668 2982 κα)⁸
1695 2927 1789 2981 τοῦ
1821 2925 1976 2995 ἁγίου

404 3026 718 3098 Πνεύματος
765 3026 986 3093 ἔσωθεν,
1015 3025 1108 3079 καὶ
1139 3022 1337 3091 ἔξωθεν
1368 3023 1462 3077 τοῦ
1490 3022 1648 3092 λόγου
1686 3020 1780 3074 τοῦ
1817 3019 1976 3084 Θεοῦ,

402 3106 490 3166 οἷα
521 3113 896 3187 καθαρωτάτῳ
924 3112 1133 3186 χρυσίῳ
1167 3110 1729 3186 περικεκαλυμμένος.
1758 3130 1763 3139 ί

2223 2193 2433 2248 ratione
2464 2193 2684 2263 psalmi,
2726 2212 2745 2245 ‹
2770 2193 3034 2251 Dominus
3061 2205 3249 2265 pastor
3279 2193 3454 2252 meus.
3495 2216 3515 2249 ι

2148 2282 2294 2339 Area
2330 2284 2657 2339 concinnata
2681 2299 2750 2339 ex
2778 2283 2943 2357 lignis
2990 2299 3101 2341 non
3133 2287 3390 2343 obnoxiis
3419 2288 3663 2358 putrefa-

2079 2374 2248 2430 ctioni
2275 2382 2395 2430 erat
2428 2374 2546 2445 ipse
2576 2374 2846 2432 Salvator.
2882 2375 3096 2432 Etenim
3125 2377 3231 2433 hac
3255 2378 3662 2448 signiﬁcabatur

2083 2465 2494 2523 tabernaculum
2565 2466 2739 2537 ipsius
2795 2483 2905 2522 non
2961 2468 3203 2524 sentiens
3254 2470 3494 2535 cariem,-
3560 2480 3661 2527 aut

2082 2557 2510 2628 corruptionem,
2541 2557 2647 2614 hoc
2687 2565 2795 2626 est,-
2829 2559 3034 2613 nullam
3068 2561 3275 2629 peccati
3312 2562 3657 2630 putredinem

2080 2650 2329 2720 gignens.
2376 2645 2515 2703 Nam
2561 2657 2816 2718 peccator
2862 2650 3005 2706 hanc
3052 2649 3164 2705 edit
3212 2652 3652 2708 confessionem:

2079 2737 2411 2794 Putruerunt
2463 2747 2515 2794 et
2557 2750 2807 2809 corrupta
2849 2750 2974 2795 sunt
3020 2740 3237 2796 vulnera
3282 2758 3398 2796 mea
3444 2753 3658 2813 propter

2078 2831 2438 2901 insipientiam
2466 2847 2634 2886 meam
2658 2833 2721 2885 ³³.
2750 2831 3016 2888 Dominus
3044 2849 3174 2888 vero
3203 2835 3409 2904 peccati
3438 2850 3654 2905 expers,

2083 2932 2137 2978 et
2165 2937 2233 2978 ex
2261 2923 2423 2995 lignis
2478 2924 2816 2979 immunibus
2854 2939 2883 2978 a
2913 2924 3309 2994 putrefactionc
3357 2926 3658 2982 secundum

2084 3015 2382 3082 hominem,
2414 3016 2520 3070 hoc
2550 3025 2653 3081 est,
2683 3031 2747 3069 cx
2783 3013 3004 3085 Virgine
3035 3025 3089 3070 et
3115 3014 3319 3086 Spiritu
3353 3025 3545 3072 sancto
3573 3017 3660 3072 in-

2084 3113 2194 3171 tus,
2231 3114 2284 3160 et
2322 3104 2456 3161 foris
2501 3105 2664 3159 verbo
2697 3104 2824 3171 Dei,
2860 3105 3018 3176 quasi
3066 3105 3307 3176 quodam
3361 3099 3662 3177 purissima

2084 3209 2221 3249 auro
2254 3207 2480 3265 opertus
2514 3193 2636 3250 fuit.

1704 3390 1777 3461 In
1824 3401 2141 3479 psalmum
2194 3403 2439 3467 XXIII.

1866 3529 2018 3587 Idem
2061 3533 2195 3588 ibid.

470 3646 577 3701 Τοῦ
603 3644 768 3700 αὐτοῦ
795 3647 860 3701 ἐκ
884 3642 977 3700 τοῦ
1009 3645 1167 3715 λόγου
1192 3644 1285 3701 τοῦ
1314 3648 1396 3712 εις
1418 3640 1511 3702 τόν
1540 3653 1632 3718 κγ’
1671 3646 1904 3719 ψαλμόν.

474 3738 733 3811 Ἔρχεται
765 3738 858 3791 ἐπὶ
891 3738 990 3801 τὰς
1026 3738 1286 3810 οὐρανίας
1329 3737 1501 3802 πύλας
1519 3779 1534 3805 ,
1568 3737 1788 3808 ἄγγελοι
1828 3740 1977 3812 αὐτῷ

324 3848 329 3855 ι
401 3830 774 3895 συνοδεύουσι,
815 3830 910 3883 καὶ
943 3829 1324 3901 κεκλεισμέναι
1373 3830 1509 3883 εἰσὶν
1554 3832 1610 3884 αἱ
1654 3829 1821 3885 πύλαι
1865 3830 1975 3885 τῶν

397 3923 663 3997 οὐρανῶν.
729 3922 955 3976 Οὐδέπω
1002 3921 1110 3995 γὰρ
1170 3921 1506 3993 ἀναϐέϐηκεν
1557 3925 1638 3986 εἰς
1689 3922 1973 3996 οὐρανούς.

398 4017 623 4089 Πρῶτος
663 4015 759 4071 νῦν
800 4014 1048 4085 φαίνεται
1088 4016 1208 4077 ταῖς
1246 4014 1509 4085 δυνάμεσι
1547 4016 1669 4078 ταῖς
1697 4014 1976 4085 οὐρανίαις

332 4094 365 4106 ”
400 4107 538 4183 σὰρξ
572 4108 958 4163 ἀναϐαίνουσα.
994 4105 1227 4175 Λέγεται
1255 4101 1349 4158 οἶν
1382 4108 1503 4169 ταῖς
1539 4105 1831 4176 δυνάμεσιν
1866 4105 1973 4159 ὐπὸ

395 4203 505 4256 τῶν
547 4201 796 4271 ἀγγέλων
831 4199 939 4253 τῶν
981 4198 1390 4270 προτρεχόντων
1430 4197 1522 4250 τὸν
1566 4198 1791 4269 Σωτῆρα
1813 4238 1828 4261 ,
1875 4198 1971 4251 καὶ¹

396 4293 630 4366 Κύριονο
683 4293 891 4362 Ἄρατε
927 4292 1147 4357 πύλας,
1198 4292 1254 4343 οὶ
1285 4289 1592 4357 ἄρχοντες,
1632 4288 1822 4358 ὑμῶν,
1866 4290 1968 4344 καὶ

395 4382 708 4454 ὲπάρθητε,
733 4382 918 4437 πύλαι
937 4379 1178 4444 ultimm,
1209 4380 1308 4434 καὶ
1332 4381 1742 4434 εἰσελεύσεται
1789 4383 1822 4433 ό
1857 4382 1971 4432 Ba-

394 4476 608 4543 σιλεὺς
644 4474 756 4545 τῆς
801 4472 1007 4541 δόξης-

2005 3655 2052 3718 c
2167 3652 2315 3708 Idem
2350 3651 2406 3707 in
2430 3650 2785 3717 enarratione
2817 3651 3013 3723 psalmi
3039 3664 3203 3709 ικιιιδ

2149 3742 2312 3801 Venit
2343 3746 2412 3801 ad
2441 3745 2695 3800 caelestes
2721 3753 2910 3813 portas
2936 3747 3142 3817 angelis
3174 3747 3350 3815 ipsum
3385 3746 3657 3801 comitan-i

2076 3833 2242 3902 tibus,
2287 3845 2343 3891 et
2388 3837 2589 3893 clausae
2635 3848 2793 3891 erant
2834 3846 3004 3906 porta:
3057 3837 3344 3893 ctelorum.
3396 3835 3651 3897 Nondum

2076 3928 2221 3982 enim
2270 3928 2325 3981 in
2379 3929 2581 3984 celum
2609 3930 2947 3994 ascenderat,
2985 3929 3077 3985 sed
3120 3940 3249 3983 tunc
3285 3931 3521 3998 primum
3555 3940 3655 3999 ap-

2076 4019 2261 4089 paruit
2327 4022 2692 4090 potestatibus
2759 4022 3076 4077 cmlestibus
3136 4032 3267 4074 caro
3324 4021 3647 4075 ascendens.

2074 4107 2282 4164 Dicitur
2308 4122 2439 4180 ergo
2462 4111 2821 4178 potestatibus
2852 4111 2921 4166 ab
2944 4110 3179 4182 angelis,
3202 4110 3295 4180 qui
3326 4119 3485 4165 erant
3510 4126 3650 4180 prae-

2073 4213 2327 4254 cursores
2357 4198 2655 4256 Salvatoris
2686 4209 2741 4256 et
2766 4199 2981 4255 Domini
3008 4219 3023 4256 :
3050 4200 3242 4255 Tollite
3268 4212 3474 4270 portas,
3496 4203 3650 4268 pria-

2072 4293 2234 4360 cipes,
2270 4301 2490 4356 vestras,
2529 4300 2579 4346 et
2607 4293 2905 4357 elevamin‘i,
2945 4303 3113 4362 porta:
3150 4294 3452 4361 carnales,
3485 4307 3536 4349 et
3565 4297 3651 4350 iu-

2072 4386 2252 4439 troibit
2273 4384 2384 4440 Rex
2406 4385 2590 4456 gloriae
2615 4384 2681 4440 ³³.

1729 4705 1801 4765 In
1840 4702 2158 4784 psalmum
2210 4701 2372 4767 CIX.

1517 4831 1667 4889 Idem
1693 4832 2041 4890 Theodoritus
2064 4833 2278 4903 dialogo
2309 4828 2559 4885 secundo.

472 4926 573 4987 Τοῦ
605 4928 769 4987 αὐτοῦ
798 4935 862 4987 ἐκ
887 4930 979 4987 τοῦ
1008 4930 1168 5001 λόγου
1192 4931 1271 4996 είς
1303 4929 1403 5000 τὴν
1429 4926 1571 5001 ᾠδὴν
1598 4931 1863 5003 μεγάλην.

478 5023 534 5080 Ὀ
560 5027 650 5080 τὸν
671 5024 983 5080 ἀπολωλότα
1009 5025 1072 5077 ὲκ
1093 5022 1198 5093 γῆς
1218 5020 1640 5093 πρωτόπλαστον
1661 5022 1967 5094 ἄνθρωπον,

395 5117 490 5172 καὶ
519 5120 575 5172 ὲν
605 5118 826 5187 δεσμοῖς
858 5116 1086 5170 θανάτου
1120 5112 1512 5187 κρατούμενον,
1542 5113 1602 5180 ἐξ
1635 5114 1760 5185 ᾅδου
1796 5132 1971 5169 κατω-

394 5210 555 5265 τάτου
600 5209 859 5273 ἑλκύσας*
897 5209 926 5261 ὁ
963 5205 1170 5261 ἄνωθεν
1211 5204 1514 5270 κατελθὼν,
1562 5206 1657 5258 καὶ
1690 5204 1781 5258 τὸν
1819 5207 1968 5260 κάτω

393 5304 475 5366 εἰς
502 5302 574 5356 τὰ
600 5302 712 5357 ἄνω
751 5298 1078 5368 ἀνενέγκας·
1117 5300 1146 5351 ό
1167 5296 1276 5350 τῶν
1311 5294 1522 5369 νεκρῶν
1553 5295 1965 5367 εὐαγγελιστὴς,

392 5395 489 5448 καὶ
512 5394 621 5447 τῶν
644 5391 831 5464 ψυχῶν
856 5390 1158 5462 λυτρωτὴς,
1186 5388 1289 5442 καὶ
1310 5388 1606 5450 ἀνάστασις
1623 5386 1734 5440 τῶν
1761 5385 1968 5456 τεθαμ-

2001 4941 2053 5002 D

2289 4927 2436 4983 Idem
2472 4925 2526 4980 in
2556 4925 2819 4981 concione
2856 4924 2925 4980 de
2957 4936 3158 4997 magno
3187 4924 3425 4983 cantico.

2140 5019 2244 5087 Qui
2305 5018 2576 5090 perditum
2628 5016 2906 5071 hominem
2962 5030 3032 5071 ex
3067 5026 3211 5071 terra
3259 5015 3551 5071 formatum
3593 5024 3649 5071 et

2067 5110 2307 5167 vinculis
2341 5109 2534 5165 mortis
2576 5108 2913 5178 implicatum
2954 5123 3021 5161 ex
3062 5107 3251 5161 intimo
3289 5107 3502 5161 inferno
3534 5107 3646 5161 eri-

2066 5204 2207 5272 puit,
2243 5212 2298 5258 et
2326 5202 2560 5270 desuper
2604 5200 2831 5255 veniens
2882 5200 2938 5253 in
2972 5198 3205 5253 sublime
3256 5196 3453 5250 extulit
3493 5194 3645 5249 humi

2066 5296 2361 5366 jacentem,
2412 5295 2591 5351 factus
2636 5301 2977 5347 mortuorum
3027 5288 3383 5358 evangelista,
3425 5294 3480 5341 et
3528 5286 3646 5339 ani~
3710 5285 3714 5289 ’

2070 5400 2282 5443 marum
2316 5386 2648 5456 redemptor,
2675 5394 2730 5439 et
2758 5380 3092 5438 resurrectio
3134 5378 3508 5447 sepultorum;
3551 5375 3646 5434 hic

397 5486 572 5559 μένων
598 5484 880 5556 γινόμενος
901 5477 1074 5545 οὗτοςο
1104 5476 1171 5552 ἧν
1201 5483 1231 5534 ό
1253 5479 1348 5534 τοῦ
1371 5476 1724 5550 νενικημένου
1758 5476 1968 5548 ἀνθρώ-

2081 5479 2221 5532 victo
2252 5476 2460 5531 homini
2501 5488 2660 5544 opem
2693 5472 2837 5538 tulit,
2859 5470 3035 5526 factus
3065 5468 3115 5523 ei
3146 5467 3342 5524 similis
3372 5467 3645 5539 primoge-

392 5593 498 5633 που
541 5575 902 5648 γεγενημένος
957 5572 1149 5644 βοηθὸς
1198 5574 1317 5625 κατ’
1371 5565 1534 5626 αὐτὸν
1593 5572 1778 5642 ὅμοιος
1814 5568 1964 5640 αὐτῷ

2081 5569 2220 5626 nitus
2244 5567 2452 5637 Λόγος,
2506 5565 2743 5635 primum
2789 5570 3067 5634 parentem
3113 5560 3291 5616 Adam
3337 5561 3393 5617 in
3433 5559 3642 5630 virgine

467 5742 509 5774 ”
534 5742 676 5800 Psal.
709 5754 937 5806 xxxvm,
967 5733 1021 5793 5.
1098 5737 1140 5768 ³³
1164 5736 1309 5792 Psal.
1344 5751 1490 5803 xxiv,
1524 5735 1575 5790 7.
