4128 6380
544 298 643 352 611
1391 299 1448 354 S.
1488 292 1850 354 lllPPOLYTl
1888 295 2038 353 OPP.
2079 296 2260 352 PARS
2298 295 2339 352 1.
2379 325 2445 336 -—
2484 295 2896 356 EXEGETICA.
3674 298 3790 358 '61!

541 417 796 482 visitans,
831 418 1130 489 spiritaalis
1171 427 1446 473 terrenum
1485 419 1541 472 in
1579 419 1804 474 matrice
1831 433 2103 489 quaerens,

2218 415 2548 488 πρωτότοκος
2578 414 2748 482 Λόγος
2764 454 2780 481 ,
2824 414 2916 467 τὸν
2955 413 3378 486 πρωτόπλαστον
3412 414 3581 486 Ἀδὰμ
3621 418 3680 470 ἐν
3718 419 3795 488 τῇ

543 522 762 578 semper
787 508 973 562 vivens
1029 523 1128 576 per
1164 505 1587 561 inobedientiam
1621 516 1918 571 mortuum,
1953 505 2113 562 coale-

2218 506 2472 581 παρθένῳ
2502 505 3011 577 ἐπισκεπτόμενος,
3032 508 3062 559 6
3089 508 3458 579 πνευματικὸς
3483 508 3576 562 τὸν
3607 510 3799 580 χοῖκδν

544 600 645 655 stis
674 609 983 654 terrestrem
1011 598 1076 653 ad
1106 598 1384 667 superiora
1414 612 1639 662 vocans,
1667 593 1866 652 nobilis
1897 612 2113 652 servum

2218 600 2273 652 ὲν
2305 601 2370 669 τῇ
2405 599 2589 669 μήτρᾳ
2640 595 2932 666 ἐπιζητῶν,
2959 597 2988 649 6
3016 597 3104 651 dei
3132 595 3240 662 ζῶν
3268 598 3360 652 τὸν
3387 599 3475 653 διά
3503 600 3794 672 παρακοῆς

543 692 938 764 perpropriam
973 689 1334 744 obedientiam
1384 690 1637 744 libertate
1667 689 1872 744 donare
1902 689 2111 756 volens,

2218 689 2551 744 ἀποθανόντα
2579 705 2593 720 ο
2648 689 2682 740 ό
2710 687 2960 758 οὐράνιος
3005 687 3096 741 τὸν
3149 689 3388 757 ἐπίγειον
3430 691 3512 753 είς
3558 688 3630 744 τὰ
3678 689 3796 743 ἀνω

543 783 637 852 qui
678 783 732 835 in
762 791 958 836 terram
988 781 1286 836 resolutum
1319 779 1587 835 hominem
1624 789 1677 835 et
1701 781 1958 850 pabulum
1999 796 2113 835 ser-

2219 781 2399 835 κωλῶν
2421 798 2435 811 ·
2465 781 2500 833 6
2543 780 2768 851 εὐγενὴς
2800 780 2891 832 τὸν
2921 779 3104 832 δοῦλον
3139 779 3226 833 διὰ
3256 781 3353 852 τῆς
3387 780 3519 845 ιδίας
3543 782 3797 852 ὑπακοῆς

543 875 721 943 pentis
753 873 953 928 factum
973 913 988 938 ,
1033 873 1088 926 in
1120 872 1468 926 adamantem
1502 885 1834 928 convertens
1863 873 2024 942 idque
2056 872 2110 925 in

2218 874 2501 945 ἐλεύθερον
2528 873 2806 938 ἀποδεῖξαι
2842 872 3033 925 θέλων·
3069 873 3098 926 6
3143 872 3236 926 τὸν
3263 874 3343 936 εἰς
3389 874 3492 944 γῆν
3531 873 3796 944 λυόμενον

543 964 690 1034 ligno
719 965 1060 1034 pendentem,
1096 963 1386 1017 Dominum
1419 963 1682 1017 adversus
1720 963 1979 1018 victorem
2013 962 2110 1017 de-

541 1053 767 1108 claravit
804 1062 968 1122 atqne
999 1053 1071 1106 ita
1107 1067 1204 1122 per
1236 1052 1442 1122 lignum
1468 1053 1646 1108 victor
1673 1053 1968 1107 invenitur.

2212 965 2495 1036 ἄνθρωπον
2537 965 2631 1016 καὶ
2662 963 2857 1036 βρῶμα
2899 964 3075 1033 δφεως
3105 965 3493 1036 γεγενημένον,
3533 969 3615 1030 εἰς
3661 967 3797 1020 ἀδά-

2211 1071 2392 1125 μαντα
2437 1053 2673 1124 τρέψας,
2718 1053 2812 1106 καὶ
2851 1052 3007 1106 τοῦτο
3057 1055 3149 1107 ἐπὶ
3201 1053 3357 1120 ξύλου
3389 1055 3797 1127 κρεμασθέντα,

540 1144 743 1217 Κύριον
785 1144 929 1198 κατά
978 1142 1070 1197 τοῦ
1120 1144 1464 1214 νενικηκότος
1515 1144 1823 1214 ἀποδείξας,
1859 1143 1953 1198 καὶ
2007 1143 2093 1197 διὰ
2115 1142 2270 1198 τοῦτο
2297 1145 2386 1198 διὰ
2409 1144 2588 1211 ξύλου,
2623 1146 2916 1216 νικηφόρος
2949 1146 3284 1216 εὑρίσκεται·

928 1237 1072 1294 idem
1101 1239 1155 1293 in
1184 1239 1373 1294 eadem
1403 1240 1702 1295 concione:

613 1328 719 1396 Qui
765 1329 962 1384 Filium
1011 1329 1104 1385 Dei
1153 1331 1208 1384 in
1259 1346 1424 1385 carne
1464 1347 1610 1386 nunc
1646 1346 1756 1386 non
1787 1342 2112 1401 agnoscunt,

539 1428 835 1489 agnoscent
884 1419 1061 1488 ipsum
1122 1419 1361 1489 judicem
1413 1421 1466 1474 in
1517 1421 1690 1491 gloria
1734 1423 2110 1487 constitutum,

2543 1240 2647 1293 Τοῦ
2677 1240 2842 1294 αὑτοῦ
2877 1242 2940 1293 ὲκ
2971 1239 3064 1292 τοῦ
3088 1239 3252 1292 αὐτοῦ
3282 1239 3466 1310 λόγον’

2286 1330 2350 1387 Οί
2379 1329 2489 1403 γὰρ
2515 1331 2606 1384 τὸν
2631 1331 2756 1384 Υἱὸν
2795 1329 2888 1384 τοῦ
2911 1329 3046 1382 Θεοῦ
3083 1329 3348 1403 ἔνσαρκον
3379 1331 3474 1383 νῦν
3502 1330 3576 1401 μὴ
3615 1333 3802 1400 ἐπιγι-

2215 1419 2515 1485 νώσκοντες
2535 1461 2550 1486 ,
2590 1421 2981 1490 ὲπιγνὼσονται
3023 1421 3186 1475 αὑτὸν
3225 1420 3415 1493 κριτὴν
3443 1423 3500 1474 ἐν
3527 1421 3654 1495 δόξῃ
3683 1437 3802 1475 πα-

537 1525 702 1581 quem
727 1518 890 1565 antea
910 1510 965 1564 in
986 1525 1215 1579 corpore
1245 1511 1434 1564 humili
1458 1511 1760 1580 petulanter
1792 1520 2106 1567 tractarant.

2218 1512 2569 1583 ραγινόμενον
2609 1512 2701 1566 τὸν
2741 1511 2836 1564 νῦν
2877 1512 2936 1563 ὲν
2964 1510 3134 1581 ἀδόξῳ
3167 1509 3376 1580 σώματι
3414 1509 3796 1582 ὑϐριζόμενον.

955 1601 1101 1658 Idem
1133 1603 1189 1656 in
1221 1603 1408 1658 eadem
1431 1603 1698 1658 concione
1717 1623 1736 1662 ξ

2279 1620 2286 1628 ·
2546 1602 2654 1656 Τοῦ
2680 1601 2844 1656 αὑτοῦ⁹
2871 1605 2935 1657 ὲκ
2958 1601 3050 1655 τοῦ
3078 1599 3240 1654 αὑτοῦ
3273 1600 3456 1670 λόγοιν

608 1691 820 1748 Etenim
852 1695 1086 1768 apostoli
1117 1712 1241 1752 cum
1272 1696 1554 1752 venissent
1586 1694 1654 1749 ad
1689 1675 2104 1754 monumentum

2282 1695 2392 1748 Καὶ
2433 1694 2542 1766 γὰρ
2571 1696 2622 1748 οἱ
2640 1694 2923 1748 ἀπόστολοι
2957 1693 3200 1756 ἐλθόντες
3228 1693 3309 1756 είς
3335 1693 3396 1746 τὺ
3426 1694 3688 1764 μνημεῖον
3720 1694 3798 1764 τῇ

536 1782 626 1838 dic
657 1784 836 1849 tertio,
858 1801 967 1840 non
988 1786 1310 1843 invenerunt
1339 1805 1539 1861 corpus
1565 1789 1714 1858 Jesu,
1749 1790 2105 1860 quemadmo-

2218 1787 2392 1858 ἡμέρᾳ
2433 1790 2499 1858 τῇ
2534 1788 2723 1859 τρίτῃ,
2760 1788 2857 1858 οὐχ
2892 1786 3142 1859 ε’ύρισκον
3172 1787 3235 1840 τὸ
3273 1787 3432 1858 σῶμα
3455 1786 3548 1840 τοῦ
3580 1784 3795 1857 Ἰησοῦο

539 1874 670 1929 dum
720 1875 816 1930 ﬁlii
865 1875 1032 1932 lsrael
1085 1880 1391 1949 sepulcrum
1427 1880 1596 1953 Moysi
1653 1881 2010 1936 ascendentes
2051 1880 2104 1934 in

2218 1878 2270 1931 ὃν
2299 1879 2496 1950 τρόπον
2513 1881 2562 1932 οἱ
2581 1880 2687 1932 υἱοὶ
2706 1880 2799 1933 τοῦ
2817 1879 3032 1951 Ἰσραὴλ
3060 1879 3157 1951 τὴν
3188 1881 3366 1951 ταφὴν
3394 1878 3489 1932 τοῦ
3513 1877 3800 1944 Μωῦσέως

539 1973 780 2020 montem
813 1968 1268 2045 qumsiverunt,et
1301 1987 1406 2027 non
1438 1973 1781 2027 invenerunt.

2218 1969 2512 2034 ἀναϐάντες
2536 1971 2594 2024 ὲν
2619 1969 2696 2041 τῷ
2720 1971 2836 2040 δρει
2869 1967 3115 2041 ἐζήτουν,
3150 1969 3243 2023 καὶ
3279 1969 3379 2040 ούχ
3406 1967 3679 2039 εὖρισκον.

1787 2268 1858 2328 In
1921 2266 2236 2346 psalmum
2269 2267 2583 2328 LXXVI].

1095 2384 1338 2450 (annu,
1375 2386 1590 2453 Catalog.
1615 2386 1760 2438 codd.
1791 2389 1946 2440 Graec.
1987 2386 2202 2441 biblioth.
2241 2385 2840 2450 Mediceo-Laurentiante,
2861 2393 2979 2440 tom.
3001 2390 3041 2450 Ι,
3065 2402 3114 2453 p.
3147 2389 3252 2454 9t.)

610 2492 679 2548 45
713 2512 725 2548 :
752 2491 900 2547 Misit
920 2493 977 2546 in
999 2509 1085 2548 eos
1116 2495 1520 2566 cynomyiam,et
1547 2497 1910 2564 comediteos;
1936 2506 1985 2551 et
2013 2513 2108 2551 ra-

541 2593 734 2656 nam,et
765 2585 1079 2655 disperdidit
1103 2601 1212 2641 eos.

609 2763 700 2818 46.
747 2762 817 2816 Et
866 2763 1008 2817 dedit
1049 2763 1274 2834 ωηιρὶιή
1322 2763 1528 2833 [ructus
1571 2779 1750 2817 eorum
1801 2773 1850 2816 et
1904 2763 2110 2818 labores

537 2872 718 2909 eorum
745 2854 982 2908 locustaz.

610 2949 701 3002 47.
737 2947 806 3001 Et
841 2948 1031 3003 occidit
1073 2947 1124 3000 in
1165 2942 1422 3018 grandine
1451 2948 1628 3002 vineas
1655 2964 1838 3002 eorum
1862 2957 1912 3002 et
1938 2964 2109 3002 moros

538 3057 722 3096 eorum
749 3042 806 3094 in
835 3041 1048 3110 pruina.

608 3133 1233 3203 Quemadmodumvero
1259 3149 1357 3204 per
1377 3133 1796 3188 immoderatam
1822 3132 2000 3188 victus
2026 3148 2112 3186 ra-

541 3228 746 3282 tionem
794 3225 1035 3282 exitialis
1079 3225 1304 3296 quidam
1350 3235 1405 3281 et
1451 3225 1681 3281 biliosus
1718 3225 1772 3278 in
1808 3225 2113 3280 visceribus

541 3318 847 3372 concrescit
878 3317 1100 3383 humor,
1139 3331 1303 3386 quem
1348 3325 1466 3370 arte
1500 3304 1886 3371 sua-medicus
1918 3315 1984 3369 ad
2020 3331 2113 3368 vo—

540 3408 739 3462 mitum
783 3407 1076 3469 eliciendo,
1129 3423 1240 3462 non
1277 3408 1324 3462 is
1354 3405 1596 3477 profecto
1643 3408 1698 3461 in
1732 3421 1898 3462 causa
1928 3405 2111 3468 fuerit,

540 3506 604 3552 ut
633 3498 724 3553 ille
751 3499 1043 3554 morbosus
1065 3499 1120 3552 in
1149 3514 1376 3568 corpore
1402 3499 1772 3569 producatur;
1797 3514 1960 3569 quem
1989 3498 2114 3569 qui-

541 3591 666 3646 dem
707 3589 1128 3660 intemperantia
1158 3592 1266 3647 cihi
1306 3591 1506 3657 eﬂ'ecit,
1552 3591 1609 3645 in
1652 3601 1898 3660 apertum
1930 3599 2112 3645 autem

468 3710 470 3712 τ
539 3684 732 3740 eduxit
753 3699 847 3740 ars
874 3685 1082 3741 medica
1108 3703 1123 3740 :
1147 3686 1229 3742 sic
1261 3687 1427 3742 etiam
1463 3688 1717 3758 quamvis
1744 3687 1960 3741 dicatur
1991 3701 2114 3740 mo-

2283 2492 2388 2565 με’.
2440 2493 2898 2559 Ἔξαπέστειλεν
2923 2496 3009 2559 είς
3044 2496 3265 2562 αὐτοὺς
3295 2498 3643 2567 κυνόμυιαν,
3688 2499 3800 2556 καὶ

2212 2582 2548 2654 κατέφαγεν
2578 2587 2817 2653 αὐτοὺς,
2844 2587 2941 2641 καὶ
2969 2586 3300 2659 βάτραχον,
3335 2588 3435 2643 καὶ
3461 2588 3801 2662 διέφθειρεν

2211 2680 2456 2745 αὐτούς.

2283 2771 2403 2842 pg’.
2442 2771 2551 2826 Καὶ
2576 2769 2763 2825 ἔδωκε
2808 2771 2882 2841 τῇ
2929 2772 3180 2842 ἐρυσίϐῃ
3212 2773 3354 2840 τοὺς
3383 2773 3652 2844 καρποὺς
3685 2777 3800 2831 αὐ-

2211 2864 2348 2927 τῶν,
2377 2863 2475 2916 καὶ
2502 2862 2644 2929 τοὺς
2667 2863 2893 2930 πόνους
2917 2863 3116 2918 αὐτῶν
3142 2865 3215 2934 τῇ
3246 2862 3464 2935 ἀκρίδα

2287 2955 2395 3027 μζ.
2450 2953 2814 3008 Ἀπέκτεινεν
2850 2955 2920 3009 ἐν
2961 2953 3186 3024 χαλάζῃ
3221 2956 3336 3024 τὴν
3369 2959 3642 3027 ἄμπελον
3682 2961 3797 3014 αὑ-

2212 3045 2350 3107 τῶν,
2384 3045 2481 3098 καὶ
2509 3045 2614 3110 τὰς
2649 3045 3024 3115 συκαμίνους
3051 3045 3249 3098 αὐτῶν
3270 3046 3340 3099 ἐν
3363 3046 3437 3115 τῇ
3461 3047 3682 3121 πάχνη.

2281 3133 2496 3207 Ὠσπερ
2523 3135 2579 3187 δὲ
2608 3134 2693 3188 διὰ
2718 3134 2815 3206 τῆς
2844 3135 3213 3207 ἀτακτοτέρας
3237 3137 3447 3209 διαίτης
3474 3138 3799 3209 φθοροποιός

2212 3246 2296 3292 τις
2321 3227 2494 3299 χυμὸς
2513 3227 2609 3279 καὶ
2628 3226 2864 3299 χολώδης
2892 3230 2949 3281 ἐν
2972 3229 3085 3291 τοῖς
3109 3228 3434 3299 σπλάγχνοις
3455 3231 3794 3295 συνίσταται,

2212 3321 2272 3373 ὃν
2308 3321 2337 3372 6
2375 3319 2556 3390 ἰατρὸς
2592 3318 2680 3373 διὰ
2720 3321 2820 3390 τῆς
2853 3319 3049 3391 τέχνης
3083 3321 3164 3384 εἰς
3197 3320 3389 3391 ἔμετον
3413 3324 3798 3395 ἐφελκόμενος,

2213 3413 2314 3464 ούκ
2348 3410 2414 3464 ἂν
2437 3410 2495 3463 ὲν
2519 3409 2668 3479 αἰτίᾳ
2694 3410 2904 3479 γένοιτο
2941 3411 3036 3464 τοῦ
3069 3411 3236 3466 αὑτοῦ
3262 3415 3560 3486 ἐμποιῆσαι
3589 3415 3667 3487 τῷ
3693 3417 3802 3470 σώ-

2219 3522 2348 3575 ματι
2368 3504 2460 3558 τὸν
2493 3503 2700 3574 νοσώδη
2729 3503 2923 3575 χυμὸν,
2951 3504 3067 3558 ἀλλ’
3086 3506 3308 3576 ἐποίησε
3338 3506 3438 3577 μὲν
3471 3511 3570 3580 τῆς
3589 3513 3801 3580 τροφῆς

2214 3597 2430 3663 ἀταξία,
2450 3599 2531 3662 είς
2547 3598 2604 3651 δὲ
2623 3597 2684 3651 τὸ
2703 3597 2942 3668 ἐμφανὲς
2961 3597 3168 3668 ἤγαγεν
3190 3598 3222 3668 ή
3248 3598 3467 3669 ἰατρικὴ
3493 3601 3800 3672 ἐπιστήμη.

2216 3691 2401 3754 Οὕτως
2430 3690 2534 3744 κᾶν
2563 3689 2719 3762 παρά
2743 3689 2878 3743 Θεοῦ
2908 3689 3154 3758 γίνεσθαι
3183 3688 3405 3760 λέγηται
3445 3692 3557 3753 τοῖς
3592 3691 3803 3765 μοχθη-

541 3780 735 3836 lestam
765 3778 1215 3847 vindicationem,
1247 3795 1354 3851 qua
1377 3780 1687 3851 plectuntur
1714 3780 1807 3850 qui
1833 3781 2112 3836 voluntate

2218 3785 2328 3854 ροῖς
2349 3784 2447 3856 τὴν
2475 3782 2793 3855 προαίρεσιν
2849 3783 2882 3853 ἡ
2913 3782 3133 3854 ἀλγεινὴ
3165 3781 3542 3847 ἀνταπόδοσις,
3577 3782 3803 3852 εὕλογον

539 3882 670 3928 sunt
697 3873 961 3943 perversi,
985 3888 1017 3929 a
1048 3871 1159 3928 Deo
1187 3887 1341 3940 esse;
1376 3872 1578 3928 rationi
1608 3873 1796 3942 utique
1820 3883 2114 3929 consenta-

541 3981 702 4020 neum
741 3964 902 4030 foret,
934 3981 1002 4020 ex
1033 3965 1191 4020 nobis
1216 3965 1520 4036 ipsisinitia
1538 3975 1783 4035 repetere
1813 3975 1868 4020 et
1892 3981 2110 4030 causas,

539 4059 855 4128 hujusmodi
901 4058 1044 4113 mala
1090 4058 1406 4129 recipiendi.
1454 4057 1558 4124 Qui
1603 4060 1748 4113 enim
1792 4058 1911 4114 sine
1955 4059 2113 4128 culpa

538 4151 758 4216 vixerit,
804 4165 914 4207 non
959 4151 1038 4205 illi
1088 4150 1325 4206 tenebrae
1371 4158 1521 4214 sunt,
1577 4165 1685 4204 non
1728 4149 1951 4213 vermis,
2003 4163 2112 4202 non

539 4245 812 4315 gehenna,
847 4259 957 4299 non
994 4244 1160 4316 ignis.
1211 4259 1318 4299 non
1364 4243 1513 4298 aliud
1563 4243 1862 4313 quidquam
1897 4241 2115 4297 terribi-

540 4338 672 4392 lium
727 4353 911 4414 rerum
959 4348 1014 4392 et
1053 4351 1389 4408 pmnarum:
1443 4335 1882 4406 quemadmodun
1939 4349 2115 4406 neque

541 4429 785 4485 Hebraeis
831 4429 1158 4484 detrimento
1204 4427 1428 4482 fuerunt
1461 4425 1728 4498 {Egyptiae
1768 4427 1960 4496 plagae,
2004 4441 2114 4479 non

545 4519 740 4574 minuti
791 4519 867 4573 illi
921 4518 1194 4588 sciniphes
1246 4517 1423 4571 inviso
1475 4531 1663 4572 morsu
1694 4515 1939 4570 dolorem
1973 4513 2114 4569 infe-

544 4621 744 4677 rentes,
782 4626 890 4664 non
925 4608 1208 4679 cynomyia
1261 4607 1536 4662 mordicus
1573 4606 1764 4662 aculeo
1789 4605 1987 4661 acerbo
2014 4606 2112 4660 ad-

544 4704 875 4766 haerescens,
909 4716 1016 4754 non
1051 4713 1286 4768 superne
1311 4699 1628 4768 ingruentes
1662 4696 1943 4768 grandinis
1973 4697 2117 4766 lapi-

543 4796 706 4851 dibus
734 4793 1007 4865 procellaa,
1062 4808 1171 4846 non
1211 4806 1340 4846 arva
1381 4791 1607 4847 locustis
1651 4792 1964 4861 absumpta,
2003 4806 2112 4846 non

543 4887 756 4943 obsitus
813 4884 1052 4940 tenebris
1109 4898 1233 4949 aer,
1286 4892 1590 4952 caeteraque
1655 4883 1990 4953 huiusmodi.
2055 4880 2114 4936 In

545 4988 799 5053 promptu
848 4987 1031 5034 autem
1082 4975 1194 5031 Deo
1251 4986 1334 5030 est
1389 4975 1638 5030 excolere
1690 4990 1872 5028 veram
1926 4974 2116 5038 vitem,

545 5073 855 5146 {Egyptiam
906 5087 1036 5127 vero
1072 5068 1319 5140 perdere,
1363 5083 1489 5123 cum
1539 5068 1647 5123 illis
1690 5067 1857 5122 etiam
1901 5075 2112 5137 parcat,

543 5167 634 5237 qui
670 5165 952 5220 comesturi
998 5171 1120 5217 sunt
1143 5178 1299 5215 uvam
1328 5159 1493 5230 fellis,
1531 5169 1580 5214 et
1617 5158 1835 5213 bibituri
1866 5175 2114 5213 venenum

545 5259 787 5328 aspidum
864 5255 1162 5314 insanabile
1224 5256 1290 5308 “.
1375 5253 1672 5308 Subruitur
1747 5251 1908 5322 plane
1981 5253 2118 5308 licus

545 5349 823 5421 (Egyptia,
854 5365 962 5404 non
994 5357 1175 5404 autem
1215 5347 1307 5402 illa
1337 5361 1502 5415 quam
1530 5343 1826 5400 Zacchzeus
1849 5359 2115 5400 conscen-

543 5443 645 5504 dit,
677 5455 736 5496 ut
761 5443 1051 5496 Dominum
1091 5457 1272 5496 meum
1307 5439 1508 5496 intueri
1541 5439 1717 5508 possit
1747 5457 1758 5492 :
1791 5436 2117 5508 fructusque

545 5534 762 5606 Egypti
805 5545 1248 5603 corrumpuntur,
1289 5549 1451 5604 opera
1479 5533 1739 5588 nimirum
1765 5532 1978 5597 carnis;
2004 5546 2116 5587 non

543 5638 723 5683 autem
761 5626 960 5694 fructus
989 5625 1242 5695 Spiritus,
1271 5627 1524 5690 charitas,
1560 5626 1834 5696 gaudium,
1852 5641 1957 5694 pax
1975 5625 2039 5676 ³⁵.

618 5747 663 5778 “
695 5746 908 5802 Dcuter.
941 5763 1111 5816 xxx",
1139 5747 1226 5801 53.
1279 5748 1350 5824 __”
1375 5746 1492 5802 Gal.
1521 5763 1572 5815 ι’,
1605 5747 1693 5801 22.

2215 3873 2279 3928 ἂν
2303 3874 2388 3947 εἴη
2413 3872 2645 3946 ὲξήμῶν
2671 3873 2850 3928 αὐτῶν
2880 3875 3020 3927 νοεῖν
3047 3874 3145 3937 τὰς
3172 3873 3346 3945 ἀρχάς
3375 3874 3468 3926 καί
3488 3874 3589 3939 τάς
3617 3875 3803 3940 αἰτίας

2216 3964 2284 4017 τά
2322 3962 2548 4018 τοιαῦτα
2588 3962 2892 4034 λαμϐάνειν
2933 3963 3102 4034 πάθη.
3147 3963 3236 4033 Τῷ
3262 3963 3370 4035 γὰρ
3398 3965 3802 4036 ἀναμαρτήτως

2219 4054 2502 4124 βεϐιωκότι
2527 4054 2588 4108 ού
2621 4055 2810 4118 σκότος
2838 4057 3006 4118 ἐστὶν,
3039 4055 3098 4106 ού
3128 4053 3362 4123 σκώληξ,
3398 4055 3460 4108 ού
3491 4056 3704 4124 γέεννα,
3733 4063 3804 4114 οὐ

2217 4146 2348 4219 πῦρ,
2394 4147 2494 4200 οὑκ
2531 4146 2660 4200 ἀλλο
2703 4164 2757 4199 τι
2805 4145 2913 4200 τῶν
2960 4145 3208 4218 φοϐερῶν
3255 4147 3538 4218 ὀνομάτων
3593 4165 3653 4201 τε
3702 4148 3805 4201 καὶ

2217 4241 2577 4314 πραγμάτων,
2621 4240 2698 4304 ὼς
2742 4240 2864 4293 οὐδὲ
2903 4243 3015 4304 τοῖς
3083 4239 3354 4310 Ἑϐραίοις
3396 4241 3453 4293 αί
3501 4241 3803 4309 Αἰγύπτιαι

2217 4334 2441 4404 πληγαὶ,
2471 4334 2521 4387 οἱ
2554 4333 2743 4386 λεπτοὶ⁴
2777 4333 3026 4396 σκίνιπες
3057 4333 3272 4396 ἐκεῖνοι,
3302 4335 3351 4385 οἱ
3391 4335 3504 4396 τοῖς
3537 4334 3802 4404 ἀφανέσιν

2217 4427 2540 4495 ἀλγύνοντες
2578 4425 2871 4495 δήγμασιν,
2905 4426 2938 4495 ὴ
2981 4423 3256 4495 ὀδυνηρῶς
3287 4423 3374 4477 διὰ
3405 4425 3498 4479 τοῦ
3525 4426 3800 4498 δήγματος

2219 4517 2534 4590 ὲμφυομένη
2564 4516 2642 4588 τῷ
2668 4515 2881 4586 σώματι
2937 4515 3226 4587 κυνόμυια,
3257 4517 3306 4568 οἱ
3327 4515 3534 4571 ἄνωθεν
3559 4518 3802 4589 πρηστῆιι

2221 4626 2311 4680 ρες
2339 4612 2454 4671 τοῖς
2476 4609 2574 4679 τῆς
2601 4606 2844 4678 χαλάζης
2861 4605 3030 4670 λίθοις
3051 4607 3606 4675 συγκαταπίπτοντες,
3636 4609 3669 4678 ή
3693 4606 3802 4659 ὑπὸ

2218 4700 2324 4753 τῶν
2353 4701 2587 4772 ἀκρίδων
2628 4698 3106 4770 καταφθειρομένη
3149 4699 3453 4766 γεωπονία,
3490 4701 3518 4753 ό
3553 4699 3802 4770 μελαινό-

2225 4808 2384 4862 μενος
2417 4791 2545 4862 ἀὴρ,
2585 4790 2654 4844 τά
2694 4789 2846 4844 ἄλλα.
2883 4789 3178 4862 Πρόκειται
3203 4789 3259 4843 δὲ
3290 4791 3369 4862 τῷ
3389 4791 3508 4862 Θεῷ
3537 4795 3806 4862 γεωργεῖν

2224 4886 2322 4956 μὲν
2347 4885 2446 4956 τὴν
2476 4882 2737 4954 ἀληθινὴν
2783 4881 3046 4954 ἄμπελον,
3089 4883 3408 4937 ἀποκτεῖναι
3430 4883 3489 4936 δὲ
3509 4882 3609 4954 τὴν
3630 4884 3804 4950 Δίγυ-

2223 4978 2383 5032 πτίαν
2399 4976 2701 5047 φειδομένῳ
2717 4974 2834 5029 τῶν
2847 4977 3200 5045 μελλόντων
3225 4975 3454 5029 ἐσθίειν
3476 4973 3806 5044 σταφυλὴν

2221 5069 2413 5140 χολῆς
2433 5068 2530 5123 καὶ
2566 5068 2762 5122 πίνειν
2783 5066 2974 5137 θυμὸν
3003 5066 3278 5122 ἀσπίδων
3319 5067 3584 5121 ἀνίατον.
3629 5067 3773 5118 Ἀναι
3792 5094 3807 5102 -

2227 5169 2403 5239 ρεῖται
2431 5165 2488 5219 δὲ
2519 5165 2614 5218 καὶ
2652 5164 2949 5234 συκάμινος
2996 5161 3288 5230 Αἰγυπτία,
3313 5172 3319 5180 '
3345 5162 3405 5213 οὐ
3463 5161 3568 5232 μὴν
3612 5160 3797 5229 ἐκείνη

2227 5259 2396 5330 ἐφ’ήν
2422 5256 2701 5312 ἀναϐαίνει
2735 5256 3022 5324 Ζακχαῖος,
3054 5254 3142 5307 ἵνα
3179 5252 3380 5326 δυνηθῇ
3418 5253 3542 5307 ἰδεῖν
3572 5269 3673 5324 μου
3707 5253 3804 5306 τὸν

2225 5351 2450 5424 Κύριον.
2492 5350 2601 5403 Καὶ
2631 5347 3030 5420 διαφθείρονται
3071 5346 3276 5418 καρποὶ
3319 5345 3623 5415 Αἰγύπτιοι,
3662 5344 3804 5418 ἔργα

2227 5441 2450 5513 σαρκὸς,
2475 5441 2534 5493 ού
2573 5439 2678 5519 μὴν
2721 5442 2754 5494 ό
2785 5437 2890 5494 τοῦ
2911 5438 3259 5508 Πνεύματος
3293 5438 3544 5506 καρπὸς,
3571 5435 3797 5508 ἀγάπη.

2225 5536 2397 5604 χαρὰ,
2426 5531 2650 5602 εἰρήνη.
