4128 6382
540 267 645 325 6l5

1385 266 1443 322 S.
1482 265 1845 320 IIIPPOLY'I‘I
1897 265 2044 320 OPP.
2082 266 2261 322 PARS
2312 266 2351 321 l.

2423 299 2470 303 -_
2512 270 2534 312 ις
2607 265 2919 321 IZGETICA.
3700 262 3810 322 οιῡ

541 392 689 464 (ιιιοὸ
715 391 1084 447 calamitatum
1120 391 1481 461 laborumque
1509 392 1773 446 adversus
1807 402 2122 461 peccatores

2233 395 2440 458 Κύριος
2470 394 2656 443 πρὼν
2696 390 2945 459 εἰρήνην
2971 391 3068 445 καί
3107 389 3313 450 κτίζων
3349 387 3526 452 κακὰ,
3561 388 3649 442 ἵνα
3675 390 3810 464 εἴπῃ

544 486 703 555 plena
733 486 822 539 sit.
859 483 1050 538 Simile
1081 493 1165 538 est
1201 483 1332 538 illud
1370 481 1525 538 Isaia:
1557 502 1569 536 :
1602 482 1714 553 Ego
1747 484 2003 538 Dominus
2036 483 2120 553 fa-

2229 486 2324 537 καὶ
2357 484 2658 552 εἰρηθέυειν
2685 485 2809 549 ὲῶν,
2839 484 2933 538 καὶ
2962 483 3310 554 πολεμεῖσθαι
3344 480 3663 552 συγχωρῶν.

545 581 687 636 ciem
719 597 899 650 pacem
928 590 978 634 ει
1021 595 1203 633 cream
1228 579 1464 643 mala";
1499 581 1725 649 perinde
1759 595 1823 634 ac
1855 581 1902 634 si
1938 580 2103 649 dicat,
2133 588 2188 636 et
2219 596 2406 652 pacem
2439 582 2647 644 fovens,
2677 589 2730 636 et
2761 580 2895 636 bella
2927 579 3265 651 permittens.

575 797 3793 830 —__—__—__—_—.————__—____—__.———.—————

1715 965 1840 1053 IN
1917 963 2652 1060 PROVERBIA.

978 1157 1120 1223 (Mat,
1150 1154 1445 1209 Bibliotheca
1467 1169 1590 1206 nova
1609 1156 1833 1216 Patrum,
1858 1153 1968 1218 VII,
1989 1168 2040 1217 ιι,
2063 1155 2144 1216 τι,
2179 1156 2347 1206 Roma
2369 1155 2460 1207 185
2471 1157 2510 1218 ί,
2533 1158 2584 1206 in
2609 1157 2679 1218 4°,
2705 1167 2769 1208 ex
2795 1164 2969 1209 catena
3001 1158 3231 1208 Vaticana
3254 1159 3372 1221 ms.)

1303 1477 1399 1530 ΕΚ
1446 1476 1584 1530 ΤΩΝ
1634 1477 1842 1532 ΑΓῙΟΥ
1888 1477 2294 1532 ΙΠΠΟΛΥΤΟΥ
2325 1476 2435 1530 ΕΙΣ
2466 1477 2598 1529 ΤΛΣ
2623 1476 3018 1530 ΠΑΡΟΙΜῙΔΣ.

616 1653 1006 1713 IIIPPOLYTI.
1036 1651 1332 1709 Proverbia
1381 1651 1547 1724 igitur
1587 1665 1870 1710 sermones
1917 1653 2119 1709 exhor-

2297 1652 2712 1706 ΙΠΠΟΛΥΤΟΥ.
2745 1653 2790 1685 ³⁸
2816 1654 3112 1725 Παροιμίαι
3135 1653 3314 1708 τοίνυν
3349 1653 3456 1708 είσὶ
3495 1653 3642 1722 λόγοι
3675 1671 3822 1730 προς

545 1752 727 1808 tatorii
758 1757 910 1812 sunt,
941 1747 1034 1817 qui
1065 1745 1338 1800 universae
1381 1745 1508 1799 vita:
1552 1744 1902 1800 moderanda:
1944 1744 2129 1800 confe-

545 1852 698 1896 runt:
739 1855 868 1895 nam
899 1839 966 1894 iis
1005 1837 1100 1907 qui
1143 1837 1251 1900 iter
1295 1835 1362 1890 ad
1397 1834 1567 1890 Deum
1602 1836 1916 1903 instituunt,
1955 1836 2128 1891 duces

547 1932 773 2002 quidam
802 1931 940 1984 fiunt
971 1944 1036 1983 ac
1064 1927 1231 1981 veluti
1259 1926 1485 1990 indices,
1509 1927 1605 1996 qui
1640 1926 1950 1981 laborantes
1970 1941 2000 1980 a
2029 1927 2130 1980 via:

546 2022 887 2093 longitudine
941 2028 1214 2076 recreant.
1249 2017 1420 2072 Porro
1467 2019 1582 2074 lure
1629 2019 1918 2089 proverbia
1977 2018 2132 2073 Salo-

547 2114 732 2170 monis
765 2122 934 2181 sunt,
961 2111 1174 2182 pacifici
1209 2110 1494 2176 nimirum,
1537 2110 1654 2166 sive
1695 2110 1899 2166 Christi
1932 2109 2128 2165 Serva-

547 2205 706 2262 toris.
743 2203 884 2272 Quia
910 2218 1042 2260 vero
1072 2201 1292 2258 Domini
1321 2217 1625 2269 sermones,
1660 2212 1944 2273 propterea
1981 2201 2129 2273 quod

546 2292 767 2353 Domini
811 2305 973 2365 sunt,
1019 2296 1229 2351 idcirco
1261 2309 1360 2350 eos
1407 2293 1528 2350 sine
1561 2293 1890 2350 oll‘endiculo
1927 2309 2131 2366 cogno-

509 2368 520 2385 ’
547 2391 792 2454 scimus;
817 2404 885 2444 ne
909 2388 1036 2460 quis
1066 2387 1206 2444 forte
1236 2402 1339 2444 nos
1369 2387 1612 2444 nominis
1638 2388 1872 2458 paritate
1894 2386 2126 2451 falleret,

545 2481 698 2536 addit
723 2481 850 2551 quis
877 2480 994 2536 haec
1016 2481 1321 2551 scripserit,
1349 2488 1404 2534 et
1429 2480 1590 2550 cujus
1618 2479 1793 2550 gentis
1826 2495 1923 2533 rex
1944 2478 2126 2533 fuerit.

547 2571 640 2627 Sic
670 2573 817 2626 enim
853 2571 1090 2628 dicentis
1122 2572 1426 2627 auctoritas
1460 2554 1981 2626 commendatiorem
2015 2584 2130 2624 ser-

545 2679 767 2719 monem
795 2665 1229 2734 attentioresque
1260 2665 1540 2718 auditores
1579 2663 1758 2719 faciet.
1778 2661 1954 2717 Verba
1981 2662 2128 2718 enim

548 2756 866 2812 Salomonis
913 2758 1062 2812 illius
1107 2766 1274 2823 sunt,
1307 2758 1396 2812 cui
1437 2757 1575 2812 dixit
1623 2755 1930 2811 Dominus:
1979 2755 2130 2808 Dabo

548 2850 645 2904 tibi
676 2865 767 2903 cor
795 2851 1024 2919 prudens
1054 2859 1210 2918 atque
1241 2849 1487 2918 sapiens;
1511 2864 1659 2902 nemo
1689 2849 1768 2900 tui
1805 2863 1902 2916 par
1926 2848 1982 2900 in
2008 2849 2130 2903 orbe

547 2941 669 3012 fuit,
701 2955 862 3008 neque
894 2949 1100 3008 postero
1139 2948 1367 3008 tempore
1419 2941 1673 3001 exsistet;
1713 2948 1768 2994 et
1815 2939 2022 3010 reliqua
2063 2941 2130 2996 de

547 3049 614 3087 eo
645 3033 872 3102 scripta.
895 3031 1014 3086 Jam
1052 3033 1098 3086 is
1138 3034 1357 3102 sapiens
1387 3049 1418 3087 a
1447 3033 1693 3102 sapiente
1735 3033 1951 3102 genitus
1985 3033 2086 3088 fuit
2113 3051 2126 3087 :
2155 3015 2198 3071 ε

547 3141 717 3196 quare
749 3126 1013 3180 attexitur
1036 3125 1257 3181 Davidis
1289 3141 1508 3191 nomen,
1541 3124 1686 3180 unde
1710 3124 1970 3180 Salomon
2003 3141 2130 3196 pro-

549 3227 766 3272 creatus
802 3217 942 3272 fuit:
980 3219 1120 3273 idem
1153 3235 1180 3272 a
1211 3233 1382 3288 puero
1406 3217 1580 3273 sacris
1606 3216 1805 3273 litteris
1841 3217 2126 3284 eruditus;

548 3325 728 3380 neque
760 3319 910 3364 sorte
943 3311 1027 3365 vel
1065 3312 1118 3364 vi
1150 3311 1329 3380 aliqua
1361 3325 1590 3382 regnum
1623 3309 1880 3376 obtinuit,
1919 3310 2015 3366 sed
2036 3311 2129 3381 ju-'-

549 3401 696 3456 dicio
739 3399 976 3471 Spiritus
1007 3411 1062 3457 et
1095 3404 1311 3458 decreto
1342 3401 1456 3458 Dei.

627 3579 708 3632 Ad
747 3580 1015 3634 sciendam
1057 3580 1378 3649 sapientiam
1413 3591 1463 3635 et
1505 3581 1866 3652 disciplinam.
1897 3583 2001 3652 Qui
2036 3584 2130 3640 Dei

552 3671 876 3740 sapientiam
907 3673 1078 3740 novit,
1109 3674 1158 3727 is
1187 3673 1254 3726 ab
1289 3675 1480 3730 eodem
1506 3691 1727 3745 quoque
1757 3677 2026 3744 eruditur,
2057 3678 2131 3732 ita

555 3773 614 3817 ut
648 3763 913 3834 intelligat
961 3779 1279 3820 sermonum
1319 3769 1600 3838 mysteria.
1645 3767 1765 3822 Jam
1809 3770 1902 3840 qui
1946 3785 2130 3825 veram

553 3857 940 3927 cmlestemque
989 3858 1312 3927 sapientiam
1374 3867 1606 3925 tenent,
1653 3859 1690 3913 ii
1748 3861 2129 3932 mysteriorum

553 3951 881 4005 sententiam
927 3949 1088 4005 facile
1135 3952 1454 4022 percipient.
1500 3951 1708 4008 Idcirco
1753 3954 1877 4008 ait:
1923 3953 2006 4006 Ad
2037 3971 2130 4007 ca.

552 4040 770 4109 piendas
801 4057 1101 4094 sermonum
1133 4043 1395 4111 strophas.
1447 4041 1583 4097 Nam
1627 4059 1748 4114 quae
1788 4045 2131 4114 praeposteris

552 4132 720 4186 veluti
751 4133 933 4188 verbis
961 4149 991 4187 a
1021 4143 1214 4188 sancto
1246 4133 1453 4205 Spiritu
1477 4134 1618 4200 dicta
1649 4132 1972 4195 fuerunt,ea
2001 4136 2130 4202 illis,

555 4223 650 4292 qui
683 4223 826 4278 ﬁdeli
869 4240 998 4295 erga
1029 4224 1201 4280 Deum
1253 4225 1419 4280 corde
1453 4231 1582 4280 sunt
1617 4224 1848 4294 prmditi,
1887 4227 2132 4294 expedite

557 4313 926 4368 innotescunt.

631 4401 759 4458 llaec
797 4405 864 4458 de
897 4402 1208 4459 Iudaeorum
1253 4407 1472 4476 p0pulo,
1514 4415 1569 4460 et
1613 4407 1679 4462 de
1722 4405 1926 4463 Christi
1969 4408 2133 4471 czede,

559 4496 828 4566 intelligit.
849 4495 1120 4552 Putabant
1141 4497 1288 4552 enim
1318 4498 1470 4552 illum
1503 4499 1557 4552 in
1590 4508 1732 4553 terra
1759 4501 2137 4554 tantummodo

559 4588 761 4641 habere
793 4589 1284 4642 conversationem.

628 4674 748 4730 Non
781 4677 1052 4745 accipient
1087 4686 1321 4740 tantum,
1368 4678 1464 4733 sed
1515 4680 1680 4734 etiam
1719 4679 2134 4736 haereditabunt.

569 4767 723 4838 Impii
754 4784 884 4823 vero
915 4769 1132 4822 etiamsi
1155 4771 1511 4835 extolluntur,
1539 4772 1589 4825 id
1615 4773 1680 4826 ad
1704 4773 1959 4842 majorem
1991 4774 2139 4843 ipso-

558 4873 681 4913 rum
717 4858 1072 4928 ignominiam
1110 4859 1397 4914 redundat.
1432 4860 1611 4915 Veluti
1634 4861 1679 4916 si
1707 4863 1832 4931 quis
1858 4862 2130 4916 hominem

557 4950 859 5006 deformem
893 4960 1056 5021 atque
1107 4952 1403 5007 distortum
1454 4955 1508 5007 in
1555 4954 1665 5007 alto
1707 4955 1976 5020 collocet,
2022 4970 2129 5008 non

561 5044 792 5098 honorat
834 5045 928 5098 sed
961 5044 1135 5113 magis
1173 5045 1518 5110 dehonestat,
1552 5044 1896 5100 manifestam
1927 5046 2131 5100 consti-

561 5149 719 5190 tuens
769 5136 1017 5206 pluribus
1061 5139 1450 5208 turpitudinem
1501 5139 1643 5208 ejus.
1684 5137 1775 5192 Sic
1822 5140 1946 5193 item
1988 5138 2130 5194 Deus

557 5227 774 5282 extollit
799 5229 1016 5299 impios,
1041 5238 1102 5284 ut
1124 5231 1399 5299 publicum
1431 5229 1594 5284 faciat
1622 5230 1859 5286 dedecus
1889 5232 2128 5286 illorum.

560 5319 840 5376 Exaltatus
871 5321 972 5378 fuit
1000 5325 1164 5378 etiam
1189 5324 1424 5390 Pharao,
1458 5325 1552 5378 sed
1588 5333 1647 5377 ut
1681 5326 1944 5379 mundum
1971 5341 2134 5380 accu-

561 5421 798 5466 satorem
836 5415 1078 5471 haberet.

631 5504 1187 5564 Animadvertendum
1217 5520 1320 5574 est,
1353 5513 1557 5566 donum
1589 5511 1792 5566 bonum
1823 5512 1931 5568 dici
1964 5513 2031 5566 ab
2067 5527 2134 5568 eo

635 5640 676 5673 ³⁷
713 5643 816 5696 ISa.
852 5648 1048 5708 “v.7.
1129 5649 1172 5681 ³⁸
1197 5666 1256 5704 ca

562 5709 608 5770 δ’
633 5729 753 5785 Cap.
782 5731 864 5782 ιιι,
897 5718 984 5774 55.
1005 5751 1071 5760 -
1093 5720 1157 5774 Α.
1191 5720 1228 5775 f.
1259 5709 1349 5787 z20,
1381 5709 1438 5777 rb.

2228 1746 2508 1816 τρεπτικοὶ
2532 1744 2680 1816 παρὰ
2709 1747 2889 1799 πᾶσαν
2917 1745 3036 1798 ὁδὸν
3061 1745 3155 1798 τοῦ
3191 1745 3306 1814 βίου
3343 1747 3772 1821 χρησιμεύοντες
3793 1765 3811 1779 ·

2227 1837 2338 1897 τοῖς
2371 1833 2478 1904 γὰρ
2519 1835 2610 1888 ἐπὶ
2645 1835 2735 1888 τὸν
2759 1835 2890 1888 Θεὸν
2928 1836 3046 1890 ὁδὸν
3097 1835 3467 1906 ποιουμένοις,
3507 1837 3697 1909 ὀδηγός
3725 1856 3822 1904 τις

2228 1926 2864 1998 γίνεται¹παραπλησίως
2890 1927 2969 1998 τῷ
2997 1927 3380 1998 ὑποδείγματι,
3410 1930 3537 1992 τοὺς
3573 1929 3817 2000 κάμνον-

2227 2033 2326 2079 τας
2362 2015 2452 2068 διὰ
2486 2017 2546 2069 τὸ
2594 2017 2691 2087 τῆς
2722 2015 2840 2070 ὁδοῦ
2879 2018 3049 2089 μῆκος
3098 2018 3497 2091 ἀνακτωμένη·
3541 2021 3681 2073 εἰσὶν
3714 2018 3820 2076 οὖν

2228 2099 2389 2160 αὗται
2420 2109 2476 2161 ai
2509 2109 2798 2182 παροιμίαι
2843 2109 3222 2180 Σολομῶντος,
3254 2111 3284 2165 δ
3315 2113 3463 2165 ἐστιν
3499 2113 3814 2185 εἰρηνικοῦ,

2228 2197 2348 2269 ἦτοι
2375 2197 2469 2252 τοῦ
2493 2199 2742 2270 Σωτῆρος
2761 2199 3018 2272 Χριστοῦδ
3045 2201 3232 2272 ἐπειδὴ
3255 2201 3312 2254 δὲ
3340 2203 3466 2267 τοὺς
3486 2202 3581 2257 τοῦ
3602 2205 3818 2277 Κυρίου

2231 2285 2441 2358 λόγους,
2471 2288 2565 2343 ἅτε
2595 2289 2659 2362 δὴ
2693 2291 2898 2362 Κυρίου
2928 2292 3313 2362 τυγχάνοντας,
3343 2295 3658 2360 ἀπταίστως
3689 2299 3816 2350 επι-

2231 2379 2497 2450 στάμεθα,
2533 2381 2620 2436 ἵνα
2656 2383 2729 2454 μή
2761 2399 2843 2446 τις
2871 2383 2935 2436 ἐκ
2969 2384 3070 2454 τῆς
3104 2387 3420 2456 ὁμωνυμίας
3447 2388 3597 2458 ἡμᾶς
3631 2389 3818 2462 ἀφαρο

2231 2475 2403 2549 πάσῃ,
2439 2477 2573 2547 φησι
2605 2476 2687 2541 τίς
2721 2479 2748 2530 ὁ
2779 2478 2994 2551 γράψας
3017 2478 3208 2546 ταῦτα,
3241 2481 3334 2534 καὶ
3365 2480 3526 2534 τίνων
3558 2477 3625 2552 ἦν
3658 2481 3816 2552 βασι-

2229 2568 2382 2632 λεύς·
2426 2569 2513 2622 ἵνα
2555 2571 2589 2640 ή
2629 2568 2721 2621 τοῦ
2767 2569 3015 2636 λέγοντος
3059 2570 3371 2637 ἀξιοπιστία
3406 2572 3814 2643 εὐπαράδεκτον

2228 2661 2320 2714 τὸν
2346 2661 2500 2728 λόγον
2531 2663 2849 2733 καταστήσῃ
2881 2663 2974 2714 καὶ
3009 2667 3294 2734 προσεχεῖς
3325 2665 3450 2728 τοὺς
3491 2665 3808 2730 ἀκούοντας.

2231 2753 2573 2824 Σολομῶντος
2605 2762 2712 2827 γάρ
2746 2757 2884 2810 εἰσιν
2913 2756 3143 2818 ἐκείνου,
3179 2756 3313 2827 πρὸς
3347 2756 3406 2808 ὃν
3449 2752 3603 2810 εἶπεν
3628 2758 3656 2809 ὁ
3694 2757 3813 2810 Κύ-

2234 2861 2345 2914 ριος
2364 2861 2377 2874 ο
2415 2843 2590 2898 Δώσω
2616 2863 2713 2899 σοι
2744 2847 2996 2915 καρδίαν
3029 2849 3326 2916 φρονίμην
3353 2847 3450 2902 καὶ
3473 2847 3706 2917 σοφήν-ο
3731 2848 3816 2913 ὡς

2231 2943 2312 2993 σὺ
2338 2941 2410 2994 οὐ
2434 2937 2678 3009 γέγονεν
2703 2940 2803 2994 ἐπὶ
2824 2938 2931 3008 τῆς
2955 2938 3087 3010 γῆς,
3117 2941 3213 2993 καὶ
3240 2926 3391 3009 μετὰ
3429 2939 3504 2994 σὲ
3535 2943 3645 2995 οὐκ
3669 2942 3818 2995 ἀνα-

2231 3030 2521 3096 στήσεται
2555 3031 2754 3101 ὅμοιός
2795 3048 2894 3086 σοι
2918 3032 2963 3064 "
2983 3035 2996 3062 ί
3038 3033 3132 3086 καὶ
3177 3032 3245 3086 τὰ
3275 3032 3436 3103 λοιπὰ
3485 3033 3613 3106 περὶ
3645 3033 3818 3088 αὐτοῦ

2229 3124 2605 3196 γεγραμμένα’
2638 3119 2706 3195 ἦν
2737 3124 2792 3178 δὲ
2827 3125 2988 3194 σοφὸς
3034 3127 3099 3178 ἐκ
3145 3125 3333 3195 σοφοῦ’
3372 3126 3451 3179 διὸ
3492 3126 3825 3199 πρόσκειται

2229 3216 2292 3268 τὸ
2337 3215 2532 3282 Δασὶδ,
2565 3214 2624 3281 ἐξ
2669 3208 2731 3268 οῦ
2789 3215 3040 3284 Σολομὼν
3073 3219 3304 3286 γέγονε,
3354 3222 3418 3272 ἐκ
3469 3219 3704 3292 βρέφους
3742 3221 3825 3276 τὰ

2233 3306 2354 3382 ἱερὰ
2399 3309 2701 3381 γράμματα
2754 3309 3174 3379 παιδευόμενος,
3221 3310 3316 3363 καὶ
3359 3311 3420 3363 οὐ
3483 3313 3668 3384 κλήρῳ
3714 3311 3830 3384 τὴν

2231 3398 2404 3470 ἀρχὴν
2437 3399 2732 3470 λαὸόμενος
2759 3399 2879 3452 οὐδὲ
2907 3399 3020 3470 βίᾳ,
3051 3401 3187 3454 ἀλλὰ
3223 3402 3402 3473 κρίσει
3435 3402 3531 3456 τοῦ
3556 3402 3827 3476 Πνεῦμα-

2233 3510 2325 3556 τος
2357 3493 2452 3546 καὶ
2477 3492 2642 3564 ψήφῳ
2664 3493 2818 3548 Θεοῦ.

2304 3584 2350 3615 ⁸ο
2384 3584 2619 3638 Γνῶιπι
2663 3586 2888 3654 σοφίαν
2936 3585 3035 3639 καὶ
3075 3584 3368 3639 παιδείαν.
3409 3585 3468 3639 '0
3507 3587 3668 3655 γνοὺς
3714 3589 3824 3660 τὴν

2236 3676 2426 3747 σοφίαν
2459 3679 2552 3732 τοῦ
2588 3678 2724 3732 Θεοῦ
2759 3679 3023 3749 λαμϐάνει
3064 3678 3193 3749 παρ’
3223 3680 3386 3733 αὑτοῦ
3421 3681 3515 3734 καὶ
3541 3681 3820 3747 παιδείαν,

2235 3768 2589 3840 ἐκμανθάνων
2620 3771 2688 3824 δι’
2724 3771 2895 3841 αὐτῆς
2939 3770 3006 3824 τὰ
3041 3770 3136 3826 τοῦ
3169 3771 3330 3840 λόγου
3379 3774 3685 3845 μυστήρια·
3720 3778 3824 3830 καὶ

2235 3857 2283 3909 οί
2304 3858 2520 3926 γνόντες
2549 3859 2646 3931 τὴν
2674 3859 2850 3931 ἀληθῆ
2873 3859 2966 3912 καὶ
2995 3860 3314 3928 ιπουράνιον
3336 3863 3546 3931 σοφίαν,
3576 3863 3822 3930 εὐκόλως

2235 3950 2486 4020 νοήσουσι
2531 3949 2659 4012 τοὺς
2705 3951 2796 4002 ὑπ’
2836 3951 3015 4004 αὐτῶν
3062 3951 3425 4023 λαλουμένους
3465 3954 3689 4024 λόγους⁶
3733 3957 3822 4013 διό

2235 4053 2386 4112 φησι·
2419 4041 2710 4107 Δέξασθαι
2743 4043 3010 4111 στροφὰς
3041 4045 3266 4114 λόγων
3298 4045 3366 4099 τὰ
3393 4045 3502 4116 γὰρ
3528 4047 3819 4118 ἀντιστρό-

2236 4151 2352 4204 φως
2399 4132 2502 4186 ὑπὸ
2542 4134 2635 4186 τοῦ
2681 4133 2835 4202 ἁγίου
2871 4134 3186 4206 Πνεῦματος
3233 4136 3605 4212 λελαλημένα,
3642 4143 3821 4198 ταῦτα

2235 4226 2348 4288 τοῖς
2403 4223 2600 4295 πιστὴν
2657 4225 2883 4297 καρδίαν
2939 4225 3120 4297 ἔχουσι
3166 4226 3303 4300 πρὸς
3349 4229 3483 4284 Θεὸν
3531 4231 3820 4302 εὔγνωστα

2237 4317 2466 4387 γίνεται.

2313 4412 2355 4444 *ί
2397 4413 2582 4466 Ταῦτα
2627 4415 2703 4476 είς
2747 4415 2835 4467 τὸν
2881 4416 2990 4469 τῶν
3057 4418 3325 4473 Ἰουδαίων
3357 4421 3530 4494 δῆμον
3576 4425 3667 4479 καὶ
3709 4426 3813 4497 τὴν

2242 4503 2382 4556 κατὰ
2436 4504 2672 4575 Χριστοῦ
2734 4508 3042 4576 μιαιφονίαν
3112 4509 3420 4583 ὲξείληφεν·
3481 4513 3647 4585 ᾤοντο
3702 4517 3815 4590 γὰρ

2241 4598 2404 4651 αὐτὸν
2428 4599 2521 4651 ἐπὶ
2553 4599 2655 4670 γῆς
2693 4599 2852 4670 μόνον
2882 4599 3025 4669 ἔχειν
3057 4601 3119 4654 τὸ
3153 4602 3476 4676 πολίτευμα.

2311 4692 2354 4723 ’δ’
2381 4688 2497 4760 Οὺχ’
2529 4691 2714 4755 ἁπλῶς
2751 4693 3032 4763 λήψονται,
3062 4695 3196 4749 ἀλλὰ
3229 4697 3694 4772 κληρονομήσουσι
3714 4717 3729 4732 ⁸
3765 4703 3818 4756 οι

2239 4784 2296 4836 δὲ
2319 4783 2556 4849 ἀσεϐεῖς,
2581 4785 2630 4836 εἰ
2665 4783 2757 4836 καὶ
2793 4785 3069 4856 ὑψοῦνται,
3096 4787 3209 4840 ἀλλ’
3243 4788 3383 4842 ὥστε
3416 4791 3638 4860 μείζονα
3667 4794 3822 4861 γενέ-

2244 4874 2365 4927 σθαι
2398 4873 2496 4944 τὴν
2521 4875 2744 4945 ἀτιμίαν
2777 4877 2955 4930 αὐτῶν
2974 4895 2986 4907 ·
3013 4877 3087 4941 ὡς
3117 4877 3222 4950 γάρ
3256 4897 3339 4944 τις
3364 4881 3456 4934 τὸν
3480 4883 3696 4954 δυσειδῆ
3721 4888 3819 4939 καὶ

2239 4965 2694 5036 διεστραμμένον,
2725 4968 2772 5020 εἰ
2808 4968 3074 5038 ὑψώσειεν
3093 5009 3107 5035 ,
3138 4972 3236 5024 οὐκ
3275 4973 3516 5040 ὲδόξασε,
3551 4977 3664 5030 ἀλλ’
3694 4979 3818 5047 ἠτί-

2231 5075 2380 5127 μασε
2422 5059 2604 5122 πλέον,
2633 5061 2932 5131 κατάδηλον
2967 5063 3130 5116 αὐτοῦ
3155 5065 3214 5117 τὸ
3252 5061 3441 5138 αἶσχος
3481 5069 3687 5122 πλείοσι
3715 5087 3818 5124 κα-

2239 5151 2541 5221 ταστήσας’
2581 5150 2722 5205 οὕτω
2768 5155 2862 5208 καὶ
2891 5155 2919 5206 ὁ
2952 5155 3082 5219 Θεὸς
3115 5157 3240 5226 ὑψοῖ
3283 5161 3407 5224 τοῦς
3446 5161 3678 5225 ἀσεϐεῖς,
3726 5162 3817 5216 ἵνα

2241 5243 2454 5313 ἐμφανῆ
2479 5246 2794 5317 καταστήσῃ
2818 5247 2916 5317 τὴν
2942 5247 3162 5301 ἐκείνων
3185 5251 3568 5323 ἀσχημοσύνην
3587 5267 3600 5284 ⁸
3624 5252 3817 5327 ὑψώθη

2241 5332 2336 5384 καὶ
2385 5333 2584 5405 Φαραὼ
2605 5377 2618 5400 ,
2669 5335 2780 5387 ἀλλ’
2823 5336 2963 5390 ὥστε
3006 5340 3104 5411 τὴν
3141 5344 3460 5416 οἰκουμένην
3510 5345 3822 5416 κατήγορον

2243 5424 2404 5493 ἔχειν.

2313 5515 2358 5546 ⁴⁵³
2413 5518 2749 5587 Σημειωτέον
2805 5523 2885 5574 ὃτι
2931 5521 3102 5594 δῶρον
3161 5525 3364 5593 ἀγαθὸν
3422 5528 3675 5599 ὀνομάζει
3727 5526 3824 5583 τὸν

1265 5667 1328 5739 pl.‘
1356 5667 1398 5739 ι,¹
1429 5653 1476 5706 l.
1541 5653 1599 5739 κί’
1629 5652 1696 5706 III
1726 5651 1858 5722 Reg.
1887 5673 1966 5739 ιιι,
1992 5653 2103 5739 12.Δ

2233 5657 2362 5739 Ἀεὶ..
2426 5658 2467 5689 ⁸³
2491 5660 2612 5715 cod.
2636 5658 2934 5732 Vat.180‘2,
2963 5664 3076 5720 sive
3099 5664 3163 5718 A.
3194 5665 3231 5720 f.
3264 5666 3315 5736 7,
3343 5668 3396 5723 b.
3417 5701 3487 5714 σ-
3513 5684 3630 5739 cap.
3662 5683 3702 5734 ι,
3726 5669 3820 5728 Ii.

1540 5725 1589 5799 ⁸³,
1617 5739 1736 5794 cap.
1769 5739 1817 5777 iv
1844 5765 1860 5792 ,
1889 5723 1944 5776 2.
1981 5755 2051 5765 -—
2075 5726 2138 5779 Α.
2165 5723 2204 5777 f.
2233 5724 2323 5795 20,
2351 5727 2402 5780 ι).
