4128 6388
380 360 485 413 617

1515 345 1937 404 FRAGMENTA
1965 344 2031 398 ΙΝ
2070 341 2482 398 PROVERBIA.

3512 336 3616 394 613

382 483 565 549 νόμον,
593 474 685 530 διὰ
709 475 801 528 τὸν
825 472 1166 544 λαμῦάνοντα
1193 470 1340 541 δῶρα
1374 454 1433 521 ἐν
1464 467 1682 529 κόλποις
1712 465 1913 527 ἀδίκως
1931 481 1944 494 ’

2072 478 2152 517 πο
2190 463 2326 533 lege,
2362 466 2583 528 propter
2613 457 2762 511 illum
2788 454 2882 525 qui
2927 455 3089 510 dona.
3114 453 3168 507 in
3208 451 3388 507 sinum
3415 452 3617 523 injuste

380 568 534 636 οὗτος
553 570 611 624 δὲ
633 566 1097 637 ὲγκαταλιμπᾱινει
1117 564 1297 633 νόμον,
1319 565 1347 615 6
1373 559 1723 630 παραϐαίνων
1749 556 1910 610 αὐτόν
1930 571 1944 584 ’

344 708 347 715 .
380 663 542 737 νόμον
568 661 627 716 δὲ
650 661 769 731 ἢτοι
798 658 856 711 ὃν
886 656 1054 725 λέγει,
1087 655 1121 728 ἢ
1157 652 1216 707 ὃν
1243 653 1337 706 καὶ
1367 650 1528 714 αὐτὸς
1555 647 1838 719 ἐφύλαξεν.

455 836 503 870 ⁵⁵
532 834 642 890 Καὶ
667 832 784 893 πῶς
810 832 946 896 ἐστι,
976 826 1458 901 περιχαράκωσον;
1492 823 1797 894 Λογισμοὺς
1812 823 1950 893 αὐτῇ

387 925 571 995 κύκλῳ
606 921 822 992 περίθες
849 919 1054 991 ἱερούς·
1085 917 1286 988 πολλῆς
1307 915 1413 988 γάρ
1449 932 1528 968 σοι
1549 916 1631 967 δεῖ
1651 914 1751 982 τῆς
1778 913 1955 980 ἀσφα-

384 1018 556 1081 λείας,
592 1014 716 1067 ὲπεὶ
757 1011 852 1065 καὶ
886 1008 1056 1063 πολλὰ
1089 1008 1157 1062 τὰ
1188 1005 1601 1059 ἐπιϐουλεύοντα
1632 1006 1699 1075 τῇ
1728 1002 1950 1073 τοιαύτῃ

384 1110 612 1180 κτήσειο
640 1107 689 1158 εἰ
732 1102 789 1156 δὲ
814 1103 897 1169 ἐφ’
930 1103 1059 1172 ἡμῖν
1093 1101 1206 1151 ἐστι
1235 1098 1295 1151 τὸ
1328 1092 1728 1170 περιχαρακοῦν
1760 1094 1953 1164 αὐτὴν,

276 1219 282 1223 ‘
384 1203 445 1257 αί
470 1199 527 1254 δὲ
560 1196 752 1269 ἀρεταὶ
776 1194 859 1263 ἐφ’
891 1196 1042 1264 ἡμῖν,
1077 1191 1315 1263 χάρακες
1343 1189 1451 1262 ἄρα
1476 1185 1604 1252 εἷεν,
1634 1189 1690 1240 αἱ
1726 1185 1956 1256 ὑψοῦσαι

384 1292 483 1362 τὴν
522 1289 725 1359 γνῶσιν
760 1286 854 1340 τοῦ
888 1285 1021 1338 Θεοῦ
1042 1303 1053 1315 ο
1087 1280 1218 1347 οἷον,
1259 1282 1510 1352 ἄσκησις,
1549 1280 1774 1351 μελέτη,
1806 1279 1901 1332 καὶ
1926 1278 1956 1329 6

260 1410 275 1419 ί
384 1385 545 1448 ἄλλος
574 1381 683 1435 τῶν
718 1376 927 1451 ἀρετῶν
952 1375 1190 1448 ὁρμαθός
1209 1392 1220 1404 ·
1254 1373 1319 1437 ἃς
1338 1375 1367 1426 6
1395 1371 1599 1444 τηρῶν,
1632 1370 1730 1441 τὴν
1766 1369 1956 1438 σοφίαν

385 1478 552 1548 τιμᾷ’
589 1472 775 1545 μισθὸς
804 1471 880 1534 δὲ,
925 1468 986 1521 τὸ
1022 1468 1156 1538 πρὸς
1190 1466 1358 1537 αὐτὴν
1396 1464 1824 1535 μετεωρισθῆναι
1866 1462 1962 1515 καὶ

387 1565 789 1639 περιληφθῆναι
819 1563 907 1615 ὑπ’
940 1560 1108 1629 αὐτῆς
1148 1560 1205 1610 ὲν
1230 1556 1308 1628 τῷ
1333 1556 1683 1627 ὑπερκοσμίῳ
1712 1553 1922 1623 παστῷ.

461 1659 506 1691 ⁸⁸
546 1654 786 1717 Ἀσεϐεῖς
831 1653 928 1724 μὲν
970 1652 1017 1703 οἱ
1079 1647 1370 1720 ἑτερόδοξοι
1394 1686 1409 1712 ,
1462 1648 1768 1718 παράνομοι
1812 1645 1867 1698 δὲ
1915 1646 1962 1697 οἱ

364 1782 367 1785 -
389 1745 704 1819 παραϐάται
729 1741 821 1795 τοῦ
839 1741 1002 1810 νόμου
1020 1755 1034 1768 ’
1059 1730 1131 1790 ὧν
1152 1736 1249 1801 τὰς
1269 1737 1439 1800 ὁδοὺς,
1457 1736 1575 1807 ἦτοι
1596 1734 1693 1798 τὰς
1716 1733 1962 1807 πράξεις,

386 1818 744 1912 μὴνὲπελθεῖν
774 1832 905 1904 φησί
913 1871 926 1885 .
1698 1818 1703 1819 ί

464 1932 510 1964 ⁸⁸
567 1927 734 2001 Ὀρθὰ
787 1928 918 1997 ὁρᾷ,
956 1927 984 1978 6
1024 1919 1317 1992 λογισμοὺς
1369 1918 1505 1989 ἔχων
1557 1914 1819 1981 ἀπαθεῖς⁸
1870 1914 1965 1967 καὶ

387 2025 641 2094 δόγματα
668 2019 862 2091 ἀληθῆ,
885 2021 913 2071 ὁ
941 2017 1014 2089 μὴ
1038 2016 1164 2087 περ)⁵
1194 2014 1293 2076 τὰς
1323 2010 1427 2094 ἔξω
1451 2008 1746 2080 φαντασίας
1768 2010 1965 2077 ἐπτοη-

394 2089 584 2187 μένος·
629 2089 768 2166 ὅταν
798 2089 933 2182 λέγῃ
970 2109 1051 2163 ὅτι
1098 2108 1147 2159 οἱ
1189 2089 1455 2173 ὀφθαλμοί
1498 2118 1590 2154 σου
1623 2098 1756 2171 ὀρθὰ
1778 2097 1968 2169 βλεπέ-

387 2221 595 2269 τωσαν,
625 2205 725 2276 τὴν
765 2204 954 2274 ὅρασιν
995 2197 1141 2269 δηλοῖ
1178 2195 1278 2266 τῆς
1324 2192 1529 2263 ψυχῆςο
1561 2191 1655 2244 καὶ
1678 2192 1805 2244 ὅταν
1828 2206 1969 2261 παρ-

393 2301 560 2370 οιινῇ,
601 2292 743 2366 φάγε
791 2293 932 2365 μέλι,
967 2291 1073 2353 υἱὲ,
1107 2289 1194 2342 ἵνα
1231 2286 1506 2357 γλυκανθῇ
1535 2286 1564 2337 6
1599 2281 1813 2354 φάρυγξ
1854 2298 1967 2343 σου,

393 2391 523 2462 μέλι
548 2385 822 2460 τροπικῶς
844 2384 941 2455 τὴν
966 2382 1114 2435 θείαν
1151 2379 1301 2448 λέγει
1335 2374 1700 2438 διδασκαλίαν,
1724 2374 1845 2444 ἥτις
1874 2372 1969 2443 τὴν

393 2478 774 2551 πνευματικὴν
803 2470 1119 2546 καταρτίζει
1142 2473 1239 2542 τῆς
1273 2468 1451 2540 ψυχῆς
1476 2466 1693 2535 γνῶσινο
1719 2463 1853 2518 ἀλλὰ
1879 2464 1971 2517 καὶ

396 2576 629 2630 ἅπτεται
659 2571 834 2641 ψυχῆς
861 2571 893 2639 ὴ
923 2566 1082 2635 σοφία
1102 2584 1114 2596 ·
1150 2561 1410 2635 ὲράσθητι
1433 2560 1561 2631 γὰρ,
1578 2558 1759 2628 φησὶν,
1781 2556 1968 2627 αὐτῆς,

396 2667 490 2719 ἵνα
528 2681 588 2717 σε
642 2659 943 2733 περιλάϐῃ·
990 2655 1137 2727 ψυχὴ
1178 2654 1237 2707 δὲ
1297 2652 1384 2706 διὰ
1430 2648 1768 2722 περιπλοκῆς
1812 2647 1973 2718 σοφίᾳ.

399 2755 685 2818 ἑνωθεῖσα,
714 2749 985 2821 ἁγιασμοῦ
1013 2745 1313 2818 πληροῦται
1343 2744 1438 2798 καὶ
1467 2740 1861 2811 καθαρότητοςο
1891 2738 1972 2791 ἔτι

292 2894 297 2899 .
399 2838 468 2918 γε
496 2847 600 2919 μὴν
640 2844 751 2897 τῶν
800 2839 1035 2914 Χριστοῦ
1078 2838 1263 2911 μύρων
1297 2837 1331 2907 ἡ
1369 2834 1465 2905 τῆς
1494 2833 1669 2903 ψυχῆς
1713 2830 1973 2900 ἀντιλαμ-

401 2940 627 2995 ϐάνεται
650 2937 935 3008 ὄσφρησις.

477 3033 521 3065 ιτ
565 3032 631 3085 Ἡ
657 3027 826 3101 ἀρετὴ
853 3025 1083 3098 μεσότης
1102 3039 1116 3052 ο
1150 3020 1230 3075 διδ
1254 3020 1349 3075 καὶ
1366 3019 1464 3091 τὴν
1497 3017 1745 3089 ἀνδρείαν
1775 3012 1972 3086 μεταξὺ

2051 556 2268 624 accipit.
2300 554 2390 608 llle
2426 552 2596 621 legem
2633 550 2867 615 deserit,
2892 547 2986 617 qui
3030 561 3151 601 eam
3196 546 3615 613 transgreditur.

2052 647 2247 718 Legem
2286 661 2447 716 porro
2485 643 2570 698 vel
2592 656 2754 712 quam
2789 640 2991 694 diserte
3025 638 3292 701 nominat,
3329 637 3411 690 vel
3453 652 3616 706 quam

2054 739 2193 791 idem
2222 735 2548 790 observavit.

2122 828 2260 894 Quid
2289 834 2393 892 est,
2422 823 2733 880 circumda?
2750 821 2981 876 Sanctas
3003 820 3051 873 ei
3078 818 3389 887 circumjice
3414 819 3622 889 cogita-

2055 919 2249 973 tiones.
2283 918 2451 971 Multo
2481 916 2623 970 enim
2666 915 2763 969 tibi
2800 929 2938 983 opus
2978 920 3063 966 est
3108 910 3431 975 munimine,
3476 925 3620 980 quo-

2056 1012 2200 1079 niam
2228 1010 2398 1064 multa
2424 1020 2551 1063 sunt
2588 1008 2678 1061 tali
2716 1004 3050 1075 possessioni
3086 1002 3426 1057 insidiantia.
3462 1001 3617 1069 Quod

2056 1103 2104 1157 si
2136 1103 2189 1155 in
2222 1111 2408 1156 nostra
2448 1107 2714 1170 potestate
2749 1105 2830 1152 est
2877 1112 2994 1150 eam
3030 1095 3462 1156 circumvallare,
3494 1110 3619 1148 nm-

2057 1193 2263 1247 nimina
2288 1191 2506 1262 quidem
2539 1190 2697 1244 nobis
2719 1197 2881 1242 erunt
2905 1187 3132 1241 virtutes
3173 1201 3294 1256 quae
3318 1184 3411 1239 Dei
3445 1186 3619 1240 scien-

2057 1284 2190 1337 tiam
2240 1282 2541 1347 extollunt,
2582 1280 2747 1334 veluti
2790 1278 3059 1346 ascetica,
3107 1286 3162 1331 et
3210 1277 3522 1342 meditatio,
3569 1285 3626 1331 ct

2059 1374 2303 1457 reliquus
2330 1374 2590 1427 virtutum
2625 1372 2864 1437 chorus;
2910 1386 3050 1441 quas
3082 1371 3176 1440 qui
3208 1379 3374 1435 tenet,
3406 1371 3626 1440 sapien-

2060 1467 2188 1520 tiam
2221 1466 2497 1520 honorat:
2546 1478 2755 1517 merces
2783 1477 2913 1516 vero
2942 1470 3045 1527 est,
3077 1463 3144 1517 ad
3193 1463 3368 1531 ipsam
3413 1462 3625 1531 extolli,

2060 1565 2114 1610 et
2139 1571 2260 1610 cum
2291 1570 2355 1609 ea
2384 1552 2626 1607 deliciari
2660 1553 2713 1605 in
2738 1550 2943 1606 caelesti
2981 1551 3241 1606 thalamo.

2132 1647 2287 1716 lmpii
2334 1654 2463 1702 sunt
2508 1645 2867 1701 heterodoxi:
2917 1638 3231 1714 peccatores
3280 1651 3459 1697 autem
3490 1642 3629 1714 legis

2065 1748 2541 1808 transgressores:
2565 1751 2798 1807 quorum
2828 1736 2943 1791 vias
2969 1743 3023 1789 et
3055 1744 3209 1789 actus
3238 1736 3432 1790 sectari
3459 1743 3624 1792 vetat.

2138 1925 2307 1980 Recta
2339 1923 2483 1978 videt
2507 1924 2599 1993 qui
2626 1920 2983 1990 cegitationes
3022 1920 3184 1974 habet
3218 1920 3629 1991 perturbatione

2066 2019 2266 2073 liberas
2290 2035 2304 2072 :
2336 2025 2390 2070 et
2413 2030 2539 2069 vera
2569 2015 2847 2085 dogmata,
2877 2013 2922 2066 is
2948 2013 3041 2081 qui
3070 2012 3434 2066 exterioribus
3459 2014 3634 2083 phan-

2068 2110 2221 2165 tasiis
2252 2123 2361 2163 non
2392 2106 2724 2178 percellitur.
2756 2104 2893 2159 Cum
2919 2104 3085 2159 dicit:
3117 2101 3273 2158 Oculi
3307 2103 3386 2158 tui
3414 2104 3634 2165 videant

2066 2201 2398 2272 aequitatem,
2423 2201 2491 2282 de
2514 2199 2724 2253 visione
2747 2198 2951 2282 animae,
2971 2182 3232 2266 loquitur.
3256 2195 3325 2249 Et
3353 2211 3475 2250 cum
3509 2197 3637 2249 lior-

2070 2304 2251 2350 tatur:
2281 2276 2521 2348 Comede
2549 2291 2676 2355 mel,
2714 2289 2811 2353 ﬁli,
2840 2298 2901 2343 ut
2927 2266 2998 2342 sit
3025 2288 3253 2343 dulcedo
3278 2288 3482 2358 gutturi
3518 2297 3635 2355 tuo,

2070 2388 2177 2443 mel
2213 2386 2419 2456 tropice
2461 2383 2592 2438 dicit
2631 2382 2869 2437 divinam
2903 2380 3234 2442 doctrinam,
3264 2395 3385 2447 quae
3414 2379 3634 2448 spirita-

2070 2481 2174 2534 lem
2206 2477 2424 2535 conﬁcit
2453 2475 2649 2531 animze
2677 2473 2983 2529 scientiam.
3019 2470 3127 2525 Sed
3168 2480 3221 2523 et
3248 2471 3487 2524 animam
3514 2478 3635 2524 tan-

2072 2572 2148 2641 git
2184 2569 2471 2640 sapientia.
2520 2568 2657 2620 Ama
2695 2563 2838 2620 enim
2877 2572 3029 2628 eam,
3064 2569 3124 2614 ut
3176 2562 3513 2629 amplexetur
3558 2569 3631 2616 te.

2070 2662 2190 2717 Jam
2238 2662 2422 2716 anima
2463 2675 2557 2730 per
2583 2657 2926 2727 complexum
2956 2655 3141 2708 virtuti
3188 2654 3470 2723 copulata,
3507 2667 3635 2707 san-

2072 2759 2258 2812 ctitate
2286 2754 2523 2825 repletur
2550 2764 2604 2806 et
2631 2750 2885 2820 puritate.
2913 2748 3136 2817 Insuper
3157 2744 3357 2801 Christi
3396 2760 3636 2816 unguen-

2073 2858 2252 2905 torum
2283 2846 2465 2901 anima
2495 2842 2712 2897 affectat
2736 2840 3043 2894 odoratum.

2144 3014 2334 3070 Virtus
2368 3011 2602 3067 medium
2652 3018 2815 3063 tenet.
2863 3007 3044 3073 Quare
3072 3009 3235 3061 etiam
3268 3006 3639 3060 fortitudinem

401 3126 508 3198 τῆς
539 3097 872 3198 θρασύτητος
910 3118 1009 3172 καὶ
1041 3115 1140 3186 τῆς
1177 3113 1376 3176 δειλίας
1405 3109 1543 3166 εἷναί
1582 3125 1749 3182 φησιο
1785 3106 1879 3161 νῦν
1918 3106 1972 3158 δὲ

2076 3110 2208 3165 dicit
2235 3123 2356 3163 esse
2382 3106 2614 3160 mediam
2646 3104 2787 3156 inter
2813 3101 3097 3155 audaciam
3123 3110 3175 3153 et
3196 3100 3468 3153 timorem.
3487 3097 3643 3153 Nunc

402 3194 661 3289 ὀνομάζει
687 3213 868 3279 δεξιά’
904 3210 965 3263 οὐ
996 3208 1065 3261 τὰ
1106 3205 1271 3277 φύσει,
1298 3203 1447 3268 δεξιᾲ
1482 3202 1628 3255 ἐστὶν
1669 3201 1722 3252 αί
1760 3194 1976 3270 ἀρεταὶ,

403 3286 542 3365 ἀλλᾶ
561 3307 630 3365 τὰ
665 3303 965 3375 φαινόμενα
994 3301 1076 3353 σοὶ
1111 3296 1259 3363 δεξιὰ
1298 3295 1386 3348 διὰ
1416 3293 1514 3356 τὰς
1536 3291 1755 3364 ἡδονάς·
1790 3286 1975 3359 ἡδοναὶ

402 3402 465 3457 δέ
497 3402 666 3463 εἰσιν,
693 3396 754 3450 οὺ
792 3395 951 3467 μόνον
987 3388 1318 3462 Ἀφροδίσια,
1340 3387 1477 3439 ἀλλὰ
1500 3385 1594 3439 καὶ
1625 3381 1850 3443 πλοῦτος
1880 3378 1975 3431 καὶ

319 3561 323 3564 ν
398 3493 617 3564 τρυφή·
643 3486 907 3561 ἀριστερὰ
930 3484 1008 3548 δὲ,
1036 3482 1246 3552 φθόνος,
1273 3478 1539 3552 ἁρπαγαὶ,
1562 3476 1656 3531 καὶ
1675 3474 1744 3528 τὰ
1767 3472 1976 3534 τούτοις

405 3588 596 3656 ὅμοια·
646 3579 841 3652 βορέας
867 3577 999 3646 γὰρ,
1040 3573 1195 3645 φησὶ,
1238 3570 1469 3642 σκληρὸς
1499 3569 1716 3640 ἄνεμος,
1752 3565 1976 3637 ὀνόματι

404 3678 466 3730 δὲ
501 3672 763 3737 ἐπιδέξιος
808 3668 1083 3723 καλεῖται·
1134 3662 1325 3735 βορέαν
1352 3661 1464 3733 γὰρ
1508 3657 1848 3730 συμϐολικῶς
1887 3657 1977 3709 τὸν

412 3766 646 3839 πονηρὸν
673 3763 826 3817 καλεῖ
864 3763 982 3834 ἦτοι
1029 3760 1120 3814 τὸν
1167 3756 1411 3813 διάϐολον
1436 3793 1452 3816 ,
1501 3753 1592 3820 ἀφ’
1623 3743 1684 3803 οὗ
1712 3747 1977 3818 ἐξεκαύθη

412 3835 589 3913 πάντα
617 3856 685 3910 τὰ
724 3851 869 3908 κακὰ
900 3852 994 3905 ἐπὶ
1024 3851 1122 3921 τῆς
1162 3849 1293 3919 γῆς’
1327 3845 1549 3916 ὀνόματι
1584 3841 1640 3894 δὲ
1676 3835 1829 3903 οὗτος
1857 3840 1978 3891 ὲπι-

412 3950 613 4016 δέξιος,
651 3936 734 4001 ὅτι
760 3936 1010 4013 (ἄγγελος
1055 3941 1299 3995 καλεῖται
1339 3934 1495 4006 δεξιῷ
1529 3933 1858 4003 ὀνόματι.-
1881 3930 1976 3993 Σὺ,

302 4030 305 4033 ’
415 4040 605 4111 φησιν,
623 4037 870 4091 ἓκκλινον
899 4034 1007 4089 ἀπὸ
1036 4031 1227 4094 κακοῦ,
1262 4030 1355 4084 καὶ
1380 4028 1458 4099 τῷ
1486 4025 1604 4096 Θεῷ
1638 4025 1862 4096 μελήσει
1884 4021 1979 4074 τοῦ

413 4132 597 4194 τέλους
614 4146 628 4160 ·
659 4126 1053 4202 προπορεύεται
1074 4124 1183 4196 γάρ
1208 4139 1303 4175 σου
1322 4138 1336 4152 ο
1362 4118 1642 4174 καταλύων
1668 4118 1794 4179 τοὺς
1822 4114 1980 4169 πολε-

420 4223 592 4296 μίους,
618 4221 694 4285 ὡς
717 4221 779 4274 ὲν
808 4220 999 4291 εἰρήνῃ
1024 4233 1084 4270 σε
1112 4214 1344 4286 βαδίσαι.

486 4317 532 4349 te
564 4314 814 4369 Δείκνυσι
854 4309 964 4381 γὰρ
994 4309 1088 4361 καὶ
1116 4306 1203 4360 διὰ
1231 4302 1326 4357 τοῦ
1357 4301 1516 4372 ζῴου,
1555 4299 1616 4352 τὺ
1650 4297 1751 4368 τῆς
1791 4293 1981 4367 ἡδονῆς

418 4404 681 4478 καθαρόν
711 4402 805 4455 καὶ
830 4401 917 4454 διὰ
941 4397 1032 4453 τοῦ
1068 4396 1269 4458 πώλου,
1306 4394 1367 4446 τὸ
1404 4382 1503 4465 τῆς
1522 4387 1777 4459 γυναικὸς
1817 4387 1980 4458 παρί-

2075 3215 2202 3256 vero
2232 3198 2364 3254 dicit
2390 3197 2632 3260 dextera,
2657 3209 2764 3247 non
2799 3206 2920 3262 quae
2953 3199 3080 3245 sunt
3101 3189 3422 3244 naturaliter
3455 3189 3642 3244 dexte-

2074 3310 2157 3360 ra,
2189 3288 2494 3363 cuiusmodi
2535 3294 2663 3341 sunt
2690 3284 2935 3348 virtutes,
2968 3280 3063 3337 sed
3111 3297 3232 3349 qua:
3269 3281 3489 3334 dextera
3516 3295 3644 3349 pro—

2029 3397 2033 3401 '
2073 3396 2194 3455 pter
2222 3382 2524 3450 voluptates
2551 3376 2644 3430 tibi
2677 3374 2946 3428 videntur.
2971 3371 3285 3441 Voluptates
3307 3380 3484 3425 autem
3515 3379 3646 3425 sunt

2076 3493 2184 3532 non
2216 3474 2391 3530 solum
2422 3469 2713 3533 Venerem,
2742 3480 2932 3520 verum
2963 3464 3126 3517 etiam
3168 3463 3370 3517 divitiae
3401 3478 3464 3517 ac
3511 3463 3646 3518 deli—

2076 3569 2195 3624 ciae.
2221 3566 2456 3621 Sinistra
2488 3576 2640 3626 vere,
2687 3558 2882 3620 caedes,
2908 3555 3154 3644 \rapinae,
3196 3564 3248 3609 et
3289 3555 3374 3609 his
3420 3556 3641 3611 similia.

2076 3658 2212 3713 Nam
2235 3659 2426 3713 boreas
2442 3653 2651 3724 rigidus
2665 3659 2878 3713 ventus,
2895 3649 3085 3703 dexter
3101 3647 3419 3716 appellatur.
3438 3645 3648 3717 Quippe

2078 3752 2298 3806 boream
2345 3745 2674 3818 symbolice,
2722 3742 3019 3810 malignum
3071 3738 3346 3793 diabolum
3398 3740 3644 3806 vocitat,

2080 3859 2108 3897 a
2152 3857 2262 3912 quo
2307 3839 2452 3894 mala
2501 3835 2683 3891 omnia
2730 3832 3095 3887 incenduntur
3152 3830 3205 3883 in
3238 3830 3411 3884 'orbc.
3457 3829 3642 3884 Eidem

2081 3942 2280 3987 nomen
2310 3938 2395 3985 est
2419 3929 2626 3990 dexter,
2652 3924 2777 3994 quia
2809 3921 3033 3991 angelus
3073 3928 3300 3973 vocatur
3341 3918 3555 3985 dextro,
3588 3919 3644 3973 id

2080 4034 2165 4080 est
2195 4023 2377 4078 fausto
2415 4019 2655 4074 nomine.
2680 4013 2880 4079 —Tu,
2915 4011 3123 4080 inquit,
3164 4009 3376 4063 declina
3415 4024 3444 4062 a
3477 4009 3643 4073 malo,

2081 4128 2137 4173 et
2170 4116 2280 4170 Deo
2307 4129 2440 4170 cura
2469 4112 2571 4166 erit
2610 4110 2735 4163 linis
2765 4107 2861 4162 tui.
2900 4103 3139 4158 Anteibit
3172 4102 3316 4157 enim
3354 4109 3439 4165 te,“
3462 4101 3647 4156 hostes

2083 4206 2400 4279 proﬂigans,
2431 4213 2492 4256 ut
2517 4200 2738 4272 pacitice
2767 4196 3053 4267 gradiaris.

2153 4297 2359 4366 Nempe
2388 4308 2484 4363 per
2509 4300 2721 4347 cervam
2746 4289 2969 4342 denotat
2988 4282 3278 4352 voluptatis
3304 4282 3358 4335 in
3388 4280 3650 4351 coniugio

2085 4388 2489 4451 innocentiam;
2528 4391 2581 4437 et
2618 4395 2714 4451 per
2749 4377 2979 4448 pullum,
3022 4374 3356 4429 alacritatem
3402 4370 3659 4427 mulieris

421 4464 576 4572 στησί
606 4494 808 4568 γαῦρον
837 4493 929 4547 καὶ
956 4482 1229 4583 ποθειιγόνο
1260 4486 1355 4540 καὶ
1380 4464 1567 4552 ἐπειδὴ
1589 4477 1761 4533 πολλὰ
1781 4474 1889 4531 οἶδε
1913 4476 1972 4530 τὰ

2086 4480 2339 4553 exprimit
2366 4486 2420 4531 et
2464 4472 2874 4529 amabilitatem.
2904 4466 2971 4521 Et
3005 4465 3132 4536 quia
3166 4464 3335 4518 multa
3383 4464 3557 4519 cernit
3581 4464 3650 4519 ad

2125 4577 2134 4583 .
2166 4579 2178 4583 _
2311 4572 2324 4583 ο
2402 4570 2435 4583 ι-
2522 4567 2581 4583 ,σο
2693 4571 2838 4583 ----.-
2875 4559 3106 4583 Α---..Ιει
3177 4565 3225 4583 Α.
3270 4556 3650 4583 ε...η......1..ι.;ι..

421 4569 823 4663 παροξύνοντα,
872 4569 1160 4653 ὰσφαλίζέι
1186 4620 1201 4644 ,
1236 4576 1453 4651 ἀρραγῆ
1503 4574 1596 4627 τὸν
1647 4572 1745 4663 τῆς
1778 4569 1984 4639 αφιλίας

422 4662 600 4743 αὐτοῖς
624 4677 820 4749 δεσμὸν
853 4671 1147 4743 ἐπιτίθησι,
1182 4668 1243 4722 τὸ
1269 4667 1629 4737 ὢιάρρηκτον
1662 4662 1843 4722 αὐτοῖς
1877 4676 1982 4729 μη-

398 4770 731 4842 λχανώμενος
751 4785 764 4797 ·
797 4767 969 4829 ἄλλως
997 4765 1053 4817 δὲ
1077 4765 1111 4834 ἡ
1147 4762 1309 4831 σοφία
1327 4798 1342 4823 ,
1369 4754 1580 4829 ἡτοιοῦν
1616 4754 1829 4821 ἔλαφος,
1859 4752 1984 4814 τοὺς

420 4864 529 4919 τῶν
563 4861 888 4936 ἑτεροδόξων
931 4855 1180 4928 ὀφιώδεις
1220 4852 1409 4921 λόγους
1457 4848 1697 4918 πέφυκεν
1739 4842 1982 4897 ἐλαύνειν

424 4958 517 5010 καί
559 4933 829 5027 ἀναιρεῖν·
866 4950 1005 5020 αὕτη
1050 4942 1164 5012 οὖν,
1200 4944 1363 5016 φησὶ,
1405 4940 1641 5019 συνέστω
1680 4953 1760 4990 σοι
1809 4933 1984 4997 πῶλος

423 5046 556 5105 οῦσα
587 5045 667 5118 τῷ
689 5043 898 5109 νεάζειν
925 5042 1140 5096 ἃπασαν
1163 5036 1360 5109 ἀρετήν
1379 5049 1393 5062 -
1428 5031 1522 5084 καὶ
1550 5029 1672 5082 ἐπεὶ
1699 5026 1773 5098 μὴ
1805 5026 1987 5095 ὅμοιον

424 5142 560 5213 γυνὴ
586 5141 680 5195 καὶ
716 5139 896 5208 σοφία,
926 5135 1064 5204 αῦτη
1096 5129 1401 5186 τούναντίον
1433 5123 1671 5196 ἡγείσθω
1707 5137 1816 5174 σοι·
1843 5119 1984 5173 οὕτω

422 5232 533 5303 γὰρ
564 5228 896 5299 ἀποκυήσεις
921 5223 1211 5294 λογισμοὺς
1244 5215 1498 5287 ἀγαθούς.

492 5323 538 5355 ιο
567 5322 686 5377 Ἵνα
726 5320 799 5391 μὴ
826 5317 1024 5390 λέγῃςξ·
1058 5314 1123 5367 Τί
1155 5312 1263 5382 γὰρ
1299 5308 1507 5380 βλάϐος
1522 5308 1633 5371 τοῖς
1669 5303 1980 5373 ὀφθαλμοῖς,

430 5413 502 5486 μὴ
536 5390 753 5475 πάντως
779 5409 946 5479 οῦσης
974 5390 1216 5476 ἀνάγκης
1247 5403 1337 5456 τὸν
1377 5399 1646 5470 ἐνορῶντα
1675 5395 1983 5468 τραπῆναι;

318 5516 319 5519 ‘
425 5482 662 5559 δείκνυσί
702 5507 807 5566 σοι,
851 5500 983 5571 ὠςή
1014 5497 1111 5569 μὲν
1153 5493 1448 5564 ἐπιθυμία,
1492 5490 1602 5560 πῦρ
1627 5490 1807 5541 ἐστιν·
1858 5487 1891 5555 ή
1930 5482 1986 5536 δὲ

2086 4577 2277 4631 vitium
2311 4567 2593 4626 incitantia
2617 4607 2632 4628 ,
2684 4571 2843 4618 caute
2871 4559 3141 4622 consulit,
3173 4565 3229 4611 et
3270 4556 3654 4613 indissolubile

2088 4663 2416 4734 coniugibus
2446 4657 2722 4712 vinculum
2749 4652 2953 4722 injicit,
2985 4650 3349 4705 constantiam
3372 4650 3492 4705 illis
3520 4664 3653 4706 con-

2089 4758 2301 4813 cilians.
2335 4750 2547 4820 Alioqui
2580 4745 2865 4817 sapientia,
2896 4743 3041 4797 cervi
3073 4742 3263 4802 instar,
3292 4740 3653 4795 heterodoxo-

2088 4861 2211 4902 rum
2244 4841 2586 4912 serpentinas
2612 4835 2887 4892 doctrinas
2909 4831 3168 4902 repellere
3189 4831 3331 4884 valet
3359 4839 3414 4884 et
3440 4831 3654 4885 exstin-

2090 4952 2274 5010 guere.
2300 4932 2428 4989 Haec
2460 4932 2657 5001 igitur,
2684 4927 2883 4996 inquit,
2919 4933 3101 4979 tecum
3143 4923 3216 4977 sit
3243 4921 3399 4992 quasi
3446 4919 3652 4991 pullus,

2090 5034 2147 5079 ut
2174 5036 2389 5078 omnem
2428 5021 2680 5073 virtutem
2717 5016 2956 5070 innovet.
2983 5012 3049 5067 Et
3094 5012 3221 5081 quia
3260 5025 3370 5064 non
3403 5018 3489 5063 est
3527 5025 3653 5063 mu-

2088 5116 2208 5170 lieri
2240 5112 2437 5170 similis
2473 5108 2760 5179 sapientia,
2799 5108 2913 5160 haec
2942 5104 3126 5174 potius
3162 5103 3233 5157 sit
3260 5101 3358 5155 tibi
3386 5100 3520 5153 dux.
3561 5100 3662 5156 Sir-

2090 5208 2236 5263 enim
2272 5207 2444 5260 bonas
2469 5201 2782 5272 procreabis
2814 5197 3192 5266 cogitationes.

2162 5296 2241 5353 Ne
2280 5295 2421 5351 forte
2463 5294 2652 5349 dicas:
2690 5289 2803 5345 Cur
2850 5292 3087 5342 noceant
3125 5281 3291 5346 oculi,
3334 5294 3458 5339 cum
3492 5279 3657 5349 plane

2092 5403 2201 5443 non
2229 5386 2301 5442 sit
2332 5399 2555 5441 necesse
2584 5396 2708 5435 eum
2757 5377 2989 5448 perverti
3020 5374 3114 5443 qui
3164 5369 3375 5427 cernit?
3416 5371 3658 5425 ostendit

2093 5480 2190 5534 tibi
2235 5474 2731 5546 concupiscentiam
2783 5483 2907 5523 esse
2948 5468 3162 5536 ignem;
3197 5476 3451 5527 carnem,
3490 5462 3656 5533 vesti—

500 5692 546 5725 “
577 5707 630 5747 v.
653 5691 788 5746 8.—
815 5688 880 5741 A.
908 5685 946 5740 f.
973 5685 1064 5750 21,
1088 5699 1138 5737 a.
1214 5683 1258 5714 ³³
1286 5699 1337 5735 v.
1376 5682 1462 5734 Η.
1504 5706 1555 5721 »-
1583 5680 1644 5734 Λ.
1682 5676 1718 5729 f.
1746 5675 1924 5750 ξιτ-ι).

2072 5687 2114 5725 v.
2143 5670 2234 5725 25.
2255 5670 2373 5722 -—A.
2406 5666 2444 5721 f.
2472 5665 2565 5729 25,
2590 5664 2641 5718 ι).
2717 5660 2760 5691 ⁸⁷
2791 5674 2845 5714 v.
2876 5657 2965 5713 27.
2985 5653 3184 5723 -Ληίὶ
3209 5654 3300 5714 94,
3334 5668 3390 5707 a-
3460 5649 3504 5721 δῖ
3532 5662 3656 5717 cap.

432 5777 487 5830 v,
523 5746 700 5818 19,—-
723 5759 788 5812 Α.
823 5758 860 5811 l'.
885 5757 976 5822 27,
1000 5746 1059 5809 b.
1131 5753 1175 5785 ⁸⁹
1210 5770 1329 5822 cap.
1356 5769 1433 5812 vi,
1467 5752 1645 5803 21—-
1669 5749 1733 5803 Α.
1769 5750 1805 5800 l'.
1839 5746 1927 5807 Si,
1952 5759 2005 5796 ει.

748 5851 1015 5909 Ρλτιιοι..
1049 5846 1165 5905 Gn.
1191 5847 1271 5904 X-

3207 5821 3287 5881 ‘20
