4128 6380
466 342 568 398 6l9

467 476 745 532 mentum;
787 465 930 518 hanc
953 461 1171 532 quidem
1204 458 1363 514 facile
1386 459 1541 528 capi;
1570 458 1719 513 illam
1766 472 1895 511 vero
1918 461 2109 531 esseA
2143 454 2313 526 σὰρξ,

468 560 830 634 tyrannieam.
865 554 1019 623 Quod
1046 568 1176 608 vero
1229 566 1337 605 non
1394 550 1556 604 modo
1611 560 1690 604 est
1743 548 2033 610 inclusum,

467 670 654 711 verum
712 652 875 707 etiam
930 648 1277 717 colligatum,
1339 644 1481 698 haud
1537 652 1663 697 ante
1728 642 2036 712 egredietur

466 764 631 821 quam
672 746 778 801 sibi
810 743 1017 798 exitum
1058 738 1265 794 fecerit.
1310 736 1429 792 Jan:
1472 736 1565 803 qui
1600 743 1808 803 spectat
1842 734 2036 787 mulie-

467 856 617 904 rem,
654 834 866 891 etiamsi
908 830 1191 900 dilfugiat,
1237 843 1343 882 non
1387 838 1567 882 tamen
1618 842 1787 895 purus
1836 840 2038 879 concu-

463 931 730 1003 piscentia
778 925 1036 983 discedet.
1093 920 1204 977 Cur
1241 932 1421 976 autem
1486 935 1625 988 opus
1674 928 1759 973 est
1815 919 2029 988 negotia

465 1023 699 1083 habere,
746 1019 793 1073 si
854 1018 1061 1087 absque
1110 1013 1243 1084 ipsis
1292 1026 1586 1081 possumus
1639 1025 1759 1063 esse
1813 1008 2037 1078 pudici?

463 1115 701 1171 Observa
734 1110 860 1181 quid
883 1109 1028 1163 dicat
1053 1105 1256 1159 Jobus:
1288 1102 1485 1156 Foedus
1513 1101 1682 1170 pepigt
1719 1117 1835 1154 cum
1861 1099 2028 1152 oculis

460 1210 610 1273 meis,
635 1224 698 1259 ne
734 1206 798 1258 de
830 1203 1046 1256 muliere
1086 1198 1260 1252 aliena
1298 1196 1601 1264 cogitarem.
1639 1192 1735 1246 Hic
1773 1193 2033 1245 nimirum

461 1297 888 1356 illusioniS'vim
937 1291 1284 1364 agnoscebat.
1332 1289 1531 1343 Paulus
1572 1287 1734 1340 etiam
1776 1285 1917 1338 hanc
1961 1283 2033 1336 ob

460 1406 682 1448 causam
716 1386 1015 1456 castigabat
1048 1397 1248 1453 corpus
1280 1390 1332 1434 et
1373 1379 1425 1433 in
1460 1377 1774 1432 servitutem
1820 1375 2031 1443 redige-

461 1487 569 1539 bat.
632 1479 873 1551 Spiritali
926 1485 1107 1530 autem
1167 1488 1368 1537 sensu,
1423 1470 1511 1524 ille
1563 1466 1748 1537 alligat
1799 1467 1853 1520 in
1906 1468 2028 1521 sinu

460 1580 672 1649 ignem,
734 1574 825 1643 qui
883 1571 1151 1639 impuram
1209 1564 1595 1634 cogitationem
1646 1559 1925 1614 immorari
1977 1562 2031 1611 in

457 1668 622 1724 corde
659 1666 790 1720 sinit
824 1683 837 1718 :
884 1660 1087 1716 incedit
1122 1669 1302 1712 autem
1336 1671 1499 1724 super
1544 1653 1813 1708 carbones
1846 1652 1892 1705 is
1934 1650 2025 1718 qui

457 1768 737 1831 peccatum
766 1755 1044 1825 operando
1070 1750 1343 1821 propriam
1377 1748 1616 1803 animam
1653 1744 1848 1813 perdit.

525 1850 805 1920 Cemphus
851 1856 933 1902 est
964 1846 1065 1900 lari
1118 1843 1367 1913 species:
1408 1839 1501 1909 qui
1555 1848 1665 1892 tam
1703 1835 1921 1891 ell‘renis
1962 1836 2027 1888 ad

455 1944 788 2013 voluptatem
834 1951 952 2005 est,
1007 1946 1066 1991 ut
1118 1935 1307 1990 oculos
1368 1931 1634 2001 sanguine
1692 1928 1916 1999 implere
1973 1928 2026 1980 in

458 2034 704 2092 coeundo
733 2032 1011 2096 videatur;
1042 2038 1096 2083 et
1133 2029 1388 2081 incautus
1415 2040 1557 2094 saepe
1589 2023 1643 2076 in
1674 2022 1903 2090 laqueos
1934 2028 2027 2073 aut

460 2128 742 2183 hominum
788 2136 986 2178 manus
1028 2121 1236 2175 incidit.
1275 2118 1412 2172 lluic
1462 2131 1591 2185 ergo
1631 2114 1806 2167 virum
1846 2126 2025 2166 merc—

457 2221 576 2277 triei
619 2220 859 2274 deditum
910 2218 1190 2284 comparat
1228 2213 1299 2265 ob
1333 2210 1635 2264 libidinem.
1662 2206 1759 2261 Vel
1796 2207 1867 2259 ob
1909 2206 2027 2272 ejus

457 2318 573 2368 avis
628 2310 948 2371 stultitiam,
982 2305 1181 2360 etenim
1234 2314 1288 2359 et
1340 2305 1454 2357 haec
1514 2315 1772 2370 tanquam
1831 2297 2025 2353 stolida

456 2416 730 2472 quemque
761 2407 1018 2453 sectatur.
1047 2396 1215 2449 Aiunt
1238 2395 1400 2450 etiam
1430 2393 1718 2462 cemphum
1745 2399 2029 2458 tantopere

455 2506 646 2562 spuma
673 2488 952 2553 delectari,
973 2496 1033 2540 ut
1059 2486 1103 2539 si
1129 2484 1254 2554 quis
1289 2484 1552 2552 navigans
1580 2496 1828 2551 spumam
1860 2496 2024 2533 manu

457 2591 657 2647 teneat,
686 2580 773 2633 ille
794 2577 981 2632 manui
1010 2575 1264 2630 insideat.
1298 2572 1447 2627 Parit
1473 2575 1637 2628 etiam
1665 2588 1788 2627 cum
1815 2572 2024 2625 dolore.

524 2759 732 2816 Novisti
781 2761 904 2829 ejus
952 2761 1243 2820 damnum;
1278 2769 1409 2807 cave
1436 2753 1620 2821 itaque
1654 2766 1722 2805 ne
1762 2749 2023 2818 concupi-

453 2852 717 2907 scentiam
749 2850 1034 2915 admittas;
1063 2864 1213 2903 mors
1241 2846 1384 2899 enim
1414 2845 1534 2913 ejus
1562 2843 1889 2898 immortalis
1918 2851 2022 2896 est.

451 2944 760 3013 Cceteroqui
813 2943 1063 2997 vulnerat
1102 2938 1322 3008 quidem
1381 2935 1764 2997 sermonibus,
1825 2934 2027 2988 occidit

453 3053 582 3092 vero
629 3036 868 3107 peccatis
908 3049 1003 3090 eos
1032 3034 1124 3103 qui
1175 3033 1276 3088 sibi
1327 3031 1626 3101 indulgent.
1670 3028 1803 3083 Nam
1854 3029 2023 3083 multa

1326 340 1381 394 S.
1410 338 1772 394 lilPPOLYTl
1813 337 1960 391 ()PP.
2004 337 2185 394 PARS
2224 336 2266 393 1.
2307 369 2376 379 --
2419 339 2823 398 ΕΧΕΟΕΤΙΟΑ.

3616 349 3716 404 69.3

2379 459 2624 528 ἱμάτιον·
2659 458 2719 511 τὸ
2761 460 2859 530 μὲν
2891 460 3188 515 εὐάλωτον·
3222 464 3256 533 ἠ
3286 462 3342 515 δὲ
3390 464 3715 533 τυραννικίγ

2138 547 2265 599 ὅταν
2294 547 2351 599 δὲ
2381 548 2479 618 οὐχ
2510 547 2691 612 ἁπλῶς
2734 548 3138 624 ἐγκείμενον,
3166 552 3303 605 ἀλλά
3340 553 3436 606 καὶ
3468 552 3722 605 ἀποδεδε-
3778 588 3786 605 .

2144 640 2326 709 μένον,
2366 641 2425 691 οὐ
2459 640 2722 713 πρότερον
2747 640 3085 706 ἐξελεύσεται
3105 683 3120 708 ,
3161 644 3265 707 ἕως
3300 642 3477 714 ἐαυτῷ
3503 645 3719 714 ποιήσει

2138 731 2396 796 διέξοδον·
2431 736 2459 786 ὁ
2480 732 2587 805 γὰρ
2630 733 2751 787 ίδὼν
2790 737 3043 802 γυναῖκα,
3077 737 3126 788 εί
3158 737 3253 789 καὶ
3292 736 3569 806 διέφυγεν,
3601 736 3717 794 ἀλλ’
3798 780 3805 787 .

2138 823 2236 874 οὐκ
2268 823 2561 892 ἐπιθυμίας
2610 822 2848 895 καθαρὸς
2896 824 3241 895 ἀνεχώρησε’
3276 825 3329 878 τί
3369 826 3425 879 δὲ
3467 826 3548 878 δεῖ
3580 838 3721 894 πρα-

2138 915 2397 984 γμάτων,
2453 914 2623 985 παρὸν
2676 916 3046 985 ἀπραγμόνως
3094 919 3424 987 σωφρονείν;
3474 918 3616 989 Ὅρα
3663 917 3720 969 τί

2140 1008 2301 1078 φησὶν
2332 1009 2359 1059 6
2406 1007 2552 1060 Ἰώϐ·
2590 1008 2890 1074 Ammian
2920 1008 3197 1078 διεθέμην
3236 1008 3362 1075 τοῖς
3391 1010 3720 1078 ὀφθαλμοῖς

2134 1116 2273 1167 μου,
2303 1099 2409 1151 τοῦ
2444 1098 2529 1167 μὴ
2578 1098 2941 1166 κατανοῆσαι
2978 1100 3232 1169 γυναῖκα
3271 1101 3599 1168 ἀλλοτρίαν
3614 1101 3683 1133 δ”

2137 1187 2308 1252 οὕτως
2354 1185 2461 1241 οἶδε
2502 1190 2598 1259 τὴν
2647 1189 2746 1259 τῆς
2790 1190 3053 1261 ἐπηρείας
3095 1190 3280 1260 ἰσχύν·
3316 1192 3408 1243 καὶ
3436 1193 3464 1243 6
3506 1189 3721 1255 Παῦλος

2136 1281 2192 1332 δὲ
2234 1281 2421 1333 τούτου
2468 1282 2653 1334 ἕνεκεν
2687 1283 2949 1347 ὑπεπίεςε
2994 1282 3054 1335 τὸ
3088 1282 3247 1353 σῶμα
3285 1283 3380 1336 καὶ
3411 1282 3721 1355 ὲδουλαγώ-

2138 1391 2255 1441 γει·
2289 1371 2429 1426 κατὰ
2458 1373 2514 1425 δὲ
2546 1373 2798 1445 θεωρίαν,
2836 1374 3200 1444 ἀποδεσμεύει
3229 1374 3342 1446 πῦρ
3374 1376 3432 1428 ἐν
3472 1376 3658 1447 κόλπῳ
3688 1378 3722 1428 6

2140 1462 2436 1533 συγχωρῶν
2462 1464 2773 1535 ἀκάθαρτον
2816 1463 3073 1535 λογισμὸν
3117 1463 3452 1536 ἐγχρονίζειν
3483 1468 3548 1536 τῇ
3582 1483 3723 1537 καρ-

2135 1555 2252 1626 δίᾳο
2288 1559 2579 1625 περιπατεί
2611 1556 2667 1608 δὲ
2705 1557 2890 1609 ὲπάνω
2922 1554 3229 1628 ἀνθράκων,
3262 1558 3292 1609 6
3331 1556 3422 1609 διὰ
3460 1556 3563 1627 τῆς
3595 1559 3724 1610 κατ’

2137 1647 2417 1717 ἐνέργειαν
2454 1648 2727 1717 ἁμαρτίας
2757 1647 2854 1719 τὴν
2884 1647 3020 1701 ίδίαν
3047 1646 3329 1701 ἀπολλύων
3354 1647 3556 1720 ψυχήν.

2201 1831 2245 1861 ⁵ο
2274 1830 2498 1898 Κέμφος
2542 1830 2689 1881 ἐστὶν
2742 1826 2880 1892 εἶδος
2911 1828 3097 1902 λάρου,
3148 1831 3207 1893 ὃς
3236 1829 3410 1894 οὕτως
3458 1828 3722 1901 ἀκρατῶς

2131 1919 2242 1989 ἔχει
2300 1919 2433 1989 πρὸς
2481 1919 2691 1993 ἡδονὴν,
2748 1920 2822 1983 ὠς
2874 1921 3102 1991 αἵματος
3155 1920 3496 1992 πληροῦσθαι
3540 1920 3720 1974 δοκεῖν

2130 2013 2253 2073 τοὺς
2300 2012 2616 2083 ἀφθαλμοὺς
2652 2015 2709 2065 ἐν
2751 2012 2827 2083 τῷ
2869 2013 3109 2083 ὀχεύειν·
3145 2014 3240 2067 καὶ
3272 2013 3522 2067 λανθάνει
3559 2014 3717 2067 ἀναιι-

2133 2104 2343 2175 σθητῶν
2394 2103 2608 2175 βρόχοις
2658 2103 2975 2175 πολλάκιςῆ
3013 2106 3171 2177 χερσὶ
3231 2106 3578 2177 περιπίπτων
3618 2107 3717 2158 ἀν-

2132 2189 2396 2260 θρώπων
2447 2190 2621 2259 τούτῳ
2657 2187 2748 2243 οὖν
2796 2192 2887 2244 τὸν
2935 2193 3359 2263 προστιθέμενον
3405 2197 3473 2264 τῇ
3506 2194 3715 2265 πόρνῃ,

2129 2282 2196 2334 δι’
2230 2281 2525 2335 ἀκολασίαν
2584 2282 2916 2335 ἀπείκασεν·
2955 2283 2987 2353 ἢ
3034 2284 3123 2337 διὰ
3155 2284 3249 2337 τοῦ
3300 2284 3439 2354 ζῴου
3484 2285 3713 2356 εὔηθες·

2132 2375 2225 2426 καί
2253 2374 2364 2444 γὰρ
2397 2374 2489 2427 καὶ
2515 2366 2672 2436 οὗτος
2699 2372 2774 2436 ὡς
2803 2373 2991 2445 ἄφρων
3021 2374 3427 2446 ἐπηκολούθησε
3446 2392 3458 2405 ’
3497 2376 3630 2444 φασὶ
3655 2374 3715 2427 δὲ

2132 2466 2290 2516 αὐτὸν
2333 2464 2588 2519 τοσοῦτον
2637 2465 2848 2535 χαίρειν
2887 2465 3073 2537 ἀφρῷ,
3128 2466 3268 2518 ὥστε
3314 2467 3368 2519 εἴ
3395 2485 3481 2531 τις
3533 2467 3715 2520 πλέων

2132 2558 2302 2628 ἀφρὸν
2336 2558 2427 2609 ἐπὶ
2467 2558 2646 2628 χειρὸς
2687 2556 2796 2621 ἕξει
2818 2597 2832 2620 ,
2868 2559 3196 2630 ἐπικάθηται
3228 2564 3293 2630 τῇ
3325 2562 3505 2632 χειρί·
3539 2562 3716 2615 τίκτει

2129 2651 2184 2704 δὲ
2218 2650 2311 2702 καὶ
2349 2652 2406 2701 ὲν
2434 2648 2617 2720 ὀδύνῃ.

2203 2744 2247 2774 ⁶¹
2274 2740 2428 2805 Εἶδες
2456 2742 2626 2812 αὐτῆς
2650 2741 2745 2812 τὴν
2775 2740 2977 2812 βλάϐην
2996 2759 3009 2770 ·
3039 2742 3113 2813 μὴ
3135 2743 3435 2816 ἀναμείνῃς
3458 2743 3717 2809 δέξασθαι

2129 2836 2226 2906 τὴν
2282 2836 2605 2905 ἐπιθυμίαν·
2656 2834 2922 2899 ἀθάνατος
2978 2834 3087 2906 γὰρ
3139 2836 3311 2905 αὐτῆς
3370 2839 3402 2907 ἡ
3452 2837 3713 2909 τελευτή⁹

2130 2930 2302 2989 ἄλλως
2358 2930 2413 2981 δὲ
2463 2928 2755 2999 τιτρώσκει
2808 2928 2904 2998 μὲν
2956 2927 3169 2996 λόγοις,
3236 2929 3356 2999 ἤτοι
3396 2929 3716 3000 λογισμοῖς,

2132 3019 2344 3088 φονεύει
2378 3018 2434 3069 δὲ
2467 3019 2586 3080 ταῖς
2629 3017 2924 3089 ἁμαρτίαις
2956 3018 3083 3080 τοὺς
3110 3016 3500 3087 πειθομένους·
3544 3018 3718 3073 πολλά

450 3131 707 3201 nequitia:
735 3142 931 3200 genera
961 3128 1156 3182 stultos
1190 3126 1256 3180 ad
1288 3123 1501 3179 inferna
1547 3123 1841 3178 deducunt.
1874 3121 2021 3176 Con-

2132 3110 2238 3182 γὰρ
2265 3110 2378 3180 εἴδη
2409 3109 2606 3172 κακίας
2641 3110 2767 3172 τοὺς
2799 3109 3056 3180 ἀνοήτους
3088 3111 3167 3171 εἰς
3204 3108 3330 3179 ᾅδου
3369 3110 3713 3178 κατάγονταο

449 3224 621 3278 «:lavia
674 3222 898 3286 mortis,
948 3220 1031 3274 vel
1077 3217 1457 3289 profunditas,
1490 3216 1570 3270 vel
1615 3214 1838 3270 divitize.
1887 3213 2021 3280 Quis

448 3331 579 3386 ergo
605 3313 859 3385 eﬂ‘ugiet?

522 3407 730 3463 Novam
764 3404 1133 3466 Hierusalem,
1183 3411 1428 3456 sanctam
1467 3415 1685 3455 carnem
1732 3399 1884 3454 dicit.
1916 3398 2025 3454 Co-

447 3502 667 3556 lumnas
693 3507 923 3566 septem,
958 3495 1325 3565 septenarium
1375 3493 1548 3547 sancti
1583 3490 1821 3561 Spiritus
1862 3491 1916 3543 in
1960 3506 2023 3544 ea

450 3591 808 3662 quiescentis.
850 3588 1026 3643 Veluti
1075 3594 1307 3641 testatur
1350 3583 1520 3639 Isaias
1557 3584 1778 3638 dicens:
1822 3581 2025 3635 Immo-

446 3680 578 3732 luvit
615 3678 856 3730 victimas
889 3693 1037 3731 suas.

518 3770 937 3834 Animadverte,
986 3776 1238 3836 oportere
1293 3765 1592 3835 sapientem
1657 3765 1844 3819 multis
1905 3780 2025 3819 esse

446 3863 674 3927 utilem;
720 3862 855 3915 adeo
892 3868 952 3913 ut
988 3859 1083 3928 qui
1135 3857 1285 3912 utilis
1335 3856 1438 3911 sibi
1484 3855 1587 3911 soli
1630 3864 1748 3920 est,
1797 3869 1907 3908 non
1953 3854 2023 3908 sit

449 3956 688 4027 sapiens.
729 3952 897 4007 Valde
922 3952 1066 4006 enim
1118 3949 1457 4018 improbatur
1490 3947 1777 4017 sapientia,
1822 3946 1867 4001 si
1911 3947 2021 4000 vim

448 4064 604 4104 suam
631 4047 698 4101 ad
716 4061 893 4101 unum
926 4045 1012 4100 sui
1056 4041 1425 4112 possidentem
1473 4040 1702 4110 redigat.
1732 4038 1886 4094 Sicut
1931 4056 2024 4093 ve-

446 4156 649 4197 nenum
693 4156 801 4194 non
846 4147 931 4194 est
974 4136 1201 4192 noxium
1256 4136 1411 4190 alteri
1453 4135 1699 4203 corpori,
1756 4136 1849 4189 sed
1884 4134 2025 4188 reei-

448 4234 619 4303 pienti
645 4231 1061 4294 tantummodo;
1092 4229 1166 4283 ita
1195 4229 1288 4299 qui
1327 4227 1389 4281 ﬁt
1416 4227 1718 4295 improbus,
1752 4241 1810 4281 se
1840 4227 2022 4295 ipsum

447 4326 612 4392 laedit,
646 4340 754 4380 non
788 4325 974 4378 alium.
1001 4320 1171 4377 Nemo
1193 4320 1392 4390 quippe
1421 4319 1620 4373 virtute
1645 4318 1923 4387 przmlitns,
1955 4318 2023 4371 ab

447 4417 699 4487 improbo
730 4416 967 4469 laeditur.

2127 3205 2327 3273 ταμεῖα
2360 3202 2416 3255 δὲ
2451 3201 2703 3262 θανάτου,
2736 3201 2768 3271 ἢ
2814 3200 2874 3253 τὺ
2902 3200 3065 3269 βάθος
3105 3201 3138 3271 ἢ
3178 3202 3206 3252 6
3250 3200 3480 3265 πλοῦτος
3509 3201 3713 3255 αὐτοῦ*

2129 3296 2245 3358 πῶς
2276 3291 2368 3348 οὖν
2403 3295 2520 3347 ἐστι
2553 3294 2870 3362 διαφυγεῖν;

2199 3388 2243 3417 δ’
2279 3388 2390 3456 Τὴν
2420 3384 2910 3457 νέανἹερουσαλὴμ
2944 3386 3039 3437 καὶ
3061 3386 3220 3453 ἁγίαν
3245 3387 3423 3456 σάρκα
3442 3404 3457 3418 ’
3490 3385 3718 3451 στύλους⁸

2127 3477 2287 3538 ὲπτά,
2331 3476 2429 3547 τὴν
2464 3475 2731 3545 ἑϐδομάδα
2766 3475 2859 3528 τοῦ
2903 3475 3059 3544 ἁγίου
3096 3476 3414 3547 Πνεύματος
3455 3481 3540 3531 ἐπ’
3574 3480 3714 3552 αὐτῇ

2127 3567 2564 3637 ἀναπαυομένου,
2601 3568 2873 3639 έσήμανε·
2912 3566 3097 3630 καθὼς
3135 3568 3361 3631 Ἡσαΐας
3403 3572 3714 3641 μαρτυρεῖ,

2128 3660 2299 3727 λέγων
2319 3676 2331 3688 ·
2369 3656 2635 3728 Ἕσεεαξε
2663 3660 2733 3712 τὰ
2757 3657 2979 3725 ἑαυτῆς
3001 3660 3250 3727 θύματα.

2200 3752 2243 3782 ⁸³
2276 3749 2590 3820 Σημείωσαι
2618 3751 2700 3802 ὅτι
2732 3749 2823 3802 τὸν
2856 3749 3015 3818 σοφὸν
3041 3750 3254 3814 πολλοῖς
3278 3747 3416 3805 εἶναι
3446 3754 3716 3827 χρήσιμον

2127 3844 2420 3909 ἀναγκαῖον
2440 3858 2453 3870 ·
2494 3840 2570 3902 ὡς
2592 3841 2620 3893 ὅ
2653 3857 2714 3908 γε
2750 3839 2928 3909 ἑαυτῷ
2960 3842 3230 3911 χρήσιμος
3272 3842 3452 3911 μόνον,
3489 3843 3591 3896 οὐκ
3623 3837 3717 3915 ἐτη

2128 3933 2291 4001 σοφός
2314 3950 2326 3962 ·
2362 3931 2532 4002 πολλὴ
2561 3932 2667 4003 γὰρ
2715 3931 2814 4000 τῆς
2854 3931 3049 3999 σοφίας
3096 3935 3398 4005 κατηγορία
3419 3975 3433 3999 ,
3469 3937 3518 3987 εί
3550 3934 3717 4009 μέχρι

2124 4020 2220 4075 τοῦ
2251 4021 2589 4091 κεκτημένου
2633 4019 2729 4088 τὴν
2757 4019 2987 4089 δύναμιν
3016 4019 3127 4086 ἕξει
3146 4037 3160 4051 ·
3194 4021 3383 4093 ὥσπερ
3418 4022 3474 4076 δὲ
3512 4024 3588 4087 ἰὸς
3613 4026 3718 4081 οὐκ

2126 4111 2191 4164 ἂν
2221 4112 2303 4182 εἴη
2341 4111 2602 4181 βλαϐερὸς
2653 4111 2827 4181 ἑτέρῳ
2859 4109 3093 4181 σώματι,
3138 4111 3273 4166 ἀλλὰ
3319 4112 3398 4182 τῷ
3437 4113 3715 4186 δεχομένῳ

2131 4202 2303 4273 μόνῳυ
2342 4200 2513 4264 οὓτως
2546 4203 2641 4254 καὶ
2687 4203 2715 4253 6
2756 4201 2966 4264 ἀποϐὰς
3010 4201 3211 4268 κακὸς,
3260 4203 3450 4257 ἑαυτὸν
3496 4205 3712 4276 βλάψει,

2126 4293 2224 4345 οὐκ
2258 4292 2448 4346 ἀλλον·
2492 4293 2667 4356 οὐδεὶς
2714 4294 2823 4363 γὰρ
2870 4293 3123 4365 ἐνάρετος
3169 4295 3323 4366 παρά
3370 4297 3545 4351 κακοῦ
3584 4298 3714 4368 βλά-

2127 4403 2339 4438 πτεται.

514 4470 748 4560 ἑιυοιιιε
773 4504 999 4574 justitiae
1027 4510 1082 4556 et
1116 4502 1278 4556 arbor
1304 4502 1444 4565 vitae,
1475 4501 1726 4556 Christus
1751 4509 1835 4555 est
1861 4519 1875 4566 ;
1924 4499 2017 4569 qui

2200 4477 2246 4509 δ”
2275 4476 2503 4548 Καρπὸς
2525 4476 2871 4548 δικαιοσύνης
2893 4478 2985 4530 καὶ
3007 4477 3222 4548 δένδρον
3245 4477 3410 4549 ζωῆς,
3431 4481 3459 4532 6
3477 4480 3707 4551 Χριστός

447 4609 719 4669 quatenus
754 4598 919 4651 homo
949 4596 1348 4658 tantummodo,
1372 4609 1589 4650 omnem
1609 4592 1879 4663 justitiam
1918 4592 2021 4644 im-

447 4690 645 4760 pletit;
681 4698 735 4743 et
766 4696 1024 4754 tanquam
1056 4695 1243 4753 suapte
1278 4687 1408 4750 vita,
1439 4685 1684 4740 scientiae
1719 4688 1774 4738 et
1802 4684 2020 4737 virtutis

447 4782 661 4834 fruetus
721 4778 877 4846 quasi
942 4775 1103 4829 arbor
1154 4774 1418 4844 protulit,
1472 4774 1616 4827 unde
1674 4773 2022 4827 comedentes

448 4875 611 4927 vitam
648 4880 908 4925 aeternam
939 4868 1250 4936 acquirent,
1291 4876 1345 4919 et
1389 4867 1607 4919 vitalem
1638 4864 1879 4935 paradisi
1929 4881 2020 4916 ar-

446 4967 630 5020 borem
662 4952 979 5032 gustabunt,
1035 4973 1159 5013 cum
1196 4957 1406 5010 Adamo
1448 4967 1503 5012 et
1534 4959 1790 5011 omnibus
1832 4958 2019 5028 justis.

446 5052 726 5106 Atanimaz
748 5057 1091 5121 peccatorum
1115 5047 1463 5114 abripiuntur
1489 5047 1798 5100 immaturae
1821 5063 1852 5101 a
1878 5048 2016 5103 facie

447 5143 539 5200 Dei
590 5143 682 5214 qui
714 5157 808 5197 eas
835 5140 1193 5196 derelicturus
1222 5140 1381 5194 estin
1422 5139 1677 5193 tormenti
1710 5140 1859 5208 igne.

518 5301 632 5357 Non
664 5302 948 5357 hominum
976 5298 1069 5354 sed
1100 5296 1195 5351 Dei
1231 5296 1410 5366 potius
1441 5297 1676 5365 gratiam
1713 5295 1975 5352 inveniat.

521 5482 616 5539 Hic
661 5484 959 5553 interrogat
1004 5482 1361 5549 sapientiam,
1408 5480 1500 5549 qui
1551 5478 1886 5534 voluntatem
1919 5478 2015 5534 Dei

520 5699 585 5728 ιε’·
618 5694 721 5749 Job
743 5710 895 5759 xxxi,
925 5693 973 5748 Ι.
1081 5694 1126 5724 ⁵⁰
1156 5708 1275 5762 cap.
1306 5709 1397 5757 vn,
1430 5693 1519 5748 22.
1544 5724 1614 5733 —
1635 5695 1679 5747 A

520 5699 585 5728 ιε’·
618 5694 721 5749 Job
743 5710 895 5759 xxxi,
925 5694 973 5748 Ι.
1081 5694 1126 5724 ⁵⁰
1156 5708 1275 5762 cap.
1306 5709 1397 5757 vn,
1430 5694 1519 5748 22..
1544 5724 1614 5733 —
1635 5695 1698 5747 A.
1734 5695 1769 5749 Γ.
1796 5694 1885 5761 57,
1921 5695 1954 5749 b

453 5766 495 5799 ⁸³
532 5780 644 5836 cap.
695 5781 769 5828 Ix,
796 5764 880 5817 i2.
955 5763 1140 5833 “cap.
1170 5779 1247 5829 χι,
1274 5764 1527 5819 50.-Α.
1552 5765 1590 5820 ι’.
1618 5766 1707 5832 55,
1733 5765 1785 5821 b.
1888 5767 1934 5798 ⁸⁸

1960 5735 1973 5750 .
2092 5696 2133 5726 ⁸¹
2171 5712 2219 5749 v.
2248 5695 2503 5750 26.—A.
2529 5694 2565 5749 Γ.
2591 5694 2680 5761 38,
2712 5709 2763 5749 a.

1888 5767 1934 5798 ⁸⁸
1965 5781 2085 5835 cap.
2116 5782 2210 5833 xu,
2239 5766 2292 5819 2.
2314 5796 2382 5805 --
2406 5767 2469 5821 Λ.
2499 5764 2535 5819 f.
2562 5766 2650 5832 56,
2682 5781 2734 5822 a.
2811 5768 2856 5800 "
2889 5764 3016 5836 cap.
3036 5785 3167 5834 xvu,
3196 5768 3284 5823 26.
3306 5770 3443 5822 —A.
3463 5768 3508 5823 f.
3541 5768 3628 5836 77,
3650 5783 3706 5826 ι.

2131 4569 2277 4619 ἐστιν
2299 4584 2310 4595 ·
2339 4568 2367 4619 6
2401 4566 2558 4636 μόνος
2591 4566 2945 4637 ἀνθρωπίνως
2983 4569 3163 4620 πᾶσαν
3192 4568 3544 4641 δικαιοσύνην
3578 4569 3711 4642 πλη·-

2134 4656 2344 4727 ρώσας·
2398 4658 2493 4709 καὶ
2538 4657 2614 4721 ὡς
2668 4659 2915 4729 αὐτοζωὴ
2969 4661 3097 4721 τοὺς
3148 4661 3248 4729 τῆς
3304 4659 3562 4729 γνώσεως
3619 4664 3714 4716 καὶ

2130 4748 2332 4819 ἀρετῆς
2376 4750 2624 4820 καρποὺς
2669 4749 2745 4812 ώς
2791 4749 3007 4821 δένδρον
3051 4749 3419 4822 ἐϐλάστησεν,
3469 4754 3529 4819 ἐξ
3560 4748 3620 4808 οὗ
3663 4758 3713 4809 οἱ

2129 4840 2401 4902 ἐσθίοντες
2421 4839 2680 4905 ἄειζωϊαν
2697 4840 2979 4911 λήψονται,
3001 4844 3093 4895 καὶ
3122 4841 3215 4894 τοῦ
3255 4843 3585 4913 παραδείσου
3619 4846 3713 4899 τοῦ

2127 4933 2343 5003 δένδρου
2369 4932 2468 5001 τῆς
2489 4931 2637 5003 ζωῆς
2661 4933 3080 4995 ἀπολαύσονται,
3115 4935 3211 4988 σὺν
3252 4933 3423 5005 Ἀδὰμ
3446 4937 3541 4989 καὶ⁵
3577 4940 3716 4992 πᾶσι

2127 5027 2238 5087 τοῖς
2263 5024 2492 5086 δικαίοις
2511 5042 2522 5053 ·
2560 5026 2615 5076 αἱ
2641 5024 2698 5077 δὲ
2721 5024 2827 5077 τῶν
2855 5026 3187 5097 παρανόμων
3222 5025 3391 5095 ψυχαὶ⁵
3416 5027 3715 5098 ἀφαιροῦν-

2129 5134 2218 5169 ται
2248 5117 2346 5187 μὲν
2370 5116 2536 5187 ἄωροι
2568 5118 2634 5169 ἐκ
2663 5116 2955 5187 προσώπου
2985 5116 3079 5169 τοῦ
3111 5116 3268 5180 Θεοῦ,
3297 5118 3448 5191 παρά
3485 5118 3545 5171 τὸ
3569 5136 3714 5190 παρ-

2131 5209 2261 5278 ορᾷν
2290 5208 2454 5271 αὐτὸς
2486 5210 2683 5270 αὐτοὺς
2704 5209 2761 5261 ἐν
2794 5211 2859 5279 τῇ
2887 5209 3043 5278 φλογὶ
3067 5210 3167 5280 τῆς
3191 5208 3446 5279 βασάνου.
3666 5270 3669 5275 _

2202 5301 2247 5331 ⁵⁵
2283 5302 2357 5354 Οὐ
2386 5299 2535 5371 παρά
2564 5300 2659 5353 ἀνθ
2670 5300 2887 5371 ρώπων,
2909 5301 3042 5354 ἀλλά
3066 5302 3216 5373 παρά
3236 5301 3316 5373 τῷ
3344 5301 3463 5373 Θεῷ
3480 5300 3712 5372 δύναμιν

2133 5391 2287 5462 εὕρῃ.

2205 5485 2250 5515 ⁵⁵
2284 5476 2449 5548 Οὗτος
2497 5485 2677 5555 ἐρωτᾷ
2727 5484 2954 5552 σοφίαν,
2997 5489 3025 5539 6
3065 5485 3269 5555 γνῶναι
3314 5485 3494 5557 ζητῶν
3547 5485 3599 5537 τί
3647 5484 3713 5538 τὺ

2866 5697 2910 5728 ⁸²
2933 5713 3051 5767 cap.
3082 5714 3159 5765 ix,
3187 5698 3405 5754 L—A.
3460 5698 3499 5753 1⁵.
3529 5698 3620 5764 43,
3652 5712 3708 5751 a.
