4128 6386
385 395 481 447 621

1500 400 1924 455 FRAGMENTA
1966 402 2033 455 ΙΝ
2084 401 2495 460 PROVERBIA.

3512 416 3616 470 (.92

385 511 592 582 θέλημα
631 513 725 567 τοῦ
756 514 890 567 Θεοῦ
913 533 925 546 ’
964 518 1112 570 ἐνεὸν
1139 516 1195 569 δὲ
1228 517 1418 569 ἑαυτὸν
1445 520 1695 588 ποιήσας,
1734 522 1863 591 περὶ
1891 517 1939 575 οἶ

2054 523 2317 591 explorat.
2354 522 2561 578 Rudem
2587 540 2644 581 se
2666 526 2785 596 ejus
2814 529 2889 582 rei
2918 530 3187 598 praebens,
3225 547 3388 601 quam
3410 532 3619 588 discere

386 603 570 673 μαθεῖν
598 600 796 677 ἦλθεν,
831 601 985 671 οὗτος
1023 608 1166 672 δόξει
1206 610 1466 680 φρόνιμος
1503 605 1668 664 εἶναι*
1710 613 1759 662 εί
1794 605 1949 675 οὗτος

383 694 557 764 ἐρωτᾷ
610 697 740 770 περὶ
793 699 1019 767 σοφίας,
1067 701 1096 752 ό
1138 699 1456 770 βουλόμενος
1503 700 1557 753 τὶ
1596 702 1724 773 περὶ
1763 703 1949 769 σοφίας

384 783 590 854 μαθεῖν·
612 779 767 853 οὗτος
793 789 851 843 δὲ
878 793 1056 864 σιωπᾷ
1081 793 1188 846 ἀπὸ
1216 794 1426 863 σοφίας,
1458 797 1485 846 6
1518 793 1591 865 μὴ
1620 795 1778 864 μόνον
1800 795 1949 847 οὐδὲν

383 874 546 929 θέλων
574 879 775 946 γνῶναι
809 883 936 954 περὶ
970 884 1182 952 σοφίας,
1219 884 1333 938 ἀλλ’
1372 885 1669 938 ἀποπαύων
1708 886 1948 952 καὶτοὺς

379 967 633 1039 πλησίον·
670 971 750 1025 διὸ
782 973 875 1026 καὶ
904 974 1305 1048 φρονιμώτερος
1345 978 1560 1047 λέγεται
1591 973 1727 1030 εἶναι
1762 981 1792 1031 ὁ
1824 982 1952 1050 ’πρό⁶

376 1074 533 1129 τερος
563 1060 658 1113 τοῦ
682 1062 958 1134 δευτέρου.

445 1150 492 1181 ⁸⁷
541 1153 618 1224 Τῇ
669 1153 879 1229 βδέλλῃ.
908 1157 1066 1228 Τρεῖς
1108 1158 1402 1232 θυγατέρες
1424 1156 1564 1232 ἦσαν
1604 1167 1667 1234 τῇ
1705 1165 1947 1235 ἁμαρτίᾳ

377 1243 739 1315 ἀγαπώμεναι
782 1250 1087 1322 ἀγαπήσει,
1119 1255 1152 1322 ἡ
1189 1254 1413 1324 πορνεία
1438 1297 1451 1319 ,
1488 1258 1516 1308 ό
1558 1257 1713 1325 φόνος
1741 1258 1805 1323 ⁸⁸,
1854 1261 1947 1312 καὶ

376 1333 811 1433 εἰδωλολατρεία⁸
856 1343 911 1393 αἱ
953 1345 1100 1412 τρεῖς
1129 1343 1228 1395 οὐκ
1254 1344 1614 1433 ὲνεπίριλησαν
1661 1349 1830 1420 αὐτήν
1850 1369 1861 1380 ·
1886 1352 1946 1404 οὑ

376 1427 482 1500 γὰρ
515 1414 854 1573 ἐμπίπλαται
873 1450 886 1463 ·
916 1433 1002 1486 διὰ
1027 1434 1228 1487 τούτων
1259 1435 1365 1487 τῶν
1398 1414 1649 1508 inﬁgam
1682 1440 1946 1512 νεκροῦσα

376 1522 406 1573 ἠ
429 1521 613 1573 ἀααοτ
639 1540 672 1573 α
694 1523 784 1573 τὸν
803 1524 1107 1573 ἇνθοωπην-
1140 1533 1403 1573 ηνδέπηηι-
1426 1535 1759 1573 numnum..-
1813 1541 1944 1573 ωτι.

374 1522 407 1591 ἡ
429 1521 672 1592 ἁμαρτία
694 1523 784 1577 τὸν
803 1524 1110 1598 ἄνθρωπον,
1138 1533 1404 1603 μηδέποτε
1426 1535 1782 1611 ἠλλοιωμένη,
1812 1541 1945 1595 ἀλλά

374 1612 605 1670 πάντοτε
650 1618 988 1685 ἐπαύξουσαο
1041 1626 1075 1695 ἡ
1121 1626 1228 1698 γάρ
1274 1628 1546 1702 τετάρτη,
1598 1634 1799 1704 φησὶν,
1848 1637 1946 1689 οὐκ

371 1706 615 1779 ἠρκέσθη
647 1710 820 1764 εἰπεῖν
852 1714 1104 1786 ίκανὸν,ή
1141 1718 1279 1772 κατὰ
1307 1719 1483 1773 πάντα
1512 1722 1726 1795 πονηρά
1759 1724 1946 1778 ἐπιθυ-

374 1797 500 1868 μία·
537 1801 803 1873 τετάρτην
842 1803 1044 1873 λέγων,
1082 1806 1179 1879 τὴν
1215 1810 1351 1879 μετὰ
1392 1812 1608 1866 πάντων
1649 1815 1942 1886 ἐπιθυμίαν

2054 616 2220 679 venit,
2255 616 2522 671 videbitur
2559 621 2816 687 prudens.
2857 620 2912 675 Si
2937 624 3061 691 quis
3098 625 3394 696 interrogat
3422 626 3489 681 de
3530 642 3621 681 sa-

2053 707 2276 775 pientia,
2309 711 2449 764 scire
2483 711 2672 765 volens
2718 722 2924 781 partem
2954 715 3108 783 ejus;
3150 717 3285 770 alter
3311 731 3443 772 vero
3473 718 3617 782 silet,

2052 812 2158 851 non
2186 801 2364 854 solum
2404 815 2433 854 a
2469 802 2734 871 sapientia
2759 804 2892 858 nihil
2927 805 3138 862 discere
3187 809 3407 875 volens,
3439 810 3532 866 sed
3567 819 3623 865 et

2050 898 2276 944 cauet-os
2332 894 2400 945 ab
2451 891 2571 961 ejus
2618 894 2800 948 studio
2856 896 3156 965 deterrere;
3215 902 3407 970 procul
3454 902 3620 958 dubio

2052 982 2204 1051 prior
2223 981 2546 1051 prudentior
2567 985 2868 1053 posteriore
2884 989 3262 1044 aestitnabitur.

2123 1153 2390 1207 Hirudini.
2414 1153 2547 1208 Tres
2575 1163 2730 1208 erant
2760 1168 2982 1224 peccato
3001 1157 3211 1214 dilectae
3237 1161 3527 1218 admodum
3554 1165 3617 1219 fi-

2050 1247 2156 1307 liae.
2182 1247 2465 1310 seortatio,
2481 1246 2859 1316 homicidium,
2879 1250 3206 1306 idololatria.
3222 1251 3411 1323 Neque
3437 1264 3615 1310 tamen

2051 1339 2134 1393 har
2166 1348 2273 1393 tres
2302 1348 2549 1392 saturant
2578 1338 2733 1404 illud,
2764 1343 3022 1409 quoniam
3050 1353 3134 1398 est.
3164 1345 3493 1402 insatiabile.
3515 1347 3618 1403 Per

2050 1431 2150 1484 hos
2177 1432 2377 1501 quippe
2397 1446 2614 1500 semper
2641 1442 2795 1488 actus
2820 1436 3093 1503 perimens
3120 1436 3396 1494 hominem
3421 1456 3615 1509 pecca-

2050 1533 2190 1592 tum,
2243 1539 2521 1594 nunquam
2572 1534 2853 1590 mutatur,
2913 1528 3005 1582 sed
3060 1540 3289 1599 augetur
3331 1545 3612 1603 perpetuo.

2049 1616 2255 1682 Quarta
2305 1616 2473 1683 enim,
2529 1616 2737 1686 inquit,
2797 1634 3076 1689 nunquam
3137 1622 3254 1677 ait:
3304 1623 3448 1677 Satis
3496 1636 3612 1691 est;

2049 1716 2298 1777 quartam
2321 1721 2442 1761 esse
2472 1705 2787 1786 significans
2828 1708 3189 1765 universalem
3225 1714 3617 1783 concupiscen-

2053 1800 2203 1854 tiam.
2258 1798 2412 1853 Sicut
2450 1799 2594 1852 enim
2645 1814 2811 1853 unum
2863 1810 2947 1855 est
2987 1816 3223 1871 corpus,
3275 1804 3443 1858 multa
3482 1820 3615 1860 vero

371 1890 644 1961 ἐσήμανεν
663 1911 676 1925 ο
710 1894 899 1968 ὥσπερ
923 1898 1029 1969 γὰρ
1057 1898 1115 1951 ἓν
1148 1900 1245 1971 μὲν
1282 1900 1396 1954 ἐστι
1428 1905 1489 1956 τὸ
1518 1904 1696 1976 σῶμα,
1724 1882 1858 1980 μέλη
1889 1910 1939 1963 δὲ

2047 1890 2290 1946 membra
2333 1891 2529 1957 habet;
2573 1891 2654 1946 sic
2679 1899 2734 1945 et
2780 1906 3060 1961 peccatum
3103 1896 3303 1951 multas
3327 1913 3391 1953 ac
3435 1900 3615 1954 varias

370 1982 539 2037 πολλά
573 1982 707 2054 ἔχει,
753 1985 896 2040 οὕτω
929 1989 1023 2042 καὶ
1062 1991 1094 2061 ἡ
1129 1991 1369 2064 ἁμαρτία
1415 1994 1512 2065 μία
1558 1993 1712 2062 οὖσα,
1748 2000 1947 2065 πολλὰς

369 2076 460 2129 καὶ
498 2078 752 2142 ποικίλας
777 2081 1075 2153 ἐπιθυμίας
1098 2084 1157 2137 ἐν
1193 2085 1356 2158 ἑαυτῇ
1384 2087 1517 2159 ἔχει,
1539 2089 1606 2142 δι’
1636 2084 1709 2145 ὧν
1731 2093 1947 2148 ἐπίϐου-

366 2168 451 2231 λος
479 2169 595 2221 τῶν
627 2169 929 2243 ἀνθρώπων
961 2174 1202 2242 γίνεται·
1240 2176 1360 2232 ὅθεν
1393 2180 1550 2234 τοῦτο
1584 2182 1791 2248 διδάξαι
1821 2185 1945 2255 βου-

364 2260 614 2331 λόμενος,
640 2262 729 2316 διά
756 2264 1210 2337 παραδειγμάτων
1232 2269 1295 2340 δή
1324 2288 1507 2342 φησιν,
1533 2271 1668 2344 ᾅδης
1690 2277 1784 2329 καὶ
1805 2276 1944 2348 ἔρως

364 2353 626 2459 γμναικὸς
646 2392 661 2417 ,
696 2355 791 2459 καὶ
839 2355 1139 2430 τάρταρος,
1174 2361 1269 2414 καὶ
1314 2361 1382 2432 γῆ
1416 2363 1517 2416 οὐκ
1556 2354 1941 2459 ὲμπιίπλαμένη

367 2441 595 2508 ὓδατος·
629 2445 722 2499 καὶ
763 2444 927 2518 ὕδωρ,
972 2449 1064 2501 καὶ
1106 2450 1234 2523 πῦρ,
1267 2453 1325 2504 οὐ
1367 2452 1439 2523 μὴ
1474 2441 1720 2522 εἴπωσιν,
1751 2460 1941 2530 ἀρκεῖο

366 2534 558 2588 οὐδένα
599 2536 708 2609 γὰρ
757 2538 956 2609 τρόπον
1000 2543 1027 2593 ὁ
1078 2542 1210 2614 ᾅδης
1255 2545 1314 2596 οὐ
1358 2544 1620 2601 διαλείπει
1661 2549 1944 2621 δεχόμενος

365 2625 547 2697 ψυχὰς
577 2627 793 2698 ἀνόμων
825 2629 1149 2701 ἀνθρώπων*
1167 2635 1287 2687 οὐδὲ
1316 2638 1344 2688 6
1372 2635 1511 2708 ἔρως
1531 2638 1631 2709 τῆς
1648 2641 1942 2714 ἁμαρτίας,

366 2721 439 2781 ὼς
500 2720 780 2786 γυναικὸς,
818 2721 1049 2776 παύεται
1096 2727 1472 2798 ἐκπορνεύων,
1526 2730 1789 2802 προδότης
1844 2735 1943 2805 τῆς

367 2809 535 2863 αὐτοῦ
577 2811 756 2882 ψυχῆς
787 2813 933 2878 ὅστις
965 2816 1286 2887 γενόμενος’
1331 2820 1406 2883 ὼς
1440 2821 1705 2893 τάρταρος
1736 2824 1814 2888 δὲ,
1859 2828 1945 2880 ἀεὶ

366 2906 423 2956 ὲν
460 2903 730 2975 λυγρώδει
780 2906 873 2959 καὶ¹
921 2906 1147 2975 ζοφώδει
1186 2910 1336 2980 τόπῳ
1375 2911 1655 2983 ὑπάρχων,
1685 2914 1745 2966 ού
1778 2932 1945 2970 κατα-

368 2994 708 3068 λαμϐάνεται
750 2998 854 3050 ὑπὸ
887 2999 1103 3065 ἀκτῖνος
1142 3001 1348 3071 φωτὸς,
1381 3002 1551 3068 οὕτως
1579 3004 1635 3057 δὲ
1681 3007 1789 3071 πᾶς
1828 3010 1857 3060 6
1887 3010 1945 3062 ἐν

368 3089 531 3142 παντὶ
581 3089 740 3142 πάθει
792 3092 992 3162 σαρκὸς
1038 3094 1101 3163 τῇ
1148 3093 1392 3166 ἁμαρτίᾳ
1435 3094 1728 3164 δουλεύων,
1768 3099 1842 3162 ὡς
1870 3099 1944 3172 γῆ

366 3182 461 3235 οὐκ
484 3181 876 3252 ἐμπιπλαμένη
905 3182 1132 3260 ὑδάηων,
1164 3185 1431 3255 μηδέποτε
1458 3190 1537 3251 είς
1561 3186 1944 3265 ἐξομολόγησιν

368 3276 458 3327 καὶ
523 3273 744 3345 λουτρὸν
785 3274 1197 3343 παλιγγενεσίας
1265 3277 1440 3332 ἐλθεῖν
1488 3280 1816 3353 δυνάμενος,
1868 3284 1943 3348 ὡς

369 3365 510 3436 ὕδωρ
543 3366 638 3420 καὶ
672 3365 781 3438 πῦρ
809 3366 882 3438 μὴ
913 3367 1160 3436 λέγοντα,
1179 3368 1356 3439 ἀρκεῖ.

434 3457 478 3489 ⁸⁹
519 3459 615 3509 “Ov
647 3458 754 3528 γὰρ
786 3458 983 3529 τρόπον
1007 3459 1129 3528 ὄφις
1155 3460 1247 3512 ἐπὶ
1279 3461 1483 3533 πέτρας
1514 3465 1849 3536 ίχνοποιῆσαι
1880 3467 1940 3518 οὐ

330 3550 606 3615 οδύναται,
654 3550 824 3615 οὕτως
873 3551 993 3604 οὐδὲ
1027 3553 1054 3603 6
1087 3551 1332 3618 διάϐολος
1365 3556 1456 3608 ἐπὶ
1505 3555 1665 3627 σῶμα
1702 3556 1938 3627 Χριστοῦ

367 3643 639 3715 ἁμαρτίαν
689 3643 923 3715 ἠδυνήθη
982 3645 1194 3715 εὑρεῖν·
1249 3644 1407 3725 φλέγει
1460 3646 1567 3718 γὰρ
1625 3649 1653 3700 6
1701 3648 1935 3718 Κύριος·

377 3735 531 3789 Ἰδοὺ
557 3733 790 3804 ἔρχεται
841 3739 873 3789 ό
911 3734 1110 3805 ἅρχων
1151 3737 1257 3791 τοῦ
1289 3740 1521 3807 κόσμου
1573 3739 1808 3802 τούτου,
1840 3740 1936 3792 καὶ

364 3826 432 3879 ἐν
456 3827 586 3896 ἐμοὶ
622 3826 866 3895 εὑρήσει
895 3826 1172 3881 οὐδέν⁸⁹⁴.
1203 3858 1270 3866 -
1302 3828 1499 3893 Καθὼς
1533 3831 1639 3901 γὰρ
1669 3828 1799 3893 ναῦς
1826 3830 1939 3883 δια-

366 3917 601 3971 πλέουσα
645 3920 703 3971 ὲν
748 3917 827 3987 τῷ
873 3917 1132 3986 πελάγει,
1179 3920 1296 3990 ἴχνη
1330 3921 1441 3993 καὶΓ
1466 3921 1619 3985 ὁδοὺς
1661 3923 1721 3974 οὐ
1767 3939 1937 3975 κατα-

363 4008 560 4075 λείπει,
605 4009 777 4073 οῦτως
806 4010 923 4062 οὐδὲ
953 4012 986 4081 ἡ
1026 4010 1318 4081 Ἐκκλησία
1353 4013 1410 4064 ὲν
1439 4013 1629 4084 κόσμῳ
1660 4013 1936 4067 πολιτευο-

368 4098 501 4169 μένη
533 4098 608 4161 ὡς
637 4100 694 4152 ὲν
726 4098 974 4167 πελάγει,
1000 4098 1313 4152 καταλείπει
1344 4099 1438 4171 τὴν
1469 4101 1604 4155 ἰδίαν
1629 4102 1817 4155 ἐλπίδα
1846 4102 1936 4155 ἐπὶ

363 4189 460 4259 τῆς
510 4189 644 4260 γῆς,
709 4188 902 4259 ἔχουσα
950 4188 1048 4259 τὴν
1097 4185 1240 4260 ζωὴν
1297 4190 1663 4263 ἀποκειμένην
1721 4195 1778 4245 ὲν
1824 4195 1936 4255 τοῖς

364 4282 643 4352 οὐρανοῖςο
691 4278 759 4354 ἦς
812 4283 903 4335 ἐπὶ
948 4282 1119 4354 βραχὺ
1174 4281 1589 4353 παρελθούσης,
1646 4284 1744 4336 οὐκ
1788 4282 1934 4336 ἔστιν

368 4374 718 4445 ἰχνηλατῆσαι
747 4376 845 4445 τὴν
879 4374 1267 4443 δίοδον.-Τῆς
1309 4374 1628 4447 Ἐκκλησίας
1662 4376 1738 4449 μὴ
1770 4394 1935 4430 κατα-

364 4465 739 4537 λιμπανούσης
775 4468 832 4519 ἐν
863 4466 1053 4538 κόσμῳ
1101 4466 1199 4536 τὴν
1241 4465 1465 4530 ἐλπίδα,
1496 4466 1596 4536 τῆς
1645 4468 1712 4521 τά
1761 4469 1934 4523 πάντα

2047 1983 2519 2052 concupiscentias
2546 1983 2599 2037 in
2633 1999 2691 2038 se
2714 1985 2899 2047 habet,
2924 1987 3125 2055 quibus
3152 1988 3383 2045 insidias
3407 1990 3613 2047 homini

2046 2075 2225 2129 struit.
2261 2073 2418 2141 Quod
2462 2076 2650 2130 volens
2680 2076 3093 2145 demonstrare,
3140 2081 3310 2135 utitur
3351 2080 3616 2153 exemplis

2044 2166 2262 2232 inferni,
2291 2176 2345 2221 et
2374 2167 2576 2222 amoris
2610 2169 2922 2235 mulierum,
2960 2167 3169 2237 tartari:
3201 2182 3256 2227 ct
3289 2182 3445 2230 terra:
3476 2191 3619 2230 nun-

2045 2274 2208 2328 quam
2251 2259 2425 2313 imbre
2469 2258 2703 2328 repletae.
2756 2259 2822 2314 Et
2848 2276 3011 2331 aqua,
3047 2271 3101 2316 et
3147 2262 3289 2333 ignis
3332 2280 3613 2335 nunquam

2044 2351 2266 2406 dicent:
2303 2348 2532 2406 Suﬂiéit.
2581 2348 2903 2408 Nullatenus
2931 2354 3092 2408 etiam
3131 2354 3380 2412 infernus
3415 2358 3616 2414 desinit
3661 2348 3668 2356 ’

2045 2458 2075 2497 a
2101 2444 2426 2513 recipiendis
2453 2444 2860 2516 afﬂigendisque
2906 2447 3276 2516 improborum
3328 2450 3609 2507 hominum

2046 2536 2353 2590 animabus.
2402 2534 2587 2606 Neque
2638 2539 2849 2606 peccati
2900 2553 3075 2602 amor,
3107 2540 3160 2593 id
3189 2550 3275 2595 est
3315 2555 3442 2610 erga
3490 2559 3612 2598 mu-

2046 2628 2253 2691 lierem,
2283 2637 2462 2681 cessat
2507 2644 2536 2681 a
2572 2631 2884 2694 scortando,
2920 2630 3093 2686 factus
3140 2632 3338 2686 animm
3380 2636 3614 2704 propriae

2044 2718 2306 2786 proditor.
2340 2717 2489 2773 Sicut
2512 2733 2639 2773 vero
2671 2729 2907 2775 tartarus
2936 2720 2991 2773 in
3031 2722 3167 2777 tristi
3214 2738 3279 2777 ac
3320 2725 3610 2781 tenebroso

2045 2811 2165 2864 loco
2228 2811 2573 2879 reconditus,
2639 2812 2821 2867 radios
2880 2824 2987 2866 non
3041 2814 3271 2883 recipit;
3321 2816 3394 2870 ita
3446 2818 3608 2872 etiam

2044 2902 2223 2957 omnis
2259 2905 2351 2972 qui
2384 2903 2440 2956 in
2486 2903 2725 2973 qualibet
2766 2904 2949 2961 carnis
2991 2906 3248 2975 passione
3279 2909 3444 2962 servit
3484 2924 3610 2979 pec-

2045 3003 2188 3049 cato.
2226 2994 2382 3049 Sicut
2407 3006 2549 3050 terra
2583 3011 2860 3066 nunquam
2888 2998 3043 3066 aquis
3056 2998 3293 3067 repleta,
3325 2998 3398 3054 ita
3426 2998 3516 3054 hic
3540 2998 3611 3054 ad

2046 3085 2447 3142 confessionem
2495 3096 2548 3142 et
2606 3089 2879 3142 lavacrum
2933 3089 3362 3157 regenerationis
3424 3090 3612 3146 venire

1969 3222 2012 3279 ε
2049 3195 2156 3233 non
2188 3180 2395 3246 valens,
2433 3195 2588 3250 aquae
2630 3179 2800 3235 instar
2831 3190 2884 3235 et
2928 3181 3091 3251 ignis,
3134 3197 3407 3251 nunquam
3439 3182 3606 3238 dicit.

2048 3270 2272 3326 Sufﬁcit.

2114 3450 2584 3519 Quemadmodum
2616 3466 2838 3520 serpens
2862 3451 2915 3504 in
2942 3461 3091 3521 petra
3115 3452 3399 3524 vestigium
3431 3452 3610 3509 facere

2042 3546 2251 3614 nequit,
2279 3544 2362 3598 sic
2387 3557 2563 3613 neque
2596 3542 2849 3598 diabolus
2887 3543 2939 3595 in
2968 3543 3171 3599 Christi
3200 3558 3431 3614 corpore
3460 3546 3612 3600 inve-

2042 3638 2161 3691 nire
2193 3644 2475 3705 peccatum
2521 3641 2716 3703 potuit.
2762 3634 2903 3690 Dicit
2939 3635 3083 3690 enim
3128 3633 3435 3692 Dominus:
3474 3634 3612 3691 Ecce

2040 3729 2176 3782 venit
2194 3729 2435 3798 princeps
2463 3727 2620 3797 hujus
2653 3728 2856 3793 mundi,
2875 3737 2922 3782 et
2945 3730 3001 3781 in
3026 3744 3106 3782 me
3130 3727 3262 3781 nihil
3284 3728 3524 3782 inveniet.
3540 3760 3612 3769 —

2042 3818 2196 3873 Sicut
2223 3819 2368 3873 enim
2398 3819 2552 3874 navis
2591 3835 2743 3874 mare
2777 3828 3032 3885 'tranans,
3066 3818 3352 3891 vestigium
3385 3820 3613 3889 viasque

2038 3919 2162 3980 post
2185 3924 2244 3965 se
2278 3924 2387 3963 non
2417 3909 2711 3978 relinquit;
2740 3909 2820 3963 sic
2848 3924 3024 3978 neque
3049 3906 3288 3962 Ecclesia
3320 3908 3373 3961 in
3404 3907 3611 3962 mundo

2041 4011 2297 4071 tanquam
2341 4001 2395 4055 in
2426 4001 2615 4071 pelago
2646 4015 2895 4063 versans,
2929 4015 3078 4069 spem
3115 4015 3268 4055 suam
3313 4000 3367 4053 in
3402 4001 3609 4054 mundo

2037 4095 2310 4163 relinquit,
2340 4093 2467 4163 quia
2493 4093 2659 4147 vitam
2690 4108 2846 4146 suam
2876 4092 2931 4146 in
2961 4092 3115 4147 caelis
3140 4092 3417 4161 reposuit:
3444 4098 3609 4161 atque

2037 4186 2253 4242 interim
2283 4185 2430 4241 brevi
2467 4193 2707 4253 tempore
2745 4185 3015 4239 transiens
3035 4225 3049 4249 ,
3084 4184 3308 4256 vestigia
3339 4185 3608 4240 transitus

2037 4280 2091 4332 in
2109 4278 2192 4331 via
2216 4293 2323 4332 non
2349 4276 2857 4346 imprimit.-—Cum
2876 4275 3117 4331 Ecclesia
3136 4291 3286 4346 spem
3309 4291 3464 4332 suam
3495 4290 3604 4330 non

2035 4371 2300 4437 dimittat,
2354 4384 2517 4438 quam
2580 4368 2742 4423 habet
2798 4383 2921 4435 erga
2973 4367 3152 4422 omnis
3193 4367 3323 4422 boni
3378 4366 3617 4449 fontem”

2035 4464 2239 4520 Christi
2286 4462 2742 4527 incarnationem,
2783 4460 3033 4515 semitam
3071 4460 3265 4514 mortis
3300 4460 3354 4513 in
3390 4457 3607 4514 inferno

363 4557 634 4628 φερούσης
662 4557 896 4628 Χριστοῦ
936 4557 1280 4630 σαρκώσεως,
1318 4558 1501 4629 τρίϐον
1526 4557 1845 4631 νεκρώσεως
1876 4562 1931 4612 ὲν

2041 4574 2145 4612 non
2175 4557 2323 4611 facit.
2349 4588 2419 4597 --
2439 4555 2761 4626 Cuiusnam,
2785 4554 2892 4608 nisi
2930 4553 3040 4607 nati
3065 4552 3132 4609 de
3166 4552 3370 4623 Spiritu
3415 4564 3608 4631 sancto

363 4646 486 4717 ᾅδου
515 4650 615 4703 οὐκ
659 4649 1055 4703 ὑπελίπετο.-·
1089 4651 1275 4715 Τίνος,
1301 4651 1415 4705 ἀλλ’
1444 4651 1477 4723 ἢ
1524 4651 1619 4703 τοῦ
1658 4653 1721 4704 ἐκ
1765 4652 1932 4705 Πνεύ-

366 4757 533 4808 ματος
592 4742 746 4809 ἁγίου
793 4741 887 4796 καὶ
936 4734 1204 4814 παρθένου
1260 4743 1690 4813 γεγεννημένου;
1737 4743 1795 4807 ὃς
1842 4743 1931 4796 τὸν

360 4830 562 4884 τέλειον
600 4831 882 4906 ἄνθρωπον
920 4832 1227 4897 ἀνανεώσας
1260 4835 1316 4885 ὲν
1351 4834 1540 4904 κόσμῳ
1570 4834 1805 4888 ἐπιτελεῖ
1836 4836 1931 4899 τὰς

361 4920 637 4993 δυνάμεις,
670 4923 971 4995 ἀρξάμενος
995 4925 1102 4977 ἀπὸ
1125 4923 1216 4978 τοῦ
1251 4925 1624 4996 βαπτίσματος
1663 4927 1927 4991 Ἰωάννου,

362 5011 436 5076 ὡς
467 5015 561 5065 καὶ
605 5017 633 5067 ὁ
664 5014 1054 5087 εὐαγγελιστὴς
1108 5018 1404 5088 μαρτυρεῖ-
1434 5012 1502 5088 ἦν
1542 5017 1599 5069 δὲ
1640 5020 1669 5070 ὁ
1724 5019 1930 5088 Ἰησοῦς

363 5104 660 5175 ἀρχόμενος
701 5106 778 5170 ὡς
812 5106 949 5160 ἐτῶν
988 5107 1311 5181 τριάκοντα·
1358 5108 1548 5161 τούτου
1577 5104 1668 5162 οὖν
1710 5109 1769 5162 τὸ
1815 5111 1930 5163 νέον

364 5199 455 5251 καὶ
480 5200 712 5270 ἀκμαῖον
758 5201 859 5271 τῆς
894 5201 1130 5273 ἡλικίας,
1174 5201 1232 5263 ὃς
1275 5201 1524 5255 διοδεύων
1568 5203 1707 5255 κατὰ
1750 5202 1931 5265 πόλεις

2037 4662 2090 4704 et
2122 4648 2368 4718 virgine?
2393 4647 2487 4717 qui
2516 4644 2811 4716 perfectum
2846 4645 3123 4699 hominem
3160 4643 3214 4698 in
3257 4621 3462 4699 mundo
3520 4660 3608 4699 re—

2039 4756 2246 4796 novans
2299 4738 2541 4808 prodigia
2601 4737 2816 4803 edidit,
2881 4745 3041 4807 capto
3086 4737 3243 4790 initio
3304 4752 3332 4788 a
3377 4734 3607 4791 Joannis

2038 4834 2383 4902 baptismate,
2426 4832 2567 4886 sicut
2594 4829 2927 4901 evangelista
2974 4837 3225 4884 testatur.
3258 4827 3389 4882 Erat
3423 4829 3623 4882 autem‘

2037 4924 2196 4981 Jesus
2246 4923 2513 4993 incipiens
2574 4921 2732 4991 quasi
2778 4935 3047 4975 annorum
3105 4920 3344 4991 triginta.
3396 4918 3453 4971 in
3502 4919 3606 4973 hac

2038 5020 2204 5090 igitur
2233 5016 2458 5086 juvenili
2482 5025 2536 5069 et
2556 5016 2782 5069 florente
2803 5023 2983 5077 relate,
3006 5012 3336 5067 circumiens
3355 5008 3606 5064 civitates

2035 5123 2089 5166 et
2133 5111 2415 5181 regiones,
2461 5107 2745 5161 hominum
2794 5105 3015 5160 morbos
3049 5114 3107 5158 et
3136 5100 3478 5157 inﬁrmitates
3514 5114 3606 5154 sa-

2038 5198 2219 5252 nabaL

363 5295 453 5348 καὶ
485 5295 692 5369 χώρας,
737 5299 853 5351 ἰᾶτο
895 5298 990 5362 τὰς
1016 5298 1204 5361 νόσους
1242 5298 1334 5352 καὶ
1364 5297 1462 5361 τὰς
1502 5297 1785 5362 ἀσθενείας
1821 5298 1928 5351 τῶν
1979 5292 2302 5371 ἀνθρώπων.

291 5460 297 5466 1
432 5388 477 5419 ί⁰
535 5387 833 5459 Ὀφθαλμὸν
894 5389 1276 5457 καταγελῶντα
1336 5388 1539 5462 πατρὸς
1595 5389 1687 5443 κοιλ¹
1731 5389 1929 5460 ἀτιμά-

354 5478 521 5553 ζοντα
542 5482 720 5554 γῆρας
760 5482 981 5553 μητρός.
1027 5482 1455 5553 Βλασφημοῦντα
1501 5481 1590 5535 τὸν
1625 5481 1790 5546 Θεὸν,
1834 5482 1929 5536 καὶ

358 5570 570 5641 μητέρα
599 5570 977 5637 ὲξουθενοῦντά
1018 5572 1251 5643 Χριστοῦ
1280 5572 1379 5644 τὴν
1412 5573 1506 5626 τοῦ
1537 5572 1671 5625 Θεοῦ
1714 5572 1926 5641 σοφίαν,

427 5750 472 5781 ⁸⁷
508 5750 659 5827 Vulg.
689 5770 959 5827 cap.gxxx,
988 5772 1038 5808 v.
1065 5755 1332 5827 15,—}.
1363 5753 1401 5809 f.
1433 5755 1554 5819 109,
1585 5770 1637 5827 a,
1668 5766 1721 5811 et
1752 5756 1875 5827 cod.
1907 5753 1939 5827 ν

2041 5755 2184 5827 λόὸἒ,
2218 5753 2257 5807 f.
2282 5751 2372 5820 90,
2441 5750 2555 5806 sive
2607 5750 2667 5805 B.

2108 5387 2309 5441 Oculus
2354 5385 2448 5455 qui
2496 5385 2801 5440 subsannat
2853 5390 3098 5453 patrem,
3146 5387 3202 5434 et
3238 5379 3331 5450 qui
3371 5380 3600 5450 despicit

2037 5487 2371 5534 senectutem
2419 5477 2631 5532 matris.
2676 5473 2879 5544 Nempe
2915 5471 3135 5528 oculum
3175 5470 3602 5541 blasphemantis

2036 5571 2227 5636 Deum,
2256 5578 2311 5625 et
2338 5567 2541 5624 Christi
2575 5578 2800 5622 matrem
2838 5566 3160 5636 sapientiam
3190 5563 3304 5627 Dei,
3341 5563 3604 5618 effodiant

2772 5749 2818 5782 ⁸⁸
2846 5749 2993 5816 cod.,
3045 5748 3256 5820 φθόνος.
3348 5746 3409 5821 ,⁸³
3442 5744 3600 5811 Vulg.

360 5833 485 5886 xxx,
517 5823 685 5881 19.1-
710 5823 774 5879 Αζ
802 5825 839 5879 f.
881 5827 999 5892 lli,
1025 5842 1074 5880 a.
1152 5826 1217 5858 ’θ’
1244 5824 1401 5883 Joan.
1436 5844 1549 5893 xw,
1580 5826 1667 5881 50.
1747 5829 1789 5859 ⁶⁰
1818 5825 1878 5879 Β.
1914 5825 1953 5881 f.
1994 5823 2081 5880 90.
