4128 6380
422 360 526 414 6'25
548 404 561 415 .

1289 356 1346 410 S.
1380 354 1746 411 HIPPOLYTI
1784 353 1935 407 OPP.
1987 350 2166 406 PARS
2198 351 2238 407 l.
2270 382 2339 393 —
2381 352 2790 418 EXEGETICA.

2604 225 2627 256 4

3559 356 3666 414 σει

420 490 545 532 eum
596 461 748 530 corvi
800 432 869 530 de
918 471 1183 537 vallibus;
1230 468 1440 538 impuri
1494 467 1702 524 scilicet
1751 465 1992 533 malique

2101 463 2425 534 ἐκκόψαισαν
2454 465 2613 537 αὐτὸν
2664 464 2897 535 κόρακες
2944 466 3009 519 ὲκ
3058 467 3167 521 τῶν
3218 467 3517 541 φαράγγων
3542 511 3559 536 ,
3595 472 3666 527 τὰ

420 567 649 640 spiritus
672 566 932 622 visualem
953 564 1152 620 laatitiae
1180 561 1421 624 oculum,
1440 574 1675 632 eumque
1700 559 1991 614 comedent

421 661 555 734 pulli
598 660 943 731 aquilarum:
975 672 1166 728 nempe
1199 656 1292 726 qui
1333 662 1461 710 sunt
1505 652 1811 724 ejusmodi,
1853 666 1988 707 con-

418 755 706 811 culcentur
734 752 965 823 pedibus
995 758 1330 806 sanctorum.

496 932 539 988 T
542 935 624 988 ria
659 947 753 1002 ego
800 929 1090 1000 intelligere
1137 943 1363 999 nequeo,
1403 937 1451 980 et
1491 935 1740 994 quartum
1784 924 1989 992 penitus

417 1031 647 1100 ignoro:
698 1016 977 1093 vestigium
1020 1020 1214 1092 aquila:
1251 1019 1515 1083 volantis;
1549 1032 1743 1087 nempe
1784 1016 1989 1071 Christi

419 1134 731 1178 ascensum.
762 1114 920 1171 Viam
946 1114 1198 1183 serpentis
1228 1113 1284 1165 in
1309 1120 1495 1182 petra;
1523 1124 1714 1179 nempe
1741 1108 1991 1165 diabolus

422 1228 532 1268 non
563 1210 770 1265 invenit
805 1208 1011 1280 peccati
1035 1205 1323 1278 vestigium
1352 1204 1406 1258 in
1434 1218 1659 1272 corpore
1678 1201 1901 1257 Christi.
1926 1198 1992 1253 Et

419 1303 663 1358 semitam
692 1300 838 1355 navis
869 1315 1013 1354 mare
1038 1298 1403 1361 decurrentis;
1431 1311 1627 1364 nempe
1656 1293 1912 1349 Ecclesiae
1935 1292 1990 1346 in

420 1396 586 1468 hujus
614 1393 803 1449 mundi
841 1392 1031 1462 pelago
1072 1385 1407 1455 ﬂuctuantis,
1457 1398 1512 1442 et
1540 1382 1613 1441 ob
1655 1401 1805 1456 spem
1834 1400 1989 1439 suam

420 1487 476 1540 in
508 1484 789 1541 Christum
824 1497 854 1537 a
893 1495 1058 1536 cruce
1083 1479 1241 1550 quasi
1275 1476 1646 1549 gubernaculo
1675 1486 1857 1530 rectae.
1891 1473 1993 1528 De-

419 1579 586 1648 nique
616 1576 729 1630 vias
769 1574 870 1630 viri
916 1575 974 1626 in
1020 1570 1396 1637 adolescentia,
1431 1564 1577 1623 illius
1606 1567 1867 1621 nimirum
1899 1566 1991 1635 qui

420 1685 488 1725 ex
518 1667 727 1739 Spiritu
758 1672 950 1721 sancto
977 1673 1037 1737 et
1058 1661 1281 1733 Virgine
1308 1669 1471 1719 natus
1495 1668 1598 1716 est.
1647 1658 1786 1714 Ecce
1812 1658 1993 1726 enim,

420 1761 596 1831 inquit
625 1758 930 1828 Scriptura,
955 1756 1038 1810 vir
1068 1755 1158 1811 cui
1187 1768 1384 1809 nomen
1406 1754 1625 1813 Oriens.

2092 554 2379 627 ἀκάθαρτα
2415 557 2509 619 καὶ
2529 558 2741 630 πονηρὰ
2764 558 3051 629 πνεῦματα
3074 600 3089 625 ,
3126 559 3190 613 τὸ
3213 560 3522 633 διορατικὸν
3567 563 3665 635 τῆς

2092 644 2427 718 εὐφροσύνης
2476 646 2662 718 ὄμμα·
2706 650 2800 702 καὶ
2833 650 3201 718 καταφάγοιεν
3248 650 3410 705 αὑτὸν
3457 656 3667 708 νεοσσοὶ

2091 735 2295 790 ἀετῶνο
2324 737 2419 790 καὶ
2450 742 2956 812 καταπεπατημένα
2998 741 3211 797 ἔσονται
3261 745 3372 807 τοῖς
3402 745 3529 799 ποσὶ⁵
3559 746 3667 799 τῶν

2092 828 2287 899 ἁγίων.

2164 918 2204 951 ⁸⁸
2267 919 2403 988 Τρία
2446 920 2619 975 ἐστὶν
2666 923 2934 977 ἀδύνατά
2976 942 3076 994 μοι
3124 924 3379 994 νοῆσαι,
3440 928 3541 983 καὶ
3599 928 3667 982 τὸ

2092 1010 2372 1081 τέταρτον
2394 1016 2505 1068 οὐκ
2527 1015 2897 1084 ἐπιγινώσκω
2916 1033 2929 1046 ⁸
2953 1017 3093 1091 χνη
3117 1018 3295 1072 ἀετοῦ
3317 1022 3666 1091 πετομένου,

2091 1104 2185 1207 τοῦ
2226 1104 2591 1207 Χριστοῦ
2646 1107 2930 1207 ἀνάληψιν.
2974 1088 3089 1163 Kal
3118 1108 3296 1207 qe‘oec
3333 1088 3523 1180 ὄφεως
3568 1112 3666 1165 ἐπὶ

2092 1196 2330 1273 πέτρας-ο
2358 1198 2386 1249 ὁ
2421 1195 2663 1261 διάϐολος
2692 1198 2789 1268 οὐχ
2831 1193 2989 1270 εὗρεν
3028 1193 3172 1270 ίχνός
3199 1201 3472 1273 ἁμαρτίας
3508 1203 3566 1256 ἐν
3589 1202 3672 1272 τῷ

2094 1287 2304 1359 σώματι
2340 1288 2432 1343 τοῦ
2472 1289 2729 1360 Χριστοῦ.
2770 1290 2880 1345 Καὶ
2907 1291 3144 1359 τρίϐους
3184 1292 3349 1365 νηὸςς
3372 1309 3671 1350 ποντοπο-

2083 1381 2338 1448 ρούσης,
2353 1382 2454 1451 τῆς
2482 1382 2802 1454 Ἐκκλησίας
2831 1384 2905 1448 ὡς
2923 1385 2980 1437 ἐν
3008 1384 3230 1453 πελάγει
3251 1384 3329 1456 τῷ
3352 1385 3451 1458 βίῳ
3471 1389 3667 1460 τούτῳ,

2093 1476 2158 1545 τῇ
2190 1475 2269 1538 εἰς
2293 1475 2525 1545 Χριστὸν
2546 1475 2722 1528 ἐλπίδι
2742 1475 2829 1529 διὰ
2847 1475 2942 1529 τοῦ
2974 1476 3206 1547 σταυροῦ
3229 1476 3667 1550 κυϐερνωμένης.

2094 1567 2205 1620 Kal
2246 1566 2426 1634 ὀδοὺς
2468 1567 2690 1637 ἀνδρὸς
2721 1569 2793 1623 ἐν
2827 1570 3082 1637 νεότητι,
3109 1567 3204 1624 τοῦ
3247 1570 3312 1623 ἐκ
3350 1570 3670 1642 Πνεύματος

2093 1657 2249 1726 ἁγίου
2271 1659 2481 1730 καὶτῆς
2502 1655 2777 1730 Παρθένου
2794 1660 3194 1731 γεγεννημένου
3212 1678 3226 1692 ·
3260 1660 3369 1715 ἰδοὺ
3408 1661 3538 1734 γάρ,
3562 1678 3667 1735 qur

2096 1748 2203 1815 civ,
2230 1748 2656 1821 άνὴρ,’Δνατολὴ
2682 1748 2852 1821 ὄνομα
2889 1750 3057 1821 αὐτῷ.

492 1808 641 1909 ITalis
665 1808 856 1907 estrvia
884 1847 1130 1903 mulieris
1152 1846 1432 1906 adultera),
1464 1854 1589 1915 quae
1621 1825 1713 1899 ubi
1748 1860 1861 1899 rem
1894 1859 1991 1914 pa-

2164 1808 2397 1912 Τοιαύτη
2428 1839 2545 1905 ὁδὸς
2578 1808 2908 1911 μοιχαλίδος,
2962 1808 3159 1911 νῆ’ὄταν
3193 1838 3372 1912 πράξῃ
3402 1839 3669 1909 ἀπονιψαο

420 1948 603 2009 travit,
636 1945 953 2014 abstergens
981 1955 1059 2005 se,
1088 1939 1226 1994 nihil
1252 1938 1330 1993 ait
1358 1952 1418 2018 se
1446 1937 1575 1991 mali
1609 1938 1808 2008 egisse.
1836 1934 1994 1992 Vide-

420 2037 549 2093 licet
578 2035 652 2089 ita
670 2029 738 2089 'se
761 2031 928 2103 gessit
954 2029 1219 2094 Ecclesia,
1244 2043 1367 2099 quae
1394 2032 1684 2098 postquam
1716 2042 1840 2082 cum
1875 2026 1993 2081 ido-

423 2130 491 2185 lis
512 2112 778 2184 fornicata
807 2124 1006 2189 fuerat,
1028 2121 1114 2176 his
1141 2120 1535 2176 abrenuntians
1561 2127 1724 2189 atque
1749 2118 1988 2183 diabolo,

421 2231 480 2282 et
518 2227 744 2289 peccato
789 2216 970 2282 eluto,
1012 2214 1280 2283 veniaque
1322 2212 1608 2282 impetrata
1634 2250 1649 2274 ,
1706 2211 1839 2265 nulli
1875 2211 1990 2280 jam

423 2313 602 2384 inquit
628 2309 884 2381 pravitati
911 2323 971 2363 se
1000 2306 1292 2362 obnoxiam
1325 2302 1577 2358 afﬁrmat.

494 2490 594 2547 Per
624 2489 729 2544 tria
756 2495 1006 2545 movetur
1046 2493 1191 2540 terra
1218 2501 1233 2537 :
1266 2497 1461 2549 nempe
1489 2497 1585 2552 per
1613 2479 1827 2536 Patrem
1846 2521 1862 2547 ,
1904 2479 1996 2534 Fi-

422 2582 556 2637 lium
597 2588 652 2636 et
697 2577 960 2648 Spiritum
987 2584 1262 2632 sanctum.
1291 2572 1355 2629 Et
1389 2583 1647 2645 quartum
1676 2588 1787 2628 non
1818 2580 1997 2642 potest

424 2679 695 2734 suStinere
715 2717 730 2742 ,
777 2674 831 2730 id
865 2681 951 2729 est
981 2681 1316 2743 postremum
1347 2668 1555 2724 Christi
1586 2668 1902 2724 adventum.
1925 2697 1997 2706 —

425 2772 482 2829 Si
516 2786 707 2829 servus
737 2768 1068 2839 regnaverit.
1106 2765 1274 2821 lsrael
1303 2764 1357 2818 in
1394 2762 1628 2835 Egypto
1665 2777 1857 2819 servus
1883 2801 1898 2826 ,
1940 2762 1993 2817 in

424 2865 647 2937 regione
697 2848 968 2932 promissa
1029 2866 1308 2927 regnator.
1372 2884 1445 2896 —
1495 2855 1708 2910 Stultus
1765 2853 1997 2925 dapibus

423 2958 638 3028 plenus.
686 2952 789 3008 Hic
842 2950 1049 3006 scilicet
1091 2948 1250 3004 facile
1296 2948 1574 3019 regionem
1625 2948 1888 3017 adeptus,
1942 2954 1997 3001 e:

425 3046 715 3105 comedens
734 3084 750 3110 ,
796 3053 959 3113 atque
987 3040 1223 3111 repletus
1242 3079 1258 3104 ,
1289 3038 1668 3094 recalcitravit.
1706 3067 1766 3078 —
1792 3037 1859 3093 Et
1890 3053 1993 3092 an-

2094 1933 2228 2004 μένη
2250 1973 2265 1997 ,
2313 1932 2468 1986 οὐδὲν
2517 1933 2679 2004 φήσει
2728 1931 3111 2005 πεττραχθῆναι
3155 1933 3389 1987 ἄτοπον·
3445 1931 3671 2003 τοιαύτη

2091 2027 2238 2079 ἐστὶν
2262 2026 2296 2097 η
2319 2024 2631 2097 ἀναστροφὴ
2662 2025 2758 2094 τῆς
2800 2022 3124 2095 Ἐκκλησίας
3153 2021 3510 2093 πιστευούσης
3534 2023 3669 2094 Χρι-

2093 2114 2203 2186 στῷ
2222 2154 2237 2179 ,
2271 2115 2305 2186 ἥ
2348 2115 2487 2185 μετὰ
2524 2113 2586 2167 τὸ
2626 2113 2922 2184 πορνεῦσαι
2949 2116 3062 2189 τοῖς
3087 2112 3326 2176 εἰδώλοις
3348 2153 3363 2178 ,
3391 2111 3670 2179 ἀποταξα-

2095 2207 2232 2277 μένη
2256 2207 2467 2270 τούτοις
2498 2207 2591 2259 καὶ
2614 2205 2692 2277 τῷ
2716 2205 2967 2276 διαϐόλῳ,
2997 2205 3093 2259 καὶ
3132 2204 3550 2277 άπολουσαμένη
3572 2205 3672 2269 τάς

2093 2298 2397 2372 ἁμαρτίας,
2438 2296 2533 2350 καὶ
2562 2296 2801 2350 λαϐοῦσα
2835 2297 3059 2366 ἄφεσιν,
3093 2297 3246 2351 οὐδέν
3282 2314 3415 2368 φησι
3459 2313 3673 2368 πεπρα-

2093 2390 2249 2463 χέναι
2273 2389 2514 2454 άτοπονκ

2163 2477 2261 2532 Διὰ
2303 2476 2472 2548 τριῶν
2501 2476 2704 2530 σείεται
2733 2478 2767 2548 ἡ
2799 2476 2873 2547 γῆ
2892 2492 2906 2506 ·
2946 2476 3034 2531 διὰ
3064 2475 3276 2549 Πατρὸς
3297 2516 3313 2541 ,
3358 2474 3488 2530 Υίοῦ
3511 2515 3526 2542 ,
3575 2475 3671 2528 καὶ

2095 2572 2250 2639 ἁγίου
2285 2569 2632 2641 Πνεύματος·
2680 2571 2776 2623 καὶ⁵
2819 2572 2880 2622 τὸ
2923 2569 3182 2641 τέταρτον
3213 2568 3274 2621 ού
3317 2567 3541 2621 δύναται
3573 2567 3671 2636 φέ-

2099 2684 2233 2739 ρειν,
2260 2664 2357 2737 τὴν
2390 2663 2623 2735 ἐσχάτην
2670 2660 2989 2730 ἐπιφάνειαν
3020 2659 3112 2714 τοῦ
3145 2658 3404 2731 Χριστοῦ.
3439 2689 3509 2700 --
3545 2658 3671 2711 Ἐάν

2094 2757 2311 2828 οἰκέτης
2355 2754 2665 2828 βασιλεύσῃ.
2706 2754 2764 2806 ὐ
2809 2751 3031 2824 Ἰσραὴλ·
3077 2752 3136 2807 ὲν
3179 2749 3440 2821 Αἰγύπτῳ
3487 2748 3675 2815 δοῦλος

2095 2849 2383 2920 γενόμενος
2400 2888 2416 2914 ,
2447 2848 2540 2901 καὶ
2569 2849 2626 2899 ἐν
2657 2849 2720 2918 τῇ
2745 2847 2814 2917 γῇ
2845 2846 2944 2916 τῆς
2968 2842 3298 2913 ἐπαγγελίας
3321 2841 3669 2913 βασιλεύσας,

2095 2942 2294 2994 ι-Καὶ
2340 2940 2528 3011 ἄφρών
2562 2936 2822 3009 πλησθεὶς
2858 2936 3061 2989 σιτίων.
3092 2933 3203 3007 Τὴν
3228 2934 3332 3005 γῆν
3365 2931 3424 2999 ἐξ
3453 2931 3675 3003 ἑτοίμου

2097 3031 2275 3087 λαϐὼν
2294 3071 2310 3095 ,
2352 3032 2448 3084 καὶ
2474 3027 2675 3100 Δφαγὼν
2709 3028 2804 3082 καὶ
2848 3026 3185 3100 ἐμπλησθεὶς
3217 3023 3571 3079 ἀπελάκτισε.
3602 3055 3679 3066 -

425 3140 550 3197 cilia
578 3137 625 3194 si
663 3134 931 3207 expulerit
958 3133 1145 3187 heram
1190 3143 1367 3186 suam.
1405 3127 1620 3182 Domini
1656 3127 1992 3183 interfectrix

2101 3125 2207 3180 Kal
2244 3123 2504 3194 παιδίσκη
2547 3119 2642 3175 ἐὰν
2689 3119 2925 3192 ἐκϐάλλῃ
2968 3118 3065 3190 τὴν
3097 3116 3298 3188 ἑαυτῆς
3340 3116 3558 3189 κυρίαν.
3605 3115 3677 3169 Ἠ

427 3243 722 3303 synagoga,
752 3224 955 3282 Christi
981 3237 1199 3279 carnem
1225 3219 1371 3277 cruci
1398 3218 1616 3274 sufﬁxit.

499 3408 625 3463 Tria
673 3413 802 3460 suut
828 3400 1055 3456 minima
1088 3399 1143 3453 in
1191 3406 1364 3461 terra,
1393 3406 1448 3450 et
1479 3396 1595 3450 haec
1622 3403 1753 3451 sunt
1784 3397 1999 3466 sapien-

431 3505 574 3558 tiora
607 3494 946 3567 sapientibus
978 3511 991 3546 :
1028 3489 1292 3567 formicae,
1327 3502 1459 3559 gens
1482 3486 1717 3553 inﬁrma,
1750 3502 1872 3555 qua:
1902 3501 1999 3556 pa-

430 3603 553 3651 rant
605 3590 708 3647 sibi
756 3588 814 3641 in
865 3600 1041 3648 messe
1088 3582 1294 3638 cibum.
1351 3579 1550 3635 Gentes
1600 3577 1851 3634 similiter
1906 3594 2001 3648 per

431 3685 593 3741 ﬁdem
618 3683 674 3736 in
704 3677 985 3736 Christum
1019 3679 1215 3745 parant
1243 3670 1348 3725 sibi
1380 3669 1550 3723 vitam
1575 3676 1834 3723 aeternam
1867 3681 1999 3736 ope—

432 3778 587 3834 ribus
620 3771 800 3829 bonis.
825 3762 1206 3836 Chmrogryllii
1225 3801 1240 3826 ,
1272 3759 1505 3830 populus
1528 3772 1683 3829 teque
1706 3757 1999 3821 invalidus,

431 3874 625 3924 curant
650 3862 756 3932 sibi
787 3861 842 3915 in
869 3867 1020 3930 petra
1062 3853 1285 3909 cubilia.
1329 3852 1535 3906 Gentes
1570 3865 1737 3919 super
1770 3848 2001 3920 spiritali

429 3960 609 4032 lapide
630 3955 848 4013 Christo
875 3951 1152 4007 aedificatae
1180 3953 1339 4012 sunt,
1371 3943 1464 4015 qui
1514 3942 1689 3998 factus
1721 3951 1805 3998 est
1831 3942 1885 3997 in
1913 3957 2004 3997 ca-

430 4063 531 4127 put
565 4049 772 4123 anguli.
804 4044 995 4102 Stellio
1024 4040 1119 4112 qui
1161 4038 1415 4094 manibus
1449 4036 1733 4102 innititur,
1764 4044 1820 4090 et
1847 4034 2005 4091 facile

433 4146 677 4217 capitur,
702 4141 794 4196 hic
834 4144 1079 4193 moratur
1110 4133 1164 4186 in
1201 4144 1387 4201 regum
1418 4128 1679 4184 castellis.
1717 4127 1883 4182 Latro
1911 4143 2004 4181 ex-

433 4239 607 4296 tensis
632 4236 691 4291 in
716 4246 894 4289 cruce
916 4226 1172 4284 inanibus
1199 4223 1525 4292 Christoque
1547 4221 1784 4288 innixus,
1814 4221 1868 4275 in
1907 4237 2003 4291 pa-

434 4330 619 4412 radiso
648 4326 888 4388 habitat,
942 4335 1065 4390 qua:
1103 4327 1188 4373 est
1227 4333 1325 4371 arx
1356 4315 1524 4370 trium
1567 4330 1755 4385 regum
1791 4314 2003 4379 Patris,

433 4405 558 4471 Filii
592 4423 647 4468 et
678 4410 914 4481 Spiritus
947 4405 1144 4462 sancti.

2076 3214 2445 3289 ’κυριοκτόνος
2487 3211 2776 3283 συναγωγὴ
2824 3208 3183 3283 σταυρώσασα
3226 3209 3326 3281 τὴν
3357 3209 3539 3281 σάρκα
3576 3206 3677 3262 τοῦ

2098 3306 2355 3381 Χριστοῦ.

2173 3401 2428 3471 Τέσσαρα
2467 3397 2607 3449 εἰσὶν
2651 3393 2908 3464 ἐλάχιστα
2944 3392 3036 3445 ἐπὶ
3078 3390 3179 3461 τῆς
3222 3390 3358 3462 γῆς,
3399 3390 3573 3446 ταῦτα
3616 3389 3677 3444 δὲ

2098 3493 2209 3547 τῶν
2253 3490 2432 3561 σοφῶν
2480 3486 2790 3557 σοφώτεραο
2825 3487 2872 3538 oi
2932 3483 3220 3556 μύρμηκες
3260 3477 3343 3546 οἷς
3379 3483 3481 3536 οὐκ
3529 3482 3680 3537 ἐστιν

2105 3562 2256 3656 ἰσχὺς
2274 3624 2289 3647 ,
2311 3581 2686 3653 ὲτοιμάξονται
2715 3578 2905 3649 θέρους
2930 3575 3029 3648 τὴν
3057 3574 3282 3648 τροφήν.
3317 3574 3430 3627 Καὶ
3455 3572 3524 3628 τά
3549 3572 3677 3644 ἔθνη

2101 3678 2190 3732 διὰ
2220 3677 2320 3748 τῆς
2363 3676 2441 3739 εἰς
2479 3672 2712 3745 Χριστὸν
2765 3669 3000 3732 πίστεως
3045 3666 3425 3737 ἑτοιμάζουσιν
3469 3666 3683 3728 ἑαυτοῖς

2102 3770 2199 3842 τὴν
2239 3766 2454 3823 αἰώνιον
2496 3762 2640 3835 ζωὴν
2678 3762 2744 3816 δι’
2790 3761 2965 3834 ἔργων
2996 3758 3236 3827 ἀγαθῶν.
3282 3758 3393 3811 Καὶ
3423 3759 3472 3811 οἱ
3501 3773 3683 3829 χοιρο-

2104 3858 2371 3933 γρύλλιοι,
2387 3856 2537 3919 ἔθνος
2556 3854 2655 3909 οὐκ
2685 3852 2922 3923 ἰσχυρὸν,
2940 3849 3200 3920 ἐποίησαν
3216 3850 3274 3902 ἐν
3305 3846 3535 3919 πέτραις
3556 3848 3685 3912 τοὺς

2106 3949 2314 4006 ἑαυτῶν
2351 3947 2553 4010 οἴκους.
2590 3944 2671 3998 Τά
2701 3943 2828 4013 ἔθνη
2876 3941 2969 3993 ἐπὶ
3012 3942 3078 4010 τῇ
3125 3941 3468 4011 πνευματικῇ
3508 3938 3685 4010 πέτρᾳ

2106 4041 2328 4116 Χριστῷ
2359 4039 2754 4113 ᾠκοδόμηνται,
2776 4035 2899 4106 ἥτις
2930 4031 3163 4104 ἐγενήθη
3192 4033 3272 4095 είς
3301 4029 3544 4100 κεφαλὴν
3577 4046 3688 4098 γωε

2107 4138 2245 4200 νίας.
2299 4127 2717 4199 ’Λσκαλαϐώτης
2751 4124 2938 4197 χερσὶν
2971 4122 3311 4194 ἐρειδόμενος
3343 4120 3439 4175 καὶ
3481 4119 3688 4174 suam-

2109 4247 2197 4294 τος
2226 4228 2333 4281 ὢν·
2367 4205 2522 4286 οὗτος
2549 4222 2689 4274 οἰκεῖ
2721 4220 2779 4271 ἐν
2812 4213 3130 4289 ὀχυρώμασι
3162 4213 3445 4284 βασιλέων.
3490 4213 3550 4266 '0
3588 4212 3687 4284 λῃ-

2111 4320 2243 4391 στὴς
2289 4319 2349 4370 ἐν
2399 4316 2465 4386 τῇ
2518 4311 2737 4367 ἐκτάσει
2787 4307 2896 4361 τῶν
2944 4304 3143 4378 χειρῶν
3193 4304 3272 4375 τῷ
3321 4302 3542 4377 σταυρῷ
3591 4302 3686 4356 τοῦ

2112 4406 2345 4483 Χριστοῦ
2379 4402 2788 4477 ἐπερειδόμενος
2809 4441 2823 4466 ,
2854 4401 2993 4454 οίκεῖ
3023 4399 3081 4451 ἐν
3111 4395 3187 4468 τῷ
3221 4396 3569 4469 παραδείσῳ,
3609 4393 3687 4464 τῷ

435 4507 753 4584 ὀχυρώματι
788 4503 896 4558 τῶν
944 4500 1110 4575 τριῶν
1155 4497 1448 4569 βασιλέων,
1485 4498 1698 4569 Πατρδς
1747 4500 1843 4553 καὶ
1875 4501 2006 4558 Υίοῦ
2045 4509 2138 4563 καὶ
2166 4505 2321 4573 ἁγίου
2347 4499 2684 4570 Πνεύματος.
3292 4542 3299 4548 ,

511 4580 715 4675 [legem
742 4601 953 4657 locusta
981 4611 1093 4651 non
1128 4594 1325 4662 habet,
1352 4603 1406 4649 et
1434 4602 1616 4649 tamen
1646 4603 1907 4666 tanquam
1939 4599 1999 4653 ad

2182 4601 2226 4633 θ’
2272 4594 2646 4651 Ἀϐασίλευτον
2673 4595 2707 4662 ἡ
2735 4589 2915 4661 άκρὶς,
2938 4586 3031 4642 καὶ
3058 4582 3415 4657 ἐκστρατεύει
3446 4583 3540 4653 ἀφ’
3569 4580 3689 4644 ὲνδς

440 4699 604 4754 unius
630 4695 849 4767 jussum
881 4691 935 4745 in
979 4688 1151 4743 aciem
1193 4684 1456 4756 procedit.
1501 4685 1631 4742 Sine
1680 4703 1807 4758 rege
1849 4701 2007 4746 erant

440 4793 663 4861 gentes,
689 4784 819 4857 quia
852 4788 1075 4854 peccato
1105 4785 1264 4834 erant
1308 4777 1566 4846 subjectae
1597 4795 1613 4831 :
1646 4794 1794 4857 nunc
1826 4789 2008 4836 autem

441 4854 552 4938 ί)οο
591 4854 875 4935 credentes
902 4872 1180 4929 caelestem
1206 4867 1455 4924 militiam
1486 4854 1757 4925 exercent.
1793 4902 1863 4913 --
1881 4870 2009 4926 Tria

441 4982 571 5037 sunt
611 4985 734 5043 quae
778 4970 916 5024 bene
958 4965 1316 5036 gradiuntur,
1358 4973 1412 5018 et
1444 4971 1697 5033 quartum
1745 4963 1891 5032 quod
1928 4963 2012 5017 in-

441 5067 587 5123 cedit
629 5062 880 5120 feliciter.
914 5058 1105 5130 Angeli
1145 5056 1405 5111 nimirum
1439 5055 1493 5109 in
1525 5055 1714 5121 caelis,
1752 5055 1926 5109 sancti
1956 5056 2010 5109 in

443 5169 608 5223 terra,
640 5155 836 5211 anima:
854 5152 1129 5223 justorum
1161 5148 1264 5204 sub
1290 5158 1457 5203 terra.
1492 5145 1784 5213 Quartum,
1817 5163 2015 5217 nempe

443 5253 539 5309 Dei
570 5249 806 5306 Verbum
856 5246 1239 5308 incarnatum,
1279 5239 1597 5311 pertransiit
1645 5237 1874 5294 feliciter
1920 5254 2015 5309 per

444 5342 687 5414 Virginis
727 5339 974 5402 vulvam;
1010 5334 1419 5402 reformatoque
1446 5328 1688 5394 Adamo,
1725 5329 2018 5398 pertransit

445 5435 707 5491 caelorum
750 5434 976 5502 ianuam
996 5470 1013 5497 ,
1045 5426 1300 5497 primitite
1332 5422 1749 5479 resurrectionis
1779 5422 2016 5493 itemque

446 5522 782 5580 ascensionis
808 5517 1003 5574 factus.

517 5613 718 5668 Leonis
761 5609 976 5664 catulus
1021 5607 1317 5663 bestiarum
1368 5601 1720 5660 fortissimus.
1764 5599 2016 5657 Christus

523 5799 561 5829 ⁶¹
584 5813 635 5853 v.
669 5794 755 5852 l9.
830 5794 874 5826 “
904 5792 964 5848 B.
989 5791 1031 5846 ἲ.
1056 5791 1121 5846 91

2112 4688 2481 4761 κελεύσματος
2516 4684 2813 4746 εὐτάκτως.
2864 4679 3219 4734 Ἀϐασίλευτα
3246 4672 3391 4747 ἦσαν
3415 4674 3487 4729 τὰ
3526 4674 3652 4743 ἔθνη
3674 4713 3691 4738 ,

2117 4783 2223 4837 ὑπὸ
2249 4781 2349 4851 τῆς
2376 4776 2646 4850 ἁμαρτίας
2676 4774 2785 4848 γὰρ
2818 4770 3219 4826 ἐϐασιλεύοντο’
3250 4766 3348 4821 νῦν
3376 4766 3435 4820 δὲ
3467 4765 3693 4819 πιστεύ-

2120 4888 2313 4936 σαντες
2340 4869 2417 4941 τῷ
2455 4867 2574 4939 Θεῷ
2593 4907 2607 4930 ,
2639 4864 3020 4939 στρατεύονται
3045 4860 3142 4933 τὴν
3176 4857 3493 4930 ἐπουράνιον
3523 4875 3695 4929 στρα-

2118 4961 2285 5016 τείαν.
2315 4990 2384 5000 -
2413 4957 2553 5029 Τρία
2585 4956 2732 5009 ἐστὶν
2755 4953 2791 5008 ἃ.
2818 4951 3013 5016 εὐόδως
3040 4948 3330 5022 πορεύεται
3348 4988 3363 5013 ,
3399 4946 3496 5001 καὶ
3526 4946 3588 5000 τὸ
3608 4946 3697 5001 τέ-

2121 5070 2317 5126 ταρτον
2368 5051 2396 5104 ὃ
2445 5048 2625 5113 καλῶς
2676 5045 2959 5101 διαϐαίνει.
2999 5042 3251 5111 Ἄγγελοι
3303 5042 3362 5094 ἐν
3408 5040 3694 5113 οὐρανοῖς,

2123 5144 2267 5213 ἅγιοι
2312 5141 2405 5194 ἐπὶ
2437 5140 2534 5210 τῆς
2577 5138 2678 5209 γῆς
2700 5177 2714 5202 ,
2747 5134 2916 5206 ψυχαὶ
2947 5131 3167 5185 δικαίων
3200 5129 3304 5183 ὑπὸ
3337 5129 3473 5199 ’τῆν’
3507 5127 3602 5181 καὶ
3629 5126 3697 5179 τὸ

2117 5236 2410 5308 τέταρτον,
2464 5232 2492 5284 ὁ
2535 5230 2668 5293 Θεὸς
2710 5228 2882 5297 Λόγος
2932 5222 3269 5296 σαρκωθεὶς,
3313 5220 3467 5290 διέϐη
3513 5216 3695 5281 καλῶς

2123 5330 2334 5400 μήτραν
2365 5322 2639 5397 Παρθένου
2658 5337 2672 5350 ·
2696 5318 2998 5374 ἀνάπλασιν
3021 5315 3113 5370 τοῦ
3151 5314 3320 5385 Ἀδάμ
3352 5310 3693 5383 ποιούμενος,

2118 5416 2273 5486 διέϐη
2306 5414 2479 5478 πύλας
2510 5409 2774 5483 οὐρανῶν,
2809 5408 3032 5480 ἀπαρχὴ
3063 5404 3409 5470 ἀναστάσεως
3441 5404 3534 5456 καὶ
3564 5401 3696 5455 άνα-

2121 5507 2334 5580 λήψεως
2362 5507 2495 5560 πᾶσι
2527 5502 2835 5573 γενόμενος.
3634 5539 3642 5549 .

2194 5599 2439 5671 Σκύμνος
2471 5596 2683 5659 λέοντος
2720 5593 3064 5665 ἰσχυρότερος
3097 5589 3329 5662 κτηνῶν.
3363 5587 3601 5664 Χριστὸς
3637 5586 3697 5640 ἐν
