4128 6388
387 381 490 435 6‘27

1271 384 1327 439 S.
1370 380 1735 437 HIPPOLYTI
1780 380 1937 435 ‘OPP.
1983 377 2161 433 PARS
2186 378 2224 433 Ι.
2260 409 2326 422 —-
2361 379 2768 436 EXEGETICA.

3550 384 3653 439 628

383 502 602 567 spiritus
634 499 730 555 Dei
747 503 809 555 “9.
841 502 942 555 Alii
969 511 1171 572 septem
1204 502 1489 555 columnas
1509 500 1699 555 dicunt
1726 515 1847 554 esse
1875 513 1960 553 se-

2068 496 2214 550 ἐπτὰ
2239 499 2547 567 πνεύματα
2574 498 2680 552 τοῦ
2708 499 2877 556 Θεοῦ.
2904 499 3085 551 Ἄλλοι
3127 500 3183 553 δὲ
3221 499 3481 568 λέγουσιν
3516 497 3654 555 εἶναι

390 601 535 661 ptem
591 592 805 649 divinos
851 595 1070 648 ordines
1113 596 1313 664 quibus
1364 610 1458 664 per
1508 602 1752 648 sanctam
1801 601 1964 661 atque

392 685 711 754 inspiratam
747 686 1007 741 divinitus
1050 688 1169 754 ejus
1202 687 1506 741 doctrinam
1559 693 1809 741 creatura
1840 700 1963 738 sus-

389 783 667 842 tentatur,
702 776 802 830 hoc
837 783 921 830 est
956 776 1287 845 prophetas,
1328 776 1640 844 apostolos,
1668 784 1960 847 martyres,

388 866 704 921 hierarchas
738 867 854 920 sive
878 867 1211 931 sacerdotes,
1237 877 1475 929 ascetas,
1494 876 1736 933 sanctos,
1757 866 1963 935 justosr

383 973 509 1027 que.
546 957 680 1012 Illud
711 974 869 1023 vero,
902 959 1199 1014 immolauit
1228 960 1469 1013 victimas
1496 976 1643 1022 suas,
1672 959 1963 1028 prophetas

382 1050 606 1105 denotat
656 1058 711 1103 et
751 1058 1019 1122 martyres
1065 1051 1160 1120 qui
1206 1052 1257 1104 in
1302 1051 1451 1105 nulla
1496 1065 1604 1103 non
1650 1050 1868 1104 civitate
1910 1056 1964 1101 et

384 1141 606 1211 regione
660 1143 729 1196 ab
788 1143 1099 1199 inﬁdelibus
1157 1145 1343 1199 ovium
1413 1144 1586 1198 instar
1657 1150 1965 1195 mactantur

382 1232 625 1300 quotidie
655 1248 755 1302 pro
782 1234 1010 1289 veritate
1049 1244 1102 1289 et
1142 1235 1380 1288 clamant
1408 1250 1423 1286 :
1458 1233 1685 1300 Propter
1722 1241 1771 1285 te
1798 1241 1964 1284 morte

383 1323 639 1392 aﬂicimur
664 1333 774 1377 tota
799 1326 903 1389 die,
924 1327 1180 1379 wstimati
1212 1341 1397 1378 sumus
1428 1326 1566 1378 sicut
1596 1339 1714 1377 oves
1749 1322 1967 1375 occisio-

381 1414 466 1465 nis
488 1413 555 1466 "°.
590 1412 658 1467 Et
687 1414 901 1467 miscuit
948 1414 999 1467 in
1030 1415 1228 1483 poculo
1261 1429 1362 1468 suo
1408 1415 1618 1475 vinum,
1666 1412 1718 1464 in
1756 1410 1965 1480 virgine

383 1504 721 1561 divinitatem
750 1522 907 1563 suam
932 1509 1128 1563 uniens
1145 1522 1269 1562 cum
1296 1521 1461 1561 carne
1492 1515 1751 1574 tanquam
1777 1503 1962 1555 vinum

383 1613 594 1653 merum
641 1614 705 1654 ac
740 1600 1096 1670 purissimum
1126 1642 1140 1666 ,
1177 1599 1425 1655 Salvator
1460 1614 1524 1653 ex
1555 1612 1619 1651 ea
1664 1604 1825 1651 natus
1856 1605 1961 1657 est,

383 1691 503 1746 sine
529 1689 854 1747 confusione
887 1690 1028 1747 Deus
1060 1702 1113 1746 et
1150 1692 1334 1747 homo.
1379 1689 1440 1743 Et
1464 1690 1672 1759 paravit
1728 1704 1962 1741 mensam

382 1797 539 1836 suam
560 1824 576 1848 ,
626 1785 959 1852 promissam
1008 1796 1212 1840 sanctae
1240 1783 1526 1838 Trinitatis
1559 1783 1959 1853 cognitionem,

385 1888 596 1929 necnon
640 1876 1007 1929 venerandum
1064 1885 1429 1944 sanctumque
1480 1874 1601 1943 ejus
1648 1889 1847 1943 corpus
1899 1889 1961 1927 ac

387 1965 710 2033 sanguinem
743 1981 868 2036 qua:
902 1967 955 2019 in
982 1981 1183 2021 arcana
1209 1966 1263 2021 et
1285 1966 1469 2020 divina
1506 1980 1694 2021 mensa
1716 1965 1962 2035 quotidie

385 2054 745 2123 perﬁciuntur
764 2063 819 2110 et
839 2056 1218 2111 sacriﬁcantur
1245 2057 1297 2109 in
1326 2057 1646 2110 memoriam
1681 2070 1960 2123 nunquam

384 2160 492 2198 non
528 2146 828 2200 recolendas
860 2147 1126 2201 memoria
1157 2154 1211 2200 et
1240 2147 1429 2215 prima:
1492 2145 1636 2199 illius
1669 2144 1868 2199 divinas
1911 2153 1965 2197 et

386 2251 601 2291 arcana:
633 2237 830 2291 divina:
869 2252 1060 2292 οωιιίυ.
1095 2236 1227 2291 Illud
1256 2253 1455 2306 porro,
1476 2238 1619 2290 misit
1646 2252 1817 2289 servos
1841 2252 1962 2289 suos

386 2328 696 2397 Sapientia,
725 2327 980 2382 Christus
1016 2329 1274 2382 nimirum
1296 2370 1311 2393 ,
1340 2342 1649 2381 convocans
1682 2327 1790 2380 alta
1827 2341 1965 2395 prae-

384 2419 531 2473 conii
559 2435 692 2474 voce
723 2439 743 2472 εκ
768 2419 824 2473 Si
859 2422 985 2491 quis
1014 2430 1118 2486 est,
1152 2397 1349 2487 inquit,
1389 2419 1662 2487 insipiens,
1692 2418 1865 2471 veniat
1896 2415 1964 2468 ad

385 2530 488 2578 me,
514 2521 735 2569 sanctos
765 2513 954 2583 utique
986 2513 1137 2567 misit
1168 2512 1445 2582 apostolos
1472 2510 1795 2565 universum
1834 2525 1959 2579 per-

384 2615 630 2663 meantes
662 2606 947 2670 mundum,
980 2606 1075 2676 qui
1108 2613 1294 2676 gentes
1327 2606 1394 2658 ad
1431 2605 1602 2674 ipsius
1632 2604 1965 2673 agnitionem

384 2715 512 2756 vere
536 2710 802 2754 vocarent
838 2699 1060 2755 sublimi
1106 2714 1169 2754 ac
1211 2698 1389 2752 divina
1428 2712 1523 2752 sua
1559 2695 1962 2765 praedicatione.

384 2792 709 2862 lnsipientes
758 2806 886 2846 vero
938 2789 1175 2860 appellat
1225 2804 1320 2844 eos
1371 2788 1464 2857 qui
1514 2787 1689 2841 sancti
1729 2784 1968 2855 Spiritus

385 2885 641 2939 virtutem
675 2886 916 2938 nonrlum
954 2891 1083 2937 sunt
1130 2882 1407 2937 assecuti:
1448 2879 1628 2933 Venite
1653 2921 1668 2944 ,
1713 2878 1969 2932 comedits

384 2993 573 3047 panem
610 2993 812 3043 meum,
855 2985 903 3031 et
944 2975 1102 3029 bibite
1147 2977 1326 3029 vinum
1367 2974 1506 3045 quod
1554 2974 1745 3026 miscui
1778 2973 1918 3026 vobis
1947 2987 1966 3025 :

387 3073 625 3128 divinam
660 3071 834 3140 ipsius
867 3085 1122 3133 carnem,
1166 3084 1232 3124 ac
1261 3067 1628 3123 venerabilem
1675 3067 1797 3136 ejus
1840 3081 1968 3121 san—

2070 589 2294 652 στύλους
2327 590 2498 651 ἑπτὰ,
2529 590 2595 643 τὰ
2622 590 2759 643 ἑπτὰ
2788 590 2908 644 θεῖα
2943 590 3200 662 τάγματα
3233 593 3300 646 τὰ
3326 592 3415 646 διὰ
3446 593 3545 664 τῆς
3583 597 3656 646 ἰε-

2072 685 2169 752 ρᾶς
2215 683 2381 753 αῄτοῦ
2428 684 2522 736 καὶ
2558 682 2913 737 Θεοπνεύστου
2956 681 3304 749 διδασκαλίας
3346 683 3444 755 τὴν
3475 684 3655 737 κτίσιν

2070 776 2436 846 βαστάζοντα,
2486 777 2653 847 ἤγουν
2708 777 2833 839 τοὺς
2881 777 3215 848 προφήτας,
3251 779 3375 843 τοὺς
3422 778 3656 831 ἀποστό-

2067 867 2191 931 λους
2211 907 2226 930 ,
2247 869 2372 933 τοὺς
2404 868 2688 938 μάρτυρας
2712 908 2726 930 ,
2751 870 2878 931 τοὺς
2912 868 3198 939 ἱεράρχας,
3228 869 3356 932 τοὺς
3385 870 3651 939 ἀσκητάς,

2066 960 2192 1023 τοὺς
2224 960 2403 1022 ὁσίους
2446 959 2539 1012 καὶ
2588 960 2714 1022 τοὺς
2762 959 3020 1022 δικαίους.
3069 959 3139 1011 Τὸ
3182 958 3258 1024 δὲ,
3303 960 3534 1029 ἔσφαξε
3582 960 3654 1013 τὰ

2068 1051 2287 1121 ἑαυτῆς
2312 1054 2541 1120 θύματα
2558 1092 2572 1115 ,
2602 1052 2727 1114 τοὺς
2754 1052 3037 1122 προφήτας
3058 1051 3191 1120 φησὶ
3220 1052 3315 1105 καὶ
3346 1052 3651 1123 μάρτυρας,

2066 1146 2191 1209 τοὺς
2220 1147 2361 1200 κατὰ
2390 1148 2570 1200 πᾶσαν
2604 1145 2758 1198 πόλιν
2796 1145 2888 1198 καὶ
2917 1144 3100 1215 χώραν
3127 1146 3247 1199 καθ’
3282 1146 3520 1217 ἑκάστην
3548 1148 3655 1200 ὑπὸ

2066 1236 2174 1290 τῶν
2216 1236 2679 1306 ἁπὶστωνῶσπερ
2728 1238 2896 1306 ἄρνας
2926 1237 3353 1307 ἀναιρουμένους
3387 1237 3525 1308 ὑπὲρ
3554 1238 3654 1306 τῆς

2066 1328 2324 1397 ἀληθείας
2345 1374 2358 1393 ,
2392 1330 2488 1383 καὶ
2524 1329 2789 1399 βοῶντας·
2825 1327 3040 1381 Ἕνεκά
3090 1344 3206 1382 σου
3245 1331 3655 1395 θανατούμεθα

2066 1420 2220 1487 ὅλην
2282 1421 2395 1485 τὴν
2449 1422 2691 1490 ἡμέραν.
2754 1421 3188 1489 flor-{conpar
3243 1422 3321 1485 ὡς
3389 1422 3656 1489 πρόϐατα

2068 1512 2330 1583 σφαγῆς.
2386 1515 2497 1567 Καὶ
2537 1513 2824 1581 ἐκέρασεν
2884 1516 2963 1577 εἰς
3024 1515 3273 1584 κρατῆρα
3318 1513 3409 1566 τὸν
3455 1516 3655 1583 ἑαυτῆς

2066 1602 2252 1667 οἷιοιπν,
2282 1607 2361 1667 εἰς
2396 1604 2491 1674 τὴν
2522 1605 2784 1676 παρΟένον
2819 1605 2915 1674 τὴν
2945 1605 3135 1657 ἑαυτοῦ
3171 1605 3401 1677 Οεότητα
3447 1605 3656 1669 ἑνώσας
3684 1582 3702 1604 ’

2066 1695 2130 1760 τῇ
2172 1693 2336 1760 σαρκὶ
2375 1692 2449 1754 ὡς
2483 1688 2623 1744 οἶνον
2671 1692 2942 1763 ἄκρατον,
2992 1694 3020 1744 ὁ
3070 1693 3258 1764 Σωτὴρ
3298 1694 3559 1765 ἐγεννήθη
3595 1696 3653 1761 ἐξ

2068 1785 2131 1833 αὑ
2152 1785 2236 1852 cf};
2275 1783 2597 1853 ἀσυγχύτους
2631 1784 2763 1847 Θεὸς
2803 1786 2893 1837 καὶ
2927 1785 3230 1856 ἄνθρωπος.
3267 1788 3376 1840 Καὶ
3408 1789 3653 1856 ἡτοιμά-

2069 1893 2218 1928 σατο
2260 1876 2371 1943 τὴν
2419 1875 2641 1944 ἑαυτῆς
2690 1877 3007 1945 τράπεζαν,
3068 1880 3164 1950 τὴν
3211 1880 3504 1948 ἐπίγνωσιν
3554 1882 3652 1953 τῆς

2065 1969 2224 2035 ἁγίοις
2249 1969 2475 2037 Τριάδος
2501 1971 3082 2041 κατεπαγγελλομένην
3102 1990 3113 2000 ·
3149 1972 3242 2025 καὶ
3272 1972 3332 2025 τὸ
3356 1974 3535 2044 τίμιον
3557 1973 3655 2028 καὶ

2069 2060 2335 2130 ἄχραντον
2367 2060 2532 2114 αὑτοῦ
2568 2060 2727 2131 σῶμα
2763 2063 2856 2114 καὶ
2880 2056 3040 2132 αἷμα,
3068 2062 3211 2134 ἂπερ
3241 2065 3299 2116 ὲν
3320 2066 3383 2134 τῇ
3416 2069 3651 2137 μυστικῇ

2069 2152 2160 2204 καὶ
2207 2150 2329 2222 Θείᾳ
2375 2151 2621 2224 τραπέζῃ
2657 2152 2777 2205 καθ’
2826 2154 3064 2225 ἑκάστην
3111 2155 3487 2210 ἐπιτελοῦνται
3532 2156 3657 2209 θυό-

2071 2261 2203 2313 μενα
2255 2246 2335 2306 εἰς
2386 2244 2691 2321 ἀνάμνησιν
2741 2246 2838 2315 τῆς
2899 2248 3231 2317 ἀειμνήστου
3280 2247 3375 2299 καὶ
3427 2245 3653 2318 πρώτης

2067 2336 2281 2404 ἐκείνης
2301 2334 2580 2404 τραπέζης
2604 2334 2694 2387 τοῦ
2727 2335 2990 2405 μυστικοῦ
3022 2335 3165 2388 Θείου
3199 2336 3436 2389 δείπνου.
3467 2337 3539 2387 Τὸ
3571 2337 3651 2401 δὲ,

2066 2428 2383 2481 ἀπέστειλε
2416 2427 2555 2493 τοὺς
2584 2426 2803 2494 ἑαυτῆς
2830 2428 3336 2498 δούλουςὴΣοφία,
3362 2433 3390 2482 ὁ
3419 2430 3655 2500 Χριστές

2066 2518 2325 2589 δηλονότι,
2363 2520 2760 2588 συγκαλοῦσα
2791 2520 2944 2589 μετὰ
2978 2519 3222 2588 ὑψηλοῦ
3252 2523 3651 2591 κηρύγματος.

2072 2612 2168 2674 Ὃς
2203 2613 2350 2663 ἐστιν
2382 2610 2585 2680 ἄφρων
2604 2652 2618 2676 ,
2651 2611 2983 2665 ἐκκλινάτω
3014 2612 3163 2679 πρὸς
3184 2612 3293 2681 μὲ,
3331 2615 3653 2683 φάσκουσα,

2068 2708 2192 2767 τοὺς
2264 2706 2442 2774 ἱεροὺς
2495 2705 2826 2768 ἀποστόλους
2889 2704 3183 2777 πρόδηλον,
3234 2708 3359 2768 τοὺς
3424 2708 3504 2770 είς
3560 2706 3658 2758 τὸν

2072 2793 2363 2864 σύμπαντα
2397 2795 2600 2865 κόσμον
2632 2781 3024 2867 διάδραμόντας
3051 2798 3143 2850 καὶ
3174 2796 3658 2875 προσκαλέσαντας

2068 2887 2136 2938 τὰ
2169 2883 2294 2955 ἔθνη
2323 2888 2404 2949 είς
2433 2886 2532 2956 τὴν
2556 2886 2763 2939 ἐκείνου
2793 2886 3086 2955 ἐπίγνωσιν
3113 2885 3330 2957 causa;
3359 2885 3436 2957 τῷ
3461 2886 3655 2958 ὑψηλῷ

2070 2979 2163 3030 καὶ
2200 2976 2326 3048 Θείῳ
2359 2979 2563 3031 τούτων
2597 2979 2931 3050 κηρύγματι.
2954 2980 3026 3032 Τὸ
3053 2979 3115 3033 δὲ
3137 2979 3235 3032 καὶ
3263 2978 3388 3044 τοῖς
3413 2978 3656 3032 ἐνδεέσι

2071 3068 2306 3138 φρενῶν
2335 3065 2484 3133 εἷπε,
2516 3071 2626 3135 τοῖς
2664 3072 2829 3141 μήπω
2854 3071 3211 3142 κεκτημένοις
3240 3070 3338 3142 τὴν
3369 3071 3461 3125 τοῦ
3493 3073 3655 3141 ἁγίου

388 3165 629 3237 guinem,
659 3163 857 3233 inquit,
891 3160 1040 3216 dedit
1073 3160 1234 3216 nobis
1261 3159 1531 3215 edendum
1564 3157 1965 3229 bibendumque

2073 3161 2388 3233 Πνεύματο;
2418 3161 2644 3233 δύναμιν
2670 3162 2908 3233 δηλονότι
2932 3178 2945 3191 ’
2987 3163 3232 3217 Ἔλθετε
3250 3204 3265 3227 ,
3296 3168 3515 3233 φάγετε
3544 3165 3656 3216 τὸν

388 3257 444 3312 in
480 3255 858 3311 remissionem
890 3262 1258 3325 peccatorum.

2070 3252 2218 3321 ἐμὸν
2251 3252 2467 3322 ἄρτον,
2512 3254 2611 3307 καὶ
2659 3255 2822 3307 alere
2862 3249 3028 3307 οἶνον
3062 3254 3132 3306 ὃν
3172 3254 3435 3324 κέκρακα
3474 3258 3653 3325 ὑμῖν,

389 3351 485 3423 τὴν
539 3350 688 3404 θείαν
730 3345 894 3402 αὑτοῦ
926 3346 1103 3419 σάρκα
1136 3346 1229 3401 καὶ
1261 3345 1320 3400 τὸ
1351 3345 1531 3417 τίμιον
1562 3341 1726 3397 αὑτοῦ
1758 3338 1896 3411 αἷμα
1914 3341 2144 3397 δέδωκεν
2168 3347 2301 3417 ἡμῖν
2325 3387 2338 3407 ,
2373 3346 2558 3416 φησὶν,
2592 3346 2789 3399 ἐσθίειν
2814 3346 2907 3399 καὶ
2938 3346 3109 3400 πίνειν
3136 3348 3216 3409 εἰς
3243 3348 3437 3416 ἄφεσιν
3467 3348 3657 3419 ἀμαρ-

390 3443 542 3497 τιῶν.

401 3592 3645 3617 W

1143 3769 1270 3858 IN
1377 3766 1989 3859 CANTICUM
2068 3762 2901 3857 CANTICORUM.

462 4209 598 4266 Sim.
626 4210 693 4266 de
718 4206 1014 4276 Magistris,
1044 4208 1181 4262 Acta
1205 4217 1362 4261 mart.
1396 4206 1652 4272 Ostiens.,
1683 4222 1736 4276 p.
1764 4205 1891 4273 274,
1922 4221 1988 4261 ex
2011 4206 2134 4262 cod.
2162 4206 2391 4261 membr.
2426 4204 2600 4261 Vatie.
2633 4203 2746 4260 Clll
2773 4204 3135 4276 fragmentum
3163 4220 3400 4275 sequens
3432 4204 3655 4279 Syrisce

391 4312 448 4359 et
470 4302 659 4360 Latine
681 4302 857 4368 aﬂ‘ert,
888 4301 977 4356 his
1003 4300 1326 4371 praemissis:
1358 4317 1377 4350 ι
1404 4297 1465 4353 In
1488 4297 1800 4357 Salomonis
1818 4300 2101 4354 Canticum
2121 4299 2341 4368 scripsit
2358 4297 2697 4369 Hippolytus,
2733 4286 2797 4352 ac
2820 4296 2989 4352 Deum
3016 4295 3255 4353 Verbum
3274 4305 3427 4352 tanto
3451 4306 3575 4353 ante
3598 4299 3653 4351 in

389 4394 628 4454 Ecclesia
662 4411 729 4449 ex
760 4394 1011 4466 gentibus
1050 4394 1299 4459 collecta,
1334 4394 1635 4464 praesertim
1661 4409 1790 4448 vero
1832 4395 1886 4447 in
1928 4402 2153 4464 parente
2185 4409 2282 4449 sua
2314 4391 2535 4463 Virgine
2560 4392 2906 4447 sanctissima
2932 4407 3061 4447 suas
3085 4391 3308 4447 delicias
3336 4392 3654 4463 qumsivisse

389 4489 930 4561 ostendit;adeoque
962 4488 1106 4561 Syri,
1141 4489 1209 4544 de
1240 4487 1459 4559 Virgine
1487 4490 1627 4559 apud
1660 4504 1721 4544 se
1746 4497 1872 4544 nata
1902 4489 2217 4560 gloriantes,
2252 4486 2523 4558 Hippolyti
2552 4487 3003 4542 commentarium
3034 4501 3065 4541 a
3095 4485 3289 4555 priscis
3320 4483 3652 4555 temporibus

389 4582 839 4639 :ranstulcrunte
858 4581 1048 4639 Graeco
1075 4584 1128 4637 in
1156 4584 1394 4654 patrium
1415 4599 1746 4649 sermonem,
1779 4585 1925 4640 unde
1947 4585 2196 4654 quaedam
2220 4584 2397 4639 adhuc
2423 4591 2749 4651 supersunt,
2764 4583 2928 4637 veluti
2952 4582 3005 4636 in
3034 4582 3197 4637 illud:
3228 4581 3413 4652 Surge,
3439 4580 3652 4651 Aquilo,

386 4683 438 4730 et
467 4675 600 4739 veni,
632 4674 844 4743 Auster,
871 4675 1035 4744 per/1a
1061 4674 1272 4728 hortum
1297 4691 1490 4739 meum,
1519 4686 1569 4729 et
1593 4676 1767 4744 [luant
1798 4685 2043 4729 aromata
2068 4676 2202 4744 ejus.
2238 4694 2257 4727 ι
2289 4674 2385 4730 His
2417 4674 2756 4730 aromatibus
2787 4690 2910 4729 cum
2933 4675 3239 4730 oblectatus
3261 4682 3407 4729 esset
3432 4672 3654 4743 Ioseph.

393 4787 415 4822 ι
461 4770 605 4826 ﬁlius
642 4769 806 4842 Regis
838 4786 870 4826 a
902 4773 1030 4826 .Deo
1058 4771 1401 4842 designatur.
1437 4770 1535 4827 His
1568 4771 1736 4842 Virgo
1768 4772 1937 4827 Maria
1962 4788 2088 4828 cum
2118 4780 2279 4828 uncta
2312 4780 2481 4831 esset.
2508 4771 2563 4825 in
2593 4783 2779 4826 ventre
2810 4786 2923 4827 suo
2943 4772 3194 4842 concepit
3226 4769 3498 4825 Verbum:
3542 4778 3658 4824 tum

397 4885 417 4918 ι
462 4882 604 4922 nova
630 4881 832 4921 arcana
858 4880 1167 4936 novamque
1192 4867 1499 4934 veritatem,
1533 4883 1598 4922 ac
1624 4883 1825 4922 novum
1856 4884 2105 4939 regnum,
2142 4876 2254 4923 tum
2285 4881 2507 4937 quoque
2544 4882 2741 4938 magna
2765 4876 2819 4922 et
2840 4867 3245 4937 inexplicabilia
3269 4866 3533 4938 mysteria
3566 4866 3662 4921 de-

392 4979 413 5013 ι
459 4970 751 5018 monstrat.
784 4979 802 5011 ι
1986 5031 2026 5086 u

1125 5150 1281 5220 Apud
1304 5149 1581 5213 Galland.,
1612 5166 1676 5204 ea:
1699 5151 1981 5205 Anastasio
2013 5151 2246 5215 Sinaita,
2287 5162 2472 5222 quaest.
2508 5153 2597 5217 41,
2623 5169 2745 5222 pag.
2774 5150 2905 5205 520.

637 5243 905 5315 Hippolyti
948 5244 1004 5298 in
1032 5240 1321 5299 Canticum
1354 5246 1717 5299 canticorum.
1894 5240 1901 5247 ’

2085 5245 2424 5309 Ἱππολύτου,
2462 5248 2526 5298 ἐκ
2559 5245 2650 5299 τοῦ
2684 5248 2763 5308 εἰς
2796 5245 2854 5297 τὸ
2875 5239 3068 5314 τᾼσμα
3099 5242 3207 5297 τῶν
3235 5242 3493 5315 ᾀσμάτων
3528 5241 3659 5309 (‘26).

460 5333 524 5389 Et
558 5336 782 5391 ubinam
806 5345 890 5391 est
923 5336 1305 5405 copiosissima
1347 5338 1437 5391 illa
1465 5337 1732 5392 scientia?
1762 5337 1856 5392 ubi
1884 5338 1965 5392 illa

2152 5339 2263 5391 Καὶ
2297 5338 2397 5391 ποῦ
2436 5339 2585 5391 πᾶσα
2617 5339 2651 5409 ἡ
2683 5337 2912 5391 πλουσία
2945 5336 3085 5406 αὕτη
3111 5335 3347 5405 γνῶσις;
3377 5334 3477 5388 ποῦ
3517 5334 3574 5387 δὲ
3600 5336 3668 5387 τὰ

387 5428 693 5497 mysteria?
717 5437 771 5482 et
806 5429 897 5483 ubi
925 5428 1088 5484 libri?
1112 5438 1330 5484 exstant
1357 5429 1502 5484 enim
1535 5430 1651 5484 sola
1682 5430 1965 5486 Proverbia

2088 5433 2361 5508 μυστήρια
2412 5430 2615 5497 causa;
2665 5431 2757 5486 καὶ
2809 5428 2912 5484 ποῦ
2956 5431 3009 5482 αἱ
3051 5427 3259 5499 βίϐλοι;
3300 5426 3667 5499 ἀναφέρονται

457 5586 503 5618 ⁸⁸
530 5602 650 5655 cap.
684 5603 772 5655 χι,
800 5589 855 5643 2.
933 5591 980 5621 "°
1007 5589 1154 5646 Psal.
1192 5608 1336 5656 πων,
1363 5591 1428 5659 2;
1459 5591 1622 5648 Rom.
1654 5610 1773 5661 vm,
1805 5593 1892 5648 56.

440 5722 571 5805 βδ)
614 5722 1025 5805 Euschi_us,_§i_;
1068 5729 1128 5781 τὸ
1175 5726 1387 5805 Trito-pta.
1436 5731 1493 5805 S.
1527 5730 1921 5805 Hieronymus,

2068 5731 2341 5792 Canticum
2394 5733 2738 5786 canticorum.
2786 5729 3087 5802 Syn'cellus,
3139 5733 3212 5791 εἰς,
3275 5730 3333 5782 τὰ
3385 5731 3659 5801 ᾌσματα.

386 5793 746 5865 Nicephorns,
773 5799 851 5859 εἰς
879 5794 1140 5869 τοᾋσμα
1168 5793 1274 5851 τῶν
1292 5793 1579 5872 ᾀσμάτων.
1616 5793 1831 5858 Ρηιὶια.
