4128 6374
407 398 516 451 69.9

1617 393 1984 450 ΡΒΑΟΜΕΝῙ

2088 394 2145 447 IN
2202 393 2457 448 ISAIAM.
3555 391 3657 443 (3Ζο

400 516 511 585 γὰρ
547 514 703 584 μόναι
734 514 790 567 αί
824 513 1138 585 Παροιμίαι,
1175 513 1268 566 καὶ
1300 515 1537 584 ἡΣοφία,
1563 516 1655 569 καὶ
1681 519 1710 569 ὁ
1755 519 1978 589 Ἐκκλη-

2088 527 2134 572 et
2160 490 2443 586 .Sapientia
2465 557 2480 580 ,
2508 524 2562 569 et
2594 513 2950 568 Ecclesiastes
2972 552 2984 572 ,
3019 521 3072 567 et
3096 510 3381 565 Canticum
3419 512 3659 564 cantico-

403 605 649 675 σιαστὴς,
689 606 783 659 καὶ
812 607 873 667 τὸ
903 602 1087 679 τᾼσμα
1110 608 1214 660 τῶν
1253 607 1528 677 ᾀσμάτων.
1570 607 1634 660 Τί
1678 605 1810 672 οὗν;
1849 609 1979 678 ψεύ-

398 694 549 750 δεται
582 700 613 767 ἡ
642 696 679 747 Γ
685 698 828 767 ραφή
855 714 869 762 ;
902 699 976 770 μὴ
1002 700 1227 767 γένοιτο.
1266 699 1426 754 Ἀλλὰ
1451 699 1618 770 πολλὴ
1648 700 1745 770 μέν
1777 718 1859 763 τις
1879 700 1975 771 ὕλη

399 787 597 857 γέγονε
627 788 734 842 τῶν
769 792 1130 861 γραμμάτων,
1163 791 1237 855 ὡς
1282 792 1430 862 δηλοῖ
1468 793 1527 844 τὸ
1564 792 1740 859 λέγειν
1780 788 1981 862 τᾼσμα

403 879 521 933 τῶν
559 879 873 948 ᾀσμάτων·
921 884 1175 953 σημαίνει
1234 884 1342 954 γάρ
1391 885 1493 945 ὅτι,
1544 884 1686 954 ἆπερ
1734 879 1877 953 εἶχον
1924 888 1978 939 αἱ

403 972 834 1042 πεντακισχίλιαι
859 974 991 1044 ᾠδαὶ
1016 977 1072 1028 ἐν
1096 974 1172 1045 τῷ
1206 976 1284 1027 ἐνὶ
1304 975 1614 1047 διηγήσατο·
1661 978 1716 1027 ἐν
1757 975 1811 1028 δὲ
1862 980 1979 1040 ταῖς

332 1066 335 1069 ’
401 1067 639 1139 ἡμέραις
667 1067 907 1131 Ἐζεκίου
934 1066 1003 1119 τὰ
1034 1068 1128 1137 μὲν
1154 1067 1258 1121 τῶν
1278 1067 1494 1137 βιϐλίων
1522 1067 1896 1137 ἐξελέχθησαν,
1914 1069 1980 1121 τὰ

402 1157 459 1210 δὲ
504 1158 908 1232 περιώφθησαν.
940 1159 1099 1212 Ὅθεν
1148 1161 1309 1229 φησὶν
1355 1162 1386 1229 ἡ
1420 1160 1641 1229 Γραφή”
1682 1159 1877 1211 "Abeat
1922 1164 1982 1213 αἱ

401 1251 717 1318 Παροιμίαι
761 1249 1142 1320 Σολομῶντος
1201 1255 1259 1303 αὶ
1300 1250 1642 1317 ἁδιάκριτδι,
1694 1250 1766 1317 ἂς
1815 1252 1983 1319 ἐγρά-

400 1344 599 1409 ψαντο
638 1346 689 1396 οἱ
717 1342 881 1411 φίλοι
923 1340 1171 1401 Ἐζεκίου
1199 1343 1304 1396 τοῦ
1337 1343 1675 1407 βασιλέως·
1724 1342 1887 1396 πόθεν
1926 1343 1981 1395 δὲ

402 1429 735 1496 ἐξελέξαντο,
766 1431 941 1501 ἀλλ’ἢ
993 1434 1056 1484 ἐκ
1088 1430 1197 1484 τῶν
1239 1430 1456 1501 βιϐλίων
1499 1432 1606 1484 τῶν
1651 1432 1983 1503 ἐγκειμένων

404 1523 463 1574 ἐν
495 1517 583 1586 αἷς
606 1522 754 1591 λέγει
786 1526 905 1585 ταῖς
936 1524 1263 1595 τρισχιλίαις
1299 1524 1635 1594 παραϐολαῖς
1667 1525 1757 1577 καὶ
1785 1541 1983 1576 πεντα-

404 1615 696 1685 κισχιλίαις
746 1615 947 1685 ᾠδαῖς;
1011 1614 1098 1678 Ἐξ
1135 1613 1314 1668 αὐτῶν
1363 1610 1454 1667 οὖν
1502 1614 1703 1669 τούτων
1743 1617 1792 1667 οἱ
1846 1615 1984 1684 φίλοι

392 1704 658 1769 ›Ἐζεκίου
690 1707 844 1775 σοφοὶ¹
877 1706 1210 1777 ὑπάρχοντες
1245 1705 1553 1772 ἐξελέξαντο
1574 1706 1640 1758 τὰ
1665 1707 1802 1777 πρὸς
1839 1709 1984 1759 οἰκο-

402 1800 573 1871 δομὴν
603 1799 702 1869 τῆς
731 1799 1072 1869 Ἐκκλησίας.
1102 1798 1212 1861 Τάς
1244 1816 1303 1850 τε
1340 1798 1551 1868 βίϐλους
1594 1800 1706 1865 (‘27)
1748 1798 1841 1851 τοῦ
1890 1800 2002 1853 Σοτ-

2083 625 2224 662 rum.
2262 607 2403 673 Quid
2439 606 2603 675 ergo?
2648 605 2918 660 falsumne
2968 604 3099 658 dicit
3138 602 3454 672 Scriptura?
3496 604 3656 657 absit.

2084 700 2189 753 Sed
2224 701 2324 753 fuit
2350 698 2568 768 quidem
2598 713 2792 766 magna
2827 711 3016 750 eorum
3047 712 3166 765 qurc
3198 696 3448 764 scripsit,
3494 703 3665 748 mate-

2081 793 2160 846 ria
2188 802 2242 845 et
2270 790 2589 854 diversitas;
2641 789 2803 857 idque
2848 788 3085 842 ostendit
3112 787 3341 841 dit-endo
3380 786 3661 841 Canticum

2081 883 2439 935 canticorum:
2475 878 2745 948 significat
2779 879 2921 931 enim
2968 894 3024 933 se
3066 878 3117 932 id
3154 879 3299 947 quod
3344 879 3662 932 contineba-

2082 985 2172 1029 tur
2206 986 2284 1028 ter
2317 972 2463 1025 mille
2494 970 2611 1024 odis
2638 986 2731 1023 seu
2765 970 2993 1023 canticis
3031 971 3105 1030 7‘,
3141 971 3243 1023 hoc
3283 984 3393 1023 uno
3421 984 3661 1037 compre-

2084 1065 2356 1119 hendisse.
2390 1060 2446 1113 In
2479 1059 2669 1113 diebus
2698 1069 2878 1113 autem
2909 1059 3153 1114 Ezechiae
3175 1059 3267 1113 alii
3296 1058 3511 1128 quidem
3538 1055 3661 1111 libri

2083 1153 2303 1208 fuerunt
2342 1152 2531 1212 electi,
2578 1150 2667 1203 alii
2703 1166 2830 1202 vero
2859 1150 3104 1219 neglecti.
3144 1148 3297 1204 Unde
3341 1148 3475 1203 dicit
3513 1147 3661 1202 Scri-

2082 1259 2272 1318 ptura:
2302 1246 2429 1300 Ilwc
2451 1255 2571 1298 sunt
2606 1242 2885 1297 Proverbia
2916 1242 3212 1297 Salomonis
3248 1244 3478 1295 discreta
3500 1240 3657 1311 (50‘).

2084 1358 2199 1411 qua:
2223 1342 2537 1409 scripserunt
2569 1338 2727 1391 amici
2762 1335 2998 1390 Ezechiae
3025 1338 3159 1407 regis
3191 1337 3257 1391 ’⁷².
3288 1336 3442 1391 Unde
3479 1344 3659 1389 autem

2083 1434 2388 1501 selegeruut
2418 1430 2521 1483 nisi
2548 1444 2610 1483 ex
2646 1429 2797 1482 libris
2828 1429 2919 1496 qui
2948 1429 3161 1481 inerant
3187 1427 3242 1480 in
3261 1438 3341 1481 ter
3369 1428 3514 1481 mille
3531 1443 3657 1497 pro-

2085 1524 2287 1579 verbiis
2312 1531 2365 1578 et
2397 1522 2689 1593 quinquies
2729 1522 2874 1575 mille
2906 1522 3025 1575 odis
3054 1536 3149 1575 seu
3180 1520 3442 1576 canticis?
3473 1519 3549 1574 Ex
3584 1520 3662 1590 ip-

2086 1620 2164 1675 sis
2187 1620 2352 1689 igitur
2381 1617 2654 1687 sapientes
2683 1615 2842 1669 amiei
2876 1614 3121 1669 Ezechiae
3147 1615 3424 1685 elegerunt
3452 1631 3515 1669 ea
3540 1631 3661 1683 qua:

2088 1709 2433 1778 pertinebant
2470 1707 2535 1760 ad
2566 1706 2976 1761 aediﬁcationem
3015 1704 3285 1761 Ecclesiae.
3317 1706 3510 1761 Libros
3533 1721 3661 1760 vero

2092 1798 2402 1853 Salomonis
2441 1796 2829 1851 Parabolarum
2862 1805 2915 1851 et
2947 1797 3333 1864 Canticorum,
3377 1797 3432 1850 in
3463 1797 3661 1865 quibus

402 1891 678 1963 λομῶντος
710 1890 807 1955 τὰς
836 1892 965 1962 περὶ
990 1891 1095 1944 τῶν
1125 1890 1453 1962 Παραϐολῶν
1478 1892 1570 1944 καὶ
1608 1890 1789 1961 ’ῼδῶν,
1819 1893 1875 1945 ἐν
1896 1886 1983 1956 αἷς

2090 1891 2386 1960 scripserat
2433 1890 2499 1944 de
2551 1889 2857 1960 plantarum
2902 1898 2955 1942 et
2991 1890 3169 1943 omnis
3211 1889 3424 1958 generis
3453 1888 3661 1942 anima—

404 1984 535 2055 περὶ
560 1983 743 2053 φυτῶν
768 1985 859 2036 καὶ
899 1982 1166 2037 παντοίων
1219 1981 1371 2047 ζώων
1415 1983 1761 2053 φυσιολογίας
1792 2023 1806 2047 ,
1854 2001 1983 2055 χερ-

2091 1985 2222 2038 lium
2255 1992 2484 2047 natura,
2528 1966 2899 2045 terrestrium,
2939 1980 3269 2046 volatilium,
3324 1979 3659 2045 natatilium,

406 2075 592 2139 σαίων,
620 2074 880 2128 πετεινῶν
909 2093 969 2128 τε
994 2076 1086 2129 καὶ
1104 2074 1338 2145 νηκτῶν,
1371 2076 1463 2128 καὶ
1494 2076 1735 2145 ἰαμάτων
1760 2075 1982 2139 πάθους,

2091 2087 2144 2131 et
2170 2078 2236 2131 de
2262 2076 2469 2130 morbis
2497 2074 2777 2140 sanandis,
2806 2063 3064 2129 Ezechias
3091 2073 3356 2140 abolevit,
3386 2074 3531 2144 quod
3564 2087 3661 2143 po—

406 2165 625 2229 πάντως
655 2166 958 2239 γραφείσας
982 2166 1129 2236 αὐτῷ
1158 2168 1384 2235 ἀφανεῖς
1428 2168 1683 2251 ἐποίησεν
1736 2167 1980 2231 Ἐζεκίας

403 2254 492 2308 διὰ
522 2254 584 2309 τὸ
613 2255 724 2327 (28)
749 2256 849 2320 τὰς
876 2255 1170 2329 θεραπείας
1197 2257 1307 2311 τῶν
1340 2258 1661 2330 νοσημάτων
1696 2257 1845 2311 ἔνθεν
1893 2275 1984 2312 κο-

2091 2166 2247 2236 pultis
2279 2166 2474 2221 exinde
2504 2175 2713 2235 peteret
2741 2165 2979 2219 medelas
3004 2150 3342 2232 morbdrum,
3364 2179 3663 2236 eorumque

2091 2258 2428 2312 sanationem
2460 2273 2489 2311 a
2522 2256 2631 2311 Deo
2662 2268 2842 2325 petere
2867 2257 3179 2327 negligeret.

407 2346 659 2418 μίξεσθαι
684 2348 772 2401 τὸν
796 2348 945 2411 λαὸν,
972 2351 1067 2402 καὶ
1093 2352 1351 2421 περιορᾷν
1376 2349 1553 2402 αὐτῶν
1577 2349 1727 2421 παρὰ
1748 2349 1865 2420 Θεῷ
1886 2350 1982 2412 τὰς
1999 2350 2185 2412 ίὰσεις.

1304 2613 1427 2699 ΙΝ
1508 2610 1909 2698 ISAIAM
1984 2607 2763 2702 PBOPHETAM.

958 2786 1109 2855 Apud
1140 2785 1484 2841 Gallandium
1516 2802 1580 2841 ea:
1608 2786 1783 2841 codice
1816 2786 2142 2841 bibliotheca
2170 2786 2531 2851 Coislinianaa,
2562 2801 2707 2838 nam.
2738 2784 2857 2851 195,
2888 2784 2982 2855 fol.
3011 2785 3099 2839 36.

1989 3038 2031 3093 1.

493 3119 807 3173 Ἱππολύτου
854 3122 1154 3175 ἐπισκόπου
1199 3123 1434 3197 Ῥώμης,
1468 3128 1594 3198 περὶ
1648 3128 1907 3192 Ἐζεκίου.

484 3213 604 3265 Ἔτι
630 3211 1052 3282 μαλακισθέντος
1084 3214 1194 3286 (9.9)
1218 3216 1309 3269 τοῦ
1348 3217 1592 3281 Ἐζεκίου
1607 3221 1699 3273 τοῦ
1726 3222 1985 3292 βασιλέως

412 3302 510 3372 τῆς
554 3302 833 3365 Ἰουδαίας,
870 3305 963 3356 καὶ
1006 3304 1367 3371 κλαύσαντος,
1416 3304 1579 3378 ἦλθεν
1620 3310 1848 3379 ἄγγελος
1896 3318 1987 3368 καὶ

411 3389 562 3446 εἶπεν
587 3394 764 3465 αὐτῷ·
792 3392 973 3448 Εἶδον
998 3397 1070 3449 τὰ
1092 3396 1323 3465 δάκρυά
1341 3415 1478 3464 σου,
1507 3402 1603 3454 καὶ
1623 3402 1861 3469 ἤκουσα
1881 3405 1988 3473 τῆς

408 3484 616 3555 φωνῆς
671 3500 829 3555 σουη
872 3486 1015 3541 Ἰδοὺ
1069 3492 1424 3559 προσ-τίθημι
1474 3495 1562 3559 εἰς
1604 3494 1710 3547 τὸν
1766 3499 1988 3564 χρόνον

408 3591 525 3633 σου
554 3580 659 3647 ἐτη
687 3584 771 3641 ιε’,
791 3579 964 3633 τοῦτο
1000 3578 1066 3633 δέ
1088 3594 1186 3634 σοι
1202 3582 1264 3635 τὸ
1289 3584 1538 3652 σημεῖον
1558 3587 1715 3654 παρὰ
1735 3589 1953 3656 Κυρίου
1968 3605 1984 3620 ’

413 3669 541 3743 ἰδοὺ
566 3669 800 3739 στρέρω
819 3669 935 3738 τὴν
966 3673 1149 3726 σκιὰν
1164 3672 1281 3727 τῶν
1310 3675 1662 3744 ἀναϐαθμῶν
1689 3678 1793 3732 τοῦ
1817 3679 1987 3735 οἴκου

407 3762 515 3816 τοῦ
535 3765 760 3830 πατρός
791 3780 931 3825 σου,
970 3765 1076 3829 οὓς
1099 3766 1313 3833 κατέϐη
1342 3770 1373 3820 ό
1408 3768 1581 3835 ἥλιος
1600 3808 1614 3829 ,
1657 3770 1799 3836 τοὺς
1843 3772 1990 3827 δέκα

410 3852 789 3921 ἁναϐαθμοὺς
824 3854 958 3926 (50),
986 3855 1095 3919 οὓς
1138 3860 1351 3926 κατέϐη
1380 3860 1418 3926 ἡ
1459 3861 1621 3923 σκιὰ,
1658 3860 1799 3915 ὥστε
1830 3865 1986 3931 γενέ-

415 3944 534 3997 σθαι
554 3945 889 4017 τὴνήμέραν
935 3947 1148 4019 ἐκείνην
1185 3948 1342 4020 ὡρῶν
1391 3950 1492 4022 λβ’.
1529 3952 1634 4004 Τοὖ
1689 3953 1795 4024 γάρ
1838 3955 1986 4025 ἡλίου

408 4035 705 4107 δραμόντος
742 4038 834 4091 ἐπὶ
878 4039 978 4110 τὴν
1006 4038 1235 4109 δεκάτην
1269 4040 1436 4112 ὥραν,
1480 4042 1642 4095 πάλιν
1684 4045 1984 4101 ἀνεπόδισε.

414 4127 521 4179 Καὶ
550 4128 711 4182 πάλιν
738 4129 899 4200 ἡνίκα
941 4130 1146 4202 Ἰησοῦς
1170 4133 1198 4183 ὁ
1231 4131 1323 4185 τοῦ
1372 4134 1523 4204 Navi}
1574 4135 1828 4207 ἐπολέμει
1866 4139 1989 4201 τοὺς

427 4218 784 4291 Ἀμωραίους,
822 4224 916 4277 τοῦ
938 4224 1088 4295 ἡλίου
1116 4224 1215 4296 ἤδη
1242 4227 1321 4289 είς
1348 4225 1556 4296 δυσμὰς
1590 4226 1879 4292 κλίνοντος,
1896 4230 1990 4283 καὶ

412 4309 506 4361 τοῦ
542 4311 779 4383 πολέμου
800 4313 1010 4385 ἀθρόως
1025 4315 1394 4386 ἐπικειμένου,
1419 4316 1735 4387 εὐλαϐηθεὶς
1763 4319 1986 4389 Ἰησοῦς,

419 4402 628 4472 μήποτε
660 4405 851 4468 νυκτὸς
875 4405 1266 4477 ἐπιγενομένης
1304 4406 1639 4475 διαφύγωσιν
1669 4410 1718 4461 οἱ
1762 4409 1990 4480 ἀλλόφυ-

2296 3133 2562 3205 llippolyti
2596 3135 2831 3205 CpleOpi
2864 3134 3066 3202 Romm,
3099 3136 3165 3191 de
3194 3135 3443 3193 Ezechia.

2161 3225 2352 3279 Adhuc
2389 3233 2681 3296 aegrotante
2710 3225 2940 3281 Ezechia
2983 3242 3104 3297 rege
3136 3226 3334 3284 Juda‘aa
3374 3242 3423 3285 et
3466 3230 3660 3299 ﬂente,

2089 3316 2320 3394 accessit
2362 3316 2584 3385 angelus
2625 3325 2678 3371 et
2714 3318 2850 3371 dixit
2900 3317 2965 3371 ad
3006 3333 3166 3372 eum:
3230 3318 3347 3373 Vidi
3400 3322 3661 3392 lacrymaa

2091 3417 2207 3461 tuas
2254 3417 2303 3461 et
2356 3408 2536 3461 audivi
2569 3424 2740 3461 vocem
2788 3418 2953 3462 tuam.
3006 3409 3140 3463 Ecce
3184 3412 3321 3463 addo
3368 3414 3512 3465 artati
3562 3423 3664 3467 tua:

2089 3517 2255 3554 annos
2283 3499 2599 3570 quindecim.
2644 3500 2759 3553 Hoc
2806 3518 2921 3553 vero
2966 3501 3058 3554 tibi
3090 3503 3297 3572 signant
3338 3514 3446 3558 esto
3493 3524 3525 3558 a
3564 3506 3666 3560 Do-

2092 3594 2252 3645 mino.
2290 3591 2421 3645 Ecce
2444 3603 2681 3646 converto
2717 3595 2957 3647 umbram
2992 3594 3252 3664 graduum
3281 3597 3467 3650 domus
3494 3598 3659 3666 patris

2091 3686 2168 3737 tui
2191 3701 2317 3754 quos
2344 3685 2606 3738 descendit
2641 3686 2719 3739 sol
2739 3727 2754 3751 ,
2801 3687 2976 3739 decem
3010 3688 3205 3756 gradus
3234 3704 3360 3757 quos
3395 3687 3659 3744 descendit

2090 3777 2277 3830 umbra
2298 3777 2364 3841 ⁷³,
2395 3786 2456 3831 ut
2487 3777 2602 3831 dies
2633 3778 2732 3832 ista
2767 3780 2859 3834 liat
2882 3779 3139 3833 horarum
3165 3780 3382 3848 triginta
3405 3781 3657 3835 duarum.

2091 3868 2184 3921 Sol
2215 3868 2357 3922 enim
2392 3882 2514 3922 cum
2546 3869 2659 3937 jam
2692 3869 2758 3922 ad
2792 3869 3056 3923 decimam
3089 3870 3278 3924 horam
3322 3862 3669 3927 decucurris-

2091 3968 2191 4023 set,
2225 3959 2421 4014 iterum
2452 3976 2707 4015 reversus
2736 3971 2838 4014 est.
2873 3959 3057 4015 Itidem
3092 3970 3151 4015 ut
3179 3976 3300 4014 cum
3324 3959 3483 4015 Jesus
3521 3961 3668 4016 Nave

2091 4048 2431 4118 belligeraret
2469 4050 2729 4105 adversus
2763 4049 3140 4112 Amorrhaeos,
3183 4042 3294 4105 sele
3328 4050 3437 4120 jam
3474 4051 3539 4105 ad
3581 4066 3668 4106 oe

2091 4155 2276 4193 casum
2309 4152 2579 4211 vergente,
2608 4151 2662 4197 et
2687 4142 2829 4196 bello
2860 4141 3145 4197 confertim
3172 4143 3537 4209 incumbente,
3571 4159 3663 4196 νε·-

2092 4231 2230 4285 ritus
2266 4230 2432 4287 Josue
2468 4248 2534 4287 ne
2573 4247 2669 4303 per
2718 4243 2930 4287 noctem
2974 4234 3307 4303 ingruentem
3356 4235 3667 4305 alienigena:

2091 4320 2407 4392 cﬂ'ngercnt,
2444 4322 2796 4377 exclamavit:
2836 4322 2950 4377 Stet
2976 4323 3056 4376 sol
3092 4324 3147 4376 in
3175 4322 3425 4389 Gabaon,
3461 4334 3509 4378 et
3541 4325 3667 4379 luna

2091 4416 2145 4466 in
2183 4413 2315 4466 valle
2348 4413 2482 4466 Elon
2518 4413 2597 4479 ⁷⁸,
2631 4414 2804 4469 donec
2832 4415 3089 4485 populum
3130 4416 3276 4471 hunc
3306 4416 3669 4472 debellavero.

411 4494 516 4560 λοι,
543 4497 737 4569 ἐϐόησε
770 4498 974 4568 λέγων·
1012 4500 1213 4566 Στήτω
1239 4503 1271 4554 ὁ
1312 4500 1484 4568 ἥλιος
1522 4501 1671 4555 κατὰ
1708 4504 1976 4569 Γαϐαὼν,

2092 4504 2160 4558 Ει
2193 4506 2337 4558 stetit
2380 4506 2459 4559 sol
2483 4523 2545 4559 ac
2588 4506 2715 4559 luna
2751 4508 2807 4560 in
2848 4509 3072 4561 statione
3108 4526 3240 4575 sua,
3288 4519 3348 4563 ut
3376 4517 3521 4564 esset
3551 4510 3668 4564 dies

411 4589 510 4641 καὶ
540 4591 578 4658 ἡ
609 4590 840 4659 σελήνη
871 4592 1018 4646 κατὰ
1048 4591 1316 4662 φάραγγα
1354 4593 1563 4648 Ἐλών·
1595 4595 1699 4659 ἕως
1725 4596 1791 4649 ἂν
1819 4597 1983 4649 ἐκπο-

414 4679 637 4752 λεμήσω
663 4682 754 4736 τὸν
778 4683 905 4737 λαὸν
933 4683 1141 4737 τοῦτον.
1176 4687 1285 4739 Καὶ
1315 4685 1446 4765 ἔστη
1468 4687 1496 4738 ὁ
1517 4686 1684 4757 ἥλιος,
1722 4689 1812 4741 καὶ
1840 4691 1872 4759 ἡ
1900 4706 1985 4741 σε-

414 4771 546 4843 λήνη
580 4774 638 4825 ἐν
674 4777 740 4844 τῇ
768 4774 954 4829 στάσει
985 4775 1184 4840 αὐτῶν,
1208 4775 1346 4829 ὥστε
1374 4776 1625 4844 γενέσθαι
1645 4778 1745 4850 τὴν
1772 4778 1985 4851 ἡμέραν

2092 4598 2201 4658 illa~
2232 4596 2488 4651 horarum
2531 4598 2721 4667 viginti
2764 4607 3015 4667 quatuor.
3065 4600 3240 4670 Atque
3291 4602 3393 4657 sub
3439 4600 3668 4657 Ezccliia

2090 4689 2253 4744 etiam
2282 4704 2404 4744 cum
2431 4689 2544 4743 sole
2573 4691 2796 4744 recessit
2825 4689 2975 4756 hina,
3012 4706 3080 4745 ne
3110 4691 3218 4745 dno
3246 4691 3513 4747 elementa
3544 4695 3667 4749 caeli

2092 4780 2397 4835 inordinate
2440 4780 2672 4834 invicem
2711 4782 3123 4851 congredientes
3161 4781 3564 4836 colliderentnr.
3602 4781 3668 4836 Et

415 4863 633 4935 ἐκείνην
664 4865 822 4936 ὡρῶν
854 4866 953 4922 κδ’.
988 4868 1097 4920 Καὶ
1123 4868 1449 4939 ἀνέστρεψεν
1482 4869 1573 4921 ἐπὶ
1607 4867 1847 4932 Ἐζεκίου
1887 4869 1983 4922 σὺν

2088 4871 2369 4939 perculsus
2394 4881 2523 4925 tunc
2549 4870 2909 4925 Marodachon
2927 4870 3213 4925 Chaldmus
3235 4886 3328 4926 rex
3351 4870 3663 4942 Babylonis,

378 4988 391 4999 ς
416 4954 493 5026 τῷ
519 4956 671 5027 ἡλίῳ,
703 4958 797 5011 καὶ¹
822 4958 1017 5030 σελήνη
1040 4961 1119 5023 εἰς
1140 4960 1380 5016 τούπίσω
1398 4978 1412 4991 θ
1442 4961 1527 5014 ἵνα
1560 4963 1633 5033 μὴ
1667 4964 1699 5034 ᾖ
1731 4963 1989 5035 σύγκρου-

320 5046 331 5123 ;
418 5065 501 5111 σις
519 5048 627 5101 τῶν
659 5048 752 5103 δύο
786 5050 1061 5120 στοιχείων
1088 5051 1311 5121 γένηται
1338 5052 1587 5116 ἀτάκτως
1612 5051 1853 5123 ἀλλήλων
1870 5055 1987 5107 ἐπι-

2094 4964 2237 5032 quod
2266 4963 2647 5037 astrologieam
2683 4971 2854 5017 artem
2893 4962 3103 5018 colebat
3130 4972 3511 5031 astrorumque
3542 4978 3663 5015 eur-

2095 5069 2214 5108 sum
2255 5060 2506 5109 accurate
2539 5053 2893 5119 metiebatur,
2933 5069 3099 5108 causa
3133 5054 3346 5124 cognita
3382 5054 3665 5120 epistulam

488 5193 529 5223 '”
565 5191 633 5246 lll
665 5192 799 5265 Reg.
836 5210 911 5258 iv,
947 5195 1037 5250 52.
1114 5197 1157 5228 ⁷²
1186 5194 1346 5252 Prov.
1371 5212 1497 5261 xxv,
1528 5197 1581 5262 l,
1629 5212 1738 5252 see.
1768 5197 1929 5251 LXX.

2088 5198 2186 5256 Lsa.
2220 5216 2450 5266 unm,
2496 5200 2549 5261 5,
2584 5199 2646 5264 '7,
2686 5199 2739 5254 8.
2815 5199 2862 5231 ⁷⁸
2894 5197 3008 5254 los.
3047 5215 3099 5261 κ,
3136 5197 3223 5251 12.

492 5328 620 5401 (a7)
650 5329 762 5396 Τάς
791 5347 855 5401 ge
872 5332 1038 5395 ecca.
1070 5330 1201 5397 Quae
1228 5341 1555 5401 sequuntur,
1601 5348 1630 5386 e
1667 5333 1851 5387 codice
1887 5350 1988 5390 ms.

416 5394 757 5454 bibliotheca;
785 5394 988 5456 CteSar.
1024 5394 1195 5456 edidit
1223 5394 1550 5456 Lambecius
1569 5401 1663 5455 lib.
1700 5418 1818 5468 vni,
1866 5420 1989 5475 pag.

418 5466 539 5522 390.
574 5469 793 5523 FABRIG.

531 5511 539 5521 .
574 5485 603 5523 Γ
617 5485 793 5525 ABRIC.

512 5538 602 5611 :28)
641 5538 866 5611 Atc‘teb,
908 5558 962 5594 κ.
991 5557 1041 5594 τ.
1076 5540 1126 5594 λ.
1159 5539 1357 5597 Eadem
1409 5541 1650 5597 referunt
1703 5541 1901 5596 Suidas
1935 5543 1989 5597 in

431 5606 700 5681 Ἐζεκίας,
729 5610 1012 5681 Syncellus
1033 5620 1086 5666 et
1115 5611 1227 5673 alii,
1268 5621 1327 5667 ut
1359 5612 1470 5667 dixi
1500 5613 1552 5665 in
1578 5612 1766 5667 Codice
1795 5614 1989 5681 pseud-

418 5680 700 5751 epigrapho
733 5680 845 5735 Vet.
883 5680 1022 5751 Test.
1055 5696 1176 5751 pag.
1213 5682 1350 5737 1045
1379 5698 1493 5751 seq.
1530 5681 1603 5736 In.

490 5750 606 5820 (29)
640 5750 1149 5816 Μαλακισθέντοςζ
1197 5750 1252 5804 In
1296 5750 1622 5806 Bibliotheca
1657 5752 1987 5807 Coisliniana

418 5820 564 5876 edita
616 5838 646 5877 a
704 5822 773 5878 cl.
869 5820 1308 5889 Montfauconio,
1379 5824 1577 5879 citatur
1627 5822 1986 5894 fragmentum

2098 5336 2241 5392 istud
2276 5352 2397 5406 pag.
2424 5334 2552 5397 255,
2587 5333 2887 5406 ubitamen
2913 5333 3169 5406 mendose
3202 5346 3669 5406 excusumpaxa-

2100 5402 2402 5476 ρισθέντοξ·
2447 5414 2610 5474 atque
2650 5403 2791 5476 idem
2824 5417 2977 5457 error
2996 5402 3446 5476 _in_Hippolytum
3478 5402 3667 5460 Fabri-

2097 5471 2313 5530 eianum
2344 5471 2563 5543 irrepsit
2598 5483 2724 5525 tom.
2760 5474 2801 5537 1,
2844 5487 2962 5541 pag.
2986 5471 3118 5543 271.

2169 5547 2301 5617 (ὅθ)
2325 5539 2641 5617 Τοὺςῖδέκα
2673 5539 3067 5617 ἀναϐαθμοὺς,
3108 5557 3160 5593 κ.
3210 5558 3261 5593 τ.
3306 5539 3354 5595 λ.
3404 5540 3531 5617 Haec
3580 5562 3666 5599 rc—

2096 5609 2692 5683 citatMichaelGlycas
2716 5612 2770 5665 in
2801 5609 2994 5665 Annal.
3023 5621 3163 5683 part.
3196 5626 3253 5676 ιι,
3282 5626 3402 5683 pag.
3436 5614 3556 5669 194.

2171 5687 2306 5756 (50‘)
2359 5680 2582 5739 Contra
2618 5680 2856 5736 Graecam
2912 5681 3260 5741 versionem.
3328 5680 3450 5753 quae
3504 5684 3666 5739 habet

2097 5757 2417 5829 ἀδιάκριτοι.
