4128 6394
508 373 612 426 659
1392 368 1449 425 S.
1491 368 1848 426 HIPPOLYTI
1888 368 2038 424 OPP.
2077 366 2256 421 PARS
2288 368 2330 423 Ι.
2369 399 2439 410 —
2473 366 2879 424 EXEGETICA.
3000 376 3013 389 ’
3504 395 3512 403 -
3650 370 3762 424 διο

510 480 625 534 cias
650 480 766 550 (qui
790 489 842 534 et
868 480 1177 551 Jechonias)
1202 490 1256 536 et
1282 480 1503 536 Sedum.
1521 481 1587 536 Et
1608 483 1826 553 quidem
1852 482 2063 538 Joacha:

2188 481 2280 534 τοῦ
2343 482 2611 554 μακαρίου
2680 483 2915 546 Ἰωσίου,
2988 483 3246 553 Ἱωάχας,
3324 483 3603 555 Ἐλιακεὶμ
3664 502 3799 577 και.

507 578 633 639 post
662 581 889 626 mortem
914 573 1084 641 patris
1109 588 1137 625 a
1163 572 1361 642 papqu
1385 574 1436 625 in
1473 588 1650 643 regem
1680 574 1918 643 ungitur,
1952 589 2075 628 cum

507 671 651 715 esset
690 677 957 716 annorum
993 664 1156 716 trium
1188 679 1351 732 supra
1380 664 1597 733 Viginti.
1625 664 1899 719 Adversus
1932 664 2077 719 hunc

507 754 754 807 ascendit
779 754 995 807 Pharao
1029 752 1248 808 Nechao
1277 770 1464 809 mense
1511 756 1670 809 tertio
1714 756 1866 826 regni
1916 758 2072 825 ejus;

504 845 861 914 vinctumque
888 855 1104 914 captum
1139 846 1291 901 ducit
1317 848 1369 900 in
1414 846 1730 917 Egyptum,
1761 864 1825 903 ac
1849 850 2073 903 multam

507 947 665 990 terra:
715 936 995 1005 imposuit,
1034 946 1251 992 centum
1298 939 1496 992 talenta
1536 940 1763 1010 argenti,
1802 949 1854 994 et
1889 940 2072 995 decem

503 1025 644 1077 auri.
698 1024 1103 1095 Constituitque
1164 1042 1261 1096 pro
1314 1043 1381 1081 eo
1439 1044 1618 1098 regem
1662 1044 1827 1098 super
1875 1039 2072 1083 terram

502 1114 726 1167 fratrem
760 1116 879 1183 ejus
914 1116 1162 1177 Eliacim,
1200 1118 1285 1171 cui
1315 1134 1514 1173 nomen
1539 1121 1693 1173 vertit
1717 1118 1946 1184 Joacim,
1975 1134 2074 1173 an-

426 1188 432 1194 .
502 1205 589 1259 nis
616 1205 894 1262 undecim.
928 1208 1205 1264 Ad‘-ersus
1247 1210 1392 1264 hunc
1432 1211 1675 1265 ascendit
1714 1210 2073 1265 Nabuchodo-

503 1311 671 1351 nosor
701 1298 747 1330 '”
780 1314 874 1352 rex
916 1298 1228 1371 Babylonis,
1260 1301 1612 1371 vinctumque
1642 1311 1858 1371 captum
1896 1300 2072 1372 Baby-

500 1386 681 1443 lonem
711 1389 880 1454 ducit,
917 1402 1233 1463 partemque
1255 1408 1509 1448 vasorum
1539 1393 1754 1458 domus,
1782 1409 1903 1463 qua:
1920 1401 2076 1448 erant

497 1477 875 1553 Jerosolymis.
904 1482 1024 1551 Hic,
1057 1500 1181 1539 cum
1219 1487 1274 1539 in
1304 1501 1581 1540 carcerem
1620 1486 1901 1555 conjectus
1929 1494 2075 1541 esset

497 1585 674 1640 eoque
694 1579 986 1637 teneretur,
1012 1574 1176 1642 utqui
1194 1572 1498 1628 Pharaonis
1524 1563 1732 1628 amicus
1749 1573 2071 1636 exstitisset,

496 1667 553 1713 et
581 1661 650 1715 ab
676 1676 741 1715 eo
769 1678 863 1717 rex
888 1663 1218 1719 constitutus
1244 1663 1454 1726 fuisset,
1480 1678 1625 1717 anno
1650 1664 1877 1733 septimo
1908 1679 2072 1733 supra

496 1751 838 1807 tricesimum
885 1756 1140 1810 educitur
1189 1756 1258 1809 ab
1306 1755 1354 1788 "
1400 1754 1576 1809 Evilat
1610 1754 1901 1809 Marodach
1947 1770 2073 1824 rege

496 1843 816 1914 Babylonis;
863 1847 1220 1916 detunditque
1284 1848 1430 1902 illius
1477 1858 1659 1918 caput,
1710 1859 1765 1903 et
1798 1859 1915 1904 erat
1956 1848 2006 1903 ei
2041 1864 2072 1903 a

495 1935 763 2002 consiliis,
792 1945 846 1991 et
885 1938 1205 1993 comedebat
1244 1937 1297 1991 in
1330 1953 1517 1992 mensa
1559 1938 1699 2007 ejus,
1723 1938 1789 1991 ad
1817 1954 1940 1992 eum
1979 1954 2073 1993 us-

497 2042 605 2096 que
636 2030 805 2093 dicm,
841 2046 952 2099 quo
974 2040 1224 2084 mortuus
1261 2039 1363 2084 est.
1399 2028 1534 2084 Cum
1574 2029 1665 2084 hic
1707 2030 1875 2099 igitur
1902 2028 2074 2083 abdu-

496 2132 620 2177 ctus
658 2122 869 2190 fuisset,
910 2132 1100 2195 regnat
1132 2123 1277 2177 ﬁlius
1310 2123 1430 2186 ejus
1454 2122 1662 2177 Joacim
1692 2122 1853 2178 annis
1877 2123 2070 2179 tribus.

496 2214 860 2283 Ascenditque
913 2216 968 2269 in
1018 2230 1151 2273 eum
1206 2213 1735 2281 Nabuchodonosor,
1782 2215 2073 2286 ipsumque

493 2319 561 2358 ac
590 2304 814 2374 reliquae
844 2304 1018 2374 plebis
1040 2306 1224 2359 decem
1257 2306 1427 2360 millia
1457 2305 1704 2360 virorum
1736 2305 2069 2378 Babylonem

493 2396 759 2463 traducit;
792 2406 953 2465 atque
980 2396 1099 2466 ejus
1129 2405 1384 2467 patruum
1411 2412 1593 2469 regem
1626 2413 1725 2468 pro
1766 2413 1832 2453 eo
1866 2399 2075 2455 consti-

491 2488 616 2553 tuit,
648 2503 815 2557 quem
850 2497 1061 2543 mutato
1099 2491 1321 2546 nomine
1363 2490 1643 2546 Sedeciam
1675 2493 1930 2547 vocavit:
1973 2507 2071 2562 pa-

491 2580 714 2649 ctisque
748 2595 872 2634 cum
896 2595 963 2635 eo
981 2581 1307 2650 juramentis
1338 2582 1558 2653 ictoque
1587 2583 1810 2649 findere,
1836 2582 2071 2655 Babylo-

489 2686 615 2744 nem
640 2671 797 2725 redit.
823 2670 941 2736 llic,
965 2687 1089 2726 cum
1116 2684 1393 2744 regnasset
1416 2689 1589 2729 annos
1611 2674 1884 2739 undecim,
1909 2676 1977 2730 ab
2002 2692 2069 2731 eo

489 2742 769 2827 deﬁciens,
792 2765 846 2818 in
869 2742 1200 2820 Pharaonis
1223 2766 1369 2836 regis
1407 2765 1625 2839 A‘ngpti
1661 2776 1844 2839 partes
1879 2777 2062 2824 trans-

490 2854 605 2908 ivit.
629 2857 788 2909 Anno
815 2856 997 2925 itaque
1027 2856 1263 2925 decimo,
1304 2859 1526 2913 venitin
1551 2876 1675 2914 eum
1705 2876 1774 2914 ex
1803 2859 2063 2917 Chaldaea

487 2946 1011 3012 Nabuchodonosor,
1044 2949 1346 3019 urbemque
1386 2951 1531 3007 vallo
1561 2952 1732 3006 cinxit
1771 2962 1933 3023 atque
1964 2955 2064 3009 ob-

487 3036 649 3102 sedit,
675 3037 935 3106 omnique
971 3053 1039 3092 ex
1075 3048 1227 3108 parte
1262 3041 1512 3096 arctavit.
1546 3040 1910 3107 Quamobrem
1947 3059 2066 3099 ma-

2193 571 2463 635 ’1ωάνναν,
2491 571 2765 635 Σεδεκίας,
2790 574 2818 625 6
2848 574 2941 625 καὶ
2974 573 3246 644 Ἰεχονίας,
3273 575 3366 627 καὶ
3389 574 3621 645 Σαδούμ.
3650 577 3768 629 Καὶ

2178 665 2205 715 ὀ
2230 664 2326 735 μὲν
2366 664 2610 735 Ἰωάχας,
2643 665 2780 735 μετὰ
2816 664 2912 736 τὴν
2948 667 3203 740 τελευτὴν
3234 668 3330 721 τοῦ
3367 670 3572 742 πατρὸς
3592 671 3766 723 αὐτοϋ

2178 755 2389 825 χρίεται
2421 756 2524 808 ὑπὸ
2551 755 2641 809 τοῦ
2671 756 2800 810 λαοῦ
2837 758 2917 820 είς
2951 757 3194 828 βασιλέα,
3218 758 3294 812 ὢν
3319 759 3454 814 ἐτῶν
3492 766 3597 828 κγ’.
3638 761 3769 813 Ἐπὶ

2176 846 2362 900 τοῦτον
2417 849 2695 902 ἀναϐαίνει
2756 849 2955 921 Φαραὼ
3001 850 3218 921 Νεχαὼ,
3260 854 3318 906 ὲν
3370 852 3449 923 τῷ
3502 853 3633 924 μηνὶ
3680 854 3768 923 τῷ

2175 937 2343 1007 τρίτῳ
2369 938 2468 1008 τῆς
2499 938 2775 1008 βασιλείας
2793 940 2978 994 αὐτοῦ·
3003 943 3097 995 καὶ
3120 942 3301 999 λαϐὼν
3333 945 3495 998 αὑτὸν
3516 944 3762 1015 δέσμιον,

2175 1026 2295 1095 ἄγει
2321 1030 2400 1092 εἰς
2434 1030 2730 1099 Αἴγυπτον·
2761 1032 2857 1084 καὶ
2882 1033 3157 1104 ἐπιτίθησι
3198 1036 3362 1107 φόρον
3391 1038 3457 1107 τῇ
3500 1038 3592 1106 γῇ,
3625 1038 3767 1090 ὲκα-

2177 1120 2266 1172 τὸν
2287 1120 2526 1175 τάλαντα
2559 1123 2843 1193 ἀργυρίου,
2892 1125 2986 1177 καὶ
3042 1126 3173 1179 δέκα
3218 1127 3457 1180 τάλαντα
3497 1128 3763 1199 χρυσίου.

2173 1211 2283 1263 Καὶ
2313 1210 2697 1284 καθιστᾷ,άντ’
2728 1215 2889 1269 αὐτοῦ
2942 1216 3220 1288 Ἐλιακεὶμ
3254 1218 3345 1271 τὸν
3395 1217 3622 1287 ἀδελφὸν
3658 1219 3769 1273 αὑ-

2172 1303 2267 1355 τοῦ
2303 1303 2524 1373 βασιλέα
2551 1308 2643 1359 ἐπὶ
2664 1308 2762 1377 τῆς
2790 1308 2912 1379 γῆς,
2947 1309 3006 1362 ὃν
3036 1312 3421 1382 μετωνόμασεν
3476 1312 3765 1383 Ἰωακεὶμ,

2174 1396 2267 1450 ἐπὶ
2297 1396 2391 1467 ἐτη
2420 1397 2633 1451 ἕνδεκα.
2674 1400 2795 1453 Ἐπὶ
2836 1400 3023 1453 τοῦτον
3070 1401 3237 1472 ἀνέϐη
3283 1401 3764 1478 Ναϐουχοδονόσορ

2176 1485 2428 1555 βασιλεὺς
2448 1489 2782 1555 Βαϐυλῶνος,
2814 1485 2909 1544 καὶ
2948 1491 3131 1546 λαϐὼν
3172 1492 3333 1547 αὐτὸν
3353 1493 3594 1565 δέσμιον,
3632 1497 3763 1565 ἄγει

2178 1580 2256 1642 είς
2290 1579 2605 1645 Βαϐυλῶνα,
2638 1583 2732 1657 καὶ
2775 1584 2938 1657 μέρος
2962 1602 3014 1637 τι
3049 1585 3157 1639 τῶν
3195 1585 3404 1667 σκευῶν
3450 1587 3598 1641 οἴκου
3640 1589 3759 1642 τῶν

2173 1672 2231 1724 ὲν
2284 1671 2651 1744 Ἰερουσαλήμ.
2686 1667 2853 1738 Οὗτος
2905 1668 3289 1741 κατάκλειστος
3322 1679 3631 1750 γενόμενος,
3679 1681 3767 1746 ὡς

2177 1761 2326 1830 φίλος
2347 1762 2439 1816 τοῦ
2459 1765 2657 1837 Φαραὼ
2686 1768 2779 1821 καὶ
2799 1769 2891 1821 ὑπ’
2917 1768 3078 1821 αὐτοῦ
3099 1756 3349 1839 βασιλεὺς
3366 1772 3757 1838 κατασταθεὶς,

2107 1818 2146 1871 ⁸
2176 1818 2234 1902 ἐν
2264 1818 2341 1919 τῷ
2364 1850 2440 1915 λξν
2468 1818 2578 1906 ἐτέι
2600 1818 3760 1934 iw...”o;tﬁ.213.3&;g.;iiﬁlail
3790 1938 3793 1941 _

2177 1937 2311 2004 λέως
2344 1941 2677 2011 Βαϐυλῶνος,
2702 1947 2796 2000 καὶ
2820 1947 3026 2020 ἔκειρεν
3048 1952 3212 2025 αὐτοῦ
3244 1953 3342 2024 τὴν
3370 1954 3631 2025 κεφαλὴν,
3659 1958 3761 2012 καὶ

2173 2026 2241 2101 ἦν
2271 2032 2436 2086 αὐτοῦ
2468 2034 2789 2105 σύμϐουλος,
2813 2040 2907 2092 καὶ
2929 2040 3121 2111 ἢσθιεν
3139 2042 3197 2093 ὲν
3216 2046 3280 2114 τῇ
3304 2044 3552 2118 τραπέζῃ
3586 2048 3759 2100 αὐτοῦ
3796 2087 3800 2090 .

2173 2121 2277 2185 ἕως
2308 2123 2407 2193 τῆς
2438 2127 2653 2196 ἡμέρας
2691 2123 2760 2199 ἧς
2799 2129 3054 2185 ἀπέθανε.
3100 2134 3300 2187 Τούτου
3332 2132 3425 2189 οὖν
3460 2139 3761 2209 μεταχθέν-

2170 2227 2281 2275 τος,
2311 2211 2582 2286 βασιλεύει
2615 2219 2644 2270 6
2674 2218 2790 2281 υἱὸς
2818 2220 2983 2273 αὐτοῦ
3032 2223 3306 2295 Ἰωακεὶμ,
3341 2226 3436 2297 ἔτη
3463 2227 3589 2298 τρία
3613 2229 3759 2301 (55).

2172 2302 2281 2356 Kal.
2315 2305 2406 2357 ἐπὶ
2430 2306 2617 2360 τοῦτον
2644 2309 2810 2380 ἀνέϐη
2843 2312 3333 2389 Ναϐουχοδονόσορ,
3377 2320 3471 2372 καὶ
3511 2323 3759 2391 μετοικί-

2171 2392 2252 2455 ζει
2280 2394 2439 2479 αὐτόν
2470 2415 2530 2451 τε
2566 2400 2660 2452 καὶ
2687 2399 2781 2453 τοῦ
2804 2402 2931 2457 λαοῦ
2963 2404 3095 2459 δέκα
3125 2406 3381 2477 χιλιάδας
3425 2411 3633 2483 ἀνδρῶν
3674 2396 3765 2479 είς.

2170 2491 2481 2546 Βαϐυλῶνω
2516 2496 2609 2549 καὶ
2641 2496 2870 2570 καθιστᾷ
2900 2501 3014 2554 ἀντ’
3048 2503 3212 2556 αὐτού
3251 2505 3343 2558 τὸν
3386 2506 3615 2576 ἀδελφὸν
3655 2501 3757 2564 τοῦ

2169 2583 2374 2671 πατρὸς
2431 2586 2616 2652 αὐτοῦ,
2660 2588 2719 2641 ὃν
2767 2590 2861 2642 καῖ
2909 2593 3263 2665 μετωνόμασε
3308 2598 3581 2654 Σεδεκίαν
3633 2600 3759 2671 μεθ’

2167 2667 2227 2727 οὗ
2250 2676 2409 2746 ὅρκια
2441 2678 2535 2731 καὶ
2560 2679 2830 2750 συνθήκας
2870 2685 3255 2756 ποιησάμενος,
3286 2687 3506 2745 ἄπεισιν
3529 2693 3610 2755 είς
3639 2692 3755 2746 Βα-

2168 2767 2403 2822 ϐυλῶνα.
2437 2762 2606 2834 Οὗτος
2632 2771 2958 2841 βασιλεύσας
2981 2776 3076 2848 ἔτη
3107 2785 3173 2841 id
3200 2780 3417 2853 ἀπέστην
3440 2784 3536 2836 ἀπ’
3560 2786 3755 2854 αὐτοῦ,

2167 2859 2262 2912 καὶ
2287 2859 2485 2913 ἔδωκεν
2517 2863 2707 2917 ἑαυτὸν
2728 2864 2862 2936 πρὸς
2882 2867 3079 2940 Φαραὼ
3114 2870 3339 2940 βασιλέα
3371 2875 3666 2944 Αἰγύπτου*
3694 2880 3758 2933 ὲν

2164 2950 2221 3005 δὲ
2252 2951 2328 3023 τῷ
2353 2953 2561 3026 δεκάτῳ
2583 2955 2690 3010 ἔτει
2732 2955 2895 3030 ἦλθεν
2934 2962 3021 3015 ἐπ’
3071 2965 3233 3018 αὐτὸν
3278 2966 3759 3042 Ναϐουχοδονόσορ

2165 3043 2230 3096 ἐκ
2260 3044 2362 3116 γῆς
2384 3046 2688 3114 Χαλδαίων,
2720 3051 2817 3105 καὶ
2848 3056 3296 3125 περιεχαράκωσε
3332 3059 3434 3130 τὴν
3468 3060 3623 3113 πόλιν
3652 3065 3758 3117 καὶ

486 3144 591 3198 gna
619 3143 808 3183 eorum
836 3145 965 3198 pars
999 3129 1143 3185 fame
1170 3131 1493 3187 interierunt
1525 3152 1536 3186 :
1562 3133 1653 3187 alii
1691 3134 1873 3203 gladio
1900 3136 2056 3203 caesi;

2166 3136 2546 3205 περιεκάθισεν
2595 3140 2763 3212 αὐτὴν
2808 3143 3104 3210 κύκλωθεν,
3153 3148 3245 3201 καὶ
3289 3129 3530 3221 συνεῖχεν
3568 3153 3749 3225 αὐτὴν

485 3217 735 3272 nonnulli
773 3218 915 3274 inter
945 3221 1119 3289 spolia
1149 3236 1214 3276 ac
1240 3223 1529 3279 manubias
1565 3225 1749 3293 capti;
1785 3225 1917 3282 urbs
1940 3227 2064 3299 igne

484 3318 782 3373 succensa;
816 3308 1075 3377 templum
1110 3310 1362 3380 murique
1394 3312 1677 3369 destructi.
1712 3314 1914 3373 Omnes
1941 3322 2061 3373 the-

483 3411 680 3452 sauros
716 3398 968 3455 inventos
1010 3402 1065 3454 in
1096 3401 1261 3457 domo
1297 3403 1513 3459 Domini
1538 3407 1757 3461 abstulit
1788 3411 2063 3465 exercitus

481 3484 883 3553 Chaldaeorum,
943 3500 1247 3562 cunctaque
1300 3510 1431 3549 vasa
1478 3512 1642 3551 aurea
1678 3507 1732 3552 et
1774 3514 2058 3570 argentea;

481 3591 755 3649 omneque
778 3596 852 3636 aes
880 3584 1137 3638 contrivit
1174 3583 1535 3642 Nabuzardan
1576 3590 1826 3661 princeps
1858 3609 2060 3663 coquo.

482 3684 630 3735 rum,
658 3681 711 3755 et
737 3672 861 3726 tulit
885 3689 949 3728 ea
996 3675 1051 3728 in
1080 3674 1429 3747 Babylonem.
1488 3678 1667 3746 Ipsum
1706 3698 1836 3737 vero
1888 3684 2056 3742 Sede-

479 3760 622 3815 ciam
662 3778 759 3832 per
791 3766 965 3821 noctis
1010 3768 1225 3823 silentia
1260 3769 1551 3840 fugientem
1594 3789 1718 3828 cum
1749 3776 2061 3847 septingen-

477 3854 550 3909 tis
592 3855 746 3921 viris,
781 3869 1099 3925 persecutus
1133 3864 1408 3918 exercitus
1452 3865 1851 3931 Chaldaeorum,
1894 3869 2058 3939 inque

475 3944 697 4015 Jericho
739 3966 865 4003 cum
903 3961 1209 4016 assecutus,
1256 3955 1483 4011 adduxit
1508 3958 1574 4011 ad
1606 3974 1785 4028 regem
1822 3959 2055 4032 Babylo-

478 4038 565 4091 nis
589 4038 641 4091 in
676 4037 940 4094 Reblatha
986 4059 1000 4094 :
1050 4042 1165 4111 qui,
1184 4043 1395 4113 judicio
1421 4046 1488 4101 de
1511 4048 1619 4117 illo
1649 4051 1704 4102 in
1737 4065 1815 4104 ira
1850 4050 2054 4108 furoris

476 4128 748 4195 instituto,
799 4132 869 4186 ob
902 4132 1165 4188 violatum
1204 4134 1421 4190 Domini
1459 4138 1843 4208 jusjurandum
1878 4155 1931 4198 et
1954 4144 2055 4200 fte-

474 4220 578 4275 dus
652 4222 801 4290 quod
851 4239 976 4278 cum
1016 4226 1110 4280 illo
1146 4222 1461 4299 pepigerat,
1504 4231 1625 4302 ejus
1677 4233 1820 4290 ﬁlios
1862 4252 2048 4293 coram

480 4312 600 4380 ipso
631 4312 920 4384 iugulavit,
952 4332 1017 4371 ac
1046 4315 1285 4374 Sedecia:
1325 4322 1514 4377 oculos
1563 4327 1806 4391 caecavit,
1837 4328 2048 4397 ipsum-

472 4419 580 4472 que
607 4403 784 4458 ferreo
812 4406 984 4459 vinxit
1006 4409 1263 4476 pondere,
1297 4420 1359 4465 ac
1387 4410 1718 4482 Babylonem
1750 4417 1924 4480 duxit,
1955 4420 2046 4474 ubi

2165 3225 2448 3281 πάντοθεν.
2477 3228 2636 3283 Ὅθεν
2663 3233 2713 3285 οἱ
2735 3232 2979 3297 πλείονες
2999 3236 3177 3291 αὐτῶν
3200 3240 3258 3292 ἐν
3287 3239 3429 3312 λιμῷ
3452 3243 3756 3317 διεφθάρη-

2164 3335 2281 3371 σαψ
2315 3321 2364 3373 οἱ
2398 3319 2456 3374 δὲ
2487 3323 2546 3375 ἐν
2578 3325 2822 3406 ῥομφαίᾳ
2848 3327 3146 3383 ἁπώλοντω
3179 3334 3323 3397 τινὲς
3349 3334 3409 3387 δὲ
3437 3338 3619 3390 αὐτῶν
3659 3342 3758 3394 αξ·-

2163 3410 2435 3479 χμάλωτοι
2484 3413 2815 3486 ἐλήφθησαν,
2839 3419 2870 3489 ἡ
2896 3418 2951 3471 δὲ
2978 3420 3130 3486 πόλις
3156 3424 3482 3499 ἐνεπυρίσθη
3505 3430 3563 3482 ὲν
3590 3432 3752 3502 πυρί·

2161 3501 2256 3589 καὶ
2284 3501 2312 3553 6
2334 3503 2459 3567 ναὸς
2476 3505 2574 3583 καὶ
2613 3506 2673 3559 τὸ
2705 3510 2881 3579 τεῖχος
2908 3509 3203 3585 καθῃρέθη.
3236 3516 3347 3569 Καὶ
3383 3518 3591 3584 πάντας
3617 3501 3755 3589 τοὺς

2161 3587 2467 3661 θησαυροὺς
2488 3593 2613 3659 τοὺς
2639 3596 2962 3667 εὑρεθέντας
3015 3602 3072 3653 ὲν
3103 3603 3235 3674 οἴκῳ
3279 3604 3507 3678 Κυρίου,
3555 3587 3755 3663 ἔλαϐεν

2161 3688 2194 3756 ἡ
2221 3685 2448 3756 δύναμις
2469 3687 2575 3741 τῶν
2604 3688 2906 3755 Χαλδαίων,
2932 3692 3029 3746 καὶ
3055 3695 3238 3749 πάντα
3267 3696 3335 3750 τὰ
3369 3699 3560 3773 σκεύη,
3583 3705 3653 3758 τά
3683 3722 3755 3761 τε

2160 3778 2337 3849 χρυσᾶ
2371 3778 2463 3830 καὶ
2486 3780 2721 3851 ἀργυρᾶ⁹
2744 3783 2838 3835 καὶ
2871 3782 3047 3838 πάντα
3079 3787 3278 3856 χαλκὸν
3317 3789 3574 3862 ἐξέκοψεν
3624 3796 3748 3851 Νι..

2160 3866 2459 3938 ϐουζαρδὰν
2486 3871 2514 3922 ὁ
2538 3871 2952 3945 ἀρχιμάγειρος,
2979 3877 3072 3929 καὶ
3094 3877 3293 3948 ἤνεγκε
3331 3882 3474 3936 αὐτὰ
3502 3886 3585 3948 είς
3636 3886 3754 3941 Βα-

2161 3954 2390 4010 ϐυλῶνα.
2422 3959 2592 4013 Αὐτὸν
2627 3961 2685 4014 δὲ
2709 3962 2799 4015 τὸν
2837 3964 3092 4019 Σεδεκίαν
3125 3967 3214 4022 διὰ
3245 3971 3440 4035 νυκτὸς
3469 3975 3751 4043 φεύγοντα

2161 4048 2297 4118 μετὰ
2330 4049 2540 4121 ἀνδρῶν
2575 4053 2933 4120 ἑπτακοσίων,
2960 4058 3279 4127 κατεδίωξεν
3311 4064 3342 4132 ή
3371 4062 3602 4136 δύναμις
3628 4068 3743 4122 τῶν

2156 4140 2457 4208 Χαλδαίων,
2493 4145 2587 4199 καὶ
2617 4145 2914 4201 κατέλαϐον
2937 4148 3098 4202 αὐτὸν
3137 4151 3195 4204 ἐν
3235 4154 3464 4225 ’ῐεριχὼ,
3492 4158 3585 4211 καὶ
3613 4159 3726 4230 ῆγα

2153 4246 2248 4299 γον
2305 4232 2468 4286 αὐτὸν
2512 4235 2647 4306 πρὸς
2697 4235 2917 4307 βασιλέα
2969 4238 3284 4308 Βαϐυλῶνος
3325 4246 3407 4307 είς
3449 4244 3741 4302 Ῥεϐλαθά.

2154 4324 2265 4376 Καὶ
2296 4325 2491 4396 ἐκρίθη
2517 4327 2633 4397 μετ’
2663 4329 2827 4383 αὐτοῦ
2866 4333 2893 4385 6
2930 4332 3183 4403 βασιλεὺς
3225 4337 3283 4387 ὲν
3327 4335 3505 4408 θυμῷ,
3553 4340 3611 4391 ὲν
3658 4340 3741 4410 τῷ

2152 4416 2595 4489 παραϐεϐηκέναι
2619 4420 2781 4473 αὑτὸν
2803 4424 2894 4475 τὸν
2918 4425 3078 4495 ὅρκον
3113 4424 3343 4497 Κυρίου,
3373 4428 3468 4481 καὶ
3494 4427 3590 4499 τὴν
3620 4426 3742 4480 δια-

473 4502 592 4547 erat
617 4495 826 4548 molens
857 4495 911 4548 in
946 4498 1258 4553 molendino
1288 4501 1463 4555 donec
1501 4503 1643 4556 diem
1667 4506 1819 4559 obiit.
1848 4505 2051 4562 Defun-

2164 4507 2327 4580 δήκην
2356 4511 2424 4581 ἦν
2455 4510 2661 4565 διέθετο
2693 4513 2830 4585 πρὸς
2857 4516 3036 4581 αὐτὸν,
3074 4518 3167 4571 καλ⁵
3203 4495 3329 4582 τοὺς
3371 4519 3519 4584 υἱοὺς
3547 4495 3736 4574 ἀὐτοῦ

378 4580 385 4589 ’
473 4583 655 4653 ctique
683 4582 960 4654 arreptum
995 4589 1229 4642 cadaver
1267 4600 1415 4645 retro
1453 4608 1641 4648 muros
1676 4595 2045 4665 projecerunt.

472 4676 530 4729 In
559 4691 625 4730 eo
659 4677 989 4746 completum
1018 4676 1267 4734 Jeremiae
1292 4683 1576 4737 oraculum
1608 4685 1840 4741 dicentis
1870 4704 1883 4740 :
1925 4685 2047 4741 Vivo

471 4766 588 4836 ego,
619 4768 751 4821 dicit
776 4767 1067 4833 Dominus,
1122 4771 1250 4839 quia
1301 4774 1347 4826 si
1387 4774 1546 4841 fuerit
1581 4774 1864 4831 Jeclzonias
1903 4778 2049 4847 ﬁlius

472 4855 683 4911 Joacim
715 4874 807 4912 rex
834 4857 982 4912 Iuda
1004 4859 1230 4912 annulus
1254 4861 1309 4914 in
1336 4879 1495 4917 manu
1524 4866 1739 4920 dextera
1765 4884 1901 4935 mea,
1931 4868 2052 4922 inde

471 4949 689 5003 evellam
722 4962 793 5005 te.
827 4950 893 5004 Et
934 4950 1070 5004 dabo
1100 4959 1149 5003 te
1176 4951 1233 5003 in
1264 4970 1422 5008 manu
1447 4959 1793 5024 querentium
1820 4960 2051 5013 animam

474 5057 644 5110 tuam,
675 5046 731 5099 in
762 5058 922 5100 manu
945 5033 1229 5118 aquarum
1249 5048 1387 5118 facie
1420 5059 1476 5102 tu
1507 5051 1787 5119 formidas,
1811 5054 1867 5106 in
1890 5070 2050 5107 manu

471 5137 864 5193 Chaldaeorum.
893 5138 961 5193 Et
989 5140 1271 5210 proficiam
1296 5150 1363 5207 te,
1384 5152 1434 5195 et
1462 5153 1683 5196 matrem
1714 5160 1831 5213 qua:
1856 5148 2050 5215 peperit

474 5239 542 5295 te,
573 5230 629 5283 iu
662 5240 859 5285 terram
887 5231 1138 5298 alienam,
1183 5244 1228 5286 et
1268 5235 1563 5288 moriemini
1601 5236 1694 5289 ibi.
1742 5234 1810 5289 In
1855 5247 2050 5292 terram

470 5330 646 5374 autem
666 5339 824 5392 quant
847 5325 977 5378 votis
1000 5333 1251 5394 expetunt
1284 5327 1562 5381 animabus
1587 5329 1719 5395 suis,
1757 5345 1858 5383 non
1895 5332 2051 5385 redu-

330 5470 352 5491 \
452 5427 589 5464 'cam
640 5424 707 5468 te.
741 5414 1101 5471 Iulianaratus
1141 5425 1218 5470 est
1269 5410 1575 5489 Jeclionias,
1617 5430 1676 5473 ut
1723 5437 1812 5475 vas
1840 5424 2047 5499 inutile,

476 5504 626 5571 cujus
675 5507 852 5562 nullus
891 5519 968 5563 est
1016 5527 1179 5575 usus;
1223 5511 1418 5565 idcirco
1452 5512 1714 5582 projectus
1762 5523 1840 5569 est
1892 5526 2050 5585 atque

551 5617 703 5672 ’τιν
748 5619 878 5690 Reg.
925 5637 1072 5687 xxxv,
1116 5623 1204 5678 10.
1280 5623 1325 5655 ⁷⁸
1357 5622 1427 5677 ιν
1471 5623 1603 5696 Reg.
1660 5644 1788 5695 xxv,
1833 5627 1921 5683 27.

551 5786 663 5858 (55)
700 5787 806 5857 AL,
835 5794 1137 5862 τριμήνιον,
1169 5789 1364 5849 menses
1396 5805 1519 5852 ires.

2155 4599 2386 4668 ἔσφαξεν
2420 4602 2724 4674 ἔμπροσθεν
2750 4607 2937 4667 αὐτοῦ,
2963 4609 3057 4661 καὶ
3090 4611 3213 4673 τοὺς
3242 4611 3553 4683 ὀφθαλμοὺς
3579 4611 3739 4665 Σεδε-

2155 4691 2273 4745 κίου
2312 4693 2699 4765 ἐξετύφλωσεν.
2737 4700 2846 4752 Καὶ
2877 4699 3074 4754 ἔδωκεν
3106 4702 3267 4755 αὐτὴν
3295 4704 3353 4757 ἐν
3379 4705 3566 4771 πέδαις
3600 4705 3744 4777 σιδη-

2160 4783 2412 4853 ραῖς,καὶ
2429 4784 2635 4854 ἤγαγεν
2672 4787 2834 4840 αὑτὸν
2867 4789 3285 4853 εἰςλΒαϐυλῶνα·
3311 4795 3405 4847 καὶ
3427 4791 3495 4867 ἦν
3523 4795 3744 4868 ἀλήθων

2157 4875 2216 4926 ἐν
2244 4872 2322 4944 τῷ
2359 4875 2583 4946 μύλωνι,
2629 4878 2733 4943 ἕως
2774 4881 2872 4950 τῆς
2919 4882 3130 4954 ἡμέρας
3159 4880 3227 4955 ἦς
3283 4886 3576 4942 ἀπέθανεν.
3625 4889 3744 4942 Καὶ

2157 4968 2216 5018 ἐν
2266 4965 2345 5036 τῷ
2379 4967 2673 5024 ἀποθανεῖν
2721 4971 2901 5037 αὐτὸν,
2951 4972 3204 5037 λαϐόντες
3250 4975 3310 5028 τὸ
3354 4976 3515 5047 σῶμα
3545 4977 3741 5046 αὐτοῦ,

2158 5056 2387 5130 ἔρριψαν
2413 5061 2587 5115 ὀπίσω
2610 5063 2701 5116 τοῦ
2735 5064 2944 5134 τείχους
2970 5066 3173 5118 Νινευί.
3228 5068 3351 5121 Ἐπὶ
3380 5074 3572 5123 τούτου
3599 5071 3744 5143 πλη-

2161 5152 2346 5223 ροῦται
2378 5156 2409 5224 ἡ
2444 5156 2750 5226 προφητεία
2803 5157 3084 5227 Ἱερεμίου,
3130 5158 3380 5227 λέγοντος
3406 5179 3420 5193 ο
3467 5161 3556 5216 Ζῶ
3590 5163 3737 5233 ἐγὼ,

2152 5242 2312 5313 λέγει
2351 5245 2582 5313 Κύριος.
2631 5247 2764 5300 Ἐὰν
2798 5248 3115 5317 γενόμενος
3158 5249 3399 5318 γένηται
3452 5253 3737 5323 Ἰεχονίας

2154 5335 2283 5400 υἱὸς
2337 5336 2602 5407 Ἶωακεὶμ
2645 5338 2943 5405 ,βασιλεὺς
3016 5340 3211 5394 Ἰούδα
3261 5343 3737 5415 ἀποσφράγισμα

2153 5432 2251 5485 ἐπὶ
2280 5431 2392 5499 τῆς
2413 5433 2611 5501 χειρός
2637 5450 2755 5502 μου
2783 5431 2891 5501 τῆς
2929 5433 3150 5501 δεξιᾶς,
3180 5436 3407 5491 ἐκεῖθεν
3437 5437 3739 5495 ἐκσπάσω

2154 5537 2248 5585 σε,
2276 5519 2373 5575 καὶ
2418 5519 2587 5575 δώσω
2604 5534 2689 5593 ys
2718 5523 2805 5588 εὶς
2845 5523 3044 5592 χεῖρας
3076 5523 3193 5580 τῶν
3236 5523 3568 5595 ζητούντων
3612 5527 3739 5600 τὴν·
