4128 6384
1416 346 1471 400 S.
1522 343 1877 398 HlPPOLYTl
1913 344 2067 402 OPP.
2102 346 2283 400 PARS
2319 346 2358 400 l.
2394 378 2465 389 -—
2503 346 2906 403 EXEGETICA.
3692 343 3803 395 ιςεε

540 472 785 538 Macedo,
828 470 1043 526 sublato
1091 467 1274 527 Dario,
1303 481 1484 519 rerum
1511 467 1713 535 potitus
1744 476 1860 529 est;
1884 467 2030 535 quod
2065 468 2121 520 in

2227 471 2268 521 al
2302 470 2559 541 Ἕλληνες
2580 490 2591 501 ·
2632 472 2767 542 μετὰ
2796 471 2904 542 γὰρ
2932 470 3165 539 Πέρσας,
3184 465 3532 537 Ἀλέξανδρος
3561 464 3805 536 ἐκράτη-

541 564 837 617 srmulacro
866 578 936 615 aes
961 558 1241 613 indicavit.
1267 558 1420 622 Quod
1462 565 1645 610 autem
1672 557 1827 625 dicit,
1850 559 1953 612 alte
1982 574 2114 628 qua-

2227 578 2311 613 σεν
2338 564 2367 613 6
2398 562 2681 625 Μακεδὼν,
2722 560 2963 614 καθελὼν
3002 562 3224 628 Δαρεῖον
3244 575 3258 588 ·
3288 558 3316 611 6
3344 557 3611 612 δέδεικται
3639 558 3698 609 ὲν
3733 559 3803 627 τῇ

541 666 662 709 tuor
707 653 953 716 volucris,
996 661 1050 705 et
1097 659 1325 721 quatuor
1370 649 1546 717 capita
1590 648 1789 714 bestias,
1818 647 2118 703 luculenter

2227 652 2384 705 εἰκόνι
2414 655 2444 705 6
2474 653 2717 722 χαλκός.
2750 652 2823 705 T6
2867 652 2925 705 δὲ
2972 649 3151 718 λέγειν
3190 649 3377 717 πτερὰ
3403 650 3673 717 τέσσαρα
3702 665 3808 702 πε-

541 746 781 801 ostendit
821 760 931 814 quo
955 750 1113 813 pacto
1143 740 1437 795 Alexandri
1468 739 1771 794 dominatio
1797 739 1853 793 in
1881 751 2119 809 quatuor

2227 742 2434 808 τεινοῦ,
2458 744 2555 797 καί
2583 744 2875 812 τέσσαρες
2898 740 3152 810 κεφαλαὶ
3182 739 3264 805 τῷ
3286 740 3466 808 θηρίῳ
3486 738 3804 808 σαφέστατα

544 846 726 907 partes
754 837 1013 890 distracta
1052 834 1245 897 fuerit;
1272 842 1501 902 quatuor
1531 830 1675 886 enim
1704 831 1882 900 capita
1908 830 2117 897 dicens,

2227 832 2409 899 ἔδειξε,
2438 835 2555 899 πῶς
2578 834 2890 906 διεμερίσθη
2917 834 2997 896 εἰς
3028 831 3269 902 τέσσαρα
3309 831 3447 902 μέρη
3485 832 3520 901 ή
3553 830 3808 901 βασιλεία⁵

543 938 775 998 quatuor
802 944 975 997 reges,
1003 927 1095 995 qui
1124 941 1190 980 ex
1234 940 1299 979 ea
1343 931 1719 989 surrexerunt,
1753 922 2116 993 signiﬁcavit;

2235 924 2604 997 Ἀλεξάνδρου·
2640 925 2942 993 τέσσαρας
2985 924 3093 996 γὰρ
3140 922 3407 991 κεφαλὰς
3451 918 3645 987 είπὼν,
3677 923 3807 985 τοὺς

543 1034 855 1088 supremum
904 1018 1048 1071 enim
1102 1017 1244 1070 diem
1294 1014 1481 1069 obiens
1527 1012 1851 1079 Alexander,
1890 1025 2117 1080 regnum

2227 1016 2491 1088 τέσσαρας
2519 1016 2753 1086 βασιλεῖς
2795 1016 2920 1079 τοὺς
2949 1015 3007 1081 ἐξ
3037 1015 3206 1085 αὐτῆς
3230 1015 3565 1078 ἀναστάντας
3595 1015 3808 1085 ἐμήνυ-

540 343 644 398 645

545 1128 703 1166 suum
763 1112 819 1164 in
880 1120 1118 1179 quatuor
1175 1118 1357 1177 partes
1414 1107 1614 1160 divisit.
1646 1104 1865 1167 Postea,
1921 1102 2118 1173 inquit,

543 1213 734 1273 quarta
784 1203 946 1257 bestia
988 1201 1236 1254 terribilis
1266 1209 1418 1270 atque
1446 1198 1722 1268 stupenda,
1748 1198 1926 1251 dentes
1950 1198 2119 1265 ipsius

546 1296 723 1365 ferrei,
757 1305 804 1348 et
835 1310 1031 1363 ungues
1066 1293 1233 1361 ipsius
1280 1291 1423 1344 terei.
1455 1289 1689 1355 Quinam
1723 1303 1854 1343 vero
1885 1288 1943 1342 hi
1970 1295 2119 1353 sunt,

545 1386 651 1439 nisi
682 1385 948 1438 Romani?
981 1383 1221 1449 Quorum
1271 1396 1497 1451 regnum
1535 1380 1590 1435 in
1636 1379 1924 1449 praesentia
1970 1379 2119 1432 exsi-

545 1487 695 1532 stens
723 1475 865 1530 ferro
893 1476 910 1541 (
934 1474 988 1527 in
1020 1474 1313 1528 simulacro
1336 1474 1354 1543 )
1380 1481 1761 1543 comparatur;
1797 1487 1956 1524 crura
1980 1471 2118 1524 enim

544 1570 679 1638 ejus,
706 1568 899 1638 inquit,
933 1567 1124 1635 ferrea.

616 1757 685 1808 ll.
726 1752 856 1806 Post
903 1752 1018 1805 hac
1063 1750 1229 1818 igitur
1269 1748 1399 1818 quid
1445 1757 1712 1818 superest,
1758 1746 1977 1802 dilecti?
2017 1746 2124 1801 nisi

546 1846 774 1916 vestigia
802 1842 999 1914 pedum
1021 1841 1322 1904 simulacri,
1353 1841 1406 1894 in
1434 1840 1632 1926 quibus
1659 1855 1784 1909 pars
1803 1840 1905 1894 erit
1928 1840 2120 1909 ferrea,

2224 1122 2316 1158 σε·
2347 1107 2610 1160 τελευτῶν
2657 1108 2766 1179 γὰρ
2815 1109 2844 1160 6
2889 1105 3251 1177 Ἀλέξανδρος,
3284 1105 3445 1158 διεῖλε
3494 1104 3593 1176 τὴν
3646 1105 3809 1175 βασι-

2222 1198 2371 1251 λείαν
2398 1199 2559 1251 αὐτοῦ
2593 1201 2673 1263 είς
2696 1198 2936 1269 τέσσαρα
2966 1198 3367 1270 μέρη.Ἐπειτα
3404 1198 3557 1268 φησὶ,
3597 1199 3815 1265 θηρίον

2225 1289 2502 1358 τέταρτον
2538 1292 2794 1360 φοϐερὸν
2821 1292 2922 1346 καὶ
2946 1291 3274 1361 ἕκθαμϐον·
3316 1294 3370 1345 ol
3414 1291 3658 1357 ὀδόντες
3701 1292 3816 1345 αὑ·

2224 1381 2329 1435 τοῦ
2362 1382 2617 1451 σιδηροῖ,
2646 1384 2745 1437 καὶ
2796 1388 2849 1438 οί
2890 1384 3109 1454 ὄνυχες
3151 1384 3337 1438 αὐτοῦ
3378 1383 3633 1453 χαλκοῖ·
3663 1384 3814 1448 τίνες

2222 1466 2314 1525 οὖν
2348 1468 2511 1540 οὗτοι,
2553 1474 2724 1546 ἀλλ’ἢ
2758 1477 3047 1547 Ῥωμαῖοι;
3082 1477 3217 1547 ὅπερ
3262 1474 3408 1529 ἐστὶν
3439 1479 3467 1529 6
3501 1475 3739 1546 σίδηρος,
3774 1476 3814 1547 ἡ

2224 1562 2318 1617 νῦν
2348 1565 2562 1620 ἑστῶσα
2592 1565 2869 1637 βασιλεία·
2918 1572 2978 1624 αί
3010 1568 3229 1638 κνῆμαι
3268 1568 3377 1638 γὰρ
3411 1567 3621 1637 αὐτῆς,
3651 1568 3814 1638 φησὶ,

2228 1655 2478 1724 σιδηραῖ
2499 1657 2633 1728 (59).
2720 1658 2723 1660 '
3294 1650 3307 1655 ”

2303 1751 2367 1801 ll.
2410 1751 2567 1806 Μετά
2610 1754 2662 1820 γ’
2704 1749 2797 1806 οὖν
2849 1751 3006 1805 τοῦτο
3054 1755 3107 1806 τί
3171 1754 3539 1825 περιλείπεται
3587 1755 3817 1826 ἀγαπη-

2229 1858 2309 1893 τοι
2331 1840 2441 1911 (60)
2463 1858 2477 1906 ;
2505 1841 2621 1895 ἀλλ’
2644 1842 2677 1913 ἢ
2705 1842 2774 1895 τὰ
2805 1843 2922 1912 ῐχνη
2944 1841 3051 1895 τῶν
3076 1843 3253 1897 ποδῶν
3274 1844 3373 1914 τῆς
3397 1844 3623 1907 εἰκόνος,
3653 1846 3712 1896 ὲν
3731 1839 3821 1907 οἷς

550 1955 674 2007 pars
702 1946 874 1989 autem
906 1942 1087 1996 testea,
1122 1931 1281 1986 simul
1301 1933 1611 1987 commistm.
1634 1930 1855 2001 Mystice
1875 1930 2123 2000 designa-

2227 1931 2401 1999 μέρος
2435 1933 2549 2000 μέν
2572 1949 2627 1984 τι
2652 1932 2820 1986 ἔσται
2851 1932 3161 2001 σιδηροῦν,
3187 1934 3370 2002 μέρος
3402 1933 3469 1987 δέ
3505 1952 3559 1986 τι
3596 1935 3812 2002 ὀστρά-

550 2030 630 2083 vit
658 2043 751 2097 per
782 2025 979 2094 digitos
1012 2023 1232 2092 pedum,
1267 2022 1448 2076 decem
1481 2038 1634 2091 reges
1663 2036 1729 2076 ex
1759 2021 1877 2091 ipso
1906 2020 2117 2093 (regna)

550 2117 867 2175 excitandos
892 2134 905 2170 :
936 2113 1081 2185 quod
1109 2114 1184 2168 ait
1206 2112 1395 2167 Daniel
1418 2131 1430 2165 :
1451 2112 1860 2166 Considerabam
1886 2114 2125 2175 bestiam,

551 2219 601 2264 et
646 2226 759 2263 ecce
802 2223 999 2261 cornua
1042 2205 1216 2259 decem
1259 2215 1374 2273 post
1405 2220 1541 2266 eam,
1577 2204 1630 2258 in
1666 2206 1865 2275 quibus
1899 2204 2132 2274 prodibit

553 2301 702 2356 aliud
739 2296 1047 2370 (parvum)
1082 2297 1379 2358 adnatum;
1409 2311 1506 2365 per
1544 2296 1689 2365 quod
1724 2296 1942 2351 nonnisi
1970 2295 2128 2349 Anti-

550 2393 790 2449 christus
835 2404 1133 2460 exsurgens
1179 2388 1527 2458 designatur;
1575 2390 1690 2458 ipse
1746 2398 1930 2443 autem
1980 2388 2132 2443 Juda:

548 2500 774 2555 regnum
831 2482 1096 2536 restituet.
1131 2480 1249 2535 Jam
1299 2482 1401 2549 tria
1453 2496 1651 2533 cornua
1681 2481 1869 2535 dicens
1915 2479 1982 2534 ab
2015 2480 2131 2548 ipso
2172 2534 2175 2537 .

549 2575 717 2642 evelli,
748 2584 857 2629 tres
888 2588 1041 2643 reges
1068 2574 1315 2642 designat
1348 2571 1588 2642 ZEgypti,
1625 2571 1806 2643 Libya:
1832 2581 1887 2626 et
1918 2570 2131 2626 Ethio-

549 2668 673 2736 υἱέε,
702 2681 842 2735 quos
875 2666 928 2718 in
963 2666 1077 2718 acie
1105 2664 1230 2718 belli
1262 2664 1564 2718 intcrliciet.
1584 2662 1687 2728 Qui
1721 2664 1974 2718 omnibus
2004 2664 2133 2718 sub—

551 2759 711 2822 actis,
743 2756 972 2810 immitis
1005 2767 1059 2810 et
1086 2756 1323 2810 crudelis
1351 2765 1614 2826 tyrannus
1642 2755 1930 2819 cxsistens,
1959 2754 2134 2808 tribu—

549 2849 808 2906 lationem
837 2857 889 2902 et
918 2847 1349 2918 persecutionem
1383 2849 1436 2901 in
1465 2857 1685 2902 sanctos
1724 2846 1909 2912 faciet,
1939 2847 2132 2901 adver-

551 2958 649 2999 sus
685 2957 780 2995 eos
826 2941 1022 2994 elatus.
1058 2938 1191 2993 Post
1216 2954 1374 3008 quem
1420 2940 1688 3008 reliquum
1720 2948 1920 3004 est,.ut
1953 2939 2133 2993 veniat

551 3035 619 3087 de
648 3033 787 3087 C(BIO
815 3032 970 3101 lapis,
1015 3033 1104 3101 qui
1133 3032 1389 3099 percussit
1427 3030 1793 3093 simulacrum,
1820 3039 1873 3084 et
1901 3029 2131 3084 commi-

552 3127 672 3182 nuit
690 3126 842 3190 illud,
857 3135 910 3181 et
932 3126 1211 3180 transtulit
1234 3126 1417 3178 omnia
1447 3139 1635 3192 regna,
1652 3133 1703 3178 et
1735 3123 1880 3178 dedit
1902 3138 2128 3193 regnum

549 3219 753 3273 sanctis
805 3216 1087 3272 Altissimi.
1120 3217 1220 3271 llic
1259 3215 1435 3271 factus
1482 3225 1561 3270 est
1615 3232 1761 3268 mons
1809 3230 2053 3284 magnus,
2082 3223 2131 3267 et

547 3311 779 3380 implevit
805 3310 1107 3363 universam
1139 3318 1354 3361 terram.

2229 2039 2416 2087 mror,
2455 2023 2896 2093 ἀναμεμιγμένα
2941 2026 3025 2089 είς
3069 2022 3331 2091 ἄλληλα.
3368 2024 3662 2087 Μυστικῶς
3691 2025 3819 2095 ἐδή-

2233 2114 2369 2166 λωσε
2408 2114 2495 2167 διὰ
2537 2114 2646 2167 τῶν
2674 2115 2947 2168 δακτύλων
2978 2116 3086 2169 τῶν
3114 2114 3309 2178 ποδῶν,
3343 2115 3471 2178 τοὺς
3500 2115 3633 2169 δέκα
3659 2114 3786 2185 βασι
3808 2146 3819 2154 -

2234 2206 2344 2268 λεῖς
2373 2206 2497 2268 τοὺς
2530 2206 2587 2273 ἐξ
2615 2207 2782 2277 αὐτῆς
2812 2206 3221 2279 ἐγειρομένους·
3244 2207 3382 2279 ὅπερ
3415 2207 3563 2275 λέγει
3590 2207 3815 2276 Δανιήλ-

2232 2299 2617 2365 Προσενόουν
2643 2298 2723 2362 τῷ
2756 2301 2954 2367 θηρίῳ,
2986 2300 3081 2353 καὶ
3112 2299 3241 2353 ἰδοὺ
3274 2298 3419 2353 δέκα
3444 2304 3660 2368 κέρατα
3685 2300 3801 2351 ὀπί-

2232 2401 2320 2439 σω
2345 2387 2550 2450 αὐτοῦ,
2581 2388 2636 2440 ἐν
2662 2383 2742 2451 οἷς
2772 2390 3099 2460 ἀναϐήσεται
3124 2389 3328 2457 ἕτερον
3356 2390 3776 2458 παραφυὰδιω·
3800 2405 3817 2421 ·

2232 2481 2368 2550 ὅπερ
2395 2479 2658 2533 δέδεικται
2684 2481 2796 2551 οὐχ’
2824 2481 3006 2551 ἕτερος
3032 2481 3145 2534 ἀλλ’
3169 2483 3201 2552 ἢ
3226 2484 3254 2535 6
3282 2482 3643 2556 Ἀντίχριστος
3666 2485 3820 2549 ἐγει-

2235 2569 2490 2641 ρόμενος·
2525 2571 2617 2622 καὶ
2650 2572 2808 2635 αὐτὸς
2838 2571 2934 2641 τὴν
2980 2572 3146 2627 Ἰούδα
3194 2572 3467 2642 βασιλείαν
3497 2574 3817 2644 ἀναστήσει.

2240 2662 2373 2729 Τρία
2397 2661 2452 2713 δὲ
2483 2662 2700 2730 κέρατα
2731 2664 2902 2730 λέγων
2946 2665 3034 2716 ὑπ’
3070 2663 3233 2716 αὐτοῦ
3263 2663 3654 2733 ἐκριζοῦσθαι,
3684 2665 3818 2728 τοὺς

2233 2755 2378 2824 τρεῖς
2424 2752 2659 2822 βασιλεῖς
2694 2754 2981 2819 δείκνυσιν,
3015 2756 3309 2824 Αἰγύπτου,
3345 2756 3557 2809 Λιϐύων
3588 2772 3668 2821 τε,
3712 2757 3819 2809 καὶ

2233 2844 2524 2909 Αἰθιόπων,
2556 2844 2647 2909 οὒς
2677 2846 2854 2899 ἀνελεῖ
2877 2848 2933 2900 ὲν
2957 2845 3255 2918 παρατάξει
3284 2846 3520 2917 πολέμου
3540 2864 3554 2878 ο
3590 2848 3649 2910 ὃς
3676 2865 3820 2917 κραο

2232 2938 2401 3008 τήσας
2454 2938 2670 2990 πάντων
2718 2938 2906 3003 δεινὸς,
2946 2940 3323 3011 ὼμοτύραννος
3369 2939 3444 2993 ὣν
3493 2939 3671 3009 θλίψιν
3716 2943 3819 2995 καὶ

2232 3030 2471 3099 διωγμὸν
2514 3031 2607 3082 ἐπὶ
2652 3032 2778 3095 τοὺς
2813 3033 2999 3100 ἁγίους
3030 3033 3265 3103 ποιήσει,
3301 3033 3657 3104 ἐπαιρόμενος
3690 3035 3823 3087 κατ’
3914 3044 3917 3047 ’

2234 3120 2410 3175 αὐτῶν
2430 3140 2443 3152 ·
2476 3122 2593 3193 μεθ’
2618 3122 2675 3175 ὃν
2704 3123 2887 3176 λοιπὸν
2915 3123 3026 3193 (Gl)
3054 3124 3173 3194 ἥξει
3205 3125 3298 3177 ἀπ’
3325 3122 3564 3197 οὐρανῶν
3590 3128 3623 3178 ό
3642 3126 3819 3192 λίθος

2234 3216 2265 3266 ὁ
2309 3213 2578 3280 πατάξας
2628 3214 2741 3281 τὴν
2781 3217 3005 3279 εἰκόνα,
3038 3216 3131 3268 καὶ
3179 3214 3473 3286 συντρίψας
3497 3214 3688 3285 αὐτὴν,
3716 3217 3823 3268 καὶ

2237 3308 2577 3377 μεταστήσας
2610 3306 2787 3370 πάσας
2816 3307 2912 3370 τὰς
2944 3307 3236 3377 βασιλείας,
3258 3307 3350 3361 καὶ
3385 3307 3507 3370 δοὺς
3535 3307 3631 3378 τὴν
3659 3307 3818 3377 βασι-

547 3402 695 3454 λείαν
732 3402 907 3470 ἁγίοις
948 3401 1200 3470 Ὑψίστου
1220 3420 1234 3430 ·
1263 3392 1416 3462 οὗτος
1446 3400 1474 3451 6
1499 3397 1746 3467 γενηοεὶς
1793 3397 1928 3465 ὄρος
1954 3398 2125 3466 μέγα,
2162 3398 2259 3449 καὶ
2286 3396 2609 3465 πληρώσας
2635 3398 2839 3453 πᾶσαν
2870 3398 2983 3467 τὴν
3008 3399 3139 3467 γῆν.

621 3493 712 3545 111.
754 3492 889 3545 Cum
925 3492 1038 3546 hazc
1077 3492 1260 3560 itaque
1294 3490 1472 3546 futura
1503 3491 1631 3556 sint,
1659 3500 1713 3545 et
1758 3491 1910 3562 digiti
1956 3490 2124 3544 simu-

2300 3491 2389 3545 lll.
2430 3491 2645 3544 Τούτων
2680 3489 2771 3546 οὖν
2803 3493 3096 3562 ἐσομένων,
3138 3496 3229 3546 καὶ
3256 3493 3365 3547 τῶν
3398 3492 3674 3547 δακτύλων
3711 3490 3819 3563 τῆς

551 3585 684 3638 lacri
734 3585 786 3636 in
835 3584 1197 3638 democratias
1246 3584 1581 3645 transierint,
1614 3592 1667 3636 et
1707 3584 1891 3637 decem
1922 3598 2123 3636 cornua

550 3676 737 3730 bestia:
764 3675 816 3727 in
849 3675 1031 3728 decem
1064 3690 1223 3739 regna
1254 3676 1425 3729 divisa
1453 3675 1685 3736 fuerint;
1710 3689 1830 3743 qua:
1854 3673 2123 3742 proposita

550 3775 698 3829 sunt,
734 3766 992 3820 attentius
1027 3766 1405 3835 inspiciamus,
1439 3781 1611 3834 eaque
1663 3764 1960 3819 lustremus
1990 3777 2125 3832 quo-

548 3858 843 3911 dammodo
874 3857 1045 3911 oculis
1084 3856 1237 3925 ipsis.
1272 3855 1441 3926 Caput
1472 3873 1687 3910 aureum
1716 3856 2012 3921 simulacri,
2048 3864 2123 3909 est

546 3947 733 4010 lcama,
760 3963 868 4016 qua
897 3947 1176 4019 Babylonii
1222 3948 1785 4017 repraasentabantur;
1820 3946 2041 4010 humeri,
2075 3956 2122 3999 et

547 4036 762 4089 brachia
807 4047 1072 4105 argentea,
1105 4053 1282 4102 ursus,
1320 4053 1429 4106 quo
1478 4035 1656 4096 Persa;
1704 4035 2124 4105 designabantur

545 4135 601 4180 et
626 4127 782 4181 Medi.
819 4125 1005 4180 Venter
1047 4139 1094 4180 et
1127 4128 1328 4195 femora
1369 4144 1534 4193 wttea,
1564 4128 1781 4192 pardus,
1812 4144 1921 4197 quo
1950 4125 2122 4181 Graeci

543 4220 637 4289 qui
663 4219 731 4272 ab
745 4217 1052 4274 Alexandro
1074 4221 1430 4290 imperarunt,
1461 4220 1942 4289 significabantur;
1966 4238 2124 4275 crura

546 4315 736 4382 ferrea,
772 4315 935 4368 bestia
968 4317 1245 4384 stupenda,
1271 4334 1333 4371 ac
1362 4316 1635 4381 terribilis,
1671 4315 1903 4371 Romani
1945 4325 2119 4380 erant,

542 4407 636 4474 qui
670 4397 1148 4475 modo-imperium
1181 4418 1396 4473 tenent;
1429 4410 1647 4479 vestigia
1676 4410 1867 4477 pedum
1899 4417 2034 4461 testa
2072 4417 2121 4460 et

2229 3586 2431 3647 εἰκόνος
2470 3587 2548 3648 εἰς
2591 3585 2959 3656 δημοκρατίας
2988 3587 3371 3656 χωρησάντων,
3405 3585 3500 3639 καὶ
3540 3584 3648 3638 τῶν
3675 3583 3819 3638 δέκα

2228 3677 2471 3747 κεράτων
2517 3676 2610 3728 τοῦ
2659 3676 2848 3747 θηρίου
2884 3677 2997 3748 (62)
3046 3679 3125 3739 είς
3151 3676 3279 3730 δέκα
3328 3676 3603 3747 βασιλείας
3649 3692 3812 3748 μερι-

2230 3765 2461 3819 σθέντων
2481 3782 2493 3795 ·
2527 3765 2723 3835 ἴδωμεν
2745 3767 3075 3838 σαφέστερον
3100 3766 3170 3819 τὰ
3197 3768 3556 3839 προκείμενα,
3592 3767 3687 3820 καὶ
3715 3782 3814 3818 κα-

2226 3857 2573 3927 τανοήσωμεν
2606 3857 2745 3909 αὐτὰ
2773 3857 3224 3928 ὀφθαλμοφανῶς.
3253 3857 3501 3927 Reguli;
3523 3857 3635 3924 τῆς
3660 3858 3815 3910 εικό-

2225 3965 2331 4013 νος
2352 3947 2573 4016 χρυσῆ,
2592 3949 2764 4003 ἔστιν
2786 3951 2823 4017 ὴ
2844 3949 3074 4015 λέαινα,
3104 3949 3431 4004 Βαϐυλωνίοι
3464 3946 3601 4021 ἦσαν
3618 3967 3630 3978 ·
3664 3944 3813 4019 ὦμοι

2226 4042 2323 4094 καὶ
2349 4043 2669 4113 βραχίονες
2700 4044 2965 4112 ἀργιξροὶζ
2994 4046 3031 4112 ἠ
3053 4043 3288 4112 ἄρκτος,
3319 4044 3525 4115 Πέρσαι
3560 4042 3655 4096 καὶ
3685 4044 3812 4113 Μῆ-

2224 4134 2303 4186 δοι
2322 4151 2334 4163 ·
2368 4135 2567 4188 κοιλία
2601 4136 2698 4188 καὶ
2722 4137 2898 4204 μηροὶ
2942 4134 3181 4205 χαλκοῖ,
3211 4136 3248 4202 ἠ
3277 4133 3591 4202 πάρδαλις,
3620 4134 3667 4185 οἱ
3698 4134 3843 4197 ἀπὶ,

2239 4226 2584 4297 Ἀλεξάνδρου
2634 4228 3005 4299 κρατήσαντες
3043 4226 3300 4298 ’Έλληνες
3325 4244 3337 4257 ·
3381 4224 3601 4295 κνῆμαι
3637 4224 3811 4291 σιδη-

2219 4318 2340 4385 ραῖ,
2392 4321 2598 4387 θηρίον
2646 4319 2944 4389 ἐκθαμϐον
2996 4319 3094 4371 καὶ
3142 4318 3416 4387 φοϐερὸν,
3447 4319 3699 4388 Ῥωμαῖοι
3752 4302 3805 4368 οἷ

2224 4408 2316 4461 νῦν
2342 4408 2697 4480 κρατοῦντες·
2730 4409 2869 4476 ἴχνη
2915 4406 3114 4461 ποδῶν
3143 4408 3462 4475 ὄστρακον,
3496 4408 3589 4462 καί
3627 4405 3803 4471 σίδη-

550 4494 765 4560 ΐενηιηι,
792 4506 918 4549 sunt
939 4498 1121 4552 decem
1154 4514 1381 4565 cornua,
1414 4516 1532 4570 qua:
1563 4499 1744 4554 futura
1772 4509 1928 4565 sunt;
1961 4515 2121 4552 cornu

2227 4518 2344 4566 pec,
2373 4500 2440 4552 τὰ
2487 4500 2615 4553 δέκα
2661 4499 2866 4570 κέρατα
2906 4501 2975 4553 τὰ
3024 4501 3283 4571 μέλλοντα
3326 4499 3570 4553 ἔσεσθαι·
3618 4497 3798 4565 κέρας

568 4585 771 4637 tlterum
806 4603 1043 4652 parvum,
1068 4590 1206 4658 quod
1236 4592 1371 4643 inter
1397 4591 1509 4659 ipsa
1536 4577 1864 4656 adnascitur,
1896 4598 1979 4643 est
2006 4587 2119 4640 An-

548 4676 866 4743 .iehristus;
901 4678 1033 4746 lapis
1080 4685 1371 4748 percutiens
1410 4683 1757 4735 simulacrum
1807 4689 1856 4733 et
1902 4680 2119 4733 commi-

546 4783 734 4831 nuens,
765 4766 857 4835 qui
884 4768 1125 4836 implevit
1153 4781 1376 4840 terram,
1404 4772 1653 4827 Christus
1684 4780 1767 4826 est
1789 4786 1819 4825 c
1844 4771 1996 4825 cmlis
2026 4785 2118 4823 ve-

542 4860 723 4923 niens,
758 4865 814 4911 ct
843 4859 1046 4913 mundo
1071 4861 1336 4929 judicium
1366 4864 1628 4918 inducens
1662 4863 1797 4933 (58).

616 4947 705 5002 IV.
746 4946 946 5002 Verum
978 4967 1045 5005 ne
1075 4953 1129 5006 in
1161 4952 1263 5006 hac
1286 4964 1438 5023 parte
1461 4956 1800 5025 propositum
1829 4968 2118 5025 argumen-

616 5063 731 5139 (5_8)
772 5062 889 5119 llue
922 5082 1095 5135 usque
1121 5067 1269 5139 paria
1296 5069 1548 5139 leguntur
1568 5072 1622 5123 in
1648 5070 1740 5123 lib.
1772 5067 1846 5121 De
1874 5084 2117 5122 consum»

541 5136 772 5187 matioue
800 5138 1002 5198 mundi,
1036 5149 1167 5191 seet.
1195 5138 1282 5201 14,
1307 5136 1372 5191 ρι’
1393 5141 1444 5192 in
1474 5143 1641 5193 altero
1672 5140 1742 5193 De
1764 5139 2110 5201 Antichristo,

2221 4591 2423 4659 ἓτερον
2466 4591 2681 4660 μικρὸν
2725 4592 3142 4661 ἀναφυόμενον
3187 4593 3256 4644 ἐν
3302 4591 3524 4659 αὐτοῖς,
3558 4592 3586 4643 6
3622 4589 3789 4643 Ἀντία

2223 4698 2469 4753 χριστος·
2506 4682 2676 4747 λίθος
2702 4685 2734 4735 ό
2760 4683 3091 4737 πατάσσων
3128 4683 3243 4750 τὴν
3278 4685 3482 4737 εἰκόνα
3519 4683 3615 4736 καὶ
3656 4698 3805 4736 συν-

2222 4775 2450 4842 τρίϐων,
2484 4777 2513 4827 6
2557 4774 2848 4847 πληρώσας
2880 4775 2975 4846 τὴν
3010 4776 3134 4844 γῆν,
3164 4774 3394 4847 Χριστὸς
3435 4777 3531 4829 ἀπ’
3557 4774 3804 4847 οὐρανῶν

2138 4832 2197 4903 -υ
2223 4832 2537 4937 ἐρχόμενος,
2573 4832 2768 4937 καίιτῷ
2787 4832 2977 4937 κόσμίρ
2998 4832 3176 4938 κρίσιν
3204 4832 3446 4935 ἐπάγων.

2293 4956 2381 5010 IV.
2428 4959 2540 5011 Ἵνα
2570 4959 2625 5012 δὲ
2656 4959 2775 5029 μηδ’
2791 4962 2847 5013 ὲν
2867 4960 3037 5029 τούτῳ
3060 4959 3439 5014 ἀναπόδεικτον
3466 4959 3807 5028 καταλείψω-

2224 5074 2311 5126 vel
2344 5073 2637 5144 ἀγαπητοί,
2665 5073 2960 5142 aliquando
2987 5074 3148 5127 etiam
3188 5074 3241 5127 in
3273 5074 3632 5144 supposititiis
3657 5074 3806 5141 φιλό-

2222 5159 2447 5215 χριστοι.
2477 5143 2713 5212 Apparet
2744 5157 2924 5215 autem
2963 5156 3212 5198 nostrum
3253 5143 3702 5215 commentarium
3726 5160 3799 5199 ex

541 5216 675 5277 sect.
713 5207 783 5260 25
811 5221 875 5261 ac
904 5222 1044 5276 seq.,
1083 5224 1312 5277 quorum
1340 5207 2117 5277 primusvelotisupposititius
2223 5207 2460 5268 liomiliis
2490 5207 2764 5275 constare,
2808 5214 3005 5267 habitis
3037 5215 3088 5266 in
3117 5226 3386 5268 conventu
3424 5213 3679 5267 fidelium.

542 5276 807 5347 rejicitur,
841 5278 976 5331 alter
1022 5276 1298 5346 prebatur.
1340 5276 1575 5347 Uterque
1604 5290 1785 5332 tamen
1823 5276 2115 5345 interpola-

2293 5284 2417 5355 (61)
2447 5282 2502 5334 In
2546 5282 2646 5355 lib.
2674 5282 2746 5336 De
2777 5284 3109 5355 Antichrist,
3140 5284 3230 5349 26,
3277 5287 3395 5355 μετ’
3418 5284 3613 5355 ὀλίγον.
3652 5283 3796 5355 ibid.

543 5352 633 5423 tus
682 5345 836 5401 facile
867 5345 1286 5416 deprehenditur
1336 5345 1500 5419 hujus
1536 5348 1913 5402 Commentarii
1945 5348 2113 5400 colla-

544 5420 727 5559 ῗωίδῗί)
767 5486 897 5551 Qua:
927 5488 1066 5559 apud
1100 5489 1445 5543 Anastasium
1487 5488 1771 5553 Sinaitam,
1801 5498 1994 5559 quaest.
2023 5488 2113 5555 48,

615 5504 727 5553 (ου)
767 5504 897 5551 una:
927 5504 956 5541 a
1000 5504 1066 5541 ua
1100 5504 1445 5543 anastasntm
1487 5504 1771 5553 binattam,
1801 5504 1994 5559 quaest.
2023 5504 2113 5555 ιδ,

544 5550 793 5631 leguntur
838 5574 921 5631 ex_
953 5504 1664 5631 iiippolytiCommentariis
1712 5560 1766 5611 iu
1819 5561 2114 5631 Danielem,

542 5621 960 5746 amiare-ferenda
988 5621 1291 5684 εὺὶιιίΤῶν
1317 5630 1424 5700 γὰρ
1454 5630 1705 5701 σιδηρῶν,
1743 5648 1794 5683 κ.
1828 5648 1876 5684 τ.
1907 5630 1957 5682 λ.
1990 5621 2115 5685 Vidi

615 5763 730 5831 (60)
772 5761 923 5833 διυρο
949 5765 999 5817 in
1033 5766 1299 5838 Hippolyti
1332 5772 1548 5841 scriptis
1574 5773 1809 5828 occurrit
1835 5774 2112 5844 ἀγαπητέ,

2223 5345 2357 5408 sect.
2389 5345 2441 5417 5,
2479 5353 2664 5423 emtor;
2692 5353 2879 5422 καιρὸς
2911 5345 3105 5407 λοιπὸν
3144 5345 3362 5408 ἀπαιτεί
3391 5371 3406 5408 :
3434 5345 3796 5423 Tanaquillus

2219 5423 2391 5477 Faber
2418 5422 2664 5494 tCuivis,
2694 5424 2887 5491 inquit,
2909 5435 3160 5493 appareat
3187 5442 3281 5494 pro
3304 5424 3484 5478 λοιπόν
3505 5422 3604 5492 legi
3630 5438 3795 5491 opor-

2217 5500 2321 5615 aere
2347 5493 2530 5559 ooaév;
2564 5494 2695 5562 quin
2727 5494 2888 5547 etiam
2929 5506 3150 5565 apparet
3176 5493 3313 5550 nihil
3340 5511 3461 5551 esse
3490 5494 3793 5547 immutan-

2257 5579 2367 5615 um.

2257 5579 2367 5618 um.

2287 5633 2398 5701 (62)
2438 5632 2668 5706 (ludius,
2694 5630 2794 5706 τοῦ
2812 5631 3216 5706 θυσιαστηρίου.
3241 5635 3622 5701 Combelisius,
3643 5634 3791 5706 haud

2214 5705 2527 5777 paenitendo,
2545 5704 2749 5777 inquit,
2773 5714 2964 5757 conatu
2985 5704 3251 5761 emendavi
3280 5706 3371 5759 τοῦ
3400 5706 3657 5777 τετάρτου
3682 5704 3787 5774 Θη-

2218 5774 2333 5843 ρίου
2369 5793 2381 5827 :
2415 5773 2558 5844 quod
2587 5788 2750 5843 prope
2778 5789 2962 5829 verum
2993 5787 3093 5830 est.

2961 5875 2995 5922 l
