4128 6380
555 333 654 390 647

1433 337 1489 393 s.
1526 333 1889 392 HIPPOLYTI
1923 332 2072 395 ore.
2106 293 2289 386 eius
2306 328 2368 401 ,1.
2416 358 2487 368 —
2509 326 2920 387 exessum.

3698 329 3807 384 διὸ

624 448 714 505 Vl.
755 449 878 517 Quo
920 463 1161 520 tempore
1187 449 1482 507 adveniens
1516 451 1767 507 Salvator
1795 465 1861 508 ex
1894 448 2111 520 Virgine

2294 442 2384 499 Vl.
2438 445 2524 497 Ἐν
2555 436 2600 512 ᾧ
2631 443 2807 516 χρόνῳ
2833 443 3023 514 παρὼν
3055 444 3084 497 ό
3120 443 3312 516 Σωτὴρ
3355 445 3420 497 ὲκ
3466 443 3564 513 τῆς
3590 443 3778 515 Παρθέ

553 541 575 611 (
598 556 727 595 arca
774 555 911 595 auro
950 540 1158 596 mundo
1190 541 1469 608 deaurata,
1500 542 1647 596 intus
1680 540 1899 614 quidem
1925 538 2123 603 Verbo,

553 629 693 685 foris
722 644 852 684 vero
881 628 1084 700 Spiritu
1113 632 1324 700 sancto)
1350 646 1510 687 suum
1540 646 1740 702 corpus
1770 631 1974 685 mundo
2000 643 2127 700 pro-

553 721 712 786 tulit;
740 720 875 775 adeo
923 730 981 775 ut
1008 722 1207 776 veritas
1242 722 1610 778 demonstrata
1658 724 1748 789 sit,
1784 730 1841 776 et
1894 712 2126 776 manife¥

552 820 692 868 stata
725 812 945 866 arca.'A
977 808 1326 883 generatione
1348 813 1512 883 igitur
1539 813 1741 868 Christi
1771 813 2123 883 computandi

552 913 680 960 sunt
731 905 929 975 reliqui
977 905 1256 976 quingenti
1296 906 1448 968 anni,
1477 914 1535 960 ut
1566 920 1660 960 sex
1691 905 1920 959 millium
1951 918 2125 958 anno-

555 1012 671 1049 rum
720 1012 980 1051 numerus
1024 997 1407 1066 adimpleatur,
1435 1006 1488 1052 et
1537 998 1610 1051 ita
1660 997 1765 1051 erit
1794 995 1938 1050 linis.
1966 994 2123 1061 Quod

549 1100 678 1141 vero
706 1087 898 1155 quinto
926 1097 981 1142 et
1007 1088 1233 1144 dimidio
1264 1097 1504 1159 tempore
1528 1087 1761 1143 adfuerit
1787 1087 2035 1143 Salvator
2064 1087 2120 1141 in

550 1177 774 1242 mundo,
830 1176 1011 1233 ferens
1056 1178 1424 1249 incorruptam
1475 1195 1679 1245 arcam,
1706 1196 1865 1235 suum
1916 1180 2123 1237 scilicet

546 1284 769 1339 corpus,
795 1270 925 1325 dicit
955 1264 1191 1324 Joannes
1223 1289 1237 1324 :
1266 1270 1399 1325 Erat
1420 1282 1595 1326 autem
1632 1271 1764 1325 hora
1798 1281 1947 1326 sexta
1963 1272 2030 1333 ⁸⁵,
2060 1279 2122 1325 ut

546 1359 831 1415 dimidium
874 1362 979 1416 diei
1008 1363 1336 1427 ostenderet,
1367 1363 1478 1416 dies
1510 1370 1687 1415 autem
1726 1361 1942 1416 Domini
1976 1362 2121 1417 mille

547 1452 695 1515 armi,
726 1452 920 1507 horum
953 1452 1115 1521 igitur
1132 1452 1416 1506 dimidium
1448 1462 1575 1509 sunt
1597 1453 1897 1523 quingenti.
1930 1451 2117 1522 Neque

545 1543 690 1596 enim
714 1543 1179 1598 conveniens‘erat
1209 1553 1269 1597 ut
1299 1544 1414 1613 ipse
1440 1544 1602 1599 cilius
1625 1545 1922 1610 adveniret,
1940 1544 2117 1600 adhuc

544 1636 692 1690 enim
747 1637 958 1706 pondus
1010 1635 1143 1705 legis
1191 1635 1441 1702 durabat,
1473 1644 1624 1691 sexta
1676 1651 1781 1690 non
1827 1636 2116 1707 adimpleta

2225 553 2317 591 νου
2344 535 2456 603 τῆς
2487 536 2734 590 κιϐωτοῦ
2757 551 2771 565 ·
2801 536 2861 589 τὸ
2894 535 3024 590 ἴδιον
3053 535 3215 608 σῶμα
3255 536 3333 607 τῷ
3370 536 3562 607 κόσμῳ
3595 539 3810 608 προσή-

2224 645 2415 697 νεγκεν
2452 628 2582 698 (65)·
2631 626 2838 699 χρυσίῳ
2881 625 3103 698 καθαρῷ
3136 627 3559 703 κεχρυσωμένης
3592 626 3808 680 ἔνδοθεν

2227 721 2328 792 μὲν
2383 720 2461 792 τῷ
2494 721 2673 789 Λόγῳ,
2701 719 2897 787 ἔξωθεν
2940 719 2996 773 δὲ
3045 719 3123 791 τῷ
3177 719 3453 791 Πνεύματι
3502 718 3580 790 τῷ
3625 720 3802 791 ἁγίῳ·

2223 809 2363 863 ὥστε
2403 809 2775 864 ἀποδέδεικται
2826 810 2861 880 ἡ
2910 809 3158 879 ἀλήθεια,
3191 808 3286 863 καὶ
3335 808 3715 880 πεφανέρωται
3764 810 3805 877 ἡ

2222 902 2483 966 κιϐωτός.
2515 900 2645 953 Ἀπὸ
2691 899 2951 969 γενέσεως
3004 897 3097 953 οὖν
3144 899 3380 972 Χριστοῦ
3420 899 3502 952 δεῖ
3544 899 3805 971 ψηφίζειν

2223 992 2550 1047 πεντακόσια
2603 991 2697 1063 ἔτη
2746 991 2815 1046 τὰ
2862 991 3114 1044 ἐπίλοιπα
3157 993 3237 1054 εἰς
3270 991 3664 1062 συμπλήρωσιν
3693 990 3805 1045 τῶν

2222 1082 2602 1154 ἑξακισχιλίων
2627 1084 2786 1147 ἐτῶν,
2822 1082 2915 1137 καὶ
2938 1082 3109 1146 οὕτως
3142 1081 3294 1137 ἔσται
3325 1082 3385 1137 τὸ
3418 1081 3600 1145 τέλος·
3633 1082 3717 1135 δτι
3745 1082 3805 1135 δὲ

2221 1176 2455 1247 πέμπτῳ
2500 1174 2594 1228 καὶ
2642 1174 2830 1246 ⁴ἡμίσει
2878 1172 3055 1246 καιρῷ
3089 1174 3272 1245 παρῆν
3317 1175 3345 1228 ὁ
3388 1173 3577 1247 Σωτὴρ
3621 1174 3681 1228 ἐν
3723 1172 3806 1244 τῷ

2219 1268 2427 1339 κόσμῳ,
2458 1266 2637 1340 φέρων
2675 1266 2772 1338 τὴν
2802 1265 3046 1338 ἄσηπτον
3078 1265 3330 1330 κιϐωτὸν,
3359 1264 3419 1319 τὸ
3448 1265 3578 1320 ἴδιον
3611 1265 3800 1337 σῶμα,

2217 1360 2364 1428 λέγει
2403 1361 2431 1413 ὁ
2467 1359 2745 1430 Ἰωάννης·
2781 1355 2901 1412 Ἦν
2924 1357 2994 1411 δὲ
3022 1356 3142 1427 ὥρα
3164 1357 3339 1425 ἕκτη·
3375 1356 3461 1410 ἵνα
3488 1357 3658 1428 ἥμισυ
3699 1356 3807 1427 τῆς

2218 1452 2425 1524 ἡμέρας
2455 1450 2724 1522 ἐπιδείξῃ·
2756 1448 2949 1519 ἡμέρα
2972 1448 3040 1502 δὲ
3064 1449 3284 1517 Kvpiov
3317 1449 3484 1517 χίλια
3510 1435 3616 1515 ἔτλη
3639 1465 3653 1479 ·
3684 1446 3806 1501 τού-

2216 1561 2322 1599 των
2363 1539 2457 1595 οὗν
2501 1542 2560 1595 τὸ
2588 1542 2783 1613 ἥμισυ,
2816 1540 3025 1609 γίνεται
3058 1538 3406 1593 πεντακόσια.
3440 1539 3513 1592 Οὐ
3540 1537 3650 1610 γὰρ
3683 1540 3805 1593 ἐνε-

2214 1635 2398 1706 δέχετο
2444 1634 2605 1688 αὑτὸν
2650 1634 2835 1704 τάχιον
2864 1634 3137 1704 παρεῖναι,
3164 1632 3245 1685 ἔτι
3286 1631 3395 1702 γὰρ
3440 1631 3603 1715 βάρος
3632 1630 3803 1703 νόμου

546 1724 862 1794 (innovatur
894 1724 1039 1778 enim
1074 1723 1387 1794 baptisma),
1402 1723 1493 1778 sed
1512 1724 1697 1794 quinta
1719 1732 1773 1778 et
1795 1723 2039 1787 dimidia,
2056 1731 2111 1777 ut

2213 1721 2301 1797 ἦν,
2351 1725 2471 1779 οὐδὲ
2521 1725 2685 1796 ’ἐκτης
2730 1720 3167 1801 πεπληρωμένης
3223 1721 3524 1794 (καινοῦται
3575 1721 3683 1792 γὰρ
3735 1722 3804 1775 τὸ

545 1811 603 1865 in
651 1812 859 1881 reliquo
903 1812 1130 1867 dimidio
1170 1821 1411 1881 tempore
1441 1812 1790 1884 Evangelium
1819 1813 1874 1869 in
1898 1828 2111 1868 omnem

2214 1816 2479 1889 λουτρὸν),
2508 1815 2642 1870 ἀλλὰ
2667 1815 2921 1887 πέμπτης
2947 1815 3039 1868 καὶ
3068 1814 3339 1887 ἡμισείας,
3360 1814 3446 1868 ἵνα
3477 1815 3535 1869 ἐν
3565 1813 3643 1884 τῷ
3677 1815 3806 1867 ἐπι-

544 1900 728 1954 orbem
775 1912 1043 1956 terrarum
1076 1903 1482 1972 praedicaretur,
1526 1912 1582 1959 et
1625 1904 1913 1975 adimpleta
1963 1914 2111 1961 sexta

2216 1910 2389 1979 λοίπῳ
2418 1909 2606 1980 ἡμίσει
2636 1907 2833 1980 χρόνῳ,
2867 1910 2947 1971 εἰς
2984 1908 3162 1961 πάντα
3187 1907 3277 1960 τὸν
3310 1906 3511 1977 κόσμον
3531 1906 3590 1961 τὸ
3618 1907 3810 1975 Εὐαγ-

544 1990 632 2045 die
664 2006 904 2060 praesens
934 1991 1043 2045 vita
1073 2001 1334 2049 cessaret.

2217 2000 2398 2069 γέλιον
2423 1997 2694 2070 κηρυχθῇ,
2722 1998 2817 2051 καὶ
2842 1995 3221 2069 πληρωθείσης
3250 1997 3352 2067 τῆς
3383 1997 3551 2069 ἕκτης
3583 1996 3806 2068 ἡμέρας

2214 2090 2397 2163 παύσῃ
2428 2089 2518 2143 τὸν
2544 2089 2636 2143 νῦν
2665 2089 2799 2160 βίον.

613 2165 726 2221 νιι.
766 2166 1034 2234 Quoniam
1062 2184 1192 2225 vero
1222 2168 1401 2226 Persae
1433 2170 1688 2227 trecentis
1711 2170 1929 2242 triginta
1955 2174 2114 2228 annis

542 2275 768 2329 regnum
807 2269 1122 2329 tenuerunt,
1151 2270 1206 2316 et
1238 2270 1359 2332 post
1401 2276 1494 2318 eos
1541 2262 1608 2317 ad
1646 2271 1914 2318 trecentos
1939 2278 2114 2319 annos

541 2350 714 2405 Graeci
767 2350 870 2421 ipsi
921 2352 1245 2407 celebriores
1296 2350 1556 2418 fuerunt,
1604 2368 1828 2409 necesse
1873 2363 1998 2417 est,
2052 2364 2114 2409 ut

2285 2181 2398 2236 VII.
2452 2179 2666 2252 Ἐπειδὴ
2691 2180 2800 2252 γὰρ
2830 2180 2880 2233 οἱ
2905 2178 3111 2251 Πέρσαι
3146 2177 3459 2252 ἐκράτησαν
3483 2175 3803 2249 βασιλεύον-

2212 2288 2304 2336 τες
2336 2270 2432 2342 ἐτη
2464 2270 2755 2341 τριακόσια
2779 2270 3076 2342 τριάκοντα
3101 2267 3234 2339 (66),
3271 2268 3364 2321 καὶ
3409 2266 3547 2339 μετὰ
3574 2266 3807 2331 τούτους

2211 2365 2261 2418 οἱ
2295 2362 2551 2434 Ἕλληνες
2595 2361 2750 2415 αὐτοὶ
2796 2361 3122 2433 ἐνδοξότεροι
3170 2360 3507 2432 ὑπάρχοντες
3552 2360 3644 2412 ἐπὶ
3696 2358 3800 2430 ἔτη

541 2449 734 2509 quarta
789 2440 984 2511 bestia,
1012 2449 1271 2511 tanquam
1321 2441 1512 2497 fortior
1536 2451 1591 2498 et
1619 2443 1793 2514 major
1843 2444 2087 2499 omnium

2211 2455 2517 2529 τριακόσια,
2554 2453 2615 2519 ἐξ
2651 2453 2893 2522 ἀνάγκης
2932 2452 2992 2507 τὸ
3022 2453 3282 2524 τέταρτον
3315 2451 3503 2523 θηρίον
3532 2449 3607 2514 ὠς
3641 2452 3800 2521 ἰσχυ-

540 2547 661 2601 quaa
698 2541 825 2588 ante
852 2532 1024 2602 ipsam
1051 2532 1219 2598 fuere,
1242 2534 1557 2605 quingentis
1596 2544 1882 2605 regnatura
1913 2535 1984 2591 sit
2014 2550 2111 2589 an-

2211 2541 2305 2623 29;;
2332 2543 2427 2598 καὶ
2456 2543 2636 2614 μεῖζον
2663 2541 2880 2596 πάντων
2908 2540 3015 2596 τῶν
3043 2539 3351 2613 ἔμπροσθεν
3377 2538 3542 2594 αὐτοῦ
3567 2540 3803 2609 γενομέ-

538 2626 646 2680 nis.
676 2624 1033 2696 Temporibus
1059 2642 1188 2683 vero
1220 2628 1545 2698 adimpletis,
1575 2637 1627 2683 et
1645 2632 1831 2684 decem
1851 2628 2110 2685 cornibus

2211 2650 2336 2695 νων,
2371 2629 2678 2701 βασιλεύσει
2711 2629 2805 2702 ἐτη
2837 2630 3203 2684 πεντακόσια·
3254 2629 3362 2682 τῶν
3401 2627 3606 2699 καιρῶν
3649 2644 3801 2697 συμ-π-

542 2721 830 2788 postremis
861 2736 927 2774 ex
956 2721 1074 2791 ipsa
1097 2721 1317 2792 (bestia)
1342 2722 1568 2787 exortis,
1599 2722 1878 2793 apparebit
1899 2722 1954 2777 in
1975 2723 2110 2793 ipsis

2211 2722 2601 2795 πληρωμένων,
2630 2721 2724 2774 καὶ
2747 2721 2857 2775 τῶν
2888 2721 3019 2775 δέκα
3052 2721 3296 2794 κεράτων
3338 2720 3425 2773 ἐπ’
3460 2717 3704 2789 ἐσχάτων
3733 2719 3797 2786 ἐξ
3854 2741 3867 2749 -

536 2810 929 2866 Antichristus.
959 2810 1074 2866 Hoc
1106 2821 1285 2866 autem
1325 2812 1544 2876 bellum.
1582 2822 1638 2867 et
1677 2813 2106 2884 persecutionem

2211 2814 2370 2869 αὐτοῦ
2403 2812 2783 2884 ἐγειρομένων,
2818 2815 3219 2885 ἀναφανήσεται
3263 2815 3321 2865 ἐν
3353 2812 3537 2875 αὐτοῖς
3558 2812 3586 2865 ό
3624 2811 3798 2864 Ἀντί-

540 2903 803 2961 adversus
847 2913 1065 2960 sanctos
1109 2903 1361 2966 faciente,
1388 2913 1516 2959 tunc
1555 2913 1764 2974 oportet
1792 2904 2107 2962 manifesta-

2211 2924 2457 2978 χριστός·
2510 2907 2696 2960 τούτου
2752 2904 3114 2977 πολεμοῦντος
3170 2905 3264 2960 καὶ
3323 2902 3609 2967 διώκοντος
3661 2906 3794 2969 τοὺς

534 2995 743 3060 tionem
774 2994 996 3051 Domini
1022 2996 1089 3051 de
1123 2996 1278 3051 caelis
1312 2986 1648 3065 exspectare.

2211 2999 2416 3067 ἁγίους,
2446 2998 2565 3051 τότε
2599 2998 2679 3050 δεῖ
2704 2996 3005 3068 προσδοκᾷν
3048 2997 3142 3051 ἀπ’
3172 2995 3412 3069 οὐρανῶν
3455 2994 3555 3064 τὴν
3586 2993 3792 3063 ἐπιφά-

2208 3107 2356 3144 νειαν
2388 3088 2482 3142 τοῦ
2516 3089 2743 3160 Κυρίου.

2131 3132 2181 3197 C

609 3176 754 3233 VIII.
798 3176 1090 3249 Postquam
1125 3177 1387 3249 propheta
1421 3176 1699 3233 veritatem
1740 3192 1951 3242 eorum,
1985 3194 2108 3249 qua:

536 3279 765 3324 ventura
792 3279 993 3333 essent,
1018 3284 1121 3325 nos
1160 3278 1414 3324 accurate
1453 3270 1732 3335 docuerat,
1764 3285 1793 3324 a
1824 3272 2107 3342 proposito

537 3358 829 3423 desisteus,
855 3359 922 3413 ad
953 3359 1242 3414 Persarum
1269 3359 1689 3432 Graecorumque
1709 3360 1997 3430 imperium
2021 3378 2107 3417 re-

537 3449 695 3515 divit,
723 3449 883 3502 aliam
911 3448 1070 3502 nobis
1104 3462 1367 3502 enarrans
1390 3447 1675 3512 visionem,
1709 3463 1830 3517 quae
1859 3446 2020 3511 facta,
2053 3456 2109 3503 et

540 3540 657 3595 suis
690 3540 1090 3608 adimpleta'est
1120 3540 1476 3610 temporibus,
1512 3547 1571 3593 ut
1599 3555 1722 3594 cum
1755 3540 1809 3593 in
1840 3540 1945 3594 hoc
1973 3540 2106 3595 [ide-

533 3632 612 3685 les
643 3647 744 3688 nos
769 3633 1161 3699 constituisset,
1181 3636 1342 3687 etiam
1369 3633 1422 3686 in
1443 3633 1547 3697 eis,
1576 3647 1697 3700 quae
1724 3631 1904 3687 futura
1927 3642 2103 3696 erant,

2287 3178 2420 3234 VIII.
2462 3179 2894 3251 Παυσάμενος,ὁ
2941 3180 3224 3252 προφήτης
3272 3177 3367 3233 τοῦ
3418 3178 3787 3252 προκειμένου

2209 3270 2487 3339 ἑκῦιδὰξας
2518 3271 2666 3342 ἡμᾶς
2698 3270 2836 3342 μετὰ
2866 3271 3046 3342 πάσης
3064 3271 3346 3343 ἀκριϐείας
3374 3270 3482 3324 τῶν
3507 3270 3788 3342 ἐσομένων

2207 3363 2304 3435 τὴν
2335 3361 2651 3433 ἀσφάλειαν,
2688 3360 2887 3432 μετέϐη
2926 3361 3086 3415 πάλιν
3130 3362 3222 3414 ἐπὶ
3261 3363 3359 3434 τὴν
3394 3363 3504 3417 τῶν
3556 3363 3789 3434 Περσῶν

2209 3455 2301 3508 καὶ
2342 3453 2606 3527 Ἑλλήνων
2635 3452 2933 3523 βασιλείαν,
2968 3453 3160 3525 ἐτέραν
3182 3453 3371 3525 ὅρασιν
3403 3455 3533 3525 ἡμῖν
3568 3454 3791 3524 διηγού-

2210 3561 2391 3617 μενος,
2420 3544 2543 3615 ἥτις
2574 3542 2787 3612 ἐγένετο
2816 3545 2907 3596 καὶ
2937 3542 3226 3615 ἐπληρώθη
3263 3546 3320 3597 ἐν
3342 3547 3454 3608 τοῖς
3488 3544 3637 3607 ἰδίοις
3664 3562 3790 3598 και-

2209 3640 2351 3711 ροῖς·
2379 3637 2527 3701 ὅπως
2558 3638 2617 3690 ἐν
2649 3635 2823 3707 τούτῳ
2861 3637 3084 3699 πιστοὺς
3108 3636 3251 3706 ἡμᾶς
3286 3637 3650 3707 καταστήσας,
3687 3637 3787 3689 καὶ

533 3724 804 3778 ﬁdeliores
836 3722 947 3778 Deo
971 3724 1227 3778 exhibere
1258 3730 1461 3791 posset.
1484 3719 1616 3788 Quae
1646 3722 1811 3793 igitur
1852 3722 1906 3776 in
1932 3723 2106 3792 prima

2211 3727 2345 3799 πρὸς
2382 3724 2449 3779 τὰ
2492 3725 2750 3797 μέλλοντα
2780 3722 3024 3793 γίνεσθαι
3051 3724 3398 3795 πιστοτέρους
3420 3725 3497 3796 τῷ
3524 3725 3642 3797 Θεῷ
3676 3744 3785 3779 πα-

531 3813 746 3869 visione
779 3822 1148 3877 enarraverat,
1183 3813 1297 3867 haec
1323 3827 1515 3867 rursus
1546 3827 1575 3866 a
1610 3812 1784 3882 capite
1812 3813 2005 3868 retexit
2032 3815 2100 3868 ad

2211 3819 2473 3891 ραστῆσαι
2499 3816 2728 3888 δυνηθῇ·
2757 3818 2857 3870 ὅσα
2905 3817 3001 3887 μὲν
3046 3812 3139 3870 οὖν
3182 3819 3240 3870 ἐν
3272 3820 3337 3889 τῇ
3373 3817 3562 3890 πρώτῃ
3594 3819 3783 3891 ὁράσει

530 3907 770 3961 ﬁdelium
806 3905 1252 3969 aediﬁcationem;
1292 3904 1507 3958 arietem
1534 3904 1678 3959 enim
1713 3918 1883 3959 cornu
1916 3914 2102 3974 peten-

2211 3911 2515 3982 διηγήσατο,
2545 3908 2717 3962 ταῦτα
2753 3908 2914 3962 πάλιν
2960 3908 3025 3961 ἐκ
3062 3908 3310 3980 δευτέρου
3349 3908 3552 3963 ἄνωθεν
3592 3910 3787 3981 ἐπεξη-

532 4009 639 4052 tem
692 4009 880 4052 contra
929 4012 1101 4060 mare,
1130 3997 1437 4067 aquilonem
1472 4004 1527 4051 et
1561 4005 1829 4061 austrum,
1879 3995 2099 4051 Darium

2211 4004 2399 4070 γεῖται,
2431 3999 2567 4071 πρὸς
2623 3998 2911 4071 οἰκοδομὴν
2964 3999 3071 4051 τῶν
3118 4000 3511 4053 πιστευόντων·
3555 4000 3644 4053 τὸν
3671 4004 3787 4074 γὰρ

529 4089 821 4146 Persarum
879 4105 1059 4160 regem
1108 4090 1390 4154 intellexit,
1422 4089 1516 4159 qui
1564 4104 1753 4144 omnes
1804 4102 1989 4160 gentes
2046 4090 2098 4143 in

2211 4092 2370 4161 κριὸν
2410 4090 2502 4143 τὸν
2530 4087 2883 4160 κερατίζοντα
2916 4089 3057 4140 κατὰ
3087 4089 3378 4155 θάλασσαν,
3424 4091 3520 4145 καὶ
3547 4091 3751 4162 βορρᾶν
3773 4139 3789 4161 ,

529 4197 685 4237 suam
718 4180 925 4253 redegit
956 4188 1311 4251 potestatem;
1346 4182 1427 4235 lue
1467 4183 1629 4247 enim,
1673 4181 1870 4250 inquit,
1921 4182 2101 4237 bestii:

2211 4180 2295 4234 καὶ
2329 4180 2513 4246 νότον,ξ
2526 4179 2745 4249 Δαρεῖον
2773 4177 2918 4247 λέγει
2949 4177 3038 4231 τὸν
3067 4178 3287 4249 βασιλέα
3319 4180 3426 4233 τῶν
3452 4182 3694 4253 Περσῶν,
3716 4184 3776 4248 ὃς,
3804 4188 3815 4195 ’

530 4289 633 4326 non
663 4273 874 4326 stabunt
904 4287 1084 4325 coram
1118 4288 1199 4326 eo.
1236 4271 1461 4326 Hircum
1482 4287 1612 4326 vero
1637 4286 1920 4341 caprarum
1951 4287 1983 4327 a
2011 4271 2102 4326 Li-

2211 4273 2548 4345 περιεγένετο
2600 4270 2816 4324 πάντων
2849 4270 2959 4324 τῶν
3002 4266 3205 4324 ἐθνῶν·
3238 4271 3425 4325 ταῦτα
3448 4272 3581 4343 γὰρ,
3614 4277 3774 4345 φησὶ,
3836 4268 3848 4277 ’

532 4373 649 4436 bya:
667 4372 828 4418 vento
850 4365 1179 4430 venientem,
1202 4364 1568 4418 Alexandrum
1594 4362 1939 4419 Macedonem
1961 4364 2103 4419 Grae-

2211 4364 2273 4418 τὰ
2302 4363 2477 4432 θηρία
2504 4363 2575 4415 οὐ
2617 4361 2947 4429 στήσονται
2987 4362 3242 4415 ἐνώπιον
3288 4366 3476 4419 αὑτοῦ
3499 4382 3514 4396 ·
3563 4365 3669 4418 τὸν
3711 4366 3772 4418 δέ

530 4468 720 4508 corum
762 4468 944 4524 regem
988 4454 1154 4519 dicit;
1185 4453 1329 4523 quod
1360 4468 1490 4508 vero
1519 4451 1792 4525 (Hircus)
1819 4455 2096 4524 appropin-

2211 4452 2418 4533 τράγον
2444 4452 2550 4507 τῶν
2580 4453 2748 4522 αἰγῶν
2770 4454 2860 4508 τὸν
2890 4455 3180 4526 ἐρχόμενον
3201 4455 3310 4509 ἀπὸ
3326 4457 3507 4523 Λιϐὸς,
3524 4456 3771 4520 Ἀλέξαν-

528 4545 764 4613 quaverit
810 4545 880 4598 ad
919 4544 1093 4613 ipsum
1122 4543 1367 4611 arietem,
1400 4544 1750 4615 effcratusque
1787 4546 2099 4612 percusserit

2211 4546 2322 4619 Βρον
2360 4547 2452 4601 τὸν
2500 4545 2782 4601 Μακεδόνα
2829 4545 2996 4616 λέγει,
3028 4545 3119 4600 τὸν
3160 4546 3267 4602 τῶν
3311 4547 3573 4622 Ἑλλήνων
3614 4549 3767 4620 βασι⁴

604 4682 651 4716 ⁸³
689 4680 851 4737 Joan.
880 4698 993 4748 xix,
1032 4683 1119 4737 M.

2203 4834 2349 4907 enim
2411 4833 2556 4903 apud
2607 4835 2785 4907 ipsum
2832 4833 3170 4907 Africanus;
3204 4834 3510 4889 Permansit
3558 4854 3780 4907 regnum

2204 4904 2490 4958 Persarum
2528 4920 2687 4972 usque
2717 4904 2785 4955 ad
2831 4905 3040 4957 initium
3092 4903 3440 4959 Macedonum
3483 4903 3639 4961 annis
3676 4911 3785 4961 ιιι.-

2203 4975 2369 5028 centis
2421 4975 2658 5045 triginta,
2685 4983 2735 5026 et
2761 4973 3211 5045 ipsi_Macedones
3241 4990 3585 5045 regnaverunt
3619 4981 3778 5031 annis

2205 5045 2447 5097 trecentis
2477 5046 2494 5114 (
2521 5043 2734 5097 Comm.
2766 5045 2837 5114 in,
2866 5043 3000 5097 Dan.
3031 5058 3108 5106 tx,
3148 5044 3219 5097 24
3245 5049 3282 5111 ).
3302 5043 3603 5114 Ἐιιεεὺίυε
3645 5062 3781 5101 vero

2204 5114 2542 5186 septuaginta
2574 5129 2750 5186 annos
2776 5113 2926 5186 addit
2958 5129 3024 5186 ex
3052 5114 3241 5186 eodem
3268 5113 3526 5170 Africano
3558 5136 3572 5170 :
3609 5117 3781 5186 Εὑρί-

2205 5201 2408 5307 σκοᾶιεν
2441 5201 2548 5255 γαρ
2577 5201 2674 5253 την
2705 5201 2928 5252 ιιερσων
2971 5201 3246 5252 ρασιλειαν
3300 5201 3444 5238 ετεσι
3480 5201 3777 5251 οιακοσιοις

2203 5271 2291 5326 τρι
2330 5271 2493 5307 κοντα
2545 5254 3040 5374 ⁴περιέραιρομένην,
3073 5256 3174 5324 τήν
3217 5272 3277 5308 τε
3323 5255 3644 5309 Μακεδόνων
3690 5259 3778 5320 εἰς

2205 5325 2298 5374 ἐτη
2329 5323 2612 5374 τριακόσια
2644 5325 2671 5374 ἐ
2707 5324 3008 5374 οομήκοντα
3040 5326 3463 5374 παρατείνουσαν
3497 5325 3515 5374 t
3541 5325 3778 5374 Demon-

2196 5323 2300 5393 ,ἐτη
2329 5323 2612 5395 τριακόσια
2644 5323 3008 5395 ἐὸδομήκοντα
3040 5323 3463 5394 παρατείνουσαν
3497 5325 3778 5395 (Demon-

2206 5393 2596 5466 strat.‘epang.,
2633 5393 2884 5466 vut._‘_2_).
2930 5393 3391 5466 Chronbgraphus
3437 5393 3770 5466 ancuymus.

2207 5464 2302 5532 qui
2328 5462 2660 5518 eodemmvo
2678 5478 2743 5517 ac
2764 5462 3084 5533 Hippolytus
3111 5462 3166 5519 et
3186 5462 3477 5521 Africanus
3506 5462 3639 5519 vixit
3665 5469 3778 5521 sub

2200 5534 2507 5588 Alexandro
2560 5534 2779 5593 Severo,
2814 5534 2969 5587 aliter
3014 5534 3298 5589 Persarum
3352 5549 3405 5591 et
3454 5536 3775 5591 Graecorum

2201 5618 2380 5675 annos
2409 5611 2671 5675 recenset,
2706 5612 2765 5675 ut
2788 5617 2855 5657 ex
2879 5604 2997 5675 illoc,
3022 5604 3142 5675 ipso
3164 5605 3411 5661 diversus
3439 5608 3508 5661 ab
3535 5616 3777 5675 utroque

2201 5672 2655 5746 deprellendatur.
2698 5674 2814 5746 Δᾼρ.
2869 5674 3053 5729 Canis.
3102 5673 3245 5730 Lect.
3298 5679 3493 5746 antiq.,
3527 5672 3772 5744 [Ouk—ll,

2199 5741 2327 5796 edit.
2350 5741 2576 5810 Basuag.
2608 5757 2659 5810 p.
2690 5741 2812 5795 162.

607 4832 1061 4919 (65)‘Singula_ris
1108 4835 1379 4919 flippolyti
1427 4854 1552 4919 erga
1596 4840 1882 4919 D_eipar_am_
1927 4845 2098 4919 pictas

534 4911 777 4972 apparet,
802 4920 922 4972 quae
970 4908 1318 4963 haereditario
1358 4908 1588 4979 quodam
1620 4908 1744 4980 jure
1781 4914 1883 4983 ipsi
1913 4908 2095 4969 cessit.

534 4972 615 5026 Ex
661 4975 908 5043 apostolo
931 4977 1075 5029 enim
1108 4975 1314 5033 Joanne
1346 4980 1399 5033 iu
1434 4979 1811 5043 Polycarpum,
1839 4999 1906 5038 ex
1936 4984 2098 5043 Pulv-

535 4997 615 5026 ιιι
661 4997 908 5055 αμρδιυιυ
931 4997 1075 5029 enim
1108 4997 1314 5033 Joanne
1346 4997 1399 5033 tu
1434 4997 1811 5051 ronycarpum,
1839 4999 1906 5038 ex
1936 4997 2096 5056 1³01)·-

535 5059 702 5113 carpo
729 5060 782 5097 ll]
821 5043 1103 5113 Irenzeum,
1137 5063 1204 5101 ex
1248 5050 1454 5123 Irenaeo
1482 5052 1537 5103 in
1564 5050 1907 5123 Hippolytum
1936 5064 2096 5109 caete-

534 5129 746 5206 r9335:
777 5117 1439 5206 9§t_et<39esae-_,Paria
1481 5117 1677 5206 aiter
1707 5117 1774 5206 ei
1824 5124 2098 5206 Ηίιινοιιιί

534 5186 749 5255 scriptis
782 5186 836 5239 in
866 5186 1137 5255 psalmum
1168 5204 1282 5243 xxn
1314 5192 1550 5245 servavit
1575 5186 1946 5247 Theodorettis
1982 5186 2098 5248 dia-

534 5253 641 5323 log.
680 5255 728 5320 l,
851 5253 940 5322 36,
976 5266 1110 5311 tom.
1140 5258 1230 5312 IV.
1270 5257 1404 5313 Vide
1433 5275 1617 5328 supra.
1668 5260 1866 5316 Eadem
1920 5264 2034 5318 fere
2067 5279 2099 5319 e

534 5333 723 5378 sancto
783 5341 960 5378 renato
1007 5326 1168 5378 habet
1215 5341 1436 5378 sanctus
1464 5327 1701 5378 Joannes
1732 5330 2097 5378 Damnsmnne

532 5333 723 5379 sancto
754 5326 960 5380 Irenaeo
1007 5326 1168 5381 habet
1215 5341 1436 5384 sanctus
1464 5326 1701 5385 Joannes
1731 5330 2097 5388 Damascenns

533 5403 719 5447 contra
750 5393 1042 5452 Jacobitas.

604 5462 716 5542 (βὸ)
759 5468 1071 5533 Τριακόσια
1103 5469 1434 5536 τριάκοντα.
1490 5469 1798 5542 Legendum
1851 5471 2097 5527 διακόσια

531 5532 841 5613 τριάκοντα,
871 5552 992 5605 quae
1023 5532 1336 5608 supputatio
1363 5549 1447 5594 est
1471 5532 1634 5594 etia'm
1672 5539 1801 5595 Julii
1824 5541 2108 5609 Africani,

534 5602 592 5656 S.
622 5604 911 5670 Hippolyto
938 5610 1124 5662 cozevi.
1167 5608 1316 5663 Alter
1344 5625 1561 5670 quoque
1589 5625 1857 5665 annorum
1904 5628 2096 5669 nume—

534 5619 592 5656 δ.
622 5619 911 5673 mpponyto
938 5621 1124 5662 cozevi.
1167 5619 1316 5663 Alter
1344 5625 1561 5679 quoque
1589 5625 1857 5665 annorum
1904 5628 2096 5669 nume—

531 5674 772 5757 rusz‘ilui
802 5675 867 5727 ad
901 5675 1116 5757 Graecos
1152 5680 1403 5757 pertinet,
1444 5681 1585 5757 idem
1612 5692 1695 5735 est
1723 5683 1777 5735 in
1805 5684 2093 5757 Hippolyto

529 5753 584 5795 et
608 5742 884 5808 Africano,
918 5746 965 5798 si
1005 5742 1315 5816 Hieronymi
1346 5742 1647 5806 versionem
1676 5742 1986 5820 sequamur.
2005 5742 2094 5809 λιι

2379 5182 2417 5238 νγ
2441 5183 2548 5255 γὰρ
2577 5182 2674 5253 τὴν
2705 5182 2928 5255 Περσῶν
2971 5182 3246 5252 βασιλείαν
3300 5186 3444 5238 ἔτεσι
3480 5182 3777 5251 διακοσίοις
3878 5230 3885 5231 κ
