4128 6384
328 384 333 389 .
384 332 491 391 649

1539 330 1969 387 ιτιιΑοΜΕΝτΑ
1994 331 2062 386 IN
2095 328 2467 413 DANIELEM,

3513 330 3618 391 0550

384 446 483 501 λέα
505 463 519 477 ·
540 445 603 499 τὸ
618 440 712 499 οὖν
733 442 933 500 ἐλθεῖν
955 442 1105 527 πρὸς
1127 443 1312 498 αὐτὸν
1336 444 1425 496 τὸν
1450 442 1603 514 κριὸν
1627 445 1724 497 καὶ
1751 445 1953 515 ἀγριω-

2062 443 2223 513 ipsum
2260 444 2314 498 in
2356 444 2568 514 faciem,
2605 454 2655 499 et
2683 444 3006 510 contriverit,
3031 455 3081 502 et
3109 448 3387 518 prejecerit
3421 448 3478 501 in
3513 459 3613 502 zei-

387 537 564 608 θῆναι
588 537 792 597 αὐτὸν,
824 536 924 591 καὶ
950 536 1132 604 τύψαι
1162 534 1348 590 αὑτὸν
1368 534 1466 589 ἐπὶ
1496 535 1565 589 τὸ
1607 538 1950 603 πρόσωπον,

388 630 487 686 καὶ
511 618 854 699 συντρίψω,
882 628 981 682 καὶ
1005 629 1182 696 ῥίψαι
1209 628 1395 682 αὐτὸν
1417 627 1515 681 ἐπὶ
1554 626 1670 695 τὴν
1707 626 1823 697 γῆν
1854 627 1954 681 καὶ

384 716 818 787 καταπατῆσαι,
851 717 1008 771 τοῦτο
1041 716 1294 788 σημαίνει
1316 718 1454 789 ὅπερ
1484 717 1576 770 καὶ
1607 718 1914 789 γεγένηται.

456 809 548 865 IX.
589 810 839 881 Συνάψας
887 809 995 881 γὰρ
1041 809 1274 880 πόλεμον
1325 809 1461 881 πρὸς
1511 810 1600 863 τὸν
1659 812 1880 882 Δαρεῖον
1923 812 1953 863 6

397 902 744 975 Ἀλέξανδρος
772 903 955 973 ἴσχυσε
984 903 1103 955 κατ’
1122 900 1307 965 αὑτοῦ,
1335 903 1431 955 καὶ
1458 904 1747 973 προηγεῖτο
1775 901 1953 973 πάσης

384 992 500 1063 τῆς·
523 991 839 1055 δυναστείας
888 988 1074 1055 αὑτοῦ,
1109 990 1315 1044 ἀνελὼν
1344 991 1436 1044 καὶ
1467 992 1856 1062 καταπατήσας
1894 990 1955 1044 τὸ

388 1084 745 1157 στρατόπεδον
773 1082 937 1138 αὑτοῦ
955 1100 970 1113 ·
999 1079 1118 1157 εἶτα
1146 1082 1283 1153 μετὰ
1312 1083 1372 1136 τὸ
1400 1082 1675 1155 ὑψωθῆναι
1705 1085 1793 1139 τὸν
1819 1085 1952 1156 τρά-

385 1192 481 1246 γον
512 1175 621 1229 τῶν
645 1174 837 1244 αἰγῶν,
868 1175 1152 1246 συνετρίϐη
1180 1174 1241 1228 τὸ
1268 1175 1435 1247 κέρας
1466 1176 1649 1239 αὑτοῦ,
1688 1177 1749 1229 τὸ
1789 1177 1952 1248 μέγα,

385 1269 480 1323 καὶ
503 1266 670 1338 ἀνέϐη
700 1267 940 1337 τέσσαρα
971 1266 1176 1338 κέρατα
1208 1267 1463 1322 ὑποκάτω
1493 1268 1678 1331 αὑτοῦ,
1712 1271 1792 1332 εἰς
1829 1270 1954 1334 τοὺς

382 1358 652 1430 τέσσαρας
708 1357 940 1428 ἀνέμους
988 1356 1082 1410 τοῦ
1133 1357 1394 1429 οὐρανοῦ⁸
1442 1359 1718 1430 κρατήσας
1773 1359 1878 1431 γὰρ
1928 1363 1956 1414 ὁ

390 1450 742 1522 Ἀλέξανδρος
774 1450 953 1523 πάσης
985 1450 1082 1519 τῆς
1113 1450 1217 1520 γῆς
1243 1450 1519 1521 Περσίδος,
1562 1451 1655 1504 καὶ
1684 1451 1955 1517 ὑποτάξας

384 1543 600 1605 αὐτοὺς,
628 1539 857 1612 ὕστερονΙ
882 1540 1109 1612 τελευτᾷ
1145 1540 1330 1594 διελὼν
1356 1542 1455 1613 τὴν
1489 1541 1763 1612 βασιλείαν
1791 1542 1955 1596 αὑτοῦ

385 1635 465 1697 εἰς
510 1632 782 1705 τέσσαρας
828 1632 1022 1704 ἀρχὰς,
1067 1633 1143 1697 ὡς
1194 1633 1376 1687 ἐπάνω
1430 1633 1726 1689 δέδεικται’
1782 1634 1841 1701 ἐξ
1895 1628 1955 1688 οὗ

383 1723 593 1792 ὑψώθη
624 1721 803 1791 κέρας
840 1721 911 1776 ἐν
939 1723 1037 1775 καὶ
1068 1723 1436 1794 ἐμεγαλύνθη
1474 1722 1585 1789 ἕως
1621 1720 1731 1792 τῆς
1769 1722 1953 1777 δυνά-

2056 549 2194 600 ram,
2217 544 2267 589 et
2289 534 2801 602 conculcaverit,hoc
2830 537 3124 609 signiﬁcat,‘
3149 539 3296 611 quod
3326 549 3379 595 et
3407 552 3619 611 gestum

2053 632 2156 681 est.

2123 808 2214 865 IX.
2244 808 2379 865 Cum
2420 810 2563 865 enim
2597 811 2796 866 bellum
2833 813 3093 868 adversus
3131 811 3355 868 Darium
3384 813 3617 870 Alexan-

2053 900 2150 956 der
2194 901 2541 971 suscepisset,
2591 905 2836 973 superior
2876 906 3079 972 evasit,
3126 907 3405 977 copiisque
3443 907 3616 978 ipsius

2054 991 2246 1047 deletis
2280 993 2706 1065 proﬂigatisque,
2745 995 2915 1051 totius
2962 998 3113 1068 regni
3159 998 3444 1069 imperium
3480 999 3620 1054 obti-

2055 1084 2205 1150 nuit;
2252 1085 2445 1140 deinde
2494 1095 2779 1156 postquam
2812 1087 2998 1144 hircus
3030 1104 3315 1159 caprarum
3349 1091 3620 1146 exaltatus

2054 1180 2159 1238 est,
2191 1187 2360 1228 cornu
2395 1174 2566 1243 ipsius
2590 1191 2845 1245 magnum
2880 1177 3110 1234 tractum
3135 1189 3236 1246 est,
3267 1189 3321 1235 et
3347 1192 3467 1236 orta
3493 1192 3622 1237 sunt

2055 1275 2294 1335 quatuor
2334 1280 2541 1321 cornua
2594 1267 2780 1322 subter
2826 1269 2956 1324 illud
3007 1286 3103 1339 per
3148 1283 3379 1340 quatuor
3430 1282 3621 1329 ventos

2054 1355 2200 1411 caeli.
2236 1355 2447 1411 Potitus
2478 1359 2676 1428 quippe
2701 1359 3006 1416 Alexander
3032 1363 3181 1416 omni
3218 1362 3508 1419 Persarum
3541 1381 3623 1420 re-

2055 1449 2232 1520 gione,
2261 1449 2502 1520 ipsisque
2523 1451 2578 1504 in
2598 1467 2755 1506 suam
2776 1453 3033 1510 ditionem
3060 1456 3317 1518 redactis,
3344 1465 3621 1525 postremo

2055 1539 2212 1604 obiit,
2243 1554 2413 1609 regno
2439 1554 2540 1594 suo
2565 1539 2618 1594 in
2654 1551 2889 1611 quatuor
2926 1544 3260 1614 principatus
3284 1545 3483 1621 diviso,
3515 1549 3625 1602 vcl-

2057 1630 2139 1686 uti
2188 1632 2444 1700 superius
2486 1630 2586 1685 fuit
2631 1632 3089 1689 demonstratum.
3137 1635 3288 1692 Unde
3328 1639 3622 1693 exaltatum

2055 1732 2133 1779 est
2176 1739 2341 1778 cornu
2374 1739 2557 1790 unum,
2586 1733 2635 1778 et
2675 1726 3073 1795 magniﬁcatum
3122 1738 3198 1782 est
3241 1746 3401 1800 usque
3430 1732 3499 1785 ad
3528 1748 3623 1800 po-

376 1835 535 1887 μεως
583 1815 690 1870 τοῦ
733 1816 992 1884 οὐρανοῦ
1011 1832 1026 1846 ο
1077 1815 1177 1870 καὶ
1219 1815 1291 1869 δι’
1334 1815 1539 1881 αὑτὸν,
1571 1815 1739 1888 φησὶ,
1777 1816 1959 1877 θυσία

2062 1817 2280 1871 tentiam
2307 1815 2455 1878 caeli;
2486 1831 2549 1869 ac
2575 1831 2667 1882 per
2703 1816 2901 1885 ipsum,
2933 1818 3130 1886 inquit,
3159 1822 3480 1890 sacriﬁcium
3513 1832 3624 1876 tur-

383 1909 702 1979 ἐταράχθη,
729 1909 828 1963 καὶ
848 1908 1061 1978 ἐρρίφη
1084 1909 1264 1978 χαμαὶ
1291 1910 1330 1978 ἡ
1355 1908 1730 1977 δικαιοσύνη.

453 2002 521 2056 Χ.
562 2000 854 2070 Γεγὲνηται
896 1999 1006 2069 γὰρ
1050 2000 1079 2053 6
1115 1998 1384 2068 Ἀντίοχος
1414 2000 1443 2051 6
1474 1997 1789 2070 ἐπικληθεὶς
1834 2000 1957 2052 ἐπις

385 2095 559 2167 φανὴς
588 2093 696 2165 (67)
725 2092 800 2146 ὢν
843 2094 908 2147 ἐκ
950 2090 1043 2145 τοῦ
1075 2091 1264 2160 γένους
1301 2091 1679 2164 Ἀλεξάνδρουο
1714 2090 1961 2162 βασιλεύ-

384 2204 486 2250 σας
535 2186 593 2239 δέ
643 2185 744 2256 τῆς
772 2185 990 2258 Συρίας,
1018 2184 1113 2239 καὶ
1149 2184 1219 2256 δὴ
1246 2183 1425 2238 λαϐὼν
1470 2186 1561 2255 ὑφ’
1585 2185 1745 2239 αὑτὸν
1779 2187 1959 2240 πᾶσαν

379 2279 482 2351 τὴν
528 2277 820 2348 Αἴγυπτον,
856 2276 1082 2349 ὕστερον
1118 2276 1284 2349 ἀνέϐη
1331 2278 1424 2330 ἐπὶ
1462 2277 1832 2349 Ἰερουσαλὴμ,
1865 2277 1961 2331 καὶ

382 2369 636 2441 εἰσῆλθεν
665 2371 747 2434 εἰς
777 2369 838 2422 τὺ
863 2369 1127 2439 ἀγίασμα,
1160 2368 1254 2422 καὶ
1285 2368 1444 2423 ἔλαϐε
1477 2369 1687 2433 πάντας
1715 2370 1839 2433 τοὺς
1865 2369 1962 2439 θη-

385 2464 618 2533 σαυροὺς
661 2463 787 2526 τοὺς
838 2464 898 2515 ἐν
936 2463 1068 2533 οἴκῳ
1114 2462 1340 2535 Κυρίου,
1372 2461 1465 2516 κα)⁵
1491 2460 1589 2533 τὴν
1621 2461 1839 2533 λυχνίαν
1860 2463 1961 2534 τὴν

382 2555 613 2627 χρυσῆν,
648 2556 744 2609 καὶ
773 2554 870 2626 τὴν
899 2554 1195 2627 τράπεζαν,
1227 2555 1322 2608 καὶ
1349 2554 1411 2608 τὸ
1439 2553 1839 2625 θυσιαστήριον,
1865 2552 1961 2607 καὶ

382 2646 605 2719 ἐποίησε
646 2648 991 2718 φονοκτονίαν
1039 2648 1279 2720 μεγάλην
1311 2649 1369 2701 ἐν
1412 2648 1477 2719 τῇ
1509 2649 1613 2719 γῇ·
1660 2647 1737 2711 ὡς
1771 2645 1956 2714 λέγει’

380 2737 494 2792 Kal
542 2738 609 2792 τὸ
653 2739 826 2809 ἅγιον
852 2740 1383 2810 συμπατηθήσεται
1419 2739 1530 2805 ἕως
1567 2737 1829 2807 ἑσπέρας
1860 2737 1959 2792 καὶ

379 2831 492 2898 ἕως
534 2832 687 2900 πρωϊ-
727 2830 939 2903 ἡμέραι
982 2832 1171 2902 χίλιαι
1214 2831 1563 2899 τριακόσιαι.
1605 2829 1811 2901 Συνέϐη
1850 2829 1960 2902 γάρ

383 2925 504 2978 κατ’
541 2924 866 2978 ἐκεῖνοντὸν
890 2924 1100 2996 καιρὸν,
1131 2924 1259 2996 τρία
1283 2923 1451 2994 ἥμισυ
1489 2921 1584 2993 ἔτη
1613 2921 1815 2994 ἔρημον
1843 2923 1962 2992 μεῖ-

382 3029 471 3066 ναι
518 3012 579 3066 τὸ
624 3013 892 3084 ἁγίασμα,
925 3013 1001 3078 ὡς
1046 3013 1398 3084 πληρωθῆναι
1425 3011 1602 3083 χιλίας
1645 3011 1960 3084 τριακοσίας

2054 1909 2239 1963 batum
2269 1918 2368 1975 est,
2390 1917 2441 1963 et
2461 1908 2606 1963 humi
2630 1908 2838 1972 iustitia
2861 1909 3064 1980 dejecta
3087 1920 3186 1965 est.

2126 2000 2195 2055 X.
2225 1999 2352 2055 Fuit
2390 2000 2535 2056 enim
2584 2000 2888 2056 Antiochus
2919 2011 3278 2073 cognomento
3316 2001 3625 2072 Epiphanes

2057 2107 2125 2148 ex
2152 2092 2447 2148 Alexandri
2479 2092 2848 2159 successione,
2879 2094 2974 2162 qui
3001 2109 3124 2149 cum
3159 2096 3215 2149 in
3247 2094 3401 2166 Syria
3437 2109 3627 2164 regna-

2058 2194 2160 2249 ret,
2206 2194 2261 2240 et
2314 2183 2609 2256 Egyptum
2648 2185 2961 2241 universam
3014 2188 3069 2240 in
3124 2201 3280 2241 suam
3334 2187 3630 2256 redegisset

2058 2284 2401 2348 potestatem,
2434 2278 2649 2332 tandem
2705 2278 2760 2331 in
2810 2275 3111 2333 Jerusalem
3151 2278 3430 2340 ascendit,
3464 2279 3629 2349 inque

2061 2368 2434 2426 sanctuarium
2467 2368 2768 2437 ingressus,
2798 2382 2989 2424 omnes
3019 2369 3327 2436 thesauros,
3355 2370 3446 2439 qui
3472 2380 3630 2424 erant

2059 2461 2115 2516 in
2146 2461 2310 2516 domo
2338 2459 2577 2528 Domini,
2609 2470 2663 2516 et
2701 2461 3086 2517 candelabrum
3116 2478 3365 2527 aureum,
3392 2473 3446 2517 ct
3474 2478 3629 2517 men.~

2059 2567 2201 2619 sam,
2246 2560 2300 2607 et
2334 2553 2523 2618 altare,
2553 2554 2795 2619 abstulit,
2828 2554 3210 2624 ingentemque
3252 2555 3308 2608 in
3344 2565 3487 2609 terra
3518 2571 3627 2610 cae-

2060 2646 2182 2699 dem
2209 2644 2355 2710 fecit,
2398 2646 2540 2700 sicut
2568 2645 2739 2699 dicit:
2773 2643 2842 2698 Et
2886 2647 3255 2699 sanctuarium
3292 2645 3627 2699 conculcabi-

2061 2744 2169 2802 tur,
2214 2752 2375 2806 usque
2420 2735 2489 2789 ad
2539 2752 2834 2805 vesperam,
2880 2745 2928 2789 et
2971 2752 3130 2807 usque
3159 2739 3228 2790 ad
3266 2752 3418 2792 mane
3448 2736 3628 2790 diebus

2062 2825 2206 2880 mille
2239 2827 2500 2881 trecentis.
2536 2826 2746 2881 Accidit
2771 2826 2914 2880 enim
2946 2840 3044 2896 per
3077 2826 3132 2881 id
3165 2835 3398 2897 tempus,
3430 2835 3490 2881 ut
3529 2830 3630 2881 tri-
3701 2817 3713 2826 ’

2060 2916 2162 2973 bus
2194 2932 2320 2973 cum
2344 2916 2570 2972 dimidio
2595 2917 2754 2973 annis
2781 2917 3053 2973 desertum
3097 2926 3341 2973 maneret
3374 2927 3629 2973 sanctua-

2062 3009 2227 3073 rium,
2258 3018 2317 3065 ut
2347 3009 2776 3079 adimplerentur
2821 3008 2968 3064 mille
3011 3011 3238 3064 trecenti
3275 3010 3413 3077 dies,
3456 3010 3631 3065 donec

384 3103 615 3175 ἡμέρας,
663 3103 855 3178 μέχρις
912 3096 974 3158 οὗ
1023 3104 1257 3168 ἀναστὰς
1296 3103 1496 3169 Ἰούδας
1524 3105 1554 3156 6
1580 3102 1961 3169 Μακκαϐαῖος,

2065 3116 2296 3170 surgens
2347 3099 2516 3155 Judas
2563 3099 2904 3156 Macbabazus
2948 3110 3071 3170 post
3128 3100 3335 3156 obitum
3393 3100 3632 3156 Matthiae

389 3196 523 3265 μετά
555 3194 653 3267 τὴν
683 3196 937 3267 τελευτὴν
977 3195 1219 3251 Ματθίου
1249 3195 1343 3249 τοῦ
1376 3196 1581 3268 πατρὸς
1611 3192 1774 3249 αὑτοῦ
1804 3194 1963 3248 ἀντέ-

385 3301 486 3357 στη
531 3286 701 3357 αὐτῷ,
730 3287 821 3341 καὶ¹
864 3286 1086 3356 ἐξέκοψε
1131 3285 1231 3351 τάς
1274 3285 1625 3359 παρεμϐολὰς
1664 3286 1958 3356 Ἀντιόχου,

384 3375 480 3429 καὶ
518 3375 850 3447 ἐλευθέρωσε
881 3375 979 3448 τὴν
1017 3375 1194 3442 πόλιν,
1223 3376 1318 3431 καὶ
1344 3377 1683 3448 ἀνεκτήσατο
1695 3376 1961 3446 τὰδἈγια,

385 3466 483 3522 καὶ¹
527 3467 867 3523 ἀνεκαίνισεν
911 3467 1070 3535 αὐτὰ,
1094 3469 1326 3540 ποιήσας
1357 3467 1534 3523 πάντα
1562 3467 1703 3523 κατά
1745 3468 1837 3522 τὸν
1871 3465 1963 3522 νό-

458 3652 552 3708 XI.
606 3651 824 3724 Ἐπειδὴ
869 3646 963 3706 οὖν
1010 3652 1105 3707 καὶ
1149 3655 1178 3707 6
1214 3652 1443 3722 ἄγγελος
1487 3652 1745 3726 Γαϐριὴλ,
1782 3652 1964 3718 καθὼς

390 3741 478 3812 ὑφ’
507 3742 663 3814 ήμῶν
690 3744 960 3815 νενόηται,
998 3742 1171 3808 οὕτως
1198 3742 1370 3798 ταῦτα
1397 3744 1694 3817 διηγήσατο
1721 3745 1798 3817 τῷ
1828 3762 1964 3817 προ-

390 3837 556 3910 φήτῃ,
588 3836 771 3901 καθὼς
800 3838 895 3891 καὶ
925 3837 1157 3907 ἐγένετο,
1198 3837 1291 3892 καὶ
1322 3839 1380 3892 ἐν
1409 3841 1519 3903 τοῖς
1548 3840 1965 3905 Μακκαϐαϊκοῖς

393 3927 580 3996 σαφῶς
605 3926 784 3982 πάντα
813 3922 1242 4001 ἀναγέγραπται,
1268 3927 1468 3998 ἴδωμεν
1492 3927 1588 3982 καὶ
1613 3931 1673 3983 ἐν
1703 3931 1822 3992 ταῖς
1848 3928 1966 3981 ἐτέ-

396 4035 515 4091 ραις
559 4018 819 4091 ἑϐδομάσι
845 4019 898 4072 τί
924 4018 1101 4088 λέγει’
1126 4012 1282 4082 οὗτος
1305 4018 1415 4091 γὰρ
1445 4019 1709 4088 ἀναγνοὺς
1743 4020 1843 4091 τὴν
1886 4019 1966 4089 βί-

392 4110 515 4164 ϐλον
555 4110 821 4183 Ἱερεμίου
860 4110 955 4165 τοῦ
996 4112 1296 4183 προφήτου,
1325 4112 1384 4164 ἐν
1408 4104 1442 4185 ᾖ
1464 4110 1788 4181 γέγραπται,
1819 4110 1967 4165 ἐϐδο-

396 4203 637 4273 μήκοντα
677 4202 773 4274 ἐτη
824 4201 1026 4275 ἔρημον
1074 4201 1291 4255 ἔσεσθαι
1343 4202 1404 4254 τὸ
1458 4202 1726 4272 ἀγίασμα,
1775 4204 1834 4255 ἐν
1878 4218 1966 4272 νη-

394 4294 619 4359 στείαις,
665 4296 759 4350 καὶ
787 4294 1037 4366 δεήσεσιν
1070 4293 1558 4366 ἐξομολογούμενος
1603 4293 1834 4358 ἱκέτευε,
1864 4293 1964 4347 τά-

2064 3194 2236 3261 patris
2262 3193 2369 3257 sui,
2391 3192 2593 3248 restitit
2635 3192 2762 3263 ipsi,
2786 3194 3096 3264 castrisque
3125 3193 3381 3248 Antiochi
3414 3195 3627 3258 deletis,

2063 3281 2302 3352 urbsque
2350 3282 2405 3335 in
2440 3282 2739 3337 libertatem
2774 3276 3068 3349 vindicata,
3108 3283 3447 3352 recuperavit
3489 3282 3630 3337 San-

2061 3382 2167 3437 cta,
2196 3374 2561 3428 et-renovavil
2596 3372 2708 3439 illa,
2735 3375 2919 3428 omnia
2946 3373 3101 3445 juxta
3135 3374 3303 3446 legem
3332 3374 3558 3431 faciens.

2130 3662 2221 3718 XI.
2254 3662 2522 3730 Quoniam
2551 3677 2682 3718 vero
2723 3663 2887 3717 etiam
2922 3662 3148 3733 angelus
3197 3662 3411 3718 Gabriel
3440 3660 3635 3734 quem-

2065 3756 2358 3812 admodum
2411 3773 2443 3811 a
2489 3756 2647 3812 nobis
2691 3755 2967 3811 intellecta
3013 3765 3171 3821 sunt,
3222 3756 3337 3811 haec
3383 3756 3459 3811 ita
3507 3772 3636 3811 nar-

2062 3850 2203 3906 ravit
2245 3850 2552 3919 prophetae,
2587 3849 2665 3905 uti
2698 3857 2751 3903 et
2801 3856 2981 3919 gesta,
3027 3858 3082 3903 et
3126 3849 3181 3903 in
3228 3850 3381 3904 libris
3412 3847 3635 3903 Marha-

2063 3942 2305 3997 baeorum
2354 3948 2540 4010 aperte
2584 3938 2768 3994 omnia
2809 3939 3081 4008 descripta
3121 3937 3318 3993 fuere:
3350 3939 3636 3992 videamus

2063 4040 2118 4086 et
2152 4032 2206 4085 in
2235 4030 2359 4085 aliis
2388 4028 2817 4085 hebdomadibus
2843 4028 2975 4098 quid
3005 4028 3166 4082 dicat.
3206 4026 3304 4083 Hic
3333 4028 3479 4081 enim
3506 4043 3631 4082 cum

2063 4118 2310 4175 Jeremia:
2335 4119 2611 4188 prOpbetaa
2646 4117 2845 4171 librum
2889 4117 3126 4187 legisset,
3154 4117 3208 4172 in
3235 4133 3342 4186 quo
3370 4118 3634 4186 scriptum

2064 4219 2204 4275 erat,
2240 4210 2576 4281 septuaginta
2607 4209 2768 4263 annis
2794 4207 3068 4263 desertum
3107 4208 3347 4263 futurum
3378 4218 3637 4263 sanctua-

2069 4301 2234 4366 rium,
2284 4300 2338 4353 in
2377 4299 2602 4370 jejuniis
2629 4308 2683 4353 et
2726 4298 3197 4355 obsecrationibus
3241 4300 3506 4356 conﬁtens
3542 4302 3637 4357 de-
3736 4371 3741 4376 _

393 4402 507 4458 χιον
547 4386 871 4459 ἐπιπρέψαι
915 4386 1006 4441 τὸν
1048 4385 1174 4440 λαὸν
1219 4388 1284 4441 ἐκ
1324 4387 1425 4459 τῆς
1466 4385 1842 4458 αἰχμαλωσίας
1884 4388 1961 4450 είς

2070 4392 2422 4463 precabatur,
2469 4400 2531 4446 ut
2573 4391 2805 4446 celerius
2853 4391 3091 4461 populus
3134 4407 3167 4447 e
3217 4392 3527 4462 captivitate
3578 4393 3634 4447 in

407 4479 744 4551 Ἱερουσαλήν
769 4479 866 4551 τὴν
887 4480 1040 4533 πόλιν
1056 4495 1070 4509 ο
1098 4478 1271 4545 οὕτως
1289 4475 1382 4534 οὖν
1405 4478 1755 4552 διηγούμενος
1783 4478 1961 4548 λέγει·

2069 4482 2369 4539 Jerusalem
2401 4483 2594 4539 urbem
2634 4490 2995 4538 reverteretur
3031 4498 3043 4533 :
3072 4483 3152 4538 sic
3185 4482 3350 4552 igitur
3373 4497 3638 4537 enarratis

407 4571 503 4624 Ἐν
523 4570 603 4636 τῷ
627 4569 830 4639 πρώτῳ
870 4570 989 4624 ἔτει
1020 4571 1261 4639 Δαρείου
1290 4571 1397 4626 τοῦ
1424 4571 1560 4626 υἱοῦ
1603 4569 1966 4640 Ἀσσουήρου

395 4661 511 4716 ἀπὸ
542 4658 880 4731 σπέρματος
915 4658 1035 4714 τῶν
1059 4660 1296 4728 Μήδων,
1327 4660 1405 4736 ᾕὸς
1432 4662 1829 4715 ἐϐασίλευσεν
1868 4659 1969 4714 ἐπὶ

310 4798 311 4801 η
395 4749 848 4820 τὴνβασιλείαν
871 4748 989 4805 τῶν
1018 4750 1357 4806 Χαλδαίων·
1389 4750 1504 4820 ἐγὼ
1527 4751 1751 4821 Δανιὴλ
1788 4752 1971 4824 συνῆ-

399 4860 476 4897 ua
493 4843 565 4897 ἐν
588 4843 717 4909 ταῖς
737 4843 976 4910 ,ϐίϐλοις
1004 4843 1113 4897 τὸν
1135 4844 1383 4915 ἀριθμὸν
1402 4843 1519 4899 τῶν
1540 4843 1710 4909 ἐτῶν,
1745 4845 1825 4912 ὡς
1846 4847 1971 4915 ἐγε-

399 4934 552 5004 νήθη
588 4936 770 5005 λόγος
792 4936 1011 5004 Κυρίου
1039 4936 1188 5005 πρὸς
1223 4936 1497 5007 Ἱερεμίαν
1519 4936 1627 4991 τὸν
1658 4936 1971 5006 προφήτην

400 5028 488 5094 εὶς
530 5025 970 5097 συμπλήρωσιν
1016 5027 1363 5098 ἐρημώσεως
1401 5028 1784 5099 Ἰερουσαλὴμ
1806 5029 1970 5083 ἐϐδο-

398 5117 667 5188 μήκοντα
690 5121 794 5188 ἐτη
817 5136 831 5150 ⁸
865 5119 959 5174 καὶ
987 5120 1133 5193 ἐξῆς.

470 5212 591 5266 ΧΠ.
629 5211 785 5266 Μετά
833 5212 931 5283 τὴν
980 5211 1360 5284 ἐξομολόγησιν
1405 5211 1570 5266 αὑτοῦ
1619 5213 1712 5267 καὶ
1762 5213 1966 5285 δέησιν,

406 5304 566 5377 φησὶν
590 5305 619 5357 ὁ
651 5304 881 5374 ἅγγελος
919 5304 1055 5375 πρὸς
1080 5304 1274 5358 αὐτόν’
1324 5305 1502 5373 Ἀνὴρ
1546 5304 1866 5374 ἐπιθυμιῶν
1887 5305 1969 5360 σὺ

406 5388 491 5445 εἷ’
522 5392 694 5465 ταῦτα
718 5394 828 5465 γὰρ
860 5394 984 5447 ἰδεῖν
1009 5394 1308 5465 ἐπιθυμεῖς,
1339 5393 1484 5465 ἆπερ
1510 5382 1576 5446 δι’
1596 5392 1729 5463 ἐμοῦ
1760 5392 1972 5463 μέλλεις

312 5518 317 5523 -
407 5483 793 5543 διακονεῖσθαι⁸
839 5484 1014 5557 καιρῷ
1053 5485 1111 5539 δὲ
1155 5485 1269 5557 ἰδίῳ
1306 5484 1480 5540 ταῦτα
1514 5485 1930 5557 πληρωθήσεται
1954 5502 1969 5517 ο

409 5579 499 5633 καὶ
528 5580 795 5652 ἐπήνεγκε
838 5579 1028 5648 λέγων’
1057 5584 1112 5633 0'
1153 5578 1470 5649 ἐϐδομάδες
1503 5577 1969 5648 συνετμήθησαν

2072 4580 2151 4635 ait
2178 4594 2191 4631 :
2218 4576 2284 4631 In
2326 4578 2496 4647 primo
2548 4593 2686 4630 anno
2741 4575 2897 4629 Darii
2949 4575 3050 4645 filii
3085 4575 3303 4629 Assueri
3338 4576 3402 4629 de
3442 4578 3638 4631 semine

2073 4671 2369 4734 Medorum,
2398 4670 2488 4741 qui
2530 4669 2762 4740 regnavit
2793 4685 2949 4738 super
2992 4684 3204 4738 regnum
3244 4667 3635 4734 Chaldaeorum,

2073 4780 2166 4835 ego
2191 4760 2383 4815 Daniel
2422 4759 2656 4814 intellexi
2690 4760 2743 4813 in
2779 4759 2928 4813 libris
2957 4774 3230 4812 numerum
3267 4776 3542 4822 annorum,
3574 4761 3638 4814 de

2069 4872 2172 4925 quo
2200 4853 2374 4923 factus
2416 4860 2494 4907 est
2537 4867 2705 4906 sermo
2740 4850 2955 4904 Domini
2986 4849 3055 4904 ad
3094 4849 3381 4905 Jeremiam
3417 4851 3639 4920 prophe-

2070 4955 2202 5012 tam,
2228 4954 2287 4998 ut
2312 4943 2695 5014 complerentur
2728 4942 3065 4996 desolationis
3087 4941 3386 4997 Jerusalem
3422 4953 3635 5011 septua-

2067 5041 2216 5111 ginta
2246 5038 2406 5103 anm';
2429 5046 2482 5094 et
2509 5051 2632 5107 qua:
2662 5047 2985 5106 sequuntur.

2138 5214 2255 5269 ΧΠ.
2288 5214 2419 5271 Post
2448 5212 2871 5280 confessionem,
2898 5220 2951 5268 et
2978 5213 3410 5269 obsecrationem
3437 5211 3633 5282 ipsius,

2074 5306 2251 5377 inquit
2294 5305 2519 5377 angelus
2544 5308 2611 5359 ad
2655 5304 2831 5373 ipsum
2865 5321 2880 5358 :
2917 5302 3009 5355 Vir
3031 5301 3411 5356 desideriorum
3443 5310 3499 5354 ιιι
3530 5316 3582 5353 es
3616 5315 3635 5352 :
3692 5316 3693 5319 η

2074 5398 2190 5453 οπο
2213 5397 2360 5450 enim
2395 5397 2535 5451 scire
2560 5394 2736 5463 cupis,
2770 5408 2891 5462 qua:
2929 5408 3026 5461 per
3065 5406 3151 5444 me
3189 5391 3284 5444 tibi
3325 5399 3453 5445 nota
3484 5389 3634 5457 ﬁent,

2075 5496 2320 5559 tempore
2366 5502 2497 5541 vero
2539 5496 2651 5547 suo,
2692 5484 2878 5539 eadem
2930 5484 3295 5552 perficientur,
3352 5492 3406 5537 et
3457 5480 3638 5536 intulit

2073 5581 2304 5651 dicens:
2356 5577 2703 5648 Septuaginta
2751 5575 3096 5630 hebdomade:
3150 5572 3464 5629 abbreviatte
3514 5583 3635 5626 sunt

484 5755 595 5830 (67)
635 5754 710 5811 De
730 5755 1074 5824 Amic/tritta,
1117 5758 1207 5823 49,
1249 5758 1324 5815 ὢν
1371 5757 1589 5828 ἔκγονος
1632 5756 1961 5829 Ἀλεξάνδρα

2062 5756 2296 5847 Εκγονος
2328 5757 2616 5829 Hippolyto
2645 5755 2788 5811 idem
2815 5763 2900 5813 est
2923 5762 3088 5827 atque
3121 5755 3391 5826 ἐπίτονος.

660 5938 663 5945 Α
690 5852 963 5917 Parnm.
985 5852 1098 5917 (ita.
1134 5852 1217 5915 X.

3248 5852 3320 5909 21
