4128 6388
385 281 406 299 ’
473 313 569 367 ssi
1365 316 1422 371 s.
1463 316 1825 374 IIIPPOLYTI
1859 320 2008 376 app.
2049 321 2228 378 mas
2265 325 2302 379 I.
2346 356 2413 368 -
2454 327 2863 390 exsomnes.
3595 334 3702 389 652

471 446 626 500 super
671 430 921 500 populum
968 440 1132 497 tuum,
1180 440 1229 486 et
1279 449 1431 501 super
1475 437 1651 489 urbem
1681 450 1941 507 sanctam,
1972 458 2017 496 ut

2129 445 2225 498 ἐπὶ
2253 444 2358 498 τὸν
2388 449 2542 500 λαόν
2577 464 2715 513 σου,
2743 450 2840 503 καὶ
2868 449 2965 503 ἐπὶ
3006 449 3121 519 τὴν
3152 452 3331 505 πόλιν
3352 449 3469 520 τὴν
3501 452 3696 522 ἁγίαν,

469 530 896 575 consummentur
921 522 1374 590 prrevaricationes
1402 534 1452 578 et
1476 526 1774 595 sigillentur
1793 539 2024 599 peccata,

469 618 519 662 et
552 608 826 662 deleantur
864 610 1188 679 iniquitates,
1223 621 1274 666 et
1316 613 1613 684 obsignatur
1651 618 1800 684 visio,
1825 628 1875 672 et
1901 636 2026 689 pro-

470 700 649 767 pheta,
671 710 720 754 et
746 710 973 772 ungatur
1011 700 1235 758 Sanctus
1266 716 1569 760 sanctorum
1599 723 1618 762 :
1656 718 1705 763 et
1731 726 2025 781 cognosces,

472 803 520 847 et
546 793 802 866 intelliges
831 799 895 849 ab
923 798 1067 851 exitu
1103 814 1427 865 sermonum,
1454 816 1513 855 ut
1558 804 1951 872 respondeatur,
1977 816 2027 859 et

471 885 761 953 adiﬁcetur
813 884 1145 954 Jerusalem,
1192 906 1351 960 usque
1396 892 1466 946 ad
1523 892 1789 950 Christum
1843 896 2026 951 ducem

468 979 809 1034 hebdomades
834 991 1046 1051 septem,
1071 993 1119 1038 et
1146 982 1488 1042 hebdomade:
1517 992 1727 1061 sexaqin
1737 1000 1791 1045 ta
1816 993 1954 1048 dum.

540 1070 676 1126 XIII.
706 1072 840 1127 Cum
878 1074 1061 1145 itaque
1114 1076 1353 1148 (Gabriel
1410 1082 1652 1153 angelus)
1684 1098 1790 1137 ιιι
1820 1084 2024 1140 hebdo-

470 1161 655 1218 mades
686 1163 1044 1233 nominasset,
1103 1182 1303 1238 easque
1346 1169 1402 1224 in
1465 1171 1603 1228 duas
1628 1184 1811 1245 partes
1842 1177 2028 1233 distri—

469 1252 697 1321 buisset,
737 1265 797 1310 ut
828 1257 1000 1327 magis
1045 1257 1436 1331 intelligeretur
1486 1266 1629 1334 quod
1673 1267 1741 1322 ab
1798 1269 1921 1339 ipso
1959 1271 2026 1325 ad

467 1345 782 1415 prophetam
813 1347 1114 1417 dicebatur,
1145 1352 1218 1408 ita
1241 1365 1561 1424 prosecutus
1587 1367 1670 1412 est
1695 1377 1708 1413 :
1755 1359 1924 1430 Usque
1955 1364 2023 1416 ad

466 1436 735 1492 Christum
767 1441 950 1495 ducem
1002 1442 1344 1500 hebdomades
1389 1458 1610 1515 septem;
1638 1465 1759 1515 qua:
1791 1453 2026 1521 quadra-

463 1530 612 1598 ginta
653 1545 846 1585 novem
882 1547 1056 1588 annos
1104 1533 1330 1591 faciunt.
1367 1536 1637 1609 Vigesimo
1663 1542 1840 1611 primo
1880 1559 2024 1601 anno

464 1620 608 1675 videt
654 1622 770 1677 lucc
821 1622 1095 1694 Babylone
1154 1625 1368 1696 Daniel;
1424 1631 1781 1703 quadraginta
1830 1648 2023 1692 novem

464 1713 629 1782 igitur
653 1715 812 1771 annis
867 1717 935 1772 ad
969 1718 1290 1788 vigesimum
1343 1722 1577 1791 primum
1625 1726 1845 1794 additis,
1878 1743 2025 1783 com-

460 1804 680 1873 plentur
709 1808 1049 1878 septuaginta
1087 1811 1237 1875 anni,
1271 1826 1411 1881 quos
1443 1813 1636 1872 beatus
1669 1820 2022 1887 praedixitJe-

461 1896 698 1951 remias:
736 1895 1077 1968 Septuaginta
1121 1904 1273 1954 annis
1312 1902 1605 1959 desolatam
1643 1909 1743 1962 erit
1771 1921 2020 1966 sanctua-

460 1988 601 2040 rium
630 1998 757 2079 post
791 1992 1146 2059 captivitatem
1198 2011 1231 2047 a
1262 1994 1748 2053 Nabuchodonosor
1799 2002 2017 2072 factam,

460 2087 508 2131 et
537 2088 655 2148 post
681 2081 792 2136 haec
818 2093 1102 2137 revertetur
1151 2086 1393 2155 populus,
1439 2098 1487 2143 et
1535 2090 1785 2160 oﬂ'eretur
1811 2095 2018 2165 sacri/i-

459 2171 621 2236 cium,
644 2183 692 2227 et
732 2173 949 2241 oblatio,
979 2174 1189 2230 Christo
1212 2177 1343 2232 duce
1370 2181 1605 2250 ipsorum
1628 2182 1694 2238 ⁸⁸.

530 2262 671 2318 XIV.
703 2263 780 2319 De
808 2280 920 2336 quo
943 2282 1072 2323 vero
1096 2266 1313 2325 Christo
1342 2271 1613 2342 loquitur,
1660 2276 1766 2331 nisi
1802 2277 1869 2332 de
1889 2275 2016 2334 Jesu

458 2351 571 2407 ﬁlio
592 2351 837 2420 Josedec,
863 2356 957 2426 qui
1006 2371 1071 2413 eo
1127 2365 1369 2431 tempore
1399 2379 1504 2419 una
1534 2381 1657 2420 cum
1695 2369 1894 2437 popqu
1930 2371 2046 2424 re-'

457 2459 650 2501 versus
684 2453 789 2511 est,
820 2456 873 2502 et
913 2451 1312 2522 septuagesimo
1339 2468 1482 2510 anno
1507 2460 1819 2515 sanctuario
1846 2460 2017 2517 aedili-

456 2544 600 2602 cato,
632 2535 949 2594 obtulerunt
980 2543 1306 2600 sacriﬁcium
1337 2549 1634 2603 secundum
1658 2550 1867 2619 legem?
1892 2551 2016 2608 0m-

457 2639 556 2679 nes
587 2626 730 2681 enim
761 2643 915 2700 reges
936 2641 991 2686 et
1019 2634 1326 2691 sacerdotes
1358 2639 1765 2707 appellabantur
1787 2641 2011 2713 Christi,

457 2726 741 2786 propterea
773 2721 919 2791 quod
956 2723 1058 2793 ipsi
1090 2724 1210 2780 oleo
1232 2737 1443 2793 sancto,
1472 2733 1618 2799 quod
1647 2735 1857 2801 paravit
1884 2737 2013 2791 olim

362 2821 368 2828 ·
456 2806 694 2879 Moyses,
727 2813 1085 2883 ungebantur.
1116 2814 1182 2870 lli
1214 2817 1377 2887 igitur
1405 2818 1618 2874 Domini
1646 2838 1842 2879 nomen
1874 2825 2014 2882 iere-

459 2899 611 2965 hant,
635 2899 692 2953 in
726 2903 920 2973 scipsis
962 2904 1188 2976 ﬁguram
1234 2921 1711 2979 pramonstrantes
1738 2924 1793 2971 et
1821 2918 2016 2989 imagi-

457 3002 579 3041 nem
610 2988 989 3061 praal‘erentes,
1041 2999 1218 3065 quoad
1276 3014 1449 3069 usque
1477 3017 1510 3056 e
1557 3005 1708 3059 cmlis
1739 2988 2011 3075 perlectus

2126 537 2231 590 τοῦ
2256 532 2577 607 σςρραγῖο-αι
2621 541 2927 615 αμαρτίας,
2955 543 3055 596 καί
3084 543 3189 597 τοῦ
3214 542 3540 612 ἀπαλεῖψαι
3569 543 3699 599 ἀδι-

2126 626 2280 691 κίας,
2317 627 2414 679 καὶ
2456 628 2560 698 τοῦ
2596 629 2921 699 σφραγῖσαι
2950 630 3182 700 ὅρασιν,
3228 630 3329 685 καί
3359 631 3697 700 προφήτην,

2126 714 2225 767 καί
2240 716 2343 769 τοῦ
2360 716 2768 789 χρῖσαιἊτιον
2796 721 2996 791 ἁγίων*
3014 724 3110 776 καὶ
3143 723 3472 793 τνώσῃ,καὶ
3502 724 3700 790 συνή-

2125 821 2255 872 σεις
2275 806 2395 859 ἀπὸ
2418 807 2630 871 ἐξόδου
2656 812 2870 879 λόγων,
2888 812 2993 866 τοῦ
3019 814 3428 883 ἀποκριθῆναι,
3460 815 3558 868 καὶ
3588 815 3698 870 τοῦ

2125 897 2510 967 οἰκοδομῆσαι
2524 901 2923 970 Ἰερουσαλὴμ,
2939 902 3050 969 ἕως
3079 904 3337 973 Χριστοῦ
3359 903 3698 975 ἡγουμένου

2124 990 2442 1060 ἑϐδομάδος
2463 993 2631 1057 ἑπτὰ,
2662 995 2759 1048 καί
2783 995 3102 1065 ἐδδομὰδες
3130 998 3428 1068 ἐξήκοντα
3455 1000 3585 1055 δύο.

2195 1081 2333 1137 XIII.
2378 1084 2776 1157 Ἑϐδομήκοντα
2812 1083 2904 1141 οῦν
2936 1088 3233 1159 ἑϐδομάδας
3264 1091 3554 1163 ὀνομάσας,
3598 1090 3696 1146 καὶ

2124 1173 2309 1227 διελὼν
2335 1175 2503 1238 αὐτὰς
2549 1178 2629 1240 εἰς
2669 1177 2783 1241 δύο,
2831 1179 2917 1231 ἵνα
2951 1180 3149 1250 μᾶλλον
3180 1182 3343 1252 νοηθῇ
3388 1182 3450 1235 τὸ
3481 1183 3572 1236 ὑπ’
3597 1182 3697 1236 αὑ-

2124 1264 2217 1317 τοῦ
2254 1265 2386 1336 πρὸς
2415 1267 2505 1320 τὸν
2554 1270 2838 1340 προφήτην
2881 1270 3230 1341 λαλούμενον,
3288 1274 3450 1342 φησὶν
3494 1271 3691 1337 οὕτως’

2128 1357 2273 1421 Ἕως
2295 1358 2551 1425 Χριστοῦ
2578 1359 2912 1429 ἡγουμένου
2941 1361 3260 1431 ἐδδομὰδες
3283 1362 3452 1417 ἐπτὼ
3479 1364 3515 1418 ἀ
3541 1367 3694 1420 ἐστιν

2124 1447 2217 1519 ἐτη
2268 1453 2853 1521 τεσσαρακονταεννέαο
2917 1454 3145 1525 εἰκοστῷ
3193 1454 3287 1507 καὶ
3338 1455 3538 1527 πρώτῳ
3580 1457 3690 1513 ἔτει
3726 1470 3737 1473 ‘

2125 1539 2319 1612 θεωρεῖ
2351 1542 2522 1595 ταῦτα
2547 1545 2603 1595 ἐν
2634 1544 2912 1599 Βαϐυλῶνι
2965 1548 3189 1618 Δανιήλ·
3222 1547 3330 1603 τῶν
3379 1545 3472 1603 οὖν
3497 1567 3694 1605 τεσσα-

2126 1633 2362 1704 ράκοντα
2394 1636 2549 1689 ἐννέα
2578 1637 2713 1707 πρὸς
2766 1639 2845 1709 τῷ
2871 1640 3100 1711 εἰκοστῷ
3136 1640 3333 1713 πρώτῳ
3381 1642 3492 1695 ἔτει
3521 1643 3691 1715 ψηφι-

2125 1725 2388 1797 ζομένων,
2421 1727 2722 1800 πληροῦται
2753 1730 3121 1803 ἐϐδομήκοντα
3154 1732 3270 1803 ἐτη,
3299 1733 3441 1804 ἅπερ
3469 1733 3715 1805 εἰρηκενί

2120 1819 2149 1871 ὁ
2178 1818 2443 1891 μακάριος
2506 1821 2803 1892 Ἱερεμίας
2851 1822 3285 1921 Ἑξδομήκοντα
3318 1826 3423 1893 ἐτη
3450 1826 3691 1921 ⁴ἔρημον

2119 1908 2289 1964 ἔσται
2320 1910 2385 1965 τὸ
2413 1911 2694 1980 ἀγίασμα,
2721 1911 2840 1966 ἀπὸ
2866 1910 2973 1979 τῆς
3012 1915 3420 1982 αἰχμαλωσίας
3450 1908 3571 1983 τῆς
3596 1932 3690 1985 τε·

2116 2002 2374 2070 νομένης
2399 2003 2602 2069 αὺτοῖς
2632 2004 2729 2057 ἐπὶ
2773 2005 3339 2074 Ναϐουχοδονόσορ,
3390 2006 3491 2059 καὶ
3532 2006 3684 2076 μετά

2116 2094 2303 2147 ταῦτα
2325 2095 2669 2163 ἐπιστρέψει
2711 2099 2745 2150 ό
2780 2097 2957 2180 λαός,
2992 2096 3092 2150 καὶ
3140 2097 3688 2167 προσενεχθήσεται
3792 2149 3797 2154 .

2117 2184 2318 2249 θυσία,
2342 2184 2439 2237 καὶ
2466 2184 2800 2253 προσφορὰ,
2818 2187 3075 2254 Χριστοῦ
3102 2186 3439 2257 ἡγουμένου
3464 2188 3689 2244 αὐτῶν.

2186 2272 2333 2329 XIV.
2356 2275 2592 2347 Χριστοῦ
2625 2277 2683 2330 δὲ
2737 2278 2881 2341 τινος
2910 2279 3077 2348 λέγει,
3125 2279 3238 2332 ἀλλ’
3289 2281 3323 2350 ἢ
3389 2280 3562 2351 Ἰησοῦ
3588 2281 3688 2336 τοῦ

2129 2367 2392 2428 Ἰωσεδὲκ,
2460 2367 2519 2431 ὃς
2569 2368 2905 2439 ὑπέστρεψεν
2961 2370 3078 2441 ἅμα
3125 2371 3204 2443 τῷ
3256 2371 3370 2443 λαῷ
3395 2371 3536 2440 τότε,
3588 2374 3689 2428 καὶ

2116 2459 2496 2531 ἑϐδομηκοστῷ
2521 2459 2654 2526 ἔτει,
2678 2461 3120 2533 οἰκοδομηθέντος
3171 2463 3263 2517 τοῦ
3325 2465 3686 2536 ἀγιάσματος,

2115 2554 2493 2626 προσήνεγκαν
2542 2554 2730 2607 θυσίαν
2779 2554 2920 2608 κατὰ
2964 2555 3056 2608 τὸν
3088 2557 3287 2627 νόμον;
3322 2556 3522 2621 πάντες
3572 2557 3690 2630 γὰρ

2114 2646 2165 2698 οἰ
2198 2646 2454 2716 βασιλεῖς,
2489 2647 2583 2699 καὶ
2607 2647 2656 2698 οἰ
2687 2647 2849 2717 ἱερεῖς
2906 2647 3132 2718 Χριστοί¹
3175 2649 3685 2721 προσηγορεύοντο,

2114 2735 2205 2790 διὰ
2226 2737 2285 2790 τὸ
2308 2736 2553 2806 χρίεσθαι
2582 2737 2777 2801 αὐτοὺς
2793 2737 2869 2808 τῷ
2899 2737 3061 2808 ἐλαίῳ
3087 2738 3165 2808 τῷ
3181 2740 3341 2810 ἁγίῳ,
3363 2740 3393 2792 δ
3420 2740 3686 2794 ἐσκεύασε

2116 2828 2284 2882 πάλαι
2327 2829 2548 2899 Μωσῆς.
2580 2823 2737 2883 Οὗτοι
2792 2825 2883 2882 οὖν
2927 2830 2988 2884 τὸ
3044 2831 3247 2910 Ιςύριον
3293 2832 3463 2904 δνομα
3487 2833 3689 2905 ἔφερον

2117 2918 2235 2990 μεθ’
2265 2919 2492 2984 ἑαυτῶν,
2522 2919 2613 2973 τὸν
2665 2920 2835 2974 τύπον
2887 2922 3290 2993 προμηνύοντες
3338 2925 3431 2977 καὶ
3479 2925 3579 2995 τὴν
3609 2927 3689 2978 εἰ·

2113 3007 2246 3061 κύνα
2285 3008 2669 3079 προφέροντες,
2725 3009 2827 3073 ἓως
2868 3004 2929 3064 οὗ
2979 3012 3073 3064 ἀπ’
3121 3010 3364 3083 οὐρανῶν
3414 3014 3442 3066 ὀ
3481 3013 3688 3077 τέλειος

450 3076 590 3148 Rex,
621 3090 675 3137 et
713 3081 978 3142 Sacerdos
1018 3101 1318 3159 appareret,
1355 3093 1446 3163 qui
1478 3095 1627 3150 solus
1681 3098 2009 3155 voluntatem

2118 3076 2399 3183 Βασιλεῦς,
2458 3076 2551 3153 καὶ
2611 3099 2809 3169 Ἰερεὺς
2836 3101 3036 3173 παρῆν,
3081 3102 3141 3166 ὃς
3188 3076 3355 3174 ’μόνος
3384 3104 3444 3157 τὸ
3470 3103 3684 3175 θέλημα

454 3170 637 3226 Patris
662 3169 812 3239 fecit,
847 3175 990 3231 sicut
1013 3186 1067 3232 et
1092 3179 1147 3233 in
1173 3177 1380 3251 Regum
1409 3184 1560 3240 libris
1584 3188 1842 3257 scriptum
1878 3201 1962 3246 est
1992 3208 2008 3247 :

455 3259 528 3313 Et
549 3264 814 3319 suscitabo
841 3268 970 3322 mihi
993 3269 1105 3339 ipsi
1126 3274 1449 3330 sacefdotem
1486 3276 1713 3348 ﬁdelem,
1740 3282 1831 3351 qui
1852 3282 2011 3352 faciet

455 3355 636 3408 omnia
659 3359 944 3413 secundum
964 3376 1055 3414 cor
1085 3378 1254 3418 meum
1281 3365 1349 3420 ⁸⁷.

527 3446 643 3503 XV.
674 3447 746 3504 Ut
773 3451 937 3522 igitur
965 3455 1270 3511 ostenderet
1288 3465 1500 3528 tempus
1554 3475 1665 3531 quo
1715 3462 1803 3520 ille
1855 3465 2012 3522 adfu-

457 3543 614 3592 turus
641 3548 779 3604 erat,
822 3556 984 3610 quem
1044 3543 1236 3601 beatus
1282 3545 1469 3603 Daniel
1502 3551 1684 3607 videre
1736 3556 2008 3625 cupiebat,

457 3626 590 3681 dicit
621 3646 636 3682 :
664 3627 735 3681 Et
778 3640 897 3700 post
950 3642 1145 3704 septem
1187 3636 1551 3709 hebdomadas,
1586 3643 1709 3699 alite
1737 3650 2013 3718 sexaginta

456 3720 575 3773 dua:
591 3721 956 3791 hebdomades,
974 3741 1094 3796 qure
1109 3730 1624 3805 quadringentorum
1646 3739 1861 3810 triginta
1879 3758 2014 3812 qua-

457 3822 580 3868 tuor
603 3830 868 3874 annorum
902 3826 1116 3889 tempus
1171 3825 1471 3883 continent.
1534 3828 1834 3901 Postquam
1865 3839 2011 3893 enim

453 3921 706 3964 reversus
732 3919 816 3965 est
862 3914 1095 3983 populus
1148 3933 1215 3973 ex
1247 3918 1562 3992 Babylonia,
1593 3926 1730 3983 duce
1767 3929 2010 3999 ipsorum

452 3996 582 4055 Jesu
635 4001 746 4056 ﬁlio
795 4001 1044 4075 Josedec,
1077 4015 1132 4064 et
1176 4009 1345 4067 Esdra
1396 4016 1594 4081 scriba.
1627 4027 1682 4074 et
1713 3996 2012 4080 Zorobabcl

451 4091 563 4147 ﬁlio
584 4091 846 4153 Salathiel
879 4114 946 4154 ex
982 4101 1127 4157 tribu
1157 4101 1347 4172 David,
1377 4108 1758 4182 quadringenti
1795 4116 2012 4185 triginta

452 4197 686 4254 quatuor
718 4189 848 4248 anni
897 4188 1118 4247 fuerunt
1152 4209 1328 4265 usque
1347 4197 1417 4252 ad
1445 4200 1733 4258 adventum
1779 4205 2008 4277 Christi,

453 4289 513 4330 ut
546 4276 811 4336 Sacerdos
844 4284 1186 4340 sacerdotum
1208 4286 1262 4341 in
1286 4290 1488 4345 mundo
1509 4306 1808 4363 appareret,
1837 4309 1890 4354 et
1918 4301 2011 4371 qui

455 4368 593 4422 tollit
641 4380 861 4439 peccata
908 4375 1099 4429 mundi
1160 4389 1344 4446 aperte
1411 4389 1821 4452 ostenderetur,
1871 4368 2014 4444 sicut

2113 3190 2206 3244 τοῦ
2236 3178 2449 3261 Πατρὸς
2480 3190 2773 3262 ἐποίησεν-Ι
2798 3192 2873 3256 ὼς
2896 3194 2991 3246 καὶ
3020 3196 3079 3246 ἐν
3105 3199 3227 3258 ταῖς
3257 3195 3561 3260 Βασιλείαις
3589 3197 3685 3266 γέ-

2112 3299 2375 3354 γραπται·
2410 3283 2521 3341 Καὶ
2547 3283 2872 3349 ἀναστήσω
2895 3284 3126 3354 ἐμαυτῷ
3149 3286 3308 3354 ἱερέα
3346 3288 3583 3357 πιστὸν,
3610 3288 3684 3371 δς

2112 3374 2351 3442 ποιήσει
2381 3374 2577 3428 πάντα
2602 3375 2753 3429 κατὰ
2780 3374 2898 3443 τὴν
2920 3376 3169 3445 καρδίαν
3193 3395 3331 3447 μου.

2182 3465 2301 3522 XV.
2364 3467 2485 3520 Ἵνα
2535 3463 2629 3520 οὖν
2658 3466 2896 3540 ἐπιδείξῃ
2940 3468 3030 3522 τὸν
3067 3470 3257 3540 χρόνον
3311 3471 3441 3526 πότε
3498 3473 3683 3543 μέλλει

2114 3559 2517 3632 παραγενέσθαι
2547 3559 2615 3612 ὃν
2639 3559 2901 3630 ἐπεθύμει
2925 3562 2953 3613 ὁ
2993 3562 3256 3633 μακάριος
3285 3565 3483 3635 Δανιὴλ
3529 3567 3683 3632 ἰδεῖν,

2100 3652 2279 3722 λέγει·
2304 3653 2413 3707 Καὶ
2442 3652 2599 3721 μετὰ
2622 3652 2771 3705 ἑπτὰ
2804 3650 3150 3721 ἑϐδομάδας,
3188 3654 3367 3708 ἄλλαι
3396 3653 3487 3719 εβ⁹
3513 3656 3684 3710 ἐϐδο-

2108 3743 2313 3814 μάδεςο
2352 3746 2406 3798 αϊ
2443 3743 2753 3816 περιέχουσι
2783 3743 2971 3815 χρόνον
3010 3745 3145 3797 ἐτῶν
3176 3747 3499 3817 τετρακόσια
3522 3748 3684 3817 τριά-

2113 3851 2278 3889 κοντα
2304 3833 2567 3905 τέσσαρα·
2618 3833 2754 3904 μετά
2803 3833 2913 3905 γὰρ
2963 3834 3026 3888 τὸ
3077 3836 3397 3907 ἐπιπρέψαι
3434 3838 3526 3890 τὸν
3556 3838 3686 3893 λαὸν

2112 3925 2430 3989 Βαϐυλῶνος
2461 3926 2760 3996 ἡγουμένου
2804 3927 2984 3981 αὐτῶν
3032 3926 3206 3997 Ἰησοῦ
3261 3928 3352 3981 τοῦ
3413 3929 3683 3999 Ἰωσεδὲκ,

2113 4017 2208 4070 καὶ
2258 4016 2461 4088 Ἔσδρα
2510 4017 2603 4069 τοῦ
2662 4018 3053 4088 γραμματέως,
3106 4019 3199 4071 καί¹
3255 4019 3558 4091 Ζοροϐάϐελ
3584 4021 3684 4075 τοῦ

2113 4107 2398 4180 Σαλαθιὴλ,
2450 4109 2525 4172 ὡς
2575 4109 2726 4171 ὄντος
2771 4111 2835 4162 ὲκ
2881 4110 3051 4180 φυλῆς
3102 4109 3295 4175 Δαϐὶδ,
3354 4114 3683 4184 τετρακόσια

2111 4200 2401 4274 τριάκοντα
2458 4201 2697 4271 τέσσαρα
2757 4199 2850 4272 ἔτη
2901 4202 3190 4270 γεγένηται
3236 4201 3341 4265 ἕως
3381 4206 3685 4275 παρουσίας

2112 4292 2369 4364 Χριστοῦ,
2405 4293 2491 4345 ἵνα
2522 4293 2551 4343 ὁ
2593 4293 2790 4364 Ἰερεὺς
2840 4292 2945 4346 τῶν
2977 4293 3164 4363 ἱερέων
3191 4295 3249 4345 ὲν
3279 4294 3471 4366 κόσμῳ
3514 4300 3680 4367 φανῇ,

2113 4383 2206 4436 καὶ
2235 4385 2263 4436 δ
2290 4383 2458 4454 αἴρων
2508 4381 2608 4445 τὰς
2676 4381 2949 4452 ἁμαρτίας
3009 4382 3103 4435 τοῦ
3158 4384 3363 4455 κόσμου
3434 4384 3679 4456 φανερῶς

453 4454 692 4515 Joannes
717 4461 785 4516 de
816 4461 909 4518 illo
933 4464 1009 4519 ait
1043 4482 1057 4520 :
1110 4464 1246 4521 Ecce
1278 4471 1452 4539 Agnus
1475 4471 1594 4537 Dei,
1621 4476 1711 4544 qui
1733 4476 1871 4533 tollit
1894 4465 2013 4548 pec;-

2118 4473 2410 4544 tmbstxﬁﬁ,
2472 4472 2548 4535 ὡς
2614 4472 2865 4543 Ἰωάννης
2912 4475 3041 4544 περὶ
3094 4454 3473 4544 αὑτοῦλέγειὴ·
3509 4454 3617 4529 Ἴδε
3641 4477 3676 4528 ό

455 4561 579 4621 cata
606 4554 789 4606 mundi
815 4554 881 4607 ⁸⁸.
910 4553 1171 4613 Similiter
1192 4559 1408 4617 Gabriel
1434 4565 1567 4621 dicit
1592 4585 1606 4621 :
1644 4565 1714 4622 Ut
1734 4569 2015 4626 deleantur

453 4642 786 4713 iniquitates,
812 4655 861 4699 et
879 4649 1227 4717 propitientur
1271 4664 1503 4723 peccata.
1543 4656 1677 4724 Quis
1715 4677 1844 4717 vero
1870 4664 2016 4719 dele-

455 4732 536 4785 vit
559 4733 875 4803 iniquitates
908 4740 1159 4794 nostras?
1209 4741 1375 4798 Docet
1404 4754 1456 4800 te
1483 4745 1684 4804 Paulus
1732 4754 2015 4821 apostolus

454 4825 643 4881 dicens
697 4846 709 4880 :
769 4826 891 4897 Ipse
942 4839 1020 4884 est
1068 4848 1174 4902 pas;
1228 4845 1429 4901 nostra,
1482 4840 1570 4909 qui
1622 4842 1746 4909 fecit
1793 4854 2015 4916 utraque

454 4934 617 4973 unum
647 4934 667 4982 ;
700 4927 755 4975 et
801 4921 1012 4988 deinde,
1037 4922 1270 4991 .Delens,
1303 4930 1443 4997 quod
1490 4932 1739 4988 adversus
1767 4953 1862 4990 nos
1901 4946 2017 4992 erat

454 5010 859 5082 chirographum
904 5027 1270 5084 peccatorum,
1322 5021 1462 5092 quod
1495 5034 1621 5078 erat
1690 5014 2015 5083 contrarium

454 5105 602 5159 nobis
634 5104 703 5162 ⁶⁹.

535 5276 664 5338 XVI.
696 5282 856 5349 Quod
880 5283 1044 5353 igitur
1068 5283 1351 5340 deleantur
1376 5285 1690 5357 iniquitates
1716 5298 1770 5345 et
1786 5292 2015 5361 expien-

458 5382 545 5428 tur
572 5383 817 5442 peccata,
851 5373 956 5430 hoc
982 5375 1239 5431 ostendit.
1292 5375 1520 5442 Quinam
1556 5394 1683 5435 vero
1708 5390 1857 5448 sunt,
1890 5384 2015 5452 qui-

455 5464 558 5519 bus
587 5466 874 5534 expiantur
895 5467 1212 5537 iniquitates
1238 5484 1371 5537 suae,
1396 5470 1501 5525 nisi
1530 5472 1809 5528 credentes
1840 5474 1896 5527 in
1920 5490 2019 5529 no-

456 5557 605 5612 mine
627 5557 766 5628 ejus,
823 5568 878 5613 et
929 5574 1025 5628 per
1054 5560 1197 5616 bona
1229 5575 1393 5630 opera
1426 5561 1619 5619 faciem
1645 5563 1765 5635 ejus
1797 5564 2019 5634 placan-

2130 4563 2340 4633 Ἀμνὸς
2364 4562 2470 4616 τοῦ
2506 4561 2651 4615 θεοῦ
2678 4564 2711 4615 ό
2742 4562 2923 4629 αἴρων
2943 4563 3056 4629 τὴν
3086 4563 3381 4633 ἁμαρτίαν
3425 4564 3531 4618 τοῦ
3575 4563 3676 4616 κό-
3772 4572 3799 4589 ‘

2114 4667 2291 4723 σμου⁵
2306 4652 2504 4724 ὁμοίως
2520 4651 2759 4724 Γαϐριὴλ
2772 4653 2938 4722 λέγει·
2959 4654 3069 4708 Τοῦ
3084 4655 3409 4724 ἀπαλεῖψαι
3425 4656 3678 4722 ἀδικίας,

2114 4745 2346 4799 καὶτοῦ
2399 4744 2795 4809 ἐξιλάσασθαι
2850 4746 3158 4815 ἁμαρτίας·
3196 4747 3280 4811 τίς
3309 4749 3367 4801 δὲ
3410 4750 3680 4820 ἀπήλειψε

2114 4836 2213 4901 τὰς
2239 4836 2450 4900 ἀδικίας
2481 4837 2671 4908 ἡμῶν;
2713 4836 2950 4891 διδάσκει
2981 4855 3041 4891 σε
3068 4838 3280 4903 Παῦλος
3322 4841 3351 4892 δ
3390 4841 3686 4904 ἀπόστολος

2119 4930 2313 4999 λέγων’
2349 4932 2542 4996 Αὐτός
2577 4931 2748 4985 ἐστιν
2807 4934 2848 5001 ἡ
2892 4931 3096 5000 εἰρήνη
3145 4931 3333 5001 ἡμῶν,
3362 4936 3395 4987 ό
3422 4934 3687 5001 ποιήσας

2119 5020 2192 5073 τὰ
2240 5020 2538 5089 ἀμφότερα
2581 5019 2672 5085 ἓν,
2721 5020 2813 5074 καὶ
2863 5019 3011 5091 ἑξῆς,
3064 5021 3406 5090 ἀπαλείψας
3453 5024 3521 5077 τὸ
3555 5026 3685 5078 καθ’

2122 5109 2289 5180 ἡμῶν
2311 5112 2701 5181 χειρόγραφον
2722 5112 2840 5166 τῶν
2858 5110 3151 5182 ἁμαρτιῶν
3173 5112 3205 5166 δ
3226 5109 3305 5184 ἦν
3323 5116 3685 5169 ὑπεναντίον

2164 5219 2283 5256 utr.

2358 5294 2431 5348 Τὺ
2456 5294 2750 5364 ἀπαλεῖψαι
2796 5289 2889 5348 οῦν
2918 5293 3017 5358 τὰς
3067 5295 3300 5360 ἀδικίας,
3349 5296 3443 5351 καὶ
3483 5294 3545 5348 τὸ
3575 5295 3685 5361 ἐξι-

2118 5383 2380 5438 λάσασθαι
2404 5384 2502 5449 τὰς
2532 5385 2825 5456 ἁμαρτίας,
2861 5386 3016 5440 τοῦτο
3057 5386 3223 5458 δηλοῖ·
3281 5386 3423 5450 τινες
3458 5386 3515 5438 δὲ
3546 5386 3686 5438 εἰσὶν

2119 5476 2169 5529 οἱ
2197 5476 2296 5540 τὰς
2321 5477 2532 5540 ἀδικίας
2555 5475 2734 5529 αὐτῶν
2755 5477 3180 5549 ἐξιλασκόμενοι,
3208 5481 3256 5532 εἰ
3284 5479 3358 5551 μὴ
3387 5481 3465 5542 εἰς
3496 5478 3556 5531 τὸ
3574 5476 3689 5530 δνο-

2125 5584 2200 5638 μα
2238 5566 2403 5621 αὐτοῦ
2436 5567 2799 5635 πιστεύοντες,
2824 5570 2919 5624 καὶ
2949 5570 3016 5623 δι’
3043 5570 3405 5644 ἀγαθοεργίας
3429 5570 3487 5624 τὸ
3513 5567 3685 5642 πρόσ-

527 5768 574 5801 ⁸⁶
601 5765 800 5822 Jerem.
830 5784 957 5835 xxv,
995 5770 1083 5824 ll.
1160 5771 1204 5803 ⁸⁷
1236 5769 1264 5823 1
1289 5769 1419 5845 Reg.
1453 5787 1513 5845 ιι,
1538 5774 1627 5831 '55.
1703 5774 1749 5810 ⁸⁸
1783 5773 1941 5831 Joan.
1978 5790 2016 5844 ι,

2118 5816 2132 5833 .
2208 5776 2255 5810 ³³
2305 5774 2593 5847 Ερίιοε.ιι,
2620 5776 2931 5845 14ςῦοίοε.
2968 5775 3146 5846 11,14.
