4128 6370
309 376 325 390 ’
396 375 502 432 633

1540 367 1960 446 FRAGMENTA
1998 365 2067 423 IN
2102 366 2465 424 DANIELEM.

3510 377 3616 432 636

397 504 544 542 ωπον
603 485 767 541 αὐτοῦ
800 487 1232 558 ὲξιλασκόμενοι;
1291 486 1410 540 Ὀτι
1453 485 1509 538 δὲ
1562 486 1699 556 μετά
1727 485 1787 538 τὺ
1830 485 1950 537 ἐπι-

2054 485 2172 539 tes?
2201 482 2354 550 Quod
2383 498 2514 537 vero
2557 470 2843 553 postquam
2869 499 3122 540 reversus
3172 496 3253 540 est
3288 488 3518 556 populus
3538 492 3611 544 ‘ex

290 635 296 646 ,
397 579 621 659 στρέψαι
656 579 748 632 τὸν
805 579 932 632 λαὸν
986 580 1050 631 ὲκ
1102 576 1419 641 Βαϐυλῶνος
1441 576 1766 648 τετρακόσια
1794 575 1951 647 τριά-

394 687 556 724 κοντα
573 659 811 741 τέσσαρα
841 669 935 741 έτη
964 669 1254 740 γεγένηται
1283 669 1387 732 ἕως
1412 668 1677 738 γενέσεως
1694 667 1950 738 Χριστοῦ,

393 761 627 825 εὐκόλως
663 763 780 817 ἐστὶ
808 761 994 833 νοῆσαι
1045 761 1115 814 τὰ
1155 760 1505 832 προκείμενα·
1556 758 1740 830 ἐπειδὴ
1772 758 1879 830 γὰρ
1918 760 1953 829 ή

393 851 580 925 πρώτη
632 852 864 925 διαθήκη
895 856 1006 916 τοῖς
1037 853 1172 916 υἱοῖς
1228 852 1443 924 Ἰσραὴλ
1472 850 1609 923 μετὰ
1630 849 1954 921 τετρακόσια

388 946 683 1017 τριάκοντα
710 943 951 1015 τέσσαρα
1000 943 1094 1015 ἔτη
1124 943 1301 1015 ἐδόθη·
1348 942 1659 1012 ἀναγκαίως
1707 943 1814 997 ἔδει
1858 944 1955 997 καὶ

392 1036 495 1109 τὴν
524 1036 783 1108 δευτέραν
821 1036 1020 1108 ὁμοίως
1040 1035 1118 1107 τῷ
1160 1035 1309 1107 αὐτῷ
1341 1036 1517 1107 χρόνῳ
1545 1034 1838 1106 ὁρίζεσθαι,
1866 1034 1953 1088 ἵνα

300 1149 311 1157 ι
390 1127 496 1186 ὑπὸ
528 1127 622 1181 τοῦ
648 1125 778 1182 λαοῦ
809 1127 1172 1199 προσδόκιμος
1202 1127 1427 1199 γενηθῇ,
1461 1128 1553 1181 καὶ
1582 1127 1686 1180 ὑπὸ
1716 1127 1825 1181 τῶν
1857 1144 1952 1179 πι-

391 1220 688 1275 στευόντων
721 1219 958 1285 εὐκόλως
988 1220 1322 1291 ἐπιγνωσθῇ.

458 1376 621 1431 XVII.
651 1364 761 1431 Καὶ
791 1377 879 1431 διὰ
906 1376 1062 1431 τοῦτο
1088 1377 1327 1448 Γαϐριὴλ
1353 1377 1521 1446 λέγει·
1554 1379 1666 1432 Καὶ
1692 1379 1796 1433 τοῦ
1829 1380 1954 1447 χρῖ-

385 1486 493 1524 σαι
521 1469 692 1539 ἅγιον
715 1468 917 1539 ἁγίων·
956 1470 1109 1539 ἆγιος
1133 1470 1190 1523 δὲ
1217 1471 1389 1537 ἁγίων
1426 1470 1620 1535 οὐδεὶς,
1658 1473 1705 1525 εί
1746 1471 1820 1544 μὴ
1861 1473 1954 1543 μό-

388 1575 480 1625 νος
503 1563 532 1614 6
560 1561 687 1623 Υἱὸς
718 1560 811 1615 τοῦ
844 1560 998 1613 Θεοῦ·
1035 1561 1094 1625 ὃς
1125 1561 1336 1634 παρὼν,
1384 1564 1478 1617 καὶ
1510 1564 1819 1628 ἐπιδεικνὺς
1849 1564 1951 1636 ἔφη

386 1650 526 1725 πρὸς
555 1651 751 1715 αὐτούς
769 1669 783 1682 ·
845 1652 1089 1722 Πνεῦμα
1115 1655 1332 1722 Κυρίου
1356 1654 1447 1708 ἐπ’
1474 1654 1598 1724 ἐμὲ,
1629 1650 1700 1711 οὗ
1724 1656 1955 1709 εἵνεκεν

326 1748 333 1753 ’
385 1743 596 1814 ἕχρισέ
638 1761 735 1813 με,
774 1745 870 1797 καὶ
915 1743 983 1797 τὰ
1013 1745 1158 1815 ἑξῆς.
1222 1746 1371 1798 Ὅσοι
1410 1742 1502 1799 οὖν
1553 1749 1833 1800 ἐπίστευον
1875 1746 1953 1818 τῷ

2053 573 2343 645 Babylone,
2379 574 2758 646 quadringenti
2793 575 3012 646 triginta
3056 586 3291 646 quatuor
3311 578 3619 636 efﬂuxerint

2053 666 2184 721 anni
2216 682 2391 737 usque
2420 668 2488 722 ad
2524 667 2727 723 Christi
2769 668 3130 735 nativitatem,
3158 669 3317 727 facile
3346 682 3430 727 est
3457 674 3620 728 intel-

2053 755 2251 827 ligere;
2281 772 2406 810 cum
2431 756 2575 811 enim
2600 757 2834 827 primum
2882 767 3267 816 testamentum
3299 763 3427 819 filiis
3452 763 3620 821 Israel

2051 851 2176 914 post
2200 845 2623 915 quadringentos
2667 845 2887 916 triginta
2920 858 3156 917 quatuor
3207 864 3380 905 annos
3429 851 3616 906 datum

2054 934 2145 998 sit,
2176 935 2487 990 necessario
2531 936 2834 1004 oportebat,
2869 944 2931 1021 ut
2975 938 3136 992 etiam
3173 940 3472 995 secundum
3520 958 3618 998 eo-

2054 1022 2176 1078 dem
2208 1025 2469 1095 temporis
2518 1025 2693 1096 spatio
2728 1027 3064 1096 definiretur,
3115 1040 3175 1084 ut
3216 1046 3248 1085 a
3293 1034 3492 1102 populo
3519 1049 3587 1089 ex

2054 1125 2430 1185 spectaretur,
2480 1126 2535 1173 ct
2602 1134 2634 1172 a
2690 1119 3036 1175 credentibus
3092 1120 3252 1176 facile
3317 1138 3618 1195 cognosce-

1945 1271 1948 1275 ν
2055 1215 2222 1262 retur.

2126 1364 2288 1420 XVII.
2318 1364 2682 1432 Quamobrem
2715 1365 2935 1423 Gabriel
2976 1369 3091 1423 ait:
3121 1369 3190 1423 Et
3223 1381 3453 1441 ungatur
3476 1374 3618 1431 San-

2054 1465 2169 1510 ctus
2220 1466 2543 1510 sanctorum.
2600 1454 2833 1512 Sanctus
2881 1473 3010 1514 vero
3040 1472 3353 1519 sanctorum
3407 1467 3613 1530 nullus.

2053 1547 2161 1602 nisi
2187 1547 2338 1602 solus
2368 1546 2541 1602 Filius
2573 1546 2688 1613 Dei,
2745 1550 2839 1619 qui
2887 1566 3011 1605 cum
3042 1553 3258 1609 adesset
3293 1565 3346 1611 et
3385 1559 3617 1614 manife-

2054 1646 2223 1694 staret
2258 1655 2337 1703 se,
2367 1639 2513 1708 dixit
2557 1640 2622 1694 ad
2658 1656 2750 1697 eos
2780 1660 2793 1696 :
2825 1631 3055 1711 Spiritus
3086 1645 3299 1702 Domini
3337 1666 3490 1719 super
3510 1670 3614 1719 me,

2053 1742 2263 1798 propter
2310 1728 2447 1799 quod
2484 1731 2635 1783 unxit
2682 1748 2762 1789 me
2808 1733 2874 1793 ⁸ο,
2920 1743 2974 1788 et
3025 1745 3239 1792 caetera.
3294 1739 3618 1814 Quicunque

388 1836 694 1906 ἐπουρανίῳ
745 1838 908 1907 ἱερεῖ,
961 1837 1052 1889 ὑπ’
1087 1837 1251 1891 αὑτοῦ
1305 1837 1423 1891 τού
1463 1839 1651 1910 ἱερέως
1693 1839 1950 1911 ἐκαθαρί-

2053 1821 2217 1890 igitur
2244 1822 2451 1877 ccelesti
2486 1822 2782 1878 credebant
2809 1826 3098 1894 sacerdoti,
3130 1829 3198 1882 ab
3230 1832 3349 1900 ipso
3388 1838 3618 1892 munda-

387 1926 563 1991 ζοντο,
596 1927 690 1979 καὶ
734 1926 938 1980 τούτων
990 1928 1046 1981 αἱ
1101 1928 1361 1999 ἁμαρτίαι
1412 1929 1789 2002 ἁπηλείφοντο·
1837 1931 1950 1984 ὅσοι

384 2019 443 2072 δὲ
474 2020 742 2090 ἠπίστουν
775 2018 943 2090 αύτῷ,
975 2019 1050 2083 ὡς
1105 2019 1389 2092 ἄνθρωπον
1417 2021 1578 2075 αὑτὸν
1611 2021 1949 2086 ἐξουθενοῦν-

382 2128 497 2176 τες,
549 2111 751 2166 τούτων
785 2114 842 2166 αἱ
891 2111 1153 2183 ἁμαρτίαι
1188 2113 1264 2176 ὡς
1307 2114 1657 2183 ἀναφαίρετοι
1687 2113 1949 2184 ἐσφραγί-

384 2202 560 2268 ζοντο,
589 2202 711 2257 ὅθεν
733 2204 978 2277 προορῶν
1011 2206 1039 2257 6
1080 2206 1344 2273 Ἀγγελος
1374 2207 1455 2259 ὅτι
1488 2206 1548 2259 ού
1579 2206 1779 2270 πάντες
1821 2206 1949 2277 μέλ-

380 2294 533 2348 λουσι
564 2295 838 2349 πιστεύειν
868 2295 1036 2366 αὐτῷ,
1078 2293 1220 2358 εἷπε,
1250 2297 1355 2350 τοῦ
1385 2297 1748 2352 συντελέσω
1771 2299 1951 2367 ἁμαρ-

380 2384 534 2449 τίας,
561 2383 794 2438 καὶτοῦ
841 2385 1169 2454 σφραγῖσαι
1215 2386 1521 2455 ἁμαρτίας·
1557 2387 1669 2439 ὅσοι
1712 2387 1818 2458 γὰρ
1847 2388 1950 2453 ἓως

380 2478 569 2542 τέλους
597 2478 900 2549 ἠπείθησαν
933 2478 1100 2550 αὐτῷ,
1128 2479 1329 2533 τούτων
1358 2475 1451 2534 οὖν
1475 2480 1534 2533 οὐ
1572 2480 1952 2552 συνετελέσθη-

382 2586 486 2625 σαν
512 2571 568 2623 αἱ
594 2571 881 2642 ἁμαρτίαι,
909 2571 1020 2624 ἀλλ’
1050 2570 1490 2644 ὲσφραγίσθησαν
1518 2573 1599 2632 εἰς
1641 2570 1820 2641 κρίσιν
1851 2589 1949 2643 τη-

382 2661 668 2735 ρούμεναι·
702 2664 817 2716 ὅσοι
847 2663 903 2716 δὲ
951 2663 1204 2733 μέλλουσι
1255 2662 1530 2716 πιστεύειν
1577 2664 1726 2734 αὐτῷ
1761 2665 1837 2728 ὡς
1861 2665 1951 2718 δυ-

377 2753 602 2824 ναμένῳ
627 2754 847 2823 ἀφιέναι
878 2754 1183 2826 ἁμαρτίας,
1214 2754 1416 2809 τούτων
1455 2754 1831 2825 ἀπηλείφοντο·
1862 2754 1950 2810 διὰ

376 2843 541 2897 τοῦτο
570 2843 740 2913 λέγει·
784 2844 895 2898 Καὶ
922 2845 1028 2900 τοῦ
1056 2847 1383 2916 σφραγῖσαι
1411 2846 1643 2915 ὅρασιν,
1679 2847 1776 2902 καὶ
1806 2861 1950 2916 προ-

375 2935 606 3008 φήτην.

2050 1912 2249 1967 bantur
2277 1915 2581 1981 sacerdote,
2634 1926 2689 1970 et
2736 1917 2931 1971 horum
2992 1931 3211 1988 peccata
3267 1924 3613 1984 delebantur.

2051 2004 2376 2075 Quicunque
2405 2021 2535 2062 vero
2563 2008 2610 2062 ei
2645 2009 2871 2063 minime
2903 2010 3213 2078 credebant,
3242 2024 3499 2087 tanquam
3526 2021 3621 2075 ho-

2051 2097 2253 2152 minem
2283 2099 2461 2168 ipsum
2491 2099 2871 2171 despicientes,
2919 2104 3116 2158 borum
3144 2118 3386 2174 peccata,
3448 2112 3618 2168 veluti

2051 2202 2173 2258 qua:
2205 2189 2372 2244 deleri
2396 2190 2620 2245 minime
2647 2202 2888 2261 possent,
2946 2196 3356 2267 sigillabantur;
3381 2218 3622 2272 quapro-

2050 2290 2170 2350 pter
2200 2297 2324 2335 cum
2373 2283 2597 2352 angelus
2643 2286 2959 2354 praevideret
2989 2290 3138 2360 quod
3168 2307 3278 2346 non
3336 2309 3527 2359 omnes
3569 2299 3619 2352 ei

2050 2372 2312 2428 credituri
2347 2384 2550 2441 essent,
2578 2376 2713 2431 dixit
2750 2396 2763 2431 :
2825 2377 2893 2433 Ut
2921 2392 3349 2438 consummentur
3378 2398 3615 2456 peccata,

2050 2475 2100 2517 et
2125 2465 2484 2535 obsignentur.
2535 2466 2816 2538 Quotquot
2861 2471 3004 2525 enim
3057 2489 3229 2545 usque
3273 2477 3341 2532 ad
3370 2478 3532 2535 ﬁnem
3566 2484 3618 2536 ei

2050 2554 2424 2612 inobedientes
2456 2556 2696 2623 fuerunt,
2719 2560 2914 2615 horum
2938 2564 3124 2633 utique
3145 2576 3365 2635 peccata
3392 2572 3618 2628 minime

2051 2655 2449 2714 consummata,
2489 2649 2583 2704 sed
2639 2650 2872 2721 sigillata
2917 2664 3064 2723 sunt,
3112 2672 3177 2712 ac
3202 2658 3412 2729 judicio
3436 2679 3617 2722 reser~

2050 2751 2212 2802 rata;
2272 2749 2538 2811 quotquot
2590 2758 2720 2800 vero
2766 2747 3024 2802 credituri
3074 2753 3310 2818 suntei,
3357 2763 3616 2827 tanquam
3701 2806 3715 2822 ,

2050 2840 2271 2898 peccata
2304 2831 2607 2887 dimittendi
2642 2833 2896 2890 virtutem
2930 2838 3170 2904 habenti,
3203 2841 3394 2898 borum
3443 2846 3618 2903 deleta

2050 2927 2199 2973 sunt.
2235 2918 2524 2991 PrOpterea
2557 2924 2691 2980 dicit
2723 2944 2737 2979 :
2784 2925 2851 2980 Et
2883 2940 2940 2981 ut
2966 2931 3201 3001 signetur
3225 2935 3375 3001 visio,
3405 2947 3455 2990 et
3487 2955 3615 3008 pro-

2048 3014 2224 3081 pheta.

454 3158 640 3215 XVIII.
689 3138 909 3233 Ἐπειδὴ
934 3159 1042 3233 γὰρ
1075 3160 1345 3233 πλήρωμα
1365 3159 1562 3233 νόμου,
1605 3164 1699 3216 καὶ
1738 3181 1950 3239 προφη-

2124 3166 2313 3226 XVIII.
2346 3171 2483 3227 Nam
2516 3189 2639 3231 cum
2669 3176 2806 3246 ipse,
2837 3178 2926 3247 qui
2963 3192 3045 3236 est
3079 3184 3360 3253 plenitudo
3381 3190 3518 3261 legis
3563 3202 3618 3247 et

373 3251 491 3306 τῶν
523 3252 686 3316 αὐτὸς
740 3254 940 3324 παρῆν·
976 3256 1004 3306 6
1031 3254 1191 3324 νόμος
1243 3253 1373 3325 γὰρ,
1427 3255 1519 3307 καὶ
1575 3257 1624 3308 οἱ
1675 3258 1948 3329 προφῆται

374 3343 488 3407 ἕως
533 3344 797 3398 Ἰωάννου·
836 3344 940 3399 ἔδει
972 3346 1039 3399 τὰ
1074 3346 1164 3398 ὑπ’
1189 3346 1410 3399 ἐκείνων
1444 3346 1744 3418 λαλούμενα
1778 3364 1951 3421 σφρα-

376 3435 651 3505 γίζεσθαι,
684 3436 774 3491 ἵνα
831 3439 889 3490 ὲν
935 3439 1001 3509 τῇ
1047 3437 1141 3491 τοῦ
1207 3441 1412 3511 Κυρίου
1467 3442 1737 3513 παρουσίᾳ
1772 3445 1951 3497 πάντα

374 3526 612 3580 λυθέντα
667 3528 927 3599 φωτισθῇ,
961 3530 1055 3583 καὶ
1081 3522 1366 3584 τάθπόιλαι
1410 3531 1675 3603 δεδεμένα
1714 3533 1809 3587 νῦν
1858 3536 1949 3588 ὑπ’

378 3618 549 3672 αὐτοῦ
589 3619 745 3691 λυθῇ,
775 3620 848 3683 ὡς
897 3622 1059 3685 αὐτὸς
1108 3624 1137 3675 6
1187 3622 1390 3694 Κύριος
1416 3623 1606 3697 εἴρηκε
1636 3626 1772 3697 πρὸς
1824 3628 1950 3692 τοὺς

375 3710 649 3780 ἄρχοντας
692 3710 784 3764 τοῦ
833 3711 982 3777 λαοῦ,
1032 3714 1471 3781 ἀγανακτοῦντας
1507 3719 1600 3771 ἐπὶ
1625 3721 1691 3789 τῇ
1731 3722 1788 3772 ὲν
1821 3720 1952 3773 σαὸ-

383 3801 538 3873 ὕάτῳ
589 3803 886 3875 θεραπείᾳ·
935 3806 1284 3875 Ὑποκριται,
1343 3809 1596 3877 ἕκαστος
1646 3813 1810 3882 ὑμῶν
1844 3815 1951 3867 τὸν

382 3892 547 3957 βοῦν
568 3893 605 3961 ἣ
631 3894 740 3947 τὸν
764 3894 905 3948 ὄνον
935 3898 1006 3949 οὐ
1054 3898 1185 3951 λύει
1242 3899 1360 3953 ἀπὸ
1391 3888 1501 3967 τῆς
1556 3902 1799 3971 φάτνης,
1849 3904 1949 3957 καὶ

377 3985 707 4056 ἀπαγαγὼν
735 3987 988 4052 ποτίζει;
1036 3990 1259 4058 ταύτην
1287 3990 1355 4043 δὲ
1380 3993 1669 4062 θυγατέρα
1704 3995 1951 4066 Ἀϐραὰμ
1996 3989 2002 3994 ’

375 4072 609 4141 οὖσαν,
668 4076 748 4145 ἢν
794 4078 1019 4147 ἔδησεν
1076 4082 1108 4134 ὸ
1160 4081 1431 4148 Σατανᾶς
1484 4084 1587 4151 ἔτη
1655 4085 1800 4139 δέκα
1849 4087 1947 4140 καὶ

377 4166 556 4233 ὀκτὼ,
599 4170 709 4222 οὐκ
735 4168 855 4223 ἔδει
889 4167 1142 4238 λυθῆναι
1167 4169 1241 4240 τῇ
1265 4173 1448 4242 ἡμέρᾳ
1478 4174 1585 4227 τοῦ
1611 4176 1949 4240 Σαϐϐάτου;

378 4259 543 4323 ὅσους
597 4255 689 4313 οὖν
748 4259 935 4332 ἔδησεν
982 4263 1010 4314 6
1043 4262 1287 4326 Σατανᾶς
1337 4267 1393 4317 ὲν
1441 4264 1672 4336 βρόχοις,
1724 4266 1948 4332 τούτους

378 4350 552 4403 ἐλθὼν
579 4353 609 4404 6
639 4350 841 4424 Κύριος
866 4352 1052 4405 ἔλυσεν
1070 4356 1154 4407 ⁸ὲκ
1183 4354 1290 4408 τῶν
1316 4357 1409 4409 τοῦ
1439 4356 1667 4433 θανάτου
1710 4359 1944 4431 δεσμῶν,

290 4511 292 4513 γ
335 4472 339 4476 »
378 4437 545 4490 αὐτὸν
580 4439 679 4508 μὲν
729 4440 819 4493 τὸν
864 4441 985 4494 καθ’
1031 4443 1187 4520 ἡμῶν
1239 4445 1456 4517 ἰσχυρὸν
1510 4442 1697 4519 δήσας,
1746 4449 1843 4521 τὴν
1888 4451 1945 4504 δὲ

379 4528 774 4602 ἁνθρωπότητα
822 4533 1211 4606 ἐλευθερώσας.
1264 4536 1338 4600 ὡς
1367 4539 1459 4591 καὶ
1502 4540 1728 4606 Ἡσαΐας
1774 4542 1940 4612 λέγει·

384 4623 527 4675 Τότε
548 4623 673 4692 ἐρεῖ
689 4625 810 4691 τοῖς
850 4627 920 4679 ἐν
948 4626 1208 4696 δεσμοῖς,
1251 4629 1568 4698 Ἐξέλθετε,
1602 4635 1700 4689 καὶ
1730 4635 1854 4703 τοῖς
1876 4637 1947 4691 ἐν

379 4712 464 4778 τῷ
488 4716 712 4781 σκότει,
743 4720 1102 4788 Φωτίσθητε.

450 4870 595 4926 XIX.
633 4874 753 4929 Ὅτι
779 4875 837 4928 δὲ
877 4875 946 4930 τὰ
994 4877 1200 4934 παλαιά
1249 4878 1338 4934 διὰ
1385 4883 1550 4954 νόμου
1609 4887 1704 4939 καὶ
1738 4904 1949 4961 προφη-

379 4967 493 5021 τῶν
512 4967 704 5040 λελαλη
713 4969 848 5039 μένα
886 4970 1065 5025 πάντα
1090 4968 1160 5043 ἦν
1182 4974 1610 5046 έσφραγισμένα,
1641 4981 1735 5034 καὶ
1766 4981 1947 5049 ἀγνω-

380 5064 486 5112 ista
523 5063 636 5124 τοῖς
668 5061 976 5133 ἀνθρώποις
1003 5064 1313 5135 ὑπάρχοντα
1352 5066 1578 5133 Ἡσαΐας
1622 5070 1792 5139 λέγει·
1832 5072 1943 5126 Καὶ

336 5160 339 5163 '
381 5146 649 5205 δώσουσι
673 5153 737 5206 τὸ
767 5154 1011 5218 βιϐλίον
1058 5156 1125 5209 τὸ
1149 5155 1631 5228 ἐσφραγισμένον
1656 5162 1945 5230 ἀνθρώπῳ

379 5241 756 5312 ἐπισταμένῳ
801 5243 1123 5315 γράμματα,
1168 5249 1265 5303 καὶ
1291 5249 1534 5317 ἐροῦσιν
1563 5251 1743 5316 αὐτῷ,
1783 5252 1942 5308 Ἀνά-

382 5339 560 5402 γνωθι
582 5336 796 5399 ταῦτα,
838 5338 938 5391 καὶ
976 5339 1116 5407 ἐρεῖ,
1168 5343 1250 5395 Οὐ
1275 5341 1530 5412 δύναμαι
1580 5343 1940 5413 ἀναγνῶναι,

381 5425 777 5499 ἑσφράτισται
820 5430 949 5501 γάρ.
1011 5433 1341 5501 ’Δναγκαίως
1368 5435 1472 5489 ἔδει
1517 5436 1586 5490 τά
1627 5436 1834 5491 παλαιά
1858 5438 1947 5492 διὰ

384 5518 494 5574 τῶν
543 5521 833 5593 προφητῶν
885 5524 1167 5595 εἰρημένα,
1197 5530 1310 5589 τοῖς
1369 5528 1467 5597 μὲν
1519 5527 1767 5591 ἀπίστοις
1791 5529 1949 5602 Φαρι-

387 5609 561 5675 σαίοις
584 5612 634 5665 οἳ
660 5613 877 5668 ἐδόκουν
901 5614 971 5667 τὰ
994 5614 1089 5670 τοῦ
1115 5617 1278 5689 νόμου
1326 5620 1629 5691 γράμματα
1658 5621 1945 5691 γινώσκειν

2054 3264 2467 3333 prophetarum,
2490 3284 2730 3337 praesens
2753 3281 2897 3327 esset
2936 3274 3043 3342 (lex
3087 3279 3231 3333 enim
3264 3290 3318 3335 et
3340 3286 3619 3354 prophetae

2051 3370 2225 3424 usque
2255 3355 2325 3410 ad
2353 3355 2679 3432 Joannem),
2736 3367 3018 3434 Oportebat
3067 3370 3343 3441 obsignari
3377 3391 3499 3444 qua:
3548 3383 3618 3433 ab

2052 3445 2159 3501 illis
2187 3448 2332 3503 dicta
2358 3448 2596 3518 fuerant,
2626 3462 2686 3508 ut
2712 3455 2767 3509 in
2797 3458 3031 3514 adventu
3065 3459 3281 3517 Domini
3307 3468 3492 3522 omnia
3529 3485 3621 3525 so-

2050 3538 2162 3595 luta
2195 3541 2574 3612 clarescerent,
2629 3558 2683 3601 et
2714 3562 2835 3617 quae
2863 3551 2992 3605 olim
3050 3553 3213 3622 ligata
3261 3536 3437 3624 erant,
3474 3576 3620 3618 nunc

2049 3631 2118 3686 ab
2146 3632 2265 3703 ipso
2293 3634 2652 3705 solverentur,
2707 3643 3166 3708 quemadmodum
3214 3646 3330 3717 ipse
3354 3624 3635 3710 Dominus“

2049 3724 2188 3779 dixit
2220 3726 2285 3779 ad
2321 3726 2595 3798 principes
2627 3731 2833 3800 pepuli,
2866 3736 2957 3802 qui
2985 3735 3053 3791 de
3075 3740 3357 3795 curatione
3386 3741 3528 3799 facta
3562 3748 3616 3800 in

2048 3819 2137 3873 die
2161 3818 2384 3875 Sabbati
2412 3822 2831 3894 indignabantur
2857 3846 2872 3883 :
2913 3828 3239 3900 Hypocrittc,
3266 3837 3619 3907 unusquisque

2047 3921 2276 3965 vestrum
2310 3913 2485 3968 bovem
2520 3915 2600 3970 vel
2634 3919 2844 3971 asinum
2902 3937 3069 3975 nonne
3115 3923 3270 3977 solvit
3304 3942 3337 3978 a
3364 3942 3613 3997 praesepe,

2047 4012 2097 4057 et
2159 4003 2377 4059 adducit
2436 4011 2732 4077 aquatum?
2791 4011 2925 4064 Itane
2974 3996 3095 4066 vero
3142 4016 3315 4081 ﬁliam
3365 3996 3615 4087 Abraltte,

2047 4111 2205 4165 quam
2227 4097 2402 4150 decem
2434 4109 2481 4153 et
2517 4110 2632 4153 octo
2684 4104 2838 4157 annis
2876 4104 3133 4173 ligaverat
3194 4107 3446 4176 Satanas,
3507 4131 3614 4169 ncn

2048 4186 2132 4255 fas
2155 4196 2268 4240 erat
2314 4197 2373 4241 ut
2402 4190 2688 4244 solveretur
2744 4193 2828 4247 die
2857 4192 3078 4250 Sabbati
3109 4199 3192 4252 ⁸³2
3249 4200 3618 4276 Quoscunque

2006 4334 2015 4338 ,
2049 4275 2216 4346 igitur
2244 4277 2546 4349 illigaverat
2578 4280 2767 4346 Satan,
2813 4284 2916 4338 hos
2949 4286 3242 4344 adveniens
3276 4275 3542 4351 Dominus
3585 4313 3618 4352 e

2049 4366 2243 4421 mortis
2274 4367 2504 4425 vinculis
2533 4372 2714 4439 solvit,
2742 4388 2866 4428 cum
2896 4376 3072 4445 ipsum
3103 4380 3321 4448 quidem
3354 4384 3616 4444 adversus

2050 4473 2151 4514 nos
2188 4458 2382 4515 fortem
2440 4462 2683 4532 ligasset,
2735 4465 3128 4523 humanitatem
3157 4486 3287 4527 vero
3310 4474 3363 4527 in
3389 4474 3617 4533 liberta-

2052 4558 2157 4603 tem
2186 4550 2538 4615 vindicasset,
2604 4537 2765 4633 sicuti
2816 4556 2978 4611 etiam
3014 4558 3185 4615 Isaias
3212 4561 3380 4619 dicit:
3468 4566 3614 4623 Tunc

2049 4639 2187 4695 dicet
2217 4643 2282 4694 iis
2336 4644 2426 4711 qui
2454 4645 2506 4696 in
2533 4645 2753 4701 vinculis
2785 4662 2803 4700 :
2858 4647 3214 4721 Egredimini;
3245 4667 3294 4709 et
3325 4659 3391 4712 iis
3441 4663 3533 4731 qui
3560 4664 3617 4716 in

2048 4733 2310 4787 tenebris:
2343 4733 2730 4792 Illuminarm'ni
2764 4739 2830 4795 ".

2116 4886 2258 4943 XIX.
2296 4888 2452 4956 Quod
2492 4903 2671 4946 autem
2714 4903 2897 4951 vetera
2928 4915 3022 4969 per
3040 4901 3213 4973 legem
3236 4914 3290 4960 et
3320 4910 3607 4978 prophetas

2050 4979 2308 5049 pradicta
2341 4984 2526 5037 omnia
2583 4984 2786 5040 fuerint
2831 4989 3136 5060 obsignata,
3200 5004 3253 5049 et
3298 4998 3613 5056 hominibus

2051 5071 2345 5142 incognita,
2371 5071 2539 5128 Isaias
2571 5075 2741 5130 dicit:
2799 5075 2869 5130 Et
2913 5079 3112 5135 dabunt
3144 5083 3335 5138 librum
3367 5089 3614 5159 obsigna—

2051 5170 2162 5216 tum
2185 5162 2382 5217 homini
2404 5166 2590 5219 scienti
2612 5165 2836 5233 litteras,
2858 5178 2907 5222 et
2928 5171 3099 5225 dicent
3125 5173 3174 5226 ei
3193 5188 3211 5225 :
3237 5172 3372 5245 Lege
3400 5179 3529 5242 lucc,
3562 5191 3612 5235 et

2050 5254 2422 5323 respondebit:
2480 5255 2603 5311 Non
2635 5275 2847 5328 possum
2904 5260 3090 5331 legere,
3139 5279 3260 5316 nam
3305 5265 3610 5338 obsignatas

2048 5359 2125 5399 est
2153 5346 2219 5400 “.
2247 5344 2481 5403 Necesse
2528 5358 2850 5405 erat-vetera
2910 5368 3008 5420 per
3050 5354 3341 5424 prophetas
3368 5375 3612 5427 pronun-

2050 5436 2205 5504 tiata,
2231 5438 2526 5495 incredulis
2550 5443 2770 5527 quidem
2793 5444 3104 5512 Pharisteis,
3136 5449 3229 5517 qui
3264 5451 3528 5518 putabant
3552 5471 3612 5510 se

2051 5528 2184 5600 legis
2213 5531 2539 5601 scripturam
2598 5534 2929 5608 intelligere,
2983 5540 3266 5609 obsignata
3320 5557 3462 5610 esse,
3493 5560 3613 5602 cre-

2050 5622 2301 5679 dentibus
2320 5637 2449 5676 vero
2477 5635 2681 5695 aperta.
2730 5626 2863 5693 Quze
2909 5629 3073 5699 igitur
3104 5631 3233 5687 olim
3261 5643 3417 5690 erant
3458 5634 3608 5693 obsi-

462 5808 506 5840 ⁹⁰
536 5808 637 5866 Isa.
688 5828 797 5880 ut,
828 5814 850 5869 I
878 5833 892 5882 ;
923 5811 1054 5870 Luc.
1077 5830 1147 5882 tv,
1177 5811 1261 5869 18.
1337 5818 1378 5850 ’ί
1421 5814 1552 5872 Luc.
1585 5835 1705 5886 xm,
1744 5821 1827 5876 15.
1871 5823 1950 5896 ἐ]

2109 5840 2260 5891 nix,
2293 5825 2347 5880 9.
2429 5826 2471 5856 ⁸³
2511 5827 2612 5881 Isa.
2681 5841 2836 5895 xxix,
2869 5829 2955 5882 ll.
