4128 6374
445 362 550 415 655

1323 354 1380 409 S.
1413 348 1775 408 HIPPOLYTI
1813 347 1964 403 OPP.
2002 343 2183 402 PARS
2218 343 2261 399 I.
2298 373 2367 385 --
2401 338 2819 397 EXEGETICA.

3603 308 3709 395 (ιιι

442 488 625 553 gnata,
686 493 834 534 nunc
886 492 983 548 per
1028 475 1261 548 gratiam
1311 470 1531 527 Domini
1579 468 1763 526 omnia
1815 464 2019 522 sanctis

2130 458 2507 533 ἑσφραγίσθαι,
2542 460 2656 521 τοῖς
2690 456 2747 510 δὲ
2792 462 3138 511 πιστεύουσιν
3191 458 3482 526 ὴνεῳχθαι·
3511 453 3581 508 τὰ
3613 455 3712 526 μὲν

447 584 634 643 aperta
662 580 812 627 sunt.

518 755 637 810 XX.
668 754 791 825 Ipse
817 754 961 809 enim
995 757 1114 805 erat
1157 746 1458 819 perfectum
1500 741 1740 814 sigillum
1765 749 1819 797 et
1856 738 2027 795 clavis

449 846 693 904 Ecclesia
719 865 732 901 :
761 845 866 911 Qui
901 842 1094 914 aperit,
1123 849 1171 896 et
1202 855 1352 894 nemo
1390 836 1615 901 claudit,
1636 845 1686 889 et
1721 832 1945 895 claudit,
1973 841 2023 885 et

453 957 601 996 nemo
639 939 810 1009 aperit
843 937 921 1005 ἰς
952 935 1096 991 sicut
1141 933 1378 988 Joannes
1397 931 1548 995 dicit,
1580 938 1633 983 et
1663 927 1803 982 idem
1832 938 2025 979 rursus

454 1035 567 1090 ait:
599 1031 667 1085 Et
691 1030 796 1085 vidi
816 1029 871 1082 in
901 1027 1091 1082 dextra
1112 1025 1337 1080 sedentis
1358 1038 1514 1093 super
1540 1020 1785 1074 thronum
1807 1016 2023 1081 librum,

454 1126 714 1194 scriptum
743 1123 888 1176 intus
929 1128 979 1176 et
1015 1117 1165 1190 foris,
1187 1119 1454 1187 signatum
1483 1112 1773 1183 signaculis
1799 1118 2026 1177 septem;

451 1227 501 1270 et
536 1216 639 1269 vidi
693 1212 938 1284 angelum
989 1210 1305 1265 clamantem
1358 1221 1477 1261 voce
1528 1216 1755 1273 magna:
1780 1200 1911 1267 Quis
1948 1206 2027 1252 est

457 1308 655 1378 dignus
684 1304 887 1373 aperire
916 1300 1132 1364 librum,
1166 1308 1216 1354 et
1254 1297 1449 1352 solvere
1498 1292 1775 1365 signacula
1796 1290 1953 1360 ejus?
1973 1292 2028 1345 et

452 1405 668 1452 caetera.
706 1392 776 1447 Et
805 1392 912 1446 uidi
960 1383 1018 1445 in
1045 1388 1214 1444 medio
1250 1385 1446 1451 throni,
1478 1395 1527 1439 et
1560 1391 1790 1454 quatuor
1819 1383 2027 1434 anima-

454 1491 589 1544 lium
621 1489 826 1557 Agnum
850 1492 1077 1537 stantem
1132 1476 1431 1551 (tanquam)
1472 1476 1726 1537 occisum,
1755 1474 2029 1527 habentem

452 1599 657 1638 cornua
698 1590 915 1649 septem,
967 1582 1017 1630 ct
1063 1572 1243 1635 oculos
1288 1580 1504 1641 septem,
1561 1570 1651 1640 qui
1682 1578 1803 1624 sunt
1834 1577 2028 1640 septem

453 1676 674 1745 spiritus
708 1672 839 1736 Dei,
867 1670 1018 1722 missi
1038 1683 1091 1720 tn
1117 1680 1321 1720 omnem
1352 1671 1568 1729 terram,
1597 1671 1646 1716 et
1674 1662 1832 1726 venit,
1863 1670 1914 1715 et
1938 1677 2029 1714 ac-

453 1767 588 1837 cepit
631 1764 824 1817 librum
861 1776 926 1813 ea:
974 1757 1165 1811 dextra
1217 1752 1443 1809 sedentis
1481 1767 1635 1821 super
1675 1749 1937 1812 thronum,
1979 1758 2029 1803 et

2128 550 2221 608 οὖν
2262 552 2426 607 πάλαι
2459 549 2874 622 ὲσφραγισμένα
2931 548 3026 602 νῦν
3071 548 3160 601 διὰ
3204 547 3307 618 τῆς
3350 548 3575 618 χάριτος
3613 543 3710 600 τοῦ

2129 645 2336 717 Κυρίου
2366 645 2545 698 πάντα
2573 645 2685 707 τοῖς
2706 643 2880 710 ἁγίοις
2910 640 3170 712 ἡνέῳγεν.

2195 737 2313 793 XX.
2348 738 2522 802 Αὐτὸς
2546 736 2654 808 γὰρ
2688 731 2757 805 ἦν
2784 736 2818 805 ή
2852 733 3030 787 τελεία
3062 733 3296 804 σφραγὶς
3320 771 3336 796 ,
3380 730 3479 785 καὶ
3504 729 3654 793 κλεὶς
3673 730 3709 801 ὴ

2140 830 2471 900 Ἐκκλησία·
2548 830 2601 882 '0
2649 828 2926 898 ἀνοίγων,
2983 826 3080 880 καί
3124 824 3327 892 οὐδεὶς
3371 824 3584 889 κλείει,
3612 820 3714 875 καί
3776 810 3779 813 ’

2128 923 2367 985 κλείων,
2396 922 2494 975 καὶ
2525 921 2729 988 οὐδεὶς
2752 920 2997 990 ἀνοίγει,
3020 917 3096 982 ὡς
3131 917 3381 988 Ἰωάννης
3417 915 3590 985 λέγει,
3617 928 3712 967 και

2128 1014 2292 1069 πάλιν
2326 1015 2355 1067 ὁ
2378 1014 2541 1077 αὐτός
2570 1030 2733 1083 φησι’
2762 1012 2873 1067 Kal
2898 1008 3064 1065 εἶδον
3089 1009 3185 1063 ἐπὶ
3218 1008 3333 1078 τὴν
3361 1007 3570 1073 δεξιὰν
3602 1006 3711 1061 τοῦ

2120 1108 2465 1177 ’καθημένου
2487 1106 2586 1160 ἐπὶ
2627 1106 2736 1159 τὸν
2774 1105 2992 1172 θρόνον
3030 1102 3277 1168 ,ϐιϐλίον
3301 1099 3714 1179 γεγραμμένον

2124 1201 2353 1256 ἔσωθεν
2434 1199 2533 1253 καὶ
2588 1198 2831 1263 ἔξωθεν,
2873 1195 3357 1265 ἐσφραγισμένον
3385 1193 3715 1264 σφραγῖσιν

2126 1292 2302 1355 ἑπτὰ,
2331 1291 2430 1345 καί
2475 1287 2641 1345 εἶδον
2682 1289 2942 1359 ἄγγελον
2970 1287 3362 1356 κηρύσσοντα
3402 1286 3572 1356 φωνῇ
3609 1302 3713 1356 με·

2126 1383 2304 1455 γάλῃ,
2356 1384 2452 1451 Τίς
2505 1382 2674 1449 ἄξιος
2726 1381 2959 1445 ἀνοῖξαι
2990 1380 3056 1434 τὸ
3084 1380 3350 1445 βιϐλίον,
3392 1378 3491 1433 καὶ
3525 1379 3714 1434 λῦσαι

2126 1476 2234 1543 τὰς
2259 1474 2590 1546 σφραγῖδας
2641 1474 2867 1538 abeat”);
2897 1475 2992 1528 καὶ
3023 1472 3092 1527 τὰ
3148 1472 3296 1543 ἑξῆς
3326 1474 3426 1527 καὶ
3457 1469 3623 1527 εἶδον
3641 1473 3713 1527 ἐν

2122 1568 2291 1637 μέσῳ
2322 1567 2430 1621 τοῦ
2471 1568 2708 1636 θρόνου,
2762 1568 2860 1621 καί
2894 1566 3013 1620 τῶν
3046 1566 3363 1635 τεσσάρων
3403 1564 3579 1631 ζώω,
3607 1566 3712 1634 ἀρ-

2127 1659 2264 1712 νίον
2291 1657 2549 1726 ἑστηκὸς
2571 1655 2959 1728 ἐσφαγμένον
2980 1658 3128 1729 ἕχον
3163 1659 3383 1728 κέρατα
3406 1657 3578 1724 ἑπτὰ,
3607 1658 3707 1712 καὶ

2129 1751 2477 1821 ὀφθαλμοὺς
2532 1752 2701 1816 ἑπτὰ,
2754 1752 2794 1806 ἄ
2844 1753 3002 1805 εἰσιν
3053 1752 3203 1805 ἑπτὰ
3254 1752 3565 1821 πνεύματα
3600 1749 3710 1805 τοῦ

454 1831 670 1927 quando
694 1851 894 1920 accepit
921 1847 1137 1909 librum,
1187 1852 1417 1915 quatuor
1444 1840 1724 1904 animalia,
1768 1849 1816 1894 ct
1841 1840 2026 1909 viginti

2130 1843 2298 1908 Θεοῦ,
2326 1843 2399 1897 τὰ
2453 1843 2878 1913 ἀπεσταλμένα
2910 1846 2997 1911 είς
3041 1843 3249 1899 πᾶσαν
3291 1843 3408 1912 τὴν
3436 1842 3571 1915 τῆν,
3611 1844 3711 1900 καί

454 1944 686 2017 quatuor
721 1944 950 1997 seniores
1003 1938 1301 1992 ceciderunt
1329 1950 1509 1988 coram
1556 1932 1735 2003 Agno,
1784 1932 2027 1986 habentes

456 2038 715 2100 citharas,
750 2041 801 2087 et
849 2028 1059 2101 phialas
1088 2042 1296 2089 aureas,
1326 2025 1508 2095 plenas
1544 2023 2026 2087 odoramentorum,

456 2144 572 2199 quae
605 2134 725 2179 sunt
776 2122 1041 2177 orationes
1074 2127 1400 2180 sanctorum,
1460 2125 1507 2169 et
1546 2125 1742 2168 canunt
1765 2117 2031 2167 canticum

402 2244 407 2249 η
457 2234 668 2284 novum,
696 2217 925 2269 dicentes
956 2229 975 2265 :
1010 2210 1210 2281 Dignus
1252 2225 1306 2263 es
1333 2208 1566 2277 accipere
1590 2207 1806 2270 librum,
1834 2216 1881 2261 et
1913 2223 2035 2276 ape-

460 2313 564 2369 rire
589 2307 867 2381 signacula
895 2305 1031 2374 ejus,
1060 2302 1310 2372 quoniam
1337 2300 1540 2355 occisus
1564 2315 1638 2364 es,
1667 2306 1715 2353 et
1741 2300 1913 2352 emisti
1940 2314 2033 2351 nos

2129 1934 2299 2007 ἦλθε,
2332 1937 2429 1990 καὶ
2469 1937 2649 1991 ἔλαϐε
2681 1937 2745 1991 τὸ
2794 1938 3037 2002 ,βιϐλίον
3080 1937 3149 1991 ἐκ
3195 1935 3304 2005 τῆς
3353 1935 3556 2003 δεξιᾶς
3602 1937 3713 1993 τοῦ

2134 2027 2473 2096 καθημένου
2525 2027 2625 2080 ἐπὶ
2689 2026 2797 2081 τοῦ
2840 2029 3079 2094 θρόνου,
3128 2027 3225 2080 καὶ
3269 2026 3368 2079 ὅτε
3420 2026 3603 2081 ἔλαϐε
3641 2022 3710 2079 τὸ

2129 2119 2374 2184 βιϐλίον
2413 2121 2485 2175 τὰ
2523 2120 2793 2189 τέσσαρα
2821 2117 2953 2186 ζῶα,
2996 2118 3097 2174 καί
3145 2122 3198 2174 οί
3222 2119 3714 2188 εικοσιτέσσαρες

2138 2211 2523 2279 πρεσϐύτεροι
2570 2212 2796 2266 ἔπεσον
2823 2210 3081 2265 ἐνώπιον
3127 2208 3235 2264 τοῦ
3270 2210 3505 2279 ἀρνίου,
3541 2210 3714 2279 ἔχονκ-

2136 2318 2236 2368 τες
2264 2301 2529 2370 κιθάρας,
2581 2302 2679 2355 καί
2724 2300 2943 2371 φιάλας
2980 2298 3216 2371 χρυσᾶς
3272 2300 3573 2371 γεμούσας
3607 2304 3713 2356 θυ-

457 2404 567 2459 Deo
590 2405 647 2455 in
673 2399 928 2470 sanguine
981 2406 1071 2450 tuo
1124 2395 1195 2450 ’δέ
1232 2393 1457 2462 Accepit
1512 2391 1678 2462 igitur
1733 2391 1956 2458 librum,
1983 2398 2029 2445 et

2130 2390 2443 2470 μιαμάτων
2466 2432 2481 2458 ,
2537 2393 2601 2446 αἵ
2654 2395 2813 2447 εἰσιν
2853 2395 2912 2447 al
2966 2392 3296 2462 προσευχαὶ
3340 2390 3460 2444 τῶν
3507 2392 3711 2461 ἁγίων.

457 2488 638 2553 solvit,
672 2495 729 2540 ut
771 2499 887 2555 qua:
920 2482 1049 2537 olim
1106 2482 1171 2536 de
1208 2481 1321 2551 ipso
1360 2491 1557 2534 secreto
1600 2479 1748 2534 dicta
1799 2480 2035 2550 fuerant,

457 2594 594 2633 nunc
620 2577 779 2630 libere
803 2588 960 2642 super
990 2582 1125 2626 tecta
1143 2569 1497 2641 prtedicentur
1525 2569 1594 2623 ”.

2136 2484 2235 2537 καὶ
2263 2482 2517 2551 ᾅδουσιν
2543 2484 2707 2554 ᾠδὴν
2732 2486 2951 2553 καινὴν
2990 2484 3298 2556 λέγοντες
3323 2485 3511 2553 Ἄξιος
3530 2482 3588 2539 εἷ
3606 2488 3715 2539 λα-

2138 2576 2264 2629 ϐεἴν
2284 2574 2350 2628 τὸ
2369 2575 2633 2642 βιϐλίον,
2688 2579 2785 2632 καὶ
2818 2578 3053 2643 ἀνοῖξαι
3092 2577 3202 2646 τὰς
3242 2564 3578 2651 σφραγῖδας
3600 2582 3712 2634 αὑ-

360 2712 363 2715 .
455 2671 584 2727 τοῦθ
631 2670 721 2723 ὅτι
774 2666 1067 2736 ἐσφάγης,
1123 2664 1223 2719 καὶ
1266 2666 1575 2734 ἠγόρασας
1620 2659 1777 2732 ἡμᾶς
1829 2662 1910 2730 τῷ
1955 2663 2077 2732 Θεῷ
2137 2668 2207 2723 ἐν
2241 2668 2322 2736 τῷ
2369 2671 2572 2741 αἵματί
2619 2689 2757 2727 σου.
2807 2675 3038 2728 Ἔλαϐεν
3085 2672 3178 2729 οὖν
3227 2674 3288 2729 τὸ
3341 2675 3565 2747 βιϐλίον,
3618 2676 3715 2730 καὶ

362 2805 376 2820 .
456 2768 664 2831 έλυσεν,
716 2765 819 2818 ἵνα
871 2762 945 2816 τὰ
1013 2761 1199 2815 πάλαι
1263 2761 1396 2830 περὶ
1451 2759 1638 2814 αὐτοῦ
1670 2759 2030 2830 ἀποκρύφως
2080 2765 2445 2835 λαλούμενα,
2477 2766 2593 2821 νῦν
2614 2767 2764 2838 μετὰ
2818 2769 3158 2838 παρρησίας
3206 2770 3307 2825 ἐπὶ
3350 2768 3470 2824 τῶν
3524 2768 3716 2839 δωμά-

455 2874 574 2913 των
604 2850 905 2923 κηρυχθῇ

525 2951 669 3007 XXI.
695 2951 773 3006 Ac
798 2958 1083 3021 propterea
1116 2946 1343 3017 angelus
1369 2945 1575 3001 Danieli
1610 2946 1827 3016 quidem
1858 2946 2028 3002 dicit:

439 3041 625 3123 .Signa
659 3054 944 3098 sermones.
992 3035 1242 3108 quoniam
1294 3036 1350 3089 in
1403 3036 1508 3104 ﬁne
1558 3037 1803 3103 temporis
1856 3037 2027 3100 visio;

2205 2944 2350 3000 XXI.
2385 2944 2494 2999 Καὶ
2517 2944 2606 2998 διὰ
2639 2946 2799 3000 τοῦτο
2845 2946 2923 3019 τῷ
2977 2947 3074 3019 μὲν
3115 2946 3311 3019 Δανιὴλ
3343 2946 3491 3017 λέγει
3537 2948 3566 3001 δ
3609 2947 3714 3016 ἄγ-

2135 3039 2310 3109 γελοςο
2346 3038 2689 3109 Σφράγισον
2747 3039 2889 3106 τοὺς
2941 3041 3182 3109 λόγους,
3231 3039 3321 3093 ὅτι
3355 3042 3438 3107 είς
3500 3039 3711 3107 καιροῦ

457 3127 678 3183 Christo
704 3140 834 3181 vero
863 3139 975 3179 non
1019 3124 1322 3189 dicebatur,
1356 3124 1533 3194 signa,
1591 3124 1686 3179 sed
1740 3124 1878 3180 solve
1912 3142 2029 3197 quae

2134 3130 2320 3200 πέρας
2346 3131 2384 3198 ἡ
2426 3129 2655 3199 ὅρασις
2685 3128 2763 3202 τῷ
2803 3130 2859 3183 δὲ
2890 3129 3108 3204 Χριστῷ
3134 3132 3235 3185 οὐκ
3282 3131 3504 3201 ἐλέγετο
3528 3130 3719 3201 σερρά-

459 3222 589 3276 olim
614 3221 778 3291 ligata
805 3227 985 3284 erant,
1035 3226 1097 3274 ut
1128 3232 1221 3288 per
1251 3217 1481 3288 gratiam
1521 3217 1697 3287 ipsius
1726 3232 2032 3289 cognosca-

460 3325 585 3366 mus
614 3324 716 3365 nos
744 3309 1081 3369 voluntatem
1134 3305 1337 3374 Patris,
1369 3314 1425 3362 et
1462 3307 1753 3364 credamus
1805 3309 1859 3363 in
1883 3324 2032 3378 eum,

459 3415 623 3470 quem
656 3400 806 3454 misit
859 3399 950 3453 ille
979 3406 1202 3469 propter
1240 3398 1473 3452 salutem
1514 3399 1820 3466 hominum,
1847 3398 2033 3456 Jcsum

462 3491 754 3546 Dominum
785 3498 1056 3547 nostrum.
1091 3489 1231 3543 Dicit
1256 3489 1459 3559 igitur:
1490 3489 1808 3558 Revertetur,
1833 3501 1881 3545 et
1905 3492 2036 3546 tedi-

459 3584 710 3654 ﬁcabitur
736 3582 935 3652 platea,
985 3589 1035 3634 et
1087 3597 1293 3647 murus,
1330 3579 1523 3651 (quod)
1574 3585 1799 3637 omnino
1831 3581 2033 3639 factum

459 3684 565 3732 est.
600 3673 740 3729 Cum
783 3674 929 3728 enim
978 3672 1215 3743 populus
1246 3688 1501 3729 reversus
1533 3682 1698 3741 esset,
1747 3675 1959 3743 urbem,
1980 3685 2034 3732 et

461 3768 746 3838 templum,
782 3774 834 3820 et
876 3781 1065 3821 muros
1110 3765 1165 3820 in
1199 3766 1432 3820 circuitu
1489 3766 1797 3824 aediﬁcavit.
1836 3767 2035 3825 Deinde

459 3860 578 3916 ait:
614 3857 743 3913 Post
800 3856 1156 3911 hebdomadas
1203 3858 1480 3928 sexaginta
1516 3857 1651 3912 duas
1697 3875 2030 3914 consumma-

461 3953 657 4006 l'untur
703 3960 972 4019 tempora;
1018 3958 1069 4002 et
1127 3958 1326 4003 statuet
1369 3959 1584 4020 pactum
1621 3950 1804 4005 multis
1836 3951 2031 4006 hebdo-

459 4043 621 4099 mada
648 4057 776 4104 una,
804 4051 852 4095 et
877 4041 929 4094 in
957 4040 1181 4094 dimidio
1212 4041 1549 4096 hebdomadis
1573 4043 1841 4112 auferetur
1866 4045 2034 4098 sacri-

460 4135 735 4200 ﬁcium,ct
781 4132 1033 4197 libamen,
1087 4142 1137 4186 et
1192 4132 1334 4205 (erit)
1371 4134 1428 4187 in
1475 4134 1669 4201 templo
1709 4134 2031 4192 abominatio

453 4222 867 4277 desolationum.

526 4392 694 4450 XXII.
722 4394 859 4451 Cum
915 4396 1059 4451 enim
1095 4396 1379 4466 sexaginta
1410 4396 1533 4452 dua:
1578 4396 1883 4468 adimpletat
1913 4398 2030 4455 fue-

2136 3239 2332 3294 γισον,
2370 3221 2507 3276 ἀλλὰ
2551 3222 2751 3277 λῦσον
2800 3222 2870 3277 τὰ
2920 3223 3086 3277 πάλαι
3133 3222 3418 3294 δεδεμένα’
3486 3225 3573 3278 ἵνα
3620 3225 3713 3279 διὰ

2133 3314 2234 3385 τῆς
2279 3314 2501 3384 χάριτος
2527 3313 2693 3367 αὐτοῦ
2734 3314 3045 3385 ὲπιγνῶμεν
3084 3316 3246 3385 ἡμεῖς
3275 3315 3335 3368 τὸ
3375 3314 3589 3387 θέλημα
3615 3315 3714 3370 τοῦ

2133 3405 2366 3476 Πατρὸς,
2396 3406 2490 3459 nat
2513 3406 2890 3478 πιστεύσωμεν
2916 3408 2997 3471 είς
3051 3405 3111 3460 ὃν
3137 3408 3343 3473 ἐκεῖνος
3371 3407 3712 3476 ἀπέστειλεν,

2145 3496 2352 3569 Ἰησοῦν
2403 3497 2496 3552 τὸν
2539 3497 2744 3571 Κύριον
2780 3497 2938 3570 ἡμῶν
2989 3498 3087 3552 ἐπὶ
3137 3500 3205 3570 τῇ
3248 3498 3359 3552 τῶν
3407 3499 3717 3573 ἀνθρώπων

2135 3587 2395 3660 σωτηρίαι⁸
2429 3587 2577 3658 λέγει
2628 3584 2751 3643 οὖν’
2819 3588 3215 3661 Ἐζπιστρέψει,
3260 3589 3358 3645 καὶ
3398 3591 3715 3662 οἰκοδομη-

2132 3678 2383 3745 θήσεται
2437 3681 2711 3755 τπλατεῖα,
2757 3680 2859 3736 καὶ
2906 3680 3134 3752 τεῖχος
3180 3682 3350 3748 ὅντως
3394 3684 3708 3755 γεγένηται·

2133 3769 2468 3842 ἐπιστρέψας
2491 3770 2606 3844 ,γὰρ
2660 3772 2688 3825 ὁ
2739 3771 2867 3837 λαὸς
2895 3771 3209 3845 ᾠκοδόμησε
3250 3773 3348 3845 τὴν
3396 3775 3570 3844 πόλιν,
3617 3776 3713 3831 καὶ
3767 3784 3773 3793 ‘

2131 3862 2397 3928 τὸνναὸν,
2427 3864 2520 3917 καί
2553 3864 2615 3917 τὸ
2646 3868 2827 3936 τεῖχος
2860 3864 3077 3938 κύκλῳο
3129 3865 3320 3920 ἔπειτα
3340 3867 3508 3937 λέγει·
3546 3868 3709 3924 Μετὰ
3814 3898 3823 3905 -

2131 3956 2238 4020 τὰς
2264 3954 2593 4025 ἑϐδομάδας
2613 3956 2718 4022 τὰς
2738 3955 3176 4025 ἑξηκονταδύο,
3195 3958 3710 4026 ὲκκενωθήσονται
3748 3992 3754 4000 -

2131 4047 2186 4097 οἱ
2216 4045 2429 4114 καιροὶ,
2481 4045 2582 4099 καὶ
2612 4045 2884 4113 διαθήσει
2919 4046 3214 4115 διαθήκην
3259 4048 3512 4115 πολλοῖς
3545 4049 3711 4104 ἐϐδο-

2131 4134 2245 4203 μὰς
2262 4137 2393 4205 μία,
2422 4137 2519 4191 καὶ
2552 4138 2624 4191 ἐν
2657 4135 2736 4203 τῷ
2762 4138 2965 4208 ἡμίσει
3012 4135 3123 4207 τῆς
3164 4139 3490 4210 ἑϐδομάδος
3529 4141 3709 4210 ἀρθή-

2132 4243 2297 4284 σεται
2321 4232 2526 4298 θυσία,
2558 4230 2965 4301 καϊσπονδὴ,
3005 4231 3104 4286 καὶ
3145 4233 3244 4287 ἐπὶ
3284 4233 3349 4288 τὸ
3378 4234 3540 4304 ἱερὸν
3562 4234 3705 4300 ,ϐδέ-

2128 4325 2330 4392 λυγμα
2371 4323 2490 4377 τῶν
2528 4321 2900 4393 ἐρημώσεων.

2203 4413 2367 4470 XXII.
2400 4415 2521 4482 Τῶν
2546 4415 2654 4488 γὰρ
2689 4414 2956 4487 ἑξήκοντα
3007 4414 3101 4470 δύο
3141 4414 3450 4487 ἑϐδομάδων
3488 4415 3701 4487 πληρω-

455 4484 570 4541 rint
596 4472 986 4550 behdomades,
1014 4498 1067 4543 et
1104 4460 1357 4543 Christus
1411 4486 1668 4553 adfuerit,
1707 4460 1760 4545 et
1784 4488 2028 4560 Evange-

2203 4460 2247 4468 ⁵-
2275 4460 2367 4470 ’⁵⁸“”
2407 4460 2515 4482 Γ⁹”’
2558 4460 2651 4488 δ“”Γ
2690 4460 2956 4487 ⁷ἳ⁹⁶π⁷⁹⁷⁹⁵
3009 4460 3100 4470 *⁷*
3141 4460 3445 4487 ""|'""""
3495 4460 3671 4487 """I'w

2133 4506 2349 4570 θεισῶν,
2380 4506 2472 4560 καὶ
2495 4505 2731 4579 Χριστοῦ
2766 4506 3233 4580 παραγενομένου,
3276 4509 3371 4562 καὶ
3421 4508 3512 4563 τοῦ
3541 4509 3697 4576 εὐαγ-

332 4621 340 4629 .
455 4576 590 4633 lium
623 4578 678 4631 in
705 4580 853 4632 omni
882 4579 1007 4633 loco
1034 4580 1201 4634 fuerit
1229 4582 1604 4652 praedicatum,
1632 4584 2027 4641 consummatis

452 4669 819 4740 temporibus,
850 4686 958 4725 una
1012 4671 1351 4728 hebdomada
1398 4673 1739 4744 relinquetur
1760 4684 2022 4740 extrema,

455 4761 514 4815 in
538 4776 647 4831 qua
682 4761 857 4815 aderit
877 4760 1044 4828 Elias,
1078 4772 1133 4817 et
1152 4761 1365 4829 Enoch,
1397 4775 1452 4821 et
1511 4767 1563 4821 in
1595 4766 1821 4823 dimidio
1850 4768 2023 4838 ipsius

454 4851 740 4922 apparebit
798 4851 1132 4909 abominatio
1183 4853 1558 4932 desolationis,
1615 4857 1852 4932 (nempe)
1875 4859 2026 4915 Anti-

452 4942 714 5009 christus,
774 4942 1169 4999 desolationem
1226 4946 1432 5001 mundo
1481 4949 1834 5005 annuntians.
1883 4949 2022 5006 Cum

451 5050 581 5089 vero
606 5034 697 5090 ille
725 5035 1024 5102 advenerit,
1089 5035 1367 5092 auferetur
1417 5039 1769 5109 sacriﬁcium,
1797 5050 1851 5096 et
1881 5042 2020 5098 liba-

450 5141 598 5195 men,
635 5126 780 5197 quod
811 5128 973 5181 modo
995 5127 1197 5198 ubique
1240 5127 1485 5185 locorum
1516 5146 1546 5185 a
1579 5132 1831 5201 gentibus
1859 5133 2022 5189 oﬂ‘er-

448 5227 541 5274 tur
573 5219 704 5276 Deo.
736 5218 834 5276 His
866 5220 939 5274 ita
965 5219 1128 5277 dictis
1158 5222 1319 5276 aliam
1369 5224 1528 5278 nobis
1554 5225 1821 5280 visionem
1870 5241 2028 5282 enar-

446 5320 531 5365 rat
562 5311 862 5382 propheta;
899 5313 966 5368 de
1001 5314 1151 5369 nulla
1196 5315 1341 5369 enim
1369 5315 1479 5370 alia
1517 5331 1576 5371 re
1605 5316 1872 5373 sollicitus
1903 5318 2025 5386 fuit,

445 5417 613 5470 quam
660 5409 722 5458 ut
774 5403 843 5459 de
886 5406 1143 5461 omnibus
1194 5405 1394 5463 futuris
1445 5406 1733 5477 diligenter
1785 5409 2022 5466 instrue-

445 5498 637 5561 retur,
693 5507 816 5563 quae
875 5494 995 5565 ipso
1068 5498 1292 5553 doctore
1358 5496 1520 5553 nobis
1576 5497 1866 5555 manifesta
1923 5502 2020 5557 tie-

444 5588 587 5635 rent.

514 5740 562 5776 ’*
587 5742 758 5814 Apoc.
791 5759 872 5812 tu,
905 5745 957 5802 7.
1035 5748 1080 5782 "
1115 5751 1282 5820 Apoc.
1308 5756 1361 5817 ν,
1396 5749 1447 5803 1.
1525 5751 1571 5785 ’θ
1597 5749 1787 5810 Matth.
1819 5769 1875 5822 ι,
1906 5755 1997 5810 27.
2076 5761 2096 5781 ⁶

2130 4597 2310 4667 γελίου
2354 4599 2410 4651 ἐν
2450 4597 2614 4650 παντὶ
2658 4597 2810 4668 τόπῳ
2851 4598 3239 4670 κηρυχθέντος,
3291 4598 3699 4653 ἐκκενωθέντων
3742 4644 3745 4649 ι

2129 4687 2236 4741 τῶν
2262 4687 2490 4760 καιρῶν,
2524 4687 2619 4756 μία
2643 4686 2874 4758 ἑϐδομὰς
2902 4688 3377 4761 περιλειφθήσεται
3415 4692 3449 4761 ἡ
3477 4690 3701 4760 ἐσχάτη,

2129 4777 2187 4828 ὲν
2286 4776 2554 4848 παρέσται
2597 4775 2799 4840 Ἠλίας,
2828 4778 2922 4832 καὶ
2960 4776 3129 4849 Ἐνὼχ
3149 4817 3163 4841 ,
3199 4779 3295 4831 καὶ
3327 4780 3385 4831 ὲν
3410 4779 3488 4850 τῷ
3516 4779 3703 4852 ἡμίσει

2128 4864 2297 4936 αὐτῆς
2340 4864 2743 4936 ἀναφανήσεται
2793 4866 2855 4919 τὸ
2886 4866 3160 4939 βδέλυγμα
3215 4867 3316 4940 τῆς
3348 4869 3702 4941 ἐρημώσεως,

2128 4956 2238 5019 ἕως
2269 4960 2286 4976 ·
2312 4956 2341 5007 ὁ
2383 4955 2748 5028 ’Δντὶχριστος
2773 4959 3052 5030 ἐρήμωσιν
3077 4958 3157 5031 τῷ
3183 4959 3375 5031 κόσμῳ
3397 4960 3703 5030 καταγγέλ-

2127 5043 2262 5099 λων’
2323 5040 2385 5098 οὗ
2458 5047 2899 5118 παραγινομένου
2974 5048 3274 5121 ἀρθήσεται
3348 5051 3549 5115 θυσία,
3607 5052 3703 5105 καὶ

2128 5137 2348 5209 σπονδὴ,
2398 5139 2431 5209 ἡ
2485 5137 2582 5193 νῦν
2615 5139 2755 5193 κατὰ
2818 5142 2993 5196 πάντα
3043 5143 3206 5197 τόπον
3249 5143 3355 5196 ὑπὸ
3392 5143 3500 5197 τῶν
3530 5142 3700 5196 ἐθνῶν

2120 5230 2533 5302 προσφερομένη
2550 5231 2629 5303 τῷ
2647 5232 2784 5303 Θεῷ.
2804 5232 3020 5288 Τούτων
3039 5233 3212 5299 οὕτως
3233 5236 3558 5307 εἰρημένων,
3574 5233 3698 5286 ἐτέ-

2125 5340 2228 5394 ραν
2263 5322 2424 5376 πάλιν
2452 5324 2718 5378 ὀπτασίαν
2759 5326 3027 5398 διηγεῖται
3054 5330 3188 5399 ἡμῖν
3218 5330 3248 5381 ὁ
3273 5329 3573 5400 προφήτης·
3605 5326 3702 5379 οὐ·

2123 5413 2209 5467 δὲν
2241 5412 2350 5486 γὰρ
2370 5414 2557 5487 ἕτερον
2589 5417 2973 5489 ὲμερίμνησεν,
3001 5420 3050 5472 εί
3100 5419 3175 5491 μὴ
3207 5421 3295 5474 ἵνα
3334 5419 3510 5474 πάντα.
3538 5419 3696 5491 ἀκρι-

2123 5502 2235 5567 ϐῶς
2266 5504 2555 5578 ὲκδιδαχθῇ
2590 5507 2660 5559 τὰ
2702 5507 2988 5578 μέλλοντα,
3035 5513 3128 5567 καὶ
3174 5514 3324 5583 ἡμᾶς
3365 5509 3699 5567 ἐκδιδάσκων

2123 5597 2286 5668 φανῇ.

2128 5755 2332 5815 Vocula
2357 5759 2464 5824 ἕως
2493 5764 2869 5834 expungcnda.
