4128 6382
438 390 543 448 657

1605 397 2029 455 FRAGMFNTA
2063 401 2129 457 IN
2161 402 2531 458 DANIELEM.

3596 398 3703 455 658

508 505 683 562 XXIII
731 505 896 577 Λέγει
920 509 972 579 γ’
1009 503 1120 563 οὖν·
1189 509 1284 565 Ἐν
1304 510 1426 565 ἔτει
1485 515 1657 581 τρίτῳ
1689 516 1888 584 Κύρου
1916 517 2000 571 τοι

2198 517 2385 572 XXIII.
2412 517 2502 572 Ait
2544 518 2706 589 igitur
2731 537 2744 571 :
2794 514 2863 570 In
2896 531 3034 570 anno
3073 512 3227 570 tertio
3253 513 3383 585 Cyri
3412 516 3545 585 regis
3570 514 3704 571 Per-

428 600 741 666 ,ϐασιλέως
766 600 1017 670 Περσῶν
1037 604 1213 672 λόγος
1267 603 1662 674 ἀπεκαλύφθη
1684 605 1767 673 τῷ
1794 607 2019 677 Δανιὴλ

436 687 512 748 οὗ
536 691 604 745 τὸ
641 691 831 761 ὄνομα
872 692 1220 763 Βαλτάσαρ,
1271 694 1371 748 καί
1421 696 1708 764 ἀληθινὸς
1749 700 1783 751 ό
1811 700 2015 769 λόγος,

354 776 361 784 ’
435 786 536 841 καί
570 785 827 856 δύναμις
857 774 1116 856 μεγάλη,
1170 787 1271 841 καί
1333 788 1587 855 σύνεσις
1628 788 1805 858 ἐδόθη
1859 790 2020 858 αὐτῷ

432 880 504 934 ἐν
528 877 604 948 τῇ
657 880 939 948 ὀπτασίᾳ·
995 880 1066 934 ἐν
1105 879 1236 947 ταῖς
1291 879 1536 951 ἡμέραις
1593 882 1856 949 ἐκείναις
1904 882 2019 954 ἐγὼ

433 971 660 1041 Δανιὴλ
702 971 865 1042 ἥμην
903 973 1139 1028 πενθῶν
1181 972 1337 1042 τρεῖς
1390 973 1720 1043 ἑϐδομάδας
1762 974 2017 1045 ἡμερῶν,

432 1065 617 1134 ἄρτον
664 1063 992 1135 ἐπιθυμιῶν
1030 1067 1142 1119 οὐκ
1196 1064 1446 1137 ἔφαγον,
1511 1066 1611 1121 καί
1662 1066 1865 1135 κρέας,
1919 1069 2015 1123 καί

433 1153 598 1223 οἶνος
658 1159 772 1212 οὐκ
838 1155 1125 1225 εἰσῆλθεν
1190 1159 1279 1224 εἰς
1329 1158 1397 1212 τὸ
1460 1160 1655 1228 στόμα
1704 1177 1845 1230 μου,
1917 1160 2015 1214 καί

430 1249 691 1319 ἄλειμμα
734 1250 845 1304 οὐκ
889 1249 1236 1319 ἡλειψάμην
1282 1249 1394 1318 ἕως
1431 1250 1799 1320 πληρώσεως
1843 1252 2018 1322 τριῶν

430 1340 802 1410 ἑϐδομάδων·
840 1341 911 1395 ἐν
970 1341 1159 1410 ἡμέρᾳ
1216 1341 1466 1412 τετάρτῃ
1518 1344 1624 1397 τοῦ
1665 1343 1861 1413 μηνός
1905 1344 2016 1398 τοῦ

431 1431 667 1502 πρώτου
698 1434 1275 1502 ὲταπεινοφρόνησα,
1302 1437 1485 1505 φησὶν,
1522 1437 1715 1490 εἴκοσι
1758 1437 1856 1490 καὶ
1868 1439 2017 1507 μίαν

432 1525 698 1596 ἡμέραν·
754 1525 1045 1597 εὐχόμενος
1091 1526 1169 1599 τῷ
1225 1527 1344 1598 Θεῷ
1383 1527 1462 1600 τῷ
1509 1528 1709 1594 ζῶντι,
1762 1528 2014 1584 ἁπαιτῶν

431 1615 760 1688 παράὐτοῦ
795 1617 1139 1687 ἀποκάλυψιν
1179 1620 1497 1692 μυστηρίου·
1541 1622 1636 1673 καὶ
1664 1619 1729 1692 δὴ
1773 1621 2014 1686 ἀκούσας

427 1707 619 1811 ματ-ηρ
644 1706 936 1811 ὀιτὲἑστειλε
958 1704 1157 1811 ῄίόγοὶι⁵
1175 1708 1309 1811 ἴδιον
1334 1710 1589 1811 εινδεικνύ
1599 1728 1757 1783 μενος
1798 1711 1859 1765 τὸ
1886 1712 2014 1783 μὲλ-

410 1792 518 1852 ’λον
546 1800 817 1872 ἀποϐῆναι
870 1801 936 1853 δι’
952 1792 1157 1855 ἀύτοῦ·
1190 1802 1287 1855 καὶ
1329 1801 1395 1874 δὴ
1444 1803 1660 1872 ἐγένετο
1718 1805 1870 1877 παρὰ
1917 1805 2011 1859 τὸν

428 1892 671 1963 ποταμὸν
744 1893 837 1947 τὸν
901 1893 1112 1965 μέγαν·
1182 1893 1290 1947 ἔδει
1353 1895 1463 1967 γὰρ
1511 1898 1629 1950 ἐκεῖ
1686 1896 1778 1949 τὸν
1838 1898 2009 1951 Παῖδα

423 1985 754 2051 δείκνυσθαι,
792 1987 925 2040 ὅπου
956 1989 1050 2041 καὶ
1077 1987 1348 2059 ἁμαρτίας
1371 1989 1589 2059 ἀφιέναι
1615 1988 1833 2062 ἤμελλε.

493 2076 685 2132 XXIV.
740 2072 1015 2150 Καίῇρα,
1078 2081 1243 2153 φησὶ,
1291 2080 1435 2148 τοὺς
1492 2082 1838 2152 ὀφθαλμούς
1865 2100 2008 2153 μου·

425 2169 524 2225 καί
580 2169 707 2224 ίδοὺ
766 2170 920 2240 ἀνὴρ
962 2171 1360 2243 ἐνδεδυμένος
1399 2173 1643 2238 βαδδίν·
1703 2175 1762 2228 ἐν
1815 2176 1912 2246 μὲν
1938 2178 2005 2249 τῇ

426 2259 618 2334 πρώτῃ
672 2261 905 2333 ὀπτασίᾳ
962 2263 1160 2334 φησὶν,
1231 2263 1377 2318 Ἰδοὺ
1444 2264 1699 2335 ἄγγελος
1740 2265 2006 2335 Γαϐριὴλ

423 2349 900 2420 ἀπεσταλμένος·
936 2352 1171 2406 ἐνταῦθα
1219 2353 1276 2407 δὲ
1329 2355 1428 2426 οὐχ
1477 2354 1673 2420 οὕτως,
1722 2354 1860 2410 ἀλλὰ
1913 2356 2007 2411 τὸν

426 2441 628 2516 Κύριον
661 2445 783 2516 ὁρᾷ,
813 2444 967 2498 οῦπω
1025 2446 1125 2517 μὲν
1167 2446 1388 2511 τελείως
1423 2446 1708 2520 ἄνθρωπον
1729 2488 1744 2512 ,
1780 2449 1838 2502 ὲν
1873 2448 2005 2520 σχήε

426 2552 558 2607 ματι
620 2534 677 2588 δὲ
726 2534 1013 2607 ἀνθρώπου
1069 2536 1423 2609 φαινόμενον,
1477 2538 1663 2603 καθὼς
1688 2539 1860 2608 λέγει,
1904 2538 2006 2593 καὶ

423 2626 550 2681 ίδοὺ
585 2627 741 2696 ἀνὴρ
777 2627 1188 2699 ’ἐνδεδυμένος
1223 2630 1470 2695 βαδδίν·
1510 2631 1572 2685 τὸ
1599 2632 1709 2704 γὰρ
1758 2631 2001 2686 ποικίλον

419 2717 520 2789 τῆς
551 2718 796 2791 κλήσεως
834 2719 943 2772 τῶν
993 2721 1349 2793 χαρισμάτων
1380 2722 1728 2795 ἐνδεδυμένος
1747 2722 2001 2778 ’ποικίλον

419 2811 628 2881 χιτῶνα
669 2811 986 2883 μυστηρίων
1017 2817 1035 2837 '
1064 2813 1429 2868 ἐπεδείκνυεν·
1485 2816 1567 2869 ὃτι
1614 2816 1679 2870 ἐκ
1731 2815 2004 2888 διαφόρων

417 2905 724 2977 χρωμάτων
756 2901 825 2976 ἦν
855 2907 1290 2978 κατηρτισμένος
1313 2909 1342 2960 6
1372 2907 1646 2980 ίερατικὸς
1674 2907 1861 2980 χιτὼν,
1889 2908 2002 2963 τῶν

420 2996 678 3050 ποικίλων
705 2995 875 3050 ὲθνῶν
905 2996 1207 3069 παρουσίαν
1249 2998 1488 3071 Χριστοῦ
1526 2999 1997 3071 προσδεχομένων,

2122 619 2303 659 sarum
2332 604 2542 659 verbum
2565 603 2849 659 revelatum
2877 614 2953 659 est
2981 603 3188 657 Danieli
3215 614 3552 673 cognomento
3576 605 3706 658 Bal-

2122 708 2290 762 tasar,
2325 706 2374 750 et
2408 695 2619 750 verbum
2676 712 2878 760 verum,
2915 705 2967 750 et
2998 694 3257 765 fortitudo
3286 712 3500 766 magna,
3526 705 3575 750 et
3613 698 3702 751 in-

2122 787 2417 859 telligentia
2473 786 2603 840 data
2634 797 2713 841 est
2770 788 2872 858 ipsi
2911 789 2967 841 in
3001 788 3221 842 uisione.
3274 785 3341 841 In
3380 788 3561 843 diebus
3590 788 3700 844 illis

2118 897 2210 951 ego
2242 879 2429 934 Daniel
2453 880 2691 952 lugebam
2722 889 2824 934 tres
2861 878 3215 935 hebdomadas
3242 880 3471 946 dierum,
3509 898 3699 951 panem

2118 970 2498 1024 desideriorum
2527 987 2629 1025 non
2666 970 2889 1038 comedi,
2937 982 2986 1026 et
3022 986 3144 1025 caro
3184 979 3234 1024 et
3267 973 3447 1025 viuum
3478 989 3583 1026 non
3610 975 3697 1027 iu-

2121 1064 2373 1118 troierunt
2416 1065 2471 1119 in
2503 1081 2558 1119 os
2609 1081 2803 1129 meum,
2855 1081 3016 1135 neque
3037 1074 3298 1135 unguento
3337 1075 3524 1119 unctus
3556 1082 3694 1133 sum,

2117 1156 2280 1210 donec
2308 1156 2696 1227 complerentur
2745 1166 2848 1211 tres
2888 1157 3256 1215 hebdomades.
3287 1156 3355 1213 In
3397 1159 3482 1213 die
3506 1172 3697 1230 quarta

2118 1249 2309 1302 mensis
2345 1250 2504 1319 primi
2538 1249 2850 1303 humiliatus
2888 1266 3026 1318 sum,
3060 1249 3259 1322 inquit,
3303 1251 3490 1322 viginti
3511 1261 3560 1305 et
3591 1268 3694 1305 uno

2117 1340 2222 1405 die,
2257 1341 2558 1398 obsecrans
2590 1341 2761 1398 Deum
2790 1344 3088 1410 viventem,
3113 1352 3167 1397 et
3200 1352 3391 1413 petens
3425 1344 3491 1398 ab
3519 1358 3585 1399 eo
3610 1360 3695 1398 re-

2118 1420 2444 1486 velatidn’em
2494 1432 2762 1503 mysterii.
2808 1432 2875 1487 Et
2915 1433 3162 1503 profecto
3206 1448 3328 1488 cum
3382 1435 3695 1491 exaudisset

2116 1516 2299 1586 Pater,
2352 1521 2504 1576 misit
2563 1521 2803 1577 Verbum
2853 1538 3036 1590 suum,
3092 1524 3384 1579 ostendens
3435 1525 3564 1594 quid
3597 1541 3693 1595 per

2115 1613 2298 1684 ipsum
2353 1619 2679 1667 eventurum
2737 1620 2902 1679 esset,
2945 1613 3109 1684 idque
3164 1612 3367 1668 factum
3398 1625 3480 1670 est
3520 1608 3693 1687 prope

2113 1704 2315 1759 ﬂumen
2377 1719 2672 1775 magnum;
2748 1705 3035 1775 oportebat
3085 1705 3229 1760 enim
3314 1706 3388 1761 ibi
3451 1705 3689 1767 Puerum

2114 1794 2351 1860 ostendi,
2381 1796 2475 1851 ubi
2498 1796 2661 1850 etiam
2697 1806 2924 1866 peccata
2957 1797 3284 1854 dimissurus
3308 1806 3445 1853 crat.

2186 1979 2382 2037 XXIV.
2420 1980 2489 2036 Et
2546 1981 2731 2048 levari,
2779 1980 2978 2053 inquit,
3035 1980 3215 2036 oculos
3261 1996 3439 2045 meos;
3486 1974 3548 2035 et
3577 1997 3693 2036 ecce

2114 2077 2194 2131 vir
2224 2076 2439 2130 vestitus
2494 2074 2711 2130 baddin.
2761 2075 2820 2141 In
2851 2069 3029 2146 prima
3076 2074 3293 2145 quidem
3345 2073 3557 2129 visione
3607 2074 3692 2130 in-

2112 2169 2256 2240 quit:
2280 2167 2415 2221 Ecce
2436 2167 2653 2238 angelus
2686 2164 2898 2221 Gabriel
2924 2165 3153 2230 missus;
3176 2165 3268 2220 hic
3298 2179 3429 2220 vero
3452 2179 3561 2219 non
3591 2164 3686 2231 ita,
3801 2209 3820 2221 ρ

2112 2261 2205 2316 sed
2260 2258 2553 2315 Dominum
2598 2258 2766 2324 videt,
2810 2273 2921 2312 non
2969 2256 3189 2328 quidem
3239 2256 3479 2328 perfecte
3512 2257 3689 2313 homi-

2084 2350 2261 2419 nem,
2293 2351 2388 2407 sed
2424 2350 2479 2405 in
2514 2350 2706 2405 habitu
2730 2348 2972 2405 hominis
2991 2357 3363 2419 apparentem,
3398 2349 3541 2405 sicut
3567 2349 3685 2405 ait:
3726 2342 3733 2347 ’

2110 2443 2182 2499 Ει
2219 2460 2337 2498 ecce
2383 2445 2465 2499 vir
2512 2444 2729 2498 uestitus
2769 2441 3004 2506 baddin;
3032 2457 3156 2496 nam
3199 2441 3521 2497 varietatem
3551 2440 3686 2496 cba-

2107 2537 2396 2592 rismatum
2441 2534 2748 2591 vocationis
2788 2533 3019 2605 mystice
3063 2533 3426 2605 signiﬁcabat,
3461 2533 3685 2591 indutus

2108 2631 2295 2686 tunica
2324 2629 2622 2700 variegata.
2667 2626 2800 2683 Erat
2833 2627 2981 2683 enim
3039 2627 3394 2684 sacerdotalis
3421 2626 3588 2683 vestis
3617 2641 3684 2682 ex

2105 2721 2339 2778 diversis
2368 2721 2645 2779 coloribus
2674 2720 3022 2785 concinnata,
3073 2734 3200 2775 cum
3238 2706 3470 2774 diversae
3496 2725 3682 2790 gentes

2103 2815 2399 2870 adventum
2427 2812 2633 2868 Christi
2663 2817 3063 2880 exspectarent,
3089 2819 3151 2866 ut
3179 2824 3246 2866 ex
3264 2809 3450 2864 multis
3482 2809 3683 2865 colori-

2102 2906 2209 2963 bus
2237 2904 2494 2978 componi
2523 2918 2832 2976 possemus.
2860 2901 2930 2956 Et
2965 2917 3115 2958 renes
3144 2900 3259 2972 ejus
3291 2901 3517 2956 accincti
3549 2916 3681 2957 auro

2103 2996 2294 3070 ophaz.

419 3092 505 3145 ἶνα
537 3091 753 3157 πολλοῖς
783 3090 1037 3164 χρώμασι
1064 3092 1491 3166 κατασεισθῆναι
1517 3093 1851 3166 δυνηθῶμεν.
1899 3092 2010 3150 Καὶ
2043 3093 2083 3163 ή
2107 3092 2306 3164 ὀσφὺς
2327 3089 2514 3147 αὐτοῦ
2538 3087 2971 3160 περιεζωσμένη
2994 3087 3067 3142 ἐν
3090 3092 3321 3158 χρυσίῳ
3344 3082 3539 3157 (ἶ)φάᾇῖ

487 3210 655 3268 XXV.
715 3212 789 3267 Τὸ
831 3212 890 3268 δὲ
937 3210 1110 3283 ὠφὰζ
1148 3214 1372 3285 χρυσίον
1432 3214 1671 3287 καθαρὸν
1716 3215 1997 3288 σημαίνει,

2172 3213 2342 3271 XXV.
2384 3213 2571 3284 Ophaz
2611 3226 2743 3268 vero
2797 3226 2867 3267 ex
2918 3208 3147 3265 Hebraeo
3185 3209 3238 3263 in
3274 3209 3522 3266 Graecum
3556 3225 3680 3264 ver-

417 3303 576 3357 τοῦτο
617 3303 684 3358 ὲκ
728 3303 827 3374 τῆς
883 3303 1162 3377 Ἑϐραΐδος
1205 3308 1285 3370 είς
1324 3305 1422 3378 τὴν
1443 3306 1721 3379 Ἑλληνίδα
1775 3323 1997 3379 μετατιέ

416 3395 662 3467 θέμενον·
710 3395 960 3468 καθαράν
1001 3398 1054 3465 γ’
1101 3394 1194 3451 οὖν
1243 3397 1681 3470 περιεζωσμένος
1708 3398 1839 3471 περὶ
1895 3399 1998 3471 τὴν

413 3487 582 3557 ὀσφὺν
607 3486 805 3558 ζώνην·
860 3487 1069 3553 πάντας
1122 3488 1235 3562 γὰρ
1282 3492 1431 3561 ἡμᾶς
1481 3490 1712 3563 ἤμελλεν
1740 3492 1769 3546 6
1799 3492 1993 3560 Δόγος,

416 3578 544 3652 περὶ
594 3578 656 3633 τὸ
707 3577 906 3633 ἑαυτοῦ
964 3578 1126 3651 σῶμα
1180 3583 1246 3652 τῇ
1299 3580 1408 3652 ίδίᾳ
1454 3580 1646 3654 ἀγάπῃ
1692 3580 1769 3647 ὡς
1818 3579 1996 3652 ζώνην

371 3699 374 3702 ~
418 3670 647 3742 σφίγξας
694 3670 1013 3743 βαστάζειν·
1048 3672 1109 3726 τὸ
1161 3671 1321 3742 σῶμα
1365 3670 1427 3725 τὸ
1450 3671 1653 3725 τέλειον
1698 3672 1863 3726 αὐτοῦ
1902 3668 1992 3746 ἦν,

414 3763 576 3832 ἡμεῖς
607 3761 665 3815 δὲ
702 3761 839 3832 μέλη
871 3763 932 3815 ὲν
980 3761 1059 3834 τῷ
1110 3761 1324 3834 σώματι
1374 3761 1540 3816 αὑτοῦ
1567 3764 1860 3835 ὴνωμένοι,
1901 3765 1996 3819 καὶ

414 3852 505 3906 ὑπ’
550 3851 731 3906 αὑτοῦ
763 3851 857 3906 τοῦ
916 3852 1092 3922 Λόγου
1123 3850 1541 3924 βασταζόμενοι.
1566 3854 1679 3909 Καὶ
1712 3853 1780 3908 τὸ
1802 3854 1996 3926 ’σῶμα

411 3943 597 3999 αὐτοῦ
625 3944 708 4011 ὡς
739 3943 1005 4012 Θαρσεῖς·
1053 3942 1286 4016 Θαρσεῖς
1327 3944 1385 3998 δὲ
1413 3946 1776 4017 ἑρμηνεύεται
1810 3946 1992 4002 Αἰθίο-

410 4052 509 4100 πες
539 4035 676 4108 (68)·
716 4036 778 4089 τὸ
800 4036 908 4109 γὰρ
927 4036 1363 4106 δυσεπίγνωστον
1391 4036 1555 4092 αὐτοῦ
1585 4039 1688 4110 ἤδη
1707 4041 1737 4094 6
1774 4041 1990 4113 προφή-

406 4144 506 4202 τῃς
540 4128 1027 4199 προκατήγγειλεν,
1049 4129 1125 4193 ὡς
1154 4129 1409 4201 μελλήσει
1440 4130 1702 4200 ἔνσαρκος
1720 4134 1779 4188 ὲν
1800 4133 1992 4205 κόσμῳ

302 4276 307 4279 ,
408 4223 613 4291 φανεὶς,
642 4222 1076 4292 δυσεπίγνωστος
1090 4223 1308 4277 ἔσεσθαι
1335 4223 1571 4289 πολλοῖς.
1588 4225 1699 4280 Καὶ
1715 4225 1783 4279 τό
1800 4228 1988 4294 πρόσ-

407 4323 568 4365 ωπον
610 4311 798 4366 αὐτοῦ
842 4313 925 4379 ὡς
970 4311 1273 4381 ἀστραπὴ,
1307 4314 1405 4369 καί
1443 4316 1498 4369 ol
1532 4315 1827 4386 ὀφθαλμοί
1883 4318 1989 4371 αὐ-

406 4399 622 4468 τοῦνώς
651 4402 964 4472 λαμπάδες
1014 4404 1221 4471 πυρός·
1256 4402 1363 4456 ἔδει
1407 4404 1520 4476 γὰρ
1570 4404 1632 4457 τὸ
1685 4405 1984 4476 πυρῶδες,

404 4491 498 4545 καὶ
519 4492 766 4565 κριτικὸν
779 4492 871 4547 τοῦ
890 4492 1064 4562 Λόγου
1090 4510 1268 4566 προση
1276 4493 1582 4565 μαίνεσθαι·
1607 4497 1696 4551 ἴνα
1714 4500 1828 4562 τοῖς
1852 4499 1984 4553 ἀσε-

2098 3322 2247 3373 sum,
2279 3322 2473 3362 aurum
2508 3320 2705 3375 purutn
2738 3302 3029 3375 signiﬁcat.
3087 3302 3233 3375 Puro
3264 3303 3428 3374 igitur
3456 3302 3677 3374 cingulo

2097 3399 2243 3455 circa
2266 3413 2428 3454 renes
2451 3397 2731 3453 accinctus
2752 3403 2906 3463 erat;
2934 3411 3060 3451 nam
3083 3410 3276 3451 omnes
3304 3410 3408 3450 nos
3435 3392 3674 3451 Verbum.

2096 3492 2241 3549 circa
2267 3506 2468 3562 corpus
2514 3505 2677 3547 suum
2723 3490 2997 3559 stringens
3055 3497 3317 3559 tanquam
3367 3484 3699 3558 cingulum,’

2093 3585 2314 3656 propria
2370 3584 2641 3640 cbaritatc
2690 3589 3037 3654 portaturum
3099 3591 3238 3636 erat.
3290 3580 3504 3651 Corpus
3553 3579 3674 3648 ejus

2093 3676 2391 3748 perfectum
2419 3687 2561 3739 erat,
2588 3689 2691 3730 nos
2733 3688 2868 3730 vero
2907 3672 3155 3729 membra
3191 3672 3245 3727 in
3276 3687 3505 3742 corpore
3552 3672 3672 3742 ejus

2093 3770 2257 3837 uniti,
2284 3779 2339 3825 et
2366 3769 2436 3825 ab
2489 3768 2610 3840 ipso
2656 3765 2837 3824 Verbo
2886 3766 3109 3839 portati.
3152 3764 3225 3819 Et
3275 3783 3462 3838 corpus
3517 3769 3671 3840 quasi

2096 3861 2358 3917 Tharsis:
2409 3860 2636 3919 Tharsis
2684 3876 2816 3917 vero
2837 3861 3246 3932 interpretando
3288 3871 3417 3918 sunt
3460 3860 3672 3917 Ethio-

2090 3969 2226 4024 pes;
2284 3953 2405 4024 ejus
2436 3967 2675 4023 namque
2724 3953 3091 4024 cognoscendi
3142 3953 3510 4009 diﬂicultatem
3549 3952 3663 4021 jam

2090 4044 2356 4117 propheta
2400 4043 2884 4115 praenuntiaverst,
2925 4042 3231 4113 (nimirum)
3279 4041 3424 4113 quod
3473 4041 3668 4095 Imma-

2090 4138 2264 4191 nitate
2295 4142 2575 4204 assumpta
2606 4134 2661 4187 in
2690 4133 2896 4188 mundo
2925 4148 3214 4204 apparens,
3255 4132 3442 4188 multis
3477 4133 3664 4199 agnitu

2089 4226 2323 4282 diﬂicilis
2345 4234 2490 4281 esset
2519 4224 2761 4282 futurus.
2810 4224 2880 4278 Et
2928 4225 3090 4295 facies
3148 4226 3315 4297 ipsius
3364 4225 3526 4280 veluti
3555 4224 3665 4294 ful-

2088 4330 2207 4386 gur,
2235 4322 2286 4370 et
2316 4314 2456 4369 oculi
2506 4314 2675 4385 ipsius
2730 4322 2791 4369 ut
2839 4313 3114 4385 lampades
3163 4316 3321 4386 ignis.
3367 4314 3664 4386 Oportebat

2088 4406 2257 4473 enim,
2289 4414 2349 4462 ut
2371 4406 2886 4477 praesigniﬁcaretur
2922 4415 3167 4477 potestas
3208 4407 3664 4477 Verbijudicialis

2089 4509 2143 4555 et
2169 4513 2429 4565 exurens,
2454 4514 2561 4569 qua
2598 4498 2905 4571 (nimirum)
2939 4500 3124 4571 impiis
3162 4500 3342 4572 ignem
3386 4504 3530 4576 juste
3553 4503 3661 4558 im-

407 4582 523 4636 σέσι
554 4584 780 4649 δικαίως
808 4584 870 4639 τὸ
892 4584 1003 4657 πῦρ
1029 4585 1351 4655 ἐπενέγκας,
1390 4586 1615 4653 τούτους
1647 4590 1976 4665 καταφλέξῃ.

2100 4594 2306 4650 nittens
2331 4595 2616 4651 comburet
2642 4609 2757 4651 eos.

469 4673 663 4735 XXVI.
694 4676 1011 4749 Προσέθηκε
1040 4675 1097 4730 δὲ
1147 4676 1339 4747 λέγων.
1400 4678 1513 4739 Καὶ
1550 4679 1605 4735 οἱ
1651 4681 1979 4751 ,βραχίονες

399 4768 610 4835 αὐτοῦ,
639 4769 739 4824 καὶ
774 4774 829 4825 ol
857 4770 1040 4839 πόδες
1071 4772 1260 4842 ὅμοιοι
1291 4772 1500 4842 χαλκῷ
1529 4773 1865 4829 στιλϐὧντι·
1890 4776 1977 4830 ἵνα

399 4859 496 4933 τὴν
522 4860 747 4934 πρώτην
776 4862 885 4916 τῶν
915 4862 1219 4938 ἀνθρώπων
1274 4864 1487 4935 κλῆσιν,
1533 4866 1630 4920 καὶ
1673 4867 1772 4939 τὴν
1807 4867 1981 4922 δευτέ-

403 4970 500 5025 ραν
531 4953 630 5025 τὴν
660 4953 720 5021 ἐξ
749 4954 919 5009 ἐθνῶν
937 4956 1130 5027 ὁμοίαν
1166 4959 1384 5029 σημανῇ
1405 4975 1419 4987 ·
1451 4960 1739 5014 Ἔσονται
1767 4959 1875 5031 γὰρ
1903 4959 1978 5015 τὰ

395 5045 628 5115 ἔσχατα
690 5046 773 5113 ὡς
823 5046 896 5100 τὰ
924 5047 1143 5116 πρῶτα·
1201 5046 1369 5115 θήσω
1413 5047 1524 5120 γὰρ
1570 5050 1714 5118 τοὺς
1756 5049 1973 5121 ἄρχον-

395 5134 503 5202 τάς
526 5150 645 5190 σου
679 5136 761 5204 ὡς
789 5134 855 5191 τὸ
889 5138 989 5192 ἀπ’
1027 5136 1243 5208 ἀρχῆς,
1291 5140 1392 5195 καί
1425 5140 1569 5209 τοὺς
1595 5141 1973 5212 ἡγουμένους

392 5240 510 5282 σου
541 5227 624 5294 ὡς
652 5226 722 5282 τὸ
783 5228 1093 5297 πρότερον.
1153 5230 1264 5284 Καὶ
1308 5231 1347 5300 ὴ
1395 5229 1565 5301 φωνὴ
1622 5234 1811 5289 αὐτοῦ
1826 5273 1841 5300 ,
1891 5233 1974 5301 ὡς

392 5319 561 5391 φωνὴ
605 5318 795 5392 ὄχλου
831 5321 1085 5377 πολλοῦ.
1127 5322 1334 5390 Πάντες
1381 5324 1492 5399 γὰρ
1536 5327 1774 5400 σήμερον
1814 5330 1863 5383 οί
1892 5331 1974 5396 είς

391 5412 554 5469 αὐτὸν
610 5412 976 5479 πιστεύοντες,
1029 5412 1098 5468 τὰ
1136 5413 1295 5485 λόγια
1347 5417 1714 5491 φθεγγόμεθα,
1769 5417 1845 5486 ὡς
1883 5420 1974 5475 διὰ

2150 4681 2341 4739 XXVI.
2376 4684 2589 4755 Adiecit
2612 4699 2764 4751 vero,
2796 4685 3096 4757 inquiens:
3126 4685 3197 4742 Et
3223 4667 3444 4743 brachia
3466 4689 3657 4759 ipsius,

2077 4782 2128 4829 et
2158 4774 2313 4846 pedes
2336 4776 2535 4832 similes
2566 4777 2662 4832 ceri
2688 4777 2972 4843 candenti;
3018 4778 3338 4849 utprimam
3372 4781 3657 4837 hominum

2079 4867 2446 4934 vocationem,
2475 4875 2531 4923 et
2557 4858 2798 4925 alteram.
2822 4877 2904 4928 ax
2942 4872 3196 4942 gentibus
3228 4873 3463 4929 similem
3488 4873 3658 4943 signi-

2076 4958 2266 5015 ﬁcaret
2290 4973 2306 5014 :
2334 4959 2510 5015 Erunt
2545 4961 2684 5015 enim
2725 4961 3012 5017 novissima
3038 4964 3175 5019 sicut
3208 4965 3391 5035 priora
3415 4981 3434 5018 :
3460 4980 3656 5034 ponam

2072 5054 2214 5107 enim
2239 5053 2500 5124 principes
2526 5061 2643 5109 tuos
2670 5055 2809 5109 sicut
2837 5053 2902 5109 ab
2929 5056 3108 5120 initio,
3138 5064 3188 5111 et
3217 5055 3375 5111 duces
3406 5065 3522 5111 tuos
3543 5056 3681 5111 εἰσιν
3784 5099 3788 5104 .

2072 5153 2130 5199 ut
2148 5146 2297 5217 prius
2313 5145 2526 5201 ".--Et
2542 5163 2640 5202 vos:
2655 5146 2822 5218 ipsius
2852 5155 2910 5201 ιιι
2935 5164 3034 5203 vos:
3059 5147 3225 5203 turbae
3241 5147 3423 5202 multa:
3436 5147 3503 5200 ".
3525 5143 3654 5201 0m-

2072 5252 2171 5293 nes
2191 5237 2339 5295 enint
2366 5253 2468 5294 nos
2493 5238 2777 5295 hodiernis
2826 5239 3040 5306 diebus,
3090 5240 3267 5310 quiin
3307 5242 3486 5310 ipsum
3525 5254 3648 5295 cre-

2072 5328 2278 5398 dimus,
2331 5330 2556 5386 oracula
2603 5330 2904 5402 loquimur,
2945 5338 3205 5400 tanquam
3254 5344 3349 5400 per
3370 5344 3440 5403 os
3474 5329 3653 5401 ipsius

2073 5421 2381 5493 loquentes,
2416 5437 2541 5494 qua:
2569 5423 2639 5479 ab
2671 5423 2797 5494 ipso
2820 5422 3076 5479 mandata
3100 5428 3250 5479 sunt.

389 5503 658 5575 στόματος
686 5504 854 5560 αὐτοῦ
880 5504 1169 5572 λαλοῦντες
1197 5509 1266 5564 τὰ
1292 5509 1384 5565 ὑπ’
1415 5510 1579 5567 αὑτοῦ
1610 5512 2078 5586 προστεταγμένα.

471 5643 515 5675 ’⁷
539 5640 648 5699 Isa.
686 5656 729 5711 t,
758 5642 848 5699 27.
922 5644 971 5678 ’⁸
1005 5643 1095 5702 Cf.
1126 5646 1296 5718 Apoc.
1323 5665 1441 5718 xu,
1473 5648 1527 5705 6.
1603 5651 2000 5727 ’Μυστηριωδᾱ

2104 5655 2213 5721 vel,
2246 5654 2546 5728 μυστικῶς.

423 5849 434 5856 _
462 5776 575 5857 (βε)
604 5775 973 5857 VerisimiI-ius
1004 5780 1178 5857 multo
1205 5781 1526 5857 Hippolytus
1556 5802 1755 5843 nomen
1801 5788 1966 5845 Thar-

417 5849 465 5903 is
492 5849 904 5920 interpretatur,
927 5866 1089 5923 quam
1117 5851 1173 5908 hi
1196 5849 1289 5925 qui
1312 5849 1601 5913 'in'Tarso
1641 5857 1869 5928 Ciliciae,
1910 5869 1967 5919 et

2070 5792 2198 5848 alibi
2236 5762 2976 5862 quaerunt._Qrigenes:idem
3023 5789 3107 5862 ait
3132 5789 3189 5862 in

3238 5793 3455 5863 Lexico,
3497 5797 3645 5867 quod

2072 5857 2427 5947 Martianaeus
2442 5857 2614 5917 edidit
2646 5857 2715 5916 ex
2741 5859 2863 5917 cod.
2890 5860 3029 5935 Reg.
3049 5861 3212 5920 2282.
3442 5857 3452 5863 ⁷
3514 5857 3531 5867 “
3558 5890 3564 5901 '
