4128 6396
362 415 467 487 359’

1269 426 1324 481 s.
1365 422 1727 481 lllPPOLYTI
1766 423 1916 480 OPP.
1957 422 2140 478 mus
2177 424 2212 478 I.
2259 455 2327 464 —
2358 402 2770 482 nuncnum.

3503 418 3607 475 660

436 547 647 604 XXVII.
681 548 747 603 Et
778 555 899 618 post
932 561 1127 618 pauca,
1147 546 1282 601 dicit
1321 547 1385 601 ad
1426 546 1637 617 ipsum:
1683 545 1924 617 Nunquia

2116 544 2330 600 XXVII.
2379 548 2485 600 Καὶ
2521 546 2657 617 μετὰ
2691 546 2900 618 βραχέα
2951 547 3083 617 φησὶ
3122 545 3258 616 πρὸς
3304 541 3486 600 αὐτόν’
3539 546 3612 598 ει

361 642 466 696 scis
515 657 680 709 quare
702 639 925 693 renerim
951 639 1020 692 ad
1047 648 1093 693 te
1114 639 1139 691 2’
1171 649 1222 692 et
1253 654 1392 692 nunc
1415 648 1668 703 revertar,
1697 647 1753 691 ut
1795 654 1934 707 pra:-

360 730 459 784 lier
485 730 732 785 adversus
754 730 1042 799 principem
1079 727 1370 783 Persarum
1391 744 1410 782 :
1454 740 1808 784 verumtamen
1836 745 1934 783 an-

359 824 640 888 nuntiabo,
684 822 826 893 quod
881 838 1186 892 expressum
1235 831 1314 877 est
1352 823 1408 876 in
1444 820 1724 890 Scriptura
1750 824 1935 876 verita-

361 917 466 978 tis;
513 925 563 969 et
586 930 733 968 nemo
753 924 829 969 est
855 916 1073 984 adjutor
1099 918 1153 970 in
1179 916 1284 983 his,
1308 917 1415 970 nisi
1436 915 1667 969 Michael
1689 916 1931 985 princeps

359 1015 546 1070 vester,
569 1016 618 1060 et
653 1007 791 1061 hunc
823 1007 1013 1093 reliqui
1050 1007 1145 1063 ibi.
1198 1007 1284 1062 Ex
1324 1025 1426 1078 quo
1454 1008 1593 1062 enim
1631 1008 1716 1061 die
1739 1008 1933 1061 dedisti

360 1097 549 1165 faciem
578 1108 746 1157 tuam.
796 1109 853 1153 ut
900 1107 949 1152 te
990 1100 1237 1169 aﬁligeres
1283 1102 1338 1153 in
1382 1111 1662 1169 conspectu
1716 1099 1931 1153 Domini

365 1186 459 1241 Dei
484 1189 582 1254 tui,
622 1189 899 1255 exaudita.
926 1199 1001 1244 est
1033 1191 1334 1259 deprecatio
1359 1200 1471 1255 tua,
1512 1200 1561 1244 et
1597 1190 1789 1245 missus
1812 1207 1930 1245 sum

356 1293 470 1347 ego,
496 1288 553 1330 ut
574 1279 787 1348 prwlier
806 1279 1055 1334 adversus
1093 1281 1381 1350 principem
1418 1277 1708 1333 Persarum
1734 1280 1931 1349 (quod-

356 1369 480 1423 dam
512 1372 656 1425 enim
688 1372 979 1428 consilium
1028 1373 1226 1439 fuerat,
1263 1390 1331 1428 ne
1361 1374 1726 1429 dimitteretur
1755 1389 1931 1443 popu-

357 1461 497 1529 lus);
529 1472 585 1514 ut
622 1463 786 1532 igitur
815 1465 1005 1533 petitiq
1025 1477 1118 1517 tua
1139 1464 1378 1519 celeriter
1414 1466 1582 1535 ﬁeret,
1608 1467 1785 1520 restiti
1827 1466 1929 1535 ipsi

352 1569 469 1624 ego,
511 1563 559 1608 et
603 1555 790 1625 reliqui
815 1557 889 1609 ibi
926 1555 1177 1609 Michael.

422 1733 658 1788 XXVIII.
692 1733 757 1790 Et
789 1736 915 1807 quis
944 1747 1082 1805 erat,
1128 1737 1222 1808 qui
1247 1688 1597 1808 loquebatur,
1626 1740 1732 1796 nisi
1762 1754 1929 1811 ange-

354 1825 460 1889 lus,
495 1825 653 1894 cujus
675 1841 819 1880 curae
848 1828 1083 1896 populus
1127 1828 1492 1885 demandatus
1523 1840 1660 1897 erat,
1692 1833 1833 1887 sicut
1855 1834 1929 1887 ait

2036 632 2206 713 οζδας
2236 638 2293 690 τι
2328 635 2518 709 ἦλθον
2553 640 2701 705 πρὸς
2726 636 2838 701 σέ;
2863 637 2959 690 καὶ
2989 635 3107 690 νῦν
3136 632 3477 703 ἐπιστρέψω
3502 631 3611 687 τοῦ

2003 799 2015 813 _
2037 730 2377 798 πολεμῆσαι
2397 729 2547 799 μετὰ
2580 728 2871 798 ἄρχοντος
2898 727 3161 796 Περσῶν·
3194 727 3330 782 ἀλλ’
3354 725 3393 796 ἢ
3424 727 3611 795 ἀναγ-
3722 746 3731 750 ·

2034 822 2190 894 γελῶ
2238 822 2305 876 τὸ
2361 821 2765 893 γεγραμμένον
2798 821 2868 874 ἐν
2908 818 3121 889 Γραφῇ
3179 819 3483 888 ἀληθείας,
3508 818 3608 873 καὶ

2034 917 2146 968 οὐκ
2170 914 2342 968 ἐστιν
2356 913 2555 979 οὐδεὶς
2574 913 2969 982 ἀντεχόμενος
2990 910 3123 979 περὶ
3144 912 3388 975 τούτων,
3412 912 3550 965 ἀλλ’
3567 910 3607 979 ἦ

2032 1008 2280 1078 Μιχαὴλ
2329 1007 2530 1076 ἄρχων
2590 1006 2785 1076 ὑμῶν,
2850 1006 2971 1059 καὶ-
3003 1005 3219 1059 τοῦτον
3282 1003 3612 1059 κατέλιπον

2031 1101 2176 1154 έκεῐο
2226 1100 2328 1169 ἀφ’
2364 1096 2440 1170 ἧς
2471 1099 2582 1170 γὰρ
2641 1098 2866 1168 ἡμέρας
2901 1098 3127 1164 ἔδωκας
3168 1098 3236 1151 τὸ
3283 1099 3643 1165 πρόσωπόνι

2031 1208 2148 1246 σου
2185 1190 2523 1259 κακωθῆναι
2565 1191 2844 1244 ἐναντίον
2872 1190 3094 1258 Κυρίου
3127 1189 3233 1243 τοῦ
3267 1188 3415 1243 Θεοῦ
3464 1205 3607 1252 σου,

2028 1284 2400 1351 εἰσηκούσθη
2431 1284 2471 1350 ή
2523 1281 2733 1351 δέησίς
2778 1298 2915 1347 σου,
2968 1281 3067 1335 καὶ
3097 1281 3450 1351 ἀπεστάλην
3493 1282 3609 1352 ἐγὼ

2028 1376 2137 1430 τοῦ
2177 1374 2521 1445 πολεμῆσαι
2571 1374 2722 1444 μετὰ
2770 1373 3061 1443 ἄρχοντος
3116 1373 3394 1442 Περσῶνο
3446 1373 3607 1445 βουλὴ

2028 1473 2140 1545 γάρ
2170 1489 2254 1536 τις
2300 1471 2576 1540 ἐγεγόνει,
2625 1471 2700 1542 μὴ
2758 1468 3106 1523 ἀποστέλλειν
3163 1470 3256 1523 τὸν
3307 1470 3454 1523 λαόν·
3506 1470 3609 1523 ἵνα

2027 1561 2142 1621 οὖν
2162 1565 2233 1618 ὲν
2263 1563 2430 1633 τάχει
2464 1561 2531 1615 τὸ
2571 1560 2795 1630 αἴτημά
2841 1576 2959 1615 σου
3011 1561 3273 1631 γένηται,
3303 1561 3608 1631 ἀντέστην

2026 1659 2217 1721 τούτῳ
2250 1655 2383 1726 ἐγὼ,
2413 1655 2509 1709 καὶ
2554 1653 2877 1708 κατέλιπον
2903 1653 3032 1708 ἐκεῖ
3060 1655 3321 1723 Μιχαὴλ.

2094 1748 2335 1803 XXVIII.
2362 1749 2468 1801 Καὶ
2494 1748 2578 1811 τίς
2602 1743 2669 1819 ἦν
2699 1748 2728 1799 ὁ
2754 1748 2949 1816 λέγων,
2977 1745 3089 1801 ἀλλ’
3114 1747 3196 1818 ἢὸ
3230 1748 3460 1817 ἄγγελος
3479 1748 3507 1800 ὁ
3528 1747 3606 1820 τῷ

2028 1842 2143 1912 λαῷ
2162 1840 2598 1912 παραδεδομένος
2620 1840 2725 1905 ub;
2752 1839 2900 1908 λέγει
2937 1840 2995 1893 ὲν
3031 1839 3109 1911 τῷ
3143 1840 3294 1910 νόμῳ
3322 1838 3601 1904 Μωῦσέος·

352 1918 409 1970 in
435 1916 553 1986 lege
586 1915 759 1988 Moysi
795 1936 810 1973 :
865 1918 988 1974 Non
1030 1921 1308 1989 procedam
1360 1923 1645 1986 vobiscum,
1680 1925 1807 1993 quia
1832 1940 1924 1993 po-

2025 1902 2220 2003 eam
2243 1902 2521 2002 ’πορευθῶ
2543 1902 2672 2003 μεθ’
2707 1902 2873 2003 ὑμεῖίν
2895 1934 2993 1987 διὰ
3013 1902 3220 1987 τάτὸν.
3234 1902 3389 1988 λαῦν
3413 1902 3605 1999 σκλη-

352 2007 507 2071 pulus
547 2008 697 2064 dura:
725 2012 939 2065 cervicis
962 2021 1080 2077 est;
1124 2013 1213 2067 sed
1245 2013 1462 2083 angelus
1504 2029 1646 2067 meus
1667 2016 1925 2085 prwcedet

351 2100 620 2155 vobiscum
676 2101 743 2157 ⁸⁸.
813 2101 912 2159 Hic
970 2106 1170 2160 restitit
1236 2106 1291 2160 in
1354 2106 1659 2161 diversorio
1716 2107 1922 2181 Moysi,

352 2195 572 2265 quando
627 2194 839 2263 ferebat
881 2212 1114 2267 puerum
1183 2199 1627 2263 incircumcisum
1660 2199 1715 2255 in
1765 2199 1926 2272 [Egy-

351 2298 549 2358 ptum:
593 2305 768 2360 neque
824 2290 970 2345 enim
1015 2289 1099 2347 fas
1148 2301 1266 2347 erat
1318 2302 1379 2348 ut
1424 2292 1661 2364 Moyses,
1688 2295 1781 2364 qui
1809 2303 1926 2349 erat

352 2385 559 2454 legatus
596 2392 651 2437 et
698 2382 966 2437 mediator
1020 2382 1175 2453 legis,
1212 2383 1417 2454 quique
1481 2393 1701 2455 patrum
1743 2383 1923 2441 I‘cedus

350 2475 734 2542 annuntiabat,
779 2475 1073 2530 adduceret
1123 2492 1350 2546 puerum
1405 2480 1811 2549 praeputiatum,
1856 2497 1925 2536 ne

348 2581 378 2619 a
402 2565 602 2635 populo
658 2563 955 2619 haberetur
992 2581 1093 2635 pro
1146 2567 1613 2639 pseudopropheta
1668 2578 1723 2624 et
1765 2570 1926 2641 sedu-

348 2668 518 2713 ctore.
561 2654 632 2712 Et
662 2672 820 2733 nunc,
857 2656 1054 2727 inquit,
1106 2659 1382 2713 veritatem
1427 2661 1753 2715 annuntiabo
1797 2662 1912 2718 tibi.

348 2751 587 2807 Poterat.
604 2750 817 2808 Veritas
838 2750 986 2808 aliud
1014 2751 1273 2823 quiddam
1303 2761 1500 2822 praeter
1519 2754 1801 2808 veritatem
1825 2770 1925 2809 an-

348 2844 641 2898 nuntiare?

418 2934 615 2990 XXIX.
657 2934 800 2992 Dicit
829 2936 998 3008 igitur
1019 2937 1087 2992 ad
1116 2952 1241 2992 eum
1277 2956 1291 2990 :
1325 2935 1461 2991 Ecce
1500 2947 1604 2992 tres
1637 2954 1779 3009 reges
1803 2955 1925 2993 sur-

346 3036 466 3098 gent
492 3029 551 3081 in
583 3027 826 3094 Perside,
865 3039 914 3084 et
944 3041 1168 3099 quartus
1201 3030 1465 3084 ditabitur
1502 3032 1685 3101 opibus
1717 3033 1922 3101 magnis

346 3136 504 3190 super
530 3136 729 3185 omnes,
760 3128 811 3174 et
852 3137 972 3173 cum
1007 3121 1289 3175 invaluerit
1316 3122 1517 3177 divitiis
1548 3123 1682 3185 suis,
1709 3124 1923 3177 invadet

345 3213 525 3267 omnia
549 3228 708 3283 regna
728 3210 1053 3268 Grazcorum.
1077 3211 1266 3283 Surget
1289 3230 1407 3268 vero
1430 3230 1521 3268 rex
1545 3215 1723 3285 fortis,
1757 3227 1809 3271 et
1829 3217 1925 3271 do-

347 3307 642 3359 minabitur
682 3313 941 3375 potestate
959 3306 1160 3370 .multa,
1193 3317 1244 3360 et
1282 3305 1442 3375 faciet
1482 3308 1622 3377 quod
1659 3308 1920 3377 placuerit

344 3399 413 3462 ei,
453 3407 501 3453 et
543 3414 663 3452 cum
699 3398 901 3452 steterit
934 3414 1150 3468 regnum
1178 3398 1314 3467 ejus,
1356 3408 1673 3465 conteretur,
1718 3409 1768 3453 et
1792 3400 1923 3455 divi-

345 3493 500 3543 detur
531 3491 591 3542 in
618 3498 849 3558 quatuor
877 3499 1052 3542 ventes
1084 3489 1221 3542 cali.
1256 3487 1383 3544 Haec
1422 3490 1641 3559 quidem
1669 3491 1783 3560 jam
1827 3507 1924 3547 su-

345 3581 531 3651 perius
562 3579 963 3645 enarravimus,
1001 3595 1128 3635 cum
1161 3580 1228 3635 de
1267 3590 1503 3650 quatuor
1532 3582 1723 3637 bestiis
1754 3584 1919 3638 verba

345 3672 613 3729 fecimus:
647 3671 742 3726 sed
779 3672 1043 3742 quoniam
1089 3669 1367 3741 Scriptura
1406 3688 1553 3728 nunc.
1580 3688 1773 3728 rursus
1806 3675 1921 3743 (ea-

344 3748 503 3830 dem?
532 3762 788 3818 distincte
823 3762 1071 3832 exponit,
1104 3777 1333 3818 necesse
1354 3772 1456 3833 ,εει
1482 3772 1542 3818 ιιι
1574 3780 1677 3819 nos
1700 3781 1920 3835 quoque

344 3854 414 3909 de
442 3853 510 3909 iis
530 3853 727 3909 iterum
758 3860 1067 3909 sermonem
1097 3853 1419 3920 habeamus,
1457 3869 1526 3910 ne
1578 3853 1918 3926 Scripturam

342 3947 577 4003 otiosam
608 3954 665 4001 et
696 3946 816 4001 sine
841 3946 1222 4015 explanatione
1248 3947 1642 4015 relinquamus.

2021 2025 2405 2095 ροτράχηλον
2460 2022 2631 2080 εἶναι·
2679 2026 2817 2079 ἀλλ’
2856 2026 2894 2093 ἢ
2939 2028 2972 2079 ὀ
3001 2026 3254 2095 ἄγγελός
3298 2018 3418 2095 μου
3458 2041 3603 2092 προ-

2028 2115 2379 2182 πορεύσεται
2397 2115 2524 2183 μεθ’
2569 2108 2957 2184 ὑμῶν-[Οὗτος
2986 2114 3215 2186 ἀντέστη
3247 2116 3305 2167 ἐν
3328 2113 3407 2185 τῷ
3439 2129 3607 2168 κατα-

2026 2206 2224 2277 λύματι
2263 2207 2542 2272 Μωῡσέος,
2570 2208 2736 2277 ἡνίκα
2756 2205 2948 2277 ἔφερεν
2981 2204 3361 2277 ἀκροϐυστίαν,
3387 2204 3446 2258 τὸ
3477 2221 3605 2257 παι-

2026 2298 2163 2361 δίον,
2199 2301 2279 2364 είς
2323 2298 2420 2369 τὴν
2473 2299 2766 2368 Λίγυπτον·
2828 2299 2888 2351 οὐ
2954 2296 3062 2370 γὰρ
3105 2293 3174 2367 ἦν
3214 2296 3456 2366 ἐφικτὸν,
3508 2294 3602 2361 τὸν

2028 2392 2361 2463 πρεσϐύτην,
2381 2394 2471 2447 καὶ
2485 2393 2708 2463 μεσίτην
2734 2392 2901 2462 νόμου
2912 2390 3199 2461 γενόμενον
3225 2387 3483 2450 Μωῦσέα,
3508 2387 3604 2442 καὶ

2026 2484 2291 2555 διαθήκην
2322 2485 2571 2556 πατέρων
2588 2483 3041 2553 καταγγέλλοντα,
3060 2480 3360 2551 ἐπάγεσθαι
3391 2479 3603 2534 παιδίον

2027 2575 2381 2649 ἁκρόευστοψ
2417 2576 2503 2629 ἴνα
2538 2576 2611 2648 μὴ
2643 2576 2719 2640 ὡς
2747 2574 3217 2647 ψευδοπροφήτης,
3265 2574 3360 2626 καὶ
3390 2572 3601 2636 ’πλάνος

2025 2666 2256 2738 νομισθῇ
2290 2663 2427 2721 εἶναι
2456 2667 2562 2721 ὑπὸ
2591 2666 2685 2720 τοῦ
2734 2664 2885 2719 λαοῦ.
2928 2667 3037 2720 Καὶ
3067 2665 3203 2729 νῦν,
3257 2664 3441 2735 φησὶν,
3461 2662 3601 2729 ἀλή-

2019 2757 2185 2810 θειαν
2222 2752 2528 2823 ἀναγγελῶ
2573 2767 2689 2806 σοι.
2734 2750 2983 2803 Ἔδύνατο
3036 2749 3070 2818 ἡ
3111 2748 3363 2819 ’Δλήθεια
3400 2745 3586 2817 ἕτερόν

2018 2860 2074 2898 τι
2097 2845 2248 2917 παρά
2279 2846 2377 2916 τὴν
2412 2843 2668 2915 ἀλήθειαν
2698 2841 3041 2910 ἀναγγεῖλαι;

2092 2938 2285 2992 ΧΧΙΧ.
2328 2938 2495 3008 Φησὶν
2526 2931 2617 2989 οὖν
2656 2934 2793 3007 πρὸς
2834 2933 3029 2987 αὐτόν·
3076 2930 3230 2985 Ἰδοὺ
3279 2929 3438 2999 τρεῖς
3475 2929 3592 2994 ,ϐα-

2023 3031 2219 3096 σιλεῖς
2246 3027 2696 3096 ἀναστήσονται
2725 3027 2795 3079 ἐν
2821 3024 2894 3093 τῇ
2921 3023 3185 3091 Περσίδι,
3212 3022 3315 3077 καί⁵
3334 3025 3367 3076 ὁ
3395 3021 3595 3089 τέταρ-

1988 3126 1992 3129 ’
2026 3140 2129 3189 τος
2160 3121 2490 3189 πλουτήσει
2522 3120 2789 3173 πλοῦτον
2819 3117 3013 3187 μέγαν
3038 3114 3190 3182 ὑπὲρ
3223 3114 3471 3180 πάντας,
3497 3113 3597 3167 καὶ

2025 3216 2175 3286 μετὰ
2205 3213 2272 3268 τὸ
2302 3210 2594 3282 κρατῆσαι
2623 3210 2810 3265 αὐτὸν
2833 3211 2940 3264 τοῦ
2970 3211 3237 3264 πλούτου
3260 3207 3468 3269 αὑτοῦ,
3497 3206 3599 3258 ἐπ-

2030 3305 2440 3373 αναστήσεται
2466 3302 2692 3370 πάσαις
2717 3302 2845 3368 ταῖς
2869 3301 3213 3367 βασιλείαις
3238 3301 3357 3356 τῶν
3391 3297 3602 3379 Ἐλλή-

2025 3413 2178 3452 νων·
2227 3399 2326 3449 καὶ
2366 3396 2774 3459 ἀναστήσεται
2817 3390 3115 3456 ,ϐασιλεὺς
3162 3385 3440 3451 δυνατὸς,
3496 3383 3597 3437 και

2026 3489 2327 3557 κυριεύσει
2367 3487 2609 3555 κυρείας
2635 3485 2893 3553 πολλῆς,
2923 3482 3021 3536 καὶ
3065 3479 3303 3547 ποιήσει
3345 3475 3493 3531 κατά
3529 3478 3597 3530 τὸ

2027 3582 2256 3651 θέλημα
2285 3581 2493 3643 αὐτοῦ,
2532 3581 2629 3634 καὶ
2654 3579 2734 3644 ὠς
2760 3577 2835 3631 ἂν
2862 3574 2980 3643 στῇ
3009 3576 3048 3642 ἡ
3072 3570 3358 3638 ,βασιλεία
3387 3566 3598 3630 αὐτοῦ,

2026 3671 2509 3741 συντριϐήσεται,
2557 3670 2659 3724 καὶ
2699 3666 3133 3736 διαιρεθήσεται
3169 3666 3253 3729 εὶς
3289 3661 3434 3726 τοὺς
3464 3657 3602 3712 τέσ-

2026 3782 2220 3834 σαρας
2246 3763 2507 3833 ἀνέμους
2534 3762 2640 3816 τοῦ
2666 3759 2947 3829 οὐρανοῦ.
2984 3757 3167 3823 Ταῦτα
3201 3754 3300 3825 μὲν
3327 3753 3429 3823 ἢδη
3459 3752 3589 3805 ἀνω-

2024 3857 2168 3927 τέρω
2190 3854 2588 3928 διηγησάμεθα,
2620 3853 2785 3925 ἡνίκα
2813 3853 2940 3923 περὶ
2956 3850 3066 3904 τῶν
3084 3849 3364 3919 τεσσάρων
3394 3843 3600 3915 θηριων

2025 3948 2182 4017 λόγον
2212 3946 2570 4018 ἐποιούμεθα·
2613 3945 2727 3999 ἀλλ’
2757 3945 2944 4014 ἐπειδὴ
2983 3939 3193 4004 λεπτῶς
3224 3940 3257 4010 ἡ
3289 3935 3478 4008 Γραφὴ
3504 3932 3599 3987 νῦν

343 4040 508 4096 πάλιν
533 4040 827 4112 ἐξηγεῖται,
848 4037 910 4104 ἐξ
932 4039 1176 4109 ἀνάγκης
1195 4037 1276 4091 δεῖ
1296 4039 1390 4091 καὶ
1410 4038 1557 4108 ἡμᾶς
1581 4039 1648 4091 ὲκ
1675 4037 1926 4111 δευτέρου
1961 4039 2052 4094 τὸν
2088 4040 2244 4109 λόγον
2286 4037 2576 4102 ποιεῖσθαι,
2621 4038 2706 4090 ἵνα
2759 4036 2834 4107 μὴ
2877 4032 3052 4105 ἀργὴν
3091 4031 3189 4102 τὴν
3220 4026 3464 4101 Γραφὴν,
3503 4024 3600 4079 καὶ

341 4139 727 4194 ἀναπόδεικτον
760 4114 1169 4207 καταλίπωμεν.

413 4232 584 4287 XXX.
624 4231 811 4285 Adhuc
846 4241 949 4285 tres
989 4246 1152 4301 reges,
1185 4230 1384 4300 inquit,
1432 4239 1645 4300 surgent
1680 4233 1737 4285 in
1788 4230 1920 4285 Per-

343 4322 477 4386 side.
508 4330 559 4376 et
593 4330 817 4389 quartus
859 4319 1123 4375 ditabitur
1151 4319 1335 4390 opibus
1373 4320 1585 4386 nimiis;
1622 4320 1815 4393 (quod)
1840 4321 1922 4376 fa-

2093 4228 2265 4284 XXX.
2288 4228 2417 4282 Ἕτι
2432 4225 2590 4295 τρεῖς
2610 4224 2913 4291 βασιλεῖς,
2952 4218 3599 4293 φησὶν,ἀναστήσονται

2022 4322 2093 4375 ἐν
2117 4319 2194 4389 τῇ
2211 4318 2476 4388 Περσίδι,
2493 4317 2595 4373 καὶ
2622 4320 2655 4371 ό
2681 4316 2958 4384 τέταρτος
2971 4312 3303 4381 πλουτήσει
3331 4313 3598 4367 πλοῦτον

345 4424 494 4469 ctum
529 4422 649 4482 est;
684 4427 923 4482 namque
969 4422 1095 4483 post
1133 4411 1357 4484 Cyrum,
1412 4412 1651 4467 surrexit
1698 4411 1917 4478 Darius,

2025 4412 2209 4483 μέγαν
2227 4429 2240 4442 ·
2269 4411 2577 4481 γεγένηται·
2612 4407 2750 4479 μετά
2776 4408 2886 4480 γὰρ
2906 4406 3088 4478 Κῦρον
3115 4406 3312 4475 ἀνέστη
3344 4407 3590 4476 Δαρεῖοςο

343 4505 540 4560 deinde
571 4504 926 4559 Artaxerxes.
965 4504 1101 4560 Tres
1150 4504 1205 4558 hi
1255 4503 1477 4559 fuerunt
1524 4518 1711 4577 reges;
1768 4520 1920 4561 com-

338 4598 488 4668 pleta
513 4605 598 4652 est
625 4595 925 4665 Scriptura.
975 4596 1043 4651 Et
1083 4606 1305 4673 quartus
1336 4597 1597 4651 ditabitur
1626 4601 1812 4668 opibus
1842 4600 1926 4652 ni-

346 4688 470 4740 miis
501 4702 522 4739 :
555 4686 682 4757 quis
724 4686 832 4750 hic,
869 4686 972 4741 nisi
1017 4687 1233 4753 Darius,
1276 4689 1368 4757 qui
1402 4689 1673 4759 regnavit,
1714 4697 1770 4743 et
1805 4690 1923 4761 glo-

346 4779 486 4833 riam
521 4787 809 4834 assecutus
829 4789 935 4844 est,
969 4778 1174 4851 quique
1199 4778 1403 4835 divitiis
1433 4782 1752 4848 abundavit,
1785 4790 1840 4835 et
1865 4782 1920 4836 in

349 4870 603 4925 universa
631 4868 943 4924 Graecorum
967 4882 1133 4938 regna
1158 4868 1489 4925 insurrexit?
1516 4869 1655 4926 Huic
1684 4872 1924 4927 occurrit

347 4961 651 5016 Alexander
671 4959 914 5027 Macedo,
938 4960 1168 5030 ejusque
1188 4976 1417 5033 regnum
1448 4961 1736 5018 destruxit.
1762 4961 1922 5019 Post-

343 5071 507 5125 quam
539 5064 722 5109 autem
753 5055 841 5109 hic
868 5053 1067 5109 Persas
1102 5054 1432 5124 subjugavit,
1470 5056 1643 5126 ipsius
1692 5071 1917 5128 regnum

341 5148 399 5204 iu
445 5140 682 5219 quatuor
714 5155 906 5203 ventos
945 5147 1069 5202 ειειί
1114 5147 1349 5203 divisum
1380 5158 1499 5216 est;
1529 5164 1559 5204 e
1593 5132 1733 5205 vivis
1772 5150 1917 5203 enim

339 5241 609 5296 excedens
655 5239 963 5295 Alexander
1001 5255 1231 5311 regnum
1264 5256 1424 5296 suum
1457 5242 1513 5295 in
1545 5254 1781 5311 quatuor
1805 5241 1919 5296 dis-

341 5333 534 5389 tribuit
568 5334 929 5404 principatus.
982 5331 1051 5387 Et
1080 5343 1257 5405 surget
1281 5350 1394 5402 rex,
1424 5344 1473 5389 et
1501 5335 1721 5404 intrabit
1746 5338 1921 5390 muni-

341 5424 510 5476 tiones
539 5424 676 5493 regis
705 5423 945 5495 Egypti.

415 5600 613 5656 XXXI.
653 5603 957 5661 Antiochus
994 5607 1140 5661 enim
1177 5622 1273 5661 rex
1301 5607 1473 5680 Syria:
1504 5606 1644 5674 fuit;
1675 5609 1764 5664 hic
1792 5623 1921 5664 cen-

345 5697 541 5752 lesimo
568 5704 625 5750 et
652 5696 885 5766 septimo
918 5713 1065 5753 anno
1092 5701 1243 5769 regni
1277 5701 1592 5757 Graecorum
1629 5703 1918 5772 imperium

414 5785 460 5820 "
490 5783 661 5839 Exod.
690 5800 866 5849 χχχιι,
899 5786 1004 5853 54;
1035 5804 1226 5851 xxxut,
1257 5789 1308 5844 ’5.

2025 4503 2216 4556 ἔπειτα
2272 4499 2665 4574 Ἀρταξέρξηςο
2711 4502 2861 4572 τρεῖς
2899 4493 3044 4553 οὗτοι
3083 4497 3405 4569 γεγένηνται
3439 4496 3590 4567 βασι-

2028 4596 2171 4661 λεῖς·
2207 4594 2559 4666 πεπλήρωται
2588 4595 2623 4663 ἡ
2658 4594 2869 4665 Γραφή.
2900 4593 3007 4646 Kal
3039 4595 3073 4645 ὁ
3104 4590 3386 4658 τέταρτος
3408 4592 3594 4643 πλουη

2026 4688 2198 4756 τήσει
2229 4688 2497 4744 πλοῦτον
2518 4687 2743 4757 μέγανο
2777 4686 2864 4750 τίς
2901 4679 3056 4749 οὗτος
3100 4684 3214 4738 ἀλλ’
3247 4683 3280 4754 ἢ
3317 4686 3540 4755 Δαρεῖος
3569 4687 3598 4737 ὁ

2028 4781 2369 4853 βασιλεύσας,
2404 4781 2499 4834 καὶ
2528 4779 2735 4846 ἔνδοξος
2761 4778 3031 4849 γενηθεὶς,
3062 4776 3121 4842 δς
3151 4777 3473 4851 ἐπλούτησε,
3505 4778 3601 4831 καὶ

2026 4873 2296 4942 ἐπανέστη
2319 4872 2521 4934 πάσαις
2544 4872 2663 4934 ταῖς
2694 4869 2989 4939 βασιλείαις
3009 4868 3117 4921 τῶν
3162 4867 3454 4940 Ἑλλήνων
3479 4868 3603 4920 τού-

2026 4982 2105 5035 τῳ
2134 4964 2405 5035 ἐπανέστη
2454 4962 2794 5033 Ἀλέξανδρος
2830 4964 2860 5016 ὀ
2892 4960 3177 5026 Μακεδὼν,
3206 4960 3265 5024 ὃς
3294 4961 3510 5015 καθεῖλε
3541 4960 3603 5013 τὸ

2027 5058 2193 5113 αὑτοῦ
2239 5059 2528 5129 βασίλειον,
2573 5058 2668 5112 καὶ
2707 5055 2844 5127 μετά
2880 5054 2943 5108 τὸ
2982 5053 3247 5119 ὑποτάξαι
3284 5053 3444 5107 αὐτὸν
3474 5054 3601 5116 τους

2026 5151 2266 5224 Πέρσας,
2289 5149 2511 5223 διῃρέθη
2536 5148 2778 5221 ἡτούτου
2805 5147 3051 5218 βασιλεία
3080 5149 3159 5211 είς
3182 5148 3307 5211 τοὺς
3328 5146 3599 5217 τέσσαρας

2024 5244 2263 5315 ἀνέμους
2294 5243 2388 5296 τοῦ
2431 5241 2692 5313 οὐρανοῦ·
2740 5240 3006 5294 τελευτῶν
3045 5240 3155 5311 γὰρ
3186 5242 3215 5293 ὁ
3255 5237 3598 5307 Ἀλέξανδρος

2023 5338 2185 5391 διεῖλε
2217 5337 2317 5410 τὴν
2346 5335 2621 5408 βασιλείαν
2642 5332 2806 5387 αὐτοῦ
2835 5335 2915 5395 εἰς
2941 5333 3216 5403 τέσσαρας
3246 5328 3436 5401 ἀρχάς.
3459 5326 3596 5395 (68°)
3675 5323 3680 5326 ’

2025 5431 2138 5484 Καὶ
2171 5428 2577 5496 ἀναστήσεται
2601 5426 2922 5493 βασιλεὺς,
2951 5427 3050 5480 καὶ
3079 5425 3483 5481 εἰσελεύσεται
3512 5426 3598 5490 είς

2025 5523 2101 5578 τά
2131 5523 2625 5594 ὑποστηρίγματα
2649 5522 2957 5588 ,βασιλέως
2981 5522 3298 5592 Αἰγύπτου.

2097 5615 2290 5674 XXXI.
2345 5616 2613 5689 Ἀντίοχος
2642 5617 2752 5689 γὰρ
2776 5617 3068 5688 γεγένηται
3095 5618 3193 5687 τῆς
3221 5615 3418 5688 Συρίας
3450 5614 3603 5685 βασι-

2028 5705 2181 5770 λεύς·
2240 5702 2393 5773 οὗτος
2456 5706 2801 5764 ἐϐασίλευσεν
2847 5712 2904 5763 ἐν
2949 5706 3225 5779 ἑκατοστῷ
3266 5709 3361 5762 καὶ
3392 5706 3587 5777 ἐϐδόμο
3642 5781 3663 5796 ο

366 5887 383 5898 '
416 5882 551 5950 (68‘)
583 5881 713 5950 Qme
747 5889 1048 5950 sequuntur
1080 5885 1274 5941 melius
1299 5887 1452 5942 initio
1488 5891 1811 5963 paragraphi
1844 5894 2123 5964 sequentis
2164 5894 2577 5950 collocarentur.
