4128 6386
415 433 508 487 661

1575 428 1992 486 FRAGMENTA
2034 427 2100 483 IN
2136 429 2497 484 DANIELEM.

3545 431 3651 488 662

416 551 521 603 ἔτει
555 549 828 619 βασιλείας
883 551 1178 623 Ἑλλήνων·
1203 529 1321 605 ’καὶ
1359 551 1423 622 δὴ
1469 511 1578 614 τοῖς
1614 551 1732 603 τότε
1780 521 1987 618 καιροῖς

2092 550 2358 618 suscepit;
2409 563 2474 603 ac
2506 546 2747 616 profecto
2780 547 2982 600 eisdem
3021 545 3355 614 temporibus
3396 547 3647 614 prmliutn

417 639 649 709 πόλεμον
691 640 948 693 συνάπτει
1002 642 1139 713 πρὸς
1184 643 1514 714 Πτολεμαῖον
1554 641 1775 712 βασιλέα
1824 639 1985 707 Αίγύ-

416 747 568 793 πτου,
593 733 686 784 καὶ
707 731 1078 802 ὑπερισχύσας
1099 733 1261 787 αὐτοῦ
1292 737 1514 804 κρατεῖ·
1545 729 1696 798 οὗτος
1723 731 1985 802 ὑποστρέ-

416 837 531 889 φων
563 821 622 886 ἐξ
653 823 950 891 Αἰγύπτου,
995 824 1161 895 ἀνέϐη
1205 825 1297 878 ἐπὶ
1345 825 1714 897 Ἰερουσαλὴμ,
1754 825 1846 878 ἐπὶ
1878 824 1985 876 ἔτει

415 914 688 984 ἑκατοστῷ
701 916 794 968 καὶ
808 917 992 986 τρίτῳ·
1018 917 1112 970 καὶ
1123 917 1298 971 λαϐὼν
1316 919 1520 982 πάντας
1536 918 1660 982 τοὺς
1683 918 1746 988 οη
1754 934 1852 970 σαυ
1862 918 1985 987 ρους

359 1035 364 1042 ο
414 1006 563 1060 οἷκου
584 1009 812 1082 Κυρίου,
837 1009 1102 1080 ἐπορεύθη
1132 1011 1212 1074 είς
1239 1012 1586 1082 Ἀντιόχειαν,
1617 1013 1709 1064 καὶ
1733 1010 1867 1081 μετὰ
1895 1009 1987 1063 δύο

414 1097 508 1168 ἔτη
531 1099 756 1170 ἡμερῶν
785 1101 1101 1154 ἀποστέλλει
1125 1103 1153 1154 6
1176 1102 1424 1172 βασιλεὺς
1450 1103 1577 1156 ἴδιον
1600 1102 1886 1173 φορολόγον
1906 1103 1985 1166 εἰς

413 1191 512 1253 τὰς
536 1191 717 1254 πόλεις
738 1193 834 1262 τῆς
871 1193 1145 1260 Ἰουδαίας,
1166 1195 1494 1263 ἀναγκάζειν
1516 1195 1640 1259 τοὺς
1680 1193 1984 1256 Ἰουδαίους,

418 1281 762 1351 μεταϐαίνειν
797 1283 905 1336 ἀπὸ
948 1284 1054 1338 τῶν
1103 1285 1368 1357 πατρῴων
1420 1287 1617 1356 νόμων,
1666 1288 1777 1348 τοῖς
1806 1285 1862 1337 δὲ
1893 1284 1985 1337 τοῦ

418 1371 679 1442 βασιλέως
703 1374 967 1444 δόγμασιν
996 1377 1410 1430 ὑποτάσσεσθαι·
1436 1377 1493 1440 ὃς
1518 1376 1977 1448 παραγενόμενος,

416 1461 722 1532 ἠνάγκαζεν
749 1465 944 1529 αὐτοὺς
973 1467 1144 1535 λέγων
1163 1483 1176 1494 ·
1227 1467 1550 1531 Ἐξέλθετε,
1579 1467 1673 1520 καί
1698 1467 1988 1535 ποιήσατε

414 1553 481 1604 τὸ
508 1554 856 1625 πρόσταγμα
882 1557 986 1610 τοῦ
1000 1556 1326 1624 βασιλέως,
1362 1559 1457 1611 καὶ
1493 1558 1764 1624 ζήσεσθε.

487 1644 704 1700 XXXII.
746 1650 806 1700 Οί
849 1648 906 1701 δὲ
953 1645 1149 1702 εἶπαν·
1200 1653 1321 1704 Οὐκ
1371 1650 1804 1721 ὲξελευσόμεθα
1850 1650 1990 1704 οὐδὲ

415 1733 748 1804 ποιήσομεν
776 1737 842 1789 τὸ
879 1739 1233 1808 πρόσταγμα
1269 1739 1373 1792 τοῦ
1408 1741 1714 1809 βασιᾼέως
1733 1755 1746 1769 ·
1772 1741 1991 1794 ἀποθα-

415 1827 673 1896 νούμεθα
691 1829 762 1882 ἐν
791 1828 866 1898 τῇ
896 1831 1184 1898 ἁπλότητι
1207 1829 1400 1900 ἡμῶν·
1416 1832 1529 1894 ,καὶ
1552 1830 1897 1884 ἀπέκτεινεν
1921 1831 1990 1896 ἐξ

415 1917 612 1970 αὐτῶν
643 1921 842 1988 χιλίας
870 1921 1074 1989 ’Ψυχὰς
1096 1921 1440 1990 ἀνθρώπων.
1474 1921 1781 1992 Πληροῦται
1810 1917 1902 1974 οὖν
1923 1922 1991 1974 τὰ

416 2011 552 2082 πρὸς
587 2010 676 2065 τὸν
708 2012 976 2083 μακάριον
1004 2013 1205 2082 Δανιὴλ
1237 2012 1602 2084 λελαλημένα·
1633 2013 1759 2065 Ὅτι
1792 2013 1992 2080 θλιϐή-

416 2120 647 2166 σογται,
671 2104 765 2156 καὶ
793 2104 1243 2170 ἀσθενήσουσιν
1267 2107 1320 2157 οἱ
1341 2104 1551 2159 δοῦλοί
1566 2122 1705 2172 μου,
1729 2104 1797 2156 ἐν
1818 2103 1988 2172 λιμῷ,

401 2195 511 2249 σκαί
540 2195 609 2248 ἐν
624 2197 908 2263 μαχαίρᾳ,
949 2197 1042 2248 καὶ
1071 2198 1140 2249 ἐν
1170 2198 1565 2264 αἰχμαλωσίᾳ.
1606 2197 1774 2264 Λέγει
1803 2196 1859 2250 δὲ
1891 2198 1992 2249 Δα-

417 2289 568 2360 νιήλ·
613 2289 720 2342 Καὶ
754 2288 1168 2356 βοηθήσονται
1192 2289 1478 2355 βοήθειαν
1508 2288 1757 2357 μικράν·
1794 2288 1990 2360 ἀνέστη

417 2379 525 2450 γὰρ
562 2379 682 2432 τότε
707 2377 976 2444 Ματθίας,
1021 2380 1117 2432 καὶ
1162 2379 1362 2450 Ἰούδας
1412 2381 1440 2432 6
1482 2378 1857 2442 Μακκαϐαῖος,
1896 2379 1990 2431 καί⁸

418 2470 720 2542 ἐϐοήθησαν
769 2471 971 2537 αὐτοῖς,
1021 2472 1115 2524 καὶ
1163 2470 1462 2542 ἐρρύσαντο
1518 2473 1581 2524 ἐκ
1627 2470 1805 2542 χειρὸς
1869 2470 1988 2524 Έλδ

420 2561 616 2632 λήνων.

487 2653 727 2709 XXXIII.
783 2654 1102 2726 Ἐπληρώθη
1149 2656 1209 2709 τὸ
1249 2657 1535 2727 εἰρημένον
1575 2659 1632 2710 ὲν
1667 2659 1730 2727 τῇ
1766 2657 1986 2728 Γραφῇ·

417 2745 562 2815 λέγει
595 2746 652 2798 δὲ
679 2746 849 2809 οὕτως
870 2765 883 2778 ·
916 2749 1024 2800 Kal
1045 2745 1462 2803 ἐἰσελεύσεται
1485 2747 1743 2817 θυγάτηρ
1766 2750 1869 2803 τοῦ
1889 2749 1993 2802 Νό-

418 2854 544 2902 του,
575 2838 725 2906 πρὸς
766 2840 1032 2903 βασιλέα
1068 2840 1174 2894 τοῦ
1213 2843 1424 2908 Βορρἄ,
1456 2840 1560 2894 τοῦ
1591 2839 1840 2909 ποιῆσαι
1863 2841 1990 2910 μετ’

418 2929 601 2984 αὑτοῦ
641 2929 981 2998 συνθήκας·
1037 2931 1135 2984 καί
1177 2934 1248 2985 οὐ
1296 2931 1630 3000 στήσονται
1669 2933 1993 3001 βραχίονες

417 3020 523 3074 τοῦ
547 3020 798 3090 ἄγοντος
826 3022 1047 3088 αὑτήν·
1095 3022 1192 3076 καί
1244 3023 1723 3091 συντριϐήσεται,
1761 3023 1861 3077 καὶ
1891 3041 1993 3078 πε-

419 3111 606 3166 σεῖται
621 3111 719 3166 καί
733 3113 907 3182 αὐτὴ,
924 3114 1020 3168 καὶ
1036 3117 1068 3167 o’
1082 3113 1240 3182 ἄγων
1255 3115 1464 3180 αὐτήν.
1478 3115 1770 3187 Γεγένηται
1787 3116 1894 3188 γάρ
1908 3133 1990 3180 τις

419 3201 554 3272 αὑτὴ
585 3203 888 3274 Πτολεμαῒς
909 3204 1018 3276 (69)
1062 3204 1415 3274 βασιλεύουσα
1447 3206 1741 3276 Αἰγύπτου·
1776 3207 1898 3261 τότε
1924 3207 1988 3278 δὴ

421 3294 778 3365 ἐκπορεύεται
815 3296 932 3368 ἅμα
961 3299 1072 3361 τοῖς
1111 3297 1260 3351 δυσὶν
1295 3299 1429 3360 υἱοῖς
1458 3297 1626 3367 αὐτῆς
1649 3298 1986 3369 Πτολεμαίῳ,

419 3387 510 3438 καὶ
535 3386 876 3459 Φιλομήτορι,
900 3388 1167 3458 συνθήκας
1189 3389 1516 3460 ποιησομένη
1548 3388 1682 3460 πρὸς
1722 3389 1990 3461 Ἀντίοχον

421 3476 644 3546 βασιλέα
671 3481 768 3550 τῆς
799 3480 1027 3550 Συρίας·
1060 3481 1154 3535 καὶ
1191 3481 1254 3552 δὴ
1289 3482 1516 3535 ἐλθοῦσα
1547 3482 1689 3536 κατὰ
1715 3484 1989 3537 Σκυθόπο-

419 3567 522 3633 λιν,
555 3571 672 3623 ἐκεῖ
700 3571 1036 3642 ἀναιρεῖται·
1071 3574 1099 3624 6
1132 3571 1239 3644 γὰρ
1274 3572 1422 3641 ἄγων
1458 3572 1647 3643 αὐτὴν,
1678 3573 1989 3643 προέδωκεν

420 3661 621 3734 αὑτήν·
683 3663 805 3716 τότε
839 3663 904 3734 δὴ
950 3664 1071 3717 τότε
1110 3663 1288 3718 οίνδύο
1323 3665 1540 3735 ἀδελφοὶ
1582 3665 1815 3736 πόλεμον
1855 3669 1990 3738 πρὸς

421 3752 681 3824 ἀλλήλους
714 3755 1100 3825 συμϐάλλουσι,
1135 3757 1230 3809 καὶ
1259 3758 1560 3828 ἀναιρεῖται
1590 3757 1618 3808 6
1648 3756 1986 3831 Φιλομήτωρ,

421 3846 609 3915 κρατεί
633 3843 688 3896 δὲ
719 3846 748 3896 6
772 3845 1124 3916 Πτολεμαῖος.

488 3932 729 3989 XXXIV.
768 3936 1016 4009 Συμϐολὴ
1040 3939 1219 3992 τοίνυν
1249 3939 1408 3994 πάλιν
1432 3941 1638 4010 γίνεται
1673 3941 1992 4014 Πτολεμαίῳ

421 4027 555 4099 πρὸς
589 4029 859 4099 Ἀντίοχον
881 4047 892 4058 ·
926 4029 1100 4101 τούτῳ
1128 4032 1418 4104 ἐπέρχεται
1445 4036 1473 4087 6
1516 4034 1784 4106 Ἀντίοχος
1805 4053 1818 4065 ·
1844 4035 1988 4104 λέγει

420 4119 526 4191 γὰρ
557 4119 730 4184 οὕτως
760 4123 793 4192 ἡ
817 4123 1031 4193 Γραφή·
1059 4124 1169 4177 Καὶ
1187 4123 1667 4193 ἐπαναστήσεται
1692 4128 1990 4193 βασιλεὺς

419 4211 524 4265 τοῦ
559 4215 752 4267 Νότου
781 4215 929 4282 πρὸς
951 4214 1217 4277 βασιλέα
1253 4216 1358 4269 τοῦ
1386 4217 1600 4285 Eappa,
1640 4219 1736 4271 καί
1765 4219 1988 4272 ἐπανα-

419 4303 708 4370 στήσεται
736 4305 972 4375 σπέρμα
1000 4306 1069 4371 ἐξ
1097 4306 1286 4376 αὐτῆς
1311 4325 1322 4338 ·
1352 4311 1500 4361 ποῖον
1525 4309 1580 4361 δὲ
1603 4309 1842 4381 σπέρμα,
1875 4309 1987 4363 ἀλλ’

420 4394 452 4466 ἢ
488 4397 816 4468 Πτολεμαῖος
839 4396 898 4462 ὃς
923 4399 1128 4470 συνῆψε
1165 4399 1411 4470 πόλεμον·
1436 4400 1570 4473 πρὸς
1607 4401 1908 4471 Ἀντίοχον;
1945 4397 1994 4470 ᾧ

420 4487 722 4554 ἐπεξελθὼν
765 4491 794 4542 6
844 4489 1132 4561 Ἀντίοχος,
1177 4493 1272 4545 καὶ
1309 4492 1382 4563 μὴ
1424 4493 1755 4564 κατισχύσας
1799 4494 1986 4560 αὑτοῦ,

421 4581 598 4649 φυγὰς
643 4581 931 4652 γενόμενος
967 4583 1264 4655 ἀνέστρεψε
1310 4585 1471 4639 πάλιν
1509 4589 1588 4650 εἰς
1639 4587 1984 4658 Ἀντιόχειαν,
2020 4575 2064 4630 Ῐ)

421 4673 742 4742 συναγαγὼν
767 4674 922 4744 ὄχλον
945 4674 1182 4729 πλείονα·
1209 4677 1470 4748 λαμϐάνει
1491 4679 1667 4733 τοίνυν
1686 4681 1862 4733 πᾶσαν
1889 4681 1986 4752 τὴν

420 4769 718 4824 πανοπλίαν
741 4769 903 4824 αὑτοῦ
937 4771 1288 4842 Πτολεμαῖος,
1312 4771 1407 4824 καὶ
1430 4771 1552 4841 ἄγει
1583 4774 1662 4836 είς
1693 4774 1983 4842 Αἴγυπτον·

421 4861 720 4933 πληροῦται
748 4863 780 4932 ἡ
800 4860 990 4934 Γραφὴ
1010 4861 1084 4926 ὡς
1103 4861 1248 4930 λέγει
1271 4863 1469 4936 Δανιήλ
1485 4879 1498 4892 ·
1526 4864 1635 4918 Καὶ
1656 4864 1796 4930 τοὺς
1815 4865 1986 4932 θεοὺς

419 4952 636 5017 αὐτῶν,
667 4952 762 5006 καὶ
793 4953 864 5007 τὰ
904 4955 1270 5022 χωνεύματα,
1299 4954 1397 5008 καί
1427 4953 1550 5011 πᾶν
1573 4956 1832 5025 χρυσίον
1857 4957 1984 5010 ἐπι-

422 5045 683 5114 θυμητὸν
709 5045 960 5104 είσοίσει
985 5047 1072 5112 εἰς
1099 5047 1424 5116 Αιγυπτον.

491 5135 709 5193 XXXV.
753 5136 865 5190 Καὶ
906 5136 1043 5207 μετὰ
1085 5136 1260 5191 ταῦτα
1303 5137 1580 5210 ἐξέρχεται
1628 5140 1894 5212 Ἀντίοχος
1923 5143 2003 5204 ὲκ⁴

420 5226 672 5299 δευτέρου
692 5226 925 5298 πόλεμον
955 5227 1182 5300 ἐγείρων
1216 5231 1334 5283 κατ’
1355 5230 1539 5296 αὑτοῦ,
1573 5230 1631 5295 ὃς
1662 5232 1864 5306 ἥττησε
1895 5235 1985 5289 τὸν

423 5319 750 5390 Πτολεμαῖον
769 5335 782 5348 ·
829 5318 924 5371 καὶ
960 5317 1023 5390 δὴ
1058 5319 1257 5374 τούτων
1291 5323 1614 5394 γενομένων,
1647 5325 1988 5399 ἐπεγείρεται

425 5410 583 5463 πάλιν
605 5410 700 5463 ἐπὶ
723 5410 850 5472 τοὺς
877 5409 1023 5474 υἱοὺς
1062 5410 1277 5481 Ἰσραὴλ
1299 5414 1326 5465 6
1371 5413 1655 5485 Ἀντίοχος,
1679 5416 1772 5468 καὶ
1794 5417 1988 5482 ἐξαπο-

425 5501 632 5555 στέλλει
657 5500 780 5556 τινὰ
809 5501 1086 5572 Νικάνορα
1117 5504 1254 5571 μετᾶ
1279 5503 1560 5576 δυνάμεως
1593 5505 1813 5578 πολλῆς,
1839 5510 1986 5575 ὅπως

496 5628 541 5662 "
570 5628 591 5682 Ι
621 5628 758 5684 Mac.
790 5645 848 5698 tt,
875 5629 962 5685 5'5.

498 5745 608 5815 {69)
649 5733 986 5819 Cleopatram
1016 5749 1490 5825 innuerevidetur
1521 5753 1822 5825 Physconis
1851 5772 1988 5810 uxo-

427 5825 565 5884 rem,
593 5830 944 5890 neptemque;
981 5836 1106 5875 nam
1142 5819 1411 5878 Latiturus
1461 5819 1751 5895 aliquando
1802 5825 1988 5880 Philo-

2089 647 2212 694 cum
2252 639 2540 694 Ptolemwo
2565 638 2781 709 Egypti
2805 653 2928 708 rege
2949 637 3257 703 committit,
3276 652 3340 691 ac
3357 639 3650 706 pravalens

2089 732 2233 786 illius
2276 732 2564 800 imperium
2613 730 2837 784 obtinet.
2887 727 2986 783 Hic
3015 743 3082 782 ex
3108 728 3340 800 Egypto
3372 740 3652 788 revertens

2085 839 2232 877 anno
2263 823 2418 877 tertio
2442 832 2495 876 et
2523 822 2819 876 centesimo
2838 819 3135 874 Jerusalem
3168 822 3427 888 ascendit,
3449 832 3503 876 et
3529 825 3653 877 uni-

2092 913 2262 968 versis
2287 913 2500 992 domus
2518 911 2733 966 Domini
2763 911 3034 966 thesauris
3062 910 3335 979 expilatis,
3391 913 3493 965 iter
3537 913 3651 965 An-

2091 1005 2347 1059 tiochiam
2383 1020 2573 1060 versus
2617 1004 2870 1085 instituit,
2917 1013 2968 1058 et
3008 1013 3130 1073 post
3160 1003 3297 1058 duos
3332 1019 3506 1058 annos
3540 1004 3653 1058 die-

2089 1112 2230 1162 rum,
2266 1096 2321 1149 in
2360 1096 2520 1151 urbes
2557 1095 2754 1150 Judtetc
2786 1095 2950 1149 mittit
2995 1111 3089 1150 rex
3120 1111 3279 1150 suum
3327 1096 3651 1151 tributorum

2089 1198 2395 1242 exactorem
2430 1187 2498 1241 ad
2527 1188 2800 1258 cogendos
2829 1185 3067 1252 Judazos,
3101 1200 3161 1242 ut
3187 1203 3218 1243 a
3239 1187 3653 1257 patriislegibus

2087 1279 2470 1346 desciscerent,
2528 1279 2778 1349 regisque
2823 1279 3052 1335 decretis
3115 1294 3233 1334 sese
3286 1279 3650 1350 subiicerent;

2088 1371 2180 1440 qui
2211 1387 2334 1425 cum
2365 1371 2699 1438 advenisset,
2736 1387 2831 1426 eos
2865 1371 3108 1441 cogebat,
3157 1370 3408 1440 inquiens
3435 1391 3449 1424 :
3473 1369 3651 1436 Exite,

2088 1473 2137 1516 et
2173 1464 2331 1533 facite
2357 1465 2868 1550 prw‘ceptum‘regis,
2893 1473 2940 1517 et
2975 1457 3172 1518 uinetis.

2160 1647 2376 1702 XXXII.
2420 1649 2499 1704 Illi
2606 1661 2711 1704 tem
2741 1649 2995 1704 dixerunt
3021 1667 3034 1702 :
3062 1647 3242 1720 Neque
3264 1648 3539 1712 exibimus,
3566 1663 3654 1700 ne-

2160 1755 2187 1792 e
2220 1725 2470 1792 faciemus
2501 1664 2815 1792 attonitum
2855 1741 3023 1792 reais:
3057 1741 3339 1792 moriemur
3367 1741 3421 1792 in
3446 1740 3654 1792 simpli-

2090 1755 2187 1809 que
2219 1740 2470 1807 faciemus
2501 1740 2815 1810 pfaaceptum
2855 1741 3023 1810 regis;
3057 1741 3339 1793 moriemur
3367 1741 3421 1792 in
3446 1740 3654 1809 simpli-

2094 1829 2252 1882 citate
2289 1837 2470 1882 uostra
2499 1845 2516 1883 :
2544 1838 2593 1883 et
2627 1830 2886 1896 interfecit
2906 1846 2969 1883 ea:
2988 1831 3062 1883 eis
3086 1829 3228 1883 mille
3258 1831 3461 1883 animas
3486 1829 3656 1882 Itami-

2021 1894 2062 1948 Β
2094 1935 2216 1970 num
2239 1919 2302 1971 σθ.
2343 1918 2648 1988 Adimpleta
2694 1894 2822 1974 sunt
2856 1919 3039 1990 igitur,
3065 1935 3187 1988 qua:
3215 1919 3281 1973 ad
3308 1919 3522 1973 beatum
3550 1918 3654 1974 Da-

2091 2009 2286 2064 nielem
2322 2009 2464 2064 dicta
2491 2019 2620 2065 sunt
2651 2029 2663 2065 :
2700 2010 2840 2075 Quia
2871 2011 3262 2065 tribulationem
3292 2011 3579 2080 patientur,
3604 2021 3654 2064 et

2089 2101 2504 2169 inﬁrmabuntur
2529 2103 2663 2182 servi
2702 2104 2802 2156 mei
2830 2103 2882 2156 in
2917 2104 3076 2172 fame,
3104 2113 3153 2158 et
3179 2105 3234 2158 in
3263 2104 3463 2174 gladio,
3513 2115 3562 2160 et
3599 2107 3656 2160 in

2090 2192 2411 2261 captivitate.
2463 2190 2644 2262 Pergit
2692 2209 2821 2248 vero
2861 2193 3050 2250 Daniel
3086 2218 3099 2251 :
3137 2194 3205 2249 Et
3251 2196 3658 2252 sublevabuntur

2089 2287 2294 2341 auxilio
2327 2287 2548 2357 parvulo
2565 2305 2585 2352 ;
2632 2289 2870 2343 surrexit
2897 2289 3040 2344 enim
3073 2299 3204 2345 tunc
3235 2291 3496 2360 temporis
3521 2291 3658 2346 Mat-

2093 2378 2255 2444 thias,
2284 2389 2336 2432 et
2357 2376 2527 2434 Judas
2553 2377 2914 2446 Machabaaus,
2949 2381 3042 2450 qui
3069 2395 3225 2450 opem
3257 2381 3364 2437 illis
3395 2383 3654 2452 tulerunt,

2092 2480 2146 2525 et
2165 2486 2232 2525 ex
2258 2470 2572 2527 Graecorum
2597 2487 2764 2526 manu
2801 2486 2897 2527 eos
2930 2473 3268 2543 eripuerunt.

2161 2661 2402 2716 XXXIII.
2446 2659 2639 2719 Evenit
2669 2677 2820 2734 ergo,
2856 2664 3000 2733 quod
3037 2664 3243 2719 dictum
3285 2674 3368 2720 est
3408 2665 3462 2720 in
3504 2665 3654 2720 Scri-

2091 2764 2268 2825 ptura.
2317 2753 2673 2825 Prosequitur
2709 2764 2890 2809 autem
2940 2756 3013 2809 ita
3049 2773 3062 2809 :
3096 2754 3164 2808 Et
3196 2756 3518 2826 ingredietur
3541 2757 3656 2826 ﬁlia

2095 2845 2284 2918 [regis]
2317 2847 2500 2901 Austri
2539 2847 2608 2900 ad
2653 2863 2821 2917 regem
2865 2847 3176 2918 Aquilonis,
3229 2856 3288 2900 ut
3325 2847 3492 2917 foedus
3538 2865 3656 2902 cum

2091 2939 2204 3008 ipso
2252 2939 2452 3008 faciat;
2492 2947 2541 2992 et
2576 2955 2676 2993 non
2708 2940 2920 2993 stabunt
2953 2939 3167 2993 brachia
3192 2939 3430 2993 ducentis
3458 2941 3652 3009 ipsam,

2090 3039 2140 3084 et
2177 3040 2493 3091 conteretur.
2532 3040 2580 3084 et
2622 3030 2771 3084 cadet
2813 3032 2950 3098 ipsa,
2994 3039 3042 3084 et
3070 3032 3159 3100 qui
3191 3031 3335 3084 ducit
3362 3047 3496 3086 eam.
3534 3032 3654 3100 Ipsa

2090 3121 2236 3178 enim
2275 3121 2379 3178 fuit
2410 3121 2656 3192 quaedam
2697 3121 2984 3177 Ptolemtea
3024 3121 3241 3193 Aigypti
3284 3123 3488 3193 regina,
3535 3121 3657 3192 quae

2013 3237 2059 3297 ο
2091 3221 2222 3269 tunc
2252 3214 2511 3284 temporis
2530 3213 2802 3284 egreditur
2836 3229 2959 3267 cum
2989 3213 3202 3268 duobus
3231 3213 3356 3268 ﬁliis
3384 3214 3499 3268 suis
3530 3212 3655 3267 Pto-

2092 3307 2281 3362 lemteo
2304 3315 2357 3361 et
2381 3305 2764 3370 Philometore,
2798 3305 2974 3360 fmdus
3016 3313 3142 3360 cum
3185 3305 3454 3360 Antiocho
3487 3305 3656 3377 Syriae

2090 3414 2217 3470 rege
2263 3399 2484 3454 initura.
2537 3397 2602 3452 Et
2648 3399 2866 3468 quidem
2911 3413 3035 3452 cum
3081 3412 3248 3468 prope
3283 3397 3652 3469 Scytlmpolim

2091 3490 2447 3560 pervenisset,
2509 3489 2620 3544 illic
2669 3488 3022 3554 interﬁcitur;
3078 3489 3173 3558 qui
3226 3488 3370 3543 enim
3423 3489 3655 3545 ducebat

2091 3596 2233 3647 eam,
2284 3581 2519 3651 prodidit
2572 3597 2713 3636 eam.
2770 3580 2925 3637 Tunc
2968 3597 3098 3635 vero
3141 3591 3270 3637 tunc
3309 3581 3418 3636 duo
3460 3583 3656 3638 fratres

2090 3673 2341 3743 praelium
2381 3673 2520 3728 inter
2551 3689 2609 3729 se
2636 3673 3003 3736 committunt,
3034 3681 3087 3727 et
3123 3672 3486 3730 Philometore
3517 3691 3546 3731 e
3577 3676 3656 3729 vi-

2090 3766 2174 3821 vis
2195 3765 2430 3832 sublato,
2462 3764 2787 3821 Ptolematus
2814 3765 3100 3835 imperium
3127 3766 3352 3821 obtinet.

2161 3952 2404 4007 XXXIV.
2446 3952 2652 4009 Bellum
2691 3954 2854 4024 igitur
2882 3969 3077 4010 rursus
3103 3951 3428 4008 Ptolemaeus
3457 3953 3652 4008 adver-

2093 4061 2185 4102 sus
2214 4045 2542 4100 Antiochum
2572 4045 2811 4109 instruit,
2846 4046 2931 4100 cui
2963 4045 3200 4101 occurrit
3229 4044 3655 4100 Antiochuszait

2089 4137 2232 4191 enim
2262 4135 2540 4205 Scriptura
2567 4155 2579 4190 :
2613 4134 2678 4188 Et
2699 4145 2873 4204 surget
2894 4153 2986 4190 rex
3007 4137 3193 4190 Austri
3219 4137 3462 4191 adversus
3484 4154 3652 4208 regem

2092 4225 2390 4295 Aquilonis,
2441 4235 2492 4280 et
2536 4235 2712 4297 surget
2761 4243 2934 4280 semen
2983 4243 3047 4281 ea:
3089 4229 3240 4298 ipsa;
3277 4228 3436 4298 quale
3467 4245 3650 4284 semen

2090 4315 2195 4370 nisi
2220 4315 2556 4383 Ptolemaeus,
2588 4317 2679 4387 qui
2710 4333 2830 4372 cum
2862 4317 3130 4374 Antiocho
3155 4321 3401 4390 prcelium
3426 4324 3655 4376 commi-

2091 4409 2196 4464 sit?
2215 4409 2316 4463 Cui
2347 4425 2641 4467 occurrens
2669 4411 2990 4476 Antiochus,
3013 4428 3137 4466 eum
3163 4413 3217 4466 in
3239 4429 3361 4467 eum
3388 4430 3496 4473 non
3525 4431 3656 4483 prte-

2093 4501 2370 4567 valuisset,
2406 4501 2530 4573 fuga
2566 4513 2802 4574 arrepta,
2848 4517 3041 4558 rursus
3081 4503 3423 4559 Antiochiam
3470 4505 3654 4574 rediit,

2091 4593 2392 4648 exercitum
2423 4594 2686 4664 majorem
2719 4604 3156 4666 comparaturus.
3191 4594 3509 4654 Universam
3551 4597 3654 4668 igi-

2090 4693 2180 4739 tur
2233 4695 2568 4741 armaturam
2629 4687 2799 4757 ipsius
2849 4690 3015 4743 sumit
3071 4687 3428 4756 Ptolemaeus,
3491 4689 3655 4760 inque

2092 4774 2384 4847 Egyptum
2419 4787 2662 4848 asportat
2693 4798 2707 4833 :
2734 4781 3036 4850 completur
3068 4779 3373 4850 Scriptura,
3409 4779 3550 4836 sicut
3578 4782 3655 4835 ait

2089 4864 2279 4920 Daniel
2308 4885 2320 4920 :
2353 4865 2419 4920 Et
2451 4869 2573 4921 deos
2593 4885 2790 4934 eorum,
2820 4880 2867 4923 et
2899 4871 3188 4940 sculptilia,
3217 4881 3265 4925 et
3294 4888 3443 4926 omne
3463 4888 3653 4926 aurum

2091 4957 2378 5026 pretiosum
2411 4959 2560 5014 ducet
2598 4961 2653 5013 in
2687 4959 2999 5032 Egi/ptum.

2092 5163 2096 5168 '
2162 5148 2382 5207 XXXV.
2423 5147 2492 5207 Et
2511 5157 2635 5220 post
2671 5149 2792 5210 haec,
2822 5149 3014 5204 iterum
3045 5152 3319 5221 egreditur
3350 5151 3651 5210 Antiochus

2091 5243 2294 5299 bellum
2331 5243 2591 5298 adversus
2627 5257 2749 5298 eum
2785 5243 3113 5306 instaurans,
3144 5243 3237 5312 qui
3266 5242 3333 5297 de
3362 5241 3651 5299 Ptolemaeo

2090 5337 2266 5390 victor
2296 5335 2489 5390 evasit.
2526 5334 2689 5390 Hisce
2720 5335 2962 5404 profecto
2994 5335 3160 5404 gestis
3203 5350 3396 5390 rursus
3425 5335 3479 5390 in
3512 5337 3652 5394 ﬁlios

2093 5425 2259 5482 Israel
2290 5427 2548 5496 impetum
2581 5425 2710 5480 facit
2741 5425 3062 5488 Antiochus,
3097 5433 3150 5479 et
3178 5425 3463 5495 quemdam
3493 5424 3657 5484 Nica-

2090 5533 2281 5573 norem
2317 5533 2442 5573 cum
2478 5516 2688 5588 magnis
2725 5517 2898 5586 cepiis
2936 5516 3168 5586 ablegat,
3213 5527 3272 5572 ut
3308 5517 3526 5577 Iudaeos
3556 5522 3653 5577 de-

2097 5769 2266 5811 metor
2309 5755 2486 5809 dictus
2533 5762 2633 5813 est,
2679 5754 2771 5807 ἐπὶ
2799 5751 3111 5822 χλευασμῷ,
3164 5763 3220 5807 ιιι
3257 5754 3553 5813 Pausanias
3589 5757 3643 5811 iu

2093 5829 2305 5882 Atticis.
2344 5826 2546 5881 Caetera
2585 5834 2762 5880 tamen
2792 5825 2860 5881 ab
2888 5825 3110 5880 historia
3139 5827 3417 5884 recedunt.
3444 5843 3454 5857 ·
