4128 6386
405 427 511 482 663

1302 422 1360 476 S.
1400 413 1755 475 HIPPOLVTI
1789 411 1936 468 OPP.
1977 405 2157 464 PARS
2193 402 2232 456 I.
2265 435 2332 482 I—
2370 395 2774 454 EXEGETICA.

3545 380 3648 436 664

413 549 603 614 bellel,
627 564 736 620 quo
762 559 1002 620 tempore
1029 547 1195 602 Judas
1225 552 1347 615 post
1386 541 1594 596 obitum
1622 537 1858 592 Matthiae
1887 548 1980 604 po-

2088 523 2428 595 ὲκπολεμήσῃ
2458 521 2584 584 τοὺς
2628 510 2946 577 Ἰουδαίους,⁹
2969 510 3129 582 ἡνίκα
3161 505 3361 568 Ἰούδας
3395 501 3531 612 μετὰ
3551 501 3651 620 τήν

411 642 523 710 puli
571 643 931 712 principatum
979 637 1273 701 obtinebat,
1319 643 1373 688 et
1413 641 1607 687 caetera
1648 628 1726 684 uti
1773 625 1972 694 scripta

409 742 539 787 sunt
565 733 617 786 in
648 733 786 788 libro
805 730 1260 786 Maclnabaaorum.
1289 723 1383 778 His
1402 721 1658 793 peractis,
1681 719 1758 772 ait
1783 729 1975 771 rursus

410 825 690 895 Scriptura
719 843 732 878 :
761 823 830 877 Et
864 834 1036 892 surget
1061 821 1200 881 alius
1236 832 1348 878 rex,
1371 825 1420 869 et
1449 815 1533 867 hic
1561 810 1863 883 prawalebit
1885 825 1976 862 su-

409 935 500 986 per
535 928 761 979 terram;
793 925 842 970 et
863 925 1040 986 surget
1061 930 1153 968 rea:
1184 912 1390 974 Austri,
1413 919 1461 964 et
1487 906 1657 978 ﬁliam
1689 905 1803 974 ejus
1833 903 1974 956 acci-

408 1013 508 1078 piet
542 1027 776 1065 uxorem.

477 1189 715 1244 XXXVI.
758 1189 1006 1259 Insurget
1053 1187 1196 1243 enim
1244 1185 1469 1258 quidam
1515 1182 1820 1239 Alexander
1843 1180 1976 1235 Phi-

408 1282 535 1352 lippi
575 1283 740 1344 ﬁlius,
789 1283 882 1350 qui
930 1297 1030 1335 suo
1080 1289 1323 1349 tempore
1363 1287 1516 1334 stans
1558 1284 1750 1380 contra
1782 1274 1976 1328 Antio-

408 1376 593 1440 chum,
619 1375 810 1444 prmlio
829 1373 962 1426 inito
981 1374 1156 1441 ipsum
1188 1370 1459 1436 interﬁcit,
1487 1378 1541 1423 et
1564 1367 1730 1438 retine
1750 1367 1972 1438 potitur.

409 1465 562 1520 Tunc
589 1467 752 1519 mittit
785 1466 850 1518 ad
873 1464 1223 1519 Ptolemaeum
1255 1461 1473 1534 {Egypti
1510 1475 1716 1530 regem,
1747 1460 1974 1514 dicens:

410 1558 485 1612 lla
520 1559 650 1612 mihi
682 1559 845 1612 tiliam
879 1567 1026 1612 tuam
1061 1555 1402 1626 Cleopatram
1447 1569 1709 1619 uxorem;
1747 1565 1979 1620 eamque

408 1645 716 1698 Alexandro
758 1647 953 1714 nuptui
996 1645 1121 1709 dat;
1164 1644 1488 1712 adimpletur
1520 1641 1821 1712 Scriptura,
1855 1657 1978 1695 cum

409 1737 541 1790 dicit
571 1756 582 1790 :
620 1736 687 1789 Et
727 1738 946 1804 accipiet
983 1736 1154 1805 ﬁliam
1210 1735 1324 1804 ejus
1357 1737 1413 1788 in
1447 1750 1698 1796 uxorem;
1740 1733 1832 1787 sed
1862 1733 1975 1787 ait:

413 1827 481 1880 Et
510 1840 804 1899 corrumpet
828 1847 963 1894 eam,
994 1839 1042 1882 et
1072 1845 1172 1881 non
1199 1828 1298 1880 erit
1321 1827 1435 1896 ejus
1461 1843 1616 1881 uxor.
1642 1825 1780 1881 Vere
1801 1838 1854 1880 et
1879 1827 1981 1880 hoc

2075 593 2326 689 τελευτήν
2340 593 2585 669 Ματθίου
2607 607 2744 683 ἦρχε
2769 607 2862 661 τοῦ
2889 604 3041 670 λαοῦ,
3067 603 3163 656 καὶ
3190 601 3258 654 τὰ
3287 599 3431 670 ἑξῆς,
3460 595 3534 660 ὡς
3555 593 3650 664 γέ·-

2075 727 2318 785 γραπται
2340 709 2397 760 ἐν
2418 705 2496 777 τῷ
2511 699 2909 770 Μακκαϐαῖκῷ·
2929 697 3130 751 τούτων
3152 691 3480 763 γενομένων,
3503 688 3653 756 λέγει

2075 783 2236 859 πάλιν
2270 803 2304 872 ἡ
2335 799 2522 871 Γραφή
2546 814 2558 827 ·
2595 794 2705 850 Kal
2739 789 3219 854 ἐπαναστήσεται
3250 785 3450 852 ἕτερος
3468 783 3654 847 ¹βασι·-

2073 897 2239 963 λεὺς,
2270 894 2368 948 καὶ
2392 887 2569 957 οὗτος
2589 886 2942 954 κατισχύσει
2969 883 3065 936 ἐπὶ
3090 880 3196 948 τῆς
3224 878 3367 950 γῆς·
3397 875 3495 932 καὶ
3516 875 3654 928 ἐπα·

2074 985 2441 1052 ναστήσεται
2469 979 2771 1047 ,ϐασιλεὺς
2798 975 2903 1030 τοῦ
2935 976 3151 1037 Νότου,
3185 972 3286 1025 καί
3313 987 3379 1041 γε
3407 967 3522 1036 τὴν
3545 971 3653 1023 θυ-

2036 1137 2041 1154 τ
2075 1078 2292 1151 τατέρα
2317 1075 2502 1130 αὐτοῦ
2532 1072 2791 1141 λήψεται
2816 1070 2903 1134 εὶς
2932 1065 3204 1138 γυναῖκα.

2147 1168 2389 1224 XXXVI.
2433 1167 2646 1220 Γίνεται
2678 1164 2788 1236 γάρ
2821 1177 2943 1216 τινα
2984 1157 3328 1227 Ἀλέξανδρον
3360 1152 3656 1222 ἀναστῆναι

2078 1263 2191 1317 υἱὸν
2219 1260 2486 1316 Φιλίππου
2509 1258 2645 1330 (70),
2678 1251 2832 1318 οὗτος
2865 1251 3004 1307 κατὰ
3029 1250 3117 1303 τὸν
3137 1247 3324 1319 καιρὸν
3347 1245 3655 1315 ἐπαναστή-

2079 1373 2230 1409 σεται
2275 1353 2534 1423 Ἀντιόχῳ
2562 1349 2695 1420 (71),
2732 1348 2826 1402 καὶ
2858 1343 3174 1414 πολεμήσας
3219 1338 3382 1392 αὐτὸν
3424 1338 3654 1407 ἀναιρεῖ,

2078 1449 2270 1523 κρατεῖ
2295 1447 2351 1500 δὲ
2380 1447 2479 1516 τῆς
2514 1441 2788 1514 βασιλείας
2807 1456 2820 1469 ·
2852 1438 2974 1490 τότε
3002 1433 3318 1489 ἀποστέλλει
3353 1430 3488 1502 πρὸς
3521 1431 3659 1482 Πτο-

2079 1521 2303 1612 λεμαῖον
2336 1539 2426 1591 τὸν
2465 1535 2687 1606 βασιλέα
2725 1530 3021 1600 Αἰγύπτου,
3068 1527 3274 1595 λέγων·
3301 1525 3400 1588 Δός
3436 1521 3658 1612 μοιτὴν

2080 1611 2356 1703 θυρατέρα
2390 1645 2481 1681 σου
2521 1625 2880 1692 Κλεοπάτραν
2909 1621 2989 1683 είς
3031 1621 3284 1688 γυναῖκα·
3333 1615 3430 1667 καὶ
3477 1611 3658 1667 δίδωσι

2079 1724 2157 1794 τῷ
2194 1719 2522 1791 Ἀλεξάνδρῳ
2543 1719 2622 1780 είς
2647 1707 2882 1784 γυναῖκα
2901 1727 2915 1741 ·
2954 1709 3256 1782 πληροῦται
3293 1707 3326 1777 ή
3367 1707 3404 1758 Γ
3411 1705 3556 1776 ραςρὴ
3583 1704 3660 1766 ὡς

2080 1816 2260 1884 λέγει·
2301 1813 2410 1868 Καὶ
2444 1811 2704 1878 λήψεται
2743 1807 2858 1876 τὴν
2893 1800 3183 1875 θυγατέρα
3219 1798 3404 1853 αὑτοῦ
3436 1799 3523 1861 εὶς
3558 1813 3661 1864 γυ-

410 1921 761 1988 adimpletum
792 1931 906 1988 est;
953 1937 1076 1974 cum
1112 1921 1258 1974 enim
1304 1919 1405 1990 ipsi
1441 1919 1762 1974 Ptolemaeus
1803 1918 1968 1973 ﬁliam

2088 1908 2285 1962 ναῖκα·
2335 1905 2485 1973 λέγει
2517 1893 2608 1955 δέ·
2653 1900 2766 1956 Kal
2808 1895 3115 1966 διαφθερεῖ
3148 1891 3362 1958 αὐτὴν,
3405 1889 3504 1942 καὶ
3548 1888 3660 1940 οὐκ

410 2028 567 2066 suam
598 2011 856 2078 dedisset,
891 2023 1188 2078 revertens,
1225 2023 1280 2088 et
1307 2029 1533 2080 regnum
1554 2010 1845 2065 Alexandri
1870 2011 1984 2081 glo-

2088 2000 2268 2055 αὺτοῦ
2303 1999 2472 2052 ἔσται
2512 1995 2686 2067 τυτθή.
2723 1990 2962 2063 Ἀληθῶς
2991 1988 3085 2042 καὶ
3108 1985 3264 2040 τοῦτο
3280 1983 3657 2054 πεπλήρωται·

412 2103 618 2156 riosum
661 2111 714 2157 et
751 2104 1107 2159 admiratione
1142 2106 1365 2176 dignum
1420 2105 1784 2171 conspiciens,
1821 2105 1984 2174 hujus

2088 2090 2242 2162 ἡνίκα
2274 2087 2382 2160 γὰρ
2416 2087 2564 2157 αύτῷ
2601 2086 2770 2140 ἔδωκε
2813 2081 3144 2150 Πτολεμαῖος
3181 2077 3282 2176 τὴν
3323 2074 3462 2176 ἰδίαν
3495 2072 3665 2176 θυγα-

409 2196 682 2251 desiderio
712 2207 922 2267 captus,
960 2197 1186 2252 subdole
1211 2163 1340 2252 cum
1379 2197 1687 2252 Alexandro
1711 2196 1874 2250 verba
1892 2163 1986 2250 ⁷ία-

2088 2183 2237 2255 τέρα,
2290 2180 2660 2251 ἐπιστρέφων·
2684 2172 2790 2229 εἶδε
2831 2173 2938 2246 τὴν
2980 2165 3252 2242 βασιλείαν
3314 2163 3661 2235 Ἀλεξάνδρου

409 2289 613 2354 ciebat,
634 2258 1092 2359 quemadmodum
1119 2291 1197 2344 ait
1218 2288 1496 2360 Scriptura
1527 2308 1540 2342 :
1569 2289 1638 2344 Et
1659 2291 1728 2343 ad
1752 2306 1984 2344 mensam

2088 2272 2425 2356 θαυμαστὴν,
2467 2272 2560 2323 καὶ
2600 2268 2806 2334 ἔνδοξον
2827 2263 2948 2337 χῆς
2977 2262 3348 2331 κατεπίθυμος
3375 2258 3664 2328 γενόμενος

411 2381 745 2434 mendacium
783 2382 1061 2452 loquentur
1105 2385 1210 2437 duo
1255 2399 1420 2454 reges.
1466 2384 1545 2437 Ac
1571 2398 1703 2438 sane
1733 2397 1984 2438 reversus

411 2472 735 2528 Ptolemaeus
766 2474 821 2527 in
851 2473 1168 2545 Egyptum,
1219 2491 1344 2530 cum
1378 2476 1648 2546 ingentem
1686 2475 1982 2530 exercitum

409 2572 805 2632 comparasset,
841 2564 1030 2619 urbem
1075 2565 1294 2629 invasit,
1322 2581 1432 2634 quo
1467 2574 1708 2634 tempore
1749 2565 1986 2619 Alexan-

411 2655 508 2709 der
536 2655 814 2726 profectus
842 2656 1019 2712 fuerat
1050 2659 1104 2712 in
1131 2657 1400 2712 Ciliciam.

480 2809 745 2865 XXXVII.
789 2811 1153 2878 Quamobrem
1193 2827 1319 2868 cum
1352 2813 1628 2882 regionem
1662 2810 1986 2866 Ptolemaeus

415 2901 714 2969 invaderet,
746 2903 996 2972 praesidia
1036 2918 1131 2972 per
1170 2903 1333 2958 urbes
1370 2903 1659 2973 disposuit,
1690 2901 1987 2972 Judaaaque

413 3000 698 3060 occupata,
740 2992 806 3046 ad
836 2993 1000 3047 ﬁliam
1037 2995 1116 3047 ire
1144 2993 1400 3062 perrexit,
1439 3009 1503 3048 ac
1541 2994 1748 3048 litteras
1783 2993 1849 3047 ad
1877 2992 1984 3048 De-

416 3084 672 3137 metrium
703 3084 756 3138 in
788 3085 982 3140 insulis
1023 3086 1194 3151 misit,
1231 3084 1455 3140 dicens:
1489 3084 1776 3156 Egredere,
1816 3095 1868 3139 et
1893 3100 1984 3139 ac-

417 3175 548 3231 cede
584 3179 710 3244 huc,
751 3187 803 3234 et
834 3179 976 3234 dabo
1001 3178 1095 3234 tibi
1139 3180 1305 3235 ﬁliam
1345 3179 1687 3250 Cleopatram
1723 3193 1982 3244 uxorem;

2088 2351 2329 2426 ὑπούλως
2367 2361 2543 2415 ἐλάλει
2580 2359 2657 2430 τῷ
2702 2357 3032 2429 Ἀλεξάνδρῳ
3077 2356 3152 2418 ὡς
3199 2353 3346 2422 λέγει
3376 2353 3410 2422 ἡ
3446 2350 3661 2421 Γραφή⁶

2083 2455 2194 2511 Καὶ
2235 2453 2333 2508 ἐπὶ
2368 2450 2656 2520 τραπέζης
2688 2448 2884 2519 ψευδῆ
2917 2445 3303 2512 λαλήσουσιν
3343 2441 3664 2512 ἀμφότεροι

2079 2544 2394 2611 βασιλεῖς·
2428 2543 2524 2595 καὶ
2569 2541 2633 2612 δὴ
2670 2537 2952 2611 πορευθεὶς
2981 2535 3313 2604 Πτολεμαῖος
3363 2533 3445 2594 είς
3496 2530 3664 2597 Αἴγυ-

2085 2658 2238 2704 πτον,
2279 2637 2374 2692 κοιλ¹
2401 2635 2836 2707 στρατολογήσας
2861 2629 3089 2700 δύναμιν
3116 2626 3335 2698 πολλὴν,
3364 2623 3563 2693 ἐπῆλθε
3593 2625 3661 2692 τῇ

2085 2729 2236 2784 πόλει
2270 2715 2430 2798 ἡνίκα
2469 2714 2811 2793 Ἀλέξανδρος
2841 2717 3109 2792 ἐπορεύθη
3143 2719 3223 2780 εἰς
3243 2715 3518 2768 Κιλικίαν.

2155 2817 2419 2872 XXXVII.
2475 2814 2799 2868 ‘Em6a‘ivwv
2830 2812 3010 2866 τοίνυν
3041 2812 3069 2864 ὁ
3107 2807 3438 2878 Πτολεμαῖος
3461 2807 3528 2876 τῇ
3555 2802 3668 2874 χώ-

2088 2930 2178 2986 ρᾳ,
2213 2908 2452 2983 φρὸυρὰν
2504 2905 2661 2971 ἔταξε
2705 2904 2847 2960 κατὰ
2887 2904 3088 2967 πόλεις,
3123 2902 3404 2973 κρατήσας
3456 2915 3516 2951 τε
3564 2897 3666 2966 τῆς

2099 3001 2376 3063 Ἰουδαίας,
2403 2994 2537 3070 ἦλθε
2571 2996 2706 3069 πρὸς
2731 2992 3156 3066 τῆν’θυχατέρα,
3191 2990 3285 3043 καὶ
3317 2985 3665 3054 ἐξαπέστειλε

2087 3094 2390 3164 γράμματα
2421 3090 2559 3162 πρὸς
2602 3075 2911 3159 Ᾱημήτριον
2954 3087 3010 3137 ὲν
3049 3087 3168 3149 ταῖς
3209 3084 3414 3153 νήσοις,
3455 3080 3661 3148 λέγων·

2087 3184 2267 3250 ἔξελθε
2295 3182 2390 3236 καὶ
2421 3180 2540 3234 ἐλθὲ
2579 3179 2787 3244 ἐνθάδε,
2825 3178 2918 3232 καὶ
2950 3175 3104 3230 δώσω
3146 3193 3228 3228 σοι
3263 3175 3360 3245 τὴν
3387 3172 3666 3244 θυγατέρα

414 3268 720 3325 Alexander
746 3271 892 3326 enim
927 3287 1012 3326 me
1042 3272 1345 3328 interﬁcere
1378 3274 1650 3344 quaesivit.
1686 3271 1844 3327 Venit
1888 3273 1986 3344 igi-

2093 3273 2206 3347 μου”
2219 3274 2572 3346 Κλεοπάτραν
2597 3275 2677 3336 εἰς
2698 3271 2952 3340 γυναῖκα,
2981 3270 3063 3322 ὅτι
3096 3265 3442 3336 Ἀλέξανδρος
3469 3263 3666 3334 ἐζήτη-

417 3367 509 3410 tur
532 3357 859 3427 Demetrius,
888 3371 944 3416 et
985 3378 1109 3418 cum
1138 3363 1465 3420 Ptolemaeus
1495 3381 1618 3420 eum
1661 3364 1984 3434 excepisset,

418 3449 582 3505 ﬁliam
612 3467 859 3519 uxorem,
897 3470 1020 3524 qua:
1053 3463 1167 3510 erat
1194 3456 1509 3521 Alexandri,
1543 3457 1643 3526 ipsi
1672 3457 1782 3511 dat.
1820 3456 1991 3512 Perti-

417 3543 561 3598 citur
627 3545 772 3614 quod
814 3545 1017 3601 dictum
1057 3557 1178 3602 est:
1216 3546 1286 3602 Et
1314 3557 1610 3618 corrumpet
1638 3565 1776 3612 eam,
1805 3559 1853 3602 et
1885 3564 1989 3602 non

417 3635 582 3704 ipsius
604 3637 722 3690 erit.
755 3636 948 3694 Occiso
969 3639 1298 3707 Alexandro,
1323 3639 1649 3696 Ptolemaaus
1669 3640 1776 3696 duo
1801 3657 1986 3711 regum

420 3726 650 3796 insignia
686 3728 850 3797 capiti
883 3744 985 3783 suo
1022 3729 1273 3798 imponit,
1315 3728 1484 3802 Syriae
1508 3730 1713 3785 scilicet
1736 3739 1790 3784 ct
1823 3729 1990 3801 Egy-

418 3815 515 3885 pti,
549 3817 748 3886 quibus
777 3817 1059 3872 redimitus
1090 3817 1177 3872 die
1206 3817 1362 3872 tertia
1393 3833 1424 3872 c
1448 3815 1584 3871 vivis
1610 3817 1841 3872 excedit.
1873 3816 1986 3868 Ad-

419 3907 676 3976 impletur
704 3906 850 3978 quod
877 3907 1184 3978 expositum
1217 3916 1300 3962 est
1333 3907 1386 3960 in
1417 3907 1738 3976 Scriptura:
1776 3903 1846 3958 Et
1885 3921 1988 3958 non

419 4000 616 4055 dabunt
651 4000 700 4054 ei
728 3999 972 4054 honorem
1015 4001 1188 4072 regni;
1226 4007 1476 4054 mortuus
1504 4007 1587 4054 est
1612 3997 1779 4064 enim,
1812 4011 1989 4068 neque

419 4093 488 4148 ab
509 4092 764 4148 omnibus
797 4101 856 4148 ut
888 4092 983 4148 rex
1013 4092 1272 4148 honorem
1305 4091 1529 4162 accepit.

492 4271 776 4328 XXXVIII.
821 4273 958 4330 Cum
1013 4274 1178 4346 igitur
1219 4284 1529 4330 enarrasset
1576 4273 1835 4344 propheta
1865 4291 1988 4345 quae

417 4363 529 4432 jam
560 4365 874 4420 acciderunt
909 4380 969 4420 ac
1001 4366 1335 4435 temporibus
1368 4375 1496 4421 sunt
1535 4367 1789 4435 perlecta,
1839 4367 1986 4422 aliud

422 4457 578 4512 nobis
610 4456 927 4528 mysterium
973 4473 1164 4516 rursus
1215 4458 1476 4528 praedicit,
1519 4460 1817 4515 novissima
1853 4469 1985 4514 tem-

421 4564 554 4620 pora
607 4549 1017 4614 demonstrans;
1069 4550 1143 4604 ita
1187 4552 1330 4605 enim
1376 4551 1661 4621 loquitur:
1699 4550 1764 4604 Et
1811 4561 1984 4620 surget

422 4641 560 4696 alius
613 4655 704 4693 rex
751 4641 1047 4710 impudens,
1082 4651 1131 4695 et
1157 4641 1447 4696 elevabitur
1491 4643 1738 4696 adversus
1785 4659 1986 4696 omnem

422 4731 615 4794 Deum,
648 4741 697 4785 et
735 4731 1184 4801 magniﬁcabitur,
1229 4746 1276 4788 et
1318 4733 1558 4804 loquetur
1592 4735 1894 4805 magniﬁca,
1938 4746 1988 4790 et

423 4825 704 4896 dirigetur,
751 4824 914 4878 donec
954 4825 1277 4895 compleatur
1328 4827 1629 4893 iracundia,
1681 4837 1787 4883 etc.
1844 4826 1912 4880 Et
1935 4829 1989 4882 lii

421 4915 765 4973 salvabunlur
787 4917 850 4972 de
880 4931 1038 4969 manu
1072 4917 1184 4986 ejus
1212 4915 1400 4981 Edam,
1426 4927 1476 4972 et
1503 4917 1678 4983 Moab,
1710 4929 1758 4973 et
1792 4919 1993 4990 princi-

421 5009 570 5083 pium
596 5007 829 5077 ﬁliorum
863 5008 1108 5062 Ammon.
1138 5007 1207 5063 Et
1239 5012 1482 5064 extendet
1513 5027 1724 5064 manum
1758 5028 1910 5066 suam
1937 5013 1994 5066 in

494 5163 606 5239 (70)
641 5165 1014 5239 Alexandrum
1045 5168 1067 5219 Ι
1099 5165 1346 5239 intelligit
1370 5166 1539 5239 Syria:
1559 5184 1762 5239 regem,
1790 5169 1856 5224 de
1882 5185 1992 5239 quo

422 5235 605 5309 liberl
639 5235 912 5309 Hachab..
943 5252 1062 5309 c_ap.
1092 5253 1148 5292 x.
1181 5237 1233 5293 Is
1259 5235 1385 5309 licet
1411 5235 1662 5294 Antioclii
1697 5235 1994 5309 Epiphanis

422 5307 570 5362 Illius
614 5307 681 5360 ab
725 5317 917 5362 senatu
951 5306 1108 5363 Rom.
1150 5309 1314 5362 etiam
1350 5308 1590 5373 habitus,
1624 5306 1885 5364 incertam
1914 5320 1996 5364 ta-

425 5377 844 5450 menoriginem
875 5379 956 5432 vel
991 5379 1102 5446 ipse
1136 5379 1374 5450 agnovit,
1405 5396 1527 5434 cum
1566 5381 1860 5448 Theopalor
1889 5380 1993 5435 dici

423 5447 618 5500 voluit.
672 5447 826 5519 Livio
873 5459 949 5501 est
989 5450 1143 5502 homo
1173 5447 1406 5518 ignotus,
1448 5460 1497 5504 et
1539 5447 1751 5504 incerta:
1787 5452 1995 5519 stirpis;

426 5519 674 5596 adeoque
726 5516 1044 5596 Hippolytus
1059 5591 1068 5596 Δ
1083 5516 1288 5590 martyr
1308 5520 1602 5596 guemclam
1635 5516 1994 5596 Alemandrum

425 5587 694 5667 scripsitn
717 5597 776 5667 ut
805 5605 872 5641 ex
901 5587 1104 5667 codicis
1148 5587 1836 5667 marginePnilippi/ilius
1863 5592 1997 5646 irre-

424 5656 607 5728 psisse
646 5656 913 5728 videatur.
958 5659 1108 5712 Alios
1135 5656 1355 5728 quoq—ue
1384 5656 1868 5723 titulos'adliibuit,
1903 5676 1995 5715 ve-

425 5725 524 5794 luti
561 5725 851 5798 Euergetis,
871 5743 934 5782 ac
964 5728 1131 5792 Balte,
1152 5725 1342 5798 qui'ad
1375 5739 1598 5784 matrem
1631 5731 1768 5786 falso
1795 5732 1998 5786 relatus

425 5805 528 5851 est.
563 5795 769 5870 Nedum
807 5799 1008 5870 quippe
1048 5799 1100 5854 in
1139 5795 1380 5870 Oriente,
1413 5801 1504 5854 sed
1535 5810 1589 5854 et
1614 5803 1754 5870 apud
1782 5803 1998 5858 Graecos

427 5882 528 5937 pro
562 5867 711 5940 regio
738 5867 785 5924 is
816 5867 1005 5926 titulus
1030 5877 1114 5925 est
1144 5869 1383 5939 habitus,
1419 5871 1580 5926 veluti
1607 5867 1747 5942 apud
1773 5871 1998 5944 [Eschy-

2091 3381 2182 3417 σεν
2222 3363 2538 3419 ἀποκτεῖναί
2571 3381 2638 3435 με
2657 3379 2671 3394 ·
2703 3360 3130 3447 ἔρχεταιῧτοίνυν
3155 3347 3183 3412 ὁ
3211 3357 3541 3428 Δημήτριος,
3569 3353 3667 3408 καὶ

2088 3456 2268 3511 λαϐὼν
2300 3458 2328 3508 ὁ
2361 3455 2688 3527 Πτολεμαῖος
2743 3454 2958 3508 δίδωσιν
3019 3450 3167 3522 αύτῷ
3216 3451 3314 3522 τὴν
3367 3449 3667 3518 γενομένην

2101 3547 2474 3618 Ἀλεξάνδρου·
2510 3544 2808 3617 πληροῦται
2837 3543 2898 3596 τὸ
2927 3541 3248 3613 εἰρημένον·
3291 3538 3403 3594 Kal
3431 3537 3669 3606 διαφθε-
3738 3603 3746 3617 .

2081 3639 2178 3708 ρεῖ
2203 3639 2414 3707 αὐτὴν,
2454 3637 2554 3693 καὶ
2592 3639 2703 3691 οὐκ
2748 3635 2933 3691 αὐτοῦ
2983 3634 3176 3688 ἔσται.
3255 3632 3582 3702 ’Δναιρεῖται
3637 3631 3668 3682 ὁ

2101 3727 2443 3798 Ἀλέξανδρος
2465 3744 2478 3756 ·
2511 3724 2844 3797 περιτίθεται
2876 3723 2943 3777 τὰ
2969 3723 3061 3776 δύο
3084 3722 3385 3793 διαδήματα
3411 3722 3440 3773 ὁ
3469 3719 3670 3773 Πτολε-

2093 3823 2271 3891 μαῖος,
2307 3819 2504 3890 Συρίας
2541 3818 2635 3872 καὶ
2677 3817 2974 3888 Αἰγύπτου,
3011 3815 3169 3868 ἅτινα
3203 3813 3558 3886 περιθέμενος
3597 3815 3665 3884 τῇ

2087 3911 2243 3982 τρίτῃ
2271 3910 2452 3981 ἡμέρᾳ.
2482 3909 2738 3980 τελευτᾷ·
2776 3906 3074 3979 πληροῦται
3105 3905 3165 3959 τὺ
3194 3905 3481 3977 εἰρημένον
3513 3905 3571 3955 ὲν
3595 3907 3665 3975 τῇ

2088 4003 2280 4075 Γραφῇ
2300 4019 2313 4031 ·
2350 4001 2461 4056 Kal
2490 4003 2560 4056 οὺ
2590 4000 2895 4055 δώσουσιν
2921 3997 3082 4063 αὐτῷ
3108 3996 3296 4061 δόξαν
3317 3996 3661 4062 βασιλείας·

2089 4093 2324 4149 ἀπέθανε
2367 4094 2497 4166 γὰρ,
2541 4094 2637 4148 καὶ
2674 4093 2775 4146 οὐκ
2809 4091 2966 4147 ἔλαϐε
2998 4090 3156 4156 δόξαν
3189 4089 3295 4142 ὑπὸ
3337 4088 3556 4143 πάντων
3589 4090 3666 4154 ὡς

2092 4185 2362 4256 βασιλεύς.

2159 4276 2448 4331 XXXVIII.
2489 4276 2897 4350 Διήγησὰμενος
2931 4271 3023 4330 οῦν
3066 4276 3097 4328 ὁ
3130 4276 3419 4347 προφήτης
3461 4273 3530 4328 τὰ
3562 4275 3661 4346 ήδη

2091 4370 2370 4442 συμϐάντα
2396 4370 2490 4423 καὶ
2523 4369 2733 4441 χρόνοις
2765 4367 3103 4433 τελεσθέντα,
3131 4368 3318 4441 ἓτερον
3345 4367 3507 4420 πάλιν
3532 4368 3660 4434 ἡμῖν

2093 4464 2389 4534 μυστήριον
2421 4460 2800 4531 καταγγέλλει,
2841 4463 3083 4530 ἐσχάτων
3111 4459 3317 4530 καιρῶν
3344 4459 3658 4528 ποιούμενος

2091 4553 2331 4619 ἔνδειξιν,
2364 4554 2514 4621 λέγει
2535 4552 2641 4623 γὰρ
2666 4551 2837 4616 οῦτως
2855 4570 2868 4582 ·
2889 4551 2997 4606 Καὶ
3027 4548 3440 4616 ἀναστήσεται
3465 4550 3658 4616 ἕτερος

2086 4633 2386 4711 ,βασιλεὺς
2428 4642 2708 4710 ἀναιδής·
2762 4643 2859 4697 καὶ
2902 4641 3286 4712 ὑψωθήσεται
3328 4641 3430 4696 ἐπὶ
3469 4640 3662 4695 πάντα

2096 4737 2262 4800 Θεὸν,
2299 4735 2396 4790 καὶ
2423 4735 2966 4805 μεγαλυνθήσεται,
3003 4733 3100 4788 καὶ
3129 4732 3386 4800 λαλήσει
3410 4732 3664 4802 ὑπέρογ-

2094 4845 2190 4892 κα,
2219 4828 2316 4881 καὶ
2362 4827 2728 4892 κατευθυνεῖ,
2767 4826 2977 4898 μέχρις
3017 4821 3087 4882 οὗ
3145 4824 3528 4893 συντελεσθῇ
3569 4825 3666 4894 ὀρ-

2093 4919 2194 4989 γὴ,
2227 4919 2322 4973 καὶ
2348 4919 2414 4973 τὰ
2447 4917 2603 4990 ἑξῆς·
2629 4918 2727 4974 καί
2756 4915 2920 4975 οὗτοι
2946 4917 3421 4986 διασωθήσσνται
3451 4919 3521 4972 ἐκ
3548 4935 3667 4987 χει-ο

2088 5013 2199 5082 ρὸς
2245 4995 2458 5067 αὐτοῦ’
2488 5012 2696 5084 Ἐδὼμ,
2754 5012 2852 5067 και
2907 5011 3101 5076 Μωὰϐ,
3154 5010 3254 5064 καὶ
3310 5009 3468 5079 ἀρχὴ
3521 5009 3667 5065 υιῶν

2095 5173 2231 5236 lum,
2282 5170 2538 5241 Βαλὴν,ἀ
2579 5172 2728 5241 χαῖος
2777 5169 2984 5241 Βαλήν·
3049 5167 3092 5222 Ο
3140 5182 3253 5230 rex,
3309 5169 3520 5238 antique
3570 5181 3662 5219 rex

2099 5242 2289 5295 lPers.
2319 5281 2336 5295 .
2394 5258 2447 5294 v.
2506 5188 2668 5295 6g9l.
2713 5241 2896 5295 Ibique
2936 5238 3318 5293 Scholiastes:
3368 5237 3576 5295 Βαλὴν
3631 5239 3659 5289 ὁ

2141 5242 2289 5296 Pers.
2319 5281 2336 5306 ,
2394 5237 2447 5294 v.
2506 5237 2668 5311 659).
2713 5237 3270 5311 Ibique'Scboliastes
3300 5255 3318 5311 _:
3368 5237 3576 5311 Ba.th
3607 5239 3659 5311 _6

2141 5249 2289 5296 Pers.
2319 5281 2336 5306 ,
2394 5258 2447 5294 v.
2506 5249 2668 5311 659).
2713 5249 2896 5309 Ibique
2936 5249 3318 5293 Scholiastes:
3368 5249 3576 5304 Βαλην
3631 5249 3659 5289 ο

2099 5249 2642 5388 ἕατιλεὺς-λέγεται.
2693 5309 2974 5388 Ὲξύςρορίων
3017 5309 3074 5361 δέ
3106 5325 3245 5388 ,φησι
3287 5308 3526 5388 Θουρίων
3581 5303 3660 5387 εἷ-

2098 5377 2185 5436 ναι
2238 5382 2334 5454 τὴν
2362 5377 2655 5454 διάλεκτον.
2703 5377 2892 5454 Balen,
2938 5395 3036 5454 recc
3084 5377 3322 5454 dicitur:
3360 5377 3660 5454 Euphorion

2100 5465 2275 5506 autem
2293 5449 2330 5506 ἐ
2359 5452 2671 5506 Thuriorum
2706 5452 2887 5520 repetit
2911 5450 3157 5520 dialectq.
3189 5449 3658 5520 Quemadmodum

2098 5547 2228 5586 vero
2263 5531 2389 5585 Baal
2419 5540 2472 5584 et
2510 5530 2668 5585 Belus
2704 5511 2770 5584 ex
2797 5529 2984 5584 eodem
3008 5537 3090 5584 cst
3125 5511 3232 5593 ι)νᾶ
3255 5529 3366 5584 sive
3390 5511 3479 5591 5:,
3509 5528 3579 5580 ita
3617 5527 3663 5582 is

2099 5602 2397 5656 Alexander
2430 5601 2633 5664 Balles,
2668 5609 2762 5653 aut
2804 5599 2955 5654 Beles
2982 5600 3142 5652 etiam
3171 5600 3390 5654 dicitur.
3417 5597 3664 5652 Justinus

2101 5671 2536 5753 pariterBalam
2577 5671 2878 5753 quemdam,
2911 5679 2977 5753 ut
3099 5668 3446 5753 Hippolytus,
3483 5668 3662 5753 ipsum

2102 5735 2355 5812 appellat.
2385 5735 2602 5796 Nummi
2634 5756 2756 5795 cum
2785 5741 2904 5810 ejus
2929 5748 2984 5795 et
3012 5735 3316 5812 Cleopatrae
3343 5735 3528 5794 uxoris
3554 5735 3665 5792 eiii-

2102 5813 2514 5883 gie‘etiamnum
2542 5821 2774 5883 exstant.

2171 5881 2281 5951 (7|)
2333 5882 2621 5951 Ἀντιόχῳ,
2653 5881 2755 5952 leg.
2785 5879 3095 5954 Δημητρίῳ.
