4128 6412
388 443 492 498 δῶ

1546 442 1971 500 FRAGMENTA
2013 445 2079 500 IN
2114 447 2486 503 DANIELEM.

3526 450 3630 504 666

398 562 651 633 Ἀμμών.
706 563 813 615 Kal
863 561 1089 616 ἑκτενεῖ
1131 561 1245 629 τὴν
1291 561 1458 631 χεῖρα
1486 563 1671 617 αὑτοῦ
1708 563 1807 617 ἐπὶ
1847 565 1951 633 τὴν

2063 577 2292 633 terram;
2314 579 2363 622 et
2393 577 2533 622 terra
2570 567 2789 639 Aigypti
2816 585 2915 623 non
2950 569 3049 624 erit
3080 570 3133 622 in
3164 567 3528 623 saluationem.
3564 567 3629 620 Et

387 655 542 726 τῆν’
571 654 668 708 καὶ
694 655 733 722 ἠ
762 653 839 723 γῆ
866 655 1167 723 Αιγυπτον
1184 655 1295 708 οὐκ
1322 653 1493 708 ἔσται
1522 656 1609 721 εὶς
1636 656 1953 723 σωτηρίαν’

387 748 490 801 καὶ
540 746 843 815 κυριεύσει
887 745 956 798 ἐν
996 744 1120 811 τοῖς
1151 744 1516 814 ἀποκρύφοις
1546 745 1650 799 τοῦ
1678 746 1955 815 χρυσίου,

2060 659 2423 714 dominabitur
2450 661 2505 713 in
2530 659 2851 714 absconditis
2880 661 3000 714 auri
3040 671 3089 715 et
3114 661 3337 731 argenti,
3363 669 3412 713 et
3436 661 3492 713 in
3514 676 3628 713 om-

2059 748 2212 803 nibus
2245 751 2487 818 pretiosis
2519 749 2762 821 zEgypti,
2801 760 2850 805 et
2880 751 3123 822 Libyam,
3150 760 3200 806 et
3232 751 3548 822 [Ethiopian
3572 752 3627 805 in

388 839 488 892 καὶ
520 838 628 893 τοῦ
660 836 967 906 ἀργυρίου,
1001 836 1099 889 καὶ
1130 833 1279 890 πᾶσι
1311 835 1433 902 τοῖς
1463 836 1843 906 ἐπιθυμητοῖς
1868 840 1951 891 Al-

2057 843 2465 914 propugnaculis
2489 859 2689 897 eorum.

384 930 639 998 τύπτου,
669 928 766 983 καὶ
796 928 1045 992 Λιϐύων,
1084 926 1182 981 καὶ
1215 927 1511 982 Αἰθιόπων
1548 927 1618 981 ἐν
1657 926 1783 994 τοῖς
1812 929 1957 997 ὀχυ-

378 1019 657 1091 ρώμασιν
684 1019 904 1075 αὐτῶν.
1864 1038 1871 1045 ·

455 1132 702 1209 XXXIX.
744 1133 930 1188 Ταῦτα
957 1133 1057 1206 μὲν
1077 1128 1172 1188 οῦν
1195 1131 1368 1197 οὕτως
1389 1134 1417 1187 6
1441 1132 1725 1204 προφήτης
1756 1131 1958 1203 διηγεί-

381 1242 474 1279 ται
504 1225 633 1298 ιιηεερλ⁸
660 1225 754 1279 τοῦ
791 1225 1178 1297 Ἀντιχρίστου,
1204 1225 1263 1289 ὃς
1283 1224 1435 1278 ἔσται
1463 1223 1702 1295 ἀναιδὴς,
1728 1222 1958 1293 πολεμο-

382 1317 585 1389 τρόφος
641 1318 734 1371 καὶ
770 1316 1063 1391 τύραννος,
1086 1317 1146 1382 ὃς
1181 1318 1322 1389 ὑπὲρ
1343 1317 1548 1381 πάντας
1583 1308 1834 1388 βασιλεῖς,
1862 1315 1957 1370 καὶ

383 1408 568 1462 πάντα
607 1402 740 1463 θεὸν
780 1408 1059 1481 ἐπαρθεὶς,
1094 1406 1438 1480 οἰκοδομήσει
1477 1406 1572 1479 τὴν
1607 1403 1958 1480 Ἰερουσαλὴμ

381 1500 561 1566 πόλιν,
595 1501 808 1560 καὶτὸν
836 1503 961 1555 ναὸν
995 1502 1316 1572 ἀναστήσει·
1350 1499 1524 1571 τούτῳ
1556 1500 1958 1571 προσκυνήσου-

380 1609 467 1646 σιν
508 1592 585 1656 ὡς
624 1591 744 1664 Θεῷ
780 1594 828 1645 ol
871 1590 1134 1656 ἀπειθεῖς,
1174 1591 1270 1645 καὶ⁹
1311 1590 1482 1660 τούτῳ
1509 1590 1638 1659 γόνυ
1663 1588 1953 1654 κλινοῦσιν,

380 1680 737 1747 ὑπονοοῦντες
776 1682 937 1736 αὐτὸν
976 1677 1113 1735 εἶναι
1162 1680 1252 1735 τὸν
1285 1681 1550 1752 Χριστόν·
1584 1675 1738 1745 οὗτος
1779 1678 1959 1734 ἀνελεῖ

377 1772 506 1835 τοὺς
531 1771 625 1826 δύο
662 1773 963 1844 μάρτυρας,
1003 1770 1096 1825 καὶ
1123 1769 1460 1853 προδρομους
1484 1771 1720 1842 Χριστοῦ
1748 1770 1954 1843 κηρύσ-

380 1880 577 1929 σοντας
603 1864 700 1937 τὴν
739 1864 946 1933 ἔνδοξον
974 1864 1137 1918 αὐτοῦ
1170 1867 1264 1919 ἀπ’
1295 1865 1538 1937 οὐρανῶν
1564 1865 1856 1936 βασιλείαν·
1877 1865 1954 1930 ὡς

376 1955 561 2027 λέγει’
598 1959 708 2013 Kal
738 1958 908 2013 δώσω
928 1960 1053 2028 τοῖς
1081 1960 1224 2015 δυσὶ
1248 1958 1511 2029 μάρτυσί
1529 1976 1670 2030 μου,
1694 1959 1793 2013 καὶ
1819 1974 1952 2027 προ⁴

375 2052 795 2120 φητεύσουσιν
821 2052 1047 2122 ἡμέρας
1072 2052 1274 2122 χιλίας
1302 2036 1614 2116 διακοσίας
1637 2049 1948 2116 ἐξήκοντα,

375 2144 867 2213 περιϐεϐλημένοι
925 2144 1233 2212 σάκκους·
1286 2143 1468 2209 καθὼς
1513 2145 1605 2220 καὶ
1644 2142 1724 2214 τῷ
1757 2142 1951 2214 Δανιὴλ

375 2234 613 2309 εἴρηκεν
630 2236 739 2291 Καὶ
769 2230 1041 2306 διαθήσει
1076 2235 1369 2304 διαθήκην
1397 2230 1669 2301 πολλοῖς,
1697 2232 1951 2303 ἑϐδομὰς

369 2328 501 2396 μία,
559 2327 657 2381 καὶ
695 2328 867 2383 ἔσται
893 2328 963 2383 ἐν
989 2327 1070 2395 τῷ
1107 2329 1313 2398 ἡμίσει
1339 2325 1449 2396 τῆς
1473 2325 1815 2397 ἑϐδομάδος,
1848 2327 1952 2394 ἀρ·

374 2418 631 2486 θήσεται
650 2437 771 2490 μου
796 2422 835 2490 ἡ
866 2421 1069 2487 θυσία,
1109 2421 1205 2475 καὶ
1236 2422 1275 2491 ἡ
1304 2417 1564 2488 σπονδὴ,
1588 2419 1674 2473 ἴνα
1698 2418 1881 2490 δειχθῇ
1915 2420 1949 2489 ἡ

304 2548 310 2554 -
377 2510 479 2582 μία
520 2510 757 2582 ἑϐδομὰς
787 2513 868 2576 εις
897 2511 990 2566 δύο
1021 2510 1526 2584 μεριζομένηολτῶν
1560 2510 1658 2582 μὲν
1686 2509 1779 2563 δύο
1810 2527 1951 2583 μαρ-

373 2598 559 2673 τύρων
605 2600 732 2673 τρία
784 2602 954 2674 ἥμισυ
994 2601 1088 2675 ἐτη
1126 2598 1650 2674 κηρυσσόντων,τοῦ
1683 2600 1740 2654 δὲ
1779 2601 1951 2655 Ἀντι-

374 2694 620 2767 χρία-του,
643 2694 706 2749 τὸ
733 2682 1015 2749 ἐπίλοιπον
1040 2696 1141 2767 τῆς
1164 2681 1454 2765 ἑβδομάδος
1480 2694 1606 2757 τοὺς
1634 2692 1822 2762 ἁγίους
1838 2711 1947 2746 -πο-

373 2787 687 2862 λεμοῦντος,
727 2791 934 2844 καὶτὸν
966 2774 1168 2860 κόσμον
1194 2788 1546 2861 ἐρημοῦντος,
1577 2788 1663 2841 ἴνα
1688 2786 1946 2859 πληρωθῇ

372 2880 432 2933 τὸ
456 2879 750 2952 εἰρημένον
768 2896 783 2910 ·
827 2879 939 2935 Καὶ
975 2878 1241 2934 δώσουσι
1263 2877 1949 2965 ,ϐδέλυγμαῠὲρημώσεως

373 2969 604 3040 ἡμέρας
633 2971 834 3041 χιλίας
858 2970 1172 3037 διακοσίας
1198 2970 1581 3038 ἐνενήκοντα.

441 3061 560 3116 XL.
599 3062 704 3116 Δύο
742 3058 835 3117 οὖν
884 3062 1226 3134 βδελύγμιτα
1263 3062 1452 3135 εἴρηκε
1496 3061 1714 3133 Δανιὴλ,
1753 3059 1813 3114 ἓν
1850 3059 1948 3131 μὲν

2123 1125 2368 1182 XXXIX.
2410 1126 2537 1183 Htec
2566 1128 2729 1198 igitur
2769 1131 3031 1200 propheta
3069 1130 3142 1185 ita
3172 1140 3392 1187 enarrat
3421 1132 3485 1186 de
3511 1133 3624 1187 An.

2055 1212 2325 1278 tichristo,
2353 1215 2446 1283 qui
2472 1216 2576 1269 erit
2601 1217 2909 1285 impudens,
2942 1218 3067 1272 belli
3106 1220 3319 1287 avidus,
3356 1231 3410 1276 et
3431 1230 3618 1293 tyran-

2055 1320 2180 1371 nus,
2211 1307 2302 1375 qui
2335 1321 2498 1376 super
2528 1323 2719 1363 omnes
2757 1325 2911 1379 reges
2942 1326 3268 1381 omnemque
3301 1311 3468 1367 Deum
3505 1314 3620 1368 ela—

2055 1404 2165 1460 tus,
2200 1398 2384 1451 urbem
2418 1396 2720 1453 Jerusalem
2766 1401 3063 1469 reparabit,
3105 1391 3162 1456 et.
3188 1403 3443 1471 templum
3476 1403 3623 1458 exci-

2054 1487 2221 1553 tabit;
2250 1488 2397 1543 hunc
2420 1488 2726 1544 adorabunt
2751 1492 2918 1546 veluti
2942 1491 3110 1547 Deum
3142 1493 3464 1558 refractarii,
3496 1493 3623 1549 huic

2056 1575 2435 1648 genuﬂectent,
2463 1579 2840 1635 existimantes
2862 1581 3037 1651 ipsum
3061 1597 3182 1636 esse
3200 1580 3508 1647 Christum;
3534 1583 3622 1636 hic

2054 1663 2193 1718 duos
2217 1673 2379 1720 testes
2406 1673 2461 1720 et
2487 1665 2689 1721 Christi
2718 1684 3101 1737 praecursores,
3132 1671 3424 1739 gloriosum
3450 1672 3622 1741 ipsius

2054 1769 2085 1809 e
2116 1755 2271 1811 caelis
2303 1771 2525 1825 regnum
2550 1759 2933 1827 praedicantes,
2966 1762 3031 1815 de
3058 1761 3236 1816 medio
3277 1762 3450 1827 tollet;
3480 1763 3624 1817 sicut

2054 1832 2169 1903 ait:
2204 1848 2274 1903 Et
2305 1849 2440 1904 dabo
2480 1851 2681 1904 duobus
2717 1851 2934 1905 testibus
2967 1854 3115 1919 meis,
3152 1862 3201 1907 et
3241 1854 3621 1924 prophetabunt

1984 1921 2232 1993 Bdiebus
2284 1941 2430 1995 mille
2488 1941 2728 1996 ducentis
2785 1944 3082 2013 sexaginta,
3147 1921 3345 1998 amicti.
3383 1945 3618 2011 saccis‘;

2050 2034 2506 2102 quemadmodum
2535 2042 2590 2087 et
2616 2032 2826 2089 Danieli
2863 2035 2999 2090 dixit
3029 2055 3042 2090 :
3071 2032 3142 2089 Et
3171 2037 3507 2105 confirmabit
3525 2055 3622 2107 pa-

2050 2132 2191 2177 ctum
2230 2124 2412 2178 multis
2444 2124 2772 2180 hcbdomada
2805 2143 2946 2194 una,
2981 2137 3030 2181 et
3057 2128 3158 2182 erit
3193 2128 3250 2181 in
3280 2128 3503 2182 dimidio
3528 2130 3621 2182 Ire-

2050 2215 2347 2280 bdomadis,
2377 2217 2647 2288 auferetur
2665 2219 2990 2288 sacriﬁcium
3016 2236 3188 2274 meum
3221 2232 3270 2274 et
3297 2219 3546 2287 libamen,
3565 2230 3625 2275 ut

2050 2307 2368 2363 ostendatur
2404 2324 2512 2363 una
2560 2309 2898 2365 hebdomada
2951 2311 3006 2364 in
3059 2311 3196 2366 duas
3231 2310 3428 2367 divisa.
3483 2309 3620 2365 Nam

2049 2395 2159 2452 duo
2182 2398 2400 2467 quidem
2435 2407 2599 2454 testes
2634 2400 2807 2454 tribus
2835 2416 2961 2455 cum
2989 2401 3215 2456 dimidio
3242 2403 3401 2457 annis
3427 2404 3623 2472 praedi-

2048 2491 2273 2558 cabunt,
2316 2491 2370 2546 in
2421 2492 2633 2561 reliquo
2682 2509 2810 2547 vero
2851 2495 3203 2550 hebdomada:
3250 2496 3621 2554 Antichristus

2048 2592 2270 2640 sanctos
2312 2583 2453 2638 bello
2494 2594 2871 2655 persequetur,
2917 2587 3286 2657 mundumque
3324 2588 3617 2656 desolabit,

2048 2686 2110 2732 ut
2130 2677 2508 2748 adimpleatur,
2543 2677 2687 2746 quod
2709 2677 2912 2732 dictum
2936 2689 3021 2733 est
3047 2698 3060 2733 :
3092 2678 3162 2732 Et
3189 2679 3387 2734 dabunt
3414 2681 3619 2736 abomi-

2049 2771 2314 2825 nationem
2357 2769 2699 2824 desolatiom's
2753 2769 2934 2824 diebus
2979 2772 3122 2826 mille
3162 2772 3400 2828 ducentis
3446 2791 3618 2830 nona-

2048 2861 2222 2932 ginta.

2115 3057 2231 3115 XL.
2275 3060 2418 3116 Duas
2456 3060 2622 3133 igitur
2662 3062 3097 3119 abominationes
3128 3064 3381 3135 praedixit
3405 3064 3617 3132 Daniel,

372 3152 708 3226 ἀφανισμοῦ,
736 3151 795 3207 ἓν
826 3153 882 3207 δὲ
910 3153 1274 3227 ἐρημώσεωςο
1305 3154 1356 3207 τί
1387 3153 1449 3207 τὸ
1485 3152 1807 3225 ἀφανισμοῦ,
1833 3153 1946 3207 ἀλλ’

2048 3164 2210 3206 unam
2224 3151 2440 3223 quidem
2454 3151 3089 3220 destructionis,alteram
3104 3168 3232 3208 vero
3243 3154 3617 3211 desolationis.

372 3246 403 3319 ἢ
436 3246 470 3300 ὃ
501 3245 728 3317 ἔστησεν
759 3246 877 3300 ἐκεῖ
912 3245 1056 3300 κατὰ
1082 3246 1173 3299 τὸν
1212 3245 1401 3317 καιρὸν
1435 3245 1734 3316 Ἀντίοχοςς
1773 3245 1868 3298 καὶ
1891 3245 1945 3298 τί

2048 3241 2306 3309 Quaenam
2321 3251 2402 3298 est
2415 3242 2505 3295 illa
2521 3242 2926 3311 destructionis,
2942 3244 3047 3300 nisi
3061 3260 3225 3314 quam
3243 3245 3315 3299 ibi
3328 3245 3392 3300 ad
3408 3255 3621 3316 tempus

369 3338 429 3392 τὸ
452 3338 558 3408 τῆς
600 3335 954 3410 ἐρημώσεως,
998 3337 1171 3410 ἀλλ’ἢ
1225 3337 1451 3391 καθόλου
1497 3337 1573 3401 ὡς
1621 3337 1889 3409 παρέσται
1918 3339 1948 3391 6

2048 3333 2239 3389 statuit
2261 3332 2599 3388 Antiochus?
2629 3348 2749 3403 quae
2776 3349 2905 3389 vero
2941 3334 3313 3399 desolationis,
3355 3334 3463 3390 nisi
3501 3351 3623 3406 quae

383 3427 789 3501 Ἀντίχριστος;
843 3428 956 3483 Kal
1001 3424 1168 3485 οὗτοι
1207 3427 1585 3495 σωθήσονται
1633 3429 1701 3482 ἐκ
1754 3426 1948 3496 χειρὸς

370 3522 586 3585 αὐτοῦ,
622 3518 830 3588 Έδὼμ,
856 3519 955 3576 καὶ
977 3504 1176 3582 Μωὰϐ,
1199 3516 1300 3572 καὶ
1325 3516 1481 3587 ἀρχὴ
1508 3517 1654 3574 υἱῶν
1692 3516 1944 3587 Ἀμμών.

372 3607 536 3668 Οὗτοι
565 3611 674 3681 γάρ
700 3614 837 3665 εἰσιν
881 3613 930 3666 oi
974 3610 1353 3683 συνερχόμενοι
1397 3609 1545 3681 αὐτῷ
1576 3610 1663 3664 διὰ
1693 3610 1792 3682 τὴν
1821 3625 1951 3679 συγ-

372 3704 612 3772 γένειαν,
636 3704 736 3777 ,καὶ
765 3703 988 3775 βασιλέα
1009 3704 1171 3759 αὐτὸν
1197 3703 1404 3776 πρῶτοι
1431 3702 1873 3776 ἀναγορεύοντες
1898 3702 1948 3757 οἱ

375 3794 479 3864 μὲν
529 3792 708 3865 Ἐδὼμ
750 3795 886 3847 εἰσὶν
917 3794 1021 3847 υἱοὶ
1060 3792 1229 3847 Ἠσαῦ
1255 3793 1304 3847 ol
1332 3792 1705 3856 κατοικοῦντες
1736 3792 1797 3846 τὸ
1825 3791 1950 3864 ὅρος

372 3885 570 3959 Σηείρ·
602 3884 777 3939 Μωὰϐ
812 3885 869 3938 δὲ
904 3886 999 3939 καὶ
1036 3885 1280 3958 Ἀμμὼν,
1310 3886 1359 3939 οἱ
1384 3887 1448 3939 ὲκ
1470 3884 1580 3939 τῶν
1601 3883 1693 3938 δύο
1726 3882 1951 3954 θυγατέ-

376 3995 487 4050 ρων
520 3977 686 4033 αὐτοῦ
715 3978 1120 4049 γεγεννημένοι,
1146 3978 1222 4042 ὡς
1246 3978 1340 4032 καὶ
1390 3977 1613 4040 Ἡσαΐας
1636 3976 1816 4045 λέγει·
1838 3975 1952 4030 Kal

373 4070 857 4140 πετασθήσονται
893 4069 964 4124 ἐν
986 4069 1221 4136 πλοίοις
1246 4069 1612 4138 ἀλλοφύλων
1636 4066 1953 4123 θάλασσαν

373 4161 497 4232 ἅμα
527 4163 1032 4232 προνομεύσουσι,
1065 4161 1163 4214 καὶ
1185 4163 1239 4214 οἱ
1263 4159 1380 4215 ἀπὸ
1408 4158 1720 4215 ἀνατολῶν
1748 4160 1949 4228 ἡλίου,

374 4252 476 4307 καὶ
501 4255 557 4308 οἱ
588 4252 706 4308 ἀπὸ
736 4251 1007 4322 δυσμῶν,
1050 4251 1150 4305 καὶ
1181 4249 1396 4320 βορρᾶ,
1434 4251 1699 4306 δώσουσι
1729 4251 1949 4316 δόξαν

374 4347 428 4399 ol
469 4344 538 4398 δὲ
567 4345 685 4399 υἱοὶ
741 4344 973 4414 Ἀμμὼν
1017 4342 1235 4412 πρῶτοι
1273 4344 1740 4398 ὑπακούσονται.
1785 4337 1953 4409 Οὗτος

374 4434 466 4488 ὑπ’
501 4433 679 4489 αὐτῶν
726 4433 981 4505 βασιλεὺς
1020 4432 1426 4504 ἀναγορευθεὶς,
1475 4432 1569 4486 καὶ
1599 4431 1704 4499 ὑπὸ
1737 4434 1954 4488 πάντων

375 4524 677 4593 δοξασθεὶς,
700 4524 795 4579 καὶ
825 4523 1096 4596 βδέλυγμα
1122 4521 1452 4596 ἐρημώσεως
1475 4522 1555 4594 τῷ
1584 4524 1772 4596 κόσμῳ
1800 4542 1954 4597 γενη-

378 4615 491 4682 θεὶς
530 4618 795 4691 κρατήσει
834 4602 1051 4690 ἡμέρας
1092 4614 1268 4689 χιλίας
1306 4615 1585 4681 διακοσίας
1612 4617 1947 4688 ἐνενήκοντα.

378 4708 683 4778 Μακάριος
713 4712 747 4764 ό
775 4707 1128 4777 ὑπομείνας,
1177 4707 1279 4764 καὶ
1325 4706 1564 4777 φθάσας
1600 4709 1687 4774 εἰς
1728 4706 1952 4778 ἡμέρας

378 4801 579 4872 χιλίας
611 4799 956 4869 τριακοσίας
986 4797 1308 4868 τριάκοντα
1343 4797 1553 4861 πέντετ
1580 4797 1674 4852 τοῦ
1701 4796 1811 4871 γὰρ
1836 4797 1953 4869 βδε-

377 4890 650 4963 λύγματος
707 4882 1182 4960 παραγενομένου,
1254 4888 1349 4942 καὶ
1411 4887 1770 4960 πολεμοῦντος
1827 4888 1955 4952 τοὺς

379 4982 589 5052 ἁγίους,
623 4981 683 5046 ὃς
713 4980 780 5036 ἂν
810 4980 1023 5053 ὑπερδῇ
1053 4978 1154 5044 τὰς
1181 4979 1391 5053 ἡμέρας
1417 4978 1603 5045 αὐτοῦ,
1636 4978 1728 5033 καὶ
1759 4979 1954 5053 ὲγγίσῃ

379 5075 458 5136 εἰς
492 5071 705 5145 ἡμέρας
739 5070 1146 5143 τεσσαράκοντα
1187 5070 1369 5136 πέντε,
1408 5070 1600 5140 ἐτέρας
1630 5069 1952 5142 ὲγγιζούσης

381 5162 775 5236 πεντηκοστῆς,
814 5162 1047 5234 ἔφθασεν
1082 5164 1116 5234 ἡ
1159 5161 1406 5235 βασιλεία
1427 5163 1537 5217 τῶν
1561 5161 1831 5234 οὐρανῶν·
1862 5161 1953 5234 ἔρ-

380 5271 533 5326 χεται
575 5257 676 5329 μὲν
706 5258 734 5309 6
784 5255 1165 5326 ’Δντίχριστος,
1193 5254 1288 5309 καὶ
1319 5256 1400 5318 εἰς
1428 5253 1593 5326 μέρος
1620 5255 1720 5325 τῆς
1749 5270 1949 5327 πεντη-

2047 3424 2369 3494 eritubique
2390 3424 2657 3491 locorum,
2682 3425 2900 3495 quando
2916 3424 3091 3480 aderit
3114 3425 3528 3482 Antichristus?
3551 3426 3621 3480 Et

2048 3519 2102 3573 hi
2115 3517 2461 3572 salvabuntur
2472 3534 2500 3571 e
2511 3534 2671 3571 manu
2683 3516 2871 3583 ipsius,
2895 3516 3081 3583 Edom,
3100 3527 3149 3572 et
3169 3517 3349 3582 Moab,
3367 3526 3415 3572 et
3429 3519 3624 3588 princi-

2045 3611 2191 3681 pium
2203 3609 2436 3678 ﬁliorum
2454 3610 2698 3672 Ammon;
2714 3608 2920 3663 hienim
2942 3618 3089 3677 sunt,
3108 3610 3201 3680 qui
3215 3625 3334 3666 sese
3349 3610 3450 3681 ipsi
3469 3627 3624 3681 prop-

2046 3708 2131 3756 ter
2157 3698 2645 3769 consanguinitatis
2674 3700 3124 3756 necessitudinem
3144 3704 3485 3767 consociant,
3512 3705 3645 3774 pris

2047 3792 2232 3860 mique
2257 3791 2432 3860 ipsum
2452 3806 2633 3863 regem
2654 3792 3003 3862 appellantes.
3021 3791 3242 3848 Μυωωί
3258 3795 3476 3865 quidem
3495 3805 3623 3850 sunt

2050 3882 2144 3937 lilii
2166 3880 2315 3936 Esau
2340 3883 2393 3936 in
2418 3890 2607 3938 monte
2639 3883 2760 3937 Seir
2787 3884 3123 3953 habitantes;
3149 3886 3394 3941 Moabitae
3415 3903 3542 3942 vero
3568 3898 3621 3942 et

2049 3973 2397 4039 Ammonitae,
2437 3973 2530 4043 qui
2561 3989 2628 4028 ex
2662 3974 2877 4031 duabus
2906 3977 3079 4046 ipsius
3108 3977 3232 4032 ﬁliis
3269 3988 3397 4034 sunt
3423 3995 3624 4051 pr0pa-

2050 4066 2181 4135 gati,
2212 4066 2353 4121 sicut
2380 4065 2540 4120 etiam
2577 4065 2750 4122 Isaias
2778 4065 2942 4121 dicit:
2971 4065 3042 4121 Et
3064 4069 3339 4123 extendent
3369 4087 3423 4124 se
3449 4071 3504 4125 in
3525 4088 3621 4125 na-

2049 4156 2199 4211 uibus
2234 4155 2669 4225 alienigenarum,
2714 4154 2875 4208 simul
2899 4172 3044 4210 mare
3075 4156 3536 4226 depraedabantur,
3572 4168 3623 4213 et

2050 4248 2140 4319 qui
2165 4253 2230 4302 ab
2252 4261 2372 4304 ortu
2395 4247 2545 4311 solis,
2570 4247 2661 4317 qui
2693 4248 2756 4301 ab
2780 4247 3044 4302 occidente
3066 4258 3117 4302 et
3146 4248 3389 4319 aquilone
3420 4251 3621 4304 dabunt

2051 4324 2301 4410 gloriam,
2335 4337 2437 4406 ﬁlii
2473 4352 2591 4391 vero
2627 4338 2852 4392 Ammon
2892 4339 3050 4406 primi
3092 4338 3326 4394 obedient
3350 4344 3390 4396 ².
3425 4340 3525 4397 Hic
3552 4344 3622 4399 ab

2051 4429 2184 4501 ipsis
2224 4446 2320 4485 rex
2356 4429 2648 4494 salutatus,
2695 4437 2750 4483 et
2795 4430 2865 4485 ab
2893 4430 3150 4487 omnibus
3189 4432 3542 4504 gloriﬁcatus,
3569 4445 3623 4491 et

2054 4520 2258 4576 mundo
2279 4519 2609 4576 abominatio
2629 4520 2982 4576 desolationis
2998 4520 3240 4592 effectus,
3262 4525 3454 4583 diebus
3477 4527 3626 4582 mille

1980 4599 2029 4657 ι)
2052 4612 2300 4668 ducentis
2333 4611 2626 4683 nonaginta
2655 4613 3044 4669 dominabitur.
3076 4615 3274 4671 Beatus
3320 4620 3411 4689 qui
3457 4621 3622 4674 susti-

2053 4706 2225 4759 nuerit
2260 4721 2420 4775 usque
2440 4704 2508 4758 ad
2531 4703 2641 4760 dies
2670 4706 2815 4761 mille
2840 4716 3093 4763 trecentos
3117 4711 3341 4781 triginta
3363 4713 3625 4783 quinque;

2054 4810 2177 4849 nam
2214 4794 2620 4850 abominatione
2657 4793 2999 4862 adveniente,
3039 4807 3093 4855 et
3123 4809 3342 4857 sanctos
3371 4810 3623 4867 vexante,

2054 4886 2369 4957 quicunque
2391 4886 2540 4943 illius
2555 4886 2673 4944 dies
2694 4890 3055 4958 superaverit.
3074 4900 3129 4947 et
3146 4892 3435 4948 accesserit
3454 4908 3629 4964 prope

2053 4978 2122 5034 ad
2144 4979 2261 5034 dies
2280 4979 2637 5051 quadraginta
2673 4980 2937 5052 quinque,
2968 4982 3092 5038 aliis
3114 4984 3509 5055 quinquaginta
3531 4999 3624 5038 ac-

2055 5070 2396 5137 cedentibus,
2435 5069 2687 5126 adveniet
2723 5087 2948 5143 regnum
2994 5074 3280 5130 cwlorum.
3312 5072 3472 5129 Venit
3500 5073 3625 5143 qui-

2054 5163 2177 5219 dem
2206 5164 2576 5221 Anticbristus
2608 5164 2768 5221 etiam
2804 5165 2858 5220 in
2882 5174 3089 5236 partem
3123 5166 3618 5236 quinquagesimae;

2055 5273 2281 5329 regnum
2313 5273 2441 5314 vero
2466 5258 2642 5315 sancti
2669 5274 2794 5314 cum
2823 5257 3049 5330 Christo
3071 5253 3441 5314 haereditaturi
3468 5265 3618 5314 sunt.

382 5349 601 5421 κοπῆς,
629 5347 728 5420 τὴν
756 5347 814 5401 δὲ
839 5346 1112 5419 βασιλείαν
1137 5347 1185 5399 οἱ
1218 5345 1361 5417 ἆγιοι
1401 5346 1518 5418 ἅμα
1557 5344 1779 5418 Χριστῷ
1816 5345 2169 5421 κληρονομεῖν
2198 5350 2468 5421 μέλλουσι.

318 5435 337 5445 ’
453 5439 590 5497 XLI.
631 5438 848 5495 Τούτων
891 5438 1065 5503 οὕτως
1110 5438 1451 5512 εἰρημένων,
1478 5438 1625 5508 λέγει
1653 5439 1683 5491 6
1716 5437 1945 5508 Δανιήλο

386 5538 491 5592 Kal
530 5535 659 5592 ιδοὺ
703 5535 813 5592 δύο
854 5534 1070 5602 ἄνδρες
1109 5531 1503 5601 εὶστήκασαν,
1548 5526 1637 5597 εἷς
1673 5530 1952 5585 ἐντεῦθεν

386 5629 489 5684 τοῦ
528 5629 775 5700 χείλους
804 5627 912 5683 τοῦ
943 5624 1229 5696 ποταμοῦ,
1276 5625 1375 5680 καὶ
1402 5620 1490 5691 εἷς
1520 5622 1820 5689 ἐντεῦθεν,
1848 5622 1951 5680 καὶ

387 5716 798 5788 ἀπεκρίθησαν
826 5714 906 5783 τῷ
927 5713 1100 5783 ἀνδρὶ
1124 5712 1205 5781 τῷ
1228 5714 1510 5785 ἑστηκότι
1536 5713 1636 5770 ἐπὶ
1662 5712 1729 5770 τὸ
1750 5710 1953 5783 χεῖλος

458 5900 474 5932 ¹
506 5901 670 5971 Apoc.
702 5913 777 5969 xl,
804 5897 858 5955 5.
934 5898 955 5930 ¹
983 5894 1089 5953 Isa.
1114 5913 1194 5968 ιι,
1228 5900 1313 5956 ll.

2122 5440 2260 5496 XLI.
2302 5441 2399 5498 His
2444 5441 2519 5497 ita
2558 5444 2846 5510 enarratis,
2890 5442 2966 5497 ait
3009 5440 3195 5496 Daniel
3226 5459 3240 5496 :
3270 5439 3339 5496 Et
3371 5458 3488 5497 ecce
3514 5443 3621 5498 duo

2050 5532 2151 5586 uiri
2179 5541 2457 5600 steterunt,
2482 5549 2617 5587 unus
2633 5533 2754 5587 hinc
2772 5549 2927 5603 super
2947 5532 3115 5601 ripam
3136 5532 3399 5601 ﬂuminis,
3415 5541 3464 5587 et
3482 5532 3621 5588 alius

2051 5621 2194 5686 inde,
2239 5631 2290 5677 et
2333 5622 2707 5693 responderunt
2756 5622 2867 5676 viro
2938 5620 3029 5692 qui
3067 5623 3245 5675 stabat
3271 5636 3426 5691 super
3454 5637 3622 5690 aquas

2052 5715 2308 5783 ﬂuminis,
2337 5724 2385 5770 et
2416 5714 2662 5769 dixerunt
2686 5713 2773 5770 illi
2799 5728 2819 5770 :
2854 5710 3128 5786 Usquequo
3162 5713 3285 5783 ﬁnis
3322 5726 3624 5767 sermonum
3654 5737 3659 5743 -
