4128 6386
440 379 546 441 667

1352 387 1406 443 s.
1446 389 1807 448 HIPPOLYTI
1840 392 1990 449 ore.
2025 393 2204 452 rans
2237 395 2278 453 ι.
2312 429 2383 440 .-
2417 366 2828 458 musarum.

3572 407 3676 463 668

443 497 793 564 urirabilium,
841 516 970 569 quos
1008 498 1213 554 loculus
1254 503 1344 555 es?
1383 501 1450 555 Et
1493 504 1672 558 audivi
1702 504 1891 572 virum,
1917 507 2007 576 qui

2119 508 2211 561 τοῦ
2231 511 2518 580 ποταμοῦ,
2543 513 2639 569 καί
2662 509 2842 569 εἶπαν
2866 504 3043 581 affair
3066 512 3213 583 Ἕώς
3231 517 3375 573 πότε
3396 520 3461 574 τὸ
3491 523 3677 591 πέρας

440 590 659 641 indutus
689 601 802 643 erat
823 590 1037 657 baddin,
1064 593 1154 661 qui
1187 594 1361 645 stabat
1387 610 1542 662 super
1564 611 1727 665 aquas
1754 597 2011 666 ﬂuminis,

443 691 492 732 et
527 680 746 733 elevavit
775 682 1041 735 dexteram
1070 699 1242 746 suam,
1270 695 1320 737 et
1348 686 1623 738 sinistram
1655 687 1709 740 in
1735 687 1942 756 calum,
1963 698 2012 742 et

436 769 642 839 juravit
669 788 760 840 per
780 773 1028 825 viventem
1063 775 1116 826 in
1145 784 1400 828 mternum
1425 791 1443 828 :
1475 779 1599 847 quia
1626 778 1681 831 in
1710 787 1931 849 tempus,
1963 790 2012 835 et

448 870 703 930 tempora,
728 872 775 915 et
803 863 1084 915 dimidium
1115 865 1385 933 temporis,
1414 883 1533 920 cum
1565 870 1823 938 completa
1852 871 2011 942 fuerit

446 950 720 1019 dispersio,
751 962 1125 1022 cognoscentur
1156 955 1394 1008 universa
1423 957 1552 1010 lucc.

443 1042 683 1110 αἰῶνας,
710 1043 799 1097 ὅτι
831 1047 918 1111 εὶς
958 1046 1188 1114 καιρὸν,
1224 1047 1488 1116 καιροὺς,
1512 1049 1611 1104 καὶ
1640 1050 2091 1125 ἧμισυεκαιροῦ,

443 1138 634 1194 ταῦτα
668 1138 881 1193 πάντα.

516 1232 677 1288 XLII.
721 1234 953 1301 Quinam
990 1245 1171 1292 autem
1202 1246 1357 1293 erant
1381 1238 1491 1293 duo
1524 1240 1647 1306 viri,
1677 1242 1770 1312 qui
1794 1244 2012 1299 stabant

444 1326 586 1396 apud
611 1327 783 1395 ripam
819 1326 1081 1393 ﬁuminis,
1119 1328 1222 1383 nisi
1253 1329 1340 1384 lex
1376 1338 1430 1385 et
1460 1331 1771 1401 prophetat?
1808 1344 1861 1389 et
1887 1336 2039 1406 quis-

444 1426 583 1481 erat,
613 1418 705 1487 qui
734 1420 913 1473 stabat
942 1435 1106 1490 super
1137 1436 1358 1491 aquam,
1384 1422 1489 1477 nisi
1521 1425 1609 1479 hic
1639 1425 1773 1495 ipse,
1804 1428 1872 1482 de
1900 1444 2010 1498 quo

445 1507 545 1578 ipsi
578 1509 706 1564 olim
742 1511 1169 1580 prophetat-unt;
1199 1514 1291 1582 qui
1336 1514 2010 1589 novissimistemporibus

443 1601 499 1655 in
530 1599 768 1656 .Iordane
806 1602 1095 1658 manifeste
1139 1604 1506 1658 testimonium
1541 1616 1866 1676 accepturus
1894 1618 2010 1665 erat

446 1709 478 1747 a
505 1692 684 1755 Patre,
712 1702 767 1749 et
800 1710 828 1747 a
857 1693 1066 1749 Joanne
1095 1697 1294 1766 populo
1329 1696 1553 1752 ﬁdenter
1578 1707 1694 1751 erat
1720 1699 2008 1754 ostenden-

2094 596 2236 652 τῶν
2263 603 2459 675 λόγων
2498 602 2616 657 τῶν
2656 605 3013 674 θαυμαστῶν
3057 599 3145 661 ὧν
3185 609 3530 679 ἐλάλησαω
3575 618 3674 671 καὶ

2116 694 2353 763 ἥκουσα
2382 697 2488 750 τοῦ
2516 697 2735 766 ἀνδρὸς
2762 699 2866 753 τοῦ
2905 699 3300 769 ἐνδεδυμένον
3334 704 3401 757 τὸ
3431 706 3675 771 βαδδίν.

2118 784 2185 851 ὃς
2207 781 2285 856 ἦν
2309 785 2507 839 ἐπάνω
2532 788 2637 841 τοῦ
2661 788 2877 856 ὕδατος
2895 791 3001 845 τοῦ
3032 793 3319 862 ποταμοῦ,
3345 794 3446 850 καὶ
3467 797 3679 867 ὕψωσε

2116 874 2230 943 τὴν
2269 876 2474 942 δεξιὰν
2514 880 2721 961 αιζτοῦ,
2768 881 2866 935 καὶ
2898 882 3012 951 τὴν
3041 884 3360 954 ἀριστερὰν
3382 890 3567 944 αὐτοῦ
3590 894 3677 957 είς

2114 964 2221 1018 τὸν
2256 968 2534 1035 οὐρανὸν,
2577 969 2673 1023 καί
2713 968 2947 1038 ὤμοσεν
2989 972 3060 1026 ἐν
3094 972 3173 1039 τῷ
3210 972 3374 1035 ζῶντι
3410 979 3497 1043 εὶς
3534 979 3678 1045 τοὺς

2120 1055 2188 1110 ἐν
2212 1056 2293 1123 τῷ
2318 1059 2792 1130 συντελεσθῆναι
2821 1062 3313 1135 διασκορπισμὸν,
3348 1066 3679 1137 γνώσονται

2183 1241 2345 1299 XLII.
2421 1244 2577 1308 Τίνες
2618 1238 2712 1299 οὖν
2752 1240 2890 1317 ἦσαν
2931 1248 2979 1300 οἱ
3018 1246 3112 1301 δύο
3145 1247 3334 1320 ἀνδρες
3372 1251 3420 1304 οἱ
3445 1251 3679 1318 ἑστῶτες

2116 1334 2266 1412 παρά
2292 1334 2358 1401 τὸ
2383 1336 2556 1406 χεῖλος
2599 1336 2690 1390 τοῦ
2733 1331 2997 1407 ποταμοῦ,
3034 1339 3202 1410 ἀλλ’ἢ
3236 1342 3264 1393 6
3287 1341 3447 1412 νόμος
3489 1343 3585 1397 nul.
3627 1345 3678 1400 οἱ

2116 1410 2420 1498 προφῆται;
2458 1429 2554 1481 καὶ
2594 1428 2678 1493 τίς
2709 1423 2777 1499 ἦν
2802 1430 2830 1481 6
2862 1430 3033 1495 ἑστὼς
3060 1431 3243 1486 ἐπάνω
3267 1410 3361 1487 τοῦ
3389 1433 3595 1500 ὓδατος,
3628 1438 3677 1489 εί

2118 1520 2191 1590 μὴ
2217 1519 2378 1582 αὐτὸς
2407 1513 2559 1583 οὗτος
2583 1520 2710 1590 περὶ
2732 1514 2792 1574 οὗ
2817 1521 2967 1573 αὐτοὶ
2992 1522 3155 1575 πάλαι
3183 1526 3588 1597 προεκήρυξαν;
3618 1527 3679 1592 ὃς

2115 1603 2335 1674 ἔμελλεν
2374 1605 2458 1659 ἐπ’
2487 1606 2727 1677 ἐσχάτων
2759 1608 2853 1661 ἐπὶ
2878 1608 2955 1678 τῷ
2999 1609 3235 1685 Ἰορδάνῃ
3282 1615 3528 1686 φανερῶς
3574 1616 3680 1671 ὑπὸ

2112 1694 2206 1748 τοῦ
2232 1696 2453 1768 Πατρδς-
2485 1699 2891 1769 μαρτυρεῖσθαι,
2926 1701 3018 1753 καὶ
3047 1701 3150 1755 ὑπὸ
3187 1703 3428 1758 Ἰωάννου
3458 1706 3536 1778 τῷ
3563 1707 3679 1781 λαῷ

443 1785 569 1846 dus,
601 1786 691 1855 qui
716 1784 864 1855 kasty
898 1788 1084 1841 scriba:
1119 1789 1260 1840 circa
1297 1804 1441 1842 renes
1478 1788 1697 1858 ferebat,
1728 1802 1775 1845 et
1812 1791 2009 1845 baddin

2119 1786 2394 1859 παρρησίᾳ
2434 1787 2761 1843 δείκνυσθαι·
2789 1792 2823 1843 ό
2845 1790 2911 1844 τὸ
2935 1790 3129 1846 κάστυ
3167 1794 3273 1849 τοῦ
3302 1799 3671 1878 γραμματέως

449 1879 633 1932 tunica
662 1880 824 1933 uariis
850 1880 1112 1934 coloribus
1140 1882 1393 1936 distincta
1426 1894 1538 1937 erat
1566 1884 1802 1938 indutus.
1827 1884 1891 1939 Hi
1915 1886 2016 1956 igi-

444 1976 537 2023 tur
570 1969 908 2039 interrogant
936 1987 1082 2038 eum,
1117 1972 1349 2028 scientes
1370 1973 1513 2043 quod
1543 1973 1641 2043 ipsi
1669 1975 1852 2029 datum
1876 1984 2019 2030 esset

360 2054 365 2063 ’
446 2046 607 2114 omne
640 2058 927 2130 imperium
962 2071 1014 2116 et
1047 2069 1308 2131 potestas,
1344 2072 1403 2116 ut
1432 2072 1680 2117 accurate
1714 2062 1926 2118 discant
1950 2064 2018 2118 ab

447 2164 536 2212 eo,
585 2151 807 2220 quando
845 2152 1111 2221 judicium
1162 2152 1229 2207 de
1261 2153 1465 2208 mundo
1495 2162 1638 2208 esset
1671 2153 1936 2221 facturus,
1965 2164 2019 2209 et

446 2255 559 2310 quo
587 2249 848 2312 tempore,
875 2259 996 2313 quae
1019 2245 1087 2298 ab
1110 2244 1227 2314 ipso
1245 2245 1451 2299 elocuta
1469 2254 1641 2310 erant,
1672 2245 2013 2316 adimplenda

447 2332 647 2389 forent.
673 2334 767 2391 Ille
797 2353 925 2392 vero
954 2338 1140 2393 volens
1180 2353 1275 2393 eos
1310 2339 1534 2394 omnino
1562 2349 1740 2395 certos
1766 2341 2010 2406 reddere,

445 2425 679 2481 elevavit
706 2428 980 2503 dexteram
1014 2445 1191 2497 suam,
1218 2438 1271 2484 et
1299 2430 1579 2485 sinistram
1623 2431 1677 2484 in
1708 2432 1929 2497 ccelum,
1958 2439 2014 2487 et

441 2514 649 2584 iuravit
680 2533 778 2587 per
808 2519 1075 2573 viventem
1125 2520 1180 2574 in
1215 2528 1495 2575 :eternum.
1538 2519 1690 2587 Quis.
1725 2537 1820 2592 per
1849 2538 2010 2592 quem

441 2608 686 2678 juravit?
726 2608 897 2665 Filius
931 2611 1176 2667 videlicet
1205 2628 1300 2682 per
1329 2611 1567 2677 Patrem,
1609 2613 1834 2669 dicens:
1866 2615 2014 2670 Vivit

446 2696 609 2753 Pater
640 2699 692 2752 in
724 2709 1007 2767 aeternum,
1044 2701 1151 2755 nisi
1196 2702 1248 2756 in
1291 2712 1525 2772 tempus,
1560 2713 1613 2758 et
1659 2711 1923 2774 tempora,
1959 2712 2014 2760 et

440 2788 732 2847 dimidium
764 2792 1043 2861 temporis,
1081 2808 1204 2847 cum
1234 2795 1501 2865 completa
1536 2781 1701 2850 l‘uerit
1723 2796 2010 2867 dispersio,

446 2890 842 2964 cognoscentur
866 2883 981 2938 haec
1009 2885 1213 2939 omnia.

2113 1878 2245 1945 περί
2279 1878 2393 1946 τὴν
2421 1880 2619 1949 ὀσφὺν
2641 1880 2855 1949 φέρων,
2885 1881 2984 1935 καὶ
3015 1881 3081 1936 τὸ
3106 1884 3329 1947 βαδδὶν
3356 1886 3463 1939 τὸν
3489 1892 3681 1944 ποικί-

2112 1969 2226 2020 λον
2255 1967 2475 2034 χιτῶνα
2521 1968 2932 2038 ἐνδεδυμένος.
2982 1963 3139 2023 Οὗτοι
3184 1967 3277 2025 οὖν
3323 1974 3680 2030 πυνθάνονται

2113 2057 2298 2123 αὐτοῦ,
2331 2059 2528 2123 εἰδότες
2555 2060 2636 2113 ὃτι
2666 2059 2815 2130 αὐτῷ
2841 2060 2995 2132 ἐδόθη
3039 2064 3190 2117 πᾶσα
3230 2063 3372 2135 ἀρχὴ
3407 2065 3500 2118 καὶ
3526 2065 3681 2133 ἐξου-

2117 2149 2235 2202 σία·
2277 2150 2365 2203 ἵνα
2411 2150 2622 2221 μάθωσι
2666 2152 2792 2222 παρ’
2835 2153 2995 2206 αὑτοῦ
3039 2144 3279 2224 ἀκριϐῶς
3320 2155 3448 2208 πότε
3497 2155 3682 2228 μέλλει

2115 2242 2340 2310 ἐπάγειν
2367 2242 2444 2313 τῷ
2471 2242 2657 2315 κόσμῳ
2686 2244 2784 2316 τὴν
2808 2247 3006 2317 κρίσιν,
3042 2247 3135 2300 καὶ
3160 2246 3287 2300 πότε
3313 2249 3380 2322 τᾲ
3407 2249 3497 2303 ὑπ’
3516 2249 3681 2304 αὑτοῦ

2114 2334 2455 2405 λελαλημένα
2489 2335 2935 2406 πληρωθήσεται·
2973 2341 3001 2392 6
3019 2340 3076 2392 δὲ
3110 2341 3250 2394 κατά
3278 2341 3455 2394 πάντα
3480 2341 3683 2412 τρόπον

2113 2422 2320 2477 πείθειν
2345 2422 2564 2487 τούτους
2598 2424 2913 2497 βουλόμενος
2944 2429 3116 2500 ἐπῆρε
3157 2429 3254 2501 τὴν
3289 2429 3467 2497 δεξιὰν
3493 2431 3680 2491 αὑτοῦ.

2115 2516 2209 2569 καὶ
2234 2517 2332 2586 τὴν
2354 2516 2645 2587 ἀριστερὰν
2672 2520 2750 2581 είς
2778 2518 2869 2572 τὸν
2906 2521 3151 2591 οὐρανὸν,
3192 2521 3295 2575 και
3324 2520 3505 2592 ὤμοσε
3540 2522 3685 2575 κατὰ

2093 2607 2205 2690 τοῦ
2233 2606 2431 2671 ζῶντος
2454 2608 2532 2671 είς
2547 2609 2637 2661 τὸν
2653 2610 2844 2664 αἰῶνα·
2866 2611 2945 2675 τίς
2963 2612 3103 2693 κατά
3129 2613 3271 2678 τίνος
3290 2612 3501 2685 ὤμοσεν
3519 2630 3535 2678 ;
3554 2611 3686 2675 Υἱὸς

2116 2701 2353 2771 δηλονότι
2375 2702 2514 2756 κατά
2534 2701 2627 2755 τοῦ
2652 2696 3094 2778 Πατρδς,λέγων·
3113 2703 3231 2758 Ὅτι
3249 2703 3325 2775 ζῇ
3340 2707 3369 2757 6
3392 2704 3582 2776 Πατὴρ
3601 2705 3686 2769 είς

2115 2793 2206 2847 τὸν
2242 2794 2433 2858 αίῶνα,
2462 2796 2509 2847 εί
2540 2794 2613 2866 μὴ
2643 2796 2722 2859 είς
2753 2782 2961 2868 καιρὸν,
2991 2796 3083 2850 καὶ
3109 2798 3355 2868 καιροὺς,
3388 2796 3482 2851 καὶ¹
3512 2798 3687 2868 ἥμισυ

2118 2884 2333 2956 καιροῦ,
2362 2886 2419 2939 ἐν
2447 2884 2524 2956 τῷ
2566 2886 2973 2959 συντελεσθῆναι
3001 2887 3429 2962 διασκορπισμὸν
3453 2890 3691 2958 γνώσον-

2118 2993 2211 3031 ται
2232 2978 2404 3033 ταῦτα
2429 2978 2624 3032 πάντα.

518 3062 705 3118 XLIII.
738 3062 892 3129 Quod
938 3079 1068 3119 vero
1104 3066 1219 3135 ipse
1251 3032 1441 3121 ambas
1471 3080 1668 3121 manus
1695 3065 2015 3130 extenderit,

2189 3066 2372 3122 XLIII.
2421 3068 2493 3121 Τὺ
2539 3065 2631 3122 οὖν
2671 3068 2906 3124 ἐκτεῖναι
2947 3071 3108 3127 αὐτὸν
3129 3072 3228 3137 τὰς
3254 3072 3346 3128 δύο
3377 3076 3582 3145 χεῖρας,
3616 3075 3689 3128 δι’

340 3196 343 3199 ν
446 3169 545 3225 per
572 3157 674 3211 hoc
695 3155 1005 3225 passionem
1034 3156 1455 3223 demonstravit;
1488 3158 1630 3227 quod
1654 3166 1831 3211 autem
1861 3156 2014 3211 dixe-

447 3249 540 3313 rit,
574 3249 630 3303 in
663 3256 865 3317 tempus
891 3287 905 3312 ,
950 3255 999 3301 et
1028 3257 1283 3317 tempora,
1322 3257 1371 3302 et
1422 3248 1703 3302 dimidium
1749 3249 2013 3318 temporis,

448 3356 566 3393 cum
597 3339 856 3408 completa
875 3339 1035 3408 fuerit
1069 3338 1343 3409 dispersio,
1378 3347 1486 3395 tres
1505 3356 1627 3396 eum
1661 3339 1886 3395 dimidio
1918 3355 2016 3395 an—

450 3446 551 3486 nos
586 3431 906 3486 Antichristi
942 3431 1285 3502 signiﬁcavit.
1325 3430 1563 3503 Tempus
1603 3433 1747 3487 enim
1789 3447 2014 3499 annum,

449 3529 505 3575 et
533 3530 780 3592 tempora
806 3522 944 3575 duos
974 3536 1167 3585 annos,
1190 3522 1473 3576 dimidium
1499 3537 1628 3578 vero
1656 3524 1913 3592 temporis
1933 3524 2016 3577 (Πι-

450 3611 675 3667 midium
706 3613 834 3666 anni
863 3612 1134 3683 intelligit.
1182 3613 1246 3667 Hi
1284 3625 1411 3668 sunt
1440 3613 1582 3667 mille
1614 3614 1822 3667 ducenti
1848 3630 2014 3667 nona-

450 3702 602 3773 ginta
643 3702 777 3770 dies,
828 3718 967 3772 quos
1012 3701 1260 3773 praedixit
1309 3701 1530 3768 Daniel,
1570 3716 1695 3756 cum
1726 3699 2015 3770 adimpleta

453 3792 619 3849 fuerit
641 3795 846 3864 passio,
872 3805 927 3849 et
952 3794 1094 3849 facta
1126 3794 1288 3850 fuerit
1312 3793 1601 3864 dispersio,
1621 3802 1894 3863 praesente
1912 3794 2018 3847 An-

453 3888 702 3943 tichristo
726 3905 741 3953 ;
769 3887 824 3941 in
857 3887 1052 3942 diebus
1074 3887 1179 3942 illis
1201 3895 1596 3958 cognoscentur
1614 3886 1861 3944 universa
1879 3887 2012 3941 haec.

452 3979 521 4033 Et
548 3994 577 4033 a
603 3987 841 4049 tempore
860 4022 876 4047 ,
911 3994 1019 4049 quo
1048 3980 1285 4035 ablatum
1317 3979 1479 4033 fuerit
1501 3979 1629 4049 juge
1663 3978 2013 4045 sacriﬁcium,

451 4072 617 4126 etiam
671 4071 805 4127 dies.
849 4072 997 4126 mille
1055 4071 1272 4127 ducenti
1321 4071 1613 4137 nonaginta
1667 4069 2015 4139 computandi

454 4172 613 4232 sunt;
666 4164 966 4219 abundabit
998 4163 1297 4233 iniquitas,
1352 4161 1494 4217 sicut
1535 4163 1698 4216 etiam
1746 4159 2015 4231 Dominus

452 4255 623 4311 dicit:
652 4255 914 4321 Quoniam
943 4254 1225 4308 abundavit
1255 4253 1531 4323 iniquitas,
1572 4251 1867 4322 relrigescet
1888 4250 2015 4305 cita-

454 4345 588 4399 ritas
616 4346 898 4398 multorum
920 4344 963 4396 ⁸.

2119 3158 2284 3211 αὐτοῦ
2317 3160 2377 3213 τὸ
2408 3159 2576 3225 πάθος
2608 3160 2793 3227 ἔδειξε·
2825 3161 2887 3216 τὺ
2906 3162 2962 3216 δὲ
2999 3165 3172 3217 εἰπεῖν
3202 3167 3290 3230 είς
3319 3164 3556 3234 καιρὸν,
3584 3164 3691 3219 καὶ
3795 3155 3805 3164 ’

2118 3251 2381 3318 καιροὺς,
2410 3253 2508 3307 καὶ
2539 3251 2724 3321 ἣμισυ
2763 3254 2969 3322 καιροῦ
2993 3255 3063 3308 ἐν
3093 3253 3174 3321 τῷ
3210 3253 3689 3323 συντελεσθῆναι

2118 3341 2612 3412 διασκορπισμὸν,
2658 3343 2727 3397 τὰ
2757 3345 2883 3415 τρία
2932 3346 3103 3416 ἥμισυ
3144 3345 3237 3418 ἐτη
3278 3346 3372 3399 τοῦ
3417 3346 3686 3418 Ἀντιχρί-

2121 3449 2243 3486 στου
2277 3434 2513 3505 ἐσήμανε
2537 3418 2771 3506 ἰκαιρὸν
2804 3436 2910 3508 γὰρ
2946 3435 3093 3506 λέγει
3118 3435 3395 3503 ἐνιαυτὸν,
3438 3437 3532 3491 καὶ
3562 3454 3687 3491 atat-

2120 3527 2247 3596 ροὺς
2266 3526 2321 3579 δὲ
2357 3527 2449 3581 δύο
2485 3527 2600 3598 ἔτη,
2645 3529 2825 3599 ἥμισυ
2855 3530 2911 3583 δὲ
2952 3529 3141 3602 καιροῦ
3186 3532 3356 3601 ἥμισυ
3399 3528 3643 3584 ἐνιαυτοῦ
3666 3545 3685 3561 ’

2118 3611 2278 3670 αὗταί
2293 3619 2428 3672 εἰσιν
2456 3622 2513 3673 αἱ
2538 3620 2724 3687 χίλιαι
2749 3619 3045 3675 διακόσιαι
3069 3622 3434 3688 ἐνενήκοντα
3453 3620 3686 3691 ἡμέραι,

2117 3708 2184 3772 ἀς
2218 3713 2445 3781 προεῖπε
2485 3709 2679 3781 Δανιὴλ
2725 3712 2783 3764 ἐν
2817 3710 2894 3782 τῷ
2942 3710 3349 3783 συντελεσθῆναι
3387 3712 3451 3765 τδ
3493 3711 3687 3778 πάθος,

2120 3800 2214 3854 καὶ
2242 3800 2490 3870 γενέσθαι
2529 3802 2955 3875 διασκορπισμὸν
2992 3802 3256 3875 παρόντος
3289 3801 3383 3855 τοῦ
3420 3788 3691 3881 ’Ἃντιχρί-

2121 3909 2273 3945 στου·
2322 3894 2380 3946 ἐν
2421 3895 2542 3956 ταῖς
2585 3892 2818 3964 ἡμέραις
2875 3893 3109 3957 ἐκείναις
3160 3888 3459 3962 γνώσονται
3482 3916 3488 3921 υ
3514 3892 3689 3947 ταῦτα

2120 3984 2317 4037 πάντα·
2366 3984 2459 4037 καὶ
2490 3983 2598 4038 ἀπὸ
2637 3984 2826 4055 καιροῦ
2861 3984 3247 4057 παραλλάξεως
3292 3984 3386 4038 τοῦ
3423 3984 3687 4056 ἐνδελεχι-

2122 4075 2280 4146 σμοῦ,
2319 4075 2410 4128 καὶ
2445 4074 2505 4127 τὸ
2532 4074 2739 4145 ἡμέραι
2762 4076 2950 4145 χίλιαι
2987 4074 3285 4145 διακόσιαι
3323 4074 3691 4142 ἐνενήκοντα

2122 4166 2485 4237 ψηφιζόμενόν
2505 4168 2639 4220 ἐστι·
2659 4166 3089 4238 πληθυνθήσεται
3108 4168 3140 4237 ἡ
3158 4166 3375 4237 ἀνομία,
3393 4165 3578 4231 καθὼς
3596 4173 3691 4227 καὶ

2124 4255 2153 4308 6
2183 4257 2456 4327 Δεσπότης
2495 4255 2670 4325 λέγει·
2714 4256 2816 4310 Διὰ
2845 4257 2912 4311 τὸ
2953 4255 3371 4326 πληθυνθῆναι
3412 4256 3527 4325 τὴν
3560 4258 3693 4313 dro-

2118 4350 2283 4418 μίαν,
2323 4348 2659 4417 ψυγήσεται
2685 4349 2722 4417 ἠ
2755 4346 2951 4417 ἀγάπη
2971 4345 3087 4400 τῶν
3109 4345 3373 4400 πολλῶν.

524 4434 712 4490 XLIV.
755 4436 908 4502 Quod
944 4436 1090 4490 enim
1128 4434 1577 4505 praevaricatione
1606 4433 1748 4488 facta
1774 4433 2014 4489 exciten-

2121 4416 2131 4418 ἡ
2187 4416 2374 4492 XLIV.
2415 4416 2533 4492 Ὅτι
2575 4437 2683 4509 γὰρ
2712 4416 2811 4506 τῆς
2854 4434 3240 4507 παραλλάξεως
3286 4433 3582 4505 γενομένης
3617 4430 3688 4485 τὰ

456 4534 547 4579 ιιιι·
567 4525 814 4591 dissidia,
846 4525 1053 4580 nullum
1084 4526 1306 4580 dubium
1340 4533 1445 4590 est,
1470 4525 1563 4580 sed
1595 4523 1838 4579 dissidiis
1866 4538 2027 4578 exor-

459 4618 531 4672 tis
567 4616 871 4689 refrigescit
908 4617 1167 4672 charitas.
1212 4615 1281 4671 Et
1317 4617 1446 4671 illud
1480 4616 1712 4671 :Beatus
1737 4615 1829 4685 qui
1851 4631 2027 4684 perse-

459 4709 734 4774 uerauerit,
764 4717 815 4763 et
833 4710 1119 4778 pervenerit
1152 4709 1220 4763 ad
1237 4710 1345 4763 dies
1366 4708 1508 4762 mille
1532 4717 1783 4763 trecentos
1811 4707 2029 4777 triginta

457 4800 704 4870 quinque,
755 4800 1055 4854 notandum
1101 4808 1202 4866 est,
1241 4799 1383 4855 sicut
1406 4799 1546 4855 dixit
1582 4798 1887 4854 Dominus:
1924 4797 2031 4862 Qui

460 4900 638 4944 autem
658 4890 1057 4960 perseveraverit
1095 4906 1257 4961 usque
1276 4891 1329 4944 in
1362 4891 1552 4961 ﬁnem,
1590 4892 1673 4944 hic
1700 4891 1875 4945 salvus
1897 4891 2020 4943 erit.

461 4980 825 5046 Quamobrem
867 4981 1228 5036 universalem
1269 4982 1770 5051 prmvaricationem
1800 4980 2023 5035 minime

460 5083 859 5143 exspectemus,
895 5088 962 5126 ne
993 5073 1255 5142 iniquitas
1292 5073 1547 5139 abundet,
1577 5082 1633 5128 et
1671 5079 1900 5142 occupet
1923 5085 2025 5126 nos

462 5167 803 5221 abominatio
845 5165 1226 5231 desolationis,
1281 5166 1486 5222 scilicet
1533 5165 1897 5221 adversarius.
1960 5163 2025 5218 Et

462 5257 617 5312 dixit
644 5257 770 5327 ipsi,
818 5273 982 5328 usque
1023 5257 1092 5311 ad
1134 5273 1400 5325 vesperas,
1437 5257 1581 5327 quod
1629 5265 1712 5311 est
1756 5270 1929 5324 usque
1958 5256 2026 5310 ad

465 5349 1027 5414 consummationem;
1070 5357 1119 5402 et
1172 5365 1326 5402 mane
1364 5364 1383 5403 .'
1411 5347 1541 5417 quid
1569 5356 1654 5403 est
1688 5346 1886 5401 mane?
1912 5347 2028 5402 dies

466 5441 905 5497 resurrectionis.
953 5442 1175 5496 Initium
1215 5442 1362 5497 enim
1417 5451 1502 5497 est
1559 5440 1780 5496 alterius
1821 5439 2029 5506 saeculi,

467 5533 921 5602 quemadmodum
960 5533 1173 5588 initium
1216 5533 1320 5589 diei
1353 5541 1438 5589 est
1477 5547 1654 5588 mane.
1690 5531 1814 5587 Dies
1846 5539 2028 5586 autem

471 5624 618 5681 mille
652 5625 1031 5697 quadringenti
1070 5635 1198 5682 sunt
1238 5626 1420 5682 lumen
1454 5625 1678 5694 mundi;
1730 5640 1853 5682 cum
1883 5625 2027 5681 enim

548 5764 570 5796 ³
597 5762 783 5818 Matth.
814 5780 971 5832 xuv,
1002 5764 1086 5820 12.

2125 4530 2396 4601 σχίσματα
2416 4528 2656 4597 γέγονεν,
2685 4529 2785 4580 οὐκ
2799 4526 3095 4597 ἀμφίϐολον
3113 4542 3128 4557 ·
3156 4525 3262 4578 τῶν
3294 4524 3602 4596 σχισμάτων
3627 4521 3686 4575 δὲ

2123 4619 2426 4689 γενομένων
2454 4616 2724 4686 πέψυκται
2755 4620 2788 4686 ἡ
2819 4617 3005 4686 ἀγάπη
3023 4632 3037 4647 ο
3070 4616 3165 4668 καὶ
3194 4614 3259 4667 τό
3283 4631 3297 4646 ·
3331 4613 3627 4682 Μακάριος
3654 4614 3690 4666 ὁ

2125 4709 2472 4776 ὑπομείνας,
2507 4706 2604 4758 καὶ
2625 4705 2861 4774 φθάσας
2883 4704 3101 4774 ἡμέρας
3130 4704 3331 4773 χιλίας
3350 4701 3694 4771 τριακοσίας

2126 4798 2439 4869 τριάκοντα
2462 4798 2659 4862 πέντε,
2688 4798 2799 4850 ἐστι
2815 4794 3152 4869 χρηστὸν,ὡς
3172 4792 3321 4848 εἶπεν
3337 4795 3366 4846 ὁ
3387 4794 3689 4866 Δεσπότης·

2138 4893 2201 4945 '0
2234 4890 2302 4945 δὲ
2324 4890 2646 4961 ὑπομείνας
2668 4893 2753 4956 εἰς
2766 4889 2939 4956 τέλος
2965 4882 3142 4953 οὗτος
3166 4886 3523 4955 σωθήσεται.
3555 4884 3697 4941 Καθ’

2127 4984 2247 5038 ὅλου
2282 4982 2458 5036 τοίνυν
2487 4981 2583 5054 τὴν
2623 4980 2955 5052 παράλλαξιν
2994 4979 3067 5050 μὴ
3110 4978 3543 5051 παραδεξὼμεθα
3563 5018 3580 5043 ,
3610 4980 3696 5032 ἵνα

2132 5074 2206 5146 μὴ
2227 5077 2259 5146 ἡ
2282 5074 2478 5145 ἀνομία
2504 5071 2909 5144 πληθυνθῇ,κα“ι
2927 5070 3203 5142 καταλάϐῃ
3224 5071 3285 5125 τὸ
3308 5070 3579 5142 βδέλυγμα
3596 5071 3700 5139 τῆς

2131 5164 2480 5237 ἐρημώσεως,
2496 5166 2769 5218 τουτέστιν
2796 5165 2825 5217 ὁ
2841 5164 3228 5234 ἀντικείμενος·
3243 5162 3339 5215 καὶ
3358 5158 3507 5215 εἷπεν
3523 5159 3694 5230 αὐτῷ·

2132 5257 2242 5324 ἕως
2289 5258 2570 5326 ἑσπέρας,
2613 5257 2858 5309 τουτέστι
2891 5255 3050 5326 μέχρι
3095 5257 3194 5326 τῆς
3221 5254 3556 5316 συντελείας·
3594 5252 3695 5307 καὶ

2134 5351 2310 5419 πρωΐ·
2357 5351 2493 5429 ὅπερ
2546 5350 2662 5403 ἐστὶ
2707 5349 2881 5420 πρωῖς
2915 5350 2949 5418 ἡ
2982 5347 3161 5419 ἡμέρα
3186 5347 3286 5418 τῆς
3316 5346 3694 5408 ἀναστάσεως·

2133 5440 2276 5513 ἀρχὴ
2306 5442 2413 5513 γάρ
2441 5440 2586 5494 ἐστιν
2622 5440 2808 5511 ἐτέρου
2839 5438 3031 5503 αἰῶνος
3053 5479 3068 5503 ,
3111 5439 3187 5503 ὡς
3216 5438 3358 5511 ἀρχὴ
3384 5436 3621 5510 ἡμέρας,
3660 5439 3703 5510 ἠ

2136 5535 2367 5607 πρωῖνή·
2385 5532 2444 5586 τὸ
2471 5532 2526 5586 δέ
2556 5531 2766 5602 ἡμέραι
2800 5532 2986 5601 χίλιαι
3014 5532 3404 5600 τετρακόσιαι,
3437 5528 3554 5583 ἐστι
3582 5528 3702 5599 φῶς

2136 5626 2337 5700 κόσμου
2359 5644 2371 5660 ·
2417 5614 2647 5696 τοῦγὰρ
2681 5625 2854 5697 φωτὸς
2880 5624 3137 5695 φανέντος
3165 5624 3225 5679 ἐν
3251 5623 3334 5697 τῷ
3364 5623 3577 5696 κόσμῳ,
3601 5617 3701 5675 τοῦ
