4128 6420
396 439 498 496 669

1616 449 1904 507 SCHOLIA
1935 450 2001 504 IN
2040 451 2402 506 DANIELEM.

3523 459 3624 513 670

396 553 664 616 εἰπόντος·
714 553 859 624 Ἐγὼ
887 557 1002 626 εἰμί
1031 558 1097 612 τὸ
1137 557 1260 626 φῶς
1299 557 1406 613 τοῦ
1437 562 1687 630 κόσμου,
1730 567 1963 629 καθαρι-

2068 564 2377 632 apparuerit
2399 565 2488 618 lux
2513 567 2566 620 in
2597 567 2822 634 mundo,
2839 568 3072 639 (dicente
3093 569 3184 624 illo
3215 588 3228 623 :
3268 569 3374 640 Ego
3399 586 3512 624 sum
3533 571 3627 624 tua:

396 645 684 713 σθήσεται
722 647 790 700 τὸ
836 648 1025 717 ἅγιον,
1071 651 1146 714 ὡς
1186 651 1424 724 εἴρηκεν,
1455 655 1482 706 ὁ
1510 654 1916 724 ἀντικείμενος*
1936 674 1949 685 ε

396 737 642 808 οὐδαμῶς
686 738 793 812 γὰρ
827 740 1177 812 καθαρίζεται
1209 742 1270 797 τὸ
1293 734 1447 812 ἅγιον
1471 785 1485 809 ,
1529 744 1602 815 μὴ
1631 745 1834 799 ἐκείνου
1869 763 1965 798 κα-

403 827 771 900 ταργηθέντος.

476 966 493 983 ⁶
524 965 749 1022 Phrasis
782 978 1037 1038 corrupta
1077 969 1312 1026 videtur.

2063 654 2267 736 mundi)
2305 656 2648 710 mandabitur
2667 661 3053 727 sanctuarium,
3073 660 3234 714 siculi
3261 660 3418 723 dixit,
3441 661 3508 714 ab
3531 660 3624 713 ad-

2067 748 2342 815 versario;
2376 763 2716 820 nequaquam
2743 753 2887 808 enim
2914 753 3208 809 mundatur
3233 753 3623 820 sanctuarium,

1991 866 1994 868 τ
2069 842 2172 895 nisi
2202 841 2295 896 illo
2318 856 2526 897 everso.

440 1100 3595 1130 ..ῃ-Μ.

1315 1223 1818 1315 SCHOLIA
1892 1229 2017 1318 IN
2096 1228 2758 1318 DANlELEM.

918 1394 1070 1463 (MAI,
1104 1395 1433 1464 Scriptorum
1454 1407 1684 1454 veterum
1711 1398 1960 1454 Collectio
1994 1418 2150 1468 nova,
2185 1409 2224 1455 t.
2265 1400 2303 1466 l,
2328 1417 2380 1472 p'.
2414 1417 2499 1466 III,
2531 1417 2582 1471 p.
2615 1401 2802 1468 29-56,
2832 1404 3073 1474 passim.)

1035 1665 1190 1719 ΚΕΦ.
1226 1667 1304 1718 Α’.

462 1765 529 1812 α’.
585 1756 682 1810 Ἑν
722 1756 839 1811 ἔτει
882 1757 1054 1824 τρίτῳ
1091 1758 1412 1823 βασιλείας
1462 1759 1737 1827 Ἰωακείμ.
1779 1759 1960 1810 Ἱππο-

391 1849 551 1904 λύτου
583 1847 715 1919 (71).
749 1847 933 1902 Ταῦτα
972 1847 1068 1918 μὲν
1119 1843 1210 1901 οὖν
1244 1851 1276 1918 ἡ
1304 1848 1494 1920 Γραφὴ
1539 1848 1839 1919 διηγεῖται,
1873 1849 1959 1902 ἵνα

391 1943 488 2012 τὴν
538 1939 910 2010 γεγενημένην
951 1939 1210 2010 δευτέραν
1260 1939 1636 2010 αἰχμαλωσίαν
1684 1940 1778 1992 τοῦ
1830 1939 1956 1993 λαοῦ

393 2034 641 2104 σημάνῃ,
675 2030 838 2102 ἡνίκα
871 2030 1178 2102 μετῳκίσθη
1212 2031 1239 2082 ὅ
1268 2048 1327 2083 τε
1362 2031 1619 2102 Ἰωακείμ
1663 2031 1758 2084 καὶ¹
1789 2032 1836 2083 οἱ
1863 2033 1959 2085 σὺν

391 2124 539 2194 αὐτῷ
571 2127 718 2196 τρεῖς
751 2122 936 2186 παῖδες
971 2123 1084 2194 ἅμα
1113 2121 1191 2193 τῷ
1223 2123 1418 2194 Δανιὴλ
1445 2123 1781 2194 εἰλημμένοι.

463 2216 525 2286 β’.
567 2215 676 2270 Καὶ
717 2215 901 2269 ἔδωκε
939 2217 1175 2283 Κύριος,
1198 2233 1253 2269 κ.
1295 2233 1346 2268 τ.
1391 2216 1442 2270 λ.
1491 2217 1607 2270 Ἵνα
1649 2217 1723 2287 μή
1770 2233 1852 2278 τις
1895 2215 1959 2268 ὲκ

390 2306 690 2376 προοιμίων
729 2307 1066 2378 ἐντυγχάνων
1104 2309 1169 2378 τῇ
1207 2306 1400 2378 βίϐλῳ,
1443 2308 1586 2377 ἰσχύῖ
1617 2307 1724 2360 τῶν
1765 2307 1958 2360 λαϐόν-

389 2413 497 2450 των
529 2395 796 2468 ἐπιτρέψῃ
828 2397 926 2468 τὴν
958 2396 1118 2468 λῆψιν
1158 2400 1249 2450 καὶ
1286 2399 1472 2470 ἀτονία
1500 2399 1592 2451 τοῦ
1627 2399 1961 2471 προϊσταμέ-

392 2504 482 2540 νου
502 2526 516 2551 ,
556 2488 616 2540 τὸ
645 2486 828 2541 ἔδωκε
856 2488 1036 2558 τίθησι
1059 2505 1073 2518 ο
1112 2488 1289 2552 καλῶς
1333 2490 1389 2542 δὲ
1429 2489 1523 2543 καὶ
1545 2489 1662 2543 ἀπὸ
1696 2489 1918 2558 μέρους
1939 2507 1952 2518 ·

393 2579 852 2650 σωφρονιστήριον
883 2579 992 2650 γὰρ
1019 2575 1086 2650 ἦν
1117 2581 1150 2650 ή
1181 2580 1484 2651 ἀπαγωγὴ,
1516 2581 1614 2634 οὐκ
1647 2581 1959 2643 ἀπόπτωσις

391 2671 593 2733 παντὸς
636 2670 730 2724 τοῦ
773 2668 991 2733 ἔθνους,
1038 2670 1124 2724 ἵνα
1169 2671 1244 2744 μὴ
1292 2671 1582 2743 μετάθεσις
1632 2673 1730 2742 τῆς
1782 2672 1960 2735 αἰτίας

392 2761 636 2831 γένηται.

470 2858 538 2919 η’.
601 2851 712 2905 Καὶ
755 2851 920 2905 ἔθετο
981 2851 1202 2921 Δανιὴλ
1247 2853 1316 2906 ἐν
1356 2853 1432 2922 τῇ
1483 2853 1695 2921 καρδίᾳ
1751 2853 1956 2908 αὑτοῦ.

403 2941 740 2995 Ἱππολύτου.
785 2938 854 2994 Ὦ
903 2945 1188 3016 μακαρίων
1221 2943 1316 3015 τὴν
1361 2944 1624 3017 διαθήκην
1655 2945 1763 2999 τῶν
1797 2946 1962 2999 πατέ-

397 3049 504 3102 ριον
534 3005 916 3100 φυλαξάντων,
950 3005 1164 3088 καὶτὸν
1202 3005 1289 3089 διά
1317 3005 1595 3100 Μωῡσέως
1622 3037 1842 3090 δοθέντα
1873 3037 1959 3090 νό-
1986 3005 2030 3065 C

399 3141 495 3192 μον
525 3125 599 3194 μὴ
633 3125 1024 3197 παραϐάντων,
1055 3127 1188 3180 ἀλλὰ
1211 3129 1300 3181 τὸν
1330 3129 1396 3180 δι’
1428 3128 1589 3181 αὐτοῦ
1625 3130 1960 3200 κυρυττόμε-

395 3231 481 3265 νον
497 3213 628 3266 Θεὸν
649 3214 970 3285 φοϐηθέντες
984 3216 1121 3286 (sic)'
1137 3211 1280 3270 οὗτοι
1294 3216 1623 3286 αἰχμάλωτοι
1646 3219 1701 3270 ὲν
1717 3220 1786 3287 γῇ
1806 3216 1961 3270 ἁλλο-

395 3304 520 3374 τρία
537 3305 888 3376 ὑπάρχοντες,
927 3307 986 3359 ού
1013 3307 1262 3379 βρώμασι
1290 3309 1550 3373 ποικίλοις
1575 3308 1956 3381 ἠπατήθησαν,

396 3394 514 3446 οὐδὲ
547 3393 688 3448 οἴνου
719 3395 932 3466 ἡδοναῖς
965 3396 1330 3466 ἐδουλώθησαν
1350 3437 1364 3462 ,
1401 3399 1521 3451 οὐδὲ
1552 3398 1677 3471 δόξῃ
1709 3398 1957 3468 βασιλικῇ

395 3482 783 3553 ὲδελεάσθησαν
821 3485 1194 3556 ἁρπαγέντες·
1240 3488 1508 3557 ἐτήρησαν
1552 3487 1607 3539 δὲ
1649 3487 1708 3540 τὸ
1757 3485 1959 3539 ἑαυτῶν

378 3574 554 3645 ,ἁγνὸν
600 3577 693 3629 καὶ
736 3576 972 3649 καθαρὸν
1007 3579 1204 3649 στόμα,
1254 3580 1401 3642 ὅπως
1441 3578 1678 3651 καθαρὸς
1709 3579 1865 3648 λόγος
1897 3581 1961 3632 ὲκ

358 3705 360 3707 .
399 3666 677 3735 στομάτων
709 3667 964 3739 καθαρῶν
997 3669 1231 3742 προέλθῃ
1253 3710 1266 3734 ,
1313 3673 1407 3724 καὶ⁹
1437 3671 1748 3744 ἁνυμνῇιδϋ
1783 3670 1960 3726 αὐτῶν

397 3758 484 3810 τὸν
515 3761 830 3832 ἐπουράνιον
857 3763 1096 3835 Πατέρα.

470 3850 556 3919 ιβ’.
595 3853 895 3921 Πείρασον
925 3854 994 3907 δὲ
1024 3856 1165 3922 τοὺς
1199 3855 1414 3924 παῖδάς
1443 3873 1578 3911 σου.
1626 3858 1957 3912 Ἱππολύτου.

398 3941 746 3995 Διδάσκουσιν
787 3943 869 3995 ὅτι
913 3944 986 4015 μὴ
1029 3944 1289 4016 βρώματα
1325 3947 1542 4014 ἐπίγεια
1584 3946 1666 4017 εἰη
1712 3946 1780 4000 τὰ
1825 3965 1964 4018 παρ-

396 4036 585 4102 έχοντα
637 4033 944 4105 ἀνθρώποις
993 4036 1190 4100 κάλλος
1241 4039 1334 4092 καὶ
1387 4040 1570 4109 ἰσχὺν,
1624 4039 1756 4092 ἀλλὰ
1805 4040 1962 4111 χάρις

397 4125 530 4176 Θεοῦ
577 4125 664 4179 διὰ
689 4127 860 4196 Λόγου
903 4128 1238 4201 δωρουμένη.
1282 4130 1392 4183 Καὶ
1413 4131 1539 4199 μετ’
1575 4131 1769 4199 ὀλίγαο
1811 4127 1962 4194 Εἶδες

398 4215 576 4269 πίστιν
609 4217 810 4270 παίδων
835 4218 1184 4288 ἀπαράϐατον
1228 4219 1321 4270 καὶ¹
1355 4219 1516 4287 φόϐον
1542 4218 1673 4272 Θεοῦ
1705 4219 1964 4288 ἀμετάθε-

396 4324 514 4360 τον’
540 4308 673 4361 δέκα
701 4308 920 4380 ἡμερῶν
949 4310 1141 4382 χρόνου
1167 4309 1439 4381 διάστημα
1466 4310 1760 4381 ᾐτήσαντο,
1788 4310 1875 4363 ἵνα
1905 4311 1962 4363 ὲν

395 4399 568 4470 τούτῳ
619 4401 923 4467 ὲπιδείξωσι
975 4401 1049 4472 μὴ
1095 4399 1349 4454 δύνασθαι
1410 4402 1614 4472 ἑτέρως
1677 4401 1962 4472 ἄνθρωπον

398 4491 550 4563 παρὰ
580 4492 713 4546 Θεοῦ
748 4493 1052 4564 κτήσασθαι
1079 4495 1257 4567 χάριν,
1298 4497 1345 4548 εἰ
1383 4495 1456 4567 μὴ
1491 4495 1566 4565 τῷ
1597 4494 1684 4547 διὰ
1720 4494 1817 4548 τοῦ
1850 4496 1965 4548 Κυ-

403 4582 515 4654 ρίου
541 4585 934 4655 κηρυσσομένῳ
960 4585 1101 4656 λόγῳ
1132 4586 1512 4639 πιστεύσωσιν.

472 4673 556 4728 ιθ’.
579 4675 690 4728 Καὶ
711 4678 782 4730 οὐ
789 4694 825 4743 χ
849 4675 1184 4745 εὑρέθησαν
1202 4677 1271 4729 ἐκ
1300 4675 1540 4729 πάντων
1564 4675 1759 4730 αὐτῶν
1783 4674 1968 4744 ὅμοιοι

398 4765 639 4833 Amr-HM.
699 4767 1034 4820 Ἱππολύτου.
1085 4768 1318 4831 Τούτους
1365 4768 1460 4838 μὲν
1515 4768 1572 4821 ἐν
1618 4768 1765 4838 πάσῃ
1810 4766 1970 4839 σοφίᾳ

399 4856 428 4906 ὁ
464 4855 634 4924 Λόγος
681 4858 921 4929 προῆγε,
978 4857 1259 4929 μάρτυρας
1309 4857 1532 4920 πιστοὺς
1586 4859 1642 4910 ἐν
1682 4855 1960 4912 Βαϐυλῶνι

396 4944 775 5017 δεικνυμένους
799 4964 811 4977 ⁸
849 4947 936 5000 ἵνα
963 4947 1029 5000 δι’
1059 4946 1234 5000 αὐτῶν
1257 4947 1363 4999 τῶν
1395 4945 1747 5000 Βαϐυλωνίων
1775 4945 1844 4998 τὰ
1875 4963 1962 4998 σε-

399 5037 652 5109 ϐάσματα
718 5039 1116 5113 καταισχυνθῇ,
1176 5039 1272 5092 καὶ
1331 5039 1795 5112 Ναϐουχοδονόσορ
1857 5039 1962 5094 ὑπὸ

472 5177 584 5248 (71)
615 5177 675 5251 S_.
705 5176 976 5251 Hippolyti
1005 5180 1058 5251 in
1095 5179 1368 5251 Danielem
1402 5179 1608 5234 scholia
1638 5195 1746 5233 non
1781 5181 1965 5233 omnia

400 5264 430 5302 θ
467 5247 850 5318 ιιιοθιιυηῑυτ)
881 5247 1001 5318 quae
1035 5249 1088 5302 in
1135 5247 1393 5304 Vaticano
1422 5251 1605 5304 codice
1633 5261 1928 5302 occurrunt
1948 5289 1965 5315 ,

404 5317 496 5371 sed
545 5333 608 5372 ea
654 5319 860 5387 delecta
901 5317 1288 5373 tantummodo
1317 5335 1439 5387 qua:
1479 5318 1717 5371 nondum
1748 5318 1964 5387 vulgata

405 5387 644 5441 fuerunt.
687 5386 896 5455 Quippe
942 5399 1067 5442 ante
1101 5404 1199 5457 me
1235 5386 1444 5457 partem
1487 5388 1654 5441 edidit
1695 5386 1963 5457 insignem

401 5457 793 5520 Combelisius,
825 5473 1017 5526 nempe
1045 5456 1110 5510 ad
1143 5455 1408 5512 Susanna:
1452 5457 1756 5512 historiam.
1793 5455 1966 5526 Parti-

403 5527 523 5580 cula
553 5528 680 5581 item
713 5525 965 5596 quaedam
994 5527 1216 5581 recitata
1245 5527 1422 5580 fuerat
1450 5525 1518 5579 al)
1549 5527 1837 5580 Anastasio
1875 5525 1964 5596 Si-

406 5597 552 5650 naita
603 5595 794 5666 ψιθεὲι.
846 5611 1043 5660 xum;
1095 5596 1202 5650 alia
1250 5610 1446 5650 rursus
1492 5611 1523 5649 a
1578 5597 1826 5666 Syncello
1871 5595 1958 5648 ed.

401 5677 549 5740 Par.,
580 5691 637 5744 p.
662 5674 795 5744 218.Δ
817 5671 1124 5744 Ουίηλιιόεο
1149 5669 1376 5744 frustum
1404 5669 1669 5744 quoddam
1699 5666 1972 5744 profertur

405 5738 624 5800 (ειὶοήιά
661 5742 917 5798 Corderio
949 5740 1134 5794 Calen.
1177 5739 1234 5792 in
1265 5739 1351 5792 Ps.
1384 5747 1491 5793 tom
1557 5738 1642 5801 Ill,
1675 5754 1795 5807 pag.
1832 5738 1968 5807 9517;

408 5832 527 5882 quae
555 5813 734 5867 omnia
778 5812 1072 5882 fragmenta
1103 5809 1301 5876 colligit
1330 5810 1384 5862 in
1427 5823 1520 5882 sua
1557 5806 1822 5882 Hippolyti
1849 5806 1974 5882 edi-

412 5876 556 5942 tione
582 5876 886 5939 Fabricius:
906 5881 1104 5934 Practer
1131 5894 1290 5946 quam
1327 5879 1468 5946 quod
1508 5879 1763 5930 nonnulla
1791 5876 1976 5940 etiam,

2716 1665 2869 1720 CAP.
2921 1665 2961 1718 Ι.

2132 1759 2194 1814 ν.
2254 1761 2305 1814 1.
2360 1788 2426 1798 -
2477 1758 2627 1812 Anno
2676 1759 2828 1812 tertio
2871 1759 3016 1829 regni
3057 1757 3282 1814 Joacim.
3331 1760 3622 1832 Hippolyti.

2060 1848 2186 1903 Haec
2213 1849 2354 1903 enim
2391 1847 2668 1918 Scriptura
2713 1857 2927 1915 narrat,
2970 1858 3030 1903 ut
3060 1851 3352 1905 secundam
3395 1854 3624 1921 captivi-

2059 1947 2224 1994 tatem
2247 1940 2431 2009 populi
2456 1941 2740 2005 indicaret,
2759 1957 2882 1995 cum
2903 1941 2956 1994 in
2976 1951 3172 1995 terram
3191 1943 3422 1997 alienam
3446 1952 3626 1998 trans-

2059 2032 2159 2086 iret
2205 2031 2411 2086 Joacim
2454 2040 2508 2086 et
2554 2047 2676 2085 cum
2718 2047 2784 2086 eo
2838 2040 2949 2088 tres
2988 2032 3168 2101 pueri,
3216 2033 3485 2102 simulque
3524 2035 3598 2086 Da

2058 2125 2187 2190 niel,
2224 2125 2292 2178 ab
2325 2123 2574 2178 hostibus
2604 2123 2768 2192 capti.

2130 2217 2196 2272 V.
2235 2217 2289 2273 2.
2313 2247 2384 2256 ——
2410 2217 2478 2270 Et
2511 2217 2732 2269 tradidit
2780 2216 3058 2280 Dominus,
3101 2224 3205 2270 etc.
3256 2214 3326 2270 Ut
3365 2231 3526 2271 nemo
3563 2231 3628 2270 ex

2058 2309 2283 2363 exordio
2314 2306 2458 2377 quod
2504 2308 2632 2377 legit
2673 2308 2726 2360 in
2766 2308 2926 2371 libro,
2967 2308 3020 2361 vi
3067 2317 3531 2377 oppugnatorum,
3577 2317 3632 2362 et

2058 2401 2229 2454 fracto
2252 2399 2434 2453 animo
2457 2408 2916 2468 propugnatorum
2933 2399 3385 2467 expugnationem
3402 2399 3625 2464 tribuat,

2060 2491 2176 2545 haec
2219 2490 2382 2544 verba
2427 2497 2476 2542 et
2532 2488 2754 2542 tradidit
2802 2487 3081 2557 subiunxit
3115 2480 3393 2556 Scriptura
3429 2506 3442 2541 :
3491 2488 3628 2542 bene

2060 2591 2237 2638 autem
2260 2589 2313 2635 et
2336 2597 2400 2634 ea:
2428 2591 2578 2649 parte
2618 2596 2636 2632 :
2671 2580 3027 2633 correctionis
3051 2578 3195 2634 enim
3219 2594 3382 2634 causa
3413 2578 3627 2633 decreta

2059 2671 2165 2727 fuit
2193 2672 2618 2743 transmigratio,
2653 2686 2760 2724 non
2802 2679 2982 2724 autem
3029 2670 3187 2724 ruina
3224 2671 3389 2725 totius
3431 2671 3626 2739 gentis,

2064 2771 2122 2814 ut
2157 2777 2261 2816 non
2287 2776 2465 2816 causa:
2487 2759 2713 2814 mutatio
2740 2760 2908 2812 lieret.

2131 2852 2196 2907 V.
2245 2853 2300 2906 8.
2327 2881 2398 2892 -—
2425 2851 2707 2920 Proposuit
2760 2860 2933 2904 autem
2984 2850 3170 2902 Daniel
3214 2851 3269 2902 in
3317 2851 3471 2902 corde
3509 2866 3625 2903 suo.

2061 2942 2352 3014 Hippolyti.
2385 2944 2430 2998 Ο
2462 2944 2604 2998 beati
2639 2944 2732 3012 qui
2772 2951 3151 2997 testamentum
3188 2950 3400 3011 patrum
3444 2953 3628 2996 custo-

2060 3036 2317 3102 dierunt,
2364 3035 2535 3105 legem
2585 3051 2614 3089 a
2678 3033 2860 3104 Moyse
2905 3035 3086 3088 datam
3126 3049 3234 3087 non
3275 3035 3622 3102 transgressi.

2061 3130 2156 3183 sed
2194 3129 2264 3184 ab
2299 3143 2364 3183 eo
2384 3129 2763 3182 annuntiatum
2801 3127 2970 3182 Deum
3014 3128 3302 3182 timentes:
3337 3127 3393 3180 hi
3430 3127 3626 3196 captivi

2062 3224 2116 3277 in
2149 3231 2290 3277 terra
2317 3221 2490 3275 aliena
2522 3235 2630 3274 non
2662 3221 2800 3275 cibis
2829 3222 2993 3275 variis
3019 3220 3227 3274 seducti
3256 3217 3496 3285 fuerunt,
3529 3235 3626 3272 ner-

2061 3329 2166 3384 que
2186 3313 2294 3366 vini
2320 3313 2686 3381 voluptatibus
2711 3308 3035 3378 servierunt,
3066 3327 3240 3381 neque
3267 3311 3433 3365 etiam
3458 3311 3628 3380 gloria

2063 3406 2208 3476 regia
2235 3405 2433 3470 allecti,
2463 3406 2518 3458 iu
2550 3405 2745 3474 laqueo
2780 3403 3086 3458 inciderunt
3111 3423 3122 3456 :
3149 3411 3501 3458 servaverunt
3529 3419 3627 3456 au-

2063 3507 2169 3554 tem
2203 3514 2264 3554 OS
2288 3514 2446 3553 suum
2485 3506 2693 3553 castum
2719 3507 2771 3550 οι
2801 3513 3020 3565 purum,
3058 3505 3118 3552 ιιι
3148 3511 3318 3565 pUl‘US
3350 3510 3530 3549 sermo
3561 3510 3628 3547 ex

2063 3606 2156 3646 ore
2189 3606 2326 3661 puro
2359 3601 2544 3656 exeat,
2577 3598 2631 3643 et
2672 3587 2904 3644 celebret
2932 3604 3030 3659 per
3072 3589 3177 3643 hoc
3205 3587 3479 3642 cmlestem
3523 3584 3629 3640 Pa-

2062 3691 2222 3738 trem.

2141 3836 2203 3890 V.
2243 3837 2329 3890 l2.
2357 3866 2428 3876 —
2454 3834 2616 3889 Tenta
2651 3851 2764 3898 nos,
2795 3835 3023 3898 obsecro,
3053 3850 3224 3888 servos
3262 3843 3398 3886 tuos.
3431 3830 3632 3900 Hippo-

2063 3930 2179 4001 lyti.
2207 3928 2412 3984 Docent
2453 3927 2595 3997 quod
2630 3943 2737 3981 non
2772 3927 2878 3982 cibi
2919 3934 3201 3981 terrestres
3227 3926 3355 3979 dant
3397 3921 3632 3976 homini-

2063 4023 2166 4077 bus
2195 4017 2654 4093 pulchritudinem
2685 4033 2750 4072 ac
2797 4018 2983 4080 robur,
3028 4016 3123 4070 sed
3166 4013 3336 4083 gratia
3377 4011 3494 4076 Dei,
3535 4025 3631 4079 per

2065 4111 2300 4168 Verbum
2333 4113 2488 4167 nobis
2515 4127 2796 4167 concessa.
2843 4109 2911 4162 Et
2942 4108 3100 4178 paulo
3132 4114 3246 4175 post
3275 4120 3293 4157 :
3323 4103 3516 4157 Vidisti
3566 4103 3630 4156 ti-

2065 4206 2186 4260 dem
2216 4220 2508 4274 puerorum
2536 4205 2811 4267 invictam,
2839 4212 2895 4256 et
2919 4202 3166 4254 timorem
3198 4197 3292 4252 Dei
3320 4195 3632 4249 immutabi-

2067 4297 2192 4352 lem.
2220 4296 2502 4366 Temporis
2530 4310 2738 4350 moram
2775 4295 2960 4348 decem
2996 4290 3207 4345 dierum
3245 4288 3542 4359 petierunt,
3571 4298 3629 4340 ut

2067 4389 2121 4442 in
2161 4389 2265 4442 hoc
2305 4394 2676 4441 monstrarent
2716 4400 2822 4438 non
2872 4397 3032 4452 posse
3074 4382 3230 4435 aliter
3280 4377 3554 4432 hominem
3598 4394 3630 4432 a

2068 4482 2180 4536 Deo
2207 4479 2452 4533 obtinere
2482 4479 2712 4548 gratiam
2733 4517 2747 4542 ,
2779 4475 2886 4530 nisi
2910 4474 3076 4528 verbo
3106 4489 3198 4542 per
3227 4471 3513 4525 Dominum
3540 4484 3632 4523 au-

2069 4574 2314 4628 nuntiato
2347 4572 2552 4626 credat.

2143 4663 2206 4717 ν.
2233 4665 2320 4718 l9.
2347 4694 2414 4704 -——
2444 4661 2569 4716 Non
2611 4671 2733 4715 sunt
2772 4660 2962 4714 inventi
3001 4658 3131 4711 tales
3167 4657 3231 4710 de
3264 4641 3544 4718 universis,
3571 4663 3629 4706 ut

2070 4757 2280 4812 Daniel.
2309 4755 2603 4825 Hippolyti.
2635 4753 2810 4808 Hosce
2841 4751 3061 4822 quidem
3097 4751 3146 4803 in
3183 4749 3332 4802 omni
3368 4745 3630 4816 sapientia

2071 4851 2302 4906 Verbum
2334 4850 2574 4913 deduxit,
2610 4856 2776 4902 testes
2806 4845 2990 4901 ﬁdeles
3019 4845 3069 4896 in
3112 4842 3382 4914 Babylone
3419 4838 3632 4908 exposi-

2063 4952 2172 5008 tos,
2201 4949 2263 4997 ut’
2291 4957 2384 5010 per
2415 4956 2509 4995 eos
2538 4939 2953 5011 Babyloniorum
2973 4938 3111 4992 idola
3135 4937 3428 4991 induantur
3451 4924 3633 4992 confu-

2064 5038 2248 5103 sione;
2271 5045 2329 5089 ut
2343 5032 2841 5088 Nabuchodonosor
2861 5047 2892 5085 a
2913 5031 3084 5086 tribus
3099 5031 3280 5099 pueris
3298 5030 3565 5092 vincatur,
3578 5039 3632 5081 et

2067 5193 2189 5248 quae
2221 5175 2274 5228 in
2303 5173 2572 5243 Hippolyti
2598 5185 2759 5248 opere
2788 5169 2864 5224 De
2891 5171 3216 5248 Amic/arista
3245 5177 3294 5248 et
3314 5169 3416 5248 ﬁne
3445 5168 3630 5248 mundi

2069 5235 2388 5302 scribuntur
2401 5235 2424 5310 ,’
2461 5235 2588 5296 cum
2636 5235 2758 5310 ejus
2797 5241 3202 5294 commentariis
3247 5235 3321 5310 in;
3350 5235 3626 5310 D_anielem

2070 5306 2412 5383 congruunt
2474 5313 2594 5384 A_lia
2663 5306 2790 5363 nlim
2876 5310 3219 5384 fragmenta_
3256 5306 3629 5384 divulgayerat

2068 5374 2470 5454 Broiightonus.
2506 5374 2995 5454 Locunlprteterea
3024 5377 3312 5454 quemdam
3343 5390 3407 5454 ea
3434 5374 3629 5444 Hippo-

2066 5456 2176 5516 lyto
2203 5447 2256 5507 in
2293 5453 2427 5506 Dan.
2460 5451 2652 5505 recitat
2687 5447 2993 5502 Eustratius
3022 5449 3160 5516 apud
3197 5447 3359 5501 Allat.
3388 5447 3438 5516 in
3465 5459 3628 5513 Opere

2117 5542 2143 5578 ε
2173 5531 2381 5592 purgat.
2413 5536 2466 5590 p.
2500 5521 2624 5574 492.
2662 5519 2900 5586 Denique
2932 5515 3085 5592 aetate
3129 5515 3538 5592 nostr:a_vir_cl._
3561 5518 3628 5570 de

2068 5583 2603 5662 Mag'iStFispartem
2656 5583 2850 5662 novant
2904 5587 3239 5662 scholiorum-
3274 5583 3558 5662 Hippolyti
3598 5603 3631 5640 e

2066 5655 2323 5717 Cliisiano
2351 5655 2666 5729 famigerato
2698 5658 2903 5729 codice!
2934 5672 3057 5729 cum
3104 5655 3487 5729 hXXvirOrum
3524 5655 3628 5709 Da-

2067 5732 2225 5785 nielis
2288 5726 2733 5796 interpretatione
2789 5727 3064 5782 excitavit.
3125 5726 3465 5796 Novissimus
3527 5741 3627 5792 ego

2067 5803 2201 5854 tanti
2264 5795 2498 5853 doctoris
2545 5805 2598 5849 et
2648 5798 2901 5866 martyris
2930 5799 3287 5868 scriptorum
3335 5795 3628 5868 particulas

2066 5872 2339 5926 vindicare
2369 5869 2422 5922 iu
2459 5868 2629 5920 lucem
2664 5867 2890 5935 gaudeo.
2925 5867 3053 5921 MM.
