4128 6382
457 395 558 450 sn
1341 392 1398 449 s.
1440 392 1807 450 HIPPOLYTI
1843 366 1996 452 ore.

2111 394 2215 453 iRS
2249 390 2290 451 l.
2330 425 2398 436 -—
2423 392 2831 451 EXEGETICA.
3600 394 3706 450 6'72

460 533 557 585 per
583 515 799 569 illorum
834 513 992 569 ﬁdem
1024 513 1166 583 ignis
1195 512 1249 567 in
1282 511 1507 570 fornace
1537 526 1810 585 arceatur,
1834 526 1890 573 et
1910 532 2012 572 cor

2135 514 2304 588 τριῶν
2336 515 2540 569 παίδων
2571 514 2814 586 ήττηθῇ,
2859 512 2953 567 καὶ
2995 513 3087 569 διά
3126 513 3332 569 τούτων
3372 512 3608 580 πίστεως
3646 517 3708 571 τὸ

461 620 745 677 ruptorum
778 606 1054 661 seniorum
1087 607 1229 660 victa
1258 604 1429 661 libido
1455 617 1737 679 arguatur.

1121 779 1274 835 CAP.
1305 779 1368 833 ll.

532 876 593 931 ξ’.
626 877 678 930 5.
704 905 774 915 -
807 874 928 927 V'di
953 874 1237 929 somnium.
1264 873 1559 946 Hippolyti.
1592 874 1879 931 Somnium
1906 877 2031 947 qui-

396 994 404 1003 ι
457 969 576 1023 dem
600 987 626 1020 ει
656 983 779 1038 rege
807 968 1007 1031 visum,
1040 983 1146 1022 non
1177 977 1294 1022 erat
1322 976 1597 1035 terrestre,
1629 976 1690 1024 ut
1720 985 1819 1040 per
1842 970 2028 1026 mundi

2134 609 2192 660 ἐν
2226 606 2442 678 καμίνῳ
2467 605 2577 677 πῦρ
2603 604 2908 677 φυγαδευθῇ
2926 647 2941 672 ,
2969 606 3063 660 καὶ
3090 603 3198 660 τῶν
3228 606 3448 679 ἀνόμων
3470 607 3710 680 πρεσϐυ-

2133 695 2307 766 τέρων
2340 695 2586 767 ματαίως
2617 696 2650 766 ή
2684 695 2947 766 ἐπιθυμία
2973 696 3224 770 ἐλεγχθῇ.

2792 785 2930 837 ΚΕΦ
2966 785 3043 844 B'.

2110 862 2115 865 ’
2202 882 2270 944 γ’.
2313 875 2769 945 Ἐνυπνιάσθην.
2804 877 3139 934 Ἱππολύτου.
3187 880 3261 934 Τὸ
3308 881 3408 953 μὲν
3451 875 3547 936 οὖν
3581 881 3707 936 ἐνύ-

2132 980 2281 1018 πνιον
2314 964 2374 1017 τὺ
2412 966 2518 1033 ὑπὸ
2546 965 2639 1019 τοῦ
2674 965 2937 1036 βασιλέως
2969 968 3299 1042 ἑωραμένον,
3343 971 3443 1025 οὐκ
3475 968 3543 1044 ἦν
3582 972 3707 1026 ἐπί-

456 1061 728 1129 sapientes
755 1060 1236 1129 interpretaretur;
1283 1058 1374 1113 sed
1424 1067 1543 1114 erat
1591 1059 1838 1125 caelcsm,
1874 1060 2012 1131 just:

2130 1073 2308 1126 γειον,
2345 1056 2432 1111 ίνα
2464 1058 2570 1112 ὑπὸ
2599 1058 2709 1113 τῶν
2744 1060 2839 1113 τοῦ
2883 1061 3088 1133 κόσμου
3136 1064 3314 1133 σοφῶν
3357 1065 3665 1139 ἐρμηνευθῇ
3692 1081 3711 1097 ο

453 1151 549 1207 Dei
579 1152 912 1206 voluntatem
957 1161 1012 1205 et
1058 1151 1453 1220 providentiam
1502 1166 1745 1221 congruo
1790 1160 2012 1222 tempori

2127 1148 2241 1202 ἀλλ’
2269 1144 2336 1219 ἦν
2362 1147 2682 1222 ἐπουράνιον
2702 1192 2716 1216 ,
2745 1151 2885 1206 κατὰ
2918 1152 3052 1215 Θεοῦ
3085 1153 3277 1227 βουλὴν
3310 1156 3405 1210 καὶ
3447 1157 3710 1229 πρόνοιαν

451 1246 755 1314 impletum.
774 1243 1044 1314 —ltaque
1079 1243 1181 1299 hoc
1209 1243 1441 1299 celatum
1471 1253 1554 1298 est
1576 1245 1853 1299 terrestria
1881 1246 2031 1316 cogi-

451 1336 696 1392 tantibus
712 1336 1046 1401 hominibus,
1061 1344 1119 1389 ut
1130 1336 1498 1406 quaerentibus
1510 1336 1773 1399 caelestia,
1787 1337 2025 1392 caelestia

448 1428 708 1499 mysteria
740 1426 1132 1481 revelarentur.
1174 1425 1229 1480 ln
1258 1426 1494 1498 Egypto
1533 1427 1681 1481 enim
1723 1426 2026 1483 Pharaonis

445 1529 502 1574 et
529 1518 753 1589 Josephi
788 1527 1031 1588 tempore
1061 1519 1261 1573 similia
1285 1517 1426 1573 facta
1455 1527 1604 1574 sunt.

520 1695 587 1751 γ.
619 1698 673 1753 5.
696 1726 770 1738 -
793 1695 978 1752 Sermo
1009 1697 1218 1752 recessit
1244 1714 1278 1751 α
1310 1715 1410 1753 me.
1441 1697 1735 1773 Hippolyti.
1754 1699 1906 1757 Visio
1933 1719 2023 1759 ce-

2130 1240 2276 1305 ἰδίοις
2301 1245 2511 1312 καιροῖς
2544 1244 2915 1316 πληρούμενον
2933 1262 2947 1276 ⁶
2988 1246 3083 1299 καί
3113 1246 3201 1301 διὰ
3222 1247 3380 1303 τοῦτο
3412 1249 3708 1321 ἀπεκρύϐη

2128 1333 2227 1423 μέν
2256 1334 2361 1388 ἀπὸ
2388 1334 2496 1389 τῶν
2530 1335 2597 1389 τά
2633 1337 2851 1406 ἐπίγεια
2884 1337 3222 1408 φρονούντων
3254 1338 3555 1412 ἀνθρώπων
3574 1379 3590 1404 ,
3615 1341 3714 1395 ἴνα

2123 1429 2236 1491 τοῖς
2269 1426 2336 1480 τά
2369 1429 2673 1500 ἐπουράνια
2704 1428 2963 1501 ζητοῦσι,
2993 1429 3067 1484 τά
3098 1431 3397 1503 ἐπουράνια
3432 1434 3712 1505 μυστήρια

2096 1514 2513 1592 ’ἀποκαλυφθῇο
2547 1522 2641 1574 καὶ
2678 1521 2788 1594 γάρ
2831 1524 2889 1575 ἐν
2924 1522 3186 1595 Αἰγύπτῳ
3221 1524 3315 1577 ἐπὶ
3359 1524 3455 1579 τοῦ
3503 1522 3714 1598 Φαραὼ

2123 1612 2218 1665 καὶ
2246 1612 2340 1665 τοῦ
2380 1612 2578 1685 Ἰωσὴφ
2609 1614 2677 1668 τά
2707 1615 2868 1686 ὅμοια
2900 1616 3217 1686 γεγένηται.

2189 1708 2253 1756 ε’.
2312 1704 2365 1757 ’0
2399 1705 2582 1774 λόγος
2612 1706 2715 1760 ἀπ’
2749 1706 2896 1777 ἐμοῦ
2936 1707 3191 1783 ἀπέστη.
3233 1710 3568 1767 Ἱππολύτου.
3603 1713 3709 1769 Διά

443 1789 552 1845 lata
589 1789 692 1845 l'uit
740 1789 874 1860 regi,
922 1799 982 1844 ut
1024 1805 1056 1845 a
1098 1788 1211 1847 Deo
1250 1792 1454 1848 electus
1507 1792 1697 1849 Daniel
1752 1796 2009 1866 propheta

2119 1793 2279 1848 τοῦτο
2315 1795 2603 1870 ἀπεκρύϐη
2646 1797 2706 1852 τὸ
2737 1798 2920 1871 ὅραμα
2952 1798 3062 1854 ἀπὸ
3090 1800 3182 1854 τοῦ
3214 1800 3508 1873 βασιλέως,
3540 1805 3628 1858 ἰνα
3669 1808 3706 1860 6

441 1898 565 1938 eam
585 1884 914 1957 explicaret;
939 1896 1070 1951 qua!
1087 1886 1232 1940 enim
1263 1887 1385 1943 aliis
1405 1888 1599 1952 celata,
1625 1888 1691 1943 ab
1712 1861 1820 1945 alio
1850 1861 2007 1946 reve-

2116 1886 2221 1939 ὑπὸ
2251 1885 2387 1942 Θεοῦ
2418 1861 2659 1958 ways.
2706 1861 2907 1964 Δᾴνιῆλ
2939 1861 3227 1965 προφήτηὲ
3252 1892 3330 1948 ὣν
3362 1861 3658 1968 ἀπᾶέειχθῇ
3684 1895 3702 1910 ⁸

444 1972 645 2039 lantur,
670 1978 981 2031 necessario
1005 1975 1323 2047 prophetam
1366 1994 1493 2034 eum
1520 1980 1875 2036 manifestam
1916 1981 2011 2053 qui

444 2064 670 2118 revelat.

510 2245 577 2301 ν.
616 2246 702 2302 10.
722 2248 1197 2320 ——Respondentes
1228 2267 1350 2322 ergo
1380 2249 1621 2307 Chaldaei
1661 2267 1841 2306 coram
1874 2266 2010 2322 rege,

437 2337 686 2393 dixerunt
709 2355 729 2394 :
755 2339 879 2394 Non
906 2350 983 2395 est
1035 2341 1188 2395 homo
1220 2357 1376 2411 super
1407 2352 1626 2406 terram,
1660 2351 1764 2397 etc.
1811 2341 2014 2412 Hippo-

436 2430 555 2501 lyti.
580 2428 720 2497 Quia
745 2432 892 2487 enim
923 2432 1265 2502 impossibile
1294 2435 1548 2490 dixerunt
1578 2434 1647 2489 ab
1670 2433 1889 2488 homine
1912 2434 2014 2488 hoc

435 2524 686 2590 narrari,
733 2524 879 2596 quod
923 2540 1021 2581 rex
1072 2527 1476 2589 sciscitabatur,
1530 2527 1851 2605 monstravit
1904 2527 2011 2583 illis

434 2615 601 2684 Deus,
628 2618 775 2688 quod
817 2634 906 2676 res
948 2620 1093 2690 apud
1129 2619 1379 2675 homines
1411 2619 1790 2690 impossibilis,
1832 2620 2010 2689 possi-

432 2712 561 2768 bilis
589 2723 674 2769 est
696 2715 838 2786 apud
860 2714 1054 2770 Deum.

505 2803 573 2859 γ.
603 2804 690 2859 14.
714 2805 885 2859 -Αὺ
918 2803 1112 2860 Arioch
1145 2803 1499 2874 archimagiro
1540 2801 1813 2873 (Vulgata,
1861 2802 2010 2872 prin-

432 2895 547 2966 cipe
577 2896 832 2967 militiis).
860 2896 1155 2967 Hippolyti.
1188 2894 1257 2950 Ut
1282 2895 1426 2949 enim
1457 2911 1669 2964 coquus
1692 2896 1875 2949 omnia
1899 2895 2013 2949 aui-

433 2987 599 3043 malia
630 2988 833 3044 occidit
859 3000 913 3044 et
938 2990 1147 3059 coquit,
1178 2990 1257 3044 sic
1280 2989 1383 3043 iste
1404 2987 1801 3057 archimagirus
1821 2987 2009 3043 eodem

433 3078 600 3134 modo
626 3096 640 3132 :
675 3087 730 3133 et
764 3079 1039 3149 principes
1068 3079 1255 3134 mundi
1284 3078 1543 3135 occidunt
1573 3079 1843 3147 homines,
1870 3079 2012 3136 sicut

434 3170 831 3226 irrationabilia
861 3172 1119 3227 animalia
1155 3171 1517 3241 coquinantes
1546 3185 1663 3226 eos.

504 3258 568 3315 ν.
602 3260 693 3317 9.5.
715 3291 787 3301 —
815 3261 957 3327 Quia
986 3262 1301 3333 sapientiam
1341 3269 1393 3314 et
1423 3258 1792 3331 fortitudinem
1821 3258 2015 3314 dedisti

432 3353 579 3407 milii.
636 3351 933 3425 Hippolyti.
976 3351 1202 3423 Oportet
1248 3367 1379 3423 ergo
1422 3367 1526 3407 nos
1569 3351 1884 3407 meminisse
1920 3350 2014 3406 Dei

430 3443 853 3510 misericordiae,
890 3443 1169 3513 quomodo
1216 3443 1375 3498 bonis
1418 3451 1475 3497 et
1516 3442 1834 3498 timentibus
1886 3457 2012 3495 eum

429 3536 683 3606 protinus
710 3551 830 3592 sese
859 3538 1062 3591 revelat
1080 3544 1134 3591 et
1161 3542 1452 3602 monstrat,
1472 3536 1704 3605 implens
1734 3535 2015 3591 orationes

429 3641 483 3682 et
511 3627 799 3697 petitiones
837 3642 1054 3692 eorum,
1087 3628 1230 3682 sicut
1271 3628 1529 3698 prepheta
1549 3628 1720 3682 dicit:
1756 3626 1886 3692 Quis
1924 3644 2015 3681 sa-

429 3714 597 3783 piens,
624 3721 675 3767 et
729 3714 989 3786 intelliget
1034 3716 1176 3770 ista?
1219 3715 1616 3787 iutclligens,et
1684 3717 1812 3770 sciet
1865 3716 2015 3771 haec?

430 3802 576 3876 (Ose.
610 3819 725 3871 uv,
762 3802 876 3875 10.)

364 3968 365 3971 η
502 3891 568 3949 V.
585 3893 677 3950 27.
693 3924 768 3936 -
779 3894 1077 3967 Sapientes,
1096 3897 1258 3968 magi,
1282 3898 1546 3969 aruspices
1562 3908 1840 3970 nequeunt,
1858 3908 1983 3956 etc..
1994 3939 2009 3954 .

430 3983 721 4059 Hippolyti.
769 3988 939 4045 Docet
978 4006 1161 4062 regem
1207 4006 1317 4046 non
1368 3991 1511 4062 apud
1559 3992 1809 4048 homines
1839 4002 2011 4049 terre-

427 4083 570 4133 stres
612 4078 857 4135 ccclestia
910 4081 1167 4153 mysteria
1202 4080 1540 4154 investigari,
1591 4098 1713 4153 quae
1755 4084 2011 4155 congruis

425 4170 770 4239 temporibus
802 4188 833 4225 a
861 4170 973 4227 Deo
997 4173 1367 4242 perﬁcientur.

500 4259 566 4316 ν.
599 4260 692 4317 Ξθ.
712 4292 783 4304 --
810 4260 909 4327 Tu,
928 4279 1041 4329 rex,
1061 4266 1292 4335 cogitare
1323 4267 1543 4337 coepisti.
1575 4267 1868 4341 Hippolyti.
1896 4268 2009 4325 Rex

425 4350 539 4418 ille,
572 4353 829 4409 dominus
854 4366 1012 4410 terrae
1050 4355 1291 4429 Egypti,
1328 4356 1529 4415 Judaeze
1566 4361 1804 4431 regionis
1833 4360 2010 4416 domi-

425 4453 533 4511 tor,
562 4454 617 4501 et
645 4447 833 4517 populi
860 4447 981 4518 ejus
1009 4450 1333 4519 captivator,
1369 4452 1662 4522 cogitabat,
1692 4453 1821 4509 dum
1864 4464 2010 4510 esset

426 4536 482 4589 in
518 4536 657 4591 lecto
683 4553 785 4593 suo
811 4539 942 4608 quid
976 4552 1267 4596 venturum
1297 4554 1415 4597 erat
1451 4554 1572 4614 post
1607 4545 1722 4600 haec
1748 4564 1762 4600 :
1788 4546 1881 4614 qui
1907 4556 2012 4600 au-‘
2037 4575 2079 4628 ο

424 4633 535 4681 tem
574 4628 758 4683 omnia
803 4630 1124 4687 abscondita
1171 4637 1488 4704 cognoscit,
1541 4645 1596 4691 et
1649 4638 2005 4708 cogitationes

423 4719 674 4774 cordium
723 4731 1021 4789 scrutatur,
1058 4726 1432 4784 manifestavit
1476 4731 1526 4784 ei
1576 4746 1673 4801 per
1715 4731 2004 4803 imaginem

424 4830 549 4886 qua:
575 4815 758 4872 futura
800 4828 965 4901 sunt:
1003 4822 1289 4879 abscondit
1323 4835 1503 4880 autem
1534 4828 1583 4882 ei
1617 4828 1905 4894 visionem,
1938 4844 2006 4885 ne

423 4923 455 4963 a
488 4908 831 4979 sapientibus
859 4910 1154 4984 Babylonis
1184 4913 1279 4970 Dei
1313 4918 1545 4972 consilia
1580 4919 1843 4989 explicari
1875 4935 2006 4991 pos-

421 5011 567 5070 sent,
600 5004 693 5059 sed
736 5013 797 5059 ut
842 5020 873 5060 a
916 5005 1076 5061 beato
1125 5007 1368 5072 Daniele,
1407 5009 1555 5064 velut
1589 5012 1850 5082 propheta
1884 5009 2001 5077 Dei,

421 5110 545 5166 quae.
573 5096 830 5153 omnibus
857 5097 1175 5155 abscondita
1203 5110 1382 5168 erant,
1417 5102 1853 5159 manifestentur.

492 5353 555 5411 Υ.
594 5354 1004 5412 51.--Εοεε...
1037 5366 1217 5413 statua
1260 5375 1368 5413 una
1416 5358 1655 5431 grandis.
1703 5360 1996 5434 Hippolyti.

419 5446 706 5515 Quomodo
738 5464 847 5504 non
868 5436 1226 5506 recordemur
1247 5467 1368 5522 qua:
1398 5454 1700 5524 antiquitus
1726 5455 2000 5527 Babylone

424 5539 615 5597 Daniel
644 5547 1008 5615 prophetarit,
1035 5553 1091 5601 et
1119 5561 1265 5602 nunc
1286 5546 1341 5600 in
1362 5546 1493 5601 orbe
1515 5546 1751 5616 perlecta
1770 5548 1793 5602 ‘l
1814 5549 1999 5620 Imago

417 5631 565 5687 enim
599 5634 654 5688 in
684 5634 790 5691 isto
819 5647 1060 5706 tempore
1090 5646 1393 5692 monstrata
1420 5638 1533 5709 regi
1564 5636 1999 5697 Nabuchodono-

421 5738 535 5790 sor,
571 5731 731 5796 typus
778 5736 897 5782 erat
941 5727 1114 5782 totius
1160 5729 1371 5786 mundi.
1417 5728 1474 5784 ln
1512 5732 1848 5801 temporibus
1889 5732 1997 5788 illis

419 5816 720 5888 regnabant
746 5832 909 5889 super
930 5832 1121 5875 omnes
1146 5817 1448 5890 Babylonii,
1467 5821 1561 5893 qui
1588 5830 1749 5895 caput
1766 5837 1991 5881 aureum

2117 1978 2218 2033 ὅσα
2242 1979 2350 2052 γὰρ
2386 1979 2495 2035 ἀπὸ
2529 1980 2627 2053 μὲν
2656 1981 2859 2054 ἐτέρων
2891 1983 3343 2055 ἀποκέκρυπται,
3375 1986 3481 2039 ὑπὸ
3511 1986 3706 2059 ἐτέρου

2116 2069 2174 2123 δὲ
2209 2071 2575 2146 φανεροῦται,
2614 2072 2674 2141 ἐξ
2716 2074 2962 2148 ἀνάγκης
2991 2078 3279 2150 προφήτης
3316 2078 3706 2133 ἀποδείκνυται

2116 2163 2146 2214 6
2171 2162 2364 2232 λέγων.

2194 2259 2244 2307 ι’.
2280 2253 2393 2308 Καί
2425 2254 2735 2327 λέγουσιν,
2784 2259 2908 2313 Οὐκ
2942 2257 3116 2314 ἐστιν
3147 2258 3475 2329 ἄνθρωπος.
3516 2259 3706 2315 Ἱππο-

2118 2347 2297 2401 λύτου.
2350 2348 2503 2402 Ἐπεὶ
2546 2344 2639 2403 οῦν
2683 2349 2946 2405 ἀδύνατον
2996 2350 3205 2425 ἔφασαν
3251 2330 3356 2407 ὑ⁶πὸ
3406 2351 3697 2424 ἀνθρώπου

2115 2436 2277 2491 τοῦτο
2320 2436 2576 2509 λεχθῆναι
2621 2438 2686 2492 τὸ
2718 2440 2858 2514 ὑπὸ,
2883 2439 2977 2494 τοῦ
3022 2440 3288 2513 βασιλέως
3329 2439 3700 2514 ζητούμενον,

2117 2528 2390 2597 ἐπέδειξεν
2430 2530 2616 2594 αὐτοῖς
2663 2530 2692 2584 6
2738 2509 2905 2597 Θεδξ,
2950 2509 3035 2586 ὅτι
3076 2531 3144 2586 τά
3188 2532 3342 2604 παρά
3386 2509 3704 2607 ἀνθρώποις

2118 2621 2385 2688 ἀδύνατα,
2410 2622 2581 2677 ταῦτα
2608 2622 2667 2677 δι.
2683 2623 2809 2678 δατά
2834 2619 2977 2678 εἶναι
3007 2622 3162 2695 παρά
3186 2624 3324 2697 Θεῷ.

2188 2797 2267 2852 ιδ’.
2318 2796 2529 2867 Ἀριὼχ
2555 2794 2635 2862 τῷ
2661 2797 3078 2870 ἀρχιματείρῳ.
3120 2797 3461 2877 Ἱππολύτου.
3489 2797 3705 2875 Ὠσπερ

2115 2889 2222 2961 γάρ
2254 2890 2284 2943 6
2313 2888 2578 2961 μάγειρος
2613 2887 2791 2943 πάντα
2832 2889 2902 2944 τά
2947 2889 3063 2954 ζῶα
3106 2889 3323 2962 ἀναιρεῖ
3361 2892 3456 2946 καὶ
3508 2910 3708 2964 μαγει-

2118 2979 2283 3053 ρεύει,
2312 2979 2454 3034 οῦτω
2486 2980 2737 3045 κάκεῖνος
2770 2980 2847 3052 τῷ
2877 2978 3025 3051 αὐτῷ
3054 2980 3260 3052 τρόπῳ·
3296 2982 3392 3037 καὶ
3419 2983 3468 3037 oi
3505 2984 3710 3055 ἄρχον-

2113 3089 2205 3136 τες
2228 3071 2321 3126 τοῦ
2356 3071 2560 3143 κόσμου
2595 3072 2879 3145 ἀναιροῦσι
2905 3074 3031 3138 τοὺς
3053 3073 3399 3146 ἀνθρώπους,
3425 3075 3500 3140 ὡς
3533 3076 3708 3147 ἄλογα

2116 3162 2232 3229 ζῶα
2260 3163 2679 3237 μαγειρεύοντες
2707 3164 2923 3230 αὐτούς.

2189 3255 2310 3308 Ὅτι
2350 3254 2579 3323 σοφίαν
2617 3254 2719 3309 καὶ
2747 3254 3007 3326 δύναμιν
3028 3255 3257 3325 ἔδωκάς
3283 3275 3406 3328 μοι.
3444 3256 3708 3311 Ἱππολύ-

2113 3362 2230 3402 του.
2257 3348 2350 3400 Δεῖ
2379 3343 2473 3401 οὖν
2498 3350 2639 3402 νοεῖν
2671 3349 2821 3420 ήμᾶς
2850 3348 2950 3420 τὴν
2978 3348 3074 3401 τοῦ
3105 3348 3241 3403 Θεοῦ
3276 3349 3704 3421 εὐσπλαγχνίαν,

2116 3437 2233 3503 πῶς
2265 3441 2377 3504 τοῖς
2406 3439 2579 3507 ἀξίοις
2606 3440 2701 3495 καὶ
2735 3426 3093 3513 φοϐουμένοις
3124 3442 3286 3496 αὐτὸν
3317 3443 3531 3514 ταχέως
3562 3443 3707 3496 ἀπο-

2112 3529 2379 3584 καλύπτει
2424 3532 2520 3586 καὶ
2562 3534 2819 3605 φανεροῖ,
2867 3531 3202 3605 ἀποπληρῶν
3244 3534 3344 3597 τάς
3382 3550 3444 3587 τε
3485 3533 3706 3605 δεήσεις

2114 3623 2207 3677 καὶ
2239 3624 2307 3678 τά
2337 3625 2616 3697 αἰτήματα
2644 3623 2824 3679 αὐτῶν
2847 3664 2863 3689 ,
2888 3624 2965 3689 ὡς
3002 3625 3033 3677 6
3071 3628 3361 3698 προφήτης
3385 3626 3563 3697 λέγει·
3603 3627 3706 3693 Τίς

2112 3714 2306 3783 σοφὸς
2325 3755 2339 3779 ,
2384 3714 2486 3768 καί
2524 3712 2786 3782 συνήσει
2827 3714 3051 3779 ταῦτα;
3085 3715 3185 3770 καὶ
3211 3701 3524 3785 ἅνθρωπος
3551 3730 3705 3770 συν-

2112 3806 2244 3873 ετὸς
2264 3846 2278 3872 ,
2310 3806 2412 3861 καί
2444 3806 2737 3878 γνώσεται
2764 3807 2984 3874 ταῦτα;

2184 3895 2287 3960 κζ’.
2338 3899 2461 3951 Οὐκ
2511 3897 2644 3952 ἔστι
2695 3895 2903 3967 σοφῶν
3214 3898 3557 3952 Ἱππολύτου.
3600 3900 3698 3952 Δι-

2110 3985 2297 4041 δάσκει
2329 3988 2419 4042 τὸν
2447 3986 2674 4058 βασιλέα
2710 3988 2785 4060 μὴ
2820 3989 2974 4060 παρὰ
3006 3988 3308 4062 ἀνθρώπων
3337 3991 3600 4059 ἐπιγείων
3630 3992 3702 4047 τὰ

2111 4075 2407 4148 ἐπουράνια
2443 4079 2718 4148 μυστήρια
2757 4075 3057 4149 ἐπιζητεῖν,
3112 4080 3257 4151 ἅπερ
3299 4070 3493 4153 ἔμελλε
3550 4081 3702 4148 ἰδίοις

2110 4169 2322 4237 καιροῖς
2348 4166 2453 4219 ὑπὸ
2478 4166 2612 4221 Θεοῦ
2634 4166 3018 4223 ἐπιτελεῖσθαι.

2181 4258 2283 4311 κθ’.
2312 4257 2397 4313 Σὺ
2415 4259 2708 4323 ,βασιλεῦ’
2754 4262 2809 4314 οί
2847 4260 3127 4331 λογισμοί
3165 4274 3300 4315 σου.
3349 4259 3691 4315 Ἱππολύτου.

2111 4347 2218 4403 Τοῦ
2251 4349 2361 4423 γάρ
2397 4350 2659 4421 βασιλέως
2695 4353 3071 4424 κρατήσαντος
3106 4352 3204 4423 μὲν
3236 4351 3336 4423 τῆς
3385 4352 3489 4423 γῆς
3528 4349 3694 4420 Αἰγύ-

2110 4458 2268 4507 πτου,
2311 4442 2412 4515 τὴν
2460 4442 2517 4496 δὲ
2563 4442 2826 4498 Ἰουδαίαν
2870 4443 3055 4516 χώραν
3102 4443 3546 4516 παραλαϐόντος,
3594 4441 3691 4494 καὶ

2108 4535 2198 4588 τὸν
2235 4534 2362 4589 λαὸν
2406 4536 2848 4608 μετοικήσαντος,
2888 4535 3215 4605 διελογίζετο
3243 4536 3338 4590 ἐπὶ
3376 4535 3473 4606 τῆς
3501 4532 3688 4605 κοίτης

2106 4624 2203 4693 ὢν,
2229 4627 2283 4680 τί
2313 4627 2425 4700 ἄρα
2457 4627 2607 4683 ἔσται
2649 4627 2789 4700 μετά
2817 4628 3009 4683 ταῦτα’
3050 4631 3080 4682 6
3114 4628 3173 4683 δὲ
3206 4627 3277 4684 τὰ
3308 4626 3524 4701 κρυπτά
3554 4624 3690 4679 πάν-

2105 4734 2212 4771 των
2240 4720 2605 4791 ἐπιστάμενος
2631 4722 2727 4779 καὶ
2754 4723 2882 4785 τοὺς
2902 4719 3289 4792 διαλογισμοὺς
3314 4719 3425 4775 τῶν
3451 4718 3690 4793 καρδιῶν

2105 4808 2363 4881 ἐρευνῶν,
2397 4812 2746 4884 ἀπεκάλυψεν
2785 4812 2935 4884 αὑτῷ
2966 4812 3057 4867 διά
3087 4814 3188 4885 τῆς
3221 4814 3429 4879 εἰκόνος
3458 4814 3527 4868 τά
3565 4813 3692 4868 ἐσό-

2108 4920 2266 4974 μενα·
2311 4896 2588 4977 ἐπέκρυῷε
2624 4905 2682 4959 δὲ
2729 4908 2860 4978 παρ’
2906 4903 3073 4959 αὐτοῦ
3121 4905 3183 4958 τὺ
3216 4905 3431 4978 ὅραμα,
3477 4907 3564 4961 ἵνα
3611 4909 3690 4981 μὴ

2103 4993 2210 5049 ὑπὸ
2237 4995 2343 5049 τῶν
2370 4994 2549 5065 σοφῶν
2580 4996 2897 5061 Βαϐυλῶνος
2936 4996 3007 5050 τά
3043 4996 3138 5050 τοῦ
3167 4995 3305 5051 Θεοῦ
3344 4996 3688 5070 βουλεύματα

2102 5086 2507 5158 ἐρμηνευθῆναι
2525 5088 2748 5160 δυνηθῇ,
2771 5088 2886 5143 ἀλλ’
2913 5090 3018 5142 ὑπὸ
3042 5088 3134 5143 τοῦ
3166 5091 3438 5164 μακαρίου
3462 5091 3684 5163 Δανιὴλ,

2102 5179 2197 5233 ire
2226 5181 2513 5252 προφήτης
2530 5179 2622 5235 τοῦ
2640 5178 2797 5249 Θεοῦ,
2817 5181 2884 5235 τά
2906 5183 3070 5236 πᾶσιν
3095 5183 3557 5258 ἀποκεκρυμμένα
3582 5202 3688 5254 φα-

2101 5288 2158 5325 νε
2165 5271 2335 5343 ρωθῇ.

2168 5362 2269 5417 λα’.
2304 5364 2451 5419 Ἰδοὺ
2470 5363 2646 5419 εἰκὼν
2662 5365 2773 5434 μία
2788 5364 3044 5435 μεγάλη.
3072 5366 3411 5420 Ἱππολύτου.
3437 5365 3563 5430 Πῶς
3585 5362 3685 5423 οὖν

2098 5455 2160 5509 οὐ
2192 5455 2267 5527 μὴ
2294 5457 2577 5528 νοήσωμεν
2602 5455 2672 5509 τά
2695 5456 2862 5510 πάλαι
2888 5456 3166 5512 Βαϐυλῶνι
3196 5458 3303 5511 ὑπὸ
3327 5456 3524 5530 Δανιὴλ
3543 5474 3684 5529 προ-

2098 5548 2431 5619 φητευμένα,
2460 5547 2555 5601 καί
2575 5547 2668 5602 νῦν
2699 5547 2780 5602 ἐτι
2800 5549 2859 5603 ἐν
2890 5549 3079 5621 κόσμῳ
3110 5549 3486 5622 πληρούμενα;
3510 5551 3544 5621 ή
3567 5551 3677 5624 γάρ

2097 5639 2260 5694 εἰκὼν
2289 5640 2324 5710 ή
2356 5639 2477 5693 κατ’
2509 5640 2715 5693 ἐκεῖνον
2738 5639 2830 5694 τὸν
2860 5641 3046 5713 καιρὸν
3067 5641 3340 5712 δειχθεῖσα
3370 5641 3447 5713 τῷ
3466 5641 3682 5696 Ναϐου-

2098 5730 2410 5803 χοδονόσορ,
2454 5729 2625 5785 τύπον
2674 5734 2915 5805 περιεῖχε
2955 5732 3052 5786 τοῦ
3095 5732 3295 5797 παντὸς
3340 5734 3567 5805 κόσμου·
3615 5735 3680 5788 ἐν

2095 5817 2179 5893 οἷς
2222 5825 2430 5897 καιροῖς
2469 5822 2784 5880 ἐϐασίλευον
2835 5826 2957 5882 τότε
2992 5824 3207 5880 πάντων
3239 5828 3287 5879 οί
3317 5824 3669 5893 Βαϐυλώνιοι,
