  <div class='ocr_page' id='page_1' title='image "/cluster/home/n/w/nwhite01/storage/ocr_20150623/10/coo.31924054872894/348.png"; bbox 0 0 4128 6378; ppageno 0'>
   <div class='ocr_carea' id='block_1_1' title="bbox 342 360 2326 423">
    <p class='ocr_par' dir='ltr' id='par_1_1' title="bbox 342 360 2326 423">
     <span class='ocr_line' id='line_1_1' title="bbox 342 360 2326 423; baseline -0.005 0"><span class='ocrx_word' id='word_1_1' title='bbox 342 370 409 423; x_wconf 78' lang='lat' dir='ltr'><strong>T5</strong></span> <span class='ocrx_word' id='word_1_2' title='bbox 1529 362 1821 419; x_wconf 78' lang='lat' dir='ltr'><strong>SCHOLIA</strong></span> <span class='ocrx_word' id='word_1_3' title='bbox 1856 362 1922 416; x_wconf 89' lang='lat' dir='ltr'><strong>IN</strong></span> <span class='ocrx_word' id='word_1_4' title='bbox 1957 360 2326 418; x_wconf 72' lang='lat' dir='ltr'><strong>DANIELEM.</strong></span> 
     </span>
    </p>
   </div>
   <div class='ocr_carea' id='block_1_2' title="bbox 3474 363 3577 418">
    <p class='ocr_par' dir='ltr' id='par_1_2' title="bbox 3474 363 3577 418">
     <span class='ocr_line' id='line_1_2' title="bbox 3474 363 3577 418; baseline -0.01 -1"><span class='ocrx_word' id='word_1_5' title='bbox 3474 363 3577 418; x_wconf 71' lang='grc' dir='ltr'><strong>6ἷί</strong></span> 
     </span>
    </p>
   </div>
   <div class='ocr_carea' id='block_1_3' title="bbox 311 464 1893 557">
    <p class='ocr_par' dir='ltr' id='par_1_3' title="bbox 311 464 1893 557">
     <span class='ocr_line' id='line_1_3' title="bbox 311 464 1893 557; baseline -0.004 -17"><span class='ocrx_word' id='word_1_6' title='bbox 311 491 385 551; x_wconf 85' lang='grc' dir='ltr'>ὼς</span> <span class='ocrx_word' id='word_1_7' title='bbox 415 484 629 557; x_wconf 78' lang='grc' dir='ltr'>κεφαλὴ</span> <span class='ocrx_word' id='word_1_8' title='bbox 653 485 827 557; x_wconf 88' lang='grc' dir='ltr'>χρυσῆ</span> <span class='ocrx_word' id='word_1_9' title='bbox 862 485 960 557; x_wconf 85' lang='grc' dir='ltr'>τῆς</span> <span class='ocrx_word' id='word_1_10' title='bbox 992 482 1197 548; x_wconf 76' lang='grc' dir='ltr'><strong>εἰκόνος</strong></span> <span class='ocrx_word' id='word_1_11' title='bbox 1225 483 1580 555; x_wconf 77' lang='grc' dir='ltr'>ὑπάρχοντες·</span> <span class='ocrx_word' id='word_1_12' title='bbox 1618 464 1740 536; x_wconf 78' lang='grc' dir='ltr'>ἐπεὶ</span> <span class='ocrx_word' id='word_1_13' title='bbox 1778 483 1893 553; x_wconf 77' lang='grc' dir='ltr'>μετ’</span> 
     </span>
    </p>
   </div>
   <div class='ocr_carea' id='block_1_4' title="bbox 1993 464 3581 557">
    <p class='ocr_par' dir='ltr' id='par_1_4' title="bbox 1999 476 3581 547">
     <span class='ocr_line' id='line_1_4' title="bbox 1999 476 3581 547; baseline -0.002 -10"><span class='ocrx_word' id='word_1_14' title='bbox 1999 490 2194 537; x_wconf 71' lang='lat' dir='ltr'><strong>statua:</strong></span> <span class='ocrx_word' id='word_1_15' title='bbox 2227 488 2384 534; x_wconf 90' lang='lat' dir='ltr'><strong>erant</strong></span> <span class='ocrx_word' id='word_1_16' title='bbox 2412 493 2425 532; x_wconf 89' lang='lat'>:</span> <span class='ocrx_word' id='word_1_17' title='bbox 2454 477 2650 533; x_wconf 90' lang='lat' dir='ltr'><strong>deinde</strong></span> <span class='ocrx_word' id='word_1_18' title='bbox 2680 486 2802 547; x_wconf 90' lang='lat' dir='ltr'><strong>post</strong></span> <span class='ocrx_word' id='word_1_19' title='bbox 2833 476 2956 533; x_wconf 87' lang='lat' dir='ltr'><strong>illos</strong></span> <span class='ocrx_word' id='word_1_20' title='bbox 2994 476 3258 533; x_wconf 89' lang='lat' dir='ltr'><strong>dominati</strong></span> <span class='ocrx_word' id='word_1_21' title='bbox 3291 489 3418 534; x_wconf 87' lang='lat' dir='ltr'><strong>sunt</strong></span> <span class='ocrx_word' id='word_1_22' title='bbox 3447 477 3581 534; x_wconf 88' lang='lat' dir='ltr'><strong>Per-</strong></span> 
     </span>
    </p>
   </div>
   <div class='ocr_carea' id='block_1_5' title="bbox 317 573 1902 651">
    <p class='ocr_par' dir='ltr' id='par_1_5' title="bbox 317 573 1902 651">
     <span class='ocr_line' id='line_1_5' title="bbox 317 573 1902 651; baseline -0.004 -18"><span class='ocrx_word' id='word_1_23' title='bbox 317 581 514 643; x_wconf 73' lang='grc' dir='ltr'>αὐτοὺς</span> <span class='ocrx_word' id='word_1_24' title='bbox 562 579 875 651; x_wconf 87' lang='grc' dir='ltr'>ἐκράτησαν</span> <span class='ocrx_word' id='word_1_25' title='bbox 905 579 1112 650; x_wconf 83' lang='grc' dir='ltr'><strong>Πέρσαι</strong></span> <span class='ocrx_word' id='word_1_26' title='bbox 1150 578 1244 630; x_wconf 79' lang='grc' dir='ltr'><strong>ἐπὶ</strong></span> <span class='ocrx_word' id='word_1_27' title='bbox 1279 578 1372 646; x_wconf 80' lang='grc' dir='ltr'>ἔτη</span> <span class='ocrx_word' id='word_1_28' title='bbox 1415 583 1554 647; x_wconf 87' lang='grc' dir='ltr'>σμε’,</span> <span class='ocrx_word' id='word_1_29' title='bbox 1582 577 1657 640; x_wconf 85' lang='grc' dir='ltr'>ὡς</span> <span class='ocrx_word' id='word_1_30' title='bbox 1689 573 1902 629; x_wconf 85' lang='grc' dir='ltr'>δεικνύ-</span> 
     </span>
    </p>
   </div>
   <div class='ocr_carea' id='block_1_6' title="bbox 316 667 1904 743">
    <p class='ocr_par' dir='ltr' id='par_1_6' title="bbox 316 667 1904 743">
     <span class='ocr_line' id='line_1_6' title="bbox 316 667 1904 743; baseline -0.007 -14"><span class='ocrx_word' id='word_1_31' title='bbox 316 692 402 729; x_wconf 85' lang='grc' dir='ltr'><strong>ναι</strong></span> <span class='ocrx_word' id='word_1_32' title='bbox 433 673 658 736; x_wconf 81' lang='grc' dir='ltr'><strong>τούτους</strong></span> <span class='ocrx_word' id='word_1_33' title='bbox 689 672 780 726; x_wconf 81' lang='grc' dir='ltr'><strong>τδν</strong></span> <span class='ocrx_word' id='word_1_34' title='bbox 819 672 1075 743; x_wconf 83' lang='grc' dir='ltr'>ἄργυρον·</span> <span class='ocrx_word' id='word_1_35' title='bbox 1104 671 1414 742; x_wconf 88' lang='grc' dir='ltr'>ἐκράτησαν</span> <span class='ocrx_word' id='word_1_36' title='bbox 1439 669 1494 722; x_wconf 82' lang='grc' dir='ltr'><strong>δέ</strong></span> <span class='ocrx_word' id='word_1_37' title='bbox 1527 670 1620 722; x_wconf 81' lang='grc' dir='ltr'><strong>καὶ</strong></span> <span class='ocrx_word' id='word_1_38' title='bbox 1643 667 1904 736; x_wconf 84' lang='grc' dir='ltr'>’Έλληνες</span> 
     </span>
    </p>
   </div>
   <div class='ocr_carea' id='block_1_7' title="bbox 317 758 1899 840">
    <p class='ocr_par' dir='ltr' id='par_1_7' title="bbox 317 758 1899 840">
     <span class='ocr_line' id='line_1_7' title="bbox 317 758 1899 840; baseline -0.007 -19"><span class='ocrx_word' id='word_1_39' title='bbox 317 767 615 840; x_wconf 80' lang='grc' dir='ltr'><strong>ἀρξάμενοι</strong></span> <span class='ocrx_word' id='word_1_40' title='bbox 665 764 773 818; x_wconf 80' lang='grc' dir='ltr'>ἀπὸ</span> <span class='ocrx_word' id='word_1_41' title='bbox 825 763 1171 834; x_wconf 82' lang='grc' dir='ltr'>Ἀλεξάνδρου</span> <span class='ocrx_word' id='word_1_42' title='bbox 1217 761 1311 814; x_wconf 82' lang='grc' dir='ltr'><strong>τοῦ</strong></span> <span class='ocrx_word' id='word_1_43' title='bbox 1345 761 1653 823; x_wconf 80' lang='grc' dir='ltr'><strong>Μακεδόνος</strong></span> <span class='ocrx_word' id='word_1_44' title='bbox 1685 761 1777 812; x_wconf 76' lang='grc' dir='ltr'><strong>ἐπὶ</strong></span> <span class='ocrx_word' id='word_1_45' title='bbox 1805 758 1899 830; x_wconf 77' lang='grc' dir='ltr'>ἔτη</span> 
     </span>
    </p>
   </div>
   <div class='ocr_carea' id='block_1_8' title="bbox 314 849 1904 932">
    <p class='ocr_par' dir='ltr' id='par_1_8' title="bbox 314 849 1904 932">
     <span class='ocr_line' id='line_1_8' title="bbox 314 849 1904 932; baseline -0.006 -20"><span class='ocrx_word' id='word_1_46' title='bbox 314 859 621 932; x_wconf 78' lang='grc' dir='ltr'><strong>τριακόσια·</strong></span> <span class='ocrx_word' id='word_1_47' title='bbox 663 857 740 921; x_wconf 81' lang='grc' dir='ltr'>ὡς</span> <span class='ocrx_word' id='word_1_48' title='bbox 776 853 912 909; x_wconf 74' lang='grc' dir='ltr'>εἰναι</span> <span class='ocrx_word' id='word_1_49' title='bbox 944 855 1169 918; x_wconf 82' lang='grc' dir='ltr'><strong>τούτους</strong></span> <span class='ocrx_word' id='word_1_50' title='bbox 1215 854 1307 906; x_wconf 78' lang='grc' dir='ltr'>τὸν</span> <span class='ocrx_word' id='word_1_51' title='bbox 1339 853 1536 924; x_wconf 88' lang='grc' dir='ltr'>χαλκόν</span> <span class='ocrx_word' id='word_1_52' title='bbox 1556 869 1569 882; x_wconf 90' lang='grc'><strong>·</strong></span> <span class='ocrx_word' id='word_1_53' title='bbox 1617 851 1754 930; x_wconf 83' lang='grc' dir='ltr'>μετὰ</span> <span class='ocrx_word' id='word_1_54' title='bbox 1782 849 1904 902; x_wconf 87' lang='grc' dir='ltr'>τού-</span> 
     </span>
    </p>
   </div>
   <div class='ocr_carea' id='block_1_9' title="bbox 311 942 1901 1018">
    <p class='ocr_par' dir='ltr' id='par_1_9' title="bbox 311 942 1901 1018">
     <span class='ocr_line' id='line_1_9' title="bbox 311 942 1901 1018; baseline -0.005 -16"><span class='ocrx_word' id='word_1_55' title='bbox 311 967 438 1013; x_wconf 82' lang='grc' dir='ltr'>τους</span> <span class='ocrx_word' id='word_1_56' title='bbox 479 950 760 1018; x_wconf 84' lang='grc' dir='ltr'>Ῥωμαῖοι,</span> <span class='ocrx_word' id='word_1_57' title='bbox 787 947 993 1018; x_wconf 80' lang='grc' dir='ltr'>κνῆμαι</span> <span class='ocrx_word' id='word_1_58' title='bbox 1025 945 1238 1017; x_wconf 83' lang='grc' dir='ltr'><strong>σιδηραῖ</strong></span> <span class='ocrx_word' id='word_1_59' title='bbox 1267 945 1366 1015; x_wconf 77' lang='grc' dir='ltr'>τῆς</span> <span class='ocrx_word' id='word_1_60' title='bbox 1398 945 1603 1006; x_wconf 83' lang='grc' dir='ltr'>εἰκόνος</span> <span class='ocrx_word' id='word_1_61' title='bbox 1632 942 1901 1013; x_wconf 82' lang='grc' dir='ltr'>ὑράρχον-</span> 
     </span>
    </p>
   </div>
   <div class='ocr_carea' id='block_1_10' title="bbox 310 1025 1900 1111">
    <p class='ocr_par' dir='ltr' id='par_1_10' title="bbox 310 1025 1900 1111">
     <span class='ocr_line' id='line_1_10' title="bbox 310 1025 1900 1111; baseline -0.004 -17"><span class='ocrx_word' id='word_1_62' title='bbox 310 1059 423 1104; x_wconf 85' lang='grc' dir='ltr'>τες,</span> <span class='ocrx_word' id='word_1_63' title='bbox 460 1041 674 1111; x_wconf 77' lang='grc' dir='ltr'>ἰσχυροὶ</span> <span class='ocrx_word' id='word_1_64' title='bbox 705 1040 878 1104; x_wconf 75' lang='grc' dir='ltr'>ὄντες,</span> <span class='ocrx_word' id='word_1_65' title='bbox 909 1038 983 1101; x_wconf 84' lang='grc' dir='ltr'>ὡς</span> <span class='ocrx_word' id='word_1_66' title='bbox 1015 1037 1252 1109; x_wconf 85' lang='grc' dir='ltr'>σίδηρος·</span> <span class='ocrx_word' id='word_1_67' title='bbox 1286 1036 1474 1089; x_wconf 76' lang='grc' dir='ltr'>ἔπειτα</span> <span class='ocrx_word' id='word_1_68' title='bbox 1512 1034 1759 1088; x_wconf 84' lang='grc' dir='ltr'>δάκτυλοι</span> <span class='ocrx_word' id='word_1_69' title='bbox 1790 1025 1900 1088; x_wconf 84' lang='grc' dir='ltr'>πο-</span> 
     </span>
    </p>
   </div>
   <div class='ocr_carea' id='block_1_11' title="bbox 310 1123 1900 1201">
    <p class='ocr_par' dir='ltr' id='par_1_11' title="bbox 310 1123 1900 1201">
     <span class='ocr_line' id='line_1_11' title="bbox 310 1123 1900 1201; baseline -0.005 -18"><span class='ocrx_word' id='word_1_70' title='bbox 310 1129 416 1183; x_wconf 86' lang='grc' dir='ltr'><strong>δῶν</strong></span> <span class='ocrx_word' id='word_1_71' title='bbox 451 1130 722 1201; x_wconf 72' lang='grc' dir='ltr'>ὄστρακον</span> <span class='ocrx_word' id='word_1_72' title='bbox 766 1127 860 1180; x_wconf 75' lang='grc' dir='ltr'><strong>καὶ</strong></span> <span class='ocrx_word' id='word_1_73' title='bbox 915 1127 1150 1198; x_wconf 88' lang='grc' dir='ltr'>σίδηρος,</span> <span class='ocrx_word' id='word_1_74' title='bbox 1187 1127 1272 1179; x_wconf 82' lang='grc' dir='ltr'>ἵνα</span> <span class='ocrx_word' id='word_1_75' title='bbox 1313 1124 1596 1195; x_wconf 82' lang='grc' dir='ltr'>δειχθῶσιν</span> <span class='ocrx_word' id='word_1_76' title='bbox 1644 1125 1700 1176; x_wconf 89' lang='grc' dir='ltr'><strong>αἰ</strong></span> <span class='ocrx_word' id='word_1_77' title='bbox 1727 1123 1900 1194; x_wconf 67' lang='grc' dir='ltr'>δημοιο</span> 
     </span>
    </p>
   </div>
   <div class='ocr_carea' id='block_1_12' title="bbox 312 1215 1902 1292">
    <p class='ocr_par' dir='ltr' id='par_1_12' title="bbox 312 1215 1902 1292">
     <span class='ocr_line' id='line_1_12' title="bbox 312 1215 1902 1292; baseline -0.004 -19"><span class='ocrx_word' id='word_1_78' title='bbox 312 1219 537 1292; x_wconf 86' lang='grc' dir='ltr'>κρατίαι</span> <span class='ocrx_word' id='word_1_79' title='bbox 561 1221 617 1273; x_wconf 90' lang='grc' dir='ltr'><strong>αἰ</strong></span> <span class='ocrx_word' id='word_1_80' title='bbox 643 1219 932 1290; x_wconf 79' lang='grc' dir='ltr'>μέλλουσαι</span> <span class='ocrx_word' id='word_1_81' title='bbox 963 1217 1245 1286; x_wconf 87' lang='grc' dir='ltr'>γίγνεσθαι</span> <span class='ocrx_word' id='word_1_82' title='bbox 1273 1215 1646 1287; x_wconf 83' lang='grc' dir='ltr'>διαιρούμεναι</span> <span class='ocrx_word' id='word_1_83' title='bbox 1674 1217 1754 1277; x_wconf 89' lang='grc' dir='ltr'><strong>εἰς</strong></span> <span class='ocrx_word' id='word_1_84' title='bbox 1773 1215 1902 1277; x_wconf 83' lang='grc' dir='ltr'>τοὺς</span> 
     </span>
    </p>
   </div>
   <div class='ocr_carea' id='block_1_13' title="bbox 313 1303 1900 1381">
    <p class='ocr_par' dir='ltr' id='par_1_13' title="bbox 313 1303 1900 1381">
     <span class='ocr_line' id='line_1_13' title="bbox 313 1303 1900 1381; baseline -0.004 -16"><span class='ocrx_word' id='word_1_85' title='bbox 313 1321 344 1366; x_wconf 87' lang='grc' dir='ltr'>ι’</span> <span class='ocrx_word' id='word_1_86' title='bbox 372 1311 673 1375; x_wconf 86' lang='grc' dir='ltr'>δακτύλους</span> <span class='ocrx_word' id='word_1_87' title='bbox 702 1312 803 1381; x_wconf 84' lang='grc' dir='ltr'>τῆς</span> <span class='ocrx_word' id='word_1_88' title='bbox 826 1311 1054 1374; x_wconf 78' lang='grc' dir='ltr'>εἰκόνος,</span> <span class='ocrx_word' id='word_1_89' title='bbox 1086 1311 1144 1363; x_wconf 90' lang='grc' dir='ltr'><strong>ἐν</strong></span> <span class='ocrx_word' id='word_1_90' title='bbox 1177 1303 1259 1372; x_wconf 78' lang='grc' dir='ltr'>οἷς</span> <span class='ocrx_word' id='word_1_91' title='bbox 1279 1307 1428 1361; x_wconf 86' lang='grc' dir='ltr'>ἕσται</span> <span class='ocrx_word' id='word_1_92' title='bbox 1454 1307 1668 1379; x_wconf 86' lang='grc' dir='ltr'>σίδηρος</span> <span class='ocrx_word' id='word_1_93' title='bbox 1695 1307 1900 1377; x_wconf 85' lang='grc' dir='ltr'>ἀναμε-</span> 
     </span>
    </p>
   </div>
   <div class='ocr_carea' id='block_1_14' title="bbox 313 1403 995 1476">
    <p class='ocr_par' dir='ltr' id='par_1_14' title="bbox 313 1403 995 1476">
     <span class='ocr_line' id='line_1_14' title="bbox 313 1403 995 1476; baseline 0 -18"><span class='ocrx_word' id='word_1_94' title='bbox 313 1404 582 1476; x_wconf 82' lang='grc' dir='ltr'>μιγμένος</span> <span class='ocrx_word' id='word_1_95' title='bbox 613 1403 691 1474; x_wconf 79' lang='grc' dir='ltr'><strong>τῷ</strong></span> <span class='ocrx_word' id='word_1_96' title='bbox 721 1404 995 1476; x_wconf 78' lang='grc' dir='ltr'><strong>ὀστράκῳ.</strong></span> 
     </span>
    </p>
   </div>
   <div class='ocr_carea' id='block_1_15' title="bbox 377 1494 1883 1566">
    <p class='ocr_par' dir='ltr' id='par_1_15' title="bbox 377 1494 1883 1566">
     <span class='ocr_line' id='line_1_15' title="bbox 377 1494 1883 1566; baseline -0.001 -18"><span class='ocrx_word' id='word_1_97' title='bbox 377 1497 803 1565; x_wconf 75' lang='grc' dir='ltr'>λα’.Ἐθεώρεις,</span> <span class='ocrx_word' id='word_1_98' title='bbox 831 1517 882 1552; x_wconf 87' lang='grc' dir='ltr'>κ.</span> <span class='ocrx_word' id='word_1_99' title='bbox 909 1498 1034 1552; x_wconf 91' lang='grc' dir='ltr'>τ.·λ.</span> <span class='ocrx_word' id='word_1_100' title='bbox 1052 1494 1770 1566; x_wconf 84' lang='grc' dir='ltr'>Ἀπολλιναρίου.Ἕ6λεπεν,</span> <span class='ocrx_word' id='word_1_101' title='bbox 1790 1495 1883 1548; x_wconf 76' lang='grc' dir='ltr'><strong>καὶ</strong></span> 
     </span>
    </p>
   </div>
   <div class='ocr_carea' id='block_1_16' title="bbox 308 1585 1884 1660">
    <p class='ocr_par' dir='ltr' id='par_1_16' title="bbox 308 1585 1884 1660">
     <span class='ocr_line' id='line_1_16' title="bbox 308 1585 1884 1660; baseline -0.003 -19"><span class='ocrx_word' id='word_1_102' title='bbox 308 1586 440 1641; x_wconf 77' lang='grc' dir='ltr'>ὡσεὶ</span> <span class='ocrx_word' id='word_1_103' title='bbox 469 1589 694 1659; x_wconf 79' lang='grc' dir='ltr'>ἀνδριὰς</span> <span class='ocrx_word' id='word_1_104' title='bbox 716 1585 814 1652; x_wconf 83' lang='grc' dir='ltr'>εἷς·</span> <span class='ocrx_word' id='word_1_105' title='bbox 836 1585 902 1658; x_wconf 82' lang='grc' dir='ltr'>ἦν</span> <span class='ocrx_word' id='word_1_106' title='bbox 937 1590 1047 1660; x_wconf 83' lang='grc' dir='ltr'><strong>γὰρ</strong></span> <span class='ocrx_word' id='word_1_107' title='bbox 1080 1588 1252 1660; x_wconf 88' lang='grc' dir='ltr'>τούτῳ</span> <span class='ocrx_word' id='word_1_108' title='bbox 1289 1588 1362 1651; x_wconf 81' lang='grc' dir='ltr'>ὡς</span> <span class='ocrx_word' id='word_1_109' title='bbox 1402 1587 1536 1657; x_wconf 82' lang='grc' dir='ltr'>πρὸς</span> <span class='ocrx_word' id='word_1_110' title='bbox 1562 1587 1652 1639; x_wconf 86' lang='grc' dir='ltr'><strong>τὸν</strong></span> <span class='ocrx_word' id='word_1_111' title='bbox 1675 1585 1884 1657; x_wconf 87' lang='grc' dir='ltr'>ὁρῶντα</span> 
     </span>
    </p>
   </div>
   <div class='ocr_carea' id='block_1_17' title="bbox 309 1673 1882 1750">
    <p class='ocr_par' dir='ltr' id='par_1_17' title="bbox 309 1673 1882 1750">
     <span class='ocr_line' id='line_1_17' title="bbox 309 1673 1882 1750; baseline -0.003 -20"><span class='ocrx_word' id='word_1_112' title='bbox 309 1680 406 1748; x_wconf 71' lang='grc' dir='ltr'>οὐχ</span> <span class='ocrx_word' id='word_1_113' title='bbox 421 1679 778 1750; x_wconf 85' lang='grc' dir='ltr'>ὑποκείμενόν</span> <span class='ocrx_word' id='word_1_114' title='bbox 798 1697 872 1742; x_wconf 90' lang='grc' dir='ltr'><strong>τι,</strong></span> <span class='ocrx_word' id='word_1_115' title='bbox 887 1679 998 1731; x_wconf 79' lang='grc' dir='ltr'>ἀλλ’</span> <span class='ocrx_word' id='word_1_116' title='bbox 1020 1678 1274 1748; x_wconf 84' lang='grc' dir='ltr'>ὁμοίωσις</span> <span class='ocrx_word' id='word_1_117' title='bbox 1291 1673 1604 1747; x_wconf 79' lang='grc' dir='ltr'>φαινομένη·</span> <span class='ocrx_word' id='word_1_118' title='bbox 1628 1677 1675 1728; x_wconf 89' lang='grc' dir='ltr'><strong>εἰ</strong></span> <span class='ocrx_word' id='word_1_119' title='bbox 1697 1675 1750 1728; x_wconf 85' lang='grc' dir='ltr'><strong>δὲ</strong></span> <span class='ocrx_word' id='word_1_120' title='bbox 1765 1675 1882 1745; x_wconf 72' lang='grc' dir='ltr'>(κίε)</span> 
     </span>
    </p>
   </div>
   <div class='ocr_carea' id='block_1_18' title="bbox 313 1767 1884 1840">
    <p class='ocr_par' dir='ltr' id='par_1_18' title="bbox 313 1767 1884 1840">
     <span class='ocr_line' id='line_1_18' title="bbox 313 1767 1884 1840; baseline -0.002 -18"><span class='ocrx_word' id='word_1_121' title='bbox 313 1770 406 1823; x_wconf 78' lang='grc' dir='ltr'>καὶ</span> <span class='ocrx_word' id='word_1_122' title='bbox 444 1769 657 1823; x_wconf 81' lang='grc' dir='ltr'>πολλῶν</span> <span class='ocrx_word' id='word_1_123' title='bbox 703 1770 814 1840; x_wconf 76' lang='grc' dir='ltr'>ἔχει</span> <span class='ocrx_word' id='word_1_124' title='bbox 860 1770 1052 1822; x_wconf 84' lang='grc' dir='ltr'>ἐνωσιν</span> <span class='ocrx_word' id='word_1_125' title='bbox 1099 1771 1157 1822; x_wconf 86' lang='grc' dir='ltr'><strong>ἐν</strong></span> <span class='ocrx_word' id='word_1_126' title='bbox 1194 1767 1370 1838; x_wconf 84' lang='grc' dir='ltr'>ἐαυτῷ</span> <span class='ocrx_word' id='word_1_127' title='bbox 1406 1768 1546 1821; x_wconf 85' lang='grc' dir='ltr'>ὣστε</span> <span class='ocrx_word' id='word_1_128' title='bbox 1583 1767 1681 1820; x_wconf 84' lang='grc' dir='ltr'><strong>οὐκ</strong></span> <span class='ocrx_word' id='word_1_129' title='bbox 1717 1768 1884 1830; x_wconf 78' lang='grc' dir='ltr'>ὅντως</span> 
     </span>
    </p>
   </div>
   <div class='ocr_carea' id='block_1_19' title="bbox 2008 570 3584 641">
    <p class='ocr_par' dir='ltr' id='par_1_19' title="bbox 2008 570 3584 641">
     <span class='ocr_line' id='line_1_19' title="bbox 2008 570 3584 641; baseline 0.002 -14"><span class='ocrx_word' id='word_1_130' title='bbox 2008 589 2082 627; x_wconf 66' lang='lat' dir='ltr'><strong>sae</strong></span> <span class='ocrx_word' id='word_1_131' title='bbox 2107 574 2264 627; x_wconf 90' lang='lat' dir='ltr'><strong>annis</strong></span> <span class='ocrx_word' id='word_1_132' title='bbox 2297 572 2547 627; x_wconf 79' lang='lat' dir='ltr'><strong>ducentis</strong></span> <span class='ocrx_word' id='word_1_133' title='bbox 2566 571 2922 640; x_wconf 77' lang='lat' dir='ltr'><strong>quadraginta</strong></span> <span class='ocrx_word' id='word_1_134' title='bbox 2947 570 3222 641; x_wconf 91' lang='lat' dir='ltr'><strong>quinque;</strong></span> <span class='ocrx_word' id='word_1_135' title='bbox 3254 572 3457 627; x_wconf 91' lang='lat' dir='ltr'><strong>indicat</strong></span> <span class='ocrx_word' id='word_1_136' title='bbox 3487 591 3584 630; x_wconf 88' lang='lat' dir='ltr'><strong>eos</strong></span> 
     </span>
    </p>
   </div>
   <div class='ocr_carea' id='block_1_20' title="bbox 2005 655 3584 736">
    <p class='ocr_par' dir='ltr' id='par_1_20' title="bbox 2005 655 3584 736">
     <span class='ocr_line' id='line_1_20' title="bbox 2005 655 3584 736; baseline 0.003 -18"><span class='ocrx_word' id='word_1_137' title='bbox 2005 655 2288 736; x_wconf 81' lang='lat' dir='ltr'><strong>argentum</strong></span> <span class='ocrx_word' id='word_1_138' title='bbox 2332 683 2345 720; x_wconf 94' lang='lat'><strong>:</strong></span> <span class='ocrx_word' id='word_1_139' title='bbox 2387 674 2709 736; x_wconf 89' lang='lat' dir='ltr'><strong>potestatem</strong></span> <span class='ocrx_word' id='word_1_140' title='bbox 2763 680 2891 718; x_wconf 88' lang='lat' dir='ltr'><strong>vero</strong></span> <span class='ocrx_word' id='word_1_141' title='bbox 2944 666 3252 721; x_wconf 89' lang='lat' dir='ltr'><strong>habuerunt</strong></span> <span class='ocrx_word' id='word_1_142' title='bbox 3296 666 3468 722; x_wconf 62' lang='lat' dir='ltr'><strong>Graeci</strong></span> <span class='ocrx_word' id='word_1_143' title='bbox 3515 670 3584 723; x_wconf 92' lang='lat' dir='ltr'><strong>ab</strong></span> 
     </span>
    </p>
   </div>
   <div class='ocr_carea' id='block_1_21' title="bbox 2005 753 3581 827">
    <p class='ocr_par' dir='ltr' id='par_1_21' title="bbox 2005 753 3581 827">
     <span class='ocr_line' id='line_1_21' title="bbox 2005 753 3581 827; baseline 0.003 -15"><span class='ocrx_word' id='word_1_144' title='bbox 2005 753 2319 812; x_wconf 74' lang='lat' dir='ltr'><strong>Alexandro</strong></span> <span class='ocrx_word' id='word_1_145' title='bbox 2351 758 2642 812; x_wconf 81' lang='lat' dir='ltr'><strong>Macedone</strong></span> <span class='ocrx_word' id='word_1_146' title='bbox 2672 758 2831 812; x_wconf 90' lang='lat' dir='ltr'><strong>annis</strong></span> <span class='ocrx_word' id='word_1_147' title='bbox 2857 758 3147 824; x_wconf 86' lang='lat' dir='ltr'><strong>trecentis;</strong></span> <span class='ocrx_word' id='word_1_148' title='bbox 3178 757 3278 827; x_wconf 87' lang='lat' dir='ltr'><strong>ipsi</strong></span> <span class='ocrx_word' id='word_1_149' title='bbox 3307 774 3382 813; x_wconf 68' lang='lat' dir='ltr'><strong>aas</strong></span> <span class='ocrx_word' id='word_1_150' title='bbox 3406 767 3581 816; x_wconf 89' lang='lat' dir='ltr'><strong>erant.</strong></span> 
     </span>
    </p>
   </div>
   <div class='ocr_carea' id='block_1_22' title="bbox 2004 848 3583 915">
    <p class='ocr_par' dir='ltr' id='par_1_22' title="bbox 2004 848 3583 915">
     <span class='ocr_line' id='line_1_22' title="bbox 2004 848 3583 915; baseline 0.003 -13"><span class='ocrx_word' id='word_1_151' title='bbox 2004 848 2135 904; x_wconf 88' lang='lat' dir='ltr'><strong>Post</strong></span> <span class='ocrx_word' id='word_1_152' title='bbox 2168 850 2269 904; x_wconf 91' lang='lat' dir='ltr'><strong>hos</strong></span> <span class='ocrx_word' id='word_1_153' title='bbox 2297 851 2548 913; x_wconf 82' lang='lat' dir='ltr'><strong>Romani,</strong></span> <span class='ocrx_word' id='word_1_154' title='bbox 2573 866 2732 905; x_wconf 90' lang='lat' dir='ltr'><strong>crura</strong></span> <span class='ocrx_word' id='word_1_155' title='bbox 2778 849 2952 904; x_wconf 77' lang='lat' dir='ltr'><strong>terrea</strong></span> <span class='ocrx_word' id='word_1_156' title='bbox 2983 859 3198 915; x_wconf 63' lang='lat' dir='ltr'><strong>statua},</strong></span> <span class='ocrx_word' id='word_1_157' title='bbox 3228 852 3436 907; x_wconf 86' lang='lat' dir='ltr'><strong>robusti</strong></span> <span class='ocrx_word' id='word_1_158' title='bbox 3479 853 3583 907; x_wconf 87' lang='lat' dir='ltr'><strong>viri</strong></span> 
     </span>
    </p>
   </div>
   <div class='ocr_carea' id='block_1_23' title="bbox 2005 941 3579 1013">
    <p class='ocr_par' dir='ltr' id='par_1_23' title="bbox 2005 941 3579 1013">
     <span class='ocr_line' id='line_1_23' title="bbox 2005 941 3579 1013; baseline 0.003 -18"><span class='ocrx_word' id='word_1_159' title='bbox 2005 952 2064 996; x_wconf 89' lang='lat' dir='ltr'><strong>ut</strong></span> <span class='ocrx_word' id='word_1_160' title='bbox 2100 941 2302 997; x_wconf 80' lang='lat' dir='ltr'><strong>ferrum</strong></span> <span class='ocrx_word' id='word_1_161' title='bbox 2332 962 2343 997; x_wconf 91' lang='lat'><strong>:</strong></span> <span class='ocrx_word' id='word_1_162' title='bbox 2379 943 2573 997; x_wconf 88' lang='lat' dir='ltr'><strong>deinde</strong></span> <span class='ocrx_word' id='word_1_163' title='bbox 2603 943 2755 1013; x_wconf 82' lang='lat' dir='ltr'><strong>digiti</strong></span> <span class='ocrx_word' id='word_1_164' title='bbox 2795 944 3024 1012; x_wconf 90' lang='lat' dir='ltr'><strong>pedum,</strong></span> <span class='ocrx_word' id='word_1_165' title='bbox 3070 952 3205 998; x_wconf 89' lang='lat' dir='ltr'><strong>testa</strong></span> <span class='ocrx_word' id='word_1_166' title='bbox 3235 953 3289 999; x_wconf 89' lang='lat' dir='ltr'><strong>et</strong></span> <span class='ocrx_word' id='word_1_167' title='bbox 3330 945 3535 1000; x_wconf 77' lang='lat' dir='ltr'><strong>ferrum</strong></span> <span class='ocrx_word' id='word_1_168' title='bbox 3564 963 3579 1000; x_wconf 90' lang='lat'><strong>:</strong></span> 
     </span>
    </p>
   </div>
   <div class='ocr_carea' id='block_1_24' title="bbox 2008 1034 3580 1100">
    <p class='ocr_par' dir='ltr' id='par_1_24' title="bbox 2008 1034 3580 1100">
     <span class='ocr_line' id='line_1_24' title="bbox 2008 1034 3580 1100; baseline 0.003 -14"><span class='ocrx_word' id='word_1_169' title='bbox 2008 1043 2066 1087; x_wconf 93' lang='lat' dir='ltr'><strong>ut</strong></span> <span class='ocrx_word' id='word_1_170' title='bbox 2099 1044 2534 1090; x_wconf 90' lang='lat' dir='ltr'><strong>monstrarentur</strong></span> <span class='ocrx_word' id='word_1_171' title='bbox 2558 1035 2902 1088; x_wconf 83' lang='lat' dir='ltr'><strong>democratiae</strong></span> <span class='ocrx_word' id='word_1_172' title='bbox 2927 1034 3155 1100; x_wconf 66' lang='lat' dir='ltr'><strong>futurae,</strong></span> <span class='ocrx_word' id='word_1_173' title='bbox 3193 1037 3382 1091; x_wconf 69' lang='lat' dir='ltr'><strong>divisa:</strong></span> <span class='ocrx_word' id='word_1_174' title='bbox 3405 1038 3457 1090; x_wconf 91' lang='lat' dir='ltr'><strong>in</strong></span> <span class='ocrx_word' id='word_1_175' title='bbox 3483 1038 3580 1092; x_wconf 90' lang='lat' dir='ltr'><strong>de-</strong></span> 
     </span>
    </p>
   </div>
   <div class='ocr_carea' id='block_1_25' title="bbox 2001 1127 3579 1200">
    <p class='ocr_par' dir='ltr' id='par_1_25' title="bbox 2001 1127 3579 1200">
     <span class='ocr_line' id='line_1_25' title="bbox 2001 1127 3579 1200; baseline 0 -16"><span class='ocrx_word' id='word_1_176' title='bbox 2001 1145 2118 1184; x_wconf 88' lang='lat' dir='ltr'><strong>cem</strong></span> <span class='ocrx_word' id='word_1_177' title='bbox 2154 1129 2354 1200; x_wconf 78' lang='lat' dir='ltr'><strong>digitos</strong></span> <span class='ocrx_word' id='word_1_178' title='bbox 2396 1136 2608 1191; x_wconf 66' lang='lat' dir='ltr'><strong>statuaa,</strong></span> <span class='ocrx_word' id='word_1_179' title='bbox 2657 1127 2710 1181; x_wconf 92' lang='lat' dir='ltr'><strong>in</strong></span> <span class='ocrx_word' id='word_1_180' title='bbox 2753 1127 2956 1197; x_wconf 87' lang='lat' dir='ltr'><strong>quibus</strong></span> <span class='ocrx_word' id='word_1_181' title='bbox 2985 1128 3091 1182; x_wconf 91' lang='lat' dir='ltr'><strong>erit</strong></span> <span class='ocrx_word' id='word_1_182' title='bbox 3119 1127 3323 1182; x_wconf 82' lang='lat' dir='ltr'><strong>ferrum</strong></span> <span class='ocrx_word' id='word_1_183' title='bbox 3355 1129 3579 1184; x_wconf 90' lang='lat' dir='ltr'><strong>mistum</strong></span> 
     </span>
    </p>
   </div>
   <div class='ocr_carea' id='block_1_26' title="bbox 2002 1229 2174 1276">
    <p class='ocr_par' dir='ltr' id='par_1_26' title="bbox 2002 1229 2174 1276">
     <span class='ocr_line' id='line_1_26' title="bbox 2002 1229 2174 1276; baseline -0.006 -1"><span class='ocrx_word' id='word_1_184' title='bbox 2002 1229 2174 1276; x_wconf 74' lang='grc' dir='ltr'>ῑεειεε.</span> 
     </span>
    </p>
   </div>
   <div class='ocr_carea' id='block_1_27' title="bbox 2076 1495 3578 1571">
    <p class='ocr_par' dir='ltr' id='par_1_27' title="bbox 2076 1495 3578 1571">
     <span class='ocr_line' id='line_1_27' title="bbox 2076 1495 3578 1571; baseline 0.003 -22"><span class='ocrx_word' id='word_1_185' title='bbox 2076 1495 2136 1550; x_wconf 81' lang='grc' dir='ltr'>ν.</span> <span class='ocrx_word' id='word_1_186' title='bbox 2166 1495 2252 1561; x_wconf 70' lang='grc'><strong>51.</strong></span> <span class='ocrx_word' id='word_1_187' title='bbox 2301 1497 2558 1560; x_wconf 75' lang='grc' dir='ltr'>νίάεὸαεζ</span> <span class='ocrx_word' id='word_1_188' title='bbox 2598 1509 2702 1554; x_wconf 85' lang='lat' dir='ltr'><strong>etc.</strong></span> <span class='ocrx_word' id='word_1_189' title='bbox 2735 1498 3077 1568; x_wconf 86' lang='lat' dir='ltr'><strong>Apollinarii.</strong></span> <span class='ocrx_word' id='word_1_190' title='bbox 3116 1497 3264 1569; x_wconf 85' lang='lat' dir='ltr'><strong>(Non</strong></span> <span class='ocrx_word' id='word_1_191' title='bbox 3298 1517 3416 1554; x_wconf 81' lang='lat' dir='ltr'><strong>vero</strong></span> <span class='ocrx_word' id='word_1_192' title='bbox 3444 1499 3578 1571; x_wconf 88' lang='lat' dir='ltr'><strong>Hip-</strong></span> 
     </span>
    </p>
   </div>
   <div class='ocr_carea' id='block_1_28' title="bbox 1998 1586 3578 1660">
    <p class='ocr_par' dir='ltr' id='par_1_28' title="bbox 1998 1586 3578 1660">
     <span class='ocr_line' id='line_1_28' title="bbox 1998 1586 3578 1660; baseline 0.003 -21"><span class='ocrx_word' id='word_1_193' title='bbox 1998 1586 2185 1658; x_wconf 84' lang='lat' dir='ltr'><strong>polyti.</strong></span> <span class='ocrx_word' id='word_1_194' title='bbox 2229 1586 2334 1640; x_wconf 78' lang='lat' dir='ltr'><strong>Hic</strong></span> <span class='ocrx_word' id='word_1_195' title='bbox 2371 1587 2434 1640; x_wconf 89' lang='lat' dir='ltr'><strong>de</strong></span> <span class='ocrx_word' id='word_1_196' title='bbox 2469 1587 2562 1640; x_wconf 84' lang='lat' dir='ltr'><strong>illo</strong></span> <span class='ocrx_word' id='word_1_197' title='bbox 2609 1589 2803 1640; x_wconf 84' lang='lat' dir='ltr'><strong>mentio</strong></span> <span class='ocrx_word' id='word_1_198' title='bbox 2845 1598 3049 1642; x_wconf 86' lang='lat' dir='ltr'><strong>tantum</strong></span> <span class='ocrx_word' id='word_1_199' title='bbox 3091 1590 3203 1660; x_wconf 79' lang='lat' dir='ltr'><strong>ﬁt.)</strong></span> <span class='ocrx_word' id='word_1_200' title='bbox 3243 1591 3578 1658; x_wconf 83' lang='lat' dir='ltr'><strong>Aspiciehat,</strong></span> 
     </span>
    </p>
   </div>
   <div class='ocr_carea' id='block_1_29' title="bbox 1996 1679 3577 1751">
    <p class='ocr_par' dir='ltr' id='par_1_29' title="bbox 1996 1679 3577 1751">
     <span class='ocr_line' id='line_1_29' title="bbox 1996 1679 3577 1751; baseline 0.005 -21"><span class='ocrx_word' id='word_1_201' title='bbox 1996 1688 2049 1730; x_wconf 92' lang='lat' dir='ltr'><strong>et</strong></span> <span class='ocrx_word' id='word_1_202' title='bbox 2097 1693 2222 1731; x_wconf 89' lang='lat' dir='ltr'><strong>ecce</strong></span> <span class='ocrx_word' id='word_1_203' title='bbox 2261 1679 2415 1748; x_wconf 88' lang='lat' dir='ltr'><strong>quasi</strong></span> <span class='ocrx_word' id='word_1_204' title='bbox 2457 1687 2634 1733; x_wconf 86' lang='lat' dir='ltr'><strong>statua</strong></span> <span class='ocrx_word' id='word_1_205' title='bbox 2679 1694 2825 1732; x_wconf 90' lang='lat' dir='ltr'><strong>una:</strong></span> <span class='ocrx_word' id='word_1_206' title='bbox 2869 1688 2985 1733; x_wconf 90' lang='lat' dir='ltr'><strong>erat</strong></span> <span class='ocrx_word' id='word_1_207' title='bbox 3034 1682 3179 1734; x_wconf 88' lang='lat' dir='ltr'><strong>enim</strong></span> <span class='ocrx_word' id='word_1_208' title='bbox 3215 1695 3396 1735; x_wconf 86' lang='lat' dir='ltr'><strong>coram</strong></span> <span class='ocrx_word' id='word_1_209' title='bbox 3441 1683 3577 1751; x_wconf 87' lang='lat' dir='ltr'><strong>illo,</strong></span> 
     </span>
    </p>
   </div>
   <div class='ocr_carea' id='block_1_30' title="bbox 1995 1770 3582 1840">
    <p class='ocr_par' dir='ltr' id='par_1_30' title="bbox 1995 1770 3582 1840">
     <span class='ocr_line' id='line_1_30' title="bbox 1995 1770 3582 1840; baseline 0.004 -18"><span class='ocrx_word' id='word_1_210' title='bbox 1995 1785 2103 1823; x_wconf 91' lang='lat' dir='ltr'><strong>non</strong></span> <span class='ocrx_word' id='word_1_211' title='bbox 2134 1780 2193 1824; x_wconf 93' lang='lat' dir='ltr'><strong>ut</strong></span> <span class='ocrx_word' id='word_1_212' title='bbox 2221 1770 2394 1824; x_wconf 85' lang='lat' dir='ltr'><strong>cuivis</strong></span> <span class='ocrx_word' id='word_1_213' title='bbox 2417 1771 2705 1840; x_wconf 89' lang='lat' dir='ltr'><strong>spcctatori</strong></span> <span class='ocrx_word' id='word_1_214' title='bbox 2739 1770 2942 1838; x_wconf 88' lang='lat' dir='ltr'><strong>aliquid</strong></span> <span class='ocrx_word' id='word_1_215' title='bbox 2973 1770 3301 1839; x_wconf 81' lang='lat' dir='ltr'><strong>expositum,</strong></span> <span class='ocrx_word' id='word_1_216' title='bbox 3341 1772 3432 1826; x_wconf 89' lang='lat' dir='ltr'><strong>sed</strong></span> <span class='ocrx_word' id='word_1_217' title='bbox 3463 1782 3582 1828; x_wconf 86' lang='lat' dir='ltr'><strong>erat</strong></span> 
     </span>
    </p>
   </div>
   <div class='ocr_carea' id='block_1_31' title="bbox 304 1849 1893 1930">
    <p class='ocr_par' dir='ltr' id='par_1_31' title="bbox 304 1850 1891 1930">
     <span class='ocr_line' id='line_1_31' title="bbox 304 1850 1891 1930; baseline -0.002 -20"><span class='ocrx_word' id='word_1_218' title='bbox 304 1850 404 1918; x_wconf 79' lang='grc' dir='ltr'>εἷς,</span> <span class='ocrx_word' id='word_1_219' title='bbox 441 1857 613 1921; x_wconf 82' lang='grc' dir='ltr'>πολὺς</span> <span class='ocrx_word' id='word_1_220' title='bbox 648 1859 676 1911; x_wconf 94' lang='lat'><strong>6</strong></span> <span class='ocrx_word' id='word_1_221' title='bbox 709 1857 1190 1930; x_wconf 78' lang='grc' dir='ltr'>ἀνδριὰςέκεῖνος·</span> <span class='ocrx_word' id='word_1_222' title='bbox 1226 1857 1333 1910; x_wconf 86' lang='grc' dir='ltr'><strong>τῶν</strong></span> <span class='ocrx_word' id='word_1_223' title='bbox 1367 1857 1474 1928; x_wconf 82' lang='grc' dir='ltr'>γὰρ</span> <span class='ocrx_word' id='word_1_224' title='bbox 1509 1856 1694 1910; x_wconf 85' lang='grc' dir='ltr'>πασῶν</span> <span class='ocrx_word' id='word_1_225' title='bbox 1737 1857 1891 1926; x_wconf 68' lang='grc' dir='ltr'>βασια</span> 
     </span>
    </p>
   </div>
   <div class='ocr_carea' id='block_1_32' title="bbox 1993 1849 3577 1930">
    <p class='ocr_par' dir='ltr' id='par_1_32' title="bbox 1996 1861 3577 1930">
     <span class='ocr_line' id='line_1_32' title="bbox 1996 1861 3577 1930; baseline 0.003 -19"><span class='ocrx_word' id='word_1_226' title='bbox 1996 1861 2264 1929; x_wconf 87' lang='lat' dir='ltr'><strong>appa&#39;rcns</strong></span> <span class='ocrx_word' id='word_1_227' title='bbox 2315 1861 2522 1930; x_wconf 76' lang='lat' dir='ltr'><strong>imago:</strong></span> <span class='ocrx_word' id='word_1_228' title='bbox 2571 1871 2625 1915; x_wconf 89' lang='lat' dir='ltr'><strong>et</strong></span> <span class='ocrx_word' id='word_1_229' title='bbox 2675 1861 2968 1914; x_wconf 89' lang='lat' dir='ltr'><strong>multorum</strong></span> <span class='ocrx_word' id='word_1_230' title='bbox 3019 1861 3180 1915; x_wconf 84' lang='lat' dir='ltr'><strong>habet</strong></span> <span class='ocrx_word' id='word_1_231' title='bbox 3219 1861 3480 1916; x_wconf 89' lang='lat' dir='ltr'><strong>unitatem</strong></span> <span class='ocrx_word' id='word_1_232' title='bbox 3523 1862 3577 1916; x_wconf 91' lang='lat' dir='ltr'><strong>in</strong></span> 
     </span>
    </p>
   </div>
   <div class='ocr_carea' id='block_1_33' title="bbox 301 1943 1890 2018">
    <p class='ocr_par' dir='ltr' id='par_1_33' title="bbox 301 1943 1890 2018">
     <span class='ocr_line' id='line_1_33' title="bbox 301 1943 1890 2018; baseline 0 -22"><span class='ocrx_word' id='word_1_233' title='bbox 301 1943 462 1999; x_wconf 86' lang='grc' dir='ltr'>λειῶν</span> <span class='ocrx_word' id='word_1_234' title='bbox 492 1943 644 2018; x_wconf 78' lang='grc' dir='ltr'>εἶχεν</span> <span class='ocrx_word' id='word_1_235' title='bbox 677 1947 1177 2017; x_wconf 85' lang='grc' dir='ltr'>ἀνακεφαλαίωσιν·</span> <span class='ocrx_word' id='word_1_236' title='bbox 1208 1947 1302 1998; x_wconf 78' lang='grc' dir='ltr'><strong>καὶ</strong></span> <span class='ocrx_word' id='word_1_237' title='bbox 1332 1946 1561 1998; x_wconf 86' lang='grc' dir='ltr'>εύείδεια</span> <span class='ocrx_word' id='word_1_238' title='bbox 1597 1944 1760 1998; x_wconf 76' lang='grc' dir='ltr'>αὑτοῦ</span> <span class='ocrx_word' id='word_1_239' title='bbox 1791 1961 1890 1996; x_wconf 87' lang='grc' dir='ltr'>πε-</span> 
     </span>
    </p>
   </div>
   <div class='ocr_carea' id='block_1_34' title="bbox 305 2035 1892 2110">
    <p class='ocr_par' dir='ltr' id='par_1_34' title="bbox 305 2035 1892 2110">
     <span class='ocr_line' id='line_1_34' title="bbox 305 2035 1892 2110; baseline 0.001 -22"><span class='ocrx_word' id='word_1_240' title='bbox 305 2038 466 2109; x_wconf 81' lang='grc' dir='ltr'>ρισσὴ</span> <span class='ocrx_word' id='word_1_241' title='bbox 488 2037 582 2090; x_wconf 80' lang='grc' dir='ltr'>διὰ</span> <span class='ocrx_word' id='word_1_242' title='bbox 614 2038 712 2110; x_wconf 86' lang='grc' dir='ltr'><strong>τὴν</strong></span> <span class='ocrx_word' id='word_1_243' title='bbox 743 2038 900 2106; x_wconf 76' lang='grc' dir='ltr'>δόξαν</span> <span class='ocrx_word' id='word_1_244' title='bbox 933 2037 1040 2090; x_wconf 89' lang='grc' dir='ltr'><strong>τῶν</strong></span> <span class='ocrx_word' id='word_1_245' title='bbox 1072 2036 1354 2108; x_wconf 81' lang='grc' dir='ltr'>βασιλέων·</span> <span class='ocrx_word' id='word_1_246' title='bbox 1387 2037 1478 2098; x_wconf 80' lang='grc' dir='ltr'><strong>καὶ</strong></span> <span class='ocrx_word' id='word_1_247' title='bbox 1509 2039 1541 2108; x_wconf 83' lang='grc' dir='ltr'><strong>ή</strong></span> <span class='ocrx_word' id='word_1_248' title='bbox 1579 2035 1760 2108; x_wconf 83' lang='grc' dir='ltr'>μορφὴ</span> <span class='ocrx_word' id='word_1_249' title='bbox 1794 2038 1892 2090; x_wconf 77' lang='grc' dir='ltr'>αὑ-</span> 
     </span>
    </p>
   </div>
   <div class='ocr_carea' id='block_1_35' title="bbox 301 2127 1892 2200">
    <p class='ocr_par' dir='ltr' id='par_1_35' title="bbox 301 2127 1892 2200">
     <span class='ocr_line' id='line_1_35' title="bbox 301 2127 1892 2200; baseline 0 -20"><span class='ocrx_word' id='word_1_250' title='bbox 301 2128 394 2181; x_wconf 89' lang='grc' dir='ltr'><strong>τοῦ</strong></span> <span class='ocrx_word' id='word_1_251' title='bbox 435 2129 648 2200; x_wconf 75' lang='grc' dir='ltr'>φοϐερὰ</span> <span class='ocrx_word' id='word_1_252' title='bbox 677 2129 764 2183; x_wconf 76' lang='grc' dir='ltr'>διὰ</span> <span class='ocrx_word' id='word_1_253' title='bbox 809 2130 906 2200; x_wconf 80' lang='grc' dir='ltr'>τὴν</span> <span class='ocrx_word' id='word_1_254' title='bbox 941 2129 1206 2194; x_wconf 83' lang='grc' dir='ltr'>ἐξουσίαν.</span> <span class='ocrx_word' id='word_1_255' title='bbox 1241 2127 1496 2192; x_wconf 80' lang='grc' dir='ltr'>Εὐσέϐιος</span> <span class='ocrx_word' id='word_1_256' title='bbox 1535 2130 1563 2181; x_wconf 97' lang='lat'><strong>6</strong></span> <span class='ocrx_word' id='word_1_257' title='bbox 1607 2129 1892 2200; x_wconf 80' lang='grc' dir='ltr'>Παμφίλου</span> 
     </span>
    </p>
   </div>
   <div class='ocr_carea' id='block_1_36' title="bbox 305 2219 1894 2291">
    <p class='ocr_par' dir='ltr' id='par_1_36' title="bbox 305 2219 1894 2291">
     <span class='ocr_line' id='line_1_36' title="bbox 305 2219 1894 2291; baseline -0.001 -18"><span class='ocrx_word' id='word_1_258' title='bbox 305 2221 398 2274; x_wconf 78' lang='grc' dir='ltr'>καὶ</span> <span class='ocrx_word' id='word_1_259' title='bbox 441 2221 761 2285; x_wconf 74' lang='grc' dir='ltr'>Ἱππόλυτος</span> <span class='ocrx_word' id='word_1_260' title='bbox 783 2223 810 2275; x_wconf 90' lang='lat'><strong>6</strong></span> <span class='ocrx_word' id='word_1_261' title='bbox 831 2220 1132 2290; x_wconf 85' lang='grc' dir='ltr'>ἁγιώτατος</span> <span class='ocrx_word' id='word_1_262' title='bbox 1157 2221 1454 2284; x_wconf 80' lang='grc' dir='ltr'>ἐπίσκοπος</span> <span class='ocrx_word' id='word_1_263' title='bbox 1493 2219 1710 2291; x_wconf 83' lang='grc' dir='ltr'>Ῥώμης</span> <span class='ocrx_word' id='word_1_264' title='bbox 1739 2222 1894 2273; x_wconf 89' lang='grc' dir='ltr'>ἀπει-</span> 
     </span>
    </p>
   </div>
   <div class='ocr_carea' id='block_1_37' title="bbox 303 2309 1891 2384">
    <p class='ocr_par' dir='ltr' id='par_1_37' title="bbox 303 2309 1891 2384">
     <span class='ocr_line' id='line_1_37' title="bbox 303 2309 1891 2384; baseline 0.001 -20"><span class='ocrx_word' id='word_1_265' title='bbox 303 2309 540 2374; x_wconf 78' lang='grc' dir='ltr'>κάζουσι</span> <span class='ocrx_word' id='word_1_266' title='bbox 589 2312 685 2384; x_wconf 81' lang='grc' dir='ltr'>τὴν</span> <span class='ocrx_word' id='word_1_267' title='bbox 718 2312 1084 2384; x_wconf 82' lang='grc' dir='ltr'>προκειμένην</span> <span class='ocrx_word' id='word_1_268' title='bbox 1125 2312 1218 2366; x_wconf 90' lang='grc' dir='ltr'><strong>τοῦ</strong></span> <span class='ocrx_word' id='word_1_269' title='bbox 1253 2311 1718 2383; x_wconf 86' lang='grc' dir='ltr'>Ναϐουχοδονόσορ</span> <span class='ocrx_word' id='word_1_270' title='bbox 1758 2314 1891 2383; x_wconf 81' lang='grc' dir='ltr'>ὅρα-</span> 
     </span>
    </p>
   </div>
   <div class='ocr_carea' id='block_1_38' title="bbox 307 2403 1896 2476">
    <p class='ocr_par' dir='ltr' id='par_1_38' title="bbox 307 2403 1896 2476">
     <span class='ocr_line' id='line_1_38' title="bbox 307 2403 1896 2476; baseline 0.001 -21"><span class='ocrx_word' id='word_1_271' title='bbox 307 2420 390 2456; x_wconf 89' lang='grc' dir='ltr'><strong>σιν</strong></span> <span class='ocrx_word' id='word_1_272' title='bbox 435 2408 508 2476; x_wconf 81' lang='grc' dir='ltr'>τῇ</span> <span class='ocrx_word' id='word_1_273' title='bbox 549 2403 642 2457; x_wconf 89' lang='grc' dir='ltr'><strong>τοῦ</strong></span> <span class='ocrx_word' id='word_1_274' title='bbox 690 2406 970 2476; x_wconf 84' lang='grc' dir='ltr'>προφήτου</span> <span class='ocrx_word' id='word_1_275' title='bbox 1002 2403 1200 2476; x_wconf 75' lang='grc' dir='ltr'>Δανιήλ</span> <span class='ocrx_word' id='word_1_276' title='bbox 1241 2404 1495 2475; x_wconf 71' lang='grc' dir='ltr'>ὀπτασίᾳ·</span> <span class='ocrx_word' id='word_1_277' title='bbox 1548 2403 1732 2474; x_wconf 82' lang='grc' dir='ltr'>ἐπειδὴ</span> <span class='ocrx_word' id='word_1_278' title='bbox 1779 2404 1896 2457; x_wconf 85' lang='grc' dir='ltr'>δια-</span> 
     </span>
    </p>
   </div>
   <div class='ocr_carea' id='block_1_39' title="bbox 305 2495 1893 2574">
    <p class='ocr_par' dir='ltr' id='par_1_39' title="bbox 305 2495 1893 2574">
     <span class='ocr_line' id='line_1_39' title="bbox 305 2495 1893 2574; baseline 0.001 -26"><span class='ocrx_word' id='word_1_279' title='bbox 305 2495 488 2568; x_wconf 83' lang='grc' dir='ltr'>φόρως</span> <span class='ocrx_word' id='word_1_280' title='bbox 524 2496 623 2568; x_wconf 83' lang='grc' dir='ltr'>τὴν</span> <span class='ocrx_word' id='word_1_281' title='bbox 657 2497 1030 2570; x_wconf 82' lang='grc' dir='ltr'>προκειμένην</span> <span class='ocrx_word' id='word_1_282' title='bbox 1068 2497 1302 2569; x_wconf 84' lang='grc' dir='ltr'>θεωρίαν</span> <span class='ocrx_word' id='word_1_283' title='bbox 1333 2496 1584 2574; x_wconf 82' lang='grc' dir='ltr'>ἐξέλαϐον</span> <span class='ocrx_word' id='word_1_284' title='bbox 1611 2498 1661 2550; x_wconf 88' lang='grc' dir='ltr'><strong>οἰ</strong></span> <span class='ocrx_word' id='word_1_285' title='bbox 1687 2497 1893 2568; x_wconf 85' lang='grc' dir='ltr'>ταύτην</span> 
     </span>
    </p>
   </div>
   <div class='ocr_carea' id='block_1_40' title="bbox 308 2588 1890 2661">
    <p class='ocr_par' dir='ltr' id='par_1_40' title="bbox 308 2588 1890 2661">
     <span class='ocr_line' id='line_1_40' title="bbox 308 2588 1890 2661; baseline 0.001 -19"><span class='ocrx_word' id='word_1_286' title='bbox 308 2588 771 2660; x_wconf 80' lang='grc' dir='ltr'>έρμηνεύσαντες,</span> <span class='ocrx_word' id='word_1_287' title='bbox 817 2591 1113 2657; x_wconf 82' lang='grc' dir='ltr'>ἀναγκαῖον</span> <span class='ocrx_word' id='word_1_288' title='bbox 1150 2590 1480 2661; x_wconf 88' lang='grc' dir='ltr'>ἐλογισάμην</span> <span class='ocrx_word' id='word_1_289' title='bbox 1513 2590 1771 2643; x_wconf 78' lang='grc' dir='ltr'>Εὑσεϐίου</span> <span class='ocrx_word' id='word_1_290' title='bbox 1797 2590 1890 2644; x_wconf 89' lang='grc' dir='ltr'><strong>τοῦ</strong></span> 
     </span>
    </p>
   </div>
   <div class='ocr_carea' id='block_1_41' title="bbox 310 2678 1893 2750">
    <p class='ocr_par' dir='ltr' id='par_1_41' title="bbox 310 2678 1893 2750">
     <span class='ocr_line' id='line_1_41' title="bbox 310 2678 1893 2750; baseline 0.002 -20"><span class='ocrx_word' id='word_1_291' title='bbox 310 2678 647 2750; x_wconf 83' lang='grc' dir='ltr'>Καισαρείας</span> <span class='ocrx_word' id='word_1_292' title='bbox 677 2679 772 2731; x_wconf 90' lang='grc' dir='ltr'><strong>τοῦ</strong></span> <span class='ocrx_word' id='word_1_293' title='bbox 817 2679 1046 2750; x_wconf 79' lang='grc' dir='ltr'>ἐπίκλην</span> <span class='ocrx_word' id='word_1_294' title='bbox 1087 2679 1373 2750; x_wconf 82' lang='grc' dir='ltr'>Παμφίλου</span> <span class='ocrx_word' id='word_1_295' title='bbox 1410 2679 1749 2750; x_wconf 85' lang='grc' dir='ltr'>παραθέσθαι</span> <span class='ocrx_word' id='word_1_296' title='bbox 1781 2697 1893 2750; x_wconf 83' lang='grc' dir='ltr'>φω-</span> 
     </span>
    </p>
   </div>
   <div class='ocr_carea' id='block_1_42' title="bbox 309 2769 1894 2842">
    <p class='ocr_par' dir='ltr' id='par_1_42' title="bbox 309 2769 1894 2842">
     <span class='ocr_line' id='line_1_42' title="bbox 309 2769 1894 2842; baseline 0.004 -24"><span class='ocrx_word' id='word_1_297' title='bbox 309 2769 403 2834; x_wconf 82' lang='grc' dir='ltr'><strong>νὰς</strong></span> <span class='ocrx_word' id='word_1_298' title='bbox 429 2769 732 2841; x_wconf 78' lang='grc' dir='ltr'>εἰρημένας</span> <span class='ocrx_word' id='word_1_299' title='bbox 758 2770 816 2822; x_wconf 89' lang='grc' dir='ltr'><strong>ἐν</strong></span> <span class='ocrx_word' id='word_1_300' title='bbox 843 2770 1312 2842; x_wconf 84' lang='grc' dir='ltr'>πεντεκαιδεκάτῳ</span> <span class='ocrx_word' id='word_1_301' title='bbox 1355 2770 1507 2841; x_wconf 83' lang='grc' dir='ltr'>τόμῳ</span> <span class='ocrx_word' id='word_1_302' title='bbox 1529 2771 1627 2842; x_wconf 80' lang='grc' dir='ltr'><strong>τῆς</strong></span> <span class='ocrx_word' id='word_1_303' title='bbox 1653 2773 1894 2842; x_wconf 76' lang='grc' dir='ltr'>εὐαγγε-</span> 
     </span>
    </p>
   </div>
   <div class='ocr_carea' id='block_1_43' title="bbox 307 2856 1893 2934">
    <p class='ocr_par' dir='ltr' id='par_1_43' title="bbox 307 2856 1893 2934">
     <span class='ocr_line' id='line_1_43' title="bbox 307 2856 1893 2934; baseline 0.001 -20"><span class='ocrx_word' id='word_1_304' title='bbox 307 2861 485 2931; x_wconf 69' lang='grc' dir='ltr'>λικῆς</span> <span class='ocrx_word' id='word_1_305' title='bbox 519 2860 892 2928; x_wconf 78' lang='grc' dir='ltr'>ἉποδεΙξεως</span> <span class='ocrx_word' id='word_1_306' title='bbox 915 2862 1052 2933; x_wconf 62' lang='lat' dir='ltr'><strong>(72)f</strong></span> <span class='ocrx_word' id='word_1_307' title='bbox 1077 2856 1228 2926; x_wconf 71' lang='grc' dir='ltr'>οὗτος</span> <span class='ocrx_word' id='word_1_308' title='bbox 1255 2863 1363 2934; x_wconf 85' lang='grc' dir='ltr'>γὰρ</span> <span class='ocrx_word' id='word_1_309' title='bbox 1394 2863 1574 2917; x_wconf 80' lang='grc' dir='ltr'>πᾶσαν</span> <span class='ocrx_word' id='word_1_310' title='bbox 1604 2863 1893 2934; x_wconf 85' lang='grc' dir='ltr'>ἐκθέμενος</span> 
     </span>
    </p>
   </div>
   <div class='ocr_carea' id='block_1_44' title="bbox 306 2952 1893 3028">
    <p class='ocr_par' dir='ltr' id='par_1_44' title="bbox 306 2952 1893 3028">
     <span class='ocr_line' id='line_1_44' title="bbox 306 2952 1893 3028; baseline 0.004 -26"><span class='ocrx_word' id='word_1_311' title='bbox 306 2952 404 3022; x_wconf 80' lang='grc' dir='ltr'>τὴν</span> <span class='ocrx_word' id='word_1_312' title='bbox 422 2955 617 3028; x_wconf 86' lang='grc' dir='ltr'>ὅρασιν</span> <span class='ocrx_word' id='word_1_313' title='bbox 639 2953 808 3017; x_wconf 81' lang='grc' dir='ltr'>οὕτως</span> <span class='ocrx_word' id='word_1_314' title='bbox 838 2953 1358 3026; x_wconf 85' lang='grc' dir='ltr'>φησί·-Ἦγοῦμαι</span> <span class='ocrx_word' id='word_1_315' title='bbox 1377 2956 1549 3009; x_wconf 92' lang='grc' dir='ltr'>ταῦτα</span> <span class='ocrx_word' id='word_1_316' title='bbox 1585 2955 1751 3027; x_wconf 83' lang='grc' dir='ltr'>μηδὲν</span> <span class='ocrx_word' id='word_1_317' title='bbox 1779 2956 1893 3009; x_wconf 87' lang='grc' dir='ltr'>δια-</span> 
     </span>
    </p>
   </div>
   <div class='ocr_carea' id='block_1_45' title="bbox 307 3043 1886 3121">
    <p class='ocr_par' dir='ltr' id='par_1_45' title="bbox 307 3043 1886 3121">
     <span class='ocr_line' id='line_1_45' title="bbox 307 3043 1886 3121; baseline 0.006 -25"><span class='ocrx_word' id='word_1_318' title='bbox 307 3043 497 3116; x_wconf 78' lang='grc' dir='ltr'>φέρειν</span> <span class='ocrx_word' id='word_1_319' title='bbox 528 3043 629 3114; x_wconf 86' lang='grc' dir='ltr'><strong>τῆς</strong></span> <span class='ocrx_word' id='word_1_320' title='bbox 659 3045 753 3098; x_wconf 91' lang='grc' dir='ltr'><strong>τοῦ</strong></span> <span class='ocrx_word' id='word_1_321' title='bbox 782 3047 1060 3118; x_wconf 80' lang='grc' dir='ltr'>προφήτου</span> <span class='ocrx_word' id='word_1_322' title='bbox 1093 3047 1346 3117; x_wconf 87' lang='grc' dir='ltr'>θεωρίας·</span> <span class='ocrx_word' id='word_1_323' title='bbox 1373 3047 1448 3111; x_wconf 81' lang='grc' dir='ltr'>ὠς</span> <span class='ocrx_word' id='word_1_324' title='bbox 1475 3047 1584 3119; x_wconf 86' lang='grc' dir='ltr'>γὰρ</span> <span class='ocrx_word' id='word_1_325' title='bbox 1615 3050 1642 3102; x_wconf 90' lang='lat'><strong>6</strong></span> <span class='ocrx_word' id='word_1_326' title='bbox 1680 3050 1886 3121; x_wconf 82' lang='grc' dir='ltr'>προφή-</span> 
     </span>
    </p>
   </div>
   <div class='ocr_carea' id='block_1_46' title="bbox 308 3135 1888 3210">
    <p class='ocr_par' dir='ltr' id='par_1_46' title="bbox 308 3135 1888 3210">
     <span class='ocr_line' id='line_1_46' title="bbox 308 3135 1888 3210; baseline 0.003 -22"><span class='ocrx_word' id='word_1_327' title='bbox 308 3150 406 3201; x_wconf 89' lang='grc' dir='ltr'><strong>της</strong></span> <span class='ocrx_word' id='word_1_328' title='bbox 453 3135 732 3190; x_wconf 86' lang='grc' dir='ltr'>θάλασσαν</span> <span class='ocrx_word' id='word_1_329' title='bbox 789 3135 936 3208; x_wconf 82' lang='grc' dir='ltr'>ἐώρα</span> <span class='ocrx_word' id='word_1_330' title='bbox 991 3137 1267 3209; x_wconf 86' lang='grc' dir='ltr'>μεγάλην,</span> <span class='ocrx_word' id='word_1_331' title='bbox 1331 3137 1503 3202; x_wconf 75' lang='grc' dir='ltr'>οὕτως</span> <span class='ocrx_word' id='word_1_332' title='bbox 1553 3141 1582 3192; x_wconf 92' lang='lat'><strong>6</strong></span> <span class='ocrx_word' id='word_1_333' title='bbox 1637 3139 1888 3210; x_wconf 79' lang='grc' dir='ltr'>βασιλεὺς</span> 
     </span>
    </p>
   </div>
   <div class='ocr_carea' id='block_1_47' title="bbox 308 3195 1956 3303">
    <p class='ocr_par' dir='ltr' id='par_1_47' title="bbox 308 3195 1956 3303">
     <span class='ocr_line' id='line_1_47' title="bbox 308 3195 1956 3303; baseline 0.007 -27"><span class='ocrx_word' id='word_1_334' title='bbox 308 3195 492 3279; x_wconf 80' lang='grc' dir='ltr'>εἰκόνα</span> <span class='ocrx_word' id='word_1_335' title='bbox 540 3225 770 3299; x_wconf 84' lang='grc' dir='ltr'>πολλήν·</span> <span class='ocrx_word' id='word_1_336' title='bbox 825 3195 918 3281; x_wconf 74' lang='grc' dir='ltr'><strong>καὶ</strong></span> <span class='ocrx_word' id='word_1_337' title='bbox 957 3195 1115 3282; x_wconf 71' lang='grc' dir='ltr'>πάλίν</span> <span class='ocrx_word' id='word_1_338' title='bbox 1145 3195 1222 3292; x_wconf 69' lang='grc' dir='ltr'>ὡς</span> <span class='ocrx_word' id='word_1_339' title='bbox 1253 3195 1296 3282; x_wconf 45' lang='grc' dir='ltr'><strong>’ὁ</strong></span> <span class='ocrx_word' id='word_1_340' title='bbox 1339 3195 1647 3303; x_wconf 46' lang='grc' dir='ltr'><strong>προφίῆτης⁸</strong></span> <span class='ocrx_word' id='word_1_341' title='bbox 1668 3231 1812 3302; x_wconf 81' lang='grc' dir='ltr'>ἐώρα</span> <span class='ocrx_word' id='word_1_342' title='bbox 1914 3195 1956 3250; x_wconf 75' lang='lat' dir='ltr'><strong><em>C</em></strong></span> 
     </span>
    </p>
   </div>
   <div class='ocr_carea' id='block_1_48' title="bbox 307 3316 1888 3393">
    <p class='ocr_par' dir='ltr' id='par_1_48' title="bbox 307 3316 1888 3393">
     <span class='ocr_line' id='line_1_48' title="bbox 307 3316 1888 3393; baseline 0.004 -23"><span class='ocrx_word' id='word_1_343' title='bbox 307 3316 487 3390; x_wconf 85' lang='grc' dir='ltr'>θηρία,</span> <span class='ocrx_word' id='word_1_344' title='bbox 524 3318 669 3390; x_wconf 77' lang='grc' dir='ltr'>ἅπερ</span> <span class='ocrx_word' id='word_1_345' title='bbox 715 3319 1032 3390; x_wconf 75' lang='grc' dir='ltr'>ἑρμηνεύων</span> <span class='ocrx_word' id='word_1_346' title='bbox 1068 3320 1362 3391; x_wconf 87' lang='grc' dir='ltr'>μετέϐαλεν</span> <span class='ocrx_word' id='word_1_347' title='bbox 1393 3325 1474 3385; x_wconf 90' lang='grc' dir='ltr'><strong>εἰς</strong></span> <span class='ocrx_word' id='word_1_348' title='bbox 1515 3323 1556 3375; x_wconf 86' lang='grc' dir='ltr'>δ’</span> <span class='ocrx_word' id='word_1_349' title='bbox 1591 3323 1888 3393; x_wconf 86' lang='grc' dir='ltr'>βασιλείας,</span> 
     </span>
    </p>
   </div>
   <div class='ocr_carea' id='block_1_49' title="bbox 309 3407 1888 3488">
    <p class='ocr_par' dir='ltr' id='par_1_49' title="bbox 309 3407 1888 3488">
     <span class='ocr_line' id='line_1_49' title="bbox 309 3407 1888 3488; baseline 0.006 -28"><span class='ocrx_word' id='word_1_350' title='bbox 309 3407 482 3473; x_wconf 73' lang='grc' dir='ltr'>οὕτως</span> <span class='ocrx_word' id='word_1_351' title='bbox 527 3411 556 3462; x_wconf 81' lang='lat'><strong>6</strong></span> <span class='ocrx_word' id='word_1_352' title='bbox 605 3410 857 3480; x_wconf 81' lang='grc' dir='ltr'>βασιλεὺς</span> <span class='ocrx_word' id='word_1_353' title='bbox 898 3411 998 3475; x_wconf 82' lang='grc' dir='ltr'>τὰς</span> <span class='ocrx_word' id='word_1_354' title='bbox 1029 3412 1116 3466; x_wconf 80' lang='grc' dir='ltr'>διὰ</span> <span class='ocrx_word' id='word_1_355' title='bbox 1146 3412 1240 3467; x_wconf 92' lang='grc' dir='ltr'><strong>τοῦ</strong></span> <span class='ocrx_word' id='word_1_356' title='bbox 1285 3413 1486 3485; x_wconf 79' lang='grc' dir='ltr'>χρυσοῦ</span> <span class='ocrx_word' id='word_1_357' title='bbox 1515 3416 1610 3468; x_wconf 79' lang='grc' dir='ltr'>καὶ</span> <span class='ocrx_word' id='word_1_358' title='bbox 1646 3415 1888 3488; x_wconf 84' lang='grc' dir='ltr'>ἀργύρου</span> 
     </span>
    </p>
   </div>
   <div class='ocr_carea' id='block_1_50' title="bbox 307 3501 1893 3579">
    <p class='ocr_par' dir='ltr' id='par_1_50' title="bbox 307 3501 1893 3579">
     <span class='ocr_line' id='line_1_50' title="bbox 307 3501 1893 3579; baseline 0.006 -27"><span class='ocrx_word' id='word_1_359' title='bbox 307 3501 399 3554; x_wconf 78' lang='grc' dir='ltr'>καὶ</span> <span class='ocrx_word' id='word_1_360' title='bbox 440 3502 648 3573; x_wconf 82' lang='grc' dir='ltr'>χαλκοῦ</span> <span class='ocrx_word' id='word_1_361' title='bbox 694 3504 788 3556; x_wconf 73' lang='grc' dir='ltr'><strong>καὶ</strong></span> <span class='ocrx_word' id='word_1_362' title='bbox 832 3503 1078 3576; x_wconf 87' lang='grc' dir='ltr'>σιδήρου,</span> <span class='ocrx_word' id='word_1_363' title='bbox 1114 3505 1386 3577; x_wconf 85' lang='grc' dir='ltr'>τέσσαρας</span> <span class='ocrx_word' id='word_1_364' title='bbox 1433 3505 1708 3576; x_wconf 87' lang='grc' dir='ltr'>βασιλείας</span> <span class='ocrx_word' id='word_1_365' title='bbox 1743 3509 1893 3579; x_wconf 82' lang='grc' dir='ltr'>ῂνίτ-</span> 
     </span>
    </p>
   </div>
   <div class='ocr_carea' id='block_1_51' title="bbox 306 3590 1890 3669">
    <p class='ocr_par' dir='ltr' id='par_1_51' title="bbox 306 3590 1890 3669">
     <span class='ocr_line' id='line_1_51' title="bbox 306 3590 1890 3669; baseline 0.006 -25"><span class='ocrx_word' id='word_1_366' title='bbox 306 3608 444 3646; x_wconf 84' lang='grc' dir='ltr'>τετο·</span> <span class='ocrx_word' id='word_1_367' title='bbox 486 3593 580 3646; x_wconf 78' lang='grc' dir='ltr'><strong>καὶ</strong></span> <span class='ocrx_word' id='word_1_368' title='bbox 629 3590 786 3658; x_wconf 79' lang='grc' dir='ltr'>αὖθις</span> <span class='ocrx_word' id='word_1_369' title='bbox 829 3595 906 3660; x_wconf 83' lang='grc' dir='ltr'>ὡς</span> <span class='ocrx_word' id='word_1_370' title='bbox 949 3599 978 3650; x_wconf 87' lang='grc' dir='ltr'>ὁ</span> <span class='ocrx_word' id='word_1_371' title='bbox 1022 3597 1308 3669; x_wconf 84' lang='grc' dir='ltr'>προφήτης</span> <span class='ocrx_word' id='word_1_372' title='bbox 1353 3597 1462 3650; x_wconf 82' lang='grc' dir='ltr'><strong>τῶν</strong></span> <span class='ocrx_word' id='word_1_373' title='bbox 1512 3597 1606 3650; x_wconf 91' lang='grc' dir='ltr'><strong>τοῦ</strong></span> <span class='ocrx_word' id='word_1_374' title='bbox 1658 3599 1890 3654; x_wconf 79' lang='grc' dir='ltr'>ὑστάτου</span> 
     </span>
    </p>
   </div>
   <div class='ocr_carea' id='block_1_52' title="bbox 308 3681 1892 3762">
    <p class='ocr_par' dir='ltr' id='par_1_52' title="bbox 308 3681 1892 3762">
     <span class='ocr_line' id='line_1_52' title="bbox 308 3681 1892 3762; baseline 0.006 -28"><span class='ocrx_word' id='word_1_375' title='bbox 308 3681 499 3757; x_wconf 87' lang='grc' dir='ltr'>θηρίου</span> <span class='ocrx_word' id='word_1_376' title='bbox 531 3686 776 3757; x_wconf 85' lang='grc' dir='ltr'>κεράτων</span> <span class='ocrx_word' id='word_1_377' title='bbox 808 3687 946 3742; x_wconf 80' lang='grc' dir='ltr'>δέκα</span> <span class='ocrx_word' id='word_1_378' title='bbox 975 3688 1240 3760; x_wconf 88' lang='grc' dir='ltr'>διαίρεσιν</span> <span class='ocrx_word' id='word_1_379' title='bbox 1281 3687 1428 3760; x_wconf 84' lang='grc' dir='ltr'>ἐώρα</span> <span class='ocrx_word' id='word_1_380' title='bbox 1451 3728 1466 3752; x_wconf 90' lang='grc'><strong>,</strong></span> <span class='ocrx_word' id='word_1_381' title='bbox 1513 3689 1607 3743; x_wconf 82' lang='grc' dir='ltr'><strong>καὶ</strong></span> <span class='ocrx_word' id='word_1_382' title='bbox 1640 3691 1766 3762; x_wconf 87' lang='grc' dir='ltr'>τρία</span> <span class='ocrx_word' id='word_1_383' title='bbox 1797 3691 1892 3744; x_wconf 87' lang='grc' dir='ltr'>κέ-</span> 
     </span>
    </p>
   </div>
   <div class='ocr_carea' id='block_1_53' title="bbox 309 3777 1892 3851">
    <p class='ocr_par' dir='ltr' id='par_1_53' title="bbox 309 3777 1892 3851">
     <span class='ocr_line' id='line_1_53' title="bbox 309 3777 1892 3851; baseline 0.004 -22"><span class='ocrx_word' id='word_1_384' title='bbox 309 3792 448 3845; x_wconf 88' lang='grc' dir='ltr'>ρατα</span> <span class='ocrx_word' id='word_1_385' title='bbox 475 3777 565 3847; x_wconf 83' lang='grc' dir='ltr'><strong>ὑφ’</strong></span> <span class='ocrx_word' id='word_1_386' title='bbox 590 3779 707 3841; x_wconf 85' lang='grc' dir='ltr'>ἐνὸς</span> <span class='ocrx_word' id='word_1_387' title='bbox 739 3779 1158 3851; x_wconf 84' lang='grc' dir='ltr'>συντριϐόμενα,</span> <span class='ocrx_word' id='word_1_388' title='bbox 1185 3781 1279 3834; x_wconf 84' lang='grc' dir='ltr'><strong>καὶ</strong></span> <span class='ocrx_word' id='word_1_389' title='bbox 1306 3782 1335 3834; x_wconf 90' lang='lat'><strong>6</strong></span> <span class='ocrx_word' id='word_1_390' title='bbox 1358 3780 1609 3851; x_wconf 77' lang='grc' dir='ltr'>βασιλεὺς</span> <span class='ocrx_word' id='word_1_391' title='bbox 1631 3781 1892 3848; x_wconf 81' lang='grc' dir='ltr'>ὡσαύτως</span> 
     </span>
    </p>
   </div>
   <div class='ocr_carea' id='block_1_54' title="bbox 303 3869 1892 3945">
    <p class='ocr_par' dir='ltr' id='par_1_54' title="bbox 303 3869 1892 3945">
     <span class='ocr_line' id='line_1_54' title="bbox 303 3869 1892 3945; baseline 0.004 -25"><span class='ocrx_word' id='word_1_392' title='bbox 303 3869 395 3923; x_wconf 82' lang='grc' dir='ltr'>ἐπὶ</span> <span class='ocrx_word' id='word_1_393' title='bbox 445 3869 552 3925; x_wconf 81' lang='grc' dir='ltr'><strong>τῶν</strong></span> <span class='ocrx_word' id='word_1_394' title='bbox 582 3869 908 3924; x_wconf 81' lang='grc' dir='ltr'>τελευταίων</span> <span class='ocrx_word' id='word_1_395' title='bbox 938 3871 1040 3942; x_wconf 84' lang='grc' dir='ltr'>τῆς</span> <span class='ocrx_word' id='word_1_396' title='bbox 1079 3871 1284 3936; x_wconf 86' lang='grc' dir='ltr'>εἰκόνος</span> <span class='ocrx_word' id='word_1_397' title='bbox 1336 3872 1502 3944; x_wconf 84' lang='grc' dir='ltr'>μέρος</span> <span class='ocrx_word' id='word_1_398' title='bbox 1540 3889 1593 3926; x_wconf 88' lang='grc' dir='ltr'><strong>τι</strong></span> <span class='ocrx_word' id='word_1_399' title='bbox 1637 3873 1892 3945; x_wconf 81' lang='grc' dir='ltr'>σιδηροῦν</span> 
     </span>
    </p>
   </div>
   <div class='ocr_carea' id='block_1_55' title="bbox 303 3963 1892 4036">
    <p class='ocr_par' dir='ltr' id='par_1_55' title="bbox 303 3963 1892 4036">
     <span class='ocr_line' id='line_1_55' title="bbox 303 3963 1892 4036; baseline 0.003 -20"><span class='ocrx_word' id='word_1_400' title='bbox 303 3964 398 4016; x_wconf 74' lang='grc' dir='ltr'><strong>καὶ</strong></span> <span class='ocrx_word' id='word_1_401' title='bbox 438 3963 603 4035; x_wconf 90' lang='grc' dir='ltr'>μέρος</span> <span class='ocrx_word' id='word_1_402' title='bbox 634 3964 950 4034; x_wconf 76' lang='grc' dir='ltr'>ὀπράκινον</span> <span class='ocrx_word' id='word_1_403' title='bbox 987 3963 1228 4036; x_wconf 85' lang='grc' dir='ltr'>ἐθεώρει·</span> <span class='ocrx_word' id='word_1_404' title='bbox 1273 3965 1368 4019; x_wconf 75' lang='grc' dir='ltr'><strong>καὶ</strong></span> <span class='ocrx_word' id='word_1_405' title='bbox 1402 3966 1492 4018; x_wconf 80' lang='grc' dir='ltr'><strong>ἐπὶ</strong></span> <span class='ocrx_word' id='word_1_406' title='bbox 1526 3965 1733 4030; x_wconf 89' lang='grc' dir='ltr'>τούτοις</span> <span class='ocrx_word' id='word_1_407' title='bbox 1761 3966 1835 4030; x_wconf 84' lang='grc' dir='ltr'>ὼς</span> <span class='ocrx_word' id='word_1_408' title='bbox 1862 3967 1892 4019; x_wconf 86' lang='lat'><strong>6</strong></span> 
     </span>
    </p>
   </div>
   <div class='ocr_carea' id='block_1_56' title="bbox 304 4054 1891 4130">
    <p class='ocr_par' dir='ltr' id='par_1_56' title="bbox 304 4054 1891 4130">
     <span class='ocr_line' id='line_1_56' title="bbox 304 4054 1891 4130; baseline 0.004 -24"><span class='ocrx_word' id='word_1_409' title='bbox 304 4056 596 4127; x_wconf 81' lang='grc' dir='ltr'>προφήτης</span> <span class='ocrx_word' id='word_1_410' title='bbox 627 4055 768 4126; x_wconf 84' lang='grc' dir='ltr'>μετὰ</span> <span class='ocrx_word' id='word_1_411' title='bbox 796 4056 896 4128; x_wconf 82' lang='grc' dir='ltr'><strong>τὴν</strong></span> <span class='ocrx_word' id='word_1_412' title='bbox 929 4054 1036 4108; x_wconf 88' lang='grc' dir='ltr'><strong>τῶν</strong></span> <span class='ocrx_word' id='word_1_413' title='bbox 1064 4057 1343 4126; x_wconf 85' lang='grc' dir='ltr'>τεσσάρων</span> <span class='ocrx_word' id='word_1_414' title='bbox 1378 4056 1665 4127; x_wconf 86' lang='grc' dir='ltr'>βασιλειῶν</span> <span class='ocrx_word' id='word_1_415' title='bbox 1701 4059 1891 4130; x_wconf 85' lang='grc' dir='ltr'>ὅρασιν</span> 
     </span>
    </p>
   </div>
   <div class='ocr_carea' id='block_1_57' title="bbox 308 4145 1891 4220">
    <p class='ocr_par' dir='ltr' id='par_1_57' title="bbox 308 4145 1891 4220">
     <span class='ocr_line' id='line_1_57' title="bbox 308 4145 1891 4220; baseline 0.004 -24"><span class='ocrx_word' id='word_1_416' title='bbox 308 4145 457 4219; x_wconf 84' lang='grc' dir='ltr'>ἐώρα</span> <span class='ocrx_word' id='word_1_417' title='bbox 486 4147 613 4199; x_wconf 78' lang='grc' dir='ltr'><strong>Υἱὸν</strong></span> <span class='ocrx_word' id='word_1_418' title='bbox 665 4145 951 4218; x_wconf 85' lang='grc' dir='ltr'>ἀνθρώπου</span> <span class='ocrx_word' id='word_1_419' title='bbox 999 4146 1100 4220; x_wconf 81' lang='grc' dir='ltr'>τὴν</span> <span class='ocrx_word' id='word_1_420' title='bbox 1140 4147 1282 4200; x_wconf 81' lang='grc' dir='ltr'>κατά</span> <span class='ocrx_word' id='word_1_421' title='bbox 1329 4148 1545 4203; x_wconf 88' lang='grc' dir='ltr'>πάντων</span> <span class='ocrx_word' id='word_1_422' title='bbox 1591 4148 1764 4220; x_wconf 80' lang='grc' dir='ltr'>ἀρχὴν</span> <span class='ocrx_word' id='word_1_423' title='bbox 1796 4149 1891 4203; x_wconf 76' lang='grc' dir='ltr'>καὶ</span> 
     </span>
    </p>
   </div>
   <div class='ocr_carea' id='block_1_58' title="bbox 307 4236 1893 4310">
    <p class='ocr_par' dir='ltr' id='par_1_58' title="bbox 307 4236 1893 4310">
     <span class='ocr_line' id='line_1_58' title="bbox 307 4236 1893 4310; baseline 0.004 -20"><span class='ocrx_word' id='word_1_424' title='bbox 307 4237 560 4302; x_wconf 79' lang='grc' dir='ltr'>ἐξουσίαν</span> <span class='ocrx_word' id='word_1_425' title='bbox 608 4237 702 4290; x_wconf 80' lang='grc' dir='ltr'><strong>καὶ</strong></span> <span class='ocrx_word' id='word_1_426' title='bbox 747 4236 1020 4307; x_wconf 85' lang='grc' dir='ltr'>βασιλείαν</span> <span class='ocrx_word' id='word_1_427' title='bbox 1066 4237 1469 4310; x_wconf 80' lang='grc' dir='ltr'>παρειληφότα,</span> <span class='ocrx_word' id='word_1_428' title='bbox 1513 4238 1685 4303; x_wconf 75' lang='grc' dir='ltr'>οὕτως</span> <span class='ocrx_word' id='word_1_429' title='bbox 1737 4242 1831 4295; x_wconf 78' lang='grc' dir='ltr'>καὶ</span> <span class='ocrx_word' id='word_1_430' title='bbox 1861 4243 1893 4296; x_wconf 85' lang='lat'><strong>6</strong></span> 
     </span>
    </p>
   </div>
   <div class='ocr_carea' id='block_1_59' title="bbox 310 4324 1892 4399">
    <p class='ocr_par' dir='ltr' id='par_1_59' title="bbox 310 4324 1892 4399">
     <span class='ocr_line' id='line_1_59' title="bbox 310 4324 1892 4399; baseline 0.003 -21"><span class='ocrx_word' id='word_1_431' title='bbox 310 4324 564 4396; x_wconf 79' lang='grc' dir='ltr'>βασιλεὺς</span> <span class='ocrx_word' id='word_1_432' title='bbox 609 4327 754 4381; x_wconf 90' lang='grc' dir='ltr'>λίθον</span> <span class='ocrx_word' id='word_1_433' title='bbox 799 4327 1147 4395; x_wconf 82' lang='grc' dir='ltr'>συντρίϐοντα</span> <span class='ocrx_word' id='word_1_434' title='bbox 1193 4329 1292 4399; x_wconf 84' lang='grc' dir='ltr'>τὴν</span> <span class='ocrx_word' id='word_1_435' title='bbox 1347 4329 1530 4382; x_wconf 85' lang='grc' dir='ltr'>εἰκόνα</span> <span class='ocrx_word' id='word_1_436' title='bbox 1571 4331 1750 4382; x_wconf 80' lang='grc' dir='ltr'>πᾶσαν</span> <span class='ocrx_word' id='word_1_437' title='bbox 1795 4331 1892 4384; x_wconf 58' lang='grc' dir='ltr'><strong>καὶ⁸</strong></span> 
     </span>
    </p>
   </div>
   <div class='ocr_carea' id='block_1_60' title="bbox 307 4418 1893 4491">
    <p class='ocr_par' dir='ltr' id='par_1_60' title="bbox 307 4418 1893 4491">
     <span class='ocr_line' id='line_1_60' title="bbox 307 4418 1893 4491; baseline 0.002 -20"><span class='ocrx_word' id='word_1_438' title='bbox 307 4420 590 4490; x_wconf 80' lang='grc' dir='ltr'>γινόμενον</span> <span class='ocrx_word' id='word_1_439' title='bbox 631 4421 711 4482; x_wconf 88' lang='grc' dir='ltr'><strong>εἰς</strong></span> <span class='ocrx_word' id='word_1_440' title='bbox 737 4418 862 4490; x_wconf 80' lang='grc' dir='ltr'>ὅρος</span> <span class='ocrx_word' id='word_1_441' title='bbox 903 4420 1044 4490; x_wconf 88' lang='grc' dir='ltr'>μέγα</span> <span class='ocrx_word' id='word_1_442' title='bbox 1071 4419 1167 4473; x_wconf 72' lang='grc' dir='ltr'>καὶ</span> <span class='ocrx_word' id='word_1_443' title='bbox 1204 4419 1446 4491; x_wconf 84' lang='grc' dir='ltr'>πληροῦν</span> <span class='ocrx_word' id='word_1_444' title='bbox 1485 4419 1756 4474; x_wconf 89' lang='grc' dir='ltr'>θάλασσαν</span> <span class='ocrx_word' id='word_1_445' title='bbox 1779 4421 1893 4474; x_wconf 82' lang='grc' dir='ltr'>ἐδό-</span> 
     </span>
    </p>
   </div>
   <div class='ocr_carea' id='block_1_61' title="bbox 309 4509 1888 4584">
    <p class='ocr_par' dir='ltr' id='par_1_61' title="bbox 309 4509 1888 4584">
     <span class='ocr_line' id='line_1_61' title="bbox 309 4509 1888 4584; baseline 0.002 -22"><span class='ocrx_word' id='word_1_446' title='bbox 309 4526 392 4562; x_wconf 87' lang='grc' dir='ltr'><strong>κει</strong></span> <span class='ocrx_word' id='word_1_447' title='bbox 439 4511 592 4581; x_wconf 83' lang='grc' dir='ltr'>ὁρᾷν·</span> <span class='ocrx_word' id='word_1_448' title='bbox 629 4510 724 4562; x_wconf 80' lang='grc' dir='ltr'>καὶ</span> <span class='ocrx_word' id='word_1_449' title='bbox 773 4509 1016 4574; x_wconf 83' lang='grc' dir='ltr'>εἰκότως·</span> <span class='ocrx_word' id='word_1_450' title='bbox 1049 4509 1255 4582; x_wconf 75' lang='grc' dir='ltr'>ἔπρεπε</span> <span class='ocrx_word' id='word_1_451' title='bbox 1285 4510 1394 4583; x_wconf 84' lang='grc' dir='ltr'>γὰρ</span> <span class='ocrx_word' id='word_1_452' title='bbox 1431 4510 1508 4582; x_wconf 79' lang='grc' dir='ltr'>τῷ</span> <span class='ocrx_word' id='word_1_453' title='bbox 1543 4511 1642 4582; x_wconf 84' lang='grc' dir='ltr'>μὲν</span> <span class='ocrx_word' id='word_1_454' title='bbox 1672 4513 1888 4584; x_wconf 71' lang='grc' dir='ltr'>ἠπατη-</span> 
     </span>
    </p>
   </div>
   <div class='ocr_carea' id='block_1_62' title="bbox 313 4590 1888 4678">
    <p class='ocr_par' dir='ltr' id='par_1_62' title="bbox 313 4590 1888 4678">
     <span class='ocr_line' id='line_1_62' title="bbox 313 4590 1888 4678; baseline 0.003 -24"><span class='ocrx_word' id='word_1_455' title='bbox 313 4591 459 4673; x_wconf 71' lang='grc' dir='ltr'>μένῳ</span> <span class='ocrx_word' id='word_1_456' title='bbox 492 4590 621 4674; x_wconf 80' lang='grc' dir='ltr'>περὶ</span> <span class='ocrx_word' id='word_1_457' title='bbox 652 4603 754 4673; x_wconf 84' lang='grc' dir='ltr'>τὴν</span> <span class='ocrx_word' id='word_1_458' title='bbox 779 4601 874 4655; x_wconf 87' lang='grc' dir='ltr'><strong>τοῦ</strong></span> <span class='ocrx_word' id='word_1_459' title='bbox 910 4601 1026 4672; x_wconf 87' lang='grc' dir='ltr'>βίου</span> <span class='ocrx_word' id='word_1_460' title='bbox 1065 4605 1364 4673; x_wconf 85' lang='grc' dir='ltr'>φαντασίαν</span> <span class='ocrx_word' id='word_1_461' title='bbox 1397 4603 1626 4674; x_wconf 82' lang='grc' dir='ltr'>βασιλεῖ,</span> <span class='ocrx_word' id='word_1_462' title='bbox 1669 4606 1764 4659; x_wconf 74' lang='grc' dir='ltr'><strong>καὶ</strong></span> <span class='ocrx_word' id='word_1_463' title='bbox 1789 4606 1888 4678; x_wconf 83' lang='grc' dir='ltr'>τὴν</span> 
     </span>
    </p>
   </div>
   <div class='ocr_carea' id='block_1_63' title="bbox 309 4691 1891 4770">
    <p class='ocr_par' dir='ltr' id='par_1_63' title="bbox 309 4691 1891 4770">
     <span class='ocr_line' id='line_1_63' title="bbox 309 4691 1891 4770; baseline 0.002 -22"><span class='ocrx_word' id='word_1_464' title='bbox 309 4695 416 4750; x_wconf 86' lang='grc' dir='ltr'><strong>τῶν</strong></span> <span class='ocrx_word' id='word_1_465' title='bbox 460 4695 732 4768; x_wconf 83' lang='grc' dir='ltr'>αἰσθητῶν</span> <span class='ocrx_word' id='word_1_466' title='bbox 764 4691 852 4750; x_wconf 70' lang='grc' dir='ltr'>οἶα</span> <span class='ocrx_word' id='word_1_467' title='bbox 885 4697 1190 4769; x_wconf 82' lang='grc' dir='ltr'>χρωμάτων</span> <span class='ocrx_word' id='word_1_468' title='bbox 1228 4697 1538 4770; x_wconf 84' lang='grc' dir='ltr'>ὡραιότητα</span> <span class='ocrx_word' id='word_1_469' title='bbox 1580 4699 1891 4770; x_wconf 86' lang='grc' dir='ltr'>ἐπιγραφῆς</span> 
     </span>
    </p>
   </div>
   <div class='ocr_carea' id='block_1_64' title="bbox 309 4787 1891 4863">
    <p class='ocr_par' dir='ltr' id='par_1_64' title="bbox 309 4787 1891 4863">
     <span class='ocr_line' id='line_1_64' title="bbox 309 4787 1891 4863; baseline 0.003 -23"><span class='ocrx_word' id='word_1_470' title='bbox 309 4787 672 4860; x_wconf 83' lang='grc' dir='ltr'>ἀνακειμένης</span> <span class='ocrx_word' id='word_1_471' title='bbox 701 4787 1053 4860; x_wconf 72' lang='grc' dir='ltr'>θαυμάζοντι,</span> <span class='ocrx_word' id='word_1_472' title='bbox 1089 4789 1257 4843; x_wconf 87' lang='grc' dir='ltr'>εἰκόνι</span> <span class='ocrx_word' id='word_1_473' title='bbox 1305 4789 1515 4863; x_wconf 86' lang='grc' dir='ltr'>μεγάλῃ</span> <span class='ocrx_word' id='word_1_474' title='bbox 1557 4789 1648 4843; x_wconf 86' lang='grc' dir='ltr'><strong>τὸν</strong></span> <span class='ocrx_word' id='word_1_475' title='bbox 1676 4791 1891 4844; x_wconf 89' lang='grc' dir='ltr'>πάντων</span> 
     </span>
    </p>
   </div>
   <div class='ocr_carea' id='block_1_65' title="bbox 310 4879 1890 4954">
    <p class='ocr_par' dir='ltr' id='par_1_65' title="bbox 310 4879 1890 4954">
     <span class='ocr_line' id='line_1_65' title="bbox 310 4879 1890 4954; baseline 0.004 -24"><span class='ocrx_word' id='word_1_476' title='bbox 310 4879 612 4951; x_wconf 74' lang='grc' dir='ltr'>ἀνθρώπων</span> <span class='ocrx_word' id='word_1_477' title='bbox 635 4879 951 4944; x_wconf 84' lang='grc' dir='ltr'>ἀπεικάζειν</span> <span class='ocrx_word' id='word_1_478' title='bbox 978 4881 1109 4951; x_wconf 83' lang='grc' dir='ltr'>βίον·</span> <span class='ocrx_word' id='word_1_479' title='bbox 1137 4881 1230 4934; x_wconf 85' lang='grc' dir='ltr'><strong>τὸν</strong></span> <span class='ocrx_word' id='word_1_480' title='bbox 1255 4881 1620 4954; x_wconf 67' lang='grc' dir='ltr'>δὲξπροφήτην</span> <span class='ocrx_word' id='word_1_481' title='bbox 1649 4881 1771 4953; x_wconf 72' lang='lat' dir='ltr'><strong>(sic)</strong></span> <span class='ocrx_word' id='word_1_482' title='bbox 1798 4884 1890 4936; x_wconf 83' lang='grc' dir='ltr'><strong>τὸν</strong></span> 
     </span>
    </p>
   </div>
   <div class='ocr_carea' id='block_1_66' title="bbox 313 4971 1890 5048">
    <p class='ocr_par' dir='ltr' id='par_1_66' title="bbox 313 4971 1890 5048">
     <span class='ocr_line' id='line_1_66' title="bbox 313 4971 1890 5048; baseline 0 -22"><span class='ocrx_word' id='word_1_483' title='bbox 313 4973 478 5028; x_wconf 74' lang='grc' dir='ltr'>πολὺν</span> <span class='ocrx_word' id='word_1_484' title='bbox 522 4975 617 5028; x_wconf 75' lang='grc' dir='ltr'><strong>καὶ</strong></span> <span class='ocrx_word' id='word_1_485' title='bbox 664 4974 836 5044; x_wconf 88' lang='grc' dir='ltr'>μέγαν</span> <span class='ocrx_word' id='word_1_486' title='bbox 886 4974 1044 5026; x_wconf 91' lang='grc' dir='ltr'>σάλον</span> <span class='ocrx_word' id='word_1_487' title='bbox 1091 4972 1185 5026; x_wconf 87' lang='grc' dir='ltr'><strong>τοῦ</strong></span> <span class='ocrx_word' id='word_1_488' title='bbox 1235 4973 1350 5042; x_wconf 87' lang='grc' dir='ltr'>βίου</span> <span class='ocrx_word' id='word_1_489' title='bbox 1400 4972 1608 5044; x_wconf 84' lang='grc' dir='ltr'>μεγάλῃ</span> <span class='ocrx_word' id='word_1_490' title='bbox 1644 4971 1890 5048; x_wconf 83' lang='grc' dir='ltr'>θαλάσσῃ</span> 
     </span>
    </p>
   </div>
   <div class='ocr_carea' id='block_1_67' title="bbox 314 5061 1890 5136">
    <p class='ocr_par' dir='ltr' id='par_1_67' title="bbox 314 5061 1890 5136">
     <span class='ocr_line' id='line_1_67' title="bbox 314 5061 1890 5136; baseline 0.011 -21"><span class='ocrx_word' id='word_1_491' title='bbox 314 5064 700 5136; x_wconf 80' lang='grc' dir='ltr'>παραϐάλλειν·</span> <span class='ocrx_word' id='word_1_492' title='bbox 737 5064 830 5117; x_wconf 72' lang='grc' dir='ltr'><strong>καὶ</strong></span> <span class='ocrx_word' id='word_1_493' title='bbox 862 5064 940 5134; x_wconf 79' lang='grc' dir='ltr'>τῷ</span> <span class='ocrx_word' id='word_1_494' title='bbox 973 5064 1074 5135; x_wconf 85' lang='grc' dir='ltr'><strong>μὲν</strong></span> <span class='ocrx_word' id='word_1_495' title='bbox 1109 5062 1320 5133; x_wconf 85' lang='grc' dir='ltr'>βασιλεῖ</span> <span class='ocrx_word' id='word_1_496' title='bbox 1358 5061 1457 5126; x_wconf 84' lang='grc' dir='ltr'><strong>τὰς</strong></span> <span class='ocrx_word' id='word_1_497' title='bbox 1497 5062 1648 5134; x_wconf 79' lang='grc' dir='ltr'>παρὰ</span> <span class='ocrx_word' id='word_1_498' title='bbox 1681 5062 1890 5136; x_wconf 79' lang='grc' dir='ltr'>ἀνθρώ-</span> 
     </span>
    </p>
   </div>
   <div class='ocr_carea' id='block_1_68' title="bbox 316 5151 1883 5229">
    <p class='ocr_par' dir='ltr' id='par_1_68' title="bbox 316 5151 1883 5229">
     <span class='ocr_line' id='line_1_68' title="bbox 316 5151 1883 5229; baseline 0.003 -22"><span class='ocrx_word' id='word_1_499' title='bbox 316 5172 435 5221; x_wconf 81' lang='grc' dir='ltr'>ποις</span> <span class='ocrx_word' id='word_1_500' title='bbox 467 5156 780 5220; x_wconf 80' lang='grc' dir='ltr'>πολυτελεῖς</span> <span class='ocrx_word' id='word_1_501' title='bbox 802 5155 1101 5227; x_wconf 90' lang='grc' dir='ltr'>γενομένας</span> <span class='ocrx_word' id='word_1_502' title='bbox 1128 5155 1259 5218; x_wconf 80' lang='grc' dir='ltr'>ὕλας</span> <span class='ocrx_word' id='word_1_503' title='bbox 1288 5151 1486 5227; x_wconf 85' lang='grc' dir='ltr'>χρυσοῦ</span> <span class='ocrx_word' id='word_1_504' title='bbox 1511 5154 1603 5208; x_wconf 82' lang='grc' dir='ltr'><strong>καὶ</strong></span> <span class='ocrx_word' id='word_1_505' title='bbox 1622 5157 1883 5229; x_wconf 86' lang='grc' dir='ltr'>ἀργύρου,</span> 
     </span>
    </p>
   </div>
   <div class='ocr_carea' id='block_1_69' title="bbox 315 5241 1888 5318">
    <p class='ocr_par' dir='ltr' id='par_1_69' title="bbox 315 5241 1888 5318">
     <span class='ocr_line' id='line_1_69' title="bbox 315 5241 1888 5318; baseline -0.003 -17"><span class='ocrx_word' id='word_1_506' title='bbox 315 5241 517 5317; x_wconf 76' lang='grc' dir='ltr'>χαλκοῦ</span> <span class='ocrx_word' id='word_1_507' title='bbox 565 5266 626 5301; x_wconf 90' lang='grc' dir='ltr'><strong>τε</strong></span> <span class='ocrx_word' id='word_1_508' title='bbox 679 5249 773 5302; x_wconf 78' lang='grc' dir='ltr'>καὶ</span> <span class='ocrx_word' id='word_1_509' title='bbox 819 5248 1035 5318; x_wconf 77' lang='grc' dir='ltr'>σιδήρου</span> <span class='ocrx_word' id='word_1_510' title='bbox 1067 5244 1414 5317; x_wconf 77' lang='grc' dir='ltr'>θαυμάζοντι,</span> <span class='ocrx_word' id='word_1_511' title='bbox 1447 5243 1546 5308; x_wconf 86' lang='grc' dir='ltr'>τὰς</span> <span class='ocrx_word' id='word_1_512' title='bbox 1577 5247 1718 5298; x_wconf 79' lang='grc' dir='ltr'>κατὰ</span> <span class='ocrx_word' id='word_1_513' title='bbox 1759 5247 1888 5316; x_wconf 83' lang='grc' dir='ltr'>χρό-</span> 
     </span>
    </p>
   </div>
   <div class='ocr_carea' id='block_1_70' title="bbox 314 5335 1890 5412">
    <p class='ocr_par' dir='ltr' id='par_1_70' title="bbox 314 5335 1890 5412">
     <span class='ocr_line' id='line_1_70' title="bbox 314 5335 1890 5412; baseline -0.003 -18"><span class='ocrx_word' id='word_1_514' title='bbox 314 5356 436 5406; x_wconf 87' lang='grc' dir='ltr'>νους</span> <span class='ocrx_word' id='word_1_515' title='bbox 470 5343 529 5394; x_wconf 93' lang='grc' dir='ltr'><strong>ἐν</strong></span> <span class='ocrx_word' id='word_1_516' title='bbox 559 5339 637 5411; x_wconf 82' lang='grc' dir='ltr'>τῷ</span> <span class='ocrx_word' id='word_1_517' title='bbox 665 5339 765 5412; x_wconf 82' lang='grc' dir='ltr'><strong>βίῳ</strong></span> <span class='ocrx_word' id='word_1_518' title='bbox 796 5337 906 5393; x_wconf 87' lang='grc' dir='ltr'><strong>τῶν</strong></span> <span class='ocrx_word' id='word_1_519' title='bbox 941 5337 1241 5410; x_wconf 84' lang='grc' dir='ltr'>ἀνθρώπων</span> <span class='ocrx_word' id='word_1_520' title='bbox 1268 5337 1585 5409; x_wconf 87' lang='grc' dir='ltr'>ἐπικρατεῖς</span> <span class='ocrx_word' id='word_1_521' title='bbox 1613 5335 1890 5406; x_wconf 88' lang='grc' dir='ltr'>βασιλείας</span> 
     </span>
    </p>
   </div>
   <div class='ocr_carea' id='block_1_71' title="bbox 384 5469 1887 5548">
    <p class='ocr_par' dir='ltr' id='par_1_71' title="bbox 384 5469 1887 5548">
     <span class='ocr_line' id='line_1_71' title="bbox 384 5469 1887 5548; baseline 0 -20"><span class='ocrx_word' id='word_1_522' title='bbox 384 5473 497 5548; x_wconf 76' lang='lat'><strong>(72)</strong></span> <span class='ocrx_word' id='word_1_523' title='bbox 523 5475 619 5548; x_wconf 89' lang='lat' dir='ltr'><strong>Est</strong></span> <span class='ocrx_word' id='word_1_524' title='bbox 649 5475 702 5529; x_wconf 87' lang='lat' dir='ltr'><strong>in</strong></span> <span class='ocrx_word' id='word_1_525' title='bbox 737 5471 1032 5542; x_wconf 86' lang='lat' dir='ltr'><strong>deperditis</strong></span> <span class='ocrx_word' id='word_1_526' title='bbox 1063 5471 1150 5548; x_wconf 86' lang='lat' dir='ltr'><strong>hic</strong></span> <span class='ocrx_word' id='word_1_527' title='bbox 1178 5470 1398 5548; x_wconf 84' lang='lat' dir='ltr'><strong>Eusebii</strong></span> <span class='ocrx_word' id='word_1_528' title='bbox 1439 5471 1592 5526; x_wconf 88' lang='lat' dir='ltr'><strong>liber.</strong></span> <span class='ocrx_word' id='word_1_529' title='bbox 1625 5469 1887 5548; x_wconf 41' lang='lat' dir='ltr'><strong>EAviginti</strong></span> 
     </span>
    </p>
   </div>
   <div class='ocr_carea' id='block_1_72' title="bbox 312 5541 1891 5612">
    <p class='ocr_par' dir='ltr' id='par_1_72' title="bbox 312 5541 1891 5612">
     <span class='ocr_line' id='line_1_72' title="bbox 312 5541 1891 5612; baseline -0.001 -14"><span class='ocrx_word' id='word_1_530' title='bbox 312 5541 487 5612; x_wconf 65' lang='lat' dir='ltr'><strong>enim,</strong></span> <span class='ocrx_word' id='word_1_531' title='bbox 514 5547 700 5601; x_wconf 86' lang='lat' dir='ltr'><strong>decem</strong></span> <span class='ocrx_word' id='word_1_532' title='bbox 747 5541 1126 5599; x_wconf 86' lang='lat' dir='ltr'><strong>tantummodo</strong></span> <span class='ocrx_word' id='word_1_533' title='bbox 1157 5543 1367 5612; x_wconf 85' lang='lat' dir='ltr'><strong>priores</strong></span> <span class='ocrx_word' id='word_1_534' title='bbox 1397 5551 1628 5597; x_wconf 78' lang='lat' dir='ltr'><strong>exstant.</strong></span> <span class='ocrx_word' id='word_1_535' title='bbox 1665 5541 1786 5609; x_wconf 84' lang='lat' dir='ltr'><strong>Quo</strong></span> <span class='ocrx_word' id='word_1_536' title='bbox 1831 5544 1891 5596; x_wconf 85' lang='lat' dir='ltr'><strong>lit</strong></span> 
     </span>
    </p>
   </div>
   <div class='ocr_carea' id='block_1_73' title="bbox 314 5611 1888 5682">
    <p class='ocr_par' dir='ltr' id='par_1_73' title="bbox 314 5611 1888 5682">
     <span class='ocr_line' id='line_1_73' title="bbox 314 5611 1888 5682; baseline -0.001 -14"><span class='ocrx_word' id='word_1_537' title='bbox 314 5617 603 5682; x_wconf 88' lang='lat' dir='ltr'><strong>pretiosius</strong></span> <span class='ocrx_word' id='word_1_538' title='bbox 630 5617 735 5670; x_wconf 91' lang='lat' dir='ltr'><strong>hoc</strong></span> <span class='ocrx_word' id='word_1_539' title='bbox 773 5614 973 5682; x_wconf 58' lang='lat' dir='ltr'><strong>decimi</strong></span> <span class='ocrx_word' id='word_1_540' title='bbox 1001 5611 1178 5682; x_wconf 86' lang='lat' dir='ltr'><strong>quinti</strong></span> <span class='ocrx_word' id='word_1_541' title='bbox 1212 5611 1607 5681; x_wconf 82' lang='lat' dir='ltr'><strong>fragmentum;</strong></span> <span class='ocrx_word' id='word_1_542' title='bbox 1640 5615 1705 5666; x_wconf 89' lang='lat' dir='ltr'><strong>ad</strong></span> <span class='ocrx_word' id='word_1_543' title='bbox 1742 5615 1888 5680; x_wconf 92' lang='lat' dir='ltr'><strong>quod</strong></span> 
     </span>
    </p>
   </div>
   <div class='ocr_carea' id='block_1_74' title="bbox 315 5680 1888 5754">
    <p class='ocr_par' dir='ltr' id='par_1_74' title="bbox 315 5680 1888 5754">
     <span class='ocr_line' id='line_1_74' title="bbox 315 5680 1888 5754; baseline 0 -18"><span class='ocrx_word' id='word_1_544' title='bbox 315 5680 432 5740; x_wconf 73' lang='lat' dir='ltr'><strong>sine</strong></span> <span class='ocrx_word' id='word_1_545' title='bbox 462 5687 630 5740; x_wconf 90' lang='lat' dir='ltr'><strong>dubio</strong></span> <span class='ocrx_word' id='word_1_546' title='bbox 664 5683 902 5754; x_wconf 74' lang='lat' dir='ltr'><strong>respexit</strong></span> <span class='ocrx_word' id='word_1_547' title='bbox 931 5680 1316 5754; x_wconf 69' lang='lat' dir='ltr'><strong>Theodoretus</strong></span> <span class='ocrx_word' id='word_1_548' title='bbox 1342 5682 1405 5754; x_wconf 85' lang='lat' dir='ltr'><strong>in</strong></span> <span class='ocrx_word' id='word_1_549' title='bbox 1437 5698 1536 5737; x_wconf 88' lang='lat' dir='ltr'><strong>sua</strong></span> <span class='ocrx_word' id='word_1_550' title='bbox 1561 5697 1690 5754; x_wconf 76' lang='lat' dir='ltr'><strong>_non</strong></span> <span class='ocrx_word' id='word_1_551' title='bbox 1723 5683 1888 5754; x_wconf 82' lang='lat' dir='ltr'><strong>dissi-</strong></span> 
     </span>
    </p>
   </div>
   <div class='ocr_carea' id='block_1_75' title="bbox 321 5751 1891 5822">
    <p class='ocr_par' dir='ltr' id='par_1_75' title="bbox 321 5751 1891 5822">
     <span class='ocr_line' id='line_1_75' title="bbox 321 5751 1891 5822; baseline 0.001 -17"><span class='ocrx_word' id='word_1_552' title='bbox 321 5756 430 5809; x_wconf 86' lang='lat' dir='ltr'><strong>mili</strong></span> <span class='ocrx_word' id='word_1_553' title='bbox 453 5755 710 5809; x_wconf 86' lang='lat' dir='ltr'><strong>Danielici</strong></span> <span class='ocrx_word' id='word_1_554' title='bbox 747 5751 912 5821; x_wconf 84' lang='lat' dir='ltr'><strong>hujus</strong></span> <span class='ocrx_word' id='word_1_555' title='bbox 939 5752 1040 5806; x_wconf 78' lang='lat' dir='ltr'><strong>loci</strong></span> <span class='ocrx_word' id='word_1_556' title='bbox 1072 5752 1537 5820; x_wconf 88' lang='lat' dir='ltr'><strong>interpretatione.</strong></span> <span class='ocrx_word' id='word_1_557' title='bbox 1560 5751 1746 5822; x_wconf 88' lang='lat' dir='ltr'><strong>Neque</strong></span> <span class='ocrx_word' id='word_1_558' title='bbox 1778 5752 1891 5807; x_wconf 79' lang='lat' dir='ltr'><strong>fere</strong></span> 
     </span>
    </p>
   </div>
   <div class='ocr_carea' id='block_1_76' title="bbox 315 5822 1887 5896">
    <p class='ocr_par' dir='ltr' id='par_1_76' title="bbox 315 5822 1887 5896">
     <span class='ocr_line' id='line_1_76' title="bbox 315 5822 1887 5896; baseline -0.001 -20"><span class='ocrx_word' id='word_1_559' title='bbox 315 5825 522 5882; x_wconf 89' lang='lat' dir='ltr'><strong>abludit</strong></span> <span class='ocrx_word' id='word_1_560' title='bbox 549 5823 936 5896; x_wconf 79' lang='lat' dir='ltr'><strong>Hieronymus,</strong></span> <span class='ocrx_word' id='word_1_561' title='bbox 969 5837 1131 5892; x_wconf 87' lang='lat' dir='ltr'><strong>quem</strong></span> <span class='ocrx_word' id='word_1_562' title='bbox 1165 5822 1370 5894; x_wconf 85' lang='lat' dir='ltr'><strong>alioqui</strong></span> <span class='ocrx_word' id='word_1_563' title='bbox 1420 5836 1528 5877; x_wconf 91' lang='lat' dir='ltr'><strong>non</strong></span> <span class='ocrx_word' id='word_1_564' title='bbox 1567 5823 1887 5892; x_wconf 75' lang='lat' dir='ltr'><strong>inh&#39;equen-</strong></span> 
     </span>
    </p>
   </div>
   <div class='ocr_carea' id='block_1_77' title="bbox 1992 1951 3581 2022">
    <p class='ocr_par' dir='ltr' id='par_1_77' title="bbox 1992 1951 3581 2022">
     <span class='ocr_line' id='line_1_77' title="bbox 1992 1951 3581 2022; baseline 0.002 -17"><span class='ocrx_word' id='word_1_565' title='bbox 1992 1951 2194 2020; x_wconf 88' lang='lat' dir='ltr'><strong>seipsa,</strong></span> <span class='ocrx_word' id='word_1_566' title='bbox 2223 1952 2294 2006; x_wconf 87' lang='lat' dir='ltr'><strong>ita</strong></span> <span class='ocrx_word' id='word_1_567' title='bbox 2331 1962 2388 2006; x_wconf 91' lang='lat' dir='ltr'><strong>ut</strong></span> <span class='ocrx_word' id='word_1_568' title='bbox 2412 1969 2518 2005; x_wconf 89' lang='lat' dir='ltr'><strong>non</strong></span> <span class='ocrx_word' id='word_1_569' title='bbox 2547 1952 2763 2006; x_wconf 88' lang='lat' dir='ltr'><strong>realiter</strong></span> <span class='ocrx_word' id='word_1_570' title='bbox 2793 1968 2920 2018; x_wconf 93' lang='lat' dir='ltr'><strong>una,</strong></span> <span class='ocrx_word' id='word_1_571' title='bbox 2951 1952 3046 2007; x_wconf 82' lang='lat' dir='ltr'><strong>sed</strong></span> <span class='ocrx_word' id='word_1_572' title='bbox 3081 1953 3362 2022; x_wconf 84' lang='lat' dir='ltr'><strong>multiplex</strong></span> <span class='ocrx_word' id='word_1_573' title='bbox 3399 1962 3581 2008; x_wconf 83' lang='lat' dir='ltr'><strong>statua</strong></span> 
     </span>
    </p>
   </div>
   <div class='ocr_carea' id='block_1_78' title="bbox 1993 2040 3578 2113">
    <p class='ocr_par' dir='ltr' id='par_1_78' title="bbox 1993 2040 3578 2113">
     <span class='ocr_line' id='line_1_78' title="bbox 1993 2040 3578 2113; baseline 0.003 -18"><span class='ocrx_word' id='word_1_574' title='bbox 1993 2041 2117 2096; x_wconf 87' lang='lat' dir='ltr'><strong>ista.</strong></span> <span class='ocrx_word' id='word_1_575' title='bbox 2167 2040 2424 2096; x_wconf 86' lang='lat' dir='ltr'><strong>Omnium</strong></span> <span class='ocrx_word' id='word_1_576' title='bbox 2456 2043 2600 2097; x_wconf 89' lang='lat' dir='ltr'><strong>enim</strong></span> <span class='ocrx_word' id='word_1_577' title='bbox 2646 2057 2939 2113; x_wconf 84' lang='lat' dir='ltr'><strong>regnorum</strong></span> <span class='ocrx_word' id='word_1_578' title='bbox 2972 2059 3246 2098; x_wconf 87' lang='lat' dir='ltr'><strong>summam</strong></span> <span class='ocrx_word' id='word_1_579' title='bbox 3285 2045 3518 2099; x_wconf 83' lang='lat' dir='ltr'><strong>habebat</strong></span> <span class='ocrx_word' id='word_1_580' title='bbox 3563 2063 3578 2100; x_wconf 92' lang='lat'><strong>:</strong></span> 
     </span>
    </p>
   </div>
   <div class='ocr_carea' id='block_1_79' title="bbox 1991 2133 3582 2206">
    <p class='ocr_par' dir='ltr' id='par_1_79' title="bbox 1991 2133 3582 2206">
     <span class='ocr_line' id='line_1_79' title="bbox 1991 2133 3582 2206; baseline 0.003 -20"><span class='ocrx_word' id='word_1_581' title='bbox 1991 2133 2339 2202; x_wconf 88' lang='lat' dir='ltr'><strong>pulchritudo</strong></span> <span class='ocrx_word' id='word_1_582' title='bbox 2378 2135 2497 2201; x_wconf 92' lang='lat' dir='ltr'><strong>ejus</strong></span> <span class='ocrx_word' id='word_1_583' title='bbox 2524 2135 2722 2188; x_wconf 78' lang='lat' dir='ltr'><strong>decora</strong></span> <span class='ocrx_word' id='word_1_584' title='bbox 2757 2134 2921 2188; x_wconf 90' lang='lat' dir='ltr'><strong>nimis</strong></span> <span class='ocrx_word' id='word_1_585' title='bbox 2968 2147 3190 2204; x_wconf 89' lang='lat' dir='ltr'><strong>propter</strong></span> <span class='ocrx_word' id='word_1_586' title='bbox 3233 2136 3461 2206; x_wconf 84' lang='lat' dir='ltr'><strong>gloriam</strong></span> <span class='ocrx_word' id='word_1_587' title='bbox 3501 2152 3582 2192; x_wconf 86' lang='lat' dir='ltr'><strong>rc-</strong></span> 
     </span>
    </p>
   </div>
   <div class='ocr_carea' id='block_1_80' title="bbox 1991 2223 3577 2294">
    <p class='ocr_par' dir='ltr' id='par_1_80' title="bbox 1991 2223 3577 2294">
     <span class='ocr_line' id='line_1_80' title="bbox 1991 2223 3577 2294; baseline 0.004 -20"><span class='ocrx_word' id='word_1_588' title='bbox 1991 2238 2118 2291; x_wconf 84' lang='lat' dir='ltr'><strong>gum</strong></span> <span class='ocrx_word' id='word_1_589' title='bbox 2143 2239 2157 2285; x_wconf 87' lang='lat'><strong>;</strong></span> <span class='ocrx_word' id='word_1_590' title='bbox 2193 2231 2247 2276; x_wconf 89' lang='lat' dir='ltr'><strong>et</strong></span> <span class='ocrx_word' id='word_1_591' title='bbox 2278 2232 2531 2291; x_wconf 87' lang='lat' dir='ltr'><strong>aspectus</strong></span> <span class='ocrx_word' id='word_1_592' title='bbox 2558 2223 2678 2291; x_wconf 88' lang='lat' dir='ltr'><strong>ejus</strong></span> <span class='ocrx_word' id='word_1_593' title='bbox 2709 2223 2964 2277; x_wconf 90' lang='lat' dir='ltr'><strong>terribilis</strong></span> <span class='ocrx_word' id='word_1_594' title='bbox 2984 2263 2999 2288; x_wconf 93' lang='lat'><strong>,</strong></span> <span class='ocrx_word' id='word_1_595' title='bbox 3018 2235 3237 2293; x_wconf 87' lang='lat' dir='ltr'><strong>propter</strong></span> <span class='ocrx_word' id='word_1_596' title='bbox 3256 2225 3577 2294; x_wconf 87' lang='lat' dir='ltr'><strong>potentiam.</strong></span> 
     </span>
    </p>
   </div>
   <div class='ocr_carea' id='block_1_81' title="bbox 1991 2311 3589 2386">
    <p class='ocr_par' dir='ltr' id='par_1_81' title="bbox 1991 2311 3589 2386">
     <span class='ocr_line' id='line_1_81' title="bbox 1991 2311 3589 2386; baseline 0.003 -21"><span class='ocrx_word' id='word_1_597' title='bbox 1991 2311 2259 2367; x_wconf 87' lang='lat' dir='ltr'><strong>Eusebius</strong></span> <span class='ocrx_word' id='word_1_598' title='bbox 2286 2312 2576 2382; x_wconf 87' lang='lat' dir='ltr'><strong>Pamphili,</strong></span> <span class='ocrx_word' id='word_1_599' title='bbox 2617 2320 2672 2366; x_wconf 90' lang='lat' dir='ltr'><strong>et</strong></span> <span class='ocrx_word' id='word_1_600' title='bbox 2701 2312 3038 2367; x_wconf 72' lang='lat' dir='ltr'><strong>HIPPOLY&#39;I‘US</strong></span> <span class='ocrx_word' id='word_1_601' title='bbox 3060 2314 3442 2372; x_wconf 85' lang='lat' dir='ltr'><strong>sanctissimus</strong></span> <span class='ocrx_word' id='word_1_602' title='bbox 3472 2316 3589 2386; x_wconf 90' lang='lat' dir='ltr'><strong>epi-</strong></span> 
     </span>
    </p>
   </div>
   <div class='ocr_carea' id='block_1_82' title="bbox 1990 2403 3587 2474">
    <p class='ocr_par' dir='ltr' id='par_1_82' title="bbox 1990 2403 3587 2474">
     <span class='ocr_line' id='line_1_82' title="bbox 1990 2403 3587 2474; baseline 0.002 -15"><span class='ocrx_word' id='word_1_603' title='bbox 1990 2419 2188 2474; x_wconf 91' lang='lat' dir='ltr'><strong>scopus</strong></span> <span class='ocrx_word' id='word_1_604' title='bbox 2208 2403 2393 2458; x_wconf 72' lang='lat' dir='ltr'><strong>Romae</strong></span> <span class='ocrx_word' id='word_1_605' title='bbox 2420 2413 2874 2473; x_wconf 87' lang='lat' dir='ltr'><strong>comparaverunt</strong></span> <span class='ocrx_word' id='word_1_606' title='bbox 2902 2404 3404 2462; x_wconf 85' lang='lat' dir='ltr'><strong>Nabuchodonosor</strong></span> <span class='ocrx_word' id='word_1_607' title='bbox 3437 2424 3587 2464; x_wconf 85' lang='lat' dir='ltr'><strong>som-</strong></span> 
     </span>
    </p>
   </div>
   <div class='ocr_carea' id='block_1_83' title="bbox 1992 2495 3578 2566">
    <p class='ocr_par' dir='ltr' id='par_1_83' title="bbox 1992 2495 3578 2566">
     <span class='ocr_line' id='line_1_83' title="bbox 1992 2495 3578 2566; baseline 0.004 -18"><span class='ocrx_word' id='word_1_608' title='bbox 1992 2495 2144 2549; x_wconf 92' lang='lat' dir='ltr'><strong>nium</strong></span> <span class='ocrx_word' id='word_1_609' title='bbox 2178 2497 2454 2566; x_wconf 69' lang='lat' dir='ltr'><strong>prOphetaa</strong></span> <span class='ocrx_word' id='word_1_610' title='bbox 2501 2495 2739 2552; x_wconf 90' lang='lat' dir='ltr'><strong>Danielis</strong></span> <span class='ocrx_word' id='word_1_611' title='bbox 2769 2496 2988 2552; x_wconf 90' lang='lat' dir='ltr'><strong>visioni.</strong></span> <span class='ocrx_word' id='word_1_612' title='bbox 3035 2497 3305 2563; x_wconf 83' lang='lat' dir='ltr'><strong>Quoniam</strong></span> <span class='ocrx_word' id='word_1_613' title='bbox 3358 2499 3578 2554; x_wconf 84' lang='lat' dir='ltr'><strong>diverso</strong></span> 
     </span>
    </p>
   </div>
   <div class='ocr_carea' id='block_1_84' title="bbox 1991 2586 3575 2658">
    <p class='ocr_par' dir='ltr' id='par_1_84' title="bbox 1991 2586 3575 2658">
     <span class='ocr_line' id='line_1_84' title="bbox 1991 2586 3575 2658; baseline 0.004 -18"><span class='ocrx_word' id='word_1_614' title='bbox 1991 2586 2135 2642; x_wconf 90' lang='lat' dir='ltr'><strong>hanc</strong></span> <span class='ocrx_word' id='word_1_615' title='bbox 2180 2587 2448 2643; x_wconf 80' lang='lat' dir='ltr'><strong>visionem</strong></span> <span class='ocrx_word' id='word_1_616' title='bbox 2499 2588 2992 2658; x_wconf 84' lang='lat' dir='ltr'><strong>interpretaverunt</strong></span> <span class='ocrx_word' id='word_1_617' title='bbox 3044 2589 3098 2642; x_wconf 91' lang='lat' dir='ltr'><strong>in</strong></span> <span class='ocrx_word' id='word_1_618' title='bbox 3149 2589 3575 2646; x_wconf 85' lang='lat' dir='ltr'><strong>Commentariis</strong></span> 
     </span>
    </p>
   </div>
   <div class='ocr_carea' id='block_1_85' title="bbox 1991 2679 3576 2752">
    <p class='ocr_par' dir='ltr' id='par_1_85' title="bbox 1991 2679 3576 2752">
     <span class='ocr_line' id='line_1_85' title="bbox 1991 2679 3576 2752; baseline 0.002 -19"><span class='ocrx_word' id='word_1_619' title='bbox 1991 2679 2129 2743; x_wconf 87' lang='lat' dir='ltr'><strong>suis,</strong></span> <span class='ocrx_word' id='word_1_620' title='bbox 2161 2679 2530 2734; x_wconf 86' lang='lat' dir='ltr'><strong>necessarium</strong></span> <span class='ocrx_word' id='word_1_621' title='bbox 2553 2679 2791 2749; x_wconf 90' lang='lat' dir='ltr'><strong>judicavi</strong></span> <span class='ocrx_word' id='word_1_622' title='bbox 2819 2680 3034 2735; x_wconf 86' lang='lat' dir='ltr'><strong>Eusebii</strong></span> <span class='ocrx_word' id='word_1_623' title='bbox 3062 2681 3340 2742; x_wconf 66' lang='lat' dir='ltr'><strong>Caesarem.</strong></span> <span class='ocrx_word' id='word_1_624' title='bbox 3373 2699 3576 2752; x_wconf 85' lang='lat' dir='ltr'><strong>cogno-</strong></span> 
     </span>
    </p>
   </div>
   <div class='ocr_carea' id='block_1_86' title="bbox 1991 2767 3578 2841">
    <p class='ocr_par' dir='ltr' id='par_1_86' title="bbox 1991 2767 3578 2841">
     <span class='ocr_line' id='line_1_86' title="bbox 1991 2767 3578 2841; baseline 0.003 -19"><span class='ocrx_word' id='word_1_625' title='bbox 1991 2770 2139 2824; x_wconf 85' lang='lat' dir='ltr'><strong>mine</strong></span> <span class='ocrx_word' id='word_1_626' title='bbox 2178 2767 2446 2839; x_wconf 87' lang='lat' dir='ltr'><strong>Pamphili</strong></span> <span class='ocrx_word' id='word_1_627' title='bbox 2481 2771 2844 2825; x_wconf 84' lang='lat' dir='ltr'><strong>transcribere</strong></span> <span class='ocrx_word' id='word_1_628' title='bbox 2885 2771 3049 2825; x_wconf 89' lang='lat' dir='ltr'><strong>verba</strong></span> <span class='ocrx_word' id='word_1_629' title='bbox 3091 2789 3214 2841; x_wconf 72' lang='lat' dir='ltr'><strong>qua:</strong></span> <span class='ocrx_word' id='word_1_630' title='bbox 3242 2781 3370 2826; x_wconf 90' lang='lat' dir='ltr'><strong>sunt</strong></span> <span class='ocrx_word' id='word_1_631' title='bbox 3397 2773 3450 2826; x_wconf 88' lang='lat' dir='ltr'><strong>in</strong></span> <span class='ocrx_word' id='word_1_632' title='bbox 3482 2774 3578 2826; x_wconf 92' lang='lat' dir='ltr'><strong>de-</strong></span> 
     </span>
    </p>
   </div>
   <div class='ocr_carea' id='block_1_87' title="bbox 1991 2861 3579 2932">
    <p class='ocr_par' dir='ltr' id='par_1_87' title="bbox 1991 2861 3579 2932">
     <span class='ocr_line' id='line_1_87' title="bbox 1991 2861 3579 2932; baseline 0.003 -17"><span class='ocrx_word' id='word_1_633' title='bbox 1991 2861 2134 2916; x_wconf 87' lang='lat' dir='ltr'><strong>cimo</strong></span> <span class='ocrx_word' id='word_1_634' title='bbox 2173 2862 2363 2931; x_wconf 89' lang='lat' dir='ltr'><strong>quinto</strong></span> <span class='ocrx_word' id='word_1_635' title='bbox 2401 2862 2539 2916; x_wconf 92' lang='lat' dir='ltr'><strong>libro</strong></span> <span class='ocrx_word' id='word_1_636' title='bbox 2573 2861 2903 2932; x_wconf 71' lang='lat' dir='ltr'><strong>Evangelicaz</strong></span> <span class='ocrx_word' id='word_1_637' title='bbox 2946 2865 3436 2919; x_wconf 79' lang='lat' dir='ltr'><strong>demonstrationis.</strong></span> <span class='ocrx_word' id='word_1_638' title='bbox 3482 2863 3579 2919; x_wconf 86' lang='lat' dir='ltr'><strong>llic</strong></span> 
     </span>
    </p>
   </div>
   <div class='ocr_carea' id='block_1_88' title="bbox 1990 2951 3335 3024">
    <p class='ocr_par' dir='ltr' id='par_1_88' title="bbox 1990 2951 3335 3024">
     <span class='ocr_line' id='line_1_88' title="bbox 1990 2951 3335 3024; baseline 0.001 -16"><span class='ocrx_word' id='word_1_639' title='bbox 1990 2951 2134 3008; x_wconf 87' lang='lat' dir='ltr'><strong>enim</strong></span> <span class='ocrx_word' id='word_1_640' title='bbox 2168 2961 2334 3006; x_wconf 89' lang='lat' dir='ltr'><strong>totam</strong></span> <span class='ocrx_word' id='word_1_641' title='bbox 2361 2953 2636 3023; x_wconf 79' lang='lat' dir='ltr'><strong>explicans</strong></span> <span class='ocrx_word' id='word_1_642' title='bbox 2664 2954 2928 3009; x_wconf 86' lang='lat' dir='ltr'><strong>visionem</strong></span> <span class='ocrx_word' id='word_1_643' title='bbox 2957 2956 3035 3010; x_wconf 81' lang='lat' dir='ltr'><strong>sic</strong></span> <span class='ocrx_word' id='word_1_644' title='bbox 3061 2956 3335 3024; x_wconf 84' lang='lat' dir='ltr'><strong>loquitur:</strong></span> 
     </span>
    </p>
   </div>
   <div class='ocr_carea' id='block_1_89' title="bbox 2067 3045 3577 3120">
    <p class='ocr_par' dir='ltr' id='par_1_89' title="bbox 2067 3045 3577 3120">
     <span class='ocr_line' id='line_1_89' title="bbox 2067 3045 3577 3120; baseline 0.003 -23"><span class='ocrx_word' id='word_1_645' title='bbox 2067 3062 2087 3096; x_wconf 70' lang='grc' dir='ltr'><strong>ι</strong></span> <span class='ocrx_word' id='word_1_646' title='bbox 2138 3045 2400 3099; x_wconf 78' lang='lat' dir='ltr'><strong>Existimo</strong></span> <span class='ocrx_word' id='word_1_647' title='bbox 2436 3048 2548 3101; x_wconf 70' lang='lat' dir='ltr'><strong>hmc</strong></span> <span class='ocrx_word' id='word_1_648' title='bbox 2580 3047 2720 3111; x_wconf 87' lang='lat' dir='ltr'><strong>(scil.</strong></span> <span class='ocrx_word' id='word_1_649' title='bbox 2752 3048 3016 3102; x_wconf 77' lang='lat' dir='ltr'><strong>visionem</strong></span> <span class='ocrx_word' id='word_1_650' title='bbox 3048 3046 3577 3120; x_wconf 87' lang='lat' dir='ltr'><strong>Nabuchodonosor)</strong></span> 
     </span>
    </p>
   </div>
   <div class='ocr_carea' id='block_1_90' title="bbox 1994 3137 3578 3211">
    <p class='ocr_par' dir='ltr' id='par_1_90' title="bbox 1994 3137 3578 3211">
     <span class='ocr_line' id='line_1_90' title="bbox 1994 3137 3578 3211; baseline 0.003 -21"><span class='ocrx_word' id='word_1_651' title='bbox 1994 3151 2103 3190; x_wconf 84' lang='lat' dir='ltr'><strong>non</strong></span> <span class='ocrx_word' id='word_1_652' title='bbox 2133 3137 2348 3192; x_wconf 76' lang='lat' dir='ltr'><strong>diﬂ‘erre</strong></span> <span class='ocrx_word' id='word_1_653' title='bbox 2377 3154 2409 3192; x_wconf 92' lang='lat' dir='ltr'><strong>a</strong></span> <span class='ocrx_word' id='word_1_654' title='bbox 2446 3138 2654 3193; x_wconf 83' lang='lat' dir='ltr'><strong>visione</strong></span> <span class='ocrx_word' id='word_1_655' title='bbox 2706 3140 2981 3209; x_wconf 75' lang='lat' dir='ltr'><strong>prophetze</strong></span> <span class='ocrx_word' id='word_1_656' title='bbox 3026 3139 3276 3211; x_wconf 89' lang='lat' dir='ltr'><strong>(Daniel).</strong></span> <span class='ocrx_word' id='word_1_657' title='bbox 3326 3139 3394 3194; x_wconf 90' lang='lat' dir='ltr'><strong>Ut</strong></span> <span class='ocrx_word' id='word_1_658' title='bbox 3431 3142 3578 3194; x_wconf 88' lang='lat' dir='ltr'><strong>enim</strong></span> 
     </span>
    </p>
   </div>
   <div class='ocr_carea' id='block_1_91' title="bbox 1993 3229 3579 3302">
    <p class='ocr_par' dir='ltr' id='par_1_91' title="bbox 1993 3229 3579 3302">
     <span class='ocr_line' id='line_1_91' title="bbox 1993 3229 3579 3302; baseline 0.005 -23"><span class='ocrx_word' id='word_1_659' title='bbox 1993 3229 2248 3297; x_wconf 89' lang='lat' dir='ltr'><strong>propheta</strong></span> <span class='ocrx_word' id='word_1_660' title='bbox 2275 3244 2426 3284; x_wconf 89' lang='lat' dir='ltr'><strong>mare</strong></span> <span class='ocrx_word' id='word_1_661' title='bbox 2453 3231 2584 3284; x_wconf 89' lang='lat' dir='ltr'><strong>vidit</strong></span> <span class='ocrx_word' id='word_1_662' title='bbox 2609 3247 2886 3302; x_wconf 82' lang='lat' dir='ltr'><strong>magnum,</strong></span> <span class='ocrx_word' id='word_1_663' title='bbox 2913 3232 2993 3286; x_wconf 90' lang='lat' dir='ltr'><strong>sic</strong></span> <span class='ocrx_word' id='word_1_664' title='bbox 3034 3247 3130 3285; x_wconf 82' lang='lat' dir='ltr'><strong>rex</strong></span> <span class='ocrx_word' id='word_1_665' title='bbox 3165 3242 3400 3300; x_wconf 83' lang='lat' dir='ltr'><strong>statuam</strong></span> <span class='ocrx_word' id='word_1_666' title='bbox 3441 3235 3579 3287; x_wconf 62' lang='lat' dir='ltr'><strong>mul-</strong></span> 
     </span>
    </p>
   </div>
   <div class='ocr_carea' id='block_1_92' title="bbox 1992 3319 3576 3394">
    <p class='ocr_par' dir='ltr' id='par_1_92' title="bbox 1992 3319 3576 3394">
     <span class='ocr_line' id='line_1_92' title="bbox 1992 3319 3576 3394; baseline 0.004 -22"><span class='ocrx_word' id='word_1_667' title='bbox 1992 3319 2268 3389; x_wconf 92' lang='lat' dir='ltr'><strong>tiplicem:</strong></span> <span class='ocrx_word' id='word_1_668' title='bbox 2323 3330 2376 3374; x_wconf 92' lang='lat' dir='ltr'><strong>ct</strong></span> <span class='ocrx_word' id='word_1_669' title='bbox 2413 3322 2609 3376; x_wconf 89' lang='lat' dir='ltr'><strong>iterum</strong></span> <span class='ocrx_word' id='word_1_670' title='bbox 2661 3326 2800 3378; x_wconf 83' lang='lat' dir='ltr'><strong>sicut</strong></span> <span class='ocrx_word' id='word_1_671' title='bbox 2847 3323 3108 3393; x_wconf 90' lang='lat' dir='ltr'><strong>pr0pheta</strong></span> <span class='ocrx_word' id='word_1_672' title='bbox 3152 3324 3288 3379; x_wconf 86' lang='lat' dir='ltr'><strong>vidit</strong></span> <span class='ocrx_word' id='word_1_673' title='bbox 3339 3336 3576 3394; x_wconf 89' lang='lat' dir='ltr'><strong>quatuor</strong></span> 
     </span>
    </p>
   </div>
   <div class='ocr_carea' id='block_1_93' title="bbox 1991 3411 3580 3486">
    <p class='ocr_par' dir='ltr' id='par_1_93' title="bbox 1991 3411 3580 3486">
     <span class='ocr_line' id='line_1_93' title="bbox 1991 3411 3580 3486; baseline 0.004 -20"><span class='ocrx_word' id='word_1_674' title='bbox 1991 3411 2216 3478; x_wconf 86' lang='lat' dir='ltr'><strong>bestias,</strong></span> <span class='ocrx_word' id='word_1_675' title='bbox 2247 3429 2387 3483; x_wconf 90' lang='lat' dir='ltr'><strong>quas</strong></span> <span class='ocrx_word' id='word_1_676' title='bbox 2429 3417 2792 3485; x_wconf 87' lang='lat' dir='ltr'><strong>interpretans</strong></span> <span class='ocrx_word' id='word_1_677' title='bbox 2831 3415 3241 3470; x_wconf 80' lang='lat' dir='ltr'><strong>transformavit</strong></span> <span class='ocrx_word' id='word_1_678' title='bbox 3267 3417 3320 3470; x_wconf 90' lang='lat' dir='ltr'><strong>in</strong></span> <span class='ocrx_word' id='word_1_679' title='bbox 3345 3427 3580 3486; x_wconf 87' lang='lat' dir='ltr'><strong>quatuor</strong></span> 
     </span>
    </p>
   </div>
   <div class='ocr_carea' id='block_1_94' title="bbox 1990 3504 3582 3576">
    <p class='ocr_par' dir='ltr' id='par_1_94' title="bbox 1990 3504 3582 3576">
     <span class='ocr_line' id='line_1_94' title="bbox 1990 3504 3582 3576; baseline 0.004 -21"><span class='ocrx_word' id='word_1_680' title='bbox 1990 3517 2193 3572; x_wconf 84' lang='lat' dir='ltr'><strong>regna;</strong></span> <span class='ocrx_word' id='word_1_681' title='bbox 2218 3504 2298 3558; x_wconf 93' lang='lat' dir='ltr'><strong>sic</strong></span> <span class='ocrx_word' id='word_1_682' title='bbox 2322 3520 2416 3558; x_wconf 81' lang='lat' dir='ltr'><strong>rex</strong></span> <span class='ocrx_word' id='word_1_683' title='bbox 2451 3521 2544 3574; x_wconf 86' lang='lat' dir='ltr'><strong>per</strong></span> <span class='ocrx_word' id='word_1_684' title='bbox 2571 3521 2788 3572; x_wconf 89' lang='lat' dir='ltr'><strong>aurum,</strong></span> <span class='ocrx_word' id='word_1_685' title='bbox 2817 3515 2870 3560; x_wconf 89' lang='lat' dir='ltr'><strong>et</strong></span> <span class='ocrx_word' id='word_1_686' title='bbox 2897 3514 3260 3576; x_wconf 81' lang='lat' dir='ltr'><strong>argentum,et</strong></span> <span class='ocrx_word' id='word_1_687' title='bbox 3289 3515 3444 3567; x_wconf 59' lang='lat'><strong>85,8!</strong></span> <span class='ocrx_word' id='word_1_688' title='bbox 3469 3506 3582 3562; x_wconf 79' lang='lat' dir='ltr'><strong>fer-</strong></span> 
     </span>
    </p>
   </div>
   <div class='ocr_carea' id='block_1_95' title="bbox 1989 3595 3578 3666">
    <p class='ocr_par' dir='ltr' id='par_1_95' title="bbox 1989 3595 3578 3666">
     <span class='ocr_line' id='line_1_95' title="bbox 1989 3595 3578 3666; baseline 0.003 -20"><span class='ocrx_word' id='word_1_689' title='bbox 1989 3607 2148 3660; x_wconf 88' lang='lat' dir='ltr'><strong>rum,</strong></span> <span class='ocrx_word' id='word_1_690' title='bbox 2179 3605 2414 3663; x_wconf 86' lang='lat' dir='ltr'><strong>quatuor</strong></span> <span class='ocrx_word' id='word_1_691' title='bbox 2460 3599 2625 3666; x_wconf 85' lang='lat' dir='ltr'><strong>regna</strong></span> <span class='ocrx_word' id='word_1_692' title='bbox 2671 3596 2961 3666; x_wconf 86' lang='lat' dir='ltr'><strong>allegorice</strong></span> <span class='ocrx_word' id='word_1_693' title='bbox 3007 3596 3295 3666; x_wconf 82' lang='lat' dir='ltr'><strong>signiﬁcat.</strong></span> <span class='ocrx_word' id='word_1_694' title='bbox 3339 3595 3406 3650; x_wconf 89' lang='lat' dir='ltr'><strong>Et</strong></span> <span class='ocrx_word' id='word_1_695' title='bbox 3453 3613 3578 3651; x_wconf 87' lang='lat' dir='ltr'><strong>rur-</strong></span> 
     </span>
    </p>
   </div>
   <div class='ocr_carea' id='block_1_96' title="bbox 1991 3687 3579 3756">
    <p class='ocr_par' dir='ltr' id='par_1_96' title="bbox 1991 3687 3579 3756">
     <span class='ocr_line' id='line_1_96' title="bbox 1991 3687 3579 3756; baseline 0.001 -16"><span class='ocrx_word' id='word_1_696' title='bbox 1991 3700 2112 3740; x_wconf 89' lang='lat' dir='ltr'><strong>sum</strong></span> <span class='ocrx_word' id='word_1_697' title='bbox 2142 3695 2201 3740; x_wconf 93' lang='lat' dir='ltr'><strong>ut</strong></span> <span class='ocrx_word' id='word_1_698' title='bbox 2225 3687 2487 3756; x_wconf 88' lang='lat' dir='ltr'><strong>pr0pheta</strong></span> <span class='ocrx_word' id='word_1_699' title='bbox 2517 3689 2718 3742; x_wconf 77' lang='lat' dir='ltr'><strong>ultimze</strong></span> <span class='ocrx_word' id='word_1_700' title='bbox 2750 3689 2939 3743; x_wconf 73' lang='lat' dir='ltr'><strong>bestiae</strong></span> <span class='ocrx_word' id='word_1_701' title='bbox 2975 3689 3162 3742; x_wconf 88' lang='lat' dir='ltr'><strong>decem</strong></span> <span class='ocrx_word' id='word_1_702' title='bbox 3196 3702 3464 3743; x_wconf 85' lang='lat' dir='ltr'><strong>cornuum</strong></span> <span class='ocrx_word' id='word_1_703' title='bbox 3495 3688 3579 3742; x_wconf 82' lang='lat' dir='ltr'><strong>di-</strong></span> 
     </span>
    </p>
   </div>
   <div class='ocr_carea' id='block_1_97' title="bbox 1989 3778 3576 3846">
    <p class='ocr_par' dir='ltr' id='par_1_97' title="bbox 1989 3778 3576 3846">
     <span class='ocr_line' id='line_1_97' title="bbox 1989 3778 3576 3846; baseline 0.002 -15"><span class='ocrx_word' id='word_1_704' title='bbox 1989 3778 2258 3834; x_wconf 82' lang='lat' dir='ltr'><strong>visionem</strong></span> <span class='ocrx_word' id='word_1_705' title='bbox 2296 3780 2449 3846; x_wconf 88' lang='lat' dir='ltr'><strong>vidit,</strong></span> <span class='ocrx_word' id='word_1_706' title='bbox 2497 3788 2552 3835; x_wconf 89' lang='lat' dir='ltr'><strong>et</strong></span> <span class='ocrx_word' id='word_1_707' title='bbox 2600 3781 2702 3834; x_wconf 88' lang='lat' dir='ltr'><strong>tria</strong></span> <span class='ocrx_word' id='word_1_708' title='bbox 2760 3795 2967 3835; x_wconf 90' lang='lat' dir='ltr'><strong>cornua</strong></span> <span class='ocrx_word' id='word_1_709' title='bbox 3023 3781 3092 3834; x_wconf 94' lang='lat' dir='ltr'><strong>ab</strong></span> <span class='ocrx_word' id='word_1_710' title='bbox 3138 3795 3248 3835; x_wconf 93' lang='lat' dir='ltr'><strong>uno</strong></span> <span class='ocrx_word' id='word_1_711' title='bbox 3307 3779 3576 3846; x_wconf 89' lang='lat' dir='ltr'><strong>contrita;</strong></span> 
     </span>
    </p>
   </div>
   <div class='ocr_carea' id='block_1_98' title="bbox 1991 3871 3577 3926">
    <p class='ocr_par' dir='ltr' id='par_1_98' title="bbox 1991 3871 3577 3926">
     <span class='ocr_line' id='line_1_98' title="bbox 1991 3871 3577 3926; baseline 0 -2"><span class='ocrx_word' id='word_1_712' title='bbox 1991 3871 2066 3924; x_wconf 89' lang='lat' dir='ltr'><strong>ita</strong></span> <span class='ocrx_word' id='word_1_713' title='bbox 2107 3885 2201 3924; x_wconf 83' lang='lat' dir='ltr'><strong>rex</strong></span> <span class='ocrx_word' id='word_1_714' title='bbox 2246 3871 2437 3925; x_wconf 88' lang='lat' dir='ltr'><strong>eodem</strong></span> <span class='ocrx_word' id='word_1_715' title='bbox 2482 3871 2645 3925; x_wconf 91' lang='lat' dir='ltr'><strong>modo</strong></span> <span class='ocrx_word' id='word_1_716' title='bbox 2686 3872 2741 3924; x_wconf 92' lang='lat' dir='ltr'><strong>in</strong></span> <span class='ocrx_word' id='word_1_717' title='bbox 2775 3871 3036 3926; x_wconf 89' lang='lat' dir='ltr'><strong>membris</strong></span> <span class='ocrx_word' id='word_1_718' title='bbox 3077 3871 3430 3926; x_wconf 82' lang='lat' dir='ltr'><strong>inferioribus</strong></span> <span class='ocrx_word' id='word_1_719' title='bbox 3465 3883 3577 3925; x_wconf 88' lang='lat' dir='ltr'><strong>sta-</strong></span> 
     </span>
    </p>
   </div>
   <div class='ocr_carea' id='block_1_99' title="bbox 1993 3960 3579 4032">
    <p class='ocr_par' dir='ltr' id='par_1_99' title="bbox 1993 3960 3579 4032">
     <span class='ocr_line' id='line_1_99' title="bbox 1993 3960 3579 4032; baseline 0.001 -17"><span class='ocrx_word' id='word_1_720' title='bbox 1993 3971 2098 4016; x_wconf 59' lang='lat' dir='ltr'><strong>tuae</strong></span> <span class='ocrx_word' id='word_1_721' title='bbox 2128 3969 2336 4030; x_wconf 89' lang='lat' dir='ltr'><strong>partem</strong></span> <span class='ocrx_word' id='word_1_722' title='bbox 2377 3960 2629 4024; x_wconf 83' lang='lat' dir='ltr'><strong>ferream,</strong></span> <span class='ocrx_word' id='word_1_723' title='bbox 2657 3971 2708 4015; x_wconf 84' lang='lat' dir='ltr'><strong>et</strong></span> <span class='ocrx_word' id='word_1_724' title='bbox 2741 3971 2947 4032; x_wconf 89' lang='lat' dir='ltr'><strong>partem</strong></span> <span class='ocrx_word' id='word_1_725' title='bbox 2988 3971 3279 4017; x_wconf 85' lang='lat' dir='ltr'><strong>testaceam</strong></span> <span class='ocrx_word' id='word_1_726' title='bbox 3311 3962 3464 4016; x_wconf 90' lang='lat' dir='ltr'><strong>vidit.</strong></span> <span class='ocrx_word' id='word_1_727' title='bbox 3511 3961 3579 4016; x_wconf 81' lang='lat' dir='ltr'><strong>Et</strong></span> 
     </span>
    </p>
   </div>
   <div class='ocr_carea' id='block_1_100' title="bbox 1991 4053 3578 4122">
    <p class='ocr_par' dir='ltr' id='par_1_100' title="bbox 1991 4053 3578 4122">
     <span class='ocr_line' id='line_1_100' title="bbox 1991 4053 3578 4122; baseline -0.001 -16"><span class='ocrx_word' id='word_1_728' title='bbox 1991 4060 2180 4122; x_wconf 89' lang='lat' dir='ltr'><strong>postea</strong></span> <span class='ocrx_word' id='word_1_729' title='bbox 2212 4063 2269 4108; x_wconf 88' lang='lat' dir='ltr'><strong>ut</strong></span> <span class='ocrx_word' id='word_1_730' title='bbox 2302 4053 2564 4122; x_wconf 85' lang='lat' dir='ltr'><strong>prOpheta</strong></span> <span class='ocrx_word' id='word_1_731' title='bbox 2611 4061 2734 4121; x_wconf 87' lang='lat' dir='ltr'><strong>post</strong></span> <span class='ocrx_word' id='word_1_732' title='bbox 2779 4063 3015 4122; x_wconf 92' lang='lat' dir='ltr'><strong>quatuor</strong></span> <span class='ocrx_word' id='word_1_733' title='bbox 3065 4067 3357 4122; x_wconf 83' lang='lat' dir='ltr'><strong>regnorum</strong></span> <span class='ocrx_word' id='word_1_734' title='bbox 3407 4053 3578 4106; x_wconf 90' lang='lat' dir='ltr'><strong>visio-</strong></span> 
     </span>
    </p>
   </div>
   <div class='ocr_carea' id='block_1_101' title="bbox 1991 4139 3577 4213">
    <p class='ocr_par' dir='ltr' id='par_1_101' title="bbox 1991 4139 3577 4213">
     <span class='ocr_line' id='line_1_101' title="bbox 1991 4139 3577 4213; baseline 0 -16"><span class='ocrx_word' id='word_1_735' title='bbox 1991 4159 2136 4210; x_wconf 89' lang='lat' dir='ltr'><strong>nem,</strong></span> <span class='ocrx_word' id='word_1_736' title='bbox 2163 4143 2297 4198; x_wconf 89' lang='lat' dir='ltr'><strong>vidit</strong></span> <span class='ocrx_word' id='word_1_737' title='bbox 2315 4139 2507 4197; x_wconf 86' lang='lat' dir='ltr'><strong>Filium</strong></span> <span class='ocrx_word' id='word_1_738' title='bbox 2545 4143 2780 4198; x_wconf 90' lang='lat' dir='ltr'><strong>hominis</strong></span> <span class='ocrx_word' id='word_1_739' title='bbox 2812 4159 2975 4213; x_wconf 89' lang='lat' dir='ltr'><strong>super</strong></span> <span class='ocrx_word' id='word_1_740' title='bbox 3006 4144 3186 4196; x_wconf 90' lang='lat' dir='ltr'><strong>omnia</strong></span> <span class='ocrx_word' id='word_1_741' title='bbox 3211 4143 3495 4213; x_wconf 89' lang='lat' dir='ltr'><strong>imperium</strong></span> <span class='ocrx_word' id='word_1_742' title='bbox 3521 4151 3577 4197; x_wconf 89' lang='lat' dir='ltr'><strong>et</strong></span> 
     </span>
    </p>
   </div>
   <div class='ocr_carea' id='block_1_102' title="bbox 1998 4220 3642 4309">
    <p class='ocr_par' dir='ltr' id='par_1_102' title="bbox 1998 4220 3642 4309">
     <span class='ocr_line' id='line_1_102' title="bbox 1998 4220 3642 4309; baseline -0.002 -17"><span class='ocrx_word' id='word_1_743' title='bbox 1998 4244 2311 4309; x_wconf 89' lang='lat' dir='ltr'><strong>potestatem</strong></span> <span class='ocrx_word' id='word_1_744' title='bbox 2343 4247 2398 4292; x_wconf 92' lang='lat' dir='ltr'><strong>et</strong></span> <span class='ocrx_word' id='word_1_745' title='bbox 2429 4251 2656 4307; x_wconf 79' lang='lat' dir='ltr'><strong>regnum</strong></span> <span class='ocrx_word' id='word_1_746' title='bbox 2690 4236 3091 4302; x_wconf 89' lang='lat' dir='ltr'><strong>possidentem;</strong></span> <span class='ocrx_word' id='word_1_747' title='bbox 3118 4236 3196 4289; x_wconf 91' lang='lat' dir='ltr'><strong>sic</strong></span> <span class='ocrx_word' id='word_1_748' title='bbox 3222 4244 3274 4288; x_wconf 89' lang='lat' dir='ltr'><strong>et</strong></span> <span class='ocrx_word' id='word_1_749' title='bbox 3299 4235 3406 4305; x_wconf 82' lang='lat' dir='ltr'><strong>regi</strong></span> <span class='ocrx_word' id='word_1_750' title='bbox 3439 4236 3577 4305; x_wconf 86' lang='lat' dir='ltr'><strong>lapi-</strong></span> <span class='ocrx_word' id='word_1_751' title='bbox 3631 4220 3642 4225; x_wconf 60' lang='grc'><em>”</em></span> 
     </span>
    </p>
   </div>
   <div class='ocr_carea' id='block_1_103' title="bbox 1990 4325 3574 4394">
    <p class='ocr_par' dir='ltr' id='par_1_103' title="bbox 1990 4325 3574 4394">
     <span class='ocr_line' id='line_1_103' title="bbox 1990 4325 3574 4394; baseline 0 -16"><span class='ocrx_word' id='word_1_752' title='bbox 1990 4326 2112 4379; x_wconf 91' lang='lat' dir='ltr'><strong>dem</strong></span> <span class='ocrx_word' id='word_1_753' title='bbox 2138 4327 2591 4381; x_wconf 90' lang='lat' dir='ltr'><strong>comminuentem</strong></span> <span class='ocrx_word' id='word_1_754' title='bbox 2616 4335 2850 4380; x_wconf 88' lang='lat' dir='ltr'><strong>statuam</strong></span> <span class='ocrx_word' id='word_1_755' title='bbox 2883 4334 3049 4380; x_wconf 89' lang='lat' dir='ltr'><strong>totam</strong></span> <span class='ocrx_word' id='word_1_756' title='bbox 3077 4325 3386 4394; x_wconf 84' lang='lat' dir='ltr'><strong>factumque</strong></span> <span class='ocrx_word' id='word_1_757' title='bbox 3415 4340 3574 4378; x_wconf 81' lang='lat' dir='ltr'><strong>mon-</strong></span> 
     </span>
    </p>
   </div>
   <div class='ocr_carea' id='block_1_104' title="bbox 1991 4401 3588 4485">
    <p class='ocr_par' dir='ltr' id='par_1_104' title="bbox 1991 4401 3588 4485">
     <span class='ocr_line' id='line_1_104' title="bbox 1991 4401 3588 4485; baseline 0.003 -19"><span class='ocrx_word' id='word_1_758' title='bbox 1991 4421 2098 4467; x_wconf 92' lang='lat' dir='ltr'><strong>tem</strong></span> <span class='ocrx_word' id='word_1_759' title='bbox 2155 4429 2435 4485; x_wconf 87' lang='lat' dir='ltr'><strong>magnum,</strong></span> <span class='ocrx_word' id='word_1_760' title='bbox 2489 4415 2802 4485; x_wconf 85' lang='lat' dir='ltr'><strong>implentem</strong></span> <span class='ocrx_word' id='word_1_761' title='bbox 2836 4431 2985 4470; x_wconf 87' lang='lat' dir='ltr'><strong>mare</strong></span> <span class='ocrx_word' id='word_1_762' title='bbox 3032 4417 3212 4470; x_wconf 80' lang='lat' dir='ltr'><strong>videre</strong></span> <span class='ocrx_word' id='word_1_763' title='bbox 3255 4415 3432 4469; x_wconf 86' lang='lat' dir='ltr'><strong>visum</strong></span> <span class='ocrx_word' id='word_1_764' title='bbox 3467 4401 3588 4470; x_wconf 30' lang='lat' dir='ltr'><strong>est.-</strong></span> 
     </span>
    </p>
   </div>
   <div class='ocr_carea' id='block_1_105' title="bbox 1992 4501 3579 4578">
    <p class='ocr_par' dir='ltr' id='par_1_105' title="bbox 1992 4501 3579 4578">
     <span class='ocr_line' id='line_1_105' title="bbox 1992 4501 3579 4578; baseline 0.002 -23"><span class='ocrx_word' id='word_1_765' title='bbox 1992 4501 2057 4556; x_wconf 79' lang='lat' dir='ltr'><strong>Et</strong></span> <span class='ocrx_word' id='word_1_766' title='bbox 2079 4503 2205 4573; x_wconf 86' lang='lat' dir='ltr'><strong>jure</strong></span> <span class='ocrx_word' id='word_1_767' title='bbox 2237 4505 2452 4574; x_wconf 89' lang='lat' dir='ltr'><strong>quidem</strong></span> <span class='ocrx_word' id='word_1_768' title='bbox 2492 4523 2504 4558; x_wconf 95' lang='lat'>:</span> <span class='ocrx_word' id='word_1_769' title='bbox 2532 4505 2756 4560; x_wconf 90' lang='lat' dir='ltr'><strong>decebat</strong></span> <span class='ocrx_word' id='word_1_770' title='bbox 2780 4506 2925 4560; x_wconf 90' lang='lat' dir='ltr'><strong>enim</strong></span> <span class='ocrx_word' id='word_1_771' title='bbox 2957 4520 3137 4578; x_wconf 84' lang='lat' dir='ltr'><strong>regem</strong></span> <span class='ocrx_word' id='word_1_772' title='bbox 3169 4504 3311 4558; x_wconf 90' lang='lat' dir='ltr'><strong>male</strong></span> <span class='ocrx_word' id='word_1_773' title='bbox 3339 4505 3579 4559; x_wconf 88' lang='lat' dir='ltr'><strong>sentien-</strong></span> 
     </span>
    </p>
   </div>
   <div class='ocr_carea' id='block_1_106' title="bbox 1994 4597 3576 4668">
    <p class='ocr_par' dir='ltr' id='par_1_106' title="bbox 1994 4597 3576 4668">
     <span class='ocr_line' id='line_1_106' title="bbox 1994 4597 3576 4668; baseline 0.001 -18"><span class='ocrx_word' id='word_1_774' title='bbox 1994 4607 2099 4650; x_wconf 73' lang='lat' dir='ltr'><strong>tem</strong></span> <span class='ocrx_word' id='word_1_775' title='bbox 2127 4597 2192 4650; x_wconf 92' lang='lat' dir='ltr'><strong>de</strong></span> <span class='ocrx_word' id='word_1_776' title='bbox 2217 4597 2335 4652; x_wconf 66' lang='lat' dir='ltr'><strong>vita-</strong></span> <span class='ocrx_word' id='word_1_777' title='bbox 2363 4599 2696 4667; x_wconf 87' lang='lat' dir='ltr'><strong>spectaculo,</strong></span> <span class='ocrx_word' id='word_1_778' title='bbox 2721 4607 2774 4652; x_wconf 90' lang='lat' dir='ltr'><strong>et</strong></span> <span class='ocrx_word' id='word_1_779' title='bbox 2803 4597 3168 4660; x_wconf 73' lang='lat' dir='ltr'><strong>sensibilium.</strong></span> <span class='ocrx_word' id='word_1_780' title='bbox 3196 4598 3426 4668; x_wconf 80' lang='lat' dir='ltr'><strong>exempli</strong></span> <span class='ocrx_word' id='word_1_781' title='bbox 3451 4613 3576 4668; x_wconf 75' lang='lat' dir='ltr'><strong>gra-</strong></span> 
     </span>
    </p>
   </div>
   <div class='ocr_carea' id='block_1_107' title="bbox 1990 4689 3576 4762">
    <p class='ocr_par' dir='ltr' id='par_1_107' title="bbox 1990 4689 3576 4762">
     <span class='ocr_line' id='line_1_107' title="bbox 1990 4689 3576 4762; baseline 0.003 -19"><span class='ocrx_word' id='word_1_782' title='bbox 1990 4689 2085 4756; x_wconf 87' lang='lat' dir='ltr'><strong>tia,</strong></span> <span class='ocrx_word' id='word_1_783' title='bbox 2134 4690 2375 4744; x_wconf 87' lang='lat' dir='ltr'><strong>colorum</strong></span> <span class='ocrx_word' id='word_1_784' title='bbox 2417 4690 2840 4760; x_wconf 85' lang='lat' dir='ltr'><strong>pulchritudinis</strong></span> <span class='ocrx_word' id='word_1_785' title='bbox 2878 4691 2934 4746; x_wconf 89' lang='lat' dir='ltr'><strong>in</strong></span> <span class='ocrx_word' id='word_1_786' title='bbox 2977 4692 3211 4762; x_wconf 89' lang='lat' dir='ltr'><strong>pictura,</strong></span> <span class='ocrx_word' id='word_1_787' title='bbox 3253 4693 3357 4747; x_wconf 90' lang='lat' dir='ltr'><strong>sub</strong></span> <span class='ocrx_word' id='word_1_788' title='bbox 3399 4694 3576 4748; x_wconf 91' lang='lat' dir='ltr'><strong>oculis</strong></span> 
     </span>
    </p>
   </div>
   <div class='ocr_carea' id='block_1_108' title="bbox 1990 4785 3576 4858">
    <p class='ocr_par' dir='ltr' id='par_1_108' title="bbox 1990 4785 3576 4858">
     <span class='ocr_line' id='line_1_108' title="bbox 1990 4785 3576 4858; baseline 0.003 -20"><span class='ocrx_word' id='word_1_789' title='bbox 1990 4785 2310 4854; x_wconf 85' lang='lat' dir='ltr'><strong>spectatoris</strong></span> <span class='ocrx_word' id='word_1_790' title='bbox 2341 4785 2618 4855; x_wconf 75' lang='lat' dir='ltr'><strong>exposita,</strong></span> <span class='ocrx_word' id='word_1_791' title='bbox 2662 4786 3080 4851; x_wconf 89' lang='lat' dir='ltr'><strong>admiratorem,</strong></span> <span class='ocrx_word' id='word_1_792' title='bbox 3131 4795 3323 4842; x_wconf 72' lang='lat' dir='ltr'><strong>statua:</strong></span> <span class='ocrx_word' id='word_1_793' title='bbox 3363 4803 3576 4858; x_wconf 73' lang='lat' dir='ltr'><strong>magna:</strong></span> 
     </span>
    </p>
   </div>
   <div class='ocr_carea' id='block_1_109' title="bbox 1990 4877 3569 4950">
    <p class='ocr_par' dir='ltr' id='par_1_109' title="bbox 1990 4877 3569 4950">
     <span class='ocr_line' id='line_1_109' title="bbox 1990 4877 3569 4950; baseline 0.001 -20"><span class='ocrx_word' id='word_1_794' title='bbox 1990 4877 2234 4930; x_wconf 92' lang='lat' dir='ltr'><strong>omnium</strong></span> <span class='ocrx_word' id='word_1_795' title='bbox 2284 4877 2568 4931; x_wconf 89' lang='lat' dir='ltr'><strong>hominum</strong></span> <span class='ocrx_word' id='word_1_796' title='bbox 2625 4878 2931 4934; x_wconf 88' lang='lat' dir='ltr'><strong>assimilare</strong></span> <span class='ocrx_word' id='word_1_797' title='bbox 2978 4879 3191 4948; x_wconf 90' lang='lat' dir='ltr'><strong>vitam;</strong></span> <span class='ocrx_word' id='word_1_798' title='bbox 3246 4879 3569 4950; x_wconf 89' lang='lat' dir='ltr'><strong>prophetam</strong></span> 
     </span>
    </p>
   </div>
   <div class='ocr_carea' id='block_1_110' title="bbox 1988 4967 3569 5041">
    <p class='ocr_par' dir='ltr' id='par_1_110' title="bbox 1988 4967 3569 5041">
     <span class='ocr_line' id='line_1_110' title="bbox 1988 4967 3569 5041; baseline 0.002 -21"><span class='ocrx_word' id='word_1_799' title='bbox 1988 4982 2120 5021; x_wconf 89' lang='lat' dir='ltr'><strong>vero</strong></span> <span class='ocrx_word' id='word_1_800' title='bbox 2141 4967 2365 5022; x_wconf 89' lang='lat' dir='ltr'><strong>decebat</strong></span> <span class='ocrx_word' id='word_1_801' title='bbox 2395 4969 2594 5023; x_wconf 89' lang='lat' dir='ltr'><strong>multos</strong></span> <span class='ocrx_word' id='word_1_802' title='bbox 2625 4985 2962 5041; x_wconf 86' lang='lat' dir='ltr'><strong>magnosque</strong></span> <span class='ocrx_word' id='word_1_803' title='bbox 2989 4972 3254 5026; x_wconf 90' lang='lat' dir='ltr'><strong>tumultus</strong></span> <span class='ocrx_word' id='word_1_804' title='bbox 3280 4973 3404 5026; x_wconf 59' lang='lat' dir='ltr'><strong>vita!</strong></span> <span class='ocrx_word' id='word_1_805' title='bbox 3431 4971 3569 5024; x_wconf 90' lang='lat' dir='ltr'><strong>mari</strong></span> 
     </span>
    </p>
   </div>
   <div class='ocr_carea' id='block_1_111' title="bbox 1990 5059 3568 5134">
    <p class='ocr_par' dir='ltr' id='par_1_111' title="bbox 1990 5059 3568 5134">
     <span class='ocr_line' id='line_1_111' title="bbox 1990 5059 3568 5134; baseline 0.003 -22"><span class='ocrx_word' id='word_1_806' title='bbox 1990 5074 2188 5129; x_wconf 89' lang='lat' dir='ltr'><strong>magno</strong></span> <span class='ocrx_word' id='word_1_807' title='bbox 2216 5060 2573 5130; x_wconf 69' lang='lat' dir='ltr'><strong>aequiparare.</strong></span> <span class='ocrx_word' id='word_1_808' title='bbox 2616 5059 2730 5115; x_wconf 76' lang='lat' dir='ltr'><strong>Rex</strong></span> <span class='ocrx_word' id='word_1_809' title='bbox 2759 5063 2999 5132; x_wconf 89' lang='lat' dir='ltr'><strong>quidem,</strong></span> <span class='ocrx_word' id='word_1_810' title='bbox 3029 5063 3209 5134; x_wconf 86' lang='lat' dir='ltr'><strong>magni</strong></span> <span class='ocrx_word' id='word_1_811' title='bbox 3236 5063 3392 5132; x_wconf 89' lang='lat' dir='ltr'><strong>pretii</strong></span> <span class='ocrx_word' id='word_1_812' title='bbox 3424 5062 3568 5131; x_wconf 88' lang='lat' dir='ltr'><strong>apud</strong></span> 
     </span>
    </p>
   </div>
   <div class='ocr_carea' id='block_1_112' title="bbox 1989 5149 3566 5224">
    <p class='ocr_par' dir='ltr' id='par_1_112' title="bbox 1989 5149 3566 5224">
     <span class='ocr_line' id='line_1_112' title="bbox 1989 5149 3566 5224; baseline 0.003 -21"><span class='ocrx_word' id='word_1_813' title='bbox 1989 5149 2267 5205; x_wconf 89' lang='lat' dir='ltr'><strong>hominem</strong></span> <span class='ocrx_word' id='word_1_814' title='bbox 2324 5153 2542 5208; x_wconf 88' lang='lat' dir='ltr'><strong>metalla</strong></span> <span class='ocrx_word' id='word_1_815' title='bbox 2585 5168 2812 5222; x_wconf 87' lang='lat' dir='ltr'><strong>aurum,</strong></span> <span class='ocrx_word' id='word_1_816' title='bbox 2848 5164 3130 5224; x_wconf 87' lang='lat' dir='ltr'><strong>argentum</strong></span> <span class='ocrx_word' id='word_1_817' title='bbox 3155 5194 3170 5219; x_wconf 88' lang='lat'><strong>,</strong></span> <span class='ocrx_word' id='word_1_818' title='bbox 3207 5169 3316 5220; x_wconf 64' lang='lat' dir='ltr'><strong>aes,</strong></span> <span class='ocrx_word' id='word_1_819' title='bbox 3365 5153 3566 5208; x_wconf 83' lang='lat' dir='ltr'><strong>ferrum</strong></span> 
     </span>
    </p>
   </div>
   <div class='ocr_carea' id='block_1_113' title="bbox 1990 5243 3568 5315">
    <p class='ocr_par' dir='ltr' id='par_1_113' title="bbox 1990 5243 3568 5315">
     <span class='ocr_line' id='line_1_113' title="bbox 1990 5243 3568 5315; baseline 0.001 -19"><span class='ocrx_word' id='word_1_820' title='bbox 1990 5243 2289 5309; x_wconf 89' lang='lat' dir='ltr'><strong>admirans,</strong></span> <span class='ocrx_word' id='word_1_821' title='bbox 2329 5259 2492 5314; x_wconf 86' lang='lat' dir='ltr'><strong>regna</strong></span> <span class='ocrx_word' id='word_1_822' title='bbox 2543 5245 2820 5299; x_wconf 86' lang='lat' dir='ltr'><strong>variorum</strong></span> <span class='ocrx_word' id='word_1_823' title='bbox 2860 5253 3165 5315; x_wconf 85' lang='lat' dir='ltr'><strong>temporum</strong></span> <span class='ocrx_word' id='word_1_824' title='bbox 3217 5245 3269 5297; x_wconf 84' lang='lat' dir='ltr'><strong>in</strong></span> <span class='ocrx_word' id='word_1_825' title='bbox 3318 5243 3427 5298; x_wconf 85' lang='lat' dir='ltr'><strong>vita</strong></span> <span class='ocrx_word' id='word_1_826' title='bbox 3465 5245 3568 5298; x_wconf 85' lang='lat' dir='ltr'><strong>ho-</strong></span> 
     </span>
    </p>
   </div>
   <div class='ocr_carea' id='block_1_114' title="bbox 1989 5333 3566 5406">
    <p class='ocr_par' dir='ltr' id='par_1_114' title="bbox 1989 5333 3566 5406">
     <span class='ocr_line' id='line_1_114' title="bbox 1989 5333 3566 5406; baseline 0.001 -18"><span class='ocrx_word' id='word_1_827' title='bbox 1989 5334 2200 5389; x_wconf 89' lang='lat' dir='ltr'><strong>minum</strong></span> <span class='ocrx_word' id='word_1_828' title='bbox 2229 5336 2607 5406; x_wconf 84' lang='lat' dir='ltr'><strong>potentissima</strong></span> <span class='ocrx_word' id='word_1_829' title='bbox 2647 5335 2731 5390; x_wconf 92' lang='lat' dir='ltr'><strong>his</strong></span> <span class='ocrx_word' id='word_1_830' title='bbox 2768 5335 2997 5391; x_wconf 89' lang='lat' dir='ltr'><strong>debebat</strong></span> <span class='ocrx_word' id='word_1_831' title='bbox 3026 5333 3332 5390; x_wconf 88' lang='lat' dir='ltr'><strong>assimilare</strong></span> <span class='ocrx_word' id='word_1_832' title='bbox 3371 5335 3566 5389; x_wconf 79' lang='lat' dir='ltr'><strong>metal-</strong></span> 
     </span>
    </p>
   </div>
   <div class='ocr_carea' id='block_1_115' title="bbox 1993 5467 3569 5539">
    <p class='ocr_par' dir='ltr' id='par_1_115' title="bbox 1993 5467 3569 5539">
     <span class='ocr_line' id='line_1_115' title="bbox 1993 5467 3569 5539; baseline -0.001 -13"><span class='ocrx_word' id='word_1_833' title='bbox 1993 5483 2098 5526; x_wconf 87' lang='lat' dir='ltr'><strong>tem</strong></span> <span class='ocrx_word' id='word_1_834' title='bbox 2152 5471 2374 5528; x_wconf 84' lang='lat' dir='ltr'><strong>Eusebii</strong></span> <span class='ocrx_word' id='word_1_835' title='bbox 2427 5475 2692 5528; x_wconf 88' lang='lat' dir='ltr'><strong>asseclam</strong></span> <span class='ocrx_word' id='word_1_836' title='bbox 2747 5488 2868 5528; x_wconf 87' lang='lat' dir='ltr'><strong>esse</strong></span> <span class='ocrx_word' id='word_1_837' title='bbox 2923 5472 3148 5528; x_wconf 86' lang='lat' dir='ltr'><strong>scimus.</strong></span> <span class='ocrx_word' id='word_1_838' title='bbox 3203 5467 3444 5539; x_wconf 90' lang='lat' dir='ltr'><strong>Denique</strong></span> <span class='ocrx_word' id='word_1_839' title='bbox 3500 5486 3569 5526; x_wconf 90' lang='lat' dir='ltr'><strong>ne</strong></span> 
     </span>
    </p>
   </div>
   <div class='ocr_carea' id='block_1_116' title="bbox 1990 5540 3567 5614">
    <p class='ocr_par' dir='ltr' id='par_1_116' title="bbox 1990 5540 3567 5614">
     <span class='ocr_line' id='line_1_116' title="bbox 1990 5540 3567 5614; baseline -0.003 -16"><span class='ocrx_word' id='word_1_840' title='bbox 1990 5541 2410 5614; x_wconf 84' lang='lat' dir='ltr'><strong>Chrysostomus</strong></span> <span class='ocrx_word' id='word_1_841' title='bbox 2453 5543 2670 5612; x_wconf 90' lang='lat' dir='ltr'><strong>quidem</strong></span> <span class='ocrx_word' id='word_1_842' title='bbox 2719 5541 2934 5614; x_wconf 67' lang='lat' dir='ltr'><strong>Eusebii</strong></span> <span class='ocrx_word' id='word_1_843' title='bbox 2974 5543 3118 5614; x_wconf 79' lang='lat' dir='ltr'><strong>hunc</strong></span> <span class='ocrx_word' id='word_1_844' title='bbox 3161 5540 3342 5614; x_wconf 76' lang='lat' dir='ltr'><strong>locum</strong></span> <span class='ocrx_word' id='word_1_845' title='bbox 3377 5544 3567 5614; x_wconf 80' lang='lat' dir='ltr'><strong>nesci-</strong></span> 
     </span>
    </p>
   </div>
   <div class='ocr_carea' id='block_1_117' title="bbox 1989 5609 3569 5667">
    <p class='ocr_par' dir='ltr' id='par_1_117' title="bbox 1989 5609 3569 5667">
     <span class='ocr_line' id='line_1_117' title="bbox 1989 5609 3569 5667; baseline -0.001 -1"><span class='ocrx_word' id='word_1_846' title='bbox 1989 5609 2135 5667; x_wconf 78' lang='lat' dir='ltr'><strong>visse</strong></span> <span class='ocrx_word' id='word_1_847' title='bbox 2175 5614 2407 5667; x_wconf 84' lang='lat' dir='ltr'><strong>videtur.</strong></span> <span class='ocrx_word' id='word_1_848' title='bbox 2457 5609 2723 5665; x_wconf 68' lang='lat' dir='ltr'><strong>Cancrum</strong></span> <span class='ocrx_word' id='word_1_849' title='bbox 2762 5628 2827 5666; x_wconf 82' lang='lat' dir='ltr'><strong>ex</strong></span> <span class='ocrx_word' id='word_1_850' title='bbox 2862 5611 3081 5665; x_wconf 90' lang='lat' dir='ltr'><strong>Eusebii</strong></span> <span class='ocrx_word' id='word_1_851' title='bbox 3117 5609 3342 5664; x_wconf 91' lang='lat' dir='ltr'><strong>scholiis</strong></span> <span class='ocrx_word' id='word_1_852' title='bbox 3374 5610 3426 5661; x_wconf 91' lang='lat' dir='ltr'><strong>in</strong></span> <span class='ocrx_word' id='word_1_853' title='bbox 3467 5612 3569 5665; x_wconf 90' lang='lat' dir='ltr'><strong>hac</strong></span> 
     </span>
    </p>
   </div>
   <div class='ocr_carea' id='block_1_118' title="bbox 1990 5679 3566 5747">
    <p class='ocr_par' dir='ltr' id='par_1_118' title="bbox 1990 5679 3566 5747">
     <span class='ocr_line' id='line_1_118' title="bbox 1990 5679 3566 5747; baseline -0.004 -10"><span class='ocrx_word' id='word_1_854' title='bbox 1990 5691 2181 5738; x_wconf 89' lang='lat' dir='ltr'><strong>catena</strong></span> <span class='ocrx_word' id='word_1_855' title='bbox 2230 5682 2678 5747; x_wconf 88' lang='lat' dir='ltr'><strong>occurrentibus,</strong></span> <span class='ocrx_word' id='word_1_856' title='bbox 2729 5697 2792 5736; x_wconf 91' lang='lat' dir='ltr'><strong>ea</strong></span> <span class='ocrx_word' id='word_1_857' title='bbox 2847 5681 2960 5736; x_wconf 78' lang='lat' dir='ltr'><strong>fere</strong></span> <span class='ocrx_word' id='word_1_858' title='bbox 3003 5679 3305 5736; x_wconf 90' lang='lat' dir='ltr'><strong>omittenda</strong></span> <span class='ocrx_word' id='word_1_859' title='bbox 3355 5680 3566 5746; x_wconf 87' lang='lat' dir='ltr'><strong>curavi,</strong></span> 
     </span>
    </p>
   </div>
   <div class='ocr_carea' id='block_1_119' title="bbox 1989 5750 3020 5822">
    <p class='ocr_par' dir='ltr' id='par_1_119' title="bbox 1989 5750 3020 5822">
     <span class='ocr_line' id='line_1_119' title="bbox 1989 5750 3020 5822; baseline -0.002 -16"><span class='ocrx_word' id='word_1_860' title='bbox 1989 5769 2111 5822; x_wconf 81' lang='lat' dir='ltr'><strong>quae</strong></span> <span class='ocrx_word' id='word_1_861' title='bbox 2141 5754 2195 5808; x_wconf 91' lang='lat' dir='ltr'><strong>in</strong></span> <span class='ocrx_word' id='word_1_862' title='bbox 2226 5753 2386 5807; x_wconf 89' lang='lat' dir='ltr'><strong>editis</strong></span> <span class='ocrx_word' id='word_1_863' title='bbox 2409 5752 2519 5820; x_wconf 87' lang='lat' dir='ltr'><strong>jam</strong></span> <span class='ocrx_word' id='word_1_864' title='bbox 2547 5750 2857 5807; x_wconf 74' lang='lat' dir='ltr'><strong>exstabant.</strong></span> <span class='ocrx_word' id='word_1_865' title='bbox 2895 5750 3020 5806; x_wconf 74' lang='lat' dir='ltr'><strong>MAI.</strong></span> 
     </span>
    </p>
   </div>
   <div class='ocr_carea' id='block_1_120' title="bbox 2730 5853 2869 5879">
    <p class='ocr_par' dir='ltr' id='par_1_120' title="bbox 2730 5853 2869 5879">
     <span class='ocr_line' id='line_1_120' title="bbox 2730 5853 2869 5879; baseline 0.007 -1"><span class='ocrx_word' id='word_1_866' title='bbox 2730 5875 2731 5878; x_wconf 49' lang='grc' dir='ltr'><strong>η</strong></span> <span class='ocrx_word' id='word_1_867' title='bbox 2829 5853 2869 5879; x_wconf 66' lang='grc' dir='ltr'><em>Ἰ</em></span> 
     </span>
    </p>
   </div>
  </div>
