4128 6390
467 346 573 403 075

1385 353 1445 408 S.
1482 351 1841 408 HIPPOLYTI
1877 352 2026 408 OPP.
2060 350 2239 407 PARS
2275 350 2318 407 1.
2353 382 2421 392 -
2453 353 2863 414 EXEGETICA.

3604 368 3712 425 676

466 467 571 535 lis;
612 468 877 539 propheta
921 485 1050 526 vero
1093 472 1147 527 in
1182 471 1372 541 formis
1416 474 1714 529 bestiarum
1761 475 1876 531 haec
1922 476 2025 545 ipsa

2141 472 2362 539 ταύταις
2407 477 2700 547 ἀφομοιοῦν
2743 482 2862 542 ταῖς
2901 479 3074 545 ὕλαιςο
3130 481 3207 553 τῷ
3251 484 3309 536 δὲ
3356 489 3613 562 προφήτῃ
3654 494 3716 545 ὲν

469 582 636 638 regna
664 568 806 623 haud
845 568 1003 623 aliter
1041 584 1105 625 ac
1150 572 1481 626 narrationis
1532 572 1813 627 exordium
1850 572 2044 637 depin-

470 674 595 729 gere
619 660 918 714 tenebatur.
954 659 1019 714 Et
1039 676 1230 715 rursus
1257 662 1389 732 regi,
1415 672 1474 717 ut
1505 664 1739 728 videtur,
1770 663 1837 717 de
1865 665 2044 733 seipso

469 764 667 819 magna
713 750 995 819 cogitanti,
1038 760 1091 806 et
1120 752 1453 821 jactahundo
1494 754 1561 808 de
1605 755 1876 823 majorum
1914 769 2045 809 suo-

466 855 587 893 rum
619 838 867 907 imperio,
898 854 1080 895 rerum
1122 841 1483 896 humanarum
1532 846 1763 898 mutatio
1799 853 2042 914 apparet,

465 940 520 986 et
559 932 896 986 terrestrium
942 947 1231 1003 regnorum
1264 935 1409 1000 ﬁnis,
1442 945 1502 989 ut
1544 952 1699 991 suam
1730 938 2040 1007 superbiam

464 1025 698 1093 deponat
737 1032 791 1079 et
825 1024 960 1079 nihil
986 1026 1210 1080 humani
1243 1028 1490 1082 durabile
1528 1018 1743 1095 cred‘ht,
1788 1033 1882 1085 sed
1920 1040 2042 1085 tan-

464 1124 579 1170 tum
602 1156 617 1180 ,
667 1118 814 1186 quod
854 1126 937 1176 est
968 1120 1210 1173 omnium
1242 1119 1389 1187 linis,
1413 1132 1637 1192 regnum
1669 1121 1785 1177 Dei.
1822 1152 1893 1162 —
1924 1122 2042 1178 Erit

466 1209 612 1263 enim
643 1219 765 1279 post
794 1210 1080 1279 imperium
1110 1213 1460 1283 Assyriorum
1490 1214 1635 1283 quod
1668 1215 1899 1284 primum
1934 1225 2038 1282 est,

466 1315 711 1371 auroque
745 1301 1103 1372 signiﬁcatum
1129 1344 1144 1368 ,
1180 1302 1469 1359 Persarum
1519 1305 1808 1375 imperium
1834 1347 1849 1372 ,
1893 1307 2039 1377 quod

465 1391 764 1446 secundum
795 1400 898 1457 est,
925 1402 979 1447 et
1007 1407 1233 1465 argento
1256 1406 1639 1464 monstratum,
1668 1398 1757 1452 cui
1791 1399 1848 1454 in
1878 1402 2039 1456 tertio

461 1483 584 1538 loco
615 1483 974 1540 Macedonum
1016 1488 1302 1556 imperium
1321 1529 1336 1554 ,
1381 1504 1488 1543 aere
1520 1490 1815 1545 indicatum
1846 1506 2036 1547 succe-

460 1574 570 1630 det.
612 1604 682 1617 η
715 1575 846 1632 Post
877 1578 980 1633 hoc
1002 1588 1195 1649 quarta
1220 1582 1543 1647 mutatione,
1573 1583 1861 1653 imperium
1890 1586 2036 1641 acci-

457 1670 607 1738 pient
628 1668 880 1737 Romani,
907 1672 1171 1737 omnium,
1201 1674 1295 1743 qui
1326 1681 1450 1728 ante
1479 1689 1575 1731 eos
1601 1674 1821 1732 fuerunt
1850 1688 2038 1747 poten-

457 1759 652 1828 tiores;
688 1761 1044 1830 quamobrem
1083 1760 1229 1817 l‘erro
1258 1763 1655 1833 intelliguntur.
1698 1766 1910 1822 Dictum
1953 1776 2037 1823 est

2148 568 2379 634 μορφαῖς
2409 566 2612 639 θηρίων
2637 570 2735 633 τὰς
2759 570 2926 635 αὐτὰς
2957 572 3233 642 βασιλείας
3263 577 3611 649 καταλλήλως
3634 581 3715 653 τῷ

2143 653 2244 723 τῆς
2274 656 2449 727 ἀρχῆς
2492 658 2678 732 τρόπῳ
2721 661 3136 733 διαγράφεσθαι·
3182 668 3278 720 καὶ
3319 669 3479 729 πάλιν
3508 671 3585 742 τῷ
3614 673 3714 743 μὲν

2145 741 2370 811 βασιλεῖ,
2401 747 2542 817 μέγα
2574 748 2648 812 ὡς
2676 750 2821 812 εἰκὸς
2844 752 2927 820 ἐφ’
2947 753 3124 824 ἐαυτῷ
3149 757 3432 827 φρονοῦντι
3461 741 3563 813 καὶ
3583 741 3716 816 ἀλα-

2144 829 2475 907 ζονευομένῳ
2513 838 2606 891 ἐπὶ
2647 843 2714 912 τῇ
2744 840 2851 895 τῶν
2897 844 3178 914 προγόνων
3216 846 3483 922 βασιλείᾳ,
3523 855 3558 924 ή
3603 854 3715 908 τῶν

2142 928 2479 999 πραγμάτων
2528 932 2795 1004 μεταϐολή
2838 934 3138 1001 δείκνυται,
3187 940 3280 993 καὶ
3326 942 3437 997 τῶν
3473 945 3566 997 ἐπὶ
3607 946 3713 1016 γῆς

2144 1018 2429 1089 βασιλειῶν
2460 1023 2521 1076 τὸ
2561 1024 2744 1093 τέλος,
2776 1029 2854 1090 εἰς
2887 1028 3199 1101 καθαίρεσιν
3228 1032 3320 1085 τοῦ
3349 1037 3407 1087 ὲν
3438 1036 3589 1108 αὐτῷ
3616 1037 3713 1092 τύ-

2141 1128 2261 1180 φου,
2296 1112 2389 1165 καὶ
2434 1117 2513 1178 εἰς
2558 1116 2619 1171 τὸ
2665 1117 2829 1189 μηδὲν
2869 1121 3120 1191 ἡγεῖσθαι
3166 1124 3379 1194 βέὸαιον
3416 1126 3477 1179 τὸ
3517 1130 3575 1181 ὲν
3618 1131 3714 1183 ἀν-

2140 1202 2397 1289 θρόζποις,
2426 1204 2459 1276 ἦ
2501 1207 2659 1277 μόνον
2702 1208 2763 1262 τὸ
2792 1211 2883 1265 ἐπὶ
2909 1214 3125 1267 πάντων
3151 1214 3301 1280 τέλος
3324 1216 3424 1288 τῆς
3453 1219 3548 1272 τοῦ
3574 1219 3711 1275 Θεοῦ

2140 1291 2427 1362 βασιλείας
2465 1296 2682 1353 ἔσεσθαι
2715 1301 2823 1373 γὰρ
2857 1302 2994 1373 μετὰ
3018 1304 3117 1376 τὴν
3144 1306 3366 1379 πρώτην
3412 1310 3712 1383 ’Δσσυρίων
3778 1378 3779 1381 η

2138 1382 2328 1453 ἀρχὴν,
2362 1385 2429 1455 ἢν
2459 1386 2487 1437 ό
2516 1387 2713 1457 χρυσὸς
2750 1390 2988 1461 ᾐνίξατο,
3015 1394 3271 1468 δευτέραν
3303 1398 3402 1469 τὴν
3431 1399 3541 1453 τῶν
3568 1382 3711 1473 Περ-

2138 1470 2281 1538 σῶν,
2330 1474 2429 1545 τὴν
2476 1475 2564 1529 διὰ
2620 1478 2715 1531 τοῦ
2769 1480 3009 1553 ἀργύρου
3060 1485 3464 1560 δεδηλωμένην’
3517 1470 3709 1547 ἔπειτα

2134 1563 2324 1635 τρίτην
2349 1565 2445 1638 τὴν
2472 1569 2814 1637 Μακεδόνων,
2834 1574 2899 1645 ἣν
2928 1576 2957 1628 ό
2985 1575 3181 1646 χαλκὸς
3213 1581 3472 1651 ὲσήμανε·
3502 1584 3619 1653 μεθ’
3639 1585 3709 1657 ἢν

2135 1654 2401 1747 τετάρτην
2434 1657 2773 1724 διαδέξασθαι
2802 1664 2908 1719 τῶν
2950 1666 3252 1738 Ῥωμαίων,
3298 1654 3708 1747 κραταιωτέραν
3764 1718 3767 1721 -

2135 1736 2302 1798 οὖσαν
2329 1746 2438 1799 τῶν
2480 1749 2586 1821 πρὸ
2628 1751 2815 1823 αὐτῆς·
2850 1755 2931 1809 διὸ
2954 1736 3284 1833 καὶῗσιδήρῳ
3315 1736 3702 1835 παρεϐάλλετο·

456 1850 605 1905 enim
637 1851 706 1907 de
730 1852 836 1908 isto
860 1853 1116 1923 imperio:
1150 1853 1217 1907 Et
1249 1872 1464 1926 regnum
1487 1867 1737 1927 quartum
1763 1859 1864 1912 erit
1891 1858 2025 1914 velut

2132 1834 2319 1907 εἴρητο
2350 1839 2477 1907 γοῦν
2505 1842 2601 1896 καί
2630 1845 2760 1916 περί
2790 1847 2981 1920 αὐτῆς,
3012 1854 3109 1908 καὶ
3137 1834 3427 1919 ,βασιλείά
3458 1861 3705 1930 τετάρτη

457 1943 688 2012 ferrum:
714 1945 973 2014 quomodo
993 1945 1191 2015 ferrum
1222 1949 1529 2002 comminuit
1557 1958 1607 2003 et
1630 1950 1809 2005 domat
1828 1953 2028 2018 omnia,

455 2036 533 2088 sic
562 2037 878 2092 comminuet
905 2047 956 2092 et
985 2048 1214 2093 conteret
1257 2042 1435 2095 omnia
1481 2046 1591 2098 hac
1614 2044 1779 2114 (Dan.
1825 2064 1886 2114 ιι,
1914 2048 2026 2119 40).

454 2126 523 2181 Ει
551 2136 673 2198 post
692 2129 809 2185 hzec
833 2131 1015 2186 omnia
1035 2132 1284 2202 imperia,
1313 2150 1538 2206 regnum
1558 2136 1653 2193 Dei
1676 2153 1774 2209 per
1795 2139 2029 2209 lapidem

454 2219 548 2287 qui
591 2227 758 2274 totam
811 2229 1049 2277 statuam
1109 2222 1434 2296 confringit,
1479 2240 1915 2298 repraesentatur.
1964 2232 2031 2288 Et

452 2308 715 2377 propheta
751 2309 968 2367 illarum
1001 2328 1206 2381 rerum,
1246 2316 1435 2372 eodem
1473 2320 1655 2387 modo,
1687 2321 1744 2376 in
1771 2322 1878 2378 ﬁne
1910 2339 2030 2379 om-

458 2399 632 2467 nium,
683 2401 777 2456 Dei
823 2418 1049 2474 regnum
1116 2422 1227 2461 non
1276 2408 1428 2477 prius
1484 2410 1629 2466 videt
1684 2395 1847 2483 quam
1894 2416 2026 2472 istas

450 2500 686 2561 quatuor
720 2494 998 2566 dynastias
1026 2497 1394 2569 descripserit,
1426 2502 1583 2571 juxta
1627 2506 1896 2574 ordinem,
1930 2523 2027 2578 per

450 2592 687 2652 quatuor
712 2586 948 2656 bestias;
979 2601 1215 2660 quatuor
1245 2603 1425 2648 autem
1447 2595 1641 2651 horum
1670 2599 2025 2669 imperiorum

450 2684 660 2731 tantum
710 2686 764 2732 et
812 2695 922 2736 non
967 2682 1234 2749 aliorum,
1276 2694 1406 2754 puto
1453 2687 1689 2745 visiones
1723 2699 1777 2745 et
1811 2692 1923 2762 regi
1972 2703 2027 2748 et

448 2768 725 2838 prophetae
768 2772 1146 2831 manifestatas
1198 2775 1405 2843 fuisse,
1457 2781 1585 2849 quia
1647 2781 1733 2837 his
1790 2793 2025 2854 quatuor

448 2857 693 2928 imperiis
720 2864 871 2918 natio
906 2862 1239 2935 Judaeorum,
1274 2883 1306 2924 a
1338 2870 1617 2942 propheta:
1664 2876 2019 2944 temporibus,

450 2958 570 3006 erat
601 2954 890 3011 servitura.

479 3085 482 3089 D
519 3107 584 3163 ν.
629 3110 718 3166 35.
746 3142 816 3152 —
841 3112 1045 3168 Pedum
1081 3118 1347 3187 quaedam,
1378 3128 1482 3176 etc.
1529 3121 1821 3196 Hippolyti.
1858 3156 1930 3166 —
1958 3126 2017 3183 In

446 3199 658 3258 visione
684 3207 960 3278 propheta:
986 3207 1171 3265 decem
1197 3225 1401 3268 cornua
1427 3213 1737 3285 signiﬁcant
1762 3219 1908 3288 quod
1935 3219 2022 3275 fu-
2047 3199 2078 3270 Ἥ

445 3302 627 3349 turum
659 3305 763 3353 εει.
1718 3352 1721 3355 λ

520 3388 587 3443 ν.
622 3386 710 3442 δι.
756 3418 828 3429 -
884 3388 1108 3444 Videbas
1141 3391 1221 3444 ita
1258 3391 1421 3446 donec
1464 3392 1725 3449 abscissus
1753 3403 1830 3448 est
1861 3397 2017 3465 lapis.

447 3478 738 3550 Hippolyti.
793 3478 1026 3535 Videbas
1075 3481 1232 3551 quasi
1277 3482 1511 3552 lapidem
1557 3484 1858 3540 abscissum
1905 3488 2023 3543 sine

447 3572 741 3637 manibus,
790 3579 846 3626 et
905 3573 1296 3641 percutientem
1358 3583 1593 3630 statuam
1648 3592 1811 3647 super
1858 3580 2021 3647 pedes

445 3661 604 3732 ejus;
651 3661 1084 3729 inseparabiliter
1126 3663 1270 3718 enim
1312 3665 1609 3721 discretum
1642 3677 1727 3721 est
1766 3682 1798 3721 a
1838 3667 2020 3723 divino

444 3765 612 3821 regno
655 3766 882 3822 regnum
906 3753 1226 3818 humanum,
1255 3757 1610 3824 quamobrem
1644 3758 1843 3814 dicitur
1867 3760 2020 3828 quasi

443 3842 778 3897 abscissum:
807 3843 948 3899 ictus
988 3859 1118 3899 vero
1156 3845 1211 3899 in
1258 3845 1607 3902 inferioribus
1650 3851 1710 3902 tit
1753 3849 2017 3919 partibus,

439 3942 497 3989 et
533 3935 603 3988 in'
642 3934 750 3990 illis
790 3949 955 3990 omne
997 3950 1225 4007 regnum
1263 3938 1495 3993 conterit
1532 3940 1677 4009 quod
1729 3951 1813 3997 est
1854 3957 2018 4011 super

441 4034 667 4080 terram.

516 4116 579 4172 V.
611 4118 701 4172 45.
732 4147 803 4157 ——
829 4115 900 4170 Et
935 4134 1111 4172 verum
1153 4130 1233 4174 est
1283 4123 1564 4177 somnium.
1619 4122 1911 4196 Hippolyti.
1950 4124 2019 4180 Ut

439 4223 571 4279 ergo
600 4224 758 4263 nemo
786 4209 993 4266 dubitet
1024 4226 1093 4266 an
1121 4212 1240 4283 ejus
1273 4214 1416 4270 dicta
1446 4233 1570 4272 vera
1602 4218 1746 4285 sint,
1779 4235 1847 4274 an
1882 4236 2014 4289 non,

441 4301 731 4355 conﬁrmat
766 4318 828 4357 ea
861 4303 1122 4372 propheta
1163 4305 1381 4362 dicens:
1431 4307 1500 4362 Et
1548 4325 1723 4364 verum
1760 4322 1837 4365 est
1877 4329 2016 4367 som-

439 4393 588 4445 nium
625 4403 675 4446 et
707 4393 881 4462 ﬁdelis
915 4395 1277 4464 interpretatio
1305 4398 1420 4468 ejus
1452 4399 1615 4470 (Dan.
1654 4403 1825 4474 11,45)
1860 4422 1873 4458 :
1906 4421 2012 4460 non

442 4480 617 4536 eri'avi
641 4483 695 4536 in
727 4485 1166 4553 interpretatione
1189 4488 1438 4545 visionis.

514 4570 578 4627 ν.
609 4573 696 4627 46.
750 4572 894 4627 Tunc
931 4590 1023 4628 rea;
1058 4572 1545 4635 Nabuchodonosor
1595 4584 1780 4636 cecidit
1822 4583 1879 4637 in
1928 4585 2012 4655 fa-

440 4664 569 4717 ciem
597 4679 770 4717 suam.
802 4663 1314 4736 llippolyti.-—H:ec
1342 4670 1569 4728 audiens
1586 4672 2013 4733 Nabuchodono-

440 4766 556 4820 sor,
584 4769 708 4808 cum
735 4756 931 4810 somnii
957 4759 1311 4827 meminisset,
1333 4765 1553 4833 agnovit
1573 4782 1695 4837 qua:
1722 4768 1865 4824 dicta
1894 4769 2011 4826 fue-

437 4851 563 4897 rant
588 4859 619 4898 a
652 4842 892 4911 Daniele,
920 4847 1198 4903 veritatem
1232 4866 1371 4907 esse.
1410 4883 1481 4893 —
1518 4853 1792 4921 Quantum
1835 4869 2010 4928 potest

439 4934 612 5005 gratia
654 4934 792 5002 Dei,
833 4937 1140 4994 charissimi
1166 4982 1183 5008 ,
1215 4950 1274 4997 ut
1322 4944 1502 5011 hunc,
1545 4947 1637 5017 qui
1682 4950 1843 5018 paulo
1881 4960 2008 5006 ante

436 5029 713 5098 periturus
747 5039 882 5098 erat,
913 5047 1035 5087 cum
1067 5035 1278 5091 caeteris
1335 5037 1672 5106 sapientibus
1718 5039 2009 5112 Babylonis

438 5120 605 5187 hunc,
636 5122 881 5193 inquam,
914 5140 1009 5179 rex
1042 5141 1150 5181 non
1185 5135 1245 5181 ut
1268 5127 1541 5187 hominem
1567 5172 1583 5198 ,
1618 5134 1712 5188 sed
1743 5142 1805 5187 ut
1836 5131 2008 5189 Deum

438 5213 657 5270 adoret!
692 5214 890 5270 Manaa
926 5216 1053 5289 (hoc
1076 5220 1238 5274 estin
1270 5220 1461 5277 Chald.
1497 5222 1719 5294 hostias)
1755 5233 1805 5278 et
1831 5225 2008 5280 incen-

436 5320 555 5358 sum
587 5308 833 5377 precepit
868 5316 927 5361 ut
967 5310 1330 5379 sacriﬁcarent
1367 5315 1415 5367 ei
1467 5315 1564 5384 (ll,
1608 5315 1720 5387 46).
1770 5315 1837 5371 Ει
1878 5319 2005 5373 olim

437 5392 605 5464 Moysi
636 5397 813 5451 simile
850 5400 1269 5456 annuntiaverat
1307 5402 1569 5460 Dominus
1612 5406 1829 5461 dicens:
1872 5407 2008 5463 Ecce

437 5489 684 5541 constitui
714 5498 762 5543 te
788 5490 940 5545 deum
970 5490 1266 5548 Pharaonis
1298 5493 1496 5565 (Exod.
1528 5513 1604 5551 vu
1625 5539 1640 5564 ,
1686 5499 1771 5567 1),
1824 5510 1883 5553 ut
1913 5517 2007 5571 per

439 5576 591 5647 signa
614 5580 682 5633 ab
702 5595 767 5635 eo
795 5583 933 5638 facta
963 5584 1016 5637 in
1037 5594 1181 5639 terra
1202 5584 1439 5657 [Egypth
1466 5587 1682 5660 Moyses
1712 5606 1819 5645 non
1846 5590 2007 5648 homo

437 5679 736 5739 putaretur,
759 5681 854 5730 sed
882 5686 943 5731 ut
967 5677 1100 5732 deus
1129 5680 1198 5734 ab
1229 5680 1492 5752 Egyptiis
1515 5683 1849 5739 adoreretur.

2131 1927 2301 1983 ἔσται
2344 1934 2565 2002 ἰσχυρὰ
2608 1937 2689 2003 ὡς
2728 1939 2996 2009 σίδηρος·
3044 1944 3117 1998 ὃν
3142 1950 3364 2015 τρόπον
3388 1955 3421 2003 ό
3457 1927 3706 2021 σίδηρος

2128 2021 2411 2077 λεπτύνει
2459 2026 2557 2080 καί
2606 2026 2842 2099 δαμάζει
2864 2066 2870 2075 -
2893 2033 3108 2102 πάντα,
3144 2039 3332 2107 οὕτως
3367 2040 3566 2096 πάντα
3603 2048 3705 2099 λε-

2129 2112 2347 2165 πτυνεῖ
2367 2115 2467 2168 καί
2493 2116 2762 2188 δαμάσει·
2792 2124 2887 2177 καὶ
2931 2126 3068 2196 μετὰ
3097 2127 3197 2192 τὰς
3227 2132 3521 2203 εἰρημένας
3551 2134 3703 2188 ἀπά-

2132 2217 2229 2265 σας
2252 2204 2350 2276 την
2370 2206 2465 2259 τοῦ
2486 2204 2624 2264 Θεοῦ
2654 2210 2925 2281 βασιλείαν
2956 2218 3046 2272 διὰ
3079 2219 3171 2273 τοῦ
3210 2224 3582 2295 συντρίϐοντος
3605 2227 3704 2299 τὴν

2130 2294 2309 2347 πᾶσαν
2343 2298 2527 2352 εἰκόνα
2571 2298 2721 2355 λίθου
2762 2309 3195 2382 παρισταμένην⁸
3234 2294 3388 2366 καί.ίὸ
3418 2294 3703 2389 προφήτης

2130 2383 2337 2438 τούτων
2382 2388 2689 2456 ἀκολούθως
2717 2394 2815 2465 τὴν
2857 2399 2949 2451 ἐπὶ
2973 2400 3116 2454 τέλει
3145 2402 3237 2456 τοῦ
3266 2404 3373 2457 τῶν
3398 2383 3702 2461 ὅλων-Θεοῦ

2128 2473 2403 2569 βασιλείαν
2431 2481 2491 2533 ού
2521 2483 2783 2556 πρότερον
2808 2486 3030 2559 θεωρεῖ,
3061 2492 3094 2563 ἦ
3127 2495 3226 2558 τὰς
3253 2498 3545 2569 εἰρημένας
3578 2501 3705 2554 τέσ-

2128 2580 2301 2637 σαρας
2350 2567 2665 2636 δυναστείας
2696 2573 2989 2648 διαγράψαι
3024 2581 3114 2636 τὸν
3146 2567 3415 2653 λόγονήδιά
3442 2589 3551 2643 τῶν
3573 2607 3701 2644 τεσ-

2126 2657 2307 2749 σάρων
2341 2658 2578 2741 θηρίων)
2620 2665 2824 2721 τούτων
2855 2668 2912 2721 δὲ
2954 2671 3063 2726 τῶν
3102 2675 3382 2747 τεσσάρων
3415 2678 3703 2749 βασιλειῶν

2127 2748 2304 2823 μόνων
2347 2751 2443 2804 καὶ
2484 2753 2603 2807 οὐδὲ
2644 2757 2844 2829 ἐτέρων
2872 2763 3111 2834 ἡγοῦμαι
3133 2765 3234 2829 τὰς
3257 2748 3475 2840 ὁράσεις
3501 2773 3596 2827 καὶ
3620 2775 3703 2847 τῷ

2124 2841 2331 2912 βασιλεῖ
2374 2846 2468 2899 καί⁸
2518 2847 2597 2918 τῷ
2640 2854 2893 2927 προφήτῃ
2939 2855 3227 2927 δεδεῖχθαι,
3257 2861 3345 2916 διά
3378 2863 3442 2917 τὸ
3474 2841 3704 2933 ταύταις

2121 2935 2594 3008 καταδουλωθῐψαι
2625 2941 2685 2994 τὸ
2722 2943 2985 3000 Ἰουδαίων
3009 2947 3159 3014 ἔθνος
3179 2952 3287 3005 ἀπὸ
3309 2953 3419 3007 τῶν
3441 2957 3536 3010 τοῦ
3563 2975 3703 3030 προ-

2123 3028 2290 3098 φήτου
2319 3029 2547 3100 χρόνων.
2828 3064 2837 3077 ε

2192 3118 2293 3188 λγ’.
2331 3125 2394 3175 οι
2436 3121 2639 3189 πόδες.
2681 3116 3019 3184 Ἱππολύτου.
3050 3131 3132 3186 Τά
3178 3136 3236 3188 ἐν
3279 3139 3345 3208 τῇ
3384 3138 3571 3210 ὁράσει
3600 3141 3700 3196 τοῦ

2125 3213 2400 3284 προφήτου
2430 3219 2460 3267 ι’
2485 3214 2693 3285 κέρατα
2724 3216 2791 3271 τά
2815 3219 3072 3288 μέλλοντα
3108 3224 3343 3281 ἔσεσθαι.

2193 3403 2285 3497 λδ’.
2323 3406 2614 3497 Ἐθεώρεις
2636 3410 2747 3479 ἕως
2775 3409 2846 3469 οὗ
2873 3415 3094 3489 ἐτμήθη
3122 3422 3312 3489 λίθος.
3358 3424 3693 3485 Ἱππολύτου.

2136 3496 2421 3569 Ἐθεώρεις
2442 3500 2641 3555 ὠσανεί
2666 3504 2941 3577 τμηθέντα
2967 3508 3111 3564 λίθον
3141 3514 3202 3565 οὐ
3231 3513 3320 3567 διὰ
3354 3518 3572 3588 χειρῶν,
3602 3520 3697 3573 καὶ

2122 3587 2400 3660 πλήξαντα
2428 3592 2519 3647 τὸν
2545 3595 2833 3666 ἀνδριάντα
2859 3600 2951 3653 ἐπὶ
2990 3604 3116 3667 τοὺς
3144 3606 3309 3670 πόδας
3336 3587 3520 3663 αὑτοῦ·
3553 3613 3696 3685 ἀμε-

2125 3678 2319 3774 ρίστως
2350 3682 2455 3756 γὰρ
2479 3684 2742 3758 ἐμερίσθη
2774 3688 2880 3741 ἀπὸ
2906 3691 3005 3761 τῆς
3038 3692 3188 3759 θείας
3233 3696 3507 3766 βασιλείας
3539 3678 3699 3774 ηιν-

2122 3767 2388 3842 θρωπίνη’
2423 3774 2559 3843 πρὸς
2581 3775 2739 3829 τοῦτο
2772 3774 2863 3831 οὖν
2895 3779 2955 3834 τὸ
2978 3783 3198 3838 ὡσανεί
3227 3790 3541 3858 τμηθένταο
3560 3767 3606 3865 ⁷ἡ
3634 3795 3695 3849 δὲ

2122 3860 2302 3933 πληγὴ
2346 3864 2485 3917 κατὰ
2528 3866 2636 3920 τῶν
2681 3868 2998 3926 τελευταίων
3026 3875 3126 3944 μὲν
3158 3876 3398 3947 γίνεται,
3429 3885 3489 3937 ὲν
3512 3860 3696 3950 αὐτοῖς

2118 3951 2175 4005 δὲ
2208 3953 2304 4025 τὴν
2329 3954 2454 4027 ὅλην
2477 3956 2753 4027 βασιλείαν
2786 3964 3063 4036 συνέτριϐέ
3089 3967 3186 4040 τὴν
3217 3972 3308 4023 ἐπὶ
3332 3973 3452 4045 γῆς.

2191 4134 2293 4200 με’.
2323 4131 2434 4185 Καὶ
2464 4133 2755 4201 ἀληθινὸν
2777 4138 2844 4192 τό
2870 4140 3173 4200 ἐνύπνιον.
3210 4147 3546 4206 Ἱππολύτου.
3578 4154 3693 4210 Ἵνα.

2119 4215 2212 4274 οὖν
2255 4222 2328 4293 μή
2363 4240 2447 4287 τις
2492 4223 2829 4301 δυσπιστήσῃ
2873 4233 2965 4285 ἐπὶ
3012 4238 3123 4299 τοῖς
3167 4223 3479 4311 εἰρημένοις
3502 4247 3552 4297 εἰ
3583 4246 3692 4316 ἄρα

2116 4313 2269 4369 ἔσται
2303 4315 2336 4387 ἢ
2383 4315 2468 4382 οὒ,
2509 4318 2912 4391 ὲπεσφράγισεν
2951 4326 2981 4378 ὁ
3012 4330 3297 4401 προφήτης
3339 4333 3543 4402 λέγων·
3579 4313 3690 4392 Καὶ

2114 4406 2403 4473 ἀληθινὸν
2452 4406 2519 4461 τὸ
2561 4408 2869 4477 ἐνύπνιον,
2917 4417 3014 4470 καὶ
3066 4420 3251 4490 πιστὴ
3289 4424 3328 4491 ἠ
3374 4427 3686 4497 σύγκρισις

2038 4517 2086 4576 D
2112 4496 2317 4550 αὐτοῦ·
2346 4499 2405 4550 οὐ
2435 4497 2732 4572 διήμαρτον
2758 4506 2815 4557 ὲν
2834 4508 2898 4577 τῇ
2928 4507 3021 4560 τοῦ
3054 4508 3307 4577 ὀφθέντος
3331 4516 3608 4588 ἑρμηνείᾳ.

2132 4595 2137 4599 ’
2184 4595 2299 4658 μςν.
2339 4590 2474 4643 Τότε
2505 4594 2537 4644 ὀ
2570 4593 2873 4675 ,ϐασιλεὺς
2904 4600 3439 4675 Ναϐουχοδονόσορ
3468 4608 3684 4662 ἔπεσεν

2107 4679 2205 4733 ἐπὶ
2249 4681 2590 4748 πρόσωπον.
2651 4673 2987 4745 Ἱππολύτου.
3032 4692 3248 4747 Τούτων
3286 4673 3527 4764 ἀκούσας
3570 4700 3689 4755 Να-

2108 4770 2516 4845 ϐουχοδονόσορ,
2557 4775 2925 4851 ὑπομνησθεὶς
2976 4782 3067 4836 τοῦ
3128 4784 3379 4841 ἐνυπνίου
3403 4830 3417 4855 ,
3475 4793 3688 4861 ἐπέγνω

2106 4865 2186 4918 ὅτι
2226 4868 2321 4921 καὶ
2356 4866 2424 4920 τὰ
2459 4866 2791 4941 λελαλημένα
2815 4872 2920 4925 ὑπὸ
2947 4873 3041 4926 τοῦ
3077 4876 3274 4948 Δανιὴλ
3308 4880 3458 4933 ἐστὶν
3489 4883 3685 4954 ἀληθῆ.

2105 4958 2367 5011 -Πόσον
2414 4959 2587 5030 ἰσχύει
2610 4962 2968 5033 χάριςΑΘεοῦ,
3007 4967 3301 5039 ἀγαπητοὶ,
3337 4972 3425 5027 ἵνα
3465 4976 3556 5028 τὸν
3583 4978 3689 5049 πρὸ

2108 5048 2305 5121 μικροῦ
2350 5049 2609 5120 μέλλοντα
2655 5053 2991 5126 ἀναιρεῖσθαι
3053 5059 3190 5129 μετά
3229 5061 3339 5115 τῶν
3391 5048 3687 5120 ἐπιλοίπων

2108 5139 2290 5208 σοφῶν
2314 5141 2655 5208 Βαϐυλῶνος,
2681 5144 2868 5199 τοῦτον
2901 5149 2930 5200 ό
2963 5147 3216 5218 βασιλεὺς
3260 5155 3453 5224 μηκέτι
3487 5158 3563 5219 ὡς
3598 5159 3687 5211 ἄν·

2105 5229 2342 5302 θρωπον,
2366 5232 2481 5286 ἀλλ’
2510 5234 2586 5297 ὼς
2609 5234 2740 5287 Θεὸν
2766 5240 3136 5313 προσκυνήσῃ.
3167 5273 3229 5282 —
3261 5246 3475 5299 Μαναὰ
3504 5246 3685 5314 (Chal-

2104 5320 2280 5385 daicé,
2328 5323 2382 5376 b.
2422 5340 2474 5378 e.
2513 5323 2816 5397 θυσίασμα)
2852 5329 2950 5381 καὶ
2993 5331 3243 5399 εὐωδίας
3270 5330 3401 5387 εἷπε
3436 5336 3685 5392 σπεῖσαι

2109 5413 2291 5478 αὐτῷ·
2321 5417 2414 5469 καὶ
2443 5416 2550 5486 γὰρ
2584 5417 2749 5471 πάλαι
2784 5419 2861 5490 τῷ
2885 5422 3089 5494 Μωῦσῇ
3128 5425 3187 5478 τὸ
3225 5426 3406 5496 ὅμοιον
3432 5429 3689 5498 ἐπηγγεί-

2110 5503 2237 5558 λατο
2273 5508 2300 5561 ὁ
2340 5507 2541 5579 Κύριος
2563 5508 2756 5577 λέγων’
2797 5512 2941 5567 Ἰδοὺ
2976 5514 3203 5570 δέδωκά
3227 5533 3299 5572 σε
3324 5521 3409 5585 εἰς
3441 5521 3578 5574 θεὸν
3605 5523 3688 5590 τῷ

2109 5598 2333 5666 Φαραὼ·
2365 5599 2450 5652 ἴνα
2486 5600 2573 5654 διὰ
2616 5601 2724 5656 τῶν
2767 5605 3008 5675 σημείων
3054 5609 3162 5663 τῶν
3207 5612 3298 5663 ὑπ’
3332 5612 3497 5667 αὑτοῦ
3534 5632 3673 5683 γινο-

2113 5688 2287 5759 μένων
2340 5693 2398 5744 ὲν
2468 5696 2538 5764 γῇ
2608 5695 2884 5763 Αἰγύπτου
2931 5698 3127 5770 μηκέτι
3185 5701 3435 5775 Μωῡσῆς
3476 5705 3658 5779 ἀνθρω

436 5780 539 5829 ato;
585 5769 844 5841 νομισθῇ,
910 5771 1024 5825 ἀλλ’
1081 5773 1157 5837 ὡς
1197 5774 1316 5840 θεὸς
1379 5777 1482 5831 ὑπὸ
1527 5777 1632 5832 τῶν
1698 5780 2005 5848 Αἰγυπτίων
2065 5785 2433 5858 προσκυνηθῇ.
