4128 6378
306 318 315 352 ¹
362 335 465 391 677

1552 332 1851 390 SCHOLIA
1890 334 1957 390 1N
1999 334 2362 392 DANIELEM.

3493 342 3595 396 678

436 456 547 523 μὴ’.
591 452 701 504 Kal
738 447 1106 520 ἐμεγάλυνεν
1150 452 1183 503 ὁ
1221 448 1516 516 ,βασιλεὺς
1540 449 1646 504 τὸν
1680 449 1922 518 Δανιήλ.

2103 449 2166 504 ν.
2204 452 2293 505 48.
2327 480 2397 489 -
2433 449 2576 503 Tunc
2613 465 2706 503 rex
2738 448 3008 504 Danielem
3043 451 3099 503 in
3138 447 3358 505 su'blime
3382 454 3593 508 extulit.

375 540 711 603 Ἱππολύτου.
752 540 968 613 Ἐπειδὴ
1009 542 1117 613 γὰρ
1171 542 1331 605 αὐτὸς
1382 540 1570 596 ἑαυτὸν
1607 541 1920 613 ἐσμίκρυνε,

363 636 458 689 καὶ
500 634 776 705 ἐλάχιστον
817 635 966 704 παρὰ
1021 635 1223 697 πάντας
1262 632 1576 705 ἀνθρώπους
1614 629 1749 686 εἶναι
1789 633 1922 687 ἀπε-

362 726 588 796 φήνατο,
614 723 848 797 ηὔξησεν
869 724 1025 778 αὑτὸν
1053 725 1082 776 6
1110 724 1260 789 Θεὸς,
1291 725 1390 778 καὶ
1415 724 1786 793 κατέστησεν
1813 726 1921 778 αὺ-

359 815 468 869 τὸν
501 818 530 869 6
557 815 808 885 βασιλεὺς
845 815 1105 883 ἀρχοντα
1142 814 1344 883 πάσης
1378 812 1487 882 τῆς
1510 813 1705 884 χώρας
1733 816 1923 867 Βαϐυ-

359 905 570 973 λῶνος·
602 906 659 959 ὃν
682 906 880 977 τρόπον
909 905 1128 975 ἐποίησε
1158 905 1254 959 καὶ
1291 908 1320 959 6
1349 894 1545 976 Φαραῶ
1574 907 1662 961 τὸν
1706 904 1920 975 Ἰωσὴφ,

362 998 482 1052 τότε
518 1000 865 1071 καταστήσας
912 997 1072 1051 αὑτὸν
1115 997 1346 1069 ἄρχοντα
1390 999 1569 1070 πάσης
1611 999 1708 1070 τῆς
1758 999 1922 1068 Αίγύ-

363 1105 521 1144 πτου.

434 1179 540 1251 μθθ.
570 1180 678 1235 Καὶ
725 1180 946 1249 Δανιὴλ
992 1179 1276 1248 ᾐτήσατο.
1324 1181 1660 1234 Ἱππολύτου.
1706 1181 1924 1252 Ἐπειδὴ

362 1272 469 1344 γὰρ
522 1272 675 1325 αὐτοὶ
717 1273 773 1325 ἐν
821 1276 887 1343 τῇ
926 1275 1194 1343 προσευχῇ
1234 1273 1689 1343 συνηγορεύσαντο
1711 1273 1786 1344 τῷ
1822 1275 1925 1326 Δα-

360 1363 478 1434 νιὴλ
518 1363 653 1434 πρὸς
688 1364 780 1415 τὸν
814 1363 944 1417 Θεὸν
966 1364 1051 1417 ἵνα
1076 1364 1135 1417 τὸ
1165 1366 1345 1436 ὅραμα
1369 1364 1516 1435 αὐτῷ
1546 1364 1919 1436 ἀποκαλυφθῇ,

359 1452 454 1505 καὶ
478 1453 640 1516 αὐτὸς
665 1453 861 1524 Δανιὴλ
884 1452 1035 1518 ἀξίαν
1062 1454 1223 1525 τιμὴν
1256 1452 1433 1506 λαϐὼν
1465 1454 1613 1524 ποιρά
1643 1453 1736 1507 τοῦ
1766 1454 1918 1524 βασι-

324 1610 329 1611 ν
359 1543 496 1606 λέως
529 1544 774 1615 ἐμνήσθη
799 1543 1376 1615 τούτων,’ἀναθέμενος
1405 1545 1483 1616 τῷ
1511 1546 1713 1616 βασιλεῖ
1743 1547 1800 1598 τὸ
1833 1546 1922 1618 ἔρ-

360 1653 455 1705 γον
484 1636 545 1689 τὸ
572 1637 663 1689 ὑπ’
710 1636 887 1690 αὐτῶν
917 1638 1298 1709 γεγενημένον,
1333 1638 1420 1690 ἵνα
1450 1638 1545 1693 καὶ
1583 1638 1736 1692 αὐτοὶ
1759 1640 1922 1710 τιμῆς

221 1753 229 1763 -
332 1727 501 1790 ’τινὸς
530 1727 828 1793 ἀξιωθῶσιν
850 1728 925 1791 ὡς
959 1728 1271 1799 συμμύσται
1299 1731 1392 1783 καὶ
1422 1729 1688 1793 θεοσεϐεῖς
1711 1729 1918 1802 ἄνδρες·

2024 540 2319 612 Hippolyti.
2367 540 2635 607 Quoniam
2671 556 2790 596 sese
2826 540 3200 606 humiliasset,
3245 548 3300 596 et
3338 543 3597 599 minimus

2024 634 2163 702 apud
2193 647 2380 687 omnes
2414 633 2662 687 homines
2688 631 3046 701 apparuisset,
3081 631 3446 702 magniﬁcavit
3470 650 3594 687 eum

2025 721 2201 786 Deus,
2230 730 2278 775 et
2302 722 2573 776 constituit
2601 738 2716 775 eum
2756 737 2851 775 rex
2896 722 3181 790 principem
3222 738 3377 791 super
3422 740 3597 776 omnes

2020 814 2313 883 provincias
2348 812 2633 883 Babylonis
2656 811 2815 883 (Dan.
2861 829 2936 878 ιι,
2977 812 3090 882 48).
3126 813 3595 879 Quemadmodum

2021 902 2235 958 Pharao
2310 904 2663 960 constituerat
2745 901 2945 972 Joscph
3028 904 3330 974 principem
3414 905 3595 959 omnis

2026 994 2262 1067 IEgypli.

2104 1178 2165 1236 τ’,
2213 1171 2301 1225 49.
2350 1199 2419 1211 -—
2460 1169 2647 1223 Daniel
2706 1177 2881 1222 autem
2937 1169 3244 1237 postulavit.
3301 1168 3590 1240 Hippolyti.

2024 1263 2290 1331 Quoniam
2317 1262 2530 1332 quidem
2562 1261 2662 1330 ipsi
2694 1261 2769 1328 (h.
2805 1275 2855 1314 c.
2891 1258 3136 1327 Sidrach,
3161 1260 3385 1321 Misach,
3419 1260 3594 1314 Abde-

2023 1354 2194 1425 nago)
2228 1353 2280 1406 in
2310 1351 2645 1405 orationibus
2672 1350 3215 1419 postulaverantcum
3234 1350 3422 1404 Daniel
3451 1351 3593 1418 apud

2023 1445 2223 1508 Deum,
2256 1453 2314 1497 ut
2340 1443 2600 1496 visionem
2642 1441 2718 1494 illi
2753 1440 3222 1507 manifestaretur,
3267 1451 3319 1495 et
3347 1441 3460 1507 ipse
3489 1438 3594 1491 Da-

2022 1535 2130 1590 niel
2166 1534 2373 1603 justum
2406 1532 2663 1585 honorem
2699 1533 2967 1600 accipiens
2999 1551 3028 1586 a
3060 1547 3179 1600 rege
3202 1573 3217 1597 ,
3260 1547 3446 1585 eorum
3477 1546 3592 1584 me-

2023 1626 2199 1691 minit,
2244 1637 2472 1677 narrans
2506 1622 2618 1690 regi
2659 1636 2796 1690 opus
2823 1623 2890 1675 ab
2925 1622 3003 1676 eis
3041 1622 3266 1686 factum,
3309 1632 3365 1675 ut
3400 1634 3451 1675 et
3487 1623 3591 1692 ipsi

2024 1717 2230 1770 honore
2251 1714 2396 1784 digni
2422 1714 2770 1779 haberentur,
2814 1713 2960 1767 velut
2987 1723 3293 1783 syt‘nmysue
3322 1723 3373 1766 et
3420 1713 3589 1766 Deum

359 1819 709 1889 αἰτησάμενοι
751 1818 858 1891 γὰρ
889 1819 958 1873 τά
990 1821 1283 1891 ἐπουράνια
1310 1820 1459 1892 παρά
1486 1820 1711 1892 Κυρίου,
1733 1821 1920 1892 ἔτυχον

2023 1807 2261 1861 colentes
2296 1804 2414 1858 viri.
2461 1802 2565 1868 Qui
2596 1818 2719 1858 cum
2750 1804 3117 1872 postulassent
3151 1819 3183 1858 a
3218 1804 3448 1858 Domino
3484 1818 3594 1859 coe-

360 1912 454 1965 καὶ
483 1911 589 1965 τῶν
614 1911 868 1980 ἐπιγείων
893 1911 1042 1983 παρὰ
1069 1912 1161 1965 τοῦ
1193 1912 1473 1983 βασιλέως.

1006 2005 1160 2058 ΚΕΦ.
1202 2006 1273 2057 Γ’.

432 2092 499 2148 α’.
538 2094 753 2160 Ἕτους
792 2094 1309 2150 ὀκτωκαιδεκάτου.
1356 2096 1686 2150 Ἱππολύτου.
1713 2097 1917 2169 Χρόνου

359 2187 462 2257 μὲν
491 2181 582 2240 οῦν
616 2186 798 2240 ἱκανοῦ
820 2188 1200 2260 διαδραμόντπ
1227 2189 1320 2242 καὶ
1344 2190 1725 2261 ἐπιγενομένου
1750 2191 1921 2244 ὀκτω-

361 2277 678 2331 καιδεκάτου
713 2278 883 2343 ἔτους,
933 2280 1298 2351 ὑπομνησθεὶς
1326 2282 1355 2335 6
1390 2280 1637 2351 βασιλεὺς
1666 2280 1758 2334 τοῦ
1799 2283 1920 2335 ἐνυ-

2021 1899 2198 1961 lestia,
2226 1899 2549 1953 invenerunt
2576 1912 2606 1951 a
2638 1913 2760 1968 rege
2786 1900 3085 1951 terrestria.

2686 1987 2817 2043 CAP
2855 1987 2944 2042 III.

2089 2080 2156 2136 V.
2186 2083 2480 2139 l.—-Anno
2509 2083 2709 2135 decimo
2737 2084 2939 2150 octavo.
2963 2079 3276 2155 (llmcverba
3296 2079 3349 2132 in
3368 2076 3597 2148 Vulgata

2019 2174 2257 2246 desunt.)
2302 2173 2593 2245 Hippolyti.
2626 2203 2697 2215 ρ-
2733 2171 2995 2241 Tempore
3039 2171 3254 2241 quidem
3304 2168 3598 2225 sulliciente

2021 2266 2225 2335 elapso,
2252 2276 2305 2321 et
2330 2266 2477 2319 anuo’
2502 2264 2712 2319 decimo
2741 2271 2931 2317 octavo
2953 2272 3223 2325 currente,
3261 2274 3471 2315 memor
3502 2276 3597 2315 rex

360 2368 513 2423 πνίου
562 2368 725 2423 αὐτοῦ
746 2409 761 2433 ,
807 2371 1093 2438 ἐποίησεν
1140 2374 1341 2426 εὶκόνα
1387 2371 1645 2441 χρυσῆν,
1690 2372 1756 2425 τὸ
1804 2373 1921 2441 μὲν

2023 2359 2219 2412 somnii
2276 2357 2395 2421 sui,
2453 2356 2575 2425 fecit
2626 2365 2861 2410 statuam
2913 2370 3128 2407 auream
3179 2351 3459 2405 altitudine
3505 2367 3598 2404 cu-

359 2460 520 2529 ὕψος
563 2462 803 2531 πήχεων
841 2460 910 2527 ξ’,
942 2463 1007 2515 τὸ
1045 2462 1112 2516 δὲ
1145 2460 1320 2533 εὖρος
1349 2464 1588 2534 πήχεων
1615 2463 1701 2529 ἐξ·
1734 2464 1918 2537 ἐπειδὴ

2023 2448 2245 2502 biturum
2294 2449 2603 2516 sexaginta,
2656 2446 2936 2500 latitudine
2981 2446 3275 2498 cubitorum
3307 2459 3398 2497 sea:
3432 2442 3594 2513 (Dan.

359 2551 470 2623 γὰρ
491 2553 520 2604 ὁ
554 2552 819 2623 μακάριος
855 2551 1052 2622 Δανιὴλ
1091 2554 1149 2606 ἐν
1184 2552 1261 2624 τῷ
1291 2558 1485 2609 συνιεῖν
1517 2554 1675 2607 αὐτὸν
1704 2555 1766 2607 τὸ
1797 2536 1919 2608 ἐνύέ

2023 2555 2106 2603 ιιι,
2150 2542 2172 2593 1
2219 2539 2261 2610 ).
2320 2538 2591 2605 Quoniam
2636 2539 2827 2593 beatus
2870 2538 3057 2591 Daniel
3131 2552 3253 2591 cum
3305 2536 3597 2605 explicaret

359 2657 512 2695 πνιον
535 2641 807 2712 ἀπεκρίθη
838 2640 915 2712 τῷ
950 2640 1156 2711 βασιλεῖ
1188 2641 1381 2711 λέγων,
1416 2642 1498 2696 Σὺ
1528 2640 1587 2697 εἷ
1619 2645 1656 2712 ἡ
1686 2643 1917 2712 κεφαλὴ

2023 2627 2293 2681 somnium
2315 2666 2330 2689 ,
2377 2627 2730 2695 responderat
2779 2628 2891 2698 regi
2918 2627 3134 2681 dicens:
3172 2626 3249 2678 Tu
3284 2642 3337 2679 es
3369 2635 3597 2694 caput...

360 2732 401 2799 ἠ
431 2729 629 2800 χρυσῆ
660 2731 760 2801 τῆς
783 2731 1007 2796 εἰκόνος,
1035 2732 1092 2784 ἐν
1124 2730 1294 2801 τούτῳ
1336 2730 1414 2801 τῷ
1447 2731 1588 2802 λόγῳ
1632 2732 1920 2800 φυσιωθεὶς

2023 2734 2235 2771 aureum
2270 2718 2431 2791 (Dan.
2466 2734 2540 2782 ιι,
2575 2718 2665 2788 38)
2693 2727 2920 2785 statuae;
2957 2719 3102 2772 hunc
3128 2733 3436 2772 sermonem
3470 2732 3594 2772 cum

360 2822 391 2874 ὁ
416 2820 662 2891 βασιλεὺς
690 2820 783 2874 καὶ
825 2822 892 2891 τῇ
927 2819 1121 2891 καρδίᾳ
1152 2819 1429 2890 ἐπαρθεὶς,
1463 2819 1751 2874 ἀντίτυπον
1781 2817 1922 2871 ’ταύ-

2023 2811 2281 2875 audisset,
2313 2811 2568 2880 superbia
2602 2820 2817 2866 tumens
2848 2826 2942 2864 rex
2966 2851 2982 2877 ,
3021 2820 3075 2863 ct
3120 2812 3176 2864 in
3205 2811 3366 2864 corde
3396 2811 3592 2875 elatus,

359 2931 460 2985 της
490 2913 674 2967 εἰκόνα
699 2912 971 2985 ἐποίησεν,
1002 2913 1091 2967 ἵνα
1116 2912 1191 2975 ὡς
1218 2912 1337 2975 θεὸς
1375 2912 1478 2965 ὑπὸ
1504 2912 1718 2967 πάντων
1756 2926 1923 2983 προσ-

2023 2903 2149 2957 huic
2177 2903 2406 2957 similem
2439 2911 2674 2957 statuam
2715 2902 2841 2957 fecit
2866 2942 2882 2967 ,
2923 2913 2982 2955 ut
3020 2902 3176 2970 quasi
3214 2901 3348 2955 deus
3377 2901 3445 2955 ab
3474 2916 3595 2955 om-

364 3006 631 3077 κυνῆταιη
1282 3012 1294 3039 ἰ

2023 2992 2185 3047 nibus
2214 2993 2551 3047 adoraretur.

430 3096 495 3162 ζ’.
526 3097 847 3160 Πίπτοντες
880 3097 933 3148 οἱ
954 3094 1115 3165 λαοίε
1150 3093 1482 3148 Ἱππολύτου.
1519 3094 1671 3158 Τινὲς
1701 3095 1795 3165 μὲν
1821 3095 1921 3148 αύ-

2097 3085 2162 3139 ν.
2191 3085 2241 3138 7.
2271 3113 2344 3126 —
2373 3085 2630 3140 Cadentes
2683 3100 2861 3138 omnes
2890 3084 3091 3153 populi.
3124 3080 3415 3154 Hippolyti.
3464 3081 3597 3149 Qui-

359 3158 456 3244 τὶν
483 3188 574 3243 τὸν
617 3158 841 3258 βασιλέα
876 3158 1229 3258 φοϐούμένοι’
1265 3188 1314 3240 οί
1351 3187 1408 3241 δὲ
1448 3188 1648 3250 πάντες
1676 3158 1923 3241 Elimiam-

2026 3176 2149 3232 dam
2181 3192 2290 3246 pra:
2318 3176 2510 3231 timore
2551 3177 2713 3247 regis,
2759 3175 3002 3245 plerique
3037 3183 3219 3229 autem
3274 3174 3597 3229 idololatrias

359 3296 484 3355 τραι
534 3279 831 3350 γενόμενοι,
866 3278 1135 3349 ὑπήκουον
1177 3275 1255 3347 τῷ
1299 3278 1502 3348 ῥήματι
1534 3275 1612 3346 τῷ
1637 3275 1744 3328 ὑπὸ
1775 3275 1926 3346 βασιε

360 3372 491 3436 λέως
503 3387 814 3443 -προστεταγ
819 3371 982 3442 μένῳ.

433 3470 524 3529 ις’.
556 3462 666 3517 Καὶ
708 3461 1117 3529 ἀπεκρίθησαν
1164 3450 1430 3529 Σεδράχ,
1459 3459 1684 3528 Μισὰχ,
1739 3458 1926 3513 Ἀϐδε-

362 3554 539 3626 ναγώ.
586 3553 937 3623 Ἱππολύτου.
991 3553 1053 3605 Ul
1093 3552 1148 3605 δὲ
1199 3554 1346 3623 τρεῖς
1389 3551 1575 3616 παῖδες
1622 3551 1939 3622 ὑπόδειγμα

364 3649 527 3702 πᾶσιν
580 3645 885 3718 ἀνθρώποις
948 3647 1157 3708 πιστοῖς
1216 3643 1508 3715 γινόμενοι,
1571 3643 1764 3708 οἵτινες
1825 3644 1926 3697 οὐκ

361 3740 513 3811 ὄχλον
554 3736 847 3810 σατραπῶν
892 3735 1257 3806 ἐφοϐήθησαν,
1284 3735 1403 3789 οὐδὲ
1433 3735 1502 3789 τά
1525 3733 1618 3788 τοῦ
1655 3734 1923 3806 βασιλέως

364 3833 581 3904 ῥήματα
608 3828 936 3891 ἀκούσαντες
967 3827 1286 3891 ἐδειλίασαν,
1314 3826 1432 3881 οὐδὲ
1468 3828 1527 3881 τὸ
1562 3828 1672 3899 πῦρ
1698 3829 1797 3898 τῆς
1822 3844 1922 3880 κα-

367 3922 517 3995 μίνου
564 3921 858 3993 καιομένης
900 3920 1099 3983 εἰδότες
1140 3919 1398 3991 ἔπτηξαν,
1430 3919 1565 3973 ἀλλά
1596 3920 1810 3973 πάντων
1834 3922 1927 3973 ἀν-

363 4012 592 4085 θρώπων
639 4012 733 4066 καὶ
777 4012 898 4065 ὅλου
947 4009 1040 4065 τοῦ
1089 4010 1292 4095 κόσμου
1344 4011 1788 4081 κατεφρόνησαν,
1834 4009 1924 4063 τὸν

364 4106 525 4176 φόϐον
577 4104 668 4159 τοῦ
721 4102 855 4158 Θεοῦ
908 4103 1066 4174 μόνον
1113 4101 1219 4174 πρὸ
1266 4100 1556 4172 ὀφθαλμῶν
1610 4101 1919 4172 ὲῦχηκότεςο

362 4196 581 4260 τούτους
628 4195 825 4265 Δανιὴλ
876 4192 1146 4265 μακρόθεν
1196 4191 1366 4256 ἑστὼς
1406 4194 1502 4246 καὶ
1538 4192 1761 4263 σιωπῶν
1789 4191 1922 4263 θαῤ-

364 4291 476 4360 ῥεῖν
503 4287 744 4340 ἐδίδασκε
780 4285 998 4358 μειδιῶν
1031 4285 1167 4357 πρὸς
1208 4283 1439 4348 αὐτούς·
1482 4285 1685 4356 χαίρων
1727 4283 1784 4337 δὲ
1830 4284 1924 4337 καὶ

363 4379 522 4442 αὐτὸς
552 4379 644 4433 ἐπὶ
680 4381 746 4451 τῇ
776 4378 977 4431 τούτων
1006 4376 1300 4448 μαρτυρίᾳ,
1321 4376 1518 4448 ἐνορῶν
1549 4375 1697 4448 τρεῖς
1730 4374 1922 4439 παῖδας

362 4468 654 4540 μέλλοντας
674 4467 815 4521 κατὰ
847 4466 1094 4520 διαϐόλου
1123 4464 1534 4535 στεφανοῦσθαι.

435 4559 519 4615 ιθ¹.
553 4559 663 4615 Kal
690 4555 858 4622 εἶπεν
884 4556 1175 4610 ἐκκαῦσαι
1201 4555 1315 4624 τὴν
1344 4554 1594 4625 κάμινον
1619 4555 1924 4609 ἑπταπλα-

365 4653 532 4719 σίως.
579 4650 912 4705 Ἱππολύτου.
944 4649 1189 4720 Κάμινόν
1219 4664 1281 4716 γε
1309 4647 1439 4700 εῖδει
1468 4647 1813 4718 παμμεγέθει
1839 4646 1928 4699 λέ-

365 4759 453 4812 γει
497 4730 765 4797 ἐκκαῦσαι
807 4739 1248 4802 ἐπταπλασίως,
1295 4739 1511 4800 πάντως
1564 4737 1640 4800 ὡς
1686 4724 1788 4808 ὴδη
1834 4735 1924 4789 ὑπ’

365 4834 545 4889 αὐτῶν
589 4832 915 4906 ἡττώμενοςο
960 4834 1016 4886 ἐν
1054 4830 1154 4907 μὲν
1185 4823 1279 4883 οῦν
1308 4833 1428 4892 τοῖς.
1465 4827 1726 4897 ἐπιγείοις
1755 4828 1925 4899 ὑπερ-

368 4928 581 4997 ίσχυσεν
624 4927 653 4978 ὁ
692 4924 978 4996 βασιλεύςο
1022 4924 1079 4975 ἐν
1110 4921 1165 4974 δὲ
1207 4923 1272 4992 τῇ
1304 4919 1483 4972 πίστει
1514 4920 1579 4991 τῇ
1614 4918 1749 4990 πρὸς
1796 4918 1928 4972 Θεὸν

369 5018 734 5089 ὑπερίσχυσαν
763 5016 812 5068 οἱ
839 5016 986 5085 τρεῖς
1017 5013 1223 5076 παῖδες.
1244 5010 1466 5065 -Είπέ
1504 5027 1614 5081 μοι,
1647 5009 1926 5079 Ναϐουχο-

362 5109 603 5181 δονόσορ,
625 5109 730 5161 τίνι
763 5107 905 5178 λόγῳ
945 5106 1257 5177 δεδεμένους
1285 5101 1526 5168 κελεύεις
1555 5102 1814 5175 βληθῆναι
1847 5105 1927 5167 εἰς

362 5201 427 5255 τὸ
458 5200 601 5272 πῦρ;
634 5200 828 5271 μήπως
860 5198 1126 5268 φύγωσιν,
1157 5199 1206 5250 εἰ
1230 5195 1509 5267 λελυμένοι
1540 5198 1652 5259 τοῖς
1678 5195 1835 5248 ποσὶν
1866 5192 1928 5246 τὸ

364 5290 478 5363 πῦρ
509 5290 959 5355 κατασϐέσουσιν;
993 5289 1104 5342 ἀλλ’
1152 5288 1212 5342 οὐ
1257 5289 1319 5342 σὺ
1363 5283 1442 5352 εἷς
1491 5289 1519 5341 6
1557 5286 1732 5341 ταῦτα
1765 5289 1929 5358 ἐργα-

369 5380 614 5453 ζόμενος,
654 5381 768 5435 ἀλλ’
798 5380 983 5449 ἐτερος
1004 5382 1061 5434 ἐν
1089 5381 1170 5433 σοὶ
1190 5377 1361 5436 ταῦτα
1390 5379 1668 5450 ἐνεργῶν.’

440 5474 547 5546 μζη
582 5472 689 5528 Καὶ
725 5472 972 5541 διεχεῖτο
1000 5473 1038 5539 ἠ
1067 5473 1243 5540 φλόξ.
1295 5471 1628 5526 Ἱππολύτου.
1677 5469 1929 5523 Ἐλασθέν

365 5565 495 5639 γὰρ,
530 5567 684 5637 φησὶ,
711 5566 770 5619 τὸ
816 5564 928 5636 πῦρ
971 5563 1171 5618 ἔσωθεν
1218 5564 1324 5617 ὑπὸ
1366 5562 1459 5618 τοῦ
1504 5561 1774 5632 ἀγγέλου,
1824 5561 1930 5626 ἔξω

366 5657 652 5725 ἐξέϐλυσεν
671 5674 685 5688 '
716 5659 878 5728 ὁρᾶτε
922 5655 1039 5719 πῶς
1066 5654 1197 5709 αὐτὸ
1221 5655 1282 5708 τὸ
1314 5654 1425 5727 πῦρ
1458 5655 1718 5726 φρόνιμον
1756 5653 1931 5725 ὑπάρα-

364 5764 473 5818 χει,
506 5745 865 5815 ἐπιγινῶσκον
896 5746 990 5801 καὶ
1018 5742 1243 5809 κολάζον
1273 5746 1401 5810 τοὺς
1427 5745 1664 5810 αἰτίουςο
1693 5743 1801 5798 τῶν
1831 5744 1928 5815 μὲν

2027 3266 2243 3335 all'ectu,
2271 3268 2593 3322 obedierunt
2623 3267 2771 3336 regio
2798 3266 3038 3321 decreto.

2096 3464 2163 3522 ν.
2200 3467 2286 3520 16.
2310 3495 2381 3506 —-
2404 3463 2782 3533 Respondentes
2826 3461 3073 3528 Sidrach,
3107 3462 3331 3529 Misach,
3361 3472 3411 3517 et
3430 3462 3598 3517 Abde-

2026 3574 2180 3629 nago.
2216 3557 2506 3628 Hippolyti.
2543 3555 2676 3611 Tres
2704 3556 2860 3626 pueri
2883 3554 3188 3624 exemplum
3217 3554 3471 3608 omnibus
3497 3556 3598 3609 ho-

2025 3650 2263 3705 minibus
2297 3650 2542 3704 ﬁdelibus
2571 3657 2717 3712 sunt,
2748 3648 2846 3717 qui
2882 3664 2988 3702 non
3015 3646 3225 3700 turbam
3256 3654 3596 3718 satraparum

2028 3741 2365 3806 timuerunt,
2402 3754 2578 3809 neque
2613 3739 2756 3809 regis
2798 3738 2974 3792 edicta
3029 3737 3312 3792 audientes
3358 3750 3597 3792 tremue-

2023 3840 2191 3898 runt,
2257 3846 2434 3900 neque
2496 3832 2674 3900 ignem
2735 3829 2975 3883 fornacis
3048 3828 3287 3883 ardentis
3349 3827 3599 3883 videntes

2022 3923 2311 3979 formidine
2332 3922 2490 3992 .capti
2528 3929 2692 3984 sunt,
2741 3921 2833 3975 sed
2859 3936 3046 3974 omnes
3080 3920 3326 3973 homines
3368 3927 3423 3973 et
3473 3918 3599 3971 uni-

2021 4031 2239 4070 versum
2277 4013 2537 4068 mundum
2566 4020 3043 4080 contempserunt,
3076 4011 3322 4064 timorem
3363 4008 3457 4062 Dei
3500 4021 3595 4062 so-

2023 4107 2304 4164 lummodo
2332 4122 2444 4177 prae
2470 4105 2643 4159 oculis
2668 4104 2930 4158 habentes
2958 4121 2971 4156 :
3005 4104 3103 4157 hos
3134 4102 3359 4172 juvenes
3408 4100 3597 4154 Daniel

2024 4218 2054 4257 a
2085 4203 2240 4271 longe
2265 4209 2414 4254 stans
2442 4208 2496 4253 et
2529 4197 2804 4252 silentium
2833 4210 3081 4259 servans,
3115 4194 3317 4247 bonum
3351 4191 3595 4247 animum

2025 4293 2224 4348 habere
2273 4288 2517 4353 monuit,
2554 4286 2838 4342 subridens
2873 4285 2999 4338 illis.
3029 4282 3265 4337 Lanatus
3298 4293 3382 4336 est
3411 4290 3594 4335 autem

2024 4394 2079 4440 et
2106 4384 2221 4454 ipse
2251 4396 2413 4451 super
2447 4380 2664 4434 illorum
2692 4376 2955 4447 martyrio
2973 4417 2988 4441 ,
3030 4375 3217 4429 videns
3241 4381 3349 4429 tres
3373 4387 3593 4443 pueros,

1854 4524 1857 4525 ν
1953 4476 1998 4531 D
2028 4475 2287 4529 adversus
2313 4471 2588 4527 diabolum
2616 4482 2873 4523 coronam
2905 4478 3239 4535 accepturos.

2101 4563 2166 4620 V.
2196 4564 2280 4619 19.
2308 4592 2378 4602 -
2412 4560 2482 4615 Ει
2514 4561 2761 4631 praecepit
2790 4568 2846 4612 ut
2880 4559 3279 4615 succenderetur
3303 4556 3496 4625 fornae:
3525 4572 3599 4611 se-

2027 4657 2288 4729 ptuplum.
2327 4654 2622 4726 Hippolyti.
2659 4653 2958 4708 Fornacem
2991 4650 3208 4721 quidem
3253 4650 3371 4703 visu
3405 4649 3597 4703 imma-

2027 4763 2152 4803 nem
2194 4748 2357 4819 jussit
2393 4746 2614 4802 accendi
2655 4745 2983 4815 septuplum,
3019 4752 3078 4797 ut
3105 4741 3216 4811 jam
3256 4741 3479 4795 omnino
3527 4739 3598 4795 ab

2027 4837 2135 4892 illis
2184 4838 2461 4904 devictus;
2522 4837 2579 4892 in
2649 4836 2994 4892 terrestribus
3049 4833 3267 4904 quidem
3326 4831 3598 4903 potentior

1988 4944 1995 4949 ·
2027 4940 2164 4995 erat,
2186 4931 2238 4984 in
2269 4930 2372 5001 ﬁde
2400 4945 2529 4985 vero
2557 4928 2735 4985 divina
2761 4928 3020 4998 majorem
3051 4926 3159 4979 vim
3190 4924 3459 4979 habebant
3485 4932 3596 4978 tres

2027 5018 2202 5088 pueri.
2238 5017 2337 5073 Dic
2373 5018 2531 5082 mihi,
2559 5015 3082 5079 Nabuchodonosor,
3105 5028 3214 5082 quo
3247 5011 3476 5068 consilio
3529 5010 3597 5064 li-

2029 5120 2184 5180 gatos
2208 5111 2370 5183 jubes
2399 5110 2590 5181 projici
2632 5111 2689 5165 in
2738 5108 2954 5180 ignem?
2984 5105 3063 5160 Ne
3099 5100 3339 5175 fugiant,
3396 5104 3442 5157 si
3499 5117 3595 5156 so-

2028 5204 2127 5259 luti
2168 5190 2396 5275 pedibus
2433 5204 2612 5274 ignem
2650 5198 3041 5256 exstinxerint?
3089 5196 3193 5251 Sed
3228 5210 3336 5251 non
3383 5205 3441 5249 tu
3481 5194 3598 5251 haec

2028 5295 2186 5365 lacis,
2216 5296 2318 5370 sed
2337 5297 2478 5351 alius
2501 5298 2553 5350 in
2584 5305 2657 5361 te,
2692 5294 2808 5349 haec
2834 5302 3010 5348 tecum
3038 5288 3262 5344 faciens.

2101 5465 2168 5521 ν.
2196 5467 2285 5522 47.
2310 5496 2383 5507 -
2411 5465 2481 5519 Et
2507 5463 2873 5535 e/fundebatur
2902 5462 3138 5533 flamma.
3170 5455 3461 5528 Hippolyti.
3490 5455 3598 5512 Ex-

2028 5559 2247 5629 pulsum
2298 5558 2443 5612 enim
2494 5566 2683 5611 narrat
2723 5556 2900 5626 ignem
2941 5569 3009 5608 ex
3054 5551 3309 5606 interiore
3339 5557 3490 5618 parte
3528 5551 3599 5606 ab

2032 5650 2245 5720 angelo,
2273 5649 2326 5702 in
2350 5647 2578 5703 circuitu
2609 5655 2913 5701 eructasse:
2944 5644 3119 5699 videte
3151 5640 3423 5713 quomodo
3456 5641 3598 5710 ignis
3624 5638 3627 5641 ’

2033 5742 2149 5814 ipse
2182 5739 2485 5810 intelligens
2523 5746 2639 5803 est;
2689 5735 2969 5808 cognoscit
3006 5744 3060 5791 et
3103 5732 3260 5805 punit
3300 5738 3594 5785 nocentes:
