4128 6374
520 342 626 401 679

1465 339 1523 394 S.
1572 334 1928 392 HIPPOLYTI
1962 333 2113 390 OPP.
2151 331 2332 389 PARS
2360 331 2397 386 Ι.
2433 364 2498 373 -
2526 331 2930 389 EXEGETlCA.

3657 336 3764 394 680

520 477 711 518 servos
737 462 954 533 quidem
982 458 1074 515 Dei
1105 473 1212 514 non
1249 455 1441 529 tangit,
1478 456 1719 511 inﬁdeles
1745 469 1875 511 vero
1902 465 1955 509 et
1984 454 2081 508 im-

2192 449 2301 523 γὰρ
2326 449 2528 505 δούλων
2554 449 2649 504 τοῦ
2684 448 2818 503 Θεοῦ
2865 451 2982 520 οὐχ’
3024 448 3219 520 ἥψατο,
3254 448 3379 512 τοὺς
3403 449 3461 503 δὲ
3497 446 3760 514 ἀπίστους

520 555 641 625 pios
655 571 721 609 ex
741 552 1009 609 Chaldaeis
1037 549 1354 606 combussit.
1382 547 1486 613 Qui
1517 554 1676 602 erant
1700 545 1867 608 intus,
1900 545 1955 600 in
1982 543 2093 599 for-

523 664 677 714 nace,
709 646 777 701 ab
813 646 1002 716 angelo
1022 644 1165 699 dulci
1193 658 1315 698 rore
1341 638 1641 709 refrigerati
1667 648 1815 693 sunt.
1849 638 1955 706 Qui
1984 653 2087 693 au-

520 751 629 795 tem
686 738 1009 793 videbantur
1055 745 1206 791 extra
1259 736 1536 792 caminum
1581 735 1760 790 securi
1805 741 1987 799 stare,
2034 730 2091 786 hi

519 834 736 888 flamma
766 831 1008 886 devorati
1035 840 1162 885 sunt
1185 848 1199 884 τ
1224 830 1371 884 viros
1401 828 1494 898 qui
1522 827 1867 898 proiecerant
1893 841 2090 898 pueros

518 923 886 980 concremavit
916 922 1055 991 ignis
1074 961 1089 986 ,
1126 922 1270 987 illos,
1307 922 1492 984 credo,
1520 920 1931 991 apprehendens
1958 919 2088 974 dum

517 1016 793 1071 caminum
820 1012 1281 1079 -circumdarent,
1326 1028 1436 1083 quo
1481 1026 1850 1070 convenerant
1889 1029 2089 1085 pueros

515 1105 771 1160 vincturi.

584 1195 650 1252 ν.
683 1196 773 1252 92.
795 1224 865 1237 —-
883 1194 952 1250 Et
976 1197 1168 1266 species
1193 1196 1374 1267 quarti
1409 1194 1599 1250 similis
1627 1193 1771 1249 Filio
1799 1195 1917 1250 Dei.
1952 1192 2089 1265 Hip-

516 1287 707 1359 polyti.
757 1284 853 1341 Dic
887 1286 1044 1351 mihi,
1108 1285 1630 1353 Nabuchodonosor,
1674 1300 1985 1355 unquamne
2011 1286 2090 1339 vi-

519 1381 650 1437 disti
701 1379 897 1434 Filium
959 1378 1076 1447 Dei,
1108 1386 1168 1433 ut
1197 1377 1393 1432 Filium
1429 1376 1524 1432 Dei
1566 1378 1712 1434 hunc
1749 1377 2091 1434 conﬁtearis?

515 1472 651 1539 Quis
691 1481 870 1526 autem
918 1483 1014 1524 cor
1056 1478 1212 1523 tuum
1260 1468 1607 1537 compunxit,
1636 1477 1695 1522 ut
1731 1469 1835 1523 tale
1861 1468 2087 1523 verbum

520 1560 897 1631 exprimeres?
959 1559 1173 1626 Quibus
1241 1558 1415 1613 oculis
1478 1558 1702 1628 potuisti
1749 1558 1853 1614 hoc
1903 1559 2087 1615 lumen

515 1653 794 1725 aspicere?
826 1667 927 1706 cur
957 1650 1054 1705 tibi
1095 1650 1218 1716 soli,
1242 1658 1295 1703 et
1323 1649 1457 1704 nulli
1488 1657 1805 1704 caeterorum
1844 1658 2088 1721 satrapa-

514 1761 637 1801 rum
670 1744 1076 1800 manifestatum
1100 1743 1221 1798 est?
1245 1738 1350 1797 Sed
1381 1741 1637 1812 quoniam
1671 1743 1932 1812 scriptum
1968 1752 2079 1799 est:

2194 541 2287 594 καὶ
2316 541 2509 605 ἀθέους
2546 541 2656 596 τῶν
2683 539 2965 596 Χαλδαίων
2994 539 3394 612 κατεφλόγησεν
3412 555 3426 571 ·
3452 538 3548 594 καὶ
3575 540 3627 593 ol
3663 540 3762 611 μὲν

2191 634 2299 687 εσω
2328 632 2487 697 ὅντες
2526 633 2585 685 ὲν
2615 635 2682 704 τῇ
2729 632 2945 703 καμίνῳ
2990 631 3095 684 ὑπὸ
3138 630 3233 684 τοῦ
3273 630 3509 699 ἀγγέλου
3552 629 3761 702 ἐδροσί-

2189 725 2375 790 ζοντο·
2414 725 2463 778 oi
2503 724 2561 778 δέ
2604 722 2886 787 δοκοῦντες
2921 722 3026 790 ἔξω
3065 723 3165 794 τῆς
3196 723 3426 794 καμίνου
3467 722 3759 795 ἀμέριμνοι

2192 818 2426 883 ἱστάναι,
2459 816 2566 871 ὑπὸ
2592 815 2686 869 τοῦ
2718 816 2888 888 πυρὸς
2915 811 3060 870 οὗτοι
3082 814 3451 887 διεφθάρησαν
3470 830 3484 845 ·
3515 815 3644 878 τοὺς
3670 814 3760 868 ἄνα

2188 905 2320 978 δρας
2346 907 2472 970 τοὺς
2493 904 2934 968 ἐνδιαϐάλλοντας
2964 905 3090 967 τοὺς
3123 903 3317 967 παῖδας
3356 903 3692 974 ἐνεπύρησεν
3724 904 3757 974 ἡ

2189 997 2338 1068 φλὸξ,
2371 996 2649 1050 κύκλωθεν
2677 992 2829 1067 οἶμαι
2857 993 3095 1066 εὑροῦσα
3122 993 3261 1065 πρὸς
3302 992 3397 1048 τδν
3432 993 3632 1064 δεσμὸν
3661 993 3759 1047 αὐ-

2187 1088 2295 1143 τῶν
2322 1088 2429 1142 τῶν
2462 1087 2666 1141 παίδων
2698 1086 3073 1159 χωρήσαντας.

2257 1182 2364 1255 ιιβᾶ
2386 1179 2497 1233 Kal
2521 1180 2561 1249 ἡ
2582 1178 2791 1247 ὅρασις
2811 1176 2917 1231 τοῦ
2942 1175 3221 1245 τετάρτου
3244 1175 3417 1245 ὁμοία
3447 1173 3559 1241 Υιῷ
3581 1174 3752 1229 Θεοῦ.

2198 1270 2534 1324 Ἱππολύτου.
2572 1269 2709 1323 Εἰπέ
2758 1285 2869 1340 μοι,
2899 1267 3398 1339 Ναϐουχοδονόσομ,
3445 1267 3578 1320 πότε
3617 1264 3756 1330 εῖδες

2191 1358 2313 1413 Υίὺν
2338 1357 2495 1424 Θεοῦ,
2529 1359 2614 1413 ἵνα
2636 1358 2763 1411 Υίὺν
2795 1356 2931 1410 Θεοῦ
2957 1356 3143 1409 τοῦτον
3169 1356 3544 1429 ὁμολογήσῃς
3579 1354 3663 1417 τίς
3695 1354 3756 1408 δὲ

2185 1452 2215 1504 ό
2259 1452 2357 1521 τὴν
2398 1450 2619 1522 καρδίαν
2670 1467 2761 1504 σου
2808 1448 3134 1515 κατανύξας,
3175 1449 3262 1500 ἵνα
3306 1444 3550 1499 τοιοῦτον
3603 1446 3756 1516 ῥῆμα

2185 1542 2533 1614 ἀποφθέγξῃ;
2577 1543 2750 1607 ποίοις
2795 1541 2852 1594 δὲ
2881 1540 3178 1610 ὀφθαλμοῖς
3211 1537 3471 1610 ἐδυνήθης
3502 1535 3661 1591 τοῦτο
3694 1538 3756 1590 τὸ

2186 1632 2304 1704 φῶς
2331 1632 2785 1706 ἐνοπτρίσασθαι;
2817 1631 2905 1685 διὰ
2947 1631 3000 1685 τί
3040 1630 3098 1685 δέ
3128 1629 3210 1683 σοὶ
3261 1629 3405 1701 μόνῳ
3448 1628 3544 1682 καὶ
3580 1627 3757 1682 οὐδενὶ

2140 1730 2147 1737 ’
2184 1725 2292 1779 τῶν
2311 1724 2483 1797 ἄλλων
2508 1723 2802 1797 σατραπῶν
2825 1722 3110 1794 ἐπεδείχθη
3130 1739 3145 1787 ;
3168 1720 3282 1776 ἀλλ’
3306 1719 3493 1790 ἐπειδὴ
3515 1736 3756 1790 γεγραμ-

516 1837 623 1894 Cor
646 1837 778 1906 regis
806 1837 861 1890 in
890 1851 1049 1889 manu
1067 1833 1164 1887 Dei
1180 1834 1325 1905 :ipsa
1350 1805 1431 1889 est
1461 1832 1553 1887 Dei
1570 1805 1897 1904 manum-per
1920 1851 2081 1906 quam

2186 1816 2343 1887 μένον
2371 1815 2508 1881 ἐστὶ,
2536 1817 2760 1884 Καρδία
2780 1814 3088 1880 βασιλέως
3120 1813 3191 1866 ἐν
3231 1812 3378 1881 χειρὶ
3412 1811 3580 1875 Θεοῦ,
3614 1808 3753 1880 αῦτη

521 1927 759 1985 Verbum
808 1943 904 1984 cor
931 1928 1095 1996 hujus
1129 1928 1483 1996 compunxit;
1531 1935 1592 1980 ut
1616 1941 1920 1996 agnoscens
1956 1944 2082 1983 eum

514 2022 571 2076 in
615 2020 838 2089 fornace
881 2019 1208 2091 glorificaret
1250 2033 1412 2084 eum;
1470 2032 1571 2073 nec
1595 2018 1804 2073 ratione
1828 2028 1976 2074 caret
2002 2020 2085 2074 in-

513 2111 827 2183 terpretatio
867 2120 1086 2177 nostra;
1125 2126 1250 2165 nam
1280 2110 1541 2180 quoniam
1587 2108 1832 2164 futurum
1878 2118 2107 2165 eratut.

512 2204 609 2259 ﬁlii
650 2203 813 2259 Israel
841 2203 1039 2260 Filium
1070 2202 1162 2258 Dei
1187 2203 1430 2257 videntes
1457 2202 1511 2257 in
1546 2203 1771 2269 mundo,
1810 2216 1919 2257 non
1964 2217 2084 2257 cre-

509 2295 739 2359 derent,
791 2293 1049 2349 revelavit
1094 2293 1375 2364 Scriptura
1417 2295 1563 2365 quod
1609 2309 1828 2365 operam
1875 2294 2083 2349 dabunt

509 2393 698 2455 gentes
723 2392 783 2439 ut
819 2385 967 2440 hunc
993 2386 1336 2441 incarnatum
1375 2395 1725 2455 cognoscant,
1753 2400 1912 2455 quem
1947 2385 2077 2440 olim

508 2477 891 2547 incorporeum
916 2476 1129 2542 videns,
1158 2478 1377 2547 agnovit
1406 2478 1460 2531 in
1487 2474 1707 2532 fornace
1720 2476 2081 2533 Nabuchodo—

508 2583 695 2634 nosor,
722 2577 778 2622 et
798 2567 997 2623 Filium
1023 2566 1120 2624 Dei
1163 2584 1286 2625 esse
1312 2569 1458 2623 hunc
1489 2567 1776 2625 confessus
1797 2577 1901 2623 est.

578 2744 645 2800 ν.
678 2747 769 2803 95.
793 2776 863 2787 —
884 2745 956 2801 Et
1000 2748 1122 2803 ait:
1164 2746 1391 2802 Sidrach
1419 2788 1435 2814 ,
1483 2748 1689 2803 Misach
1710 2788 1727 2814 ,
1774 2748 2076 2820 Abdenago.

506 2837 804 2912 Hippolyti.
874 2838 942 2894 Et
1000 2840 1168 2895 trium
1218 2856 1511 2910 puerorum
1569 2842 1788 2896 nomina
1843 2842 2076 2909 vocavit,

506 2931 687 2999 quarti
710 2946 839 2986 vero
870 2947 1067 2986 nomen
1116 2947 1221 2987 non
1255 2932 1463 2987 invenit
1489 2933 1633 2989 unde
1661 2934 1897 3002 diceret;
1936 2950 2077 2991 non-

505 3021 636 3077 dum
668 3023 812 3078 enim
836 3032 953 3080 erat
979 3039 1046 3078 ex
1060 3023 1281 3095 Virgine
1317 3033 1479 3081 natus
1507 3025 1687 3082 Jesus.

2183 1912 2217 1983 ή
2249 1910 2342 1964 τοῦ
2367 1908 2501 1963 Θεοῦ
2524 1910 2663 1981 χεὶρ,
2692 1910 2822 1981 περὶ
2845 1903 2911 1980 ἧς
2941 1909 2970 1961 ό
2991 1906 3163 1976 Λόγος
3185 1906 3285 1979 τὴν
3309 1904 3537 1977 καρδίαν
3562 1901 3757 1956 τούτου

2182 2001 2497 2073 κατήνυξεν,
2548 2000 2634 2053 ἵνα
2673 2001 2926 2069 ἐπιγνοὺς
2966 1997 3155 2053 τοῦτον
3198 1998 3256 2051 ἐν
3304 1998 3371 2067 τῇ
3420 1994 3635 2064 καμίνῳ
3665 1992 3760 2046 δο-

2183 2092 2318 2165 ξάσῃ
2338 2109 2352 2123 ·
2400 2094 2495 2146 καὶ
2532 2090 2689 2145 τοῦτο
2727 2091 2786 2144 δὲ
2821 2091 2923 2144 οὐκ
2955 2089 3124 2161 ἀργὸν
3155 2088 3219 2141 τὸ
3260 2087 3350 2155 ὑφ’
3381 2085 3538 2157 ήμῶν
3570 2101 3763 2157 νενοη-

2185 2185 2345 2257 μένον
2367 2199 2381 2215 ·
2414 2182 2600 2255 ἐπειδὴ
2643 2181 2752 2254 γὰρ
2783 2180 3008 2253 ἔμελλον
3040 2181 3091 2233 oi
3125 2178 3233 2232 υἱοὶ
3274 2176 3490 2249 Ἰσραὴλ
3516 2176 3606 2229 τὸν
3628 2175 3764 2231 Υῐὸν

2180 2273 2276 2328 τοῦ
2307 2272 2443 2328 Θεοῦ
2482 2273 2680 2336 ἰδόντες
2714 2273 2773 2325 ἐν
2814 2271 3025 2342 κόσμῳ,
3068 2269 3142 2341 μὴ
3181 2266 3477 2331 πιστεύειν,
3512 2264 3766 2338 προαπέ-

2179 2364 2405 2436 δειξενή
2435 2365 2626 2437 Γραφὴ
2653 2364 2736 2416 ὅτι
2761 2361 3090 2433 μελλήσουσι
3111 2359 3180 2413 τὰ
3203 2359 3329 2430 ἔθνη
3355 2358 3544 2411 τοῦτον
3565 2357 3766 2429 ἔνσαρ-

2181 2474 2278 2511 κον
2307 2454 2711 2525 ἐπιγινώσκειν,
2744 2454 2803 2508 δν
2842 2454 3012 2507 πάλαι
3040 2453 3280 2522 ἄσαρκον
3316 2449 3437 2503 ίδὼν
3459 2448 3671 2519 ἐπέγνω
3695 2448 3762 2502 ἐν

2182 2548 2396 2620 καμίνῳ
2422 2549 2451 2600 ὁ
2480 2546 2969 2620 Ναδουχοδονόσορ,
3003 2546 3097 2599 καὶ
3128 2544 3257 2598 Υἱδν
3297 2541 3433 2597 Θεοῦ
3466 2538 3607 2596 εἶναι
3631 2540 3763 2595 τοῦ-

2181 2657 2275 2694 τον
2307 2620 2681 2712 ὡμολόγησεν.

2250 2737 2357 2804 ιγ.
2407 2731 2519 2788 Kal
2572 2727 2761 2797 εἶπεν,
2816 2730 3067 2801 Σεδρὰχ,
3125 2727 3348 2799 Μισὰχ,
3416 2725 3758 2797 Ἀϐδεναγώ.

2191 2823 2526 2881 Ἱππολύτου.
2544 2826 2656 2880 Καὶ
2676 2825 2784 2877 τῶν
2812 2825 2911 2896 μὲν
2929 2822 3097 2895 τριῶν
3117 2822 3187 2876 τὰ
3202 2822 3441 2893 ὀνόματα
3460 2819 3719 2874 ἐκάλεσεν
3737 2835 3758 2851 ⁸

2144 2918 2159 2926 ’
2177 2913 2275 2970 τοῦ
2309 2914 2368 2969 δὲ
2393 2916 2650 2987 τετάρτου
2674 2915 2771 2985 οὐχ
2809 2908 2967 2986 εὗρεν
2993 2912 3231 2979 ἐξειπεῖν
3253 2928 3268 2942 ·
3299 2911 3514 2965 οὐδέπω
3553 2910 3662 2983 γὰρ
3683 2904 3761 2982 ἦν

2180 3008 2246 3062 ἐκ
2271 3007 2372 3079 τῆς
2392 3008 2662 3081 Παρθένου
2698 3006 3063 3078 γεγενημένος
3098 3007 3128 3059 ὁ
3168 3004 3395 3076 Ἰησοῦς.

576 3113 641 3170 ν.
677 3115 855 3172 97.-—-
879 3117 1022 3172 Tunc
1062 3094 1169 3172 rex.
1190 3120 1470 3188 promovit.
1507 3118 1798 3192 Hippolyti.
1835 3118 1904 3174 Ut
1930 3118 2074 3174 enim

2250 3101 2354 3169 ίιξ.
2400 3100 2538 3154 Τότε⁹
2563 3102 2596 3154 ό
2635 3098 2936 3166 βασιλεὺς
2983 3099 3378 3166 κατηύθυνεν.
3412 3094 3757 3151 Ἱππολύτου.

506 3204 676 3261 Deum
706 3207 883 3277 ipsum
917 3208 1358 3279 gloriﬁcaverunt
1380 3208 1512 3264 dum
1556 3225 1677 3265 sese
1704 3212 1863 3265 morti
1895 3209 2075 3265 trade-

504 3307 646 3363 rent,
686 3298 765 3354 sic
801 3297 1045 3355 vicissim
1096 3300 1317 3371 ipsimet
1363 3317 1471 3356 non
1511 3309 1723 3356 tantum
1767 3318 1797 3356 a
1828 3301 1958 3367 Deo,
1978 3300 2074 3357 sed

502 3390 668 3445 etiam
699 3405 732 3445 a
757 3404 882 3460 rege
914 3389 1198 3461 gloriﬁcati
1228 3397 1381 3457 sunt,
1404 3397 1460 3445 et
1486 3392 1677 3448 aliena
1722 3392 2076 3465 barbaraque

505 3491 692 3553 gentes
726 3483 895 3538 Deum
926 3483 1107 3538 colere
1127 3482 1456 3538 didicerunt.
1698 3484 1701 3488 ’

1133 3652 1287 3709 CAP.
1331 3653 1442 3711 VII.

576 3741 644 3800 γ.
679 3743 810 3798 1.-
850 3743 914 3798 Ει
960 3745 1222 3798 somnium
1264 3747 1516 3801 scribens.
1560 3745 1859 3820 Hippolyti.
1909 3748 2073 3817 Qua:-

506 3853 722 3909 cunque
774 3851 905 3906 ergo
950 3838 1136 3892 omnia
1180 3853 1277 3908 per
1307 3836 1565 3908 Spiritum
1614 3841 1669 3894 in
1713 3841 1940 3896 somniis
1988 3857 2077 3898 re-

508 3930 681 3985 velata
716 3937 844 3984 sunt
872 3928 1032 3984 beato
1076 3929 1373 4000 prophetae,
1422 3930 1539 3986 haec
1575 3940 1629 3986 et
1670 3931 1792 3986 aliis
1820 3934 2077 3991 muniﬁce

504 4022 837 4093 explicabat,
882 4031 944 4077 ut
982 4037 1090 4078 non
1129 4032 1340 4078 tantum
1383 4025 1499 4095 ipse
1542 4026 1761 4081 sibimet
1803 4028 2077 4099 propheti-

511 4129 634 4171 zare
675 4114 858 4170 futura
890 4114 1184 4183 videretur,
1216 4117 1311 4173 sed
1348 4124 1403 4171 et
1436 4116 1557 4172 aliis
1584 4117 1893 4176 volentibus
1921 4136 2076 4176 scru-

506 4205 611 4261 tari
634 4205 848 4262 divinas
869 4206 1179 4278 Scripturas
1208 4210 1468 4280 propheta
1498 4210 1862 4269 exhiberetur.

572 4294 640 4351 V.
658 4296 859 4353 2.—Et
877 4315 992 4353 ecce
1004 4312 1231 4370 quatuor
1246 4302 1400 4355 venti.
1421 4300 1712 4373 Hippolyti.
1731 4302 2075 4361 Creationem

505 4390 609 4444 sub
644 4400 876 4461 quatuor
898 4393 1020 4447 caeli
1045 4393 1356 4449 climatibus
1378 4396 1824 4464 comprehensam
1849 4397 2071 4453 indicat.

2181 3192 2351 3246 Ὠσπε
2358 3209 2390 3263 ρ
2418 3191 2525 3264 γὰρ
2548 3190 2709 3245 αὐτὸν
2729 3191 2820 3245 τὸν
2853 3190 2985 3244 Θεὸν
3016 3191 3289 3258 ἐδόξασαν,
3309 3190 3533 3252 ἑαυτοὺς
3558 3187 3635 3258 τῷ
3658 3187 3765 3242 θα-

2179 3285 2325 3357 νάτῳ
2358 3284 2709 3357 παραδόντες,
2748 3282 2891 3337 οὕτω
2934 3282 3096 3338 πάλιν
3143 3283 3239 3337 καὶ
3287 3281 3442 3336 αὐτοὶ
3482 3281 3543 3334 οὐ
3593 3266 3761 3351 μόνον

2179 3378 2284 3434 ὑπὸ
2314 3376 2471 3443 Θεοῦ,
2500 3376 2636 3432 ἀλλὰ
2662 3376 2758 3431 καὶ
2788 3375 2892 3430 ὑπὸ
2922 3377 3016 3430 τοῦ
3061 3375 3323 3448 βασιλέως
3351 3372 3717 3443 ἐδοξάσθησαν
3734 3389 3753 3403 ⁸

2176 3468 2365 3524 καὶτὰ
2391 3468 2663 3541 ἀλλόφυλα
2695 3469 2789 3524 καὶ
2831 3469 3082 3543 βάρϐαρα
3125 3468 3253 3541 ἐθνη
3282 3467 3376 3521 τὸν
3400 3467 3534 3521 Θεὸν
3573 3466 3758 3520 σέϐειν

2176 3561 2442 3629 ἐδίδαξαν.
2552 3580 2557 3586 ν

2844 3654 3003 3708 ΚΕΦ.
3046 3654 3119 3709 Z’.

2246 3743 2304 3804 αἱ
2316 3744 2424 3801 Kal
2437 3743 2503 3799 τὸ
2525 3745 2812 3801 ἐνύπνιον
2837 3746 3119 3815 ἔγραψεν.
3137 3743 3472 3799 Ἱππολύτου.
3493 3744 3631 3797 Ὅσα
3650 3743 3759 3813 μὲν

2176 3834 2271 3892 οὖν
2311 3836 2418 3892 ὑπὸ
2447 3837 2543 3891 τοῦ
2589 3836 2907 3909 Πνεύματος
2946 3837 3013 3891 δι’
3065 3837 3356 3910 ὁραμάτων
3390 3835 3755 3906 ἀπεκαλύφθη

2175 3931 2254 4005 τῷ
2297 3929 2550 4003 μακαρίῳ
2595 3931 2871 4004 προφήτῃ,
2914 3929 3088 3984 ταῦτα
3126 3930 3222 3984 καὶ
3268 3930 3476 4000 ἑτέροις
3502 3929 3755 3999 ἀφθόνως

2176 4025 2491 4098 διηγήσατο,
2529 4025 2617 4077 ἵνα
2657 4024 2731 4095 μὴ
2762 4023 2920 4094 μόνον
2962 4024 3124 4088 αὐτὸς
3170 4023 3347 4094 ἐαυτῷ
3388 4022 3754 4096 προφητεύων

2176 4115 2242 4170 τὰ
2273 4115 2533 4187 μέλλοντα
2556 4118 2718 4187 φανῇ,
2750 4115 2885 4169 ἀλλὰ
2913 4117 3007 4170 καὶ
3038 4115 3242 4189 ἐτέροις
3263 4120 3374 4179 τοῖς
3402 4114 3750 4186 βουλομένοις

2176 4211 2401 4282 ἐρευνᾷν
2431 4208 2531 4272 τὰς
2564 4207 2712 4272 θείας
2737 4208 2979 4300 ream,
3013 4209 3295 4279 προφήτης
3323 4207 3639 4278 ἀποδειχθῇ.

2248 4300 2314 4371 β’.
2359 4299 2471 4355 Kal
2513 4299 2641 4353 ίδοὺ
2683 4301 2739 4353 οι
2782 4295 3077 4367 τέσσαρες
3118 4299 3342 4367 ἄνεμοι.
3408 4295 3743 4350 Ἱππολύτου.

2178 4391 2288 4463 Τὴν
2308 4391 2712 4463 τετραπέρατον
2739 4389 2915 4444 κτίσιν
2944 4390 3217 4460 σημαίνει.

576 4479 643 4536 γ.
689 4482 743 4539 3.
774 4511 847 4522 ——
885 4481 955 4536 Et
999 4495 1228 4555 quatuor
1276 4486 1452 4541 bestia:
1495 4461 1740 4557 grandes.
1777 4489 2068 4564 Hippolyti.

2246 4461 2314 4553 γ’.
2332 4461 2441 4538 Kal
2462 4461 2728 4551 τέσσαρα
2755 4483 2927 4551 θηρία
2941 4480 3193 4552 mdia.
3227 4481 3560 4535 Ἱππολύτου,
3592 4479 3742 4533 Ἐπεὶ

505 4571 776 4639 Quoniam
812 4588 941 4644 ergo
963 4575 1129 4631 variae
1156 4577 1344 4633 bestia;
1395 4588 1711 4637 monstratae
1748 4595 1881 4642 sunt,
1912 4585 2072 4642 beato

507 4662 723 4727 Daniel,
755 4673 810 4718 et
834 4663 917 4719 bat
948 4664 1090 4719 inter
1121 4682 1180 4720 se
1210 4666 1458 4735 diversa,
1487 4679 1701 4740 oportet
1735 4688 1837 4728 nos
1871 4674 2072 4729 intelli-

507 4770 633 4828 gere
675 4772 784 4812 non
824 4758 970 4812 circa
1000 4758 1203 4814 bestias
1240 4762 1503 4829 quasdam
1540 4766 1717 4835 reipsa
1740 4769 1947 4823 versari
1977 4785 2073 4825 ve-

507 4848 724 4903 ritatem
758 4848 1048 4917 sermonis,
1081 4850 1313 4906 sed'sub
1347 4861 1472 4923 typo
1519 4865 1573 4909 et
1608 4858 1843 4929 imagine
1891 4859 2075 4915 diver-

506 4955 690 4995 sarum
742 4940 1040 4996 bestiarum
1089 4941 1303 4997 diversa
1351 4944 1690 5003 manifestari
1743 4967 1910 5022 regna
1950 4969 2073 5022 quae

503 5027 742 5083 humano
773 5029 955 5099 generi
983 5028 1259 5085 dominata
1291 5040 1435 5085 sunt.
1470 5032 1613 5087 Mare
1645 5033 1791 5087 enim
1819 5051 2076 5106 magnum

503 5119 820 5174 universum
848 5120 1038 5176 orbem
1074 5131 1249 5177 vocat.

572 5211 638 5266 ν.
680 5211 734 5266 4.
762 5242 835 5253 -
868 5211 1045 5267 Donec
1083 5212 1270 5285 evulsa:
1306 5223 1427 5268 sunt
1465 5213 1567 5268 alte
1608 5213 1743 5283 ejus.
1783 5212 2075 5285 Hippolyti.

504 5302 620 5359 Hoc
639 5303 783 5358 enim
798 5304 1015 5360 realiter
1030 5304 1528 5359 Nabuchodonosor
1544 5303 1744 5367 evenit,
1761 5303 1912 5371 juxta
1933 5305 2077 5373 quod

505 5393 560 5448 in
584 5396 911 5464 pracedenti
935 5396 1074 5451 libro
1101 5396 1408 5471 nuntiatum
1438 5404 1550 5461 est;
1578 5403 1634 5450 et
1661 5394 1765 5450 hoc
1792 5395 1971 5450 statim
2001 5396 2079 5451 sic

506 5485 561 5540 in
600 5488 890 5559 semetipso
919 5489 1208 5561 contigisse
1249 5497 1497 5552 testatur,
1531 5488 1734 5543 scilicet
1758 5501 1926 5559 regno
1954 5489 2077 5558 pul-

508 5592 629 5631 sum
667 5576 835 5634 fuisse
879 5588 936 5634 et
984 5579 1204 5651 gloriam
1244 5596 1396 5635 suam
1438 5579 1540 5634 sibi
1579 5580 1842 5635 sublatam
1874 5580 2039 5636 fuisse
2056 5605 2093 5647 ,·-

507 5682 612 5721 nec
640 5682 750 5721 non
777 5677 833 5724 et
856 5671 1114 5739 potentiae
1141 5669 1414 5743 fastigium
1434 5711 1448 5735 ,
1475 5673 1619 5742 quod
1648 5679 1806 5726 antea
1833 5671 2070 5727 tenebat.

508 5755 578 5811 Et
609 5757 771 5832 paulo
798 5769 911 5828 post
939 5776 958 5816 :
988 5760 1117 5817 Haec
1148 5763 1331 5832 verba,
1371 5780 1526 5835 super
1564 5766 1716 5835 pedes
1745 5764 1898 5835 quasi
1923 5765 2075 5819 homo

2176 4571 2268 4630 οὖν
2300 4575 2535 4647 διάφορα
2568 4574 2732 4646 θηρία
2774 4574 3057 4645 ἐπεδείχθη
3101 4573 3178 4644 τῷ
3226 4575 3481 4646 μακαρίῳ
3523 4570 3738 4643 Δανιὴλ,
3804 4641 3810 4645 η

2174 4668 2270 4721 καὶ
2302 4666 2475 4721 ταῦτα
2500 4665 2744 4738 ἀλλήλων
2773 4665 3119 4738 διαφέροντα,
3147 4664 3229 4717 δεῖ
3254 4666 3443 4736 νοῆσαι
3470 4665 3635 4735 ἡμᾶς,
3661 4664 3743 4716 ὅτι

2174 4759 2235 4811 οὐ
2281 4759 2408 4830 περὶ
2450 4757 2652 4830 θηρίων
2681 4756 2843 4810 τινῶν
2867 4760 2901 4829 ή
2931 4756 3157 4828 ἀλήθεια
3193 4756 3518 4825 διαλέγεται,
3541 4742 3658 4845 ξλῖ
3688 4756 3745 4807 ὲν

2173 4849 2329 4921 τύπῳ
2363 4851 2457 4905 καὶ
2485 4850 2544 4903 ἐν
2575 4850 2743 4903 είκόνι
2775 4849 3016 4911 δείκνυσι
3043 4847 3142 4912 τὰς
3170 4851 3229 4902 ἐν
3254 4847 3332 4918 τῷ
3352 4848 3544 4920 κόσμῳ
3573 4846 3745 4916 τούτῳ

2173 4942 2553 5005 ἐπαναστάσας
2589 4941 2863 5012 βασιλείας
2890 4940 3078 5013 ὥσπερ
3105 4940 3268 5013 θηρία
3294 4939 3616 5017 διαφέροντα
3646 4940 3744 5010 τὴν

2172 5033 2595 5105 ἁνθρωπότητα·
2642 5034 2740 5103 τὴν
2781 5031 2890 5104 γὰρ
2927 5032 3197 5087 θάλασσαν
3238 5033 3337 5104 τὴν
3383 5033 3624 5104 μεγάλην
3656 5030 3745 5084 τὸν

2174 5125 2465 5198 σύμπαντα
2490 5126 2692 5196 κόσμον
2725 5125 2894 5194 λέγει.

2241 5217 2457 5285 δ’.”Εως
2502 5215 2574 5274 οὗ
2602 5218 2839 5287 ἐξετίλῃ
2869 5217 2942 5272 τὰ
2969 5218 3152 5287 πτερὰ
3182 5216 3390 5286 αὐτῆς.
3407 5215 3737 5270 Ἱππολύτου.

2172 5309 2343 5363 Τοῦτο
2388 5308 2498 5380 γὰρ
2547 5309 2714 5371 ὅντως
2757 5309 2849 5361 ἐπὶ
2885 5308 2978 5361 τοῦ
3020 5307 3486 5378 Ναϐουχοδονόσορ
3519 5303 3743 5375 συνέϐη,

2171 5399 2353 5464 καθὼς
2401 5403 2459 5455 ἐν
2508 5402 2573 5471 τῇ
2625 5401 2731 5471 πρὸ
2779 5400 2983 5470 ταύτης
3029 5399 3195 5471 βίϐλῳ
3232 5400 3565 5470 σεσήμανται
3589 5413 3602 5428 ·
3651 5398 3746 5451 καὶ

2168 5492 2302 5545 αὐτὸ
2349 5491 2510 5556 εὐθὺς
2546 5492 2702 5545 τοῦτο
2734 5490 2909 5555 οὕτως
2938 5492 3025 5544 ἐπ’
3051 5492 3199 5562 αὐτῷ
3226 5489 3548 5561 γεγενῆσθαι
3599 5506 3742 5561 μαρ-

2169 5584 2342 5652 τυρεῖ,
2372 5581 2447 5645 ὡς
2479 5580 2767 5652 ἐξεδιὼχθη
2811 5583 2875 5635 ἐκ
2902 5581 3002 5652 τῆς
3036 5581 3327 5652 βασιλείας,
3362 5583 3455 5635 καὶ
3494 5579 3739 5651 ἀφῃρέθη

2170 5673 2262 5725 ἀπ’
2290 5672 2454 5726 αὐτοῦ
2481 5675 2514 5744 ή
2540 5673 2668 5738 δόξα
2692 5672 2878 5738 αὐτοῦ,
2909 5675 3002 5727 καὶ
3024 5676 3056 5742 ἡ
3096 5672 3455 5745 μεγαλωσύνη
3488 5673 3555 5744 ἣν
3586 5672 3743 5726 ἐκέκ-

2169 5779 2298 5833 τητο
2318 5763 2381 5818 τὸ
2408 5763 2692 5838 πρότερον.
2720 5765 2829 5819 Kal
2852 5766 2980 5835 μετ’
3008 5766 3199 5837 ὀλίγα·
3224 5765 3298 5819 Τὸ
3322 5760 3622 5831 οὗνείπείν,
3642 5763 3740 5817 ἐστι
