4128 6378
289 374 391 426 681

1428 364 1855 422 FRAGMENTA
1886 365 1954 419 1N
1981 365 2346 422 DANIELEM.

3448 371 3556 426 682

300 487 503 543 ποδῶν
530 485 846 554 ἀνθρώπου
880 484 1132 554 ἐστάθη,
1172 484 1271 540 καὶ
1313 484 1530 553 καρδία
1570 482 1880 552 ἀνθρώπου

1985 487 2130 539 stetit
2167 495 2217 539 et
2252 502 2341 539 cor
2376 484 2602 540 hominis
2642 488 2828 540 datum
2880 498 2957 542 est
2994 488 3064 553 ei,
3115 487 3421 557 significant
3454 503 3557 542 nu~

300 582 475 648 ἐδόθη
519 579 700 646 αὐτῷ,
731 579 888 632 τούτο
926 579 1077 651 δηλοῖ
1122 578 1205 631 ὅτι
1235 578 1735 649 ταπεινοφρονήσας
1765 577 1878 629 Να-

299 670 683 743 ϐουχοδονόσορ
705 670 799 723 καὶ
820 669 1074 740 ἐπιγνοὺς
1094 669 1284 723 ἑαυτὸν
1307 669 1390 723 ὃτι
1416 667 1703 739 ἄνθρωπός
1731 670 1878 720 ἐστιν

300 761 409 816 ὑπὸ
428 759 525 831 τὴν
542 758 637 812 τοῦ
667 757 803 811 Θεοῦ
832 757 1082 825 ἐξουσίαν
1114 757 1385 830 κείμενος,
1411 758 1621 828 δεηθεὶς
1646 756 1739 810 τοῦ
1760 760 1877 811 Κυ-

303 850 441 923 ρίου,
477 850 632 921 ἔτυχε
661 849 763 919 τῆς
785 850 913 921 παρ’
936 847 1100 902 αὑτοῦ
1143 847 1561 918 εὐσπλαγχνίας,
1592 847 1684 901 καὶ
1713 847 1877 901 πάλιν

300 946 380 1008 εἰς
403 941 501 1014 τὴν
528 941 721 995 ἑαυτοῦ
756 940 1033 1010 βασιλείαν
1057 941 1153 994 καὶ
1176 940 1333 1005 δόξαν
1366 939 1862 1001 ἁποκατασταθείς.

371 1038 433 1086 ε’.
486 1032 706 1099 Θηρίον
731 1031 1012 1099 δεύτερον
1065 1029 1266 1098 ὅμοιον
1316 1029 1495 1097 ἂρκῳ.
1538 1028 1874 1082 Ἱππολύτου.

300 1124 420 1179 Ἵνα
454 1126 512 1177 ἐν
538 1122 713 1195 τούτῳ
735 1121 883 1198 δείξῃ
911 1121 1008 1193 τὴν
1033 1120 1142 1175 τῶν
1172 1120 1398 1192 Περσῶν
1440 1120 1734 1191 βασιλείαν.

368 1218 482 1276 Καὶ
524 1218 657 1286 τρία
706 1215 954 1284 πλευρά.
1001 1214 1333 1269 Ἱππολύτου.
1379 1215 1521 1287 Τρία
1565 1214 1622 1267 δὲ
1669 1212 1880 1285 πλευρὰ

300 1311 458 1366 καλεῖ
481 1282 705 1380 ’τὰ-τρία
722 1309 847 1380 ἔθνη
857 1282 882 1339 ἡ·
912 1308 1060 1377 λέγει
1085 1303 1177 1371 οὖν
1198 1282 1569 1391 “umidam
1587 1305 1648 1359 τὸ
1669 1282 1876 1377 θηρίον,

298 1402 348 1457 οἳ
382 1400 523 1475 ἦσαν
544 1400 737 1471 Μῆδοι,
775 1394 1066 1471 Ἀσσύριοί,
1097 1398 1189 1452 καὶ
1211 1398 1561 1452 Βαϐυλώνιοι.

369 1495 482 1549 Καὶ
505 1495 657 1548 οὕτω
678 1494 893 1562 ἔλεγον
920 1490 1075 1560 αὐτῇ
1094 1508 1108 1521 ·
1146 1491 1472 1558 Ἀνάστηθι,
1492 1490 1660 1561 φάγε.
1698 1493 1880 1545 Ἱππο-

296 1586 484 1640 λύτου.
521 1587 583 1640 Οί
628 1583 736 1657 γὰρ
784 1585 989 1657 Πέρσαι
1039 1584 1444 1648 ἐπαναστάντες
1489 1586 1546 1638 ἐν
1594 1588 1709 1648 τοῖς
1757 1586 1879 1639 τότε

299 1681 516 1751 καιροῖς
556 1677 653 1750 τὴν
700 1679 882 1732 πᾶσαν
925 1676 1109 1749 χώραν
1154 1679 1480 1748 ὴρήμωσαν,
1525 1678 1617 1730 καὶ
1655 1678 1882 1741 πολλοὺς

296 1770 409 1824 τῶν
456 1769 759 1841 ἀνθρώπων
805 1768 1133 1834 ύποδούλους
1171 1771 1382 1832 ἑαυτοῖς
1416 1770 1738 1841 ποιήσαντες
1768 1769 1880 1823 διέ-

1980 580 2180 634 militer
2213 581 2452 636 sensisse
2475 579 3005 648 Nabuchodonosor,
3034 583 3322 650 agnovisse
3363 597 3422 637 se
3452 584 3554 636 bo-

1979 670 2181 725 minem
2229 685 2384 736 esse,
2449 687 2513 726 ac
2552 670 2649 726 Dei
2704 673 2962 741 potentiae
3019 671 3366 740 subjectum;
3428 686 3555 725 cum

1978 759 2125 814 enim
2155 754 2515 831 supplicasset
2537 759 2854 828 Dominum,
2875 761 3082 816 invenit
3102 761 3556 827 misericordiam,

1978 859 2034 905 et
2065 850 2258 906 iterum
2306 852 2363 906 in
2405 867 2634 923 regnum
2686 868 2847 907 suum
2896 862 2950 908 et
2992 854 3221 926 gloriam
3272 854 3556 909 restitutus

1978 949 2080 995 €51.

2053 1030 2117 1084 ν.
2151 1032 2202 1085 5.
2228 1059 2301 1071 -
2323 1030 2504 1085 Bestia
2537 1032 2646 1086 alia
2674 1033 2866 1087 similis
2893 1040 3037 1088 urso.
3067 1032 3359 1105 Hippolyti.
3397 1032 3468 1088 Ut
3499 1034 3553 1087 in

1981 1123 2085 1177 hoc
2117 1122 2451 1191 signiﬁcaret
2478 1122 2766 1179 Persarum
2806 1124 3116 1195 imperium.

2050 1213 2377 1269 Ibitl.—Et
2418 1226 2520 1269 tres
2546 1216 2774 1271 ordines.
2816 1216 3109 1289 Hippolyti.
3157 1218 3291 1274 Tres
3337 1220 3555 1275 ordines

1978 1317 2140 1361 vocat
2160 1316 2272 1361 tres
2293 1318 2508 1378 gentes;
2542 1306 2674 1361 dicit
2702 1323 2855 1378 ergo:
2894 1310 3186 1379 lmperavit
3217 1311 3331 1366 haec
3358 1311 3552 1366 bestia.

1981 1396 2154 1451 Erant
2179 1398 2394 1467 quidem
2426 1397 2588 1461 Medi,
2620 1398 2852 1470 Assyrii,
2883 1411 2936 1454 et
2957 1399 3255 1471 Babylonii.

2056 1489 2199 1544 Ibid.
2219 1521 2288 1530 —
2309 1489 2377 1543 Et
2405 1491 2480 1543 sic
2501 1489 2745 1545 dicebant
2792 1492 2840 1545 ei
2858 1507 2876 1544 :
2901 1490 3093 1563 Surge,
3110 1493 3338 1546 comede.
3354 1490 3555 1562 Hippo-

1976 1584 2095 1656 lyti.
2142 1582 2319 1637 Persa
2360 1582 2506 1636 enim
2547 1593 2832 1653 surgentes
2863 1583 2917 1638 in
2960 1584 3067 1639 illis
3093 1585 3304 1646 diebus,
3332 1600 3553 1639 omnem

1981 1685 2179 1730 terram
2211 1683 2562 1729 vastaverunt
2592 1683 2647 1728 et
2677 1676 2878 1731 multos
2918 1676 3200 1730 hominum
3236 1677 3292 1730 in
3321 1678 3557 1731 servitu-

1982 1775 2088 1821 tem
2118 1766 2865 1837 redigentesinterfecerunt;
2904 1769 3358 1836 quemadmodum
3404 1768 3554 1824 enim

297 1862 558 1933 (pOstpav'
591 1860 778 1933 ὥσπερ
803 1860 913 1933 γὰρ
938 1860 998 1913 τὸ
1027 1859 1215 1932 θηρίον
1239 1862 1272 1931 ἡ
1296 1843 1463 1951 ἄριίρς
1490 1859 1731 1932 ῥυπαρόν
1759 1863 1875 1914 ἐστι

1982 1873 2144 1912 ursus
2207 1859 2385 1913 bellua
2407 1866 2490 1913 est
2515 1858 2795 1913 sordidum
2850 1859 3074 1926 animal,
3101 1868 3154 1914 et
3187 1859 3553 1924 carnivorum,

299 1946 442 2047 ζδρν
467 1956 562 2009 καὶ
590 1954 944 2028 σαρκοϐόρον,
972 1956 1287 2025 σπαράσσον
1311 1946 1491 2020 ὄνυξιν
1519 1955 1614 2008 καὶ
1642 1953 1875 2020 ὀδοῦσιν,

295 2045 475 2113 οὕτως
516 2047 749 2119 ἐγενήθη
794 2048 889 2100 καὶ
919 2048 951 2117 ἡ
982 2046 1090 2099 τῶν
1122 2045 1346 2118 Περσῶν
1379 2045 1644 2116 βασιλεία,
1682 2047 1894 2109 οἵτινες·

295 2139 666 2211 διεκράτησαν
697 2138 788 2189 ἐπὶ
813 2135 909 2206 ἔτη
931 2135 1030 2188 σλ’.

368 2238 447 2298 ς’.
478 2231 587 2286 Καὶ
622 2228 751 2283 ἰδοὺ
785 2230 994 2297 θηρίον
1021 2226 1225 2295 ἕτερον
1251 2226 1393 2281 ὡσεὶ
1418 2227 1732 2296 πάρδαλις.
1769 2228 1878 2280 Ἱπ-

297 2320 556 2376 πολύτου.
594 2319 865 2391 Πάρδαλιν
914 2313 1007 2371 οὖν
1036 2319 1308 2388 ὀνομάσας
1342 2320 1443 2389 τὴν
1474 2316 1582 2371 τῶν
1614 2317 1878 2389 Ἑλλήνων

300 2412 583 2482 βασιλείαν
614 2411 890 2482 σημαίνει,
920 2403 995 2464 ὧν
1033 2406 1199 2481 ἦρξεν
1251 2408 1595 2482 Ἀλέξανδρος
1636 2411 1665 2462 6
1689 2410 1875 2462 Μακε-

296 2504 434 2557 δών·
470 2490 799 2579 ἄφωμοίωσε
838 2502 895 2555 δὲ
926 2502 1123 2564 αὐτοὺς
1151 2489 1422 2572 παρδάλει
1442 2500 1531 2555 διὰ
1557 2500 1619 2553 τὸ
1653 2499 1880 2568 γεγενῆ-

299 2596 424 2648 σθαι
477 2595 675 2658 αὐτοὺς
711 2593 855 2660 ὀξεῖς
896 2593 992 2647 καὶ
1029 2592 1446 2663 πολυμηχάνους
1482 2593 1541 2645 ἐν
1572 2593 1686 2655 τοῖς
1729 2593 1878 2661 λογι-

300 2688 465 2756 σμοῖς
507 2684 865 2756 κῐΓπικροὺς
902 2685 961 2736 ἐν
986 2684 1054 2754 τῇ
1078 2683 1277 2753 καρδίᾳ
1301 2700 1315 2713 ο
1348 2682 1407 2736 ὃν
1436 2683 1635 2754 τρόπον
1682 2684 1776 2735 καὶ
1818 2683 1908 2757 τὸ,

298 2776 439 2842 ζῶον
480 2758 724 2830 ποίῖίλον
752 2776 869 2833 ἐστὶ
899 2779 965 2847 τῇ
1001 2775 1137 2847 ἰδέα,
1171 2776 1265 2841 ὀξὺ
1293 2774 1350 2828 δέ
1374 2776 1455 2839 είς
1493 2775 1555 2828 τὸ
1579 2775 1879 2846 κακοποιῆ-

299 2883 387 2921 σαι
410 2864 512 2920 καὶ¹
552 2858 691 2936 αἷμα
722 2862 1008 2937 ἀνθρώπου
1045 2865 1278 2920 ἐκπιεῖν.

371 2956 678 3025 Τέσσαρες
704 2955 960 3024 κεφαλαὶ
985 2953 1066 3021 τῷ
1097 2955 1296 3023 θηρίῳ.
1344 2954 1681 3010 Ἱππολύτου.
1724 2955 1879 3009 Μετὰ

297 3048 408 3125 γὰρ
453 3048 517 3103 τὸ
562 3047 855 3125 ιῖιίξκωθῆναιΔ
896 3046 995 3118 τὴν
1054 3037 1331 3116 βασιλείαν
1392 3044 1732 3119 Ἀλεξάνδρου
1786 3047 1880 3100 καὶ

299 3121 603 3213 αὐξηθῆναι
632 3140 727 3194 καὶ
778 3121 858 3202 εἰς
899 3137 1077 3195 πάντα
1120 3137 1210 3191 τὸν
1249 3138 1450 3209 κόσμον
1495 3137 1878 3211 ὀνομασθῆναι,

296 3233 619 3307 διεμερίσθη
665 3233 699 3305 ἡ
752 3224 999 3302 βασιλεία
1039 3229 1203 3283 αὐτοῦ
1247 3230 1328 3294 εἰς
1370 3230 1642 3301 τέσσαρας
1687 3231 1879 3304 ἀρχάς·

296 3323 570 3377 τελευτῶν
588 3321 699 3395 γὰρ
728 3323 757 3375 6
793 3318 1141 3391 Ἀλέξανδρος
1166 3318 1360 3372 διεῖλεν
1387 3320 1571 3382 αὐτοῖς
1598 3324 1712 3384 τοῖς
1760 3339 1886 3374 συν-

294 3416 525 3490 τρέφοις
563 3418 677 3479 τοῖς
718 3416 783 3483 ἐκ
819 3414 914 3468 τοῦ
941 3413 1132 3483 γένους
1162 3414 1261 3484 τὴν
1295 3413 1570 3484 βασιλείαν
1595 3414 1887 3488 τέσσαρσιν

295 3506 611 3579 ἀνθρώποις
641 3505 908 3578 Σελεύκῳ,
940 3505 1257 3580 Δημητρίῳ,
1282 3507 1628 3580 Πτολεμαίῳ,
1664 3508 1760 3563 καὶ
1795 3511 1887 3563 Φι-

295 3599 507 3671 λίππῳ
540 3599 634 3653 καὶ
668 3598 924 3652 ἐπέθεντο
951 3598 1151 3662 πάντες
1176 3593 1320 3652 οὗτοι
1344 3597 1669 3671 διαδήματα,
1703 3599 1886 3665 καθὼς

297 3689 503 3762 Δανιὴλ
529 3688 689 3743 τοῦτο
715 3689 1041 3762 προμηνύει,
1064 3690 1158 3744 καὶ
1187 3690 1246 3743 ἐν
1273 3691 1342 3764 τῇ
1368 3689 1565 3767 πρώτῃ
1587 3692 1696 3746 τῶν
1730 3693 1887 3746 Μακ-

297 3779 551 3838 καϐαίων
613 3780 1046 3851 ἀναγέγραπται.

367 3872 439 3939 ζ’.
474 3873 583 3927 Καὶ
621 3872 749 3926 ἰδοὺ
789 3873 996 3940 θηρίον
1027 3873 1328 3944 τέταρτον.
1376 3873 1714 3930 Ἱππολύτου.
1765 3877 1885 3935 Ὅτι

301 3965 407 4037 μὲν
430 3960 522 4025 οὖν
554 3963 691 4036 μετᾲ
708 3964 806 4035 τὴν
827 3963 935 4017 τῶν
967 3964 1233 4036 Ἑλλήνων
1266 3964 1563 4037 βασιλείαν,
1594 3966 1755 4038 ἑτέρα
1785 3969 1886 4021 οὐκ

297 4056 599 4127 ἐγήγερται
643 4056 777 4126 ἄλλη
829 4055 1109 4127 βασιλεία,
1169 4057 1218 4110 εἰ
1271 4058 1345 4131 μὴ
1375 4061 1426 4130 ,η
1468 4054 1886 4131 κρατοῦσανῢν

296 4147 522 4220 ἕστηκε,
549 4146 823 4202 καὶτοῦτο
849 4148 984 4201 πᾶσι
1015 4148 1280 4219 πρόδηλόν
1304 4151 1471 4203 ἐστιν’
1511 4150 1635 4221 ἥτις
1664 4150 1885 4223 ὀδόντας
1911 4204 1929 4225 ,

302 4238 406 4310 μὲν
430 4237 543 4309 ἔχει
581 4237 853 4309 σιδηροῦς,
896 4237 986 4291 διὰ
1022 4238 1084 4291 τὸ
1123 4238 1331 4303 πάντας
1366 4238 1628 4311 ὃαμὰζειν
1663 4239 1758 4294 καὶ
1791 4238 1883 4293 λε-

299 4329 523 4384 πτύνειν
560 4332 629 4402 τῇ
684 4330 790 4402 ἰδίᾳ
829 4329 1023 4402 ἰσχύει,
1065 4329 1254 4403 ὥσπερ
1290 4347 1354 4400 γε
1395 4334 1425 4386 6
1466 4332 1700 4406 σίδηρος·
1728 4335 1798 4388 τὰ
1824 4334 1882 4395 δὲ

299 4422 562 4479 ἐπίλοιπα
605 4425 720 4487 τοῖς
765 4424 892 4476 ποσὶ
931 4422 1244 4491 συνεπάτει,
1295 4423 1387 4478 διὰ
1424 4424 1486 4478 τὸ
1519 4425 1594 4498 μὴ
1627 4426 1881 4480 καταλεί-

1979 1947 2283 2003 dilacerans
2324 1948 2544 2018 ungulis
2585 1964 2651 2003 ac
2690 1949 2978 2017 dentibus,
3018 1949 3099 2003 sic
3135 1947 3238 2003 fuit
3263 1948 3556 2004 Persarum

1978 2055 2236 2111 regnum,
2284 2041 2378 2111 qui
2422 2043 2585 2097 rebus
2618 2041 2775 2112 potiti
2816 2053 2943 2096 sunt
2993 2041 3154 2097 annis
3193 2042 3416 2113 triginta
3454 2043 3557 2098 du-

1980 2132 2279 2202 centisque.

2053 2218 2116 2278 ν.
2146 2223 2197 2277 6.
2226 2253 2296 2262 --
2316 2223 2385 2277 Et
2442 2239 2557 2277 ecce
2585 2224 2697 2279 alia
2733 2223 2946 2294 (besﬁa)
2971 2224 3125 2287 quasi
3157 2230 3376 2294 pardus.
3427 2224 3559 2296 Ilip-

1980 2315 2168 2385 polyti,
2219 2315 2456 2370 Pardum
2487 2315 2697 2381 dicens,
2734 2332 2962 2386 regnum
3001 2317 3206 2372 indicat
3238 2315 3555 2371 Graecorum

1979 2406 2179 2475 quibus
2213 2405 2499 2475 imperavit
2522 2407 2828 2462 Alexander
2854 2406 3108 2474 Macedo;
3149 2408 3416 2463 assimilat
3455 2423 3548 2461 au-

1981 2505 2089 2551 tem
2124 2513 2217 2553 eos
2268 2498 2473 2568 pardo.
2506 2499 2629 2568 quia
2686 2497 2904 2553 veloces
2948 2509 3002 2555 et
3040 2500 3375 2555 dolosissimi
3427 2508 3556 2554 sunt

1981 2598 2181 2650 mente,
2213 2596 2267 2642 et
2294 2603 2390 2643 cor
2416 2589 2680 2644 habentes
2727 2589 3094 2644 amaritudine
3126 2590 3366 2659 plenum,
3408 2588 3557 2643 haud

1981 2692 2143 2732 secus
2180 2693 2245 2732 ac
2288 2678 2418 2733 illud
2451 2679 2675 2743 animal,
2714 2678 3026 2734 multicolor
3048 2688 3132 2734 est
3183 2688 3428 2748 aspectu,
3464 2694 3556 2734 ve-

1982 2768 2072 2822 lox
2126 2784 2255 2824 vero
2305 2770 2361 2823 in
2401 2771 2542 2826 male
2590 2771 2821 2842 agendo,
2856 2780 2912 2825 et
2944 2787 3194 2827 cruorem
3253 2773 3553 2827 humanum

1981 2860 2238 2915 bibendo.

2061 2951 2552 3020 lbid.-—Quatuor
2573 2956 2751 3025 capita
2807 2968 2960 3011 erant
3010 2955 3206 3012 bestiw.
3261 2954 3553 3029 Hippolyti.

1981 3042 2281 3115 Postquam
2335 3046 2389 3100 in
2434 3048 2603 3101 altum
2652 3047 2913 3103 crevisset
2946 3049 3231 3118 imperium
3264 3049 3555 3104 Alexandri

1984 3147 2445 3208 augmentumque
2483 3140 2743 3211 cepisset,
2789 3155 2854 3195 ac
2884 3156 2978 3210 per
3017 3140 3330 3195 universum
3366 3142 3554 3194 orbem

1987 3245 2184 3284 nomen
2217 3215 2564 3294 obtinuisset,
2612 3231 2849 3286 divisum
2878 3242 2962 3287 est
2994 3232 3048 3286 in
3077 3242 3312 3302 quatuor
3354 3247 3553 3302 regna;

1991 3321 2235 3375 moriens
2289 3323 2436 3377 enim
2504 3322 2811 3378 Alexander
2858 3323 3043 3378 divisit
3090 3323 3556 3379 commilitonibus

1985 3411 2123 3477 suis,
2153 3414 2375 3468 natione
2402 3412 2628 3488 Gracis,
2668 3429 2889 3485 regnum
2936 3431 3119 3480 suum,
3150 3425 3382 3485 quatuor
3421 3415 3556 3469 viris

1985 3504 2195 3560 scilicet
2243 3503 2494 3570 Seleuco,
2541 3504 2838 3572 Demetrio,
2864 3504 3159 3562 Ptolemaeo
3204 3505 3554 3575 etPhilippo,

1985 3604 2040 3651 et
2062 3595 2167 3651 sibi
2191 3579 2540 3651 vindicarunt
2575 3611 2767 3652 omnes
2794 3597 2885 3652 isti
2914 3597 3241 3663 diademata,
3277 3605 3338 3652 ut
3367 3595 3557 3650 Daniel

1986 3688 2120 3743 illud
2160 3688 2483 3759 praedixerat
2515 3698 2571 3744 et
2611 3690 2667 3747 in
2704 3689 2882 3760 primo
2905 3689 3369 3747 Macchabaeorum
3417 3690 3558 3746 libro

1986 3773 2253 3843 scriptum
2283 3782 2387 3831 est.

2044 3860 2122 3915 ‘V.
2154 3862 2210 3918 7.
2233 3894 2307 3905 —
2327 3862 2402 3918 Et
2426 3881 2543 3920 ecce
2573 3865 2740 3922 bestia
2777 3879 2993 3938 quarta.
3050 3866 3343 3941 Hippolyti.
3408 3865 3559 3934 Quo-

1985 3954 2133 4011 niam
2165 3955 2384 4027 quidem
2421 3967 2546 4029 post
2569 3959 2884 4015 Graecorum
2934 3962 3223 4033 imperium
3264 3962 3411 4017 aliud
3444 3978 3553 4016 non

1986 4047 2224 4101 surrexit
2280 4048 2593 4118 imperium,
2624 4051 2749 4114 ,nisi
2803 4062 2997 4122 potens
3045 4053 3154 4109 hoc
3205 4054 3352 4125 quod
3408 4069 3557 4110 nunc

1984 4144 2115 4203 stat,
2145 4145 2200 4190 et
2227 4136 2334 4193 boc
2358 4139 2579 4207 quidem
2606 4141 2862 4198 omnibus
2884 4144 3242 4213 conspicuum
3278 4156 3397 4213 est;
3449 4145 3555 4201 hoc

1984 4227 2176 4283 dentes
2201 4229 2420 4298 quidem
2438 4230 2597 4287 habet
2628 4232 2860 4300 ferreos,
2882 4236 3011 4305 quia
3043 4236 3226 4291 omnia
3267 4237 3473 4303 domat,
3502 4249 3558 4293 et

1983 4319 2309 4376 comminuit
2335 4323 2552 4392 proprio
2582 4323 2798 4389 robore,
2825 4336 2886 4380 ut
2911 4325 3114 4381 ferrum
3138 4345 3153 4394 ;
3183 4327 3391 4399 reliqua
3422 4344 3555 4385 vero

1984 4409 2214 4480 pedibus
2235 4413 2543 4481 conculcet,
2567 4415 2695 4484 quia
2712 4429 2823 4469 non
2841 4416 2949 4472 erit
2968 4417 3113 4472 aliud
3128 4418 3416 4489 imperium
3431 4430 3558 4492 post

299 4514 500 4570 πεσθαι
526 4516 717 4597 ἑτέραν
743 4515 1015 4587 βασιλείαν
1042 4515 1121 4569 ἔτι
1152 4516 1290 4588 μετά
1310 4518 1534 4591 ταύτην,
1562 4518 1677 4574 ἀλλ’
1699 4520 1761 4587 ἐξ
1787 4521 1880 4575 αὐ-

1982 4500 2136 4571 illud,
2157 4501 2268 4559 sed.
2281 4520 2350 4561 ex
2378 4504 2473 4561 illo
2495 4519 2703 4562 cornua
2722 4506 2907 4564 decem
2930 4520 3233 4584 crescent.“

298 4606 402 4678 τῆς
425 4604 628 4678 ταύτης
650 4606 855 4679 κέρατα
877 4606 1010 4662 δέκα
1030 4607 1385 4678 ἀναφύεσθαι.

369 4697 486 4752 Καὶ
522 4699 741 4767 κέρατα
787 4698 937 4754 δέκα
989 4697 1173 4765 αὐτῷ.
1226 4698 1438 4772 ’Ὠσπερ
1480 4700 1591 4775 γὰρ
1643 4703 1737 4756 ἐπὶ
1781 4702 1880 4776 τῆς

298 4789 625 4864 παρδάλεως.
640 4791 900 4862 προεῖπεν
917 4792 945 4844 6
967 4790 1249 4862 προφήτης
1277 4791 1358 4844 ὅτι
1395 4791 1660 4863 τέσσαρες
1701 4810 1887 4865 κεφα-ι

300 4884 391 4939 λαὶ
410 4882 490 4954 τῷ
510 4882 701 4955 θηρίῳ·
728 4881 822 4937 καὶ
849 4883 1085 4952 ἐγένετο,
1122 4884 1218 4939 καὶ
1262 4884 1525 4957 ἐμερίσθη
1561 4888 1597 4957 ἡ
1633 4886 1877 4957 βασιλεία

311 4960 660 5048 Ἀλεξάνδρου
682 4977 761 5041 εἰς
787 4976 1058 5048 τέσσαρας
1083 4975 1277 5050 ἀρχάς·
1313 4977 1454 5032 οὕτω
1478 4979 1571 5032 καὶ
1591 4979 1687 5034 νῦν
1716 4982 1879 5052 προσ.

302 5066 464 5139 δοκᾷν
504 5068 605 5133 δεῖ,
653 5068 759 5132 ἕως
804 5068 1136 5141 ἀναϐήσεται
1175 5071 1307 5126 δέκα
1351 5071 1556 5142 κέρατα
1598 5071 1660 5137 ἐξ
1704 5075 1875 5145 αὐτῆς

297 5157 523 5235 ταύτης,
556 5160 686 5214 ὅταν
716 5160 745 5213 ὁ
775 5158 973 5235 χρόνος
1013 5159 1108 5216 τοῦ
1142 5161 1330 5232 Θηρίου
1370 5162 1650 5236 πληρωθῇ,
1695 5166 1789 5219 καὶ
1814 5167 1874 5219 τὸ

224 5253 241 5275 ’
306 5249 499 5324 μικρὸν
526 5249 714 5320 κέρας,
736 5250 873 5322 ὅπερ
894 5250 1040 5309 ἐστὶν
1056 5253 1086 5305 6
1108 5249 1490 5324 Ἀντίχριστος,
1510 5255 1570 5306 ἐν
1588 5256 1775 5321 αὐτοῖς
1792 5258 1875 5310 αἱ·

304 5340 501 5410 φιιίδιος
536 5343 807 5413 ἀναφανῇ,
824 5341 928 5399 ,καὶ
946 5343 982 5414 ἡ
1014 5342 1327 5416 δικαιοσύνη
1350 5345 1415 5405 ὲκ
1442 5344 1545 5415 τῆς
1571 5346 1679 5417 γῆς
1706 5347 1868 5420 ἀρθῇ.

306 5435 396 5493 atat
419 5438 448 5490 6
467 5436 579 5505 πᾶς
607 5434 814 5506 κόσμος
848 5434 928 5499 είς
953 5435 1260 5492 συντέλειαν
1283 5440 1449 5510 παρῗγ
1475 5437 1614 5492 ὥστε
1641 5438 1705 5499 οὐ
1735 5457 1871 5512 προ-

303 5525 601 5599 λαμϐάνειν.
626 5527 777 5600 ἡμᾶς
814 5526 896 5581 δεῖ
930 5526 1028 5599 τὴν
1050 5526 1144 5581 τοῦ
1162 5527 1297 5593 Θεοῦ
1337 5527 1554 5599 βουλὴν,
1592 5527 1728 5584 ἀλλὰ
1762 5546 1867 5600 μα-

303 5620 595 5693 κροθυμεῖν
635 5621 731 5691 καὶ
764 5619 998 5686 δεῖσθαι,
1034 5619 1123 5674 ἵνα
1160 5621 1232 5692 μὴ
1254 5622 1335 5683 είς
1352 5619 1624 5683 τοιούτους
1644 5620 1869 5692 χρόνους

302 5707 648 5781 ἐμπέσωμενο
686 5709 811 5764 οὔτε
846 5710 951 5782 μὴν
994 5711 1241 5764 ἀπιστεῖν
1279 5709 1354 5772 ὡς
1390 5709 1463 5780 μὴ
1501 5708 1757 5778 μέλλοντα
1781 5709 1867 5778 γί-

303 5799 503 5857 νεσθαι·
528 5803 584 5880 ⁸εἰ
617 5800 724 5872 γὰρ
756 5799 825 5853 τὰ
852 5800 1040 5870 πρῶτα
1064 5800 1162 5851 ὅσα
1199 5799 1455 5858 προεῖπον
1483 5799 1529 5849 oi
1565 5796 1864 5868 προφῆται,

615 5918 881 5981 ΡΑτιιοι..
929 5917 1043 5978 Gn.
1077 5917 1164 5975 Χ.

2053 4699 2198 4756 Ibid.
2236 4732 2308 4743 —
2346 4702 2418 4759 Et
2465 4706 2687 4762 habebat
2731 4724 2931 4764 cornua
3004 4711 3202 4766 decem.
3254 4711 3553 4787 Hippolyti.
3626 4714 3629 4719 ’

1979 4790 2448 4858 Quemadmodum
2465 4796 2612 4852 enim
2629 4797 2694 4853 de
2718 4798 2887 4869 pardo
2915 4803 3178 4872 propheta
3209 4803 3369 4873 dixit,
3396 4806 3543 4860 hanc

1979 4882 2209 4939 bestiam
2238 4894 2475 4959 quatuor
2503 4889 2683 4961 capita
2727 4884 2951 4959 habere,
2980 4894 3127 4962 quod
3156 4894 3336 4966 reipsa
3374 4899 3549 4952 conti-
3607 4911 3625 4935 ι

1978 4975 2076 5045 git,
2112 4990 2239 5030 nam
2294 4977 2531 5034 divisum
2560 4991 2646 5034 est
2673 4979 2959 5051 imperium
2988 4983 3282 5047 Alexandri
3324 4987 3378 5040 in
3407 5003 3546 5056 qua—

1978 5076 2104 5121 tuor
2131 5082 2338 5141 regna;
2373 5069 2452 5125 sic
2482 5078 2537 5125 et
2572 5085 2721 5128 nunc
2763 5083 3077 5144 exspectare
3102 5085 3316 5146 oportet
3373 5092 3549 5148 usque

1977 5159 2108 5214 dum
2157 5169 2384 5232 surgant
2437 5163 2627 5218 decem
2675 5179 2882 5223 cornua
2931 5182 2997 5222 ex
3044 5168 3149 5222 ista
3197 5168 3391 5233 bestia,
3420 5184 3546 5225 cum

1977 5258 2192 5320 tempus
2259 5252 2380 5323 ejus
2421 5255 2750 5324 completum
2804 5256 2942 5320 erit,
2995 5265 3050 5312 et
3098 5272 3327 5326 parvum
3351 5274 3546 5326 cornu,

1976 5340 2123 5409 quod
2168 5348 2254 5396 est
2297 5341 2687 5411 Antichristus,
2732 5347 2873 5401 inter
2921 5348 3012 5401 illa
3064 5362 3270 5402 cornua
3321 5360 3544 5418 repente

1979 5443 2259 5505 appareat,
2300 5445 2357 5490 et
2397 5436 2610 5507 iustitia
2642 5439 2709 5495 de
2754 5446 2893 5495 terra
2939 5437 3238 5505 auferatur,
3264 5439 3545 5511 totiusque

1975 5524 2122 5579 orbis
2150 5528 2550 5583 consummatio
2577 5530 3005 5601 appropinquet;
3037 5534 3109 5586 ita
3150 5539 3210 5586 ut
3248 5547 3359 5589 non
3404 5533 3545 5587 anti-

1975 5614 2157 5683 cipare
2208 5626 2456 5686 oporteat
2483 5618 2576 5675 Dei
2623 5621 3041 5690 providentiam,
3090 5623 3184 5678 scd
3231 5623 3543 5695 patientiam

1975 5705 2195 5770 habere,
2226 5719 2280 5763 et
2322 5710 2620 5782 timerene
2666 5712 2786 5767 istis
2836 5715 3173 5784 temporibus
3205 5716 3542 5778 incidamus,

1976 5812 2232 5873 nonvero
2266 5799 2579 5857 incredulos
2610 5817 2734 5860 esse
2761 5805 2917 5875 quasi
2945 5805 3059 5861 haec
3072 5823 3178 5859 non
3210 5805 3389 5863 futura
3412 5804 3539 5859 sint.

3077 5924 3156 5983 2'2
