4128 6380
438 684 459 714 J

595 407 702 461 683

1480 407 1537 461 S.
1576 384 1936 462 HIPPOLYTI
1968 407 2116 462 OPP.
2155 405 2335 461 PARS
2378 406 2417 461 1.
2459 436 2529 445 -
2565 405 2977 462 EXEGETICA.
3741 408 3838 466 684

599 523 834 580 Sieuim
895 542 1231 597 quacunque
1287 528 1558 582 anteriora
1605 545 1637 584 a
1688 529 1969 599 prophetis
2027 544 2136 599 pra:

2237 530 2368 589 ,οὐκ
2427 529 2662 596 ἐγένετο,
2727 530 2862 599 μήτε
2921 526 3094 582 ταῦτα
3124 528 3454 599 προσδοκᾷψ
3492 529 3541 582 εὶ
3572 528 3629 582 δὲ
3667 530 3837 583 ἐκεῖνα

595 617 743 673 dicta
813 634 920 672 non
979 628 1311 683 evenerunt,
1360 636 1536 690 neque
1590 621 1707 676 haec
1756 631 2167 692 exspectemus;

593 712 688 767 sed
733 715 780 773 si
815 724 1004 769 contra
1046 716 1135 768 illa
1166 715 1347 768 omnia
1383 716 1660 785 contigere
1687 716 1989 772 secundum
2032 724 2167 770 tem-

589 820 693 875 pus
746 807 854 890 illis
873 809 1234 877 assignatum,
1270 817 1329 862 ut
1378 807 1694 878 praedictum
1731 816 1834 875 est,
1863 808 1979 864 hate
2010 823 2166 879 pror-

587 915 684 955 sus
715 898 1101 970 implebantur.

662 989 725 1045 ν.
753 991 811 1045 8.
831 1023 902 1032 -
923 991 1334 1046 Considerabam
1358 1008 1577 1047 cornua.
1608 989 1901 1061 Hippolyti.
1936 989 2054 1046 Hoc
2080 999 2164 1045 est

2270 619 2516 687 ἐγένοντο
2555 620 2695 674 κατὰ
2761 620 2987 691 καιροὺς
3032 618 3230 683 ἰδίους,
3271 617 3451 682 καθὼς
3503 620 3833 692 προείρηται,

2268 710 2487 773 πάντως
2521 709 2809 764 καὶταῦτα
2839 709 3241 780 τελεσθήσεται.

2331 1003 2401 1065 η’.
2424 998 2807 1063 Προσενόουν
2833 994 2959 1061 τοῖς
2981 994 3244 1063 κέρασιν.
3285 995 3620 1050 Ἱππολύτου.
3647 998 3831 1053 Tonsi-

585 1088 786 1135 attente
819 1082 1173 1137 considerans
1205 1081 1455 1147 bestiam,
1492 1090 1547 1135 et
1589 1081 1867 1136 admirans
1900 1096 2025 1137 cum
2054 1081 2137 1135 ali:

2264 1101 2379 1139 στιν
2403 1088 2589 1167 ἀτενὲς
2626 1086 2812 1157 ἐώρων
2859 1086 2998 1158 πρὸς
3046 1088 3106 1141 τὸ
3146 1087 3353 1159 θηρίον,
3409 1090 3502 1140 καὶ
3539 1088 3833 1161 ἐθαύμαζον

585 1170 791 1236 omnia,
838 1180 949 1225 tum
980 1188 1250 1226 cornuum
1299 1186 1589 1226 numerum
1629 1190 1642 1225 :
1688 1170 1967 1227 diﬂ‘erebat
2012 1173 2158 1227 enim

584 1276 618 1314 a
641 1271 963 1317 caeterarum
993 1263 1295 1333 bestiarum
1318 1271 1514 1338 natura
1547 1262 1711 1331 hujus
1736 1262 1897 1319 visio.

652 1436 720 1492 ν.
753 1437 842 1491 15.
884 1466 953 1476 -
978 1435 1049 1490 Et
1076 1452 1237 1507 usque
1264 1437 1333 1490 ad
1364 1436 1646 1509 Antiquam
1674 1438 1876 1493 dierum
1904 1441 2153 1508 pervenit.

585 1526 874 1599 Hippolyti.
941 1528 1244 1592 Antiquum
1289 1528 1507 1599 quidem
1556 1529 1766 1583 dierum
1825 1546 1935 1585 non
1987 1532 2152 1585 alium

588 1620 728 1687 dicit
755 1620 860 1675 nisi
882 1620 1165 1675 Dominum
1183 1620 1465 1691 Deumque
1494 1620 1865 1691 arbitrumque
1885 1622 2150 1685 omnium,

581 1711 893 1786 Christique
934 1712 1124 1781 ipsius,
1167 1712 1260 1789 qui
1298 1727 1583 1767 senescere
1624 1710 1752 1767 facit
1785 1713 1920 1779 dies,
1960 1723 2150 1768 etnon

581 1812 886 1872 temporum
918 1802 1111 1858 diebus
1149 1804 1265 1873 ipse
1295 1818 1608 1861 senescens.

630 1893 720 1947 Ν.
746 1895 832 1950 14.
855 1928 924 1966 τ-
945 1896 1193 1961 Potestas
1214 1896 1348 1966 ejus,
1384 1907 1617 1967 potestas
1672 1908 1888 1954 aeterna.
1946 1896 2149 1969 [lippo-

581 1987 696 2056 lyti.
718 1987 945 2059 Proprio
971 1987 1110 2043 Filio
1142 1988 1303 2044 Pater
1330 1990 1512 2045 omnia
1540 1991 1853 2061 subjiciens,
1876 2002 1923 2047 et
1943 2009 2004 2047 ea
2030 1984 2151 2063 qua:

582 2089 711 2134 sunt
765 2080 822 2133 in
866 2080 1040 2146 cmlis,
1084 2088 1137 2135 et
1178 2095 1301 2151 quae
1348 2097 1512 2151 super
1563 2090 1796 2146 terram,
1846 2098 1940 2152 per
1968 2084 2148 2137 omnia

578 2170 953 2235 manifestavit
1008 2188 1134 2226 eum
1184 2172 1602 2242 primogenitum
1651 2189 1718 2228 ex
1755 2172 1885 2237 Deo,
1934 2183 1991 2228 ut
2024 2189 2148 2228 cum

575 2258 737 2317 Patre
791 2262 960 2317 Filius
990 2262 1079 2317 Dei
1114 2277 1237 2317 esse
1265 2262 1706 2318 manifestaretur
1737 2274 1862 2318 ante
1905 2264 2146 2333 angelos,

578 2361 638 2407 ut
699 2354 1011 2422 angelorum
1091 2354 1353 2409 Dominus
1415 2365 1733 2424 appareret;
1822 2354 2149 2424 primogeni-

574 2453 689 2498 tum
749 2459 814 2498 ex
867 2443 1096 2515 virgine,
1171 2454 1229 2499 ut
1269 2446 1665 2513 prot0plastum
1686 2442 1892 2519 ,Adam
1958 2443 2011 2498 in
2061 2460 2147 2498 se-

576 2536 695 2606 ipso
761 2534 1068 2590 reformans
1120 2536 1539 2600 ostenderetur;
1595 2534 2014 2604 primogenitum
2077 2552 2145 2589 ex

576 2626 826 2693 mortuis,
864 2635 923 2681 ut
957 2626 1285 2696 principium
1329 2638 1531 2680 nostrae
1577 2627 1993 2681 resurrectionis
2030 2626 2145 2695 ipse

575 2722 750 2773 ﬁeret.

643 2810 777 2875 Quae
828 2827 928 2865 non
978 2809 1271 2873 auferetur.
1333 2806 1628 2879 Hippolyti.
1672 2807 2000 2865 Potestatem
2030 2825 2143 2864 om-

562 2917 696 2957 nem
758 2901 991 2978 aoPatre
1046 2899 1186 2955 Filio
1241 2898 1424 2955 datam
1489 2899 1744 2967 ostendit,
1788 2901 1883 2969 qui
1941 2901 2139 2956 cmles-

572 2993 745 3057 tium,
780 2992 1116 3047 terrestrium
1147 2998 1199 3047 et
1240 2989 1573 3045 infernorum
1625 3005 1719 3045 rex
1748 2999 1803 3045 et
1828 2992 1988 3061 iudex
2022 3008 2141 3046 om-

2264 1178 2402 1249 μετὰ
2427 1178 2532 1233 τῶν
2566 1178 2770 1234 λοιπῶν
2793 1179 3047 1233 ἁπάντων
3070 1179 3291 1234 καὶτῶν
3317 1180 3563 1251 κεράτων
3582 1179 3671 1234 τὸν
3694 1180 3834 1247 ἀριθ-

2262 1270 2380 1340 μόν·
2406 1269 2780 1342 ἐξηλλαγμένη
2822 1271 2929 1346 γὰρ
2969 1270 3120 1344 παρὰ
3150 1271 3249 1341 τὴν
3272 1270 3379 1324 τῶν
3405 1270 3605 1323 λοιπῶν
3631 1272 3828 1342 θηρίων

2256 1365 2419 1436 φύσιν
2443 1361 2511 1435 ἦν
2539 1366 2573 1437 ἡ
2597 1365 2787 1418 τούτου
2814 1364 3035 1436 θεωρία.
3068 1413 3075 1417 .

2306 1464 2396 1526 κγ’.
2426 1459 2575 1523 Ἕως
2592 1457 2699 1511 τοῦ
2713 1456 2984 1512 Παλαίοῦ
3000 1454 3119 1510 τῶν
3146 1455 3631 1526 ἡμεώνὲφθασε.
3660 1458 3831 1511 Ἰππο-

2255 1532 2435 1605 λύτου.
2490 1552 2723 1605 Παλαιὸν
2761 1552 2858 1621 μὲν
2902 1547 2995 1605 οὖν
3043 1550 3266 1623 ήμερῶν
3315 1551 3414 1622 οὐχ
3454 1552 3639 1623 ἕτερον
3668 1552 3826 1621 λέγει,

2255 1644 2367 1697 ἀλλ’
2396 1645 2430 1713 ἣ
2456 1644 2547 1696 τὸν
2589 1644 2844 1697 ἁπάντων
2874 1641 3076 1714 Κύριον
3121 1645 3214 1697 καὶ
3238 1643 3370 1698 Θεὸν
3404 1645 3502 1699 καὶ
3542 1647 3826 1717 Δεσπότην,

2254 1737 2344 1789 τὸν
2365 1736 2458 1789 καὶ
2481 1735 2648 1789 αὐτοῦ
2679 1733 2939 1807 Χριστοῦ,
2973 1733 3068 1787 τὸν
3106 1733 3444 1789 παλαιοῦντα
3480 1734 3581 1800 τὰς
3606 1736 3827 1809 ἡμέρας,

2252 1826 2347 1879 καὶ
2370 1826 2460 1879 τὸν
2487 1825 2591 1878 ὐπὸ
2620 1824 2826 1897 χρόνων
2851 1822 3075 1894 ἡμερῶν
3111 1826 3185 1895 μὴ
3212 1824 3632 1896 παλασούμενον.

2179 1883 2221 1937 Β
2335 1919 2398 1974 Ἠ
2420 1918 2672 1982 ἐξουσία
2691 1917 2876 1971 αὑτοῦ
2903 1918 3157 1982 ἐξουσία
3187 1915 3442 1983 αἰώνιος.
3500 1917 3823 1973 Ἱππολύτου.

2254 2009 2345 2080 Τῷ
2370 2006 2463 2063 οὖν
2508 2008 2621 2079 ἰδίῳ
2656 2007 2770 2079 Υἱῷ
2804 2011 2833 2062 ό
2871 2009 3063 2079 Πατὴρ
3091 2008 3267 2061 πάντα
3296 2008 3570 2073 ὑποτάξας
3594 2009 3663 2063 τά
3689 2025 3745 2061 τε
3771 2009 3827 2060 ἐν

2250 2102 2364 2161 τοῖς
2390 2100 2636 2169 οὐρανοῖς
2662 2099 2757 2151 καὶ
2793 2096 2861 2150 τὰ
2889 2097 2982 2150 ἐπὶ
3017 2098 3116 2167 τῆς
3136 2097 3261 2167 γῆς,
3309 2098 3399 2152 διά
3438 2098 3661 2153 πάντων
3700 2100 3826 2151 ἁπε-

2249 2188 2420 2253 δειξεν
2450 2189 2613 2242 αὐτὸν
2642 2187 2983 2260 πρωτότοκον
3004 2188 3069 2241 ἐκ
3088 2186 3245 2252 Θεοῦ,
3273 2188 3360 2243 ἴνα
3391 2189 3533 2260 μετὰ
3551 2189 3641 2244 τοῦ
3663 2188 3827 2242 Πατέ-

2253 2298 2344 2353 ρος
2367 2281 2495 2345 Υἱὸς
2525 2281 2659 2334 Θεοῦ
2708 2280 2784 2335 ὣν
2826 2281 3121 2353 ἀποδειχθῇ
3156 2284 3264 2355 πρὸ
3312 2283 3582 2353 ἀγγέλων,
3616 2282 3701 2337 ἴνα
3738 2283 3826 2334 καὶ

2247 2370 2493 2439 ἀγγέλων
2522 2370 2709 2441 κύρὶος
2740 2376 2899 2443 φανῇ·
2925 2374 3270 2444 πρωτότοκον
3291 2374 3357 2425 ἐκ
3397 2371 3695 2443 παρθένου,
3745 2372 3827 2423 ἵνα

2245 2462 2337 2515 τὸν
2360 2462 2803 2533 πρωτόπλαστον.
2838 2464 3010 2536 Ἀδὰμ
3049 2467 3107 2519 ἐν
3150 2462 3299 2534 αύτῷ
3339 2463 3698 2517 ἀναπλάσσων
3723 2463 3825 2515 δει-
3924 2472 3949 2485 ⁸

2246 2552 2371 2623 χθῇ·
2405 2552 2746 2623 πρωτότοκον
2782 2555 2847 2606 ἐκ
2876 2552 3107 2625 νεκρῶν,
3143 2554 3232 2609 ἵνα
3260 2553 3489 2625 ἀπαρχὴ
3514 2553 3613 2623 τῆς
3634 2549 3821 2623 ήμετέ·

2247 2659 2348 2713 ρας
2383 2642 2732 2705 ἀναστάσεως
2759 2643 2923 2707 αὐτὸς
2960 2643 3189 2715 γενηθῇ.

2317 2816 2460 2870 Ibid.
2496 2816 2654 2883 Ἦτις
2699 2819 2772 2871 οὐ
2816 2817 3279 2885 παρελεύσεται.
3323 2817 3660 2871 Ἱππολύτου.
3714 2817 3818 2887 Τὴν

2244 2909 2493 2976 ἐξουσίαν
2508 2912 2687 2963 πᾶσαν
2699 2909 2797 2981 τὴν
2815 2927 2890 2963 πα
2898 2909 2964 2981 ρὰ
2979 2909 3071 2963 τοῦ
3091 2911 3303 2980 Πατρὸς
3316 2909 3609 2982 δεδομένην
3623 2908 3700 2980 τῷ
3711 2907 3816 2978 Υἱῷ

2241 3000 2537 3066 ὑπέδειξεν,
2570 3001 2630 3065 ὃς
2658 3002 2992 3072 ἐπουρανίων
3021 3003 3115 3055 καί
3149 3000 3411 3069 ἐπιγείων
3444 3002 3538 3054 καὶ
3562 2999 3815 3070 καταχθο-

571 3086 723 3139 nium
782 3082 1165 3139 manifestatus
1212 3091 1337 3137 est:
1373 3072 1676 3136 cmlestium
1720 3082 1960 3151 quidem,
2009 3083 2137 3153 quia

2240 3093 2368 3146 νίων
2399 3091 2654 3163 βασιλεὺς
2680 3093 2774 3145 καὶ
2790 3091 2980 3163 κριτὴς
3010 3091 3226 3145 πάντων
3244 3091 3640 3145 ἀποδέδεικται’
3669 3094 3815 3145 ἐπου-

570 3174 808 3230 Verbum
842 3188 906 3229 ex
949 3174 1112 3229 corde
1157 3170 1336 3226 Patris
1381 3180 1507 3226 ante
1560 3172 1742 3226 omnia
1794 3183 1978 3228 natum
2018 3184 2134 3240 est;

2246 3185 2443 3257 ρανίων
2476 3185 2596 3255 μὲν,
2626 3185 2708 3238 ὅτι
2742 3186 2913 3253 Λόγος
2944 3186 3009 3238 ἐκ
3041 3185 3270 3256 καρδίας
3302 3186 3521 3259 Πατρὸς
3552 3186 3655 3259 πρὸ
3686 3185 3812 3238 πάν-

568 3265 905 3321 terrestrium
941 3274 1142 3328 autem,
1169 3264 1296 3334 quia
1322 3263 1486 3316 homo
1518 3261 1657 3316 inter
1685 3264 1932 3319 homines
1964 3263 2137 3319 factus

2241 3295 2349 3331 των
2376 3278 2738 3351 γεγενημένος
2765 3273 2833 3349 ἦν
2852 3295 2863 3307 ·
2884 3276 3138 3345 ἐπιγείων
3166 3277 3242 3340 δὲ,
3267 3274 3647 3350 ὄτιᾶνθρωπος
3671 3278 3811 3344 ἐγεν-

565 3365 673 3421 est,
709 3372 803 3427 per
822 3371 881 3411 se
897 3356 1073 3425 ipsum
1107 3356 1408 3409 reformans
1423 3354 1622 3420 Adam;
1656 3353 1990 3409 iuret-norum
2023 3366 2144 3408 tan-

566 3449 714 3514 dem,
744 3449 874 3517 quia
925 3448 1064 3501 inter
1116 3454 1360 3500 mortuos
1405 3454 1755 3516 computatus
1792 3455 1895 3513 est,
1924 3461 2138 3501 annum

568 3537 711 3603 tians
780 3536 1091 3591 felicitatem
1145 3545 1462 3591 sanctorum
1529 3537 1759 3605 animis,
1791 3538 1908 3608 ipse
1961 3548 2139 3593 morte

568 3628 762 3683 mortis
787 3630 981 3683 victor.

642 3715 706 3773 V.
734 3718 823 3773 17.
851 3747 919 3757 -
949 3716 1080 3783 Quae
1118 3730 1451 3791 consurgent.
1487 3719 1777 3792 Hippolyti.
1820 3720 1954 3775 Cum
1990 3721 2136 3775 enim

570 3817 677 3865 tres
717 3809 906 3865 bestia:
951 3826 1172 3866 cursum
1218 3811 1588 3883 impleverint,
1628 3820 1681 3868 et
1705 3813 1979 3869 translatae
2020 3812 2135 3867 fue-

565 3904 695 3971 rint,
726 3903 773 3960 si
810 3902 1000 3958 ultima
1017 3918 1140 3975 quae
1165 3903 1507 3959 uuneadbuc
1541 3906 1708 3973 viget,
1757 3903 1874 3973 ipsa
1919 3906 2129 3959 sublata

564 3994 751 4063 fuerit,
781 3996 1082 4051 cessabunt
1116 3994 1335 4049 tandem
1362 3995 1663 4061 terrestria,
1694 3995 1955 4064 incipient
1981 3998 2132 4051 deni-

564 4103 670 4159 que
682 4089 945 4156 ccelestia,
963 4097 1020 4143 ut
1036 4097 1348 4144 sanctorum
1372 4088 1746 4145 indissolubile
1758 4097 2131 4159 aeternumque

560 4195 793 4253 regnum
825 4181 1165 4247 ostendatur,
1194 4191 1250 4236 et
1275 4197 1371 4236 rex
1401 4182 1641 4238 caelestis
1669 4181 1846 4251 palam
1871 4182 2128 4238 omnibus

561 4273 960 4341 tuauifestetur,
991 4289 1102 4327 non
1127 4271 1243 4343 jam
1271 4288 1367 4344 per
1403 4273 1624 4345 ﬁguras,
1657 4274 1815 4343 quasi
1831 4275 1885 4327 in
1920 4276 2130 4330 visione

561 4375 853 4437 aspectus,
901 4382 1080 4437 neque
1146 4367 1201 4420 in
1247 4368 1503 4423 columna
1550 4368 1711 4422 nubis
1760 4384 1923 4438 super
1966 4384 2130 4424 cacu-

559 4459 708 4513 mine
744 4459 947 4514 montis
991 4459 1257 4524 occultus,
1305 4461 1401 4515 sed
1447 4462 1590 4516 inter
1633 4471 1930 4533 potestates
1972 4478 2127 4518 exer-

2241 3368 2400 3441 νήθη,
2431 3369 2789 3423 άναπλάσσων
2810 3369 2877 3421 δι’
2904 3369 3067 3421 αὐτοῦ
3098 3368 3186 3420 τὸν
3230 3369 3424 3439 ’Δδάμο
3458 3367 3808 3438 καταχθονίων

2239 3459 2317 3524 δέ,
2350 3462 2432 3513 ὅτι
2461 3460 2554 3513 καὶ
2585 3461 2643 3513 ἐν
2674 3462 2886 3530 νεκροῖς
2909 3458 3292 3529 ικατελογίσθη,
3335 3459 3806 3529 εὐαγγελιζόμενος

2237 3554 2358 3615 ταῖς
2384 3548 2494 3605 τῶν
2515 3550 2686 3620 ἁγίων
2715 3549 2933 3620 ψυχαῖς,
2970 3550 3058 3603 διὰ
3096 3549 3325 3603 θανάτου
3362 3550 3590 3604 θάνατον
3631 3546 3811 3605 νικῶν(

2308 3730 2394 3797 ιζ’.
2419 3730 2493 3786 At
2506 3730 2889 3798 ἀρθήσονται.
2924 3727 3261 3783 Ἱππολύτου.
3280 3727 3405 3782 Τῶν
3421 3729 3528 3800 γὰρ
3547 3725 3705 3799 τριῶν
3716 3724 3804 3794 θη-

2236 3824 2367 3895 ρίων
2413 3823 2513 3894 ἥδη
2566 3820 2967 3893 διαδραμόντων
2998 3820 3092 3875 καὶ
3139 3822 3546 3892 μεταστάντων,
3593 3820 3681 3874 καὶ
3714 3818 3801 3870 τοί

2233 3912 2352 3975 ἐνὸς
2395 3912 2582 3983 ἀκμὴν
2612 3910 2691 3963 ἔτι
2732 3909 3048 3974 ἐνεστῶτος,
3081 3908 3177 3962 ἐὰν
3221 3911 3314 3962 καὶ
3353 3908 3511 3963 τοῦτο
3554 3905 3803 3981 μεταρθῇ,

2232 4001 2465 4055 παύεται
2495 3999 2679 4085 λοιπὸν
2701 3999 2770 4052 τὰ
2808 3997 3047 4066 ἐπίγεια,
3078 3998 3306 4068 ἄρχεται
3338 3997 3529 4052 λοιπὸν
3558 3999 3626 4052 τά
3653 4000 3806 4051 ἐπουο

2234 4096 2412 4166 ρὰνια,
2447 4094 2535 4146 ἴνα
2567 4093 2628 4145 τὸ
2661 4091 2770 4145 τῶν
2800 4090 2969 4160 ἁγίων
2994 4089 3335 4144 ἀκατάλυτον
3360 4093 3454 4145 καὶ
3486 4090 3695 4146 αἰώνιον
3719 4086 3805 4158 βα-

2232 4184 2427 4237 σίλειον
2470 4181 2677 4254 δειχθῇ·
2727 4180 2821 4235 καὶ
2869 4181 2898 4233 ὁ
2938 4179 3189 4250 βασιλεὺς
3232 4180 3484 4253 οὐράνιος
3523 4173 3802 4252 προφανῶς

2229 4277 2395 4331 πᾶσιν
2435 4274 2749 4346 ἐπιδειχθῇ,
2800 4272 2996 4345 μηκέτι
3040 4272 3130 4326 διὰ
3168 4273 3366 4337 εἴδους,
3408 4274 3485 4337 ὡς
3528 4275 3585 4326 ἐν
3626 4268 3798 4341 ὁράσει

2230 4368 2582 4439 βλεπόμενος,
2634 4367 2771 4437 μήτε
2814 4366 2873 4418 ἐν
2924 4362 3099 4432 στύλῳ
3140 4363 3372 4437 νεφέλης
3428 4364 3522 4419 ἐπὶ
3569 4358 3795 4432 κορυφῆς

2228 4461 2386 4531 ὅρους
2439 4456 2977 4526 ἀποκαλυπτόμενος,
3023 4454 3159 4507 ἀλλὰ
3212 4454 3352 4525 μετὰ
3398 4454 3665 4525 δυνάμεων
3704 4447 3791 4502 καὶ

559 4550 807 4618 citusque
832 4550 1106 4621 angelicos
1138 4549 1453 4606 incarnatus
1485 4551 1627 4607 Deus
1655 4562 1709 4608 et
1734 4554 1921 4618 homo,
1952 4553 2124 4609 Filius

2237 4549 2496 4622 στρατιῶν
2540 4546 2844 4618 ἀγγελικῶν
2885 4547 3145 4619 ἐνσαρκος
3197 4547 3331 4612 Θεὸς
3377 4549 3474 4602 καὶ
3506 4544 3788 4616 ἄνθρωποςν

556 4637 654 4695 Dei
695 4647 750 4694 et
797 4637 970 4695 Filius
1007 4640 1267 4706 hominis,
1307 4656 1337 4693 a
1376 4642 1534 4697 cmlis
1573 4642 1747 4713 judex
1806 4644 1997 4699 mundi
2030 4645 2129 4700 ad—

556 4733 800 4786 veniens.

628 4819 692 4877 ν.
728 4822 817 4878 l9.
855 4820 1082 4875 —Post
1145 4819 1240 4874 hoc
1294 4820 1435 4875 t'olui
1488 4822 1766 4893 diligenter
1819 4823 2019 4878 discere
2063 4819 2129 4879 dé

556 4914 724 4967 bestia
782 4922 996 4982 quarta.
1056 4908 1344 4983 Hippolyti.
1403 4909 1481 4966 De
1521 4920 1717 4983 quarto
1758 4912 2022 4984 imperio,
2066 4923 2125 4968 ut

552 5021 718 5077 supra
751 5004 991 5059 diximus
1013 5045 1031 5071 ,
1064 5004 1323 5075 loquitur,
1360 5004 1491 5058 illud
1512 5004 1721 5059 scilicet
1744 5005 1989 5062 indicans
2015 5022 2125 5076 quo

553 5100 731 5168 majus
758 5096 911 5153 aliud
965 5113 1074 5152 non
1139 5096 1419 5155 surrexit:
1460 5112 1528 5151 ex
1572 5110 1683 5166 quo
1731 5097 1939 5150 oritura
1992 5109 2119 5154 sunt

547 5192 733 5244 decem
769 5203 1010 5255 cornua,
1044 5196 1099 5242 et
1140 5186 1446 5241 dividentur
1475 5186 1528 5240 in
1561 5185 1747 5241 decem
1788 5185 2118 5241 diademata.

548 5280 689 5336 Inter
747 5282 837 5337 illa
914 5296 1118 5338 cornua
1172 5279 1317 5335 aliud
1357 5294 1583 5349 parvum
1665 5294 1837 5334 cornu
1890 5288 2076 5350 surget
2108 5320 2121 5342 ,

549 5374 695 5444 quod
759 5382 842 5430 est
898 5389 1070 5428 cornu
1136 5370 1483 5435 Antichristi,
1540 5378 1597 5425 et
1665 5369 1964 5425 eradicabit
2021 5370 2121 5424 tria

552 5479 758 5519 cornua
810 5479 841 5519 a
904 5464 1042 5520 facie
1107 5463 1264 5534 ejus,
1325 5463 1429 5517 hoc
1489 5470 1574 5515 est
1638 5460 1745 5515 tria
1804 5476 1969 5532 regna
2029 5460 2125 5515 de-

552 5566 729 5613 struet
751 5555 971 5629 tEgypti
999 5597 1014 5622 ,
1051 5556 1233 5628 Libya:
1253 5597 1267 5625 ,
1302 5555 1596 5623 Ethiopian
1620 5595 1636 5621 ,
1681 5554 1869 5609 volens
1898 5553 2001 5609 sibi
2032 5570 2122 5607 ar-

552 5661 745 5715 rogare
813 5661 1029 5702 omnem
1121 5646 1572 5701 dominationem.
1656 5644 1791 5699 Cum
1857 5645 2121 5701 devicerit

549 5738 760 5807 reliqua
812 5754 1016 5795 cornua
1075 5749 1281 5809 septem
1310 5781 1325 5805 ,
1371 5739 1593 5808 incipiet
1650 5738 1893 5806 demum,
1943 5738 2122 5792 alieno

547 5841 601 5887 ct
640 5831 783 5887 malo
831 5831 1024 5902 spiritu
1052 5839 1291 5900 tumens,
1322 5832 1589 5887 suscitare
1619 5831 1819 5887 bellum
1858 5832 2117 5888 adversus

2232 4642 2360 4704 Υίὸς
2390 4640 2526 4694 Θεοῦ
2573 4640 2668 4694 καὶ
2699 4638 2815 4702 υίὸς
2852 4637 3160 4710 ἀνθρώπου,
3208 4640 3305 4692 ἀπ’
3346 4637 3585 4712 οὐρανῶν
3615 4631 3793 4705 κριτὴς

2228 4733 2306 4806 τῷ
2330 4733 2519 4804 κόσμῳ
2539 4732 2990 4803 παραγινόμενος.

2298 4825 2383 4879 ιϐ’.
2411 4824 2522 4879 Καὶ
2552 4822 2797 4891 ἐῷὶτουν
2820 4822 2953 4891 περὶ
2988 4818 3095 4875 τοῦ
3125 4820 3333 4888 θηρίου
3364 4819 3473 4874 τοῦ
3509 4815 3796 4886 τετάρτου.

2237 4915 2576 4971 Ἱππολύτου.
2621 4912 2821 4978 Καθὼς
2865 4912 3171 4992 φθάσαντες
3207 4910 3306 4982 τὴν
3344 4910 3613 4981 τετάρτην
3660 4906 3803 4959 εἵπου

2227 5025 2326 5081 μεν
2349 5006 2642 5078 βασιλείαν,
2671 5006 2874 5077 ταύτην
2898 5004 3073 5076 δηλῶν
3094 5005 3224 5075 παρ’
3258 5005 3325 5077 ῆν
3350 5002 3514 5074 ἑτέρα
3536 4998 3666 5068 άλλη
3696 4994 3804 5067 μεέ-

2223 5102 2333 5167 ζων
2366 5100 2460 5154 καὶ
2490 5099 2710 5169 τοιαύτη
2747 5098 2992 5169 βασιλεία
3020 5097 3112 5149 ἐπὶ
3140 5098 3238 5168 τῆς
3282 5096 3389 5165 γῆς
3442 5094 3541 5146 οὐκ
3577 5091 3802 5158 ἐγήγερ-

2220 5205 2334 5250 ται,
2370 5185 2432 5252 se
2458 5182 2527 5258 ἦς
2555 5185 2737 5257 μέλλει
2770 5184 3104 5253 ἀναφύεσθαι
3140 5184 3273 5238 δέκα
3308 5184 3532 5252 κέρατα,
3572 5175 3665 5231 καὶ
3712 5188 3801 5244 με’·

2225 5281 2541 5353 ρισθήσεται
2572 5282 2654 5342 εἰς
2677 5279 2808 5332 δέκα
2834 5278 3156 5349 διαδήματα
3191 5276 3284 5331 καὶ
3313 5278 3371 5329 ἐν
3399 5272 3576 5331 αὐτοῖς
3611 5267 3794 5337 ἕτερον

2226 5372 2418 5445 μικρὸν
2437 5371 2607 5443 κέρας
2633 5370 2985 5441 ἀναϐήσεται,
3011 5371 3149 5439 ὅπερ
3184 5368 3299 5421 ἐστὶ
3333 5365 3394 5418 τὸ
3435 5360 3519 5416 τοῦ
3558 5357 3794 5428 ἀντιχρί-

2227 5481 2371 5517 στου·
2396 5465 2492 5517 καὶ
2512 5460 2798 5531 ἐκριζώσει
2824 5461 2951 5527 τρία
2964 5461 3071 5515 τῶν
3098 5457 3402 5532 ἔμπροσθεν
3431 5449 3614 5507 αὐτοῦ·
3638 5467 3794 5501 τοπ-

2223 5556 2337 5609 έστι
2393 5557 2517 5618 τοὺς
2546 5556 2693 5624 τρεῖς
2740 5552 2978 5623 βασιλεῖς
3013 5553 3211 5613 ἀνελεῖ,
3255 5546 3546 5616 Αἰγύπτου,
3581 5539 3793 5593 Λιϐύων

2222 5664 2302 5708 τε,
2349 5646 2441 5699 καὶ
2494 5644 2785 5707 Αἰθιόπων,
2824 5642 3142 5712 βουλόμενος
3170 5636 3348 5707 ἐαυτῷ
3397 5629 3788 5704 περιποιεῖσθαι

2221 5738 2318 5809 τὴν
2366 5740 2547 5789 πᾶσαν
2601 5736 2891 5805 βασιλείανο
2943 5736 3115 5806 ὅσπερ
3158 5731 3443 5805 κρατήσας
3466 5724 3572 5779 τῶν
3593 5720 3792 5774 λοιπῶν

2224 5830 2467 5899 κεράτων
2501 5827 2658 5895 ἑπτὰ,
2688 5829 2916 5900 ἄρχεται
2948 5826 3153 5890 λοιπὸν,
3191 5823 3301 5879 ὑπὸ
3344 5819 3436 5875 τοῦ
3472 5814 3616 5887 αὐτῷ
3642 5812 3791 5869 ἀλλῦ-
