4128 6392
326 446 425 501 685

1478 444 1898 501 FRAGMENTA
1927 442 1992 496 IN
2034 442 2397 500 DANlELEM.

3459 439 3562 494 686

327 566 470 635 τρίου
524 565 616 618 καὶ
666 566 901 647 πονηροῦ
946 565 1251 636 πνεύματος
1303 566 1611 638 φυσιωθεὶς,
1661 568 1893 637 πόλεμον

2012 578 2214 620 sanctos
2237 572 2262 633 ,‘
2303 576 2358 620 et
2398 582 2586 621 omnes
2622 567 2822 636 ubique
2866 573 3248 635 persequetur,
3277 564 3465 618 volens
3496 564 3565 617 ab

329 657 556 729 ἐγείρειν
588 658 728 711 κατά
751 658 861 711 τῶν
888 660 1077 727 ἁγίων,
1113 662 1206 714 καὶ
1238 662 1442 725 πάντας
1466 662 1739 733 πανταχοῦ
1771 661 1893 715 διώ-

328 765 460 811 κειν,
495 747 816 819 βουλόμενος
853 750 957 803 ὑπὸ
989 750 1205 805 πάντων
1231 751 1547 818 δοξάζεσθαι
1596 755 1687 807 καὶ
1725 770 1894 825 προσ-

325 839 601 895 κυνεῖσθαι
629 840 706 905 ὡς
730 840 881 905 Θεός.
1308 878 1311 883 ‹

389 925 493 995 κβε
523 932 669 998 Ἕως
694 930 894 1005 ἦλθεν.
926 932 1258 989 Ἱππολύτου.
1318 937 1760 1008 Παραγινομένου
1788 935 1896 989 λοι-

322 1024 418 1076 πον
442 1025 551 1077 ἀπὸ
578 1026 804 1096 ούρανοῦ
825 1028 1031 1099 Κριτοῦ-
1046 1028 1153 1083 τῶν
1182 1028 1381 1099 κριτῶν
1404 1029 1497 1083 καὶ
1519 1028 1610 1083 τοῦ
1624 1027 1894 1091 Βασιλέως

322 1115 426 1168 τῶν
466 1114 747 1186 βασιλέων,
782 1115 841 1179 ὃς
869 1119 1194 1191 μεταστήσει
1216 1119 1395 1171 πᾶσαν
1419 1118 1517 1188 τὴν
1543 1116 1636 1170 τοῦ
1659 1118 1896 1170 ἀντικει-

328 1206 491 1276 μένου
545 1208 720 1281 ἀρχὴν
764 1210 860 1263 καὶ
890 1210 1140 1281 δύναμιν,
1178 1210 1272 1263 καὶ
1316 1206 1644 1278 καταφλέξει
1687 1208 1896 1271 πάντας

218 1292 221 1295 ’
327 1300 527 1370 αἰωνίῳ
560 1301 691 1371 πυρὶ
718 1299 977 1365 κολάζων·
1003 1304 1117 1364 τοῖς
1147 1301 1204 1354 δὲ
1234 1299 1438 1363 δούλοις
1466 1299 1628 1353 αὐτοῦ
1657 1300 1750 1353 καὶ
1784 1303 1895 1363 τοῖς

327 1393 631 1463 προφήταις
659 1392 753 1447 καὶ
787 1393 1056 1465 μάρτυροι
1090 1394 1185 1447 καὶ
1226 1394 1359 1446 πᾶσι
1383 1395 1495 1456 τοῖς
1548 1391 1896 1463 φοϐουμένοκ

233 1484 247 1509 ¹
324 1484 485 1537 αὐτὸν
515 1482 675 1536 δώσει
709 1484 770 1537 τὸ
810 1481 1023 1538 αἰώνιον
1057 1484 1345 1553 βασίλειον.
1377 1516 1447 1525 -
1478 1483 1734 1537 Τουτέστι
1776 1484 1899 1536 ἀτε-

325 1570 582 1641 λεύτητον
611 1571 789 1638 ἕξουσι
817 1572 926 1626 τῶν
958 1573 1178 1642 ἀγαθῶν
1197 1574 1296 1644 τὴν
1323 1573 1675 1627 ἀπύλαυσιν.”

392 1669 495 1715 κε’.
527 1663 673 1730 Ἕως
695 1664 924 1733 καιροῦ,
946 1665 1044 1720 καὶ
1068 1664 1308 1734 καιρῶν,
1333 1665 1435 1718 καὶ
1460 1663 1647 1734 ἣμισυ
1671 1662 1896 1731 καιροῦ.

336 1753 674 1809 Ἱππολύτου.
707 1757 883 1827 Ὅπερ
913 1758 1165 1829 σημαίνει
1184 1757 1309 1829 τρία
1339 1757 1435 1828 ἐτη
1460 1758 1556 1810 καὶ
1579 1757 1770 1828 ἥμισυ.

966 1935 1123 1992 ΚΕΦ.
1161 1936 1238 1991 Θ’.

392 2034 505 2083 κα’.
539 2028 790 2084 Καὶὶδοὺ
809 2028 961 2098 ἀνὴρ
992 2028 1322 2098 Γαϐριὴλ...
1348 2031 1690 2100 πετόμενος.
1716 2032 1899 2085 Ἱππο-

323 2115 510 2174 λύτου.
549 2120 712 2191 Ὁρᾷς
739 2119 903 2185 πῶς-ὀ
937 2123 1216 2193 προφήτης
1254 2124 1352 2194 τὴν
1382 2122 1616 2194 ὀξύτητα
1649 2124 1757 2176 τῶν
1806 2126 1904 2193 ἀγ-

323 2212 503 2279 γέλων
530 2212 760 2283 πετεινῷ
810 2217 1073 2285 πτερωτῷ
1125 2218 1301 2286 ὁμοιοῖ
1330 2216 1417 2270 διὰ
1463 2215 1526 2270 τὸ
1569 2217 1765 2285 κουφὺν
1810 2220 1904 2271 καὶ

324 2303 586 2375 ἐλαφρὸν,
613 2304 770 2358 ἅτινα
800 2305 1089 2377 πνεύματα
1115 2309 1391 2380 πετόμενα
1414 2308 1627 2379 ταχέως
1661 2308 1797 2381 πρὸς
1834 2311 1903 2365 τά

327 2397 659 2470 κελευόμενα
686 2398 1035 2453 ὑπακούουσι.
1493 2385 1510 2404 ’

997 2494 1152 2547 ΚΕΦ.
1190 2496 1245 2547 l’.

398 2582 593 2648 ς¹.Καὶ
611 2584 646 2650 ή
661 2583 829 2655 φωνὴ
848 2583 966 2639 τῶν
982 2588 1198 2655 λόγων.
1224 2586 1556 2640 Ἱππολύτου.
1572 2588 1780 2652 Πάντες
1798 2589 1907 2660 γάρ

329 2675 580 2746 σήμερον
605 2677 656 2729 οἱ
697 2678 777 2741 εἰς
820 2677 982 2731 αὐτὸν
1013 2677 1355 2741 πιστεύοντες
1386 2678 1455 2731 τὰ
1481 2678 1638 2747 λόγια
1669 2679 1906 2751 Χριστοῦ

328 2765 702 2837 φθεγγόμεθα,
727 2768 802 2831 ὡς
823 2767 911 2822 διὰ
939 2767 1200 2839 στόματος
1224 2768 1387 2824 αὐτοῦ
1408 2769 1693 2834 λαλοῦντες
1722 2771 1792 2825 τὰ
1815 2771 1907 2822 ὑπ’

330 2856 502 2911 αὐτοῦ
524 2859 989 2929 προστεταγμένα.

399 2944 473 3010 ζ’.
505 2946 617 3001 Καὶ
658 2946 792 3001 ἴδον
838 2947 968 3018 ἐγώ.
1027 2949 1362 3003 Ἱππολύτου.
1397 2951 1523 3016 Τοῖς
1572 2951 1683 3024 γὰρ
1732 2952 1908 3021 ἁγίοις

333 3030 695 3100 φοϐουμένοις
723 3033 906 3098 αὐτὸν,
941 3037 1124 3100 αὐτοῖς
1168 3036 1348 3107 μόνοις
1390 3040 1583 3093 ἑαυτὸν
1627 3038 1907 3094 ἀποκαλύ-

330 3135 434 3175 πε
444 3138 483 3174 ι·
507 3123 555 3175 εί
581 3122 690 3196 γάρ
709 3141 793 3188 τις
820 3124 1078 3182 δοκεῖκαὶ
1098 3130 1155 3181 ὲν
1193 3128 1488 3201 Ἐκκλησία
1506 3129 1600 3184 νῦν
1628 3131 1908 3186 πολιτεύε-

332 3209 485 3276 σθαι,
515 3210 676 3279 φόϐον
697 3212 754 3266 δὲ
775 3212 908 3267 Θεοῦ
937 3215 1010 3287 μὴ
1056 3215 1188 3283 ἕξει,
1233 3216 1382 3272 οὐδὲν
1415 3218 1603 3273 τοῦτον
1649 3220 1832 3293 ὠφελῇ
1873 3224 1907 3294 ἡ

332 3302 476 3375 πρὸς
509 3303 635 3366 τοὺς
670 3303 860 3372 άγίους
893 3304 1126 3370 σύνοδος.
1640 3348 1648 3354 ~

387 3394 501 3464 κβ’.
541 3392 955 3460 Ἠκούσθησαν
982 3399 1037 3450 οἱ
1060 3398 1229 3466 ,λόγοι
1253 3413 1389 3452 σου.
1411 3397 1741 3453 Ἱππολύτου.
1770 3390 1910 3472 Ὅρα

1992 657 2249 712 omnibus
2285 658 2572 727 gloriﬁcari
2612 668 2665 711 et
2691 658 2912 738 adorari
2943 656 3083 711 velut
3115 655 3279 711 Deus.

2066 939 2129 993 ν.
2160 940 2250 994 22.
2280 971 2349 979 -
2380 939 2549 995 Donec
2604 942 2742 995 venit
2775 937 3040 1011 Antiquus
3087 942 3311 994 dierum.
3363 938 3568 1008 Hippo-

1994 1031 2108 1103 lyti.
2151 1030 2304 1086 Venit
2337 1033 2551 1086 tandem
2581 1047 2612 1087 e
2650 1034 2789 1088 casio
2837 1031 3010 1087 Judex
3048 1030 3326 1110 judicum,
3365 1038 3420 1085 et
3450 1029 3564 1084 Rex

1995 1137 2204 1189 regum,
2251 1121 2344 1192 qui
2390 1122 2632 1177 destruet
2671 1138 2890 1178 omnem
2940 1122 3151 1176 Inimici
3191 1121 3479 1190 imperium
3515 1130 3569 1173 et

1994 1220 2337 1281 potestatem,
2372 1220 2422 1265 et
2459 1212 2743 1267 comburet
2791 1217 2982 1267 orlines
3029 1220 3234 1266 aeterno
3283 1211 3406 1282 igne
3462 1226 3568 1280 pu-

1997 1302 2188 1368 niens;
2222 1304 2392 1358 servis
2425 1300 2605 1357 autem
2627 1304 2767 1372 ejus,
2802 1314 2856 1358 et
2884 1303 3185 1373 prophetis,
3228 1312 3283 1357 et
3316 1303 3571 1375 martyri-

2004 1392 2128 1456 bus,
2157 1402 2211 1446 et
2231 1393 2487 1448 omnibus
2519 1394 2834 1450 timentibus
2865 1411 2989 1450 eum
3015 1395 3167 1450 dabit
3194 1406 3456 1450 atternum
3484 1411 3570 1449 re-

2007 1499 2209 1554 gnum;
2262 1484 2364 1538 hoc
2397 1494 2481 1538 est
2522 1493 2783 1540 aeternam
2824 1485 3102 1541 habebunt
3137 1486 3406 1541 bonorum
3442 1503 3569 1558 pos-

2000 1577 2320 1632 sessionem.
2429 1604 2443 1617 ς

2073 1665 2139 1722 ν.
2177 1667 2270 1721 25.
2317 1675 2390 1706 --'
2425 1665 2597 1736 Usque
2614 1666 2695 1720 ad
2726 1676 2925 1735 tempus
2961 1675 3277 1736 ettempora
3321 1680 3371 1722 et
3408 1669 3571 1722 dimi-

2001 1760 2148 1813 dium
2173 1764 2436 1829 temporis.
2469 1744 2761 1829 Hippolyti.
2802 1758 2960 1826 Quod
3020 1760 3291 1831 signiﬁcat
3335 1770 3444 1817 tres
3475 1777 3573 1815 an-

2004 1866 2108 1906 nos
2134 1867 2260 1910 cum
2286 1852 2571 1907 dimidio.‘

2014 1952 2023 1963 ν
2351 1982 2356 1987 .
2649 1939 2919 1998 merx.
3320 2005 3329 2013 δ
3564 2013 3570 2018 1

2074 2032 2140 2087 γ.
2174 2032 2265 2086 21.
2300 2061 2370 2072 —-
2399 2029 2534 2086 Ecce
2559 2032 2641 2085 vir
2688 2029 2968 2085 Gabriel...
3016 2029 3120 2086 cito
3176 2032 3433 2093 volans...
3465 2041 3572 2089 etc.

2006 2122 2296 2194 Hippolyti.
2348 2120 2510 2179 Vides
2560 2121 2843 2192 quomodo
2901 2123 3164 2193 propheta
3229 2125 3573 2181 velocitatem

2004 2215 2319 2285 angelorum
2358 2213 2446 2268 avi
2491 2214 2797 2284 pennigeraa
2818 2215 3105 2281 assimilat,
3138 2225 3357 2286 propter
3388 2218 3576 2272 levita-

2008 2316 2113 2361 tem
2133 2316 2188 2362 et
2208 2305 2572 2375 rapiditatem,
2600 2320 2731 2362 cum
2760 2306 2963 2377 quibus
2988 2306 3041 2360 hi
3077 2309 3302 2377 spiritus
3327 2308 3577 2365 celeriter

2001 2398 2172 2468 jussis
2207 2397 2487 2451 obediunt.

2660 2486 2812 2544 CAP.
2853 2487 2923 2543 X.

2076 2576 2141 2631 ν.
2194 2578 2246 2635 6.
2285 2577 2351 2633 Et
2382 2595 2483 2634 vox
2519 2595 2839 2634 sermonum.
2875 2578 3172 2652 Hippolyti.
3203 2582 3406 2638 Omnes
3431 2584 3578 2638 enim

2010 2666 2171 2722 hodie
2207 2668 2302 2738 qui
2352 2670 2408 2723 in
2446 2684 2571 2723 eum
2612 2667 2917 2736 credimus,
2951 2670 3170 2725 oracula
3206 2670 3411 2725 Christi
3440 2686 3581 2740 pras-

2007 2758 2276 2826 dicamus,
2304 2761 2462 2830 quasi
2485 2776 2581 2832 per
2604 2776 2668 2817 os
2695 2760 2816 2831 ejus
2842 2762 3126 2831 loquentes
3145 2763 3265 2832 ejus
3286 2772 3576 2834 praecepta.

2080 2932 2144 2990 ν.
2210 2934 2257 2989 7.
2314 2963 2385 2975 ——-
2436 2933 2557 2990 Vidi
2613 2946 2791 2990 autem
2838 2952 2951 3007 ego.
3008 2933 3300 3010 Hippolyti.
3364 2940 3582 2997 Sanctis

2008 3027 2153 3081 enim
2176 3026 2492 3097 timentibus
2519 3043 2642 3082 eum
2672 3027 2803 3082 solis
2823 3042 2942 3084 sese
2967 3030 3199 3097 revelat;
3232 3047 3357 3086 nam
3384 3033 3429 3087 si
3455 3034 3583 3104 quis

2010 3118 2225 3174 videtur
2246 3126 2300 3173 et
2320 3119 2375 3173 in
2396 3117 2639 3173 Ecclesia
2658 3117 2769 3189 jam
2781 3119 2983 3185 vivere,
3004 3121 3254 3176 timorem
3277 3131 3457 3178 autem
3486 3124 3580 3181 Dei

2012 3224 2124 3264 non
2173 3209 2355 3276 habet,
2404 3209 2542 3264 nihil
2599 3209 2650 3264 ei
2706 3210 2925 3280 expedit
2961 3220 3275 3268 sanctorum
3321 3215 3581 3272 societas.

2084 3385 2150 3440 ν.
2209 3387 2297 3442 12.
2327 3417 2399 3427 --
2427 3386 2702 3444 Exaudita
2751 3401 2876 3445 sunt
2920 3395 3075 3446 verba
3126 3402 3237 3448 tua.
3286 3392 3584 3468 Hippolyti.

332 3483 504 3537 πόσον
535 3482 710 3553 ισχύει
731 3483 985 3538 εὐλάϐεια
1024 3485 1214 3561 ἀνδρὸς
1245 3487 1474 3553 δικαίου,
1525 3488 1612 3542 ἴνα
1642 3488 1710 3542 τά
1745 3489 1912 3560 μήπω

2014 3476 2151 3534 Vide
2169 3489 2433 3550 quantum
2465 3490 2641 3551 potest
2667 3483 2843 3538 oratio
2869 3483 2969 3539 viri
3004 3486 3160 3555 justi,
3198 3495 3259 3541 ut
3284 3503 3406 3558 quat
3448 3506 3589 3545 non~

256 3568 266 3591 ‘
333 3573 600 3642 μέλλοντα
646 3573 1011 3644 φανεροῦσθαι
1052 3576 1114 3629 ἐν
1159 3576 1367 3648 κόσμῳ,
1419 3576 1592 3647 τούτῳ
1659 3577 1804 3648 μόνῳ
1837 3577 1912 3643 ὡς

2015 3570 2143 3625 dum
2181 3570 2581 3628 manifestanda
2614 3582 2746 3629 sunt
2782 3574 2838 3628 in
2892 3575 3134 3640 mundo,
3173 3575 3302 3632 huic
3355 3576 3457 3633 soli
3525 3591 3588 3634 ut

332 3663 474 3735 ἀξίῳ
504 3662 975 3734 ἀποκαλυφθῆναι.

2021 3671 2216 3719 sancto
2248 3665 2579 3721 revelantur.
3302 3676 3306 3681 '

407 3760 501 3822 ιγ’.
527 3754 637 3809 Καὶ
692 3755 821 3810 ἰδοὺ
844 3757 1104 3826 Μιχαήλ.
1137 3757 1471 3814 Ἱππολύτου.
1494 3761 1561 3814 Τί
1593 3761 1651 3815 δέ
1684 3763 1912 3817 ὲστιΜι-

2087 3753 2154 3810 γ.
2192 3757 2279 3817 15.
2312 3787 2384 3798 -
2410 3754 2480 3810 Et
2525 3773 2639 3812 ecce
2682 3755 2929 3813 Michael.
2982 3756 3275 3832 Hippolyti.
3326 3761 3462 3829 Quis
3507 3773 3592 3818 est

329 3845 504 3917 χαὴλ,
525 3846 689 3918 ἀλλ’ἢ
718 3851 767 3902 ὁ.
782 3850 1012 3918 ἄγγελος
1048 3853 1078 3904 ὁ
1096 3851 1174 3923 τῷ
1200 3851 1314 3923 λαῷ
1345 3853 1810 3925 παραδεδομένος;
1839 3853 1912 3919 ὡς

2016 3846 2247 3903 Michael
2273 3890 2289 3915 ,
2340 3850 2449 3906 nisi
2479 3850 2704 3922 angelus
2747 3850 2948 3919 populo
2981 3851 3141 3908 datus
3179 3863 3238 3907 ut
3269 3855 3493 3909 custos?
3519 3853 3593 3910 Ut

327 3938 488 4008 λέγει
525 3940 605 4011 τῷ
638 3942 896 3995 Μωῡσεῖ·
930 3944 1004 3997 Οὐ
1044 3944 1119 4016 μὴ
1150 3945 1400 4015 πορευθῶ
1434 3948 1553 4016 μεθ’
1583 3948 1737 4019 ὑμῶν
1768 3950 1827 4002 ὲν
1849 3950 1912 4021 τῇ

2017 3939 2156 3995 dixit
2181 3939 2373 4010 (Deus)
2405 3940 2577 4010 Moysi
2609 3958 2622 3993 :
2657 3937 2776 3996 Non
2800 3940 3073 3996 ambulavi
3109 3943 3252 3997 inter
3280 3958 3379 3998 vos
3398 3944 3454 3998 in
3477 3945 3590 4008 via,

328 4033 466 4104 ὁδῷ,
499 4032 589 4087 διά
630 4034 694 4087 τὸ
746 4035 837 4089 τὸν
873 4035 1000 4091 λαὸν
1047 4038 1517 4112 σκληροτράχηλον
1550 4039 1709 4096 εἶναι·
1742 4042 1858 4097 ἀλλ’
1890 4046 1920 4099 ὁ

330 4124 571 4196 ἄγγελός
601 4142 705 4196 μου
730 4126 1056 4198 πορεύσεται
1083 4130 1200 4200 μεθ’
1224 4130 1397 4201 ὑμῶν.
1634 4176 1657 4193 ,

416 4217 775 4289 tq'JEtpdson
802 4220 874 4275 τὰ
898 4221 1070 4287 ἐντός
1102 4240 1242 4291 μου.
1275 4223 1609 4290 Ἱππολύτου.
1640 4226 1787 4280 Ἔδει
1809 4226 1918 4300 γάρ

335 4313 436 4366 ἐπὶ
461 4314 529 4383 τῇ
560 4311 833 4384 παρουσίᾳ
875 4311 968 4364 τοῦ
1004 4311 1208 4383 Κυρίου
1238 4313 1307 4367 τὰ
1329 4315 1442 4369 ἄνω
1467 4315 1619 4369 κάτω
1651 4316 1915 4385 γίνεσθαν

336 4404 431 4458 ἵνα
468 4402 564 4458 καὶ
591 4403 662 4457 τά
693 4402 844 4457 κάτω
872 4404 954 4466 είς
974 4404 1042 4458 τὰ
1080 4405 1192 4459 ἄνω
1223 4405 1395 4459 ἐλθεῖν
1433 4407 1656 4478 δυνηθῇ.
1690 4437 1763 4447 -—
1786 4408 1922 4479 Χρό-

335 4508 459 4554 νου,
491 4491 647 4562 φησὶ,
675 4490 864 4562 δέομαι
885 4493 963 4556 εἰς
987 4492 1050 4546 τὸ
1078 4493 1361 4549 ἀναλαϐεῖν
1381 4495 1638 4567 ἐμαυτὸν,
1658 4498 1754 4552 καὶ
1771 4498 1924 4570 δυνη-

339 4585 507 4655 θῆναι
538 4586 770 4658 ἀρκέσαι
812 4600 874 4638 τε
900 4585 1037 4659 πρὸς
1067 4589 1195 4652 τοὺς
1232 4588 1442 4659 λόγους,
1490 4590 1585 4644 καὶ
1616 4590 1918 4664 ἀποκρίνα-

341 4677 472 4731 σθαι
521 4679 660 4748 πρὸς
700 4675 772 4730 τά
800 4676 1087 4749 λεγόμενα.
1108 4711 1178 4721 —-
1223 4678 1362 4735 Ἀλλ’
1407 4684 1467 4736 ὲν
1494 4681 1725 4749 τούτοις,
1758 4686 1916 4756 φησὶ,

339 4767 441 4833 ὢν,
478 4768 607 4840 παρ’
640 4768 860 4833 ἐλπίδας
887 4770 1259 4842 ὲρρωννύμηνο
1284 4775 1313 4827 ὁ
1341 4772 1415 4845 μὴ
1452 4773 1565 4846 γὰρ
1602 4775 1786 4844 ὀφθεὶς
1811 4777 1920 4848 ἥπ-

338 4875 486 4914 τετο·
518 4860 716 4916 αὐτίκα
754 4860 814 4915 δὲ
863 4861 1008 4932 μάλα
1040 4864 1074 4933 ἠ
1126 4863 1225 4933 μὲν
1260 4864 1512 4920 ἀσθένεια
1559 4867 1919 4938 ἀπηλαύνετα

339 4952 425 5013 είς
470 4950 527 5004 δὲ
575 4952 676 5021 τὴν
716 4951 989 5024 προτέραν
1023 4952 1366 5025 καθιστάμην
1410 4956 1581 5028 ἰσχύν.
1609 4990 1678 4999 -
1731 4959 1922 5013 Ὁπότε

341 5039 455 5113 γὰρ
488 5040 730 5113 παρέλθῃ
761 5043 912 5095 πᾶσα
942 5042 1091 5113 ὴτοῦ
1122 5041 1238 5113 βίου
1267 5043 1424 5114 ἡμῶν
1459 5046 1611 5117 ἰσχὺς
1648 5048 1743 5101 καὶ
1768 5048 1918 5115 δόξα,

341 5131 467 5184 τότε
494 5131 879 5203 δυναμούμεθα
906 5131 1011 5185 ὑπὸ
1035 5131 1129 5185 τοῦ
1155 5132 1392 5205 Χριστοῦ
1426 5136 1707 5207 ὀρέγοντος
1740 5142 1919 5211 χεῖρα,

343 5223 442 5275 καί⁸
467 5223 772 5293 ἐγείροντος
805 5225 870 5277 ὲκ
898 5224 1107 5297 νεκρῶν
1137 5225 1366 5290 ζῶντας,
1396 5229 1491 5281 καὶ
1520 5228 1597 5292 ὡς
1645 5229 1754 5283 ἀπὸ
1793 5229 1919 5300 ᾅδου

343 5313 427 5377 εἰς
456 5314 750 5368 ἀνάστασιν
774 5313 938 5384 ζωῆς.

423 5413 511 5477 ιη’.
560 5407 673 5461 Καὶ
699 5404 993 5475 ὲνίσθχυσέ
1026 5423 1122 5474 με.
1178 5407 1520 5464 Ἱππολύτου.
1577 5409 1769 5462 Ὁπότε
1808 5409 1919 5482 γὰρ

345 5496 630 5559 ιύελπίδας
664 5498 916 5567 ἐποίησεν
943 5499 1090 5568 ἡμᾶς
1113 5500 1143 5551 ὁ
1174 5500 1345 5567 Λόγος
1372 5500 1508 5570 πρὸς
1536 5500 1606 5554 τὰ
1639 5500 1919 5571 μέλλοντα,

346 5588 585 5653 εὐκόλως
617 5590 712 5644 καὶ
737 5590 839 5658 τῆς
864 5587 1053 5643 τούτου
1074 5589 1256 5659 φωνῆς
1279 5591 1498 5645 ἀκούειν
1517 5591 1812 5664 δυνάμεθα.

349 5771 603 5826 πολύτου.
662 5772 778 5840 Ἀφ’
810 5768 879 5843 ἦς
908 5772 1017 5843 γὰρ
1045 5773 1261 5843 ἡμέρας
1293 5772 1501 5838 ἔδωκας
1530 5774 1591 5828 τὸ
1633 5774 1921 5845 πρόσωπόν

266 5862 272 5869 ’
352 5876 447 5915 σου
469 5864 782 5937 κακωθῆναι
816 5864 1054 5921 ἐναντίον
1083 5865 1286 5935 Κυρίου
1314 5866 1408 5920 τοῦ
1441 5866 1576 5921 Θεοῦ
1615 5885 1730 5935 σου,
1758 5866 1918 5951 ηκούς

2016 4029 2147 4097 quia
2176 4029 2414 4098 populus
2444 4028 2533 4083 hic
2559 4029 2697 4087 dura
2716 4028 2928 4084 cervice
2944 4038 3048 4096 est,
3070 4031 3167 4086 sed
3180 4031 3405 4103 angelus
3432 4048 3590 4090 meus

1951 4149 1957 4156 -
2016 4118 2316 4175 ambulabit
2342 4119 2482 4173 inter
2509 4134 2628 4175 vos.

2092 4207 2157 4263 ν.
2197 4211 2284 4265 16.
2317 4238 2391 4251 --
2428 4208 2718 4266 Dissolutae
2742 4221 2864 4265 sunt
2896 4228 3171 4283 compages
3204 4229 3352 4269 mea.
3382 4211 3591 4285 Hippo-

2017 4299 2140 4372 lyti.
2172 4297 2402 4371 Oportet
2451 4301 2687 4357 adventu
2734 4301 2950 4358 Domini
3014 4319 3137 4374 quas
3182 4318 3402 4360 sursum
3459 4316 3593 4363 sunt

2016 4392 2275 4448 deorsum
2303 4394 2443 4459 ﬁeri,
2468 4402 2528 4448 ut
2558 4408 2680 4463 quae
2698 4394 2956 4450 deorsum
2990 4410 3211 4451 sursum
3241 4397 3320 4452 ire
3358 4399 3587 4467 possint.

2018 4512 2092 4525 —
2132 4482 2422 4555 Tempore,
2482 4484 2698 4556 inquit,
2726 4485 2862 4540 mihi
2910 4501 3049 4557 opus
3090 4496 3196 4554 est,
3240 4497 3301 4543 ut
3339 4489 3593 4560 colligam

2022 4574 2311 4645 meipsum,
2328 4576 2644 4662 passimque
2656 4576 2927 4633 sustinere
2955 4593 3260 4646 sermones,
3289 4589 3346 4637 et
3362 4596 3591 4654 respono

2022 4667 2150 4722 dere
2173 4667 2259 4724 his
2281 4683 2404 4737 qua:
2433 4668 2581 4724 dicta
2614 4678 2762 4725 sunt.
2781 4670 2976 4726 ~—Sed
3008 4671 3065 4725 in
3095 4671 3214 4737 his,
3244 4673 3442 4743 inquit,
3466 4691 3593 4731 cum

2021 4774 2225 4826 essem,
2243 4768 2438 4829 praeter
2459 4775 2612 4832 spem
2632 4762 2922 4818 roboratus
2937 4778 3058 4817 sum
3094 4781 3109 4818 :
3135 4763 3427 4821 invisibilis
3444 4767 3594 4822 enim

2022 4852 2210 4924 (Deus)
2233 4867 2320 4908 me
2362 4853 2641 4924 tangebat,
2695 4864 2751 4910 et
2800 4856 3052 4925 protinus
3094 4857 3313 4928 quidem
3342 4858 3596 4913 debilitas

2021 4960 2143 5000 mea
2195 4945 2378 5001 ablata
2423 4954 2538 5013 est,
2584 4956 2639 5002 et
2677 4947 2733 5002 in
2774 4948 2959 5017 priore
2992 4948 3279 5004 restitutus
3315 4965 3437 5004 sum
3500 4965 3593 5004 ro-

2023 5027 2177 5092 bore.
2209 5036 2437 5104 Quoties
2467 5038 2611 5092 enim
2646 5039 2864 5095 transiit
2890 5054 3053 5094 omne
3091 5041 3218 5095 vitae
3257 5048 3457 5095 nostra:
3496 5055 3592 5095 ro—

2021 5130 2148 5196 bur,
2197 5137 2329 5186 tunc
2371 5137 2616 5200 potentes
2670 5138 2863 5187 sumus
2894 5144 2992 5199 per
3035 5128 3313 5185 Christum
3364 5144 3591 5183 manum

2023 5222 2354 5285 tendentem,
2398 5231 2454 5276 et
2485 5221 2830 5291 evigilantem
2872 5236 2939 5276 ex
2970 5222 3206 5276 mortuis
3241 5221 3503 5287 viventes,
3537 5231 3595 5276 et

2023 5311 2183 5383 quasi
2209 5312 2279 5367 ab
2307 5311 2498 5381 inferis
2528 5312 2582 5365 in
2610 5311 3061 5369 resurrectionem
3091 5309 3234 5363 vitae.

2096 5403 2163 5459 V.
2192 5405 2280 5459 18.
2316 5404 2385 5458 Et
2406 5405 2724 5473 confortavit
2755 5420 2854 5469 me.
2879 5401 3169 5473 Hippolyti.
3198 5400 3423 5466 Quoties
3444 5402 3593 5461 enim

2026 5512 2122 5567 spe
2156 5512 2261 5553 nos
2299 5497 2543 5568 implevit
2571 5496 2810 5551 Verbum
2842 5507 2941 5563 pro
2984 5493 3148 5552 rebus
3170 5491 3408 5567 ,l'uturis,
3434 5491 3595 5562 [soils

1941 5619 1957 5674 νγ
1980 5654 2001 5671 1,
2026 5604 2213 5645 vocem
2240 5589 2360 5658 ejus
2384 5587 2694 5645 auscultare
2715 5598 3026 5656 possumus.

412 5678 482 5737 κ’.
515 5679 630 5734 Τοῦ
662 5678 999 5749 πολεμῆσαι
1016 5679 1166 5750 μετὰ
1187 5681 1478 5749 ἄρχοντος
1496 5681 1764 5751 Περσῶν.
1809 5682 1914 5737 Ἱπη

2082 5679 2148 5735 ν.
2185 5680 2275 5735 20.
2303 5709 2374 5721 -—-
2405 5679 2466 5734 Ut
2494 5679 2711 5748 prazlz’er
2758 5678 3032 5729 adversum
3067 5678 3356 5749 principem
3396 5679 3597 5734 Persa-

2016 5790 2151 5827 rum.
2187 5769 2481 5842 Hippolyti.
2517 5769 2598 5823 Ex
2631 5769 2722 5825 illa
2769 5768 2857 5826 die
2900 5784 3006 5839 qua
3041 5768 3347 5824 'humiliasti
3385 5772 3598 5824 vultum

2020 5874 2170 5920 tuum
2202 5879 2232 5918 a
2264 5860 2401 5919 facie
2436 5859 2656 5915 Domini
2691 5862 2787 5918 Dei
2816 5861 2931 5928 tui,
2961 5860 3141 5917 audita
3169 5868 3253 5915 est
3282 5871 3455 5916 oratio
3485 5874 3591 5915 tua.
