4128 6380
470 425 579 481 68ῗ
1354 428 1414 483 S.
1454 425 1815 483 lllPPOLYTl
1853 423 2002 480 OPP.
2045 421 2225 476 PARS
2258 423 2296 478 l.
2329 455 2399 466 -ο
2431 425 2847 483 EXEGRTICA.

472 559 528 604 et
556 550 752 606 missus
788 570 908 608 sum
952 568 1053 623 ego
1100 553 1397 620 ut‘pm’lier
1440 557 1716 604 adversum
1745 552 2035 619 'principem

2144 544 2242 618 σθη
2265 548 2298 616 ἡ
2340 547 2522 617 δέησίς
2544 566 2658 613 σου,
2690 551 2784 604 καί
2810 551 3122 623 ἀπεστάλην
3156 550 3269 622 ἐγὼ
3298 551 3392 608 τοῦ
3423 553 3731 626 πολεμῆσαι

474 643 799 709 Persarum;
824 643 1091 713 quoddam
1137 642 1280 694 enim
1322 640 1607 694 consilium
1652 638 1828 693 fuerat
1859 654 1927 692 ne
1958 630 2035 684 di-

2146 637 2285 708 μετά
2319 639 2578 711 ἄρχοντος
2622 634 2868 713 Περσῶν·
2914 642 3075 714 βουλὴ
3113 643 3221 716 γάρ
3270 662 3352 710 τις
3391 644 3611 713 ἐγένετο
3657 646 3731 716 μὴ

474 734 787 788 mitteretur
815 732 1046 802 populus
1078 747 1090 781 :
1127 737 1185 783 ut
1208 745 1335 800 ergo
1360 730 1520 783 citius
1541 728 1695 782 ﬁeret
1717 728 1903 797 petitio
1929 742 2042 793 tua,

473 825 650 879 restiti
677 841 775 895 ego
801 825 1059 878 adversus
1087 823 1256 875 illum.

1093 910 1249 966 CAP.
1290 909 1407 965 XII.

531 1005 598 1060 γ.
626 1007 678 1061 1.
711 1036 783 1047 -
813 1006 882 1059 Et
906 1005 1070 1060 veniet
1102 1014 1302 1074 tempus
1342 1005 1497 1076 quale
1529 1022 1631 1060 non
1670 1008 1770 1077 fuit
1800 1007 1877 1077 (in
1906 1016 2038 1065 text.

461 1102 668 1166 Graia,
709 1110 911 1169 tempus
956 1099 1303 1170 a/ﬂictionis).
1342 1098 1498 1155 Tunc
1537 1102 1641 1156 erit
1662 1101 1881 1156 alllictio
1922 1116 2041 1154 ma-

462 1209 589 1264 gna,
643 1192 822 1262 qualis
863 1206 973 1247 non
1018 1189 1122 1247 fuit
1163 1192 1290 1247 talis
1331 1207 1363 1246 a
1409 1193 1796 1248 constitutione
1830 1193 2038 1256 mundi,

454 1288 583 1343 aliis
633 1288 741 1343 alio
774 1304 870 1356 per
917 1296 1169 1344 cunctam
1214 1285 1487 1340 civitatem
1526 1292 1581 1339 et
1625 1284 1933 1354 regionem,
1972 1285 2040 1339 ad

461 1378 764 1446 perdendos
808 1358 994 1434 fideles
1034 1377 1288 1444 emissis;
1337 1385 1394 1431 et
1429 1374 1632 1430 sanctis
1664 1391 1732 1429 ex
1760 1374 2041 1430 occidente

461 1470 515 1523 in
567 1470 832 1526 orientem
880 1470 1333 1535 transeuntibus;
1386 1467 1757 1522 habitantibus
1800 1481 1932 1521 vero
1984 1467 2038 1521 in

461 1562 668 1619 oriente
708 1562 1223 1632 transmigrantibus
1273 1562 1328 1615 in
1352 1561 1667 1627 meridiem;
1700 1561 1823 1618 aliis
1856 1571 2039 1618 autem

461 1656 517 1709 in
552 1654 828 1710 montibus
866 1663 921 1709 et
954 1653 1228 1724 Speluncis
1262 1652 1638 1719 latitantibus;
1682 1655 1885 1724 ubique
1917 1654 2040 1709 illos

460 1746 867 1803 abominatioue
893 1752 1280 1816 persequente;
1305 1760 1401 1814 per
1413 1746 1610 1810 maria,
1632 1761 1730 1817 per
1748 1756 1920 1801 terras
1946 1761 2042 1802 eos

460 1852 558 1906 per
610 1836 827 1891 decreta
876 1835 1115 1890 crudelia
1149 1834 1514 1899 interimente,
1552 1844 1608 1891 et
1637 1836 1954 1892 omnimodo
1971 1852 2039 1893 ex

460 1929 567 1983 hoc
590 1926 796 1982 mundo
827 1941 922 1982 eos
948 1934 1378 1998 conquassante;
1411 1943 1519 1983 non
1553 1928 1858 1985 valentibus
1902 1926 2042 2000 ipsis

460 2019 678 2089 propria
739 2018 992 2086 vendere,
1035 2034 1213 2088 neque
1267 2034 1448 2075 emere
1485 2024 1630 2091 apud
1669 2022 1897 2089 alienos,
1930 2023 2036 2078 nisi

459 2113 819 2181 quis‘nomcn
855 2113 1041 2168 bestia:
1062 2113 1259 2170 habeat
1282 2124 1336 2169 et
1364 2116 1732 2183 circumferat,
1758 2115 1845 2170 vel
1875 2116 2039 2186 hujus

459 2202 674 2271 signum
702 2200 757 2256 in
791 2200 967 2258 fronte
1009 2213 1189 2275 gerat;
1237 2219 1427 2262 omnes
1459 2206 1604 2261 enim
1642 2217 1772 2261 tunc
1797 2222 1863 2262 ex
1888 2208 2039 2261 omni

467 2294 590 2349 loco
623 2294 1104 2364 propulsahuntur,
1140 2305 1284 2353 etex
1334 2299 1622 2369 penatibus
1677 2299 2037 2364 abducentur,

455 2385 591 2439 etin
621 2385 932 2441 carceribus
957 2387 1259 2453 trahentur,
1283 2397 1337 2443 et
1368 2388 1517 2443 omni
1541 2391 1785 2443 cruciatu
1809 2389 2029 2459 punien-

458 2489 567 2545 tur,
596 2488 652 2533 et
677 2494 744 2534 ex
771 2486 884 2536 toto
920 2479 1123 2536 mundo
1150 2479 1456 2550 ejicientur.

527 2652 598 2709 Υ.
632 2655 682 2712 2.
719 2685 791 2696 —-
816 2646 1157 2727 Evigilabunt
1183 2657 1280 2712 alii
1311 2658 1367 2711 in
1396 2658 1562 2711 vitam
1594 2650 1872 2712 wternam.
1906 2656 2038 2728 Hip-

336 2772 339 2775 π
453 2748 644 2820 polyti.
683 2748 788 2816 Qui
838 2765 982 2806 verat
1049 2750 1175 2806 vitae
1227 2750 1497 2815 credunt,
1550 2759 1605 2805 et
1642 2751 1697 2805 in
1739 2750 1880 2805 libro
1911 2750 2040 2804 vita:

456 2844 643 2913 scripti
690 2854 838 2899 sunt.
883 2842 1026 2898 Ibid.
1058 2851 1077 2892 ἔ
1108 2841 1174 2896 Et
1214 2843 1309 2897 alii
1352 2843 1407 2896 in
1447 2842 1803 2912 opprobrium.
1835 2841 2038 2912 llippo-

457 2934 573 3005 lyti.
611 2933 874 3000 Quicum
914 2934 1253 2990 Antichristo
1280 2934 1652 2999 consentiunt,
1685 2943 1740 2989 et
1778 2950 1902 2990 cum
1942 2935 2037 2990 illo

454 3026 511 3082 in
540 3026 718 3097 poenis
742 3027 960 3082 aeternis
982 3026 1236 3097 conjecti.

530 3205 779 3302 V.A5._——
805 3204 914 3271 Qui
940 3214 1115 3302 (intem
1142 3206 1291 3302 docti
1319 3205 1517 3302 fit-crint
1535 3246 1550 3271 ,
1569 3198 2033 3302 fulgebuntlﬁip-
2055 3239 2106 3302 α

450 3300 641 3372 polyti.
688 3298 903 3354 Etenim
946 3283 1214 3355 Dominus
1248 3299 1303 3353 in
1346 3297 1641 3368 Evangelio
1676 3299 1819 3355 idem
1850 3299 2026 3357 dixit:

456 3392 602 3447 Tunc
621 3392 762 3462 justi
800 3392 1073 3463 fulgebunt
1100 3392 1240 3446 sicut
1268 3391 1349 3446 sol
1371 3390 1589 3463 (Matth.
1623 3409 1746 3457 xm,
1777 3392 1891 3464 ιδ).

522 3482 589 3538 ν.
624 3483 675 3539 7.
717 3511 778 3552 τ-
808 3482 877 3538 In
906 3492 1129 3555 tempus,
1157 3493 1207 3538 et
1234 3493 1490 3553 tempora,
1521 3493 1571 3538 et
1601 3484 1881 3538 dimidium
1903 3492 2033 3539 tem-

450 3578 619 3647 poris.
644 3575 939 3648 Hippolyti.
963 3575 1097 3633 Tres
1119 3592 1294 3633 annos
1317 3587 1373 3633 et
1396 3577 1683 3633 dimidium
1712 3580 2031 3637 Antichristi
2054 3608 2061 3611 -

449 3668 985 3740 pimdixitjtempus
1044 3669 1248 3725 indicat
1286 3685 1456 3724 unum
1499 3685 1742 3738 annum;
1797 3681 2032 3740 tempora

450 3763 591 3817 duos
636 3774 845 3828 annos;
883 3760 1167 3814 dimidium
1224 3762 1473 3829 temporis
1517 3761 1805 3817 dimidium
1850 3763 2028 3816 anni:

441 3850 511 3909 ’hi
541 3860 671 3908 sunt
704 3852 817 3907 dies
861 3851 1010 3907 mille
1032 3852 1244 3906 ducenti
1276 3853 1565 3923 nonaginta
1611 3867 1751 3922 quos
1782 3851 2033 3922 praedixit

447 3943 640 4000 Daniel
674 3947 805 4014 (xu,
839 3944 953 4015 il).

519 4036 590 4095 ν.
617 4034 673 4094 9.
691 4034 880 4093 Clausi
916 4046 1039 4092 sunt
1080 4036 1379 4107 signatique
1443 4050 1726 4089 sermones.
1755 4032 2026 4101 Quoniam

446 4142 573 4199 quae
615 4128 941 4198 praeparavit
982 4126 1126 4183 Deus
1154 4127 1361 4183 sanctis
1392 4125 1694 4198 intelligere
1719 4128 1888 4183 homo
1916 4142 2026 4182 non

447 4227 660 4291 potest;
684 4234 863 4291 neque
878 4220 1025 4277 enim
1049 4220 1243 4276 oculus
1264 4220 1353 4274 illa
1378 4219 1531 4287 Vidit,
1557 4234 1735 4291 neque
1758 4220 1908 4276 auris
1936 4236 2030 4275 au-

446 4312 603 4378 divit,
637 4328 814 4384 neque
843 4313 899 4368 in
923 4328 1020 4369 cor
1044 4312 1281 4369 hominis
1300 4313 1660 4369 ascenderunt
1689 4328 1829 4384 quat,
1862 4308 2026 4369 etiam

448 4412 583 4459 tunc
595 4403 980 4460 desiderabunt
995 4405 1169 4461 sancti
1184 4403 1563 4475 contemplari;
1584 4402 1664 4460 sic
1681 4404 1820 4459 dixit
1837 4403 2026 4485 (Deus)

444 4494 498 4549 ei
534 4492 787 4564 (Daniel),
846 4495 974 4565 quia
1001 4495 1171 4549 clausi
1214 4503 1357 4561 sunt,
1415 4495 1711 4565 signatique
1761 4509 2024 4549 sermones

2140 729 2486 783 ἀποστέλλειν
2512 731 2602 784 τὸν
2627 731 2773 785 λαόν·
2808 733 2896 786 ἵνα
2925 728 3017 786 οὖν
3042 736 3101 787 ὲν
3136 735 3293 805 τάχει
3314 735 3379 788 τὸ
3399 734 3616 807 αίτημά
3638 751 3730 788 σοι.

2139 820 2384 890 γένηται,
2414 821 2676 893 ἀντέστην
2712 822 2886 893 τούτῳ
2915 822 3045 893 ἐγώ.

2784 915 2941 968 ΚΕΦ.
2982 914 3082 968 ΙΒ¹.

2158 1033 2165 1042 .
2210 1006 2279 1053 α’.
2319 1000 2526 1054 Ἔσται
2552 1003 2758 1070 καιρὸς
2791 1006 3067 1073 θλίψεως.
3103 1005 3440 1061 Ἱππολύτου.
3463 1007 3597 1061 Τότε
3618 1007 3729 1079 γὰρ

2140 1090 2291 1143 ἔσται
2321 1090 2497 1161 θλίψις
2524 1095 2756 1165 μεγάλη,
2797 1095 2887 1149 οἶα
2933 1096 2995 1148 οὐ
3033 1097 3224 1166 γέγονε
3250 1098 3471 1168 τοιαύτη
3496 1100 3605 1153 ἀπὸ
3635 1116 3729 1151 κα.

2138 1183 2369 1255 ταϐολῆς
2412 1186 2639 1256 κόσμου,
2682 1188 2856 1242 ἀλλων
2891 1187 3100 1260 ἀλλαχῆ
3156 1189 3298 1243 κατά
3340 1193 3519 1244 πᾶσαν
3574 1192 3730 1245 πόλιν

2139 1278 2231 1330 καὶ
2264 1276 2444 1349 χώραν
2471 1281 2549 1343 εἰς
2577 1280 2639 1333 τὸ
2689 1280 3032 1352 ἀναιρεῖσθαι
3074 1283 3202 1347 τοὺς
3245 1284 3471 1346 πιστοὺς
3510 1301 3730 1356 πεμπο-

2143 1367 2338 1437 μένων·
2366 1370 2585 1424 καὶτῶν
2617 1370 2789 1439 ἁγίων
2813 1372 2921 1427 ἀπὸ
2954 1373 3159 1438 δύσεως
3199 1378 3279 1439 εἰς
3322 1377 3587 1449 ἀνατολὴν
3631 1393 3726 1431 πο-

2144 1460 2469 1529 ρευομένων,
2504 1462 2599 1516 καὶ
2623 1463 2730 1516 τῶν
2760 1463 2818 1517 δὲ
2839 1465 2946 1519 ἀπὸ
2967 1466 3239 1520 ἀνατολῶν
3268 1468 3349 1531 εἰς
3379 1469 3729 1541 μεσημϐρίαν

2138 1552 2502 1631 διωκομένων,
2550 1553 2723 1608 ἄλλων
2767 1554 2824 1609 δὲ
2856 1557 2916 1609 ὲν
2951 1560 3064 1621 τοῖς
3092 1557 3244 1629 δρεσι
3299 1559 3398 1613 καὶ
3424 1560 3729 1635 ,σπηλαίοις

2140 1644 2550 1714 κρυπτομένωψ
2586 1647 2864 1717 πανταχοῦ
2907 1647 2965 1701 δὲ
3007 1650 3205 1713 αὐτοὺς
3233 1650 3326 1705 τοῦ
3359 1651 3726 1722 βδελυγματος

2141 1736 2521 1808 πολεμοῦντος,
2556 1739 2650 1792 καὶ
2669 1740 2756 1795 διά
2776 1740 3051 1813 θαλάσσης
3076 1743 3169 1796 καὶ
3190 1742 3280 1797 διὰ
3307 1742 3477 1815 ξηρᾶς
3505 1745 3727 1809 τούτους

2140 1833 2229 1888 διὰ
2260 1834 2352 1890 τοῦ
2396 1837 2817 1909 προστάγματος
2849 1838 3218 1911 ἀναιροῦντος,
3255 1840 3348 1893 καὶ
3374 1839 3517 1893 κατὰ
3547 1842 3726 1897 πάντα

2141 1928 2341 2000 τρόπον
2366 1931 2430 1982 ὲκ
2453 1929 2546 1983 τοῦ
2572 1931 2777 2001 κόσμου
2802 1930 3163 1996 ὲκθλίδοντος·
3200 1933 3275 2004 μὴ
3297 1931 3605 2004 δυναμένων
3636 1935 3729 1987 αὺ-

2141 2021 2248 2075 τῶν
2278 2022 2475 2093 μηκέτι
2497 2022 2606 2077 τῶν
2639 2024 2782 2077 ίδίων
2813 2023 3084 2095 πωλῆσαι,
3115 2025 3250 2095 μήτε
3280 2027 3547 2097 ἀγοράσαι
3576 2026 3726 2099 παρά

2139 2114 2248 2167 τῶν
2276 2114 2590 2188 ἀλλοτρίων,
2615 2115 2785 2188 χωρὶς
2814 2116 2909 2171 ἐὰν
2935 2119 3096 2189 μήτις
3118 2117 3177 2171 τὸ
3200 2118 3371 2190 δνομα
3402 2119 3495 2172 τοῦ
3531 2119 3739 2191 θηρίου·

2138 2206 2236 2277 ἔχῃ
2264 2206 2357 2259 καὶ
2379 2206 2668 2279 περιφέρῃ,
2694 2207 2728 2278 ἢ
2754 2207 2820 2261 τὸ
2838 2207 3029 2262 τούτου
3057 2208 3321 2281 χάραγμα
3352 2209 3445 2263 ἐπὶ
3472 2208 3725 2281 μετώπου

2141 2295 2405 2369 βαστάσῃ·
2440 2296 2641 2369 πάντες
2667 2296 2777 2369 γάρ
2814 2298 2936 2352 τότε
2977 2301 3042 2352 ὲκ
3089 2298 3294 2363 παντὸς
3331 2299 3494 2354 τόπου
3530 2300 3724 2354 ἐκδιω-

2139 2388 2450 2459 χθήσονται,
2494 2368 2591 2443 κᾶι
2636 2390 2702 2442 ὲκ
2740 2388 2848 2444 τῶν
2892 2390 3107 2444 οἰκείων
3153 2390 3726 2463 κατασπασθήσονται,

2137 2478 2235 2531 καὶ
2283 2481 2343 2532 ὲν
2374 2477 2454 2548 τῷ
2483 2478 2728 2552 δημοσίῳ
2765 2479 3148 2555 συρθήσονται,
3183 2480 3279 2536 καὶ
3313 2481 3460 2553 πάσῃ
3505 2483 3726 2538 κολάσει

2139 2570 2582 2642 κολασθήσονται,
2610 2572 2704 2625 καὶ
2724 2573 2789 2626 ὲκ
2811 2573 3013 2637 παντὸς
3038 2574 3244 2645 κόσμου
3275 2573 3723 2647 ἐκϐληθήσονται.

2212 2662 2279 2731 β’.
2309 2662 2834 2733 Ἐξεγερθήσονται
2853 2660 3017 2721 οὗτοι
3043 2667 3131 2731 εις
3148 2664 3301 2734 ζωὴν
3323 2665 3583 2722 αίώνιον.
3620 2668 3729 2721 Ἱπ-

2140 2753 2391 2808 πολύτου.
2444 2756 2509 2809 Οἱ
2557 2759 2622 2827 τῇ
2670 2756 2838 2820 δντως
2873 2755 2985 2827 ζωῇ
3028 2758 3476 2824 πεπιστευκότες,
3525 2742 3631 2812 καὶ.¹
3665 2759 3728 2812 ἐν

2142 2834 2312 2916 βίϐλῳ
2334 2845 2482 2915 ζωῆς
2508 2846 2971 2917 ἐγγεγραμμένοι.

2205 2937 2318 2991 Καὶ
2368 2933 2535 2993 οὗτοι
2583 2940 2671 3004 εἰς
2726 2937 3089 3007 ὀνειδισμόν.
3147 2924 3498 2994 Ἴππολύτου.
3541 2941 3604 2993 Ol
3646 2940 3727 3011 τῷ
3780 2936 3785 2943 ’
3848 3013 3857 3020 _

2138 3028 2464 3101 ἀντιχρίστῳ
2485 3029 2849 3100 συνερώμενοι
2871 3033 2911 3094 ·,
2931 3030 3023 3083 καὶ
3057 3029 3155 3083 σὺν
3182 3030 3332 3102 αὐτῷ
3361 3032 3440 3096 είς
3467 3030 3565 3101 τὴν
3594 3029 3729 3084 αἰώ-

2138 3135 2251 3174 νιον
2275 3120 2499 3174 κόλασιν
2525 3120 2863 3192 βαλλόμενοι.
3642 3177 3653 3184 ,

2206 3218 2277 3281 γ’.
2308 3212 2419 3267 Καὶ
2473 3215 2529 3266 οἱ
2558 3210 2876 3279 συνιέντες
2899 3210 3343 3282 ἐκλάμψουσιν.
3385 3212 3721 3287 Ἱππολύτου.

2134 3299 2246 3354 Καὶ
2271 3292 2380 3373 γὰρ
2399 3301 2428 3353 ό
2451 3299 2656 3371 Κύριος
2684 3302 2742 3354 ὲν
2765 3300 2842 3371 τῷ
2861 3300 3177 3372 Εὑαγγελίιρ
3196 3302 3258 3355 τὸ
3286 3302 3469 3373 ὅμοιον
3508 3302 3721 3373 εἴρηκε.

2141 3394 2289 3447 Τότε
2322 3394 2377 3445 οἱ
2409 3391 2625 3445 δίκαιοι
2661 3391 3085 3462 ἐκλάμψουσιν
3110 3392 3191 3459 ὼς
3215 3391 3405 3459 ἣλιος.

2202 3480 2267 3545 ζ’.
2297 3483 2404 3548 Είς
2441 3480 2650 3553 καιρὸν
2675 3480 2771 3534 καὶ
2813 3481 3059 3549 καιροὺς
3094 3480 3194 3535 καὶ
3242 3482 3331 3546 εις
3368 3480 3576 3551 ﬁlum»
3597 3478 3725 3535 feat-

2127 3571 2264 3641 ροῦ.
2325 3570 2660 3625 Ἱππολύτου.
2708 3569 2790 3624 Τά
2824 3571 2951 3643 τρία
2997 3572 3091 3643 ἐτη
3123 3572 3217 3625 καὶ
3251 3572 3722 3645 ἦμισυτοῦἈντιο
3832 3630 3847 3644 ,

2134 3663 2358 3735 χρίετου
2396 3665 2662 3734 ὲσήμανε·
2712 3661 2903 3735 καιρὸν
2955 3662 3065 3735 γὰρ
3103 3662 3252 3731 λέγει
3308 3663 3576 3739 ἐνιαυτόν·
3608 3674 3727 3715 xar-

2148 3758 2277 3827 ρους
2309 3756 2388 3818 δὲ,
2413 3756 2505 3809 δύο
2530 3754 2644 3824 ἔτη·
2669 3755 2841 3825 ἥμισυ
2868 3754 3084 3827 καιροῦ,
3124 3755 3295 3826 ἥμισυ
3323 3753 3589 3807 ἐνιαυτοῦ·
3626 3757 3722 3809 αὐ·

2131 3851 2228 3903 ταί
2254 3852 2413 3903 εἰσιν
2440 3852 2499 3905 al
2523 3853 2657 3919 ,ασιρί
2681 3848 2908 3921 ἡμέραι,
2936 3847 3003 3911 ἃς
3031 3850 3260 3917 προεῖπε
3291 3843 3511 3914 Δανιήλ.

2203 3940 2269 3995 0'.
2303 3940 2803 4010 ‘pregzrawérm
2831 3941 2929 3994 καὶ
2954 3941 3421 4011 ἐσφραγισμένοι
3450 3942 3510 3993 ot
3531 3923 3753 4027 λέγως’

2141 4034 2481 4089 Ἱππολύτου.
2556 4029 2774 4103 Ἐπειδὴ
2827 4033 2936 4105 γὰρ
2974 4032 3011 4086 ἃ.
3037 4031 3331 4108 ἡτοίμασεν
3364 4034 3395 4086 ό
3428 4031 3578 4096 Θεὸς
3607 4033 3749 4096 τοίςι

2130 4129 2305 4197 ἁγίοις
2328 4125 2754 4195 ἐκδιηγήσασθαι
2774 4126 3059 4198 ἄνθρωπος
3088 4125 3151 4179 οὐ
3171 4125 3411 4178 δύναται·
3439 4123 3563 4177 οὔτε
3610 4125 3728 4196 γὰρ

2128 4218 2404 4288 ὀφθαλμὸς
2426 4218 2566 4271 αὺτά
2596 4214 2755 4283 εἶδεν,
2780 4218 2904 4271 οὕτε
2927 4214 3020 4281 οὖς
3041 4218 3291 4288 ἢκουσε-ν,
3307 4216 3431 4270 οῦτε
3455 4216 3549 4268 ἐπὶ
3576 4210 3726 4285 ’καρ-

2128 4307 2246 4361 δίαν
2273 4308 2561 4380 ἀνθρώπου
2604 4307 2793 4379 ἀνέϐη,
2838 4308 2921 4371 εἰς
2961 4308 2997 4360 ἂ
3043 4306 3138 4359 καὶ
3168 4288 3565 4376 ἐπιθυμήσουσι
3598 4304 3719 4356 τότε

2130 4401 2272 4472 ἅγιοι
2303 4401 2558 4471 ἐγκύψαι·
2589 4401 2761 4465 οὕτως
2781 4399 2884 4470 ἔφη
2922 4398 3059 4469 πρὸς
3084 4397 3266 4461 αὑτὸν,
3308 4395 3397 4469 ὅτι
3432 4397 3729 4479 ἐμπερριιο¹

2129 4494 2332 4566 τμένοι
2363 4495 2524 4548 εἰσὶν
2565 4494 2822 4561 οἱ..1όγοι
2866 4486 3053 4555 οὗτοι,
3103 4488 3216 4554 ἕως
3253 4488 3463 4556 καιροῦ
3508 4485 3711 4567 πέδιςίις·

445 4582 541 4638 isti
565 4599 729 4653 usque
759 4585 829 4638 ad
853 4584 1175 4653 prie/initum
1202 4594 1403 4655 tempus
1427 4624 1443 4655 ,
1477 4586 1653 4642 donec
1683 4585 1951 4657 eligantur
1970 4595 2028 4641 et

2262 4587 2329 4641 ἂν
2360 4585 2645 4654 ὲκλεγῶσι,
2678 4584 2773 4637 καὶ
2793 4579 3156 4654 ὲκπυρωθῶσι
3180 4580 3381 4636 πολλοί·
3410 4579 3549 4643 τινὲς
3578 4578 3633 4633 δὲ
3665 4580 3718 4630 οἱ

446 4674 573 4745 igne
596 4675 896 4743 probentur
924 4676 1115 4743 multi;
1140 4676 1362 4747 quidam
1391 4686 1572 4732 autem
1598 4677 1779 4744 electi,
1806 4677 1899 4732 sed
1929 4678 2026 4748 qui

435 4765 691 4823 veritatis
739 4767 904 4822 verbo
947 4768 1318 4836 crediderunt,
1369 4777 1430 4824 ut
1475 4769 1795 4825 dealbentur
1840 4785 1936 4840 per
1963 4770 2029 4825 il-

435 4856 568 4925 lud,
624 4865 679 4914 et
731 4858 980 4915 mundati
1006 4874 1039 4914 a
1083 4861 1340 4916 sordibus
1372 4862 1601 4932 peccati,
1642 4862 1872 4920 induant
1908 4878 2025 4920 ca:-

433 4952 517 5005 les
528 4958 639 5007 tem
659 4990 677 5017 ,
704 4964 907 5020 purum
935 4960 990 5005 et
1015 4949 1309 5022 fulgentem
1336 4962 1589 5009 sanctum
1621 4951 1908 5025 Spiritum,
1942 4964 2024 5023 ut,

433 5043 502 5098 ad
517 5040 775 5097 veniente
799 5056 1029 5113 sponso,
1056 5045 1241 5100 statim
1274 5045 1483 5101 intrent
1506 5054 1634 5102 cum
1658 5061 1747 5102 eo.

501 5133 581 5219 ον.
617 5135 707 5191 ﬂ.
730 5140 813 5176 '—
840 5134 1035 5192 Posita
1071 5137 1231 5208 fuerit
1278 5138 1603 5195 abominatio
1643 5142 1702 5195 in
1738 5139 2028 5195 desolatio-

438 5243 581 5283 nem.
618 5224 923 5299 Hippolyti.
965 5226 1115 5286 Duas
1138 5244 1270 5301 ergo
1297 5231 1734 5288 abominationes
1758 5232 1893 5288 dicit
1918 5230 2028 5287 Da-

440 5319 559 5374 niel
584 5337 601 5376 :
631 5334 740 5375 una
761 5321 984 5392 quidem
1036 5321 1143 5378 fuit
1170 5324 1667 5393 exterminationis,
1698 5340 1865 5396 quam
1899 5341 2025 5382 sus-

443 5411 634 5467 citavit
686 5412 1012 5483 Antiochus,
1062 5426 1119 5473 et
1172 5417 1240 5472 ad
1289 5416 1750 5474 ahominationem
1810 5417 2026 5475 desola-

442 5501 611 5559 tionis
633 5502 905 5573 refertur;
943 5507 1049 5563 alia
1077 5523 1207 5563 vero
1226 5510 1501 5577 universa,
1533 5524 1659 5565 cum
1698 5510 1877 5566 veniet
1906 5511 2024 5565 An-

446 5595 765 5662 tichristus;
800 5612 950 5666 nam,
980 5606 1039 5653 ut
1066 5596 1196 5655 dicit
1225 5599 1437 5669 Daniel,
1467 5609 1521 5658 et
1549 5601 1640 5658 ille
1665 5611 1887 5674 propter
1912 5604 2026 5658 rui-

447 5704 574 5743 nam
620 5690 917 5746 multorum
941 5692 1341 5764 constituetur,

2133 4679 2507 4751 ἐκλεγόμενοι,
2539 4677 2657 4732 ἀλλ’
2686 4676 2736 4729 οἱ
2763 4673 2841 4746 τῷ
2870 4675 2970 4745 τῆς
2992 4672 3251 4755 ἀληθείας
3273 4670 3417 4743 λόγῳ
3448 4671 3723 4726 πιστεῦον-

2126 4789 2239 4837 τες,
2267 4772 2355 4826 ἵνα
2376 4768 2711 4824 λευκανθῶσι
2734 4767 2802 4821 δι’
2835 4764 3023 4831 αὑτοῦ,
3047 4766 3143 4819 καὶ
3180 4764 3578 4829 ἀποσαλλοντες
3611 4764 3722 4817 τῶν

2126 4864 2227 4936 τῆς
2255 4862 2528 4935 ἁμαρτίας
2559 4860 2767 4935 ρύπων,
2793 4857 3121 4939 ενδύσωνται
3149 4858 3211 4911 τὸ
3243 4856 3587 4929 ἐπουράνιον,
3620 4874 3724 4910 κα-

2128 4952 2313 5026 θαρὸν,
2351 4952 2445 5007 καὶ
2481 4952 2701 5021 διαυγὲς
2737 4940 2893 5020 ἀγίον
2929 4946 3179 5020 Πνεῦμα,
3210 4948 3299 5002 ἵνα
3331 4948 3601 5020 παρόντος
3625 4948 3721 5001 τοῦ

2126 5045 2388 5116 νυμφίου,
2415 5034 2619 5106 etest»;
2647 5040 3062 5095 συνεισέλθωσιν
3087 5037 3259 5109 αὐτῷ.
3446 5102 3449 5107 _

2202 5130 2297 5184 ια’.
2332 5128 2661 5197 Δοθήσεται
2705 5129 2771 5183 τὸ
2822 5127 3142 5199 ,ϐδέλυγμα
3184 5125 3299 5195 τῆς
3342 5124 3716 5195 ἐρημώσεως.

2138 5220 2478 5278 Ἱππολύτου.
2510 5221 2615 5275 Δύο
2655 5216 2751 5275 οὖν
2794 5218 3141 5308 ρδελιὴιματα
3177 5218 3366 5290 εἴρηκε
3393 5214 3611 5283 Δανιὴλ*
3657 5216 3719 5308 ἓν

2131 5313 2231 5384 μὲν
2256 5312 2586 5386 ἀφανισμοῦ,
2610 5313 2640 5369 δ
2665 5304 2862 5386 ἔστησε
2889 5304 3031 5367 κατά
3056 5311 3247 5383 καιρὸν
3281 5308 3547 5379 Ἀντίοχος
3572 5307 3717 5361 κατά

2126 5374 2187 5459 ἱεδ
2221 5374 2324 5476 τῆξ
2346 5374 2702 5478 ἐρημώσεως·
2726 5374 2855 5461 ἄλλο
2882 5404 3136 5468 καθόλου,
3157 5374 3235 5467 ὡς
3258 5374 3521 5474 παρέσται
3559 5398 3721 5452 ὀἈν-
3776 5438 3829 5475 τ.
3912 5374 3918 5385 ’

2124 5498 2414 5569 τίχριστοςο
2444 5500 2519 5562 ὡς
2544 5499 2600 5552 δὲ
2625 5498 2773 5566 λέγει
2800 5494 2999 5568 Δανιὴλ
3024 5497 3118 5551 καὶ
3151 5496 3316 5563 αὐτὸς
3346 5493 3433 5550 ἐπ’
3466 5489 3718 5568 ἀπωλείᾳ

2125 5588 2338 5643 πολλῶν
2368 5590 2712 5661 συστήσεται.
2754 5646 2757 5649 _
2812 5586 2820 5592 ’
3062 5634 3085 5643 -
3532 5592 3539 5601 '

3026 5674 3058 5689 θ

3629 428 3736 487 688

4110 5477 4116 5507 (

4108 5547 4116 5599 ί

4108 5656 4116 5692 1

4108 5736 4116 5787 ί
