  <div class='ocr_page' id='page_1' title='image "/cluster/home/n/w/nwhite01/storage/ocr_20150623/10/coo.31924054872894/356.png"; bbox 0 0 4128 6406; ppageno 0'>
   <div class='ocr_carea' id='block_1_1' title="bbox 317 430 3594 530">
    <p class='ocr_par' dir='ltr' id='par_1_1' title="bbox 317 430 3594 530">
     <span class='ocr_line' id='line_1_1' title="bbox 317 430 3594 530; baseline -0.003 -30"><span class='ocrx_word' id='word_1_1' title='bbox 317 442 424 500; x_wconf 77' lang='lat' dir='ltr'><strong>ess</strong></span> <span class='ocrx_word' id='word_1_2' title='bbox 735 522 741 530; x_wconf 24' lang='lat'><em>.</em></span> <span class='ocrx_word' id='word_1_3' title='bbox 1496 436 1927 496; x_wconf 71' lang='lat' dir='ltr'><strong>FRAGMENTA</strong></span> <span class='ocrx_word' id='word_1_4' title='bbox 1961 434 2033 492; x_wconf 89' lang='lat' dir='ltr'><strong>IN</strong></span> <span class='ocrx_word' id='word_1_5' title='bbox 2064 430 2441 496; x_wconf 79' lang='lat' dir='ltr'><strong>DANIELEM.</strong></span> <span class='ocrx_word' id='word_1_6' title='bbox 3483 439 3594 499; x_wconf 72' lang='lat' dir='ltr'><strong>uno</strong></span> 
     </span>
    </p>
   </div>
   <div class='ocr_carea' id='block_1_2' title="bbox 1003 786 2633 906">
    <p class='ocr_par' dir='ltr' id='par_1_2' title="bbox 1003 786 2633 906">
     <span class='ocr_line' id='line_1_2' title="bbox 1003 786 2633 906; baseline -0.005 0"><span class='ocrx_word' id='word_1_7' title='bbox 1003 786 1681 906; x_wconf 77' lang='lat' dir='ltr'><strong>IIIIIOAYTOY</strong></span> <span class='ocrx_word' id='word_1_8' title='bbox 1766 808 2438 901; x_wconf 83' lang='grc' dir='ltr'><strong>ΕΠΙΣΚΟΙΙΟΥ</strong></span> <span class='ocrx_word' id='word_1_9' title='bbox 2517 809 2633 898; x_wconf 73' lang='lat' dir='ltr'><strong>Ps</strong></span> 
     </span>
    </p>
   </div>
   <div class='ocr_carea' id='block_1_3' title="bbox 1272 786 2902 906">
    <p class='ocr_par' dir='ltr' id='par_1_3' title="bbox 1272 786 2902 903">
     <span class='ocr_line' id='line_1_3' title="bbox 1272 786 2902 903; baseline 0 -3"><span class='ocrx_word' id='word_1_10' title='bbox 1272 786 1681 903; x_wconf 59' lang='lat' dir='ltr'><strong>mmor</strong></span> <span class='ocrx_word' id='word_1_11' title='bbox 1766 808 2438 901; x_wconf 83' lang='grc' dir='ltr'><strong>ΕΠΙΣΚΟΙΙΟΥ</strong></span> <span class='ocrx_word' id='word_1_12' title='bbox 2517 808 2902 900; x_wconf 71' lang='lat' dir='ltr'><strong>rem</strong></span> 
     </span>
    </p>
   </div>
   <div class='ocr_carea' id='block_1_4' title="bbox 1585 989 2331 1057">
    <p class='ocr_par' dir='ltr' id='par_1_4' title="bbox 1585 989 2331 1057">
     <span class='ocr_line' id='line_1_4' title="bbox 1585 989 2331 1057; baseline 0 -10"><span class='ocrx_word' id='word_1_13' title='bbox 1585 992 1696 1047; x_wconf 89' lang='grc' dir='ltr'><strong>ΕΙΣ</strong></span> <span class='ocrx_word' id='word_1_14' title='bbox 1747 992 1892 1048; x_wconf 88' lang='grc' dir='ltr'><strong>ΤΗΝ</strong></span> <span class='ocrx_word' id='word_1_15' title='bbox 1938 989 2331 1057; x_wconf 72' lang='grc' dir='ltr'><strong>ΣΩΣΔΝΝΔΝ.</strong></span> 
     </span>
    </p>
   </div>
   <div class='ocr_carea' id='block_1_5' title="bbox 1086 1276 2835 1410">
    <p class='ocr_par' dir='ltr' id='par_1_5' title="bbox 1086 1276 2835 1410">
     <span class='ocr_line' id='line_1_5' title="bbox 1086 1276 2835 1410; baseline -0.001 -4"><span class='ocrx_word' id='word_1_16' title='bbox 1086 1313 1760 1408; x_wconf 91' lang='lat' dir='ltr'><strong>HIPPOLYTI</strong></span> <span class='ocrx_word' id='word_1_17' title='bbox 1839 1276 2210 1404; x_wconf 66' lang='lat' dir='ltr'><strong>301m</strong></span> <span class='ocrx_word' id='word_1_18' title='bbox 2280 1310 2835 1410; x_wconf 86' lang='lat' dir='ltr'><strong>EPISCOPI</strong></span> 
     </span>
    </p>
   </div>
   <div class='ocr_carea' id='block_1_6' title="bbox 1698 1480 2205 1562">
    <p class='ocr_par' dir='ltr' id='par_1_6' title="bbox 1698 1480 2205 1562">
     <span class='ocr_line' id='line_1_6' title="bbox 1698 1480 2205 1562; baseline -0.002 -2"><span class='ocrx_word' id='word_1_19' title='bbox 1698 1502 1770 1560; x_wconf 84' lang='lat' dir='ltr'><strong>IN</strong></span> <span class='ocrx_word' id='word_1_20' title='bbox 1808 1504 1893 1562; x_wconf 85' lang='lat' dir='ltr'><strong>su</strong></span> <span class='ocrx_word' id='word_1_21' title='bbox 1903 1480 2205 1561; x_wconf 73' lang='lat' dir='ltr'><strong>SANNAM.</strong></span> 
     </span>
    </p>
   </div>
   <div class='ocr_carea' id='block_1_7' title="bbox 1543 1658 2354 1726">
    <p class='ocr_par' dir='ltr' id='par_1_7' title="bbox 1543 1658 2354 1726">
     <span class='ocr_line' id='line_1_7' title="bbox 1543 1658 2354 1726; baseline 0.002 -18"><span class='ocrx_word' id='word_1_22' title='bbox 1543 1661 1833 1726; x_wconf 66' lang='lat' dir='ltr'><strong>(GALLAND.,</strong></span> <span class='ocrx_word' id='word_1_23' title='bbox 1856 1659 2109 1724; x_wconf 76' lang='lat' dir='ltr'><strong>BiblioUt.,</strong></span> <span class='ocrx_word' id='word_1_24' title='bbox 2131 1660 2197 1723; x_wconf 86' lang='lat' dir='ltr'><strong>II,</strong></span> <span class='ocrx_word' id='word_1_25' title='bbox 2221 1658 2354 1726; x_wconf 68' lang='lat'><strong>“2.)</strong></span> 
     </span>
    </p>
   </div>
   <div class='ocr_carea' id='block_1_8' title="bbox 384 1934 2014 2040">
    <p class='ocr_par' dir='ltr' id='par_1_8' title="bbox 384 1934 1979 2040">
     <span class='ocr_line' id='line_1_8' title="bbox 384 1934 1979 2040; baseline -0.006 -17"><span class='ocrx_word' id='word_1_26' title='bbox 384 1948 539 2040; x_wconf 65' lang='grc' dir='ltr'><strong>Αὐτὴ</strong></span> <span class='ocrx_word' id='word_1_27' title='bbox 561 1966 661 2039; x_wconf 78' lang='grc' dir='ltr'><strong>μὲν</strong></span> <span class='ocrx_word' id='word_1_28' title='bbox 686 1957 781 2020; x_wconf 72' lang='grc' dir='ltr'><strong>οὖν</strong></span> <span class='ocrx_word' id='word_1_29' title='bbox 808 1934 1089 2037; x_wconf 33' lang='grc' dir='ltr'><strong>ἠπίστορία</strong></span> <span class='ocrx_word' id='word_1_30' title='bbox 1115 1961 1405 2035; x_wconf 86' lang='grc' dir='ltr'><strong>γεγένηται</strong></span> <span class='ocrx_word' id='word_1_31' title='bbox 1435 1961 1660 2037; x_wconf 78' lang='grc' dir='ltr'><strong>ὕστερον</strong></span> <span class='ocrx_word' id='word_1_32' title='bbox 1677 2003 1692 2028; x_wconf 90' lang='grc'><strong>,</strong></span> <span class='ocrx_word' id='word_1_33' title='bbox 1741 1978 1904 2035; x_wconf 81' lang='grc' dir='ltr'><strong>προε-</strong></span> <span class='ocrx_word' id='word_1_34' title='bbox 1930 1966 1979 2024; x_wconf 80' lang='grc' dir='ltr'><strong>Α</strong></span> 
     </span>
    </p>
   </div>
   <div class='ocr_carea' id='block_1_9' title="bbox 1960 1934 3590 2040">
    <p class='ocr_par' dir='ltr' id='par_1_9' title="bbox 1960 1936 3590 2034">
     <span class='ocr_line' id='line_1_9' title="bbox 1960 1936 3590 2034; baseline 0.001 -17"><span class='ocrx_word' id='word_1_35' title='bbox 1960 1978 1979 2024; x_wconf 66' lang='grc' dir='ltr'><strong>ι</strong></span> <span class='ocrx_word' id='word_1_36' title='bbox 2075 1961 2234 2029; x_wconf 82' lang='lat' dir='ltr'><strong>Quod</strong></span> <span class='ocrx_word' id='word_1_37' title='bbox 2271 1961 2368 2018; x_wconf 84' lang='lat' dir='ltr'><strong>hic</strong></span> <span class='ocrx_word' id='word_1_38' title='bbox 2397 1968 2658 2017; x_wconf 82' lang='lat' dir='ltr'><strong>narratur</strong></span> <span class='ocrx_word' id='word_1_39' title='bbox 2697 1963 2715 1993; x_wconf 81' lang='grc'><strong>²</strong></span> <span class='ocrx_word' id='word_1_40' title='bbox 2737 2001 2753 2029; x_wconf 90' lang='grc'><strong>,</strong></span> <span class='ocrx_word' id='word_1_41' title='bbox 2786 1960 3060 2034; x_wconf 79' lang='lat' dir='ltr'><strong>posterius</strong></span> <span class='ocrx_word' id='word_1_42' title='bbox 3093 1936 3304 2033; x_wconf 75' lang='lat' dir='ltr'><strong>gestum</strong></span> <span class='ocrx_word' id='word_1_43' title='bbox 3326 1963 3419 2017; x_wconf 62' lang='lat' dir='ltr'><strong>‘est</strong></span> <span class='ocrx_word' id='word_1_44' title='bbox 3439 2001 3457 2030; x_wconf 90' lang='lat'><strong>,</strong></span> <span class='ocrx_word' id='word_1_45' title='bbox 3483 1959 3590 2018; x_wconf 86' lang='lat' dir='ltr'><strong>etsi</strong></span> 
     </span>
    </p>
   </div>
   <div class='ocr_carea' id='block_1_10' title="bbox 314 2049 1944 2136">
    <p class='ocr_par' dir='ltr' id='par_1_10' title="bbox 314 2049 1908 2136">
     <span class='ocr_line' id='line_1_10' title="bbox 314 2049 1908 2136; baseline -0.006 -21"><span class='ocrx_word' id='word_1_46' title='bbox 314 2060 502 2133; x_wconf 78' lang='grc' dir='ltr'><strong>γράφη</strong></span> <span class='ocrx_word' id='word_1_47' title='bbox 558 2058 616 2113; x_wconf 83' lang='grc' dir='ltr'><strong>δὲ</strong></span> <span class='ocrx_word' id='word_1_48' title='bbox 643 2052 745 2136; x_wconf 74' lang='grc' dir='ltr'><strong>τῆς</strong></span> <span class='ocrx_word' id='word_1_49' title='bbox 785 2056 967 2129; x_wconf 87' lang='grc' dir='ltr'><strong>βίϐλου</strong></span> <span class='ocrx_word' id='word_1_50' title='bbox 1024 2055 1271 2130; x_wconf 86' lang='grc' dir='ltr'><strong>πρώτης.</strong></span> <span class='ocrx_word' id='word_1_51' title='bbox 1305 2055 1467 2120; x_wconf 85' lang='grc' dir='ltr'><strong>Ἔθος</strong></span> <span class='ocrx_word' id='word_1_52' title='bbox 1517 2054 1628 2126; x_wconf 86' lang='grc' dir='ltr'><strong>γὰρ</strong></span> <span class='ocrx_word' id='word_1_53' title='bbox 1675 2049 1745 2126; x_wconf 81' lang='grc' dir='ltr'><strong>ἦν</strong></span> <span class='ocrx_word' id='word_1_54' title='bbox 1795 2056 1908 2117; x_wconf 84' lang='grc' dir='ltr'><strong>τοῖς</strong></span> 
     </span>
    </p>
   </div>
   <div class='ocr_carea' id='block_1_11' title="bbox 1963 2049 3593 2136">
    <p class='ocr_par' dir='ltr' id='par_1_11' title="bbox 2007 2054 3593 2127">
     <span class='ocr_line' id='line_1_11' title="bbox 2007 2054 3593 2127; baseline -0.001 -15"><span class='ocrx_word' id='word_1_55' title='bbox 2007 2064 2138 2113; x_wconf 89' lang='lat' dir='ltr'><strong>ante</strong></span> <span class='ocrx_word' id='word_1_56' title='bbox 2162 2055 2403 2127; x_wconf 89' lang='lat' dir='ltr'><strong>primum</strong></span> <span class='ocrx_word' id='word_1_57' title='bbox 2434 2054 2636 2112; x_wconf 91' lang='lat' dir='ltr'><strong>librum</strong></span> <span class='ocrx_word' id='word_1_58' title='bbox 2651 2054 2916 2126; x_wconf 88' lang='lat' dir='ltr'><strong>scriptum</strong></span> <span class='ocrx_word' id='word_1_59' title='bbox 2941 2065 3046 2111; x_wconf 89' lang='lat' dir='ltr'><strong>est.</strong></span> <span class='ocrx_word' id='word_1_60' title='bbox 3080 2054 3172 2111; x_wconf 86' lang='lat' dir='ltr'><strong>Sic</strong></span> <span class='ocrx_word' id='word_1_61' title='bbox 3189 2054 3343 2111; x_wconf 86' lang='lat' dir='ltr'><strong>enim</strong></span> <span class='ocrx_word' id='word_1_62' title='bbox 3356 2056 3593 2127; x_wconf 90' lang='lat' dir='ltr'><strong>scripto-</strong></span> 
     </span>
    </p>
   </div>
   <div class='ocr_carea' id='block_1_12' title="bbox 314 2146 1944 2226">
    <p class='ocr_par' dir='ltr' id='par_1_12' title="bbox 314 2147 1907 2226">
     <span class='ocr_line' id='line_1_12' title="bbox 314 2147 1907 2226; baseline -0.006 -19"><span class='ocrx_word' id='word_1_63' title='bbox 314 2149 739 2226; x_wconf 78' lang='grc' dir='ltr'><strong>γραμματεῦσιν</strong></span> <span class='ocrx_word' id='word_1_64' title='bbox 763 2149 1154 2222; x_wconf 81' lang='grc' dir='ltr'><strong>ὑστερόπρωτα</strong></span> <span class='ocrx_word' id='word_1_65' title='bbox 1194 2147 1366 2203; x_wconf 82' lang='grc' dir='ltr'><strong>πολλὰ</strong></span> <span class='ocrx_word' id='word_1_66' title='bbox 1406 2149 1463 2201; x_wconf 76' lang='grc' dir='ltr'><strong>ἐν</strong></span> <span class='ocrx_word' id='word_1_67' title='bbox 1505 2149 1629 2210; x_wconf 86' lang='grc' dir='ltr'><strong>ταῖς</strong></span> <span class='ocrx_word' id='word_1_68' title='bbox 1667 2148 1907 2219; x_wconf 72' lang='grc' dir='ltr'>γραφαῖς</span> 
     </span>
    </p>
   </div>
   <div class='ocr_carea' id='block_1_13' title="bbox 1961 2146 3591 2226">
    <p class='ocr_par' dir='ltr' id='par_1_13' title="bbox 2007 2146 3591 2226">
     <span class='ocr_line' id='line_1_13' title="bbox 2007 2146 3591 2226; baseline 0.001 -23"><span class='ocrx_word' id='word_1_69' title='bbox 2007 2164 2131 2204; x_wconf 89' lang='lat' dir='ltr'><strong>rum</strong></span> <span class='ocrx_word' id='word_1_70' title='bbox 2166 2146 2415 2203; x_wconf 88' lang='lat' dir='ltr'><strong>moribus</strong></span> <span class='ocrx_word' id='word_1_71' title='bbox 2440 2154 2944 2226; x_wconf 88' lang='lat' dir='ltr'><strong>comparatum_est,</strong></span> <span class='ocrx_word' id='word_1_72' title='bbox 2963 2156 3026 2203; x_wconf 91' lang='lat' dir='ltr'><strong>ut</strong></span> <span class='ocrx_word' id='word_1_73' title='bbox 3040 2162 3149 2203; x_wconf 93' lang='lat' dir='ltr'><strong>non</strong></span> <span class='ocrx_word' id='word_1_74' title='bbox 3169 2162 3344 2218; x_wconf 89' lang='lat' dir='ltr'><strong>pauca</strong></span> <span class='ocrx_word' id='word_1_75' title='bbox 3370 2147 3591 2205; x_wconf 84' lang='lat' dir='ltr'><strong>inverso</strong></span> 
     </span>
    </p>
   </div>
   <div class='ocr_carea' id='block_1_14' title="bbox 312 2220 1942 2318">
    <p class='ocr_par' dir='ltr' id='par_1_14' title="bbox 312 2220 1937 2318">
     <span class='ocr_line' id='line_1_14' title="bbox 312 2220 1937 2318; baseline -0.006 -16"><span class='ocrx_word' id='word_1_76' title='bbox 312 2220 547 2302; x_wconf 76' lang='grc' dir='ltr'><strong>τιθέναι.</strong></span> <span class='ocrx_word' id='word_1_77' title='bbox 575 2220 921 2318; x_wconf 83' lang='grc' dir='ltr'><strong>Εὑρίσκομεν</strong></span> <span class='ocrx_word' id='word_1_78' title='bbox 948 2220 1057 2314; x_wconf 76' lang='grc' dir='ltr'><strong>γάρ</strong></span> <span class='ocrx_word' id='word_1_79' title='bbox 1084 2242 1179 2295; x_wconf 78' lang='grc' dir='ltr'><strong>καὶ</strong></span> <span class='ocrx_word' id='word_1_80' title='bbox 1207 2243 1266 2294; x_wconf 80' lang='grc' dir='ltr'><strong>ὲν</strong></span> <span class='ocrx_word' id='word_1_81' title='bbox 1288 2240 1402 2304; x_wconf 86' lang='grc' dir='ltr'><strong>τοῖς</strong></span> <span class='ocrx_word' id='word_1_82' title='bbox 1428 2240 1737 2311; x_wconf 79' lang='grc' dir='ltr'>προφήταις</span> <span class='ocrx_word' id='word_1_83' title='bbox 1778 2237 1937 2311; x_wconf 69' lang='grc' dir='ltr'><strong>ὁρά-,</strong></span> 
     </span>
    </p>
   </div>
   <div class='ocr_carea' id='block_1_15' title="bbox 1959 2220 3589 2318">
    <p class='ocr_par' dir='ltr' id='par_1_15' title="bbox 2007 2220 3589 2314">
     <span class='ocr_line' id='line_1_15' title="bbox 2007 2220 3589 2314; baseline -0.001 -15"><span class='ocrx_word' id='word_1_84' title='bbox 2007 2243 2218 2311; x_wconf 85' lang='lat' dir='ltr'><strong>ordine,</strong></span> <span class='ocrx_word' id='word_1_85' title='bbox 2244 2242 2552 2300; x_wconf 87' lang='lat' dir='ltr'><strong>litterarum</strong></span> <span class='ocrx_word' id='word_1_86' title='bbox 2586 2220 2964 2298; x_wconf 77' lang='lat' dir='ltr'><strong>monumentis</strong></span> <span class='ocrx_word' id='word_1_87' title='bbox 3006 2241 3327 2314; x_wconf 80' lang='lat' dir='ltr'><strong>consignata</strong></span> <span class='ocrx_word' id='word_1_88' title='bbox 3348 2242 3589 2303; x_wconf 68' lang='lat' dir='ltr'><strong>tradant.</strong></span> 
     </span>
    </p>
   </div>
   <div class='ocr_carea' id='block_1_16' title="bbox 311 2326 1941 2419">
    <p class='ocr_par' dir='ltr' id='par_1_16' title="bbox 311 2326 1906 2419">
     <span class='ocr_line' id='line_1_16' title="bbox 311 2326 1906 2419; baseline -0.007 -26"><span class='ocrx_word' id='word_1_89' title='bbox 311 2356 425 2404; x_wconf 89' lang='grc' dir='ltr'><strong>σεις</strong></span> <span class='ocrx_word' id='word_1_90' title='bbox 470 2337 627 2402; x_wconf 83' lang='grc' dir='ltr'><strong>τινὰς</strong></span> <span class='ocrx_word' id='word_1_91' title='bbox 670 2333 895 2409; x_wconf 83' lang='grc' dir='ltr'>πρώτας</span> <span class='ocrx_word' id='word_1_92' title='bbox 929 2326 1352 2405; x_wconf 80' lang='grc' dir='ltr'><strong>γεγραμμένας,</strong></span> <span class='ocrx_word' id='word_1_93' title='bbox 1393 2330 1623 2419; x_wconf 46' lang='grc' dir='ltr'><strong>καὶᾶὲτΐ</strong></span> <span class='ocrx_word' id='word_1_94' title='bbox 1661 2329 1906 2401; x_wconf 72' lang='grc' dir='ltr'><strong>ἐσχάτων</strong></span> 
     </span>
    </p>
   </div>
   <div class='ocr_carea' id='block_1_17' title="bbox 1963 2326 3593 2419">
    <p class='ocr_par' dir='ltr' id='par_1_17' title="bbox 2007 2335 3593 2417">
     <span class='ocr_line' id='line_1_17' title="bbox 2007 2335 3593 2417; baseline -0.001 -25"><span class='ocrx_word' id='word_1_95' title='bbox 2007 2335 2145 2394; x_wconf 83' lang='lat' dir='ltr'><strong>Nam</strong></span> <span class='ocrx_word' id='word_1_96' title='bbox 2190 2338 2355 2394; x_wconf 87' lang='lat' dir='ltr'><strong>etiam</strong></span> <span class='ocrx_word' id='word_1_97' title='bbox 2388 2335 2446 2393; x_wconf 92' lang='lat' dir='ltr'><strong>in</strong></span> <span class='ocrx_word' id='word_1_98' title='bbox 2487 2336 3069 2417; x_wconf 68' lang='lat' dir='ltr'><strong>prophetisquasdam</strong></span> <span class='ocrx_word' id='word_1_99' title='bbox 3097 2336 3338 2393; x_wconf 83' lang='lat' dir='ltr'><strong>visiones</strong></span> <span class='ocrx_word' id='word_1_100' title='bbox 3359 2336 3593 2393; x_wconf 73' lang='lat' dir='ltr'><strong>offendi-</strong></span> 
     </span>
    </p>
   </div>
   <div class='ocr_carea' id='block_1_18' title="bbox 310 2421 1940 2510">
    <p class='ocr_par' dir='ltr' id='par_1_18' title="bbox 310 2421 1905 2502">
     <span class='ocr_line' id='line_1_18' title="bbox 310 2421 1905 2502; baseline -0.008 -16"><span class='ocrx_word' id='word_1_101' title='bbox 310 2429 759 2502; x_wconf 77' lang='grc' dir='ltr'><strong>πεπληρωμένας</strong></span> <span class='ocrx_word' id='word_1_102' title='bbox 780 2444 796 2459; x_wconf 78' lang='grc' dir='ltr'><strong>ο</strong></span> <span class='ocrx_word' id='word_1_103' title='bbox 823 2426 916 2481; x_wconf 77' lang='grc' dir='ltr'><strong>καὶ</strong></span> <span class='ocrx_word' id='word_1_104' title='bbox 936 2422 1005 2480; x_wconf 73' lang='grc' dir='ltr'><strong>αὖ</strong></span> <span class='ocrx_word' id='word_1_105' title='bbox 1033 2425 1194 2481; x_wconf 85' lang='grc' dir='ltr'><strong>πάλιν</strong></span> <span class='ocrx_word' id='word_1_106' title='bbox 1217 2425 1304 2479; x_wconf 82' lang='grc' dir='ltr'><strong>ἐπ’</strong></span> <span class='ocrx_word' id='word_1_107' title='bbox 1320 2423 1562 2494; x_wconf 79' lang='grc' dir='ltr'><strong>ἐσχάτων</strong></span> <span class='ocrx_word' id='word_1_108' title='bbox 1588 2423 1709 2494; x_wconf 84' lang='grc' dir='ltr'><strong>εὶρη</strong></span> <span class='ocrx_word' id='word_1_109' title='bbox 1719 2421 1905 2492; x_wconf 81' lang='grc' dir='ltr'><strong>μένας,</strong></span> 
     </span>
    </p>
   </div>
   <div class='ocr_carea' id='block_1_19' title="bbox 1959 2421 3589 2510">
    <p class='ocr_par' dir='ltr' id='par_1_19' title="bbox 2006 2428 3589 2510">
     <span class='ocr_line' id='line_1_19' title="bbox 2006 2428 3589 2510; baseline -0.003 -23"><span class='ocrx_word' id='word_1_110' title='bbox 2006 2446 2133 2487; x_wconf 90' lang='lat' dir='ltr'><strong>mus</strong></span> <span class='ocrx_word' id='word_1_111' title='bbox 2162 2429 2319 2502; x_wconf 90' lang='lat' dir='ltr'><strong>prius</strong></span> <span class='ocrx_word' id='word_1_112' title='bbox 2347 2429 2730 2510; x_wconf 67' lang='lat' dir='ltr'><strong>conscriptas;</strong></span> <span class='ocrx_word' id='word_1_113' title='bbox 2759 2443 2826 2484; x_wconf 90' lang='lat' dir='ltr'><strong>ac</strong></span> <span class='ocrx_word' id='word_1_114' title='bbox 2854 2443 3049 2485; x_wconf 84' lang='lat' dir='ltr'><strong>rursus</strong></span> <span class='ocrx_word' id='word_1_115' title='bbox 3082 2428 3139 2483; x_wconf 89' lang='lat' dir='ltr'><strong>in</strong></span> <span class='ocrx_word' id='word_1_116' title='bbox 3165 2428 3458 2499; x_wconf 76' lang='lat' dir='ltr'><strong>postremis</strong></span> <span class='ocrx_word' id='word_1_117' title='bbox 3499 2443 3589 2483; x_wconf 89' lang='lat' dir='ltr'><strong>re-</strong></span> 
     </span>
    </p>
   </div>
   <div class='ocr_carea' id='block_1_20' title="bbox 213 2510 1843 2595">
    <p class='ocr_par' dir='ltr' id='par_1_20' title="bbox 213 2513 1841 2595">
     <span class='ocr_line' id='line_1_20' title="bbox 213 2513 1841 2595; baseline -0.008 -16"><span class='ocrx_word' id='word_1_118' title='bbox 213 2530 219 2534; x_wconf 75' lang='grc'><em>’</em></span> <span class='ocrx_word' id='word_1_119' title='bbox 308 2524 401 2578; x_wconf 68' lang='grc' dir='ltr'><strong>καὶ</strong></span> <span class='ocrx_word' id='word_1_120' title='bbox 466 2520 690 2595; x_wconf 61' lang='grc' dir='ltr'><strong>πρόπας</strong></span> <span class='ocrx_word' id='word_1_121' title='bbox 733 2518 1126 2590; x_wconf 84' lang='grc' dir='ltr'><strong>γεγενημένας.</strong></span> <span class='ocrx_word' id='word_1_122' title='bbox 1164 2514 1335 2571; x_wconf 78' lang='grc' dir='ltr'><strong>Τοῦτο</strong></span> <span class='ocrx_word' id='word_1_123' title='bbox 1373 2515 1432 2570; x_wconf 81' lang='grc' dir='ltr'><strong>δὲ</strong></span> <span class='ocrx_word' id='word_1_124' title='bbox 1485 2513 1768 2587; x_wconf 73' lang='grc' dir='ltr'><strong>οἰκονομίᾳ</strong></span> <span class='ocrx_word' id='word_1_125' title='bbox 1808 2531 1841 2567; x_wconf 89' lang='grc' dir='ltr'><strong>τ</strong></span> 
     </span>
    </p>
   </div>
   <div class='ocr_carea' id='block_1_21' title="bbox 1962 2510 3592 2595">
    <p class='ocr_par' dir='ltr' id='par_1_21' title="bbox 2006 2514 3592 2592">
     <span class='ocr_line' id='line_1_21' title="bbox 2006 2514 3592 2592; baseline -0.005 -14"><span class='ocrx_word' id='word_1_126' title='bbox 2006 2523 2169 2587; x_wconf 89' lang='lat' dir='ltr'><strong>latas,</strong></span> <span class='ocrx_word' id='word_1_127' title='bbox 2194 2535 2316 2592; x_wconf 65' lang='lat' dir='ltr'><strong>quae</strong></span> <span class='ocrx_word' id='word_1_128' title='bbox 2343 2521 2523 2592; x_wconf 92' lang='lat' dir='ltr'><strong>primo</strong></span> <span class='ocrx_word' id='word_1_129' title='bbox 2545 2515 2913 2591; x_wconf 75' lang='lat' dir='ltr'><strong>contigerunt.</strong></span> <span class='ocrx_word' id='word_1_130' title='bbox 2937 2515 2997 2573; x_wconf 86' lang='lat' dir='ltr'><strong>Id</strong></span> <span class='ocrx_word' id='word_1_131' title='bbox 3019 2532 3150 2573; x_wconf 87' lang='lat' dir='ltr'><strong>vero</strong></span> <span class='ocrx_word' id='word_1_132' title='bbox 3174 2517 3437 2588; x_wconf 84' lang='lat' dir='ltr'><strong>peculiari</strong></span> <span class='ocrx_word' id='word_1_133' title='bbox 3465 2514 3592 2586; x_wconf 87' lang='lat' dir='ltr'><strong>Spi-</strong></span> 
     </span>
    </p>
   </div>
   <div class='ocr_carea' id='block_1_22' title="bbox 309 2603 1939 2686">
    <p class='ocr_par' dir='ltr' id='par_1_22' title="bbox 309 2603 1907 2686">
     <span class='ocr_line' id='line_1_22' title="bbox 309 2603 1907 2686; baseline -0.006 -17"><span class='ocrx_word' id='word_1_134' title='bbox 309 2613 454 2669; x_wconf 87' lang='grc' dir='ltr'><strong>Πνεύ</strong></span> <span class='ocrx_word' id='word_1_135' title='bbox 468 2630 639 2686; x_wconf 89' lang='grc' dir='ltr'><strong>ματος</strong></span> <span class='ocrx_word' id='word_1_136' title='bbox 663 2611 893 2680; x_wconf 77' lang='grc' dir='ltr'><strong>ἐγίνετο,</strong></span> <span class='ocrx_word' id='word_1_137' title='bbox 920 2611 1007 2664; x_wconf 82' lang='grc' dir='ltr'><strong>ἵνα</strong></span> <span class='ocrx_word' id='word_1_138' title='bbox 1049 2610 1123 2685; x_wconf 76' lang='grc' dir='ltr'><strong>μὴ</strong></span> <span class='ocrx_word' id='word_1_139' title='bbox 1145 2610 1174 2663; x_wconf 99' lang='lat'><strong>6</strong></span> <span class='ocrx_word' id='word_1_140' title='bbox 1215 2605 1459 2671; x_wconf 88' lang='grc' dir='ltr'><strong>διάϐολος</strong></span> <span class='ocrx_word' id='word_1_141' title='bbox 1489 2606 1648 2679; x_wconf 82' lang='grc' dir='ltr'><strong>συνίῃ</strong></span> <span class='ocrx_word' id='word_1_142' title='bbox 1685 2603 1756 2659; x_wconf 80' lang='grc' dir='ltr'><strong>τὰ</strong></span> <span class='ocrx_word' id='word_1_143' title='bbox 1801 2605 1907 2660; x_wconf 81' lang='grc' dir='ltr'><strong>ὑπὸ</strong></span> 
     </span>
    </p>
   </div>
   <div class='ocr_carea' id='block_1_23' title="bbox 1961 2603 3591 2686">
    <p class='ocr_par' dir='ltr' id='par_1_23' title="bbox 2008 2608 3591 2676">
     <span class='ocr_line' id='line_1_23' title="bbox 2008 2608 3591 2676; baseline -0.004 -8"><span class='ocrx_word' id='word_1_144' title='bbox 2008 2614 2148 2670; x_wconf 91' lang='lat' dir='ltr'><strong>ritus</strong></span> <span class='ocrx_word' id='word_1_145' title='bbox 2178 2611 2404 2668; x_wconf 90' lang='lat' dir='ltr'><strong>numine</strong></span> <span class='ocrx_word' id='word_1_146' title='bbox 2436 2626 2501 2667; x_wconf 88' lang='lat' dir='ltr'><strong>ac</strong></span> <span class='ocrx_word' id='word_1_147' title='bbox 2531 2611 2763 2667; x_wconf 89' lang='lat' dir='ltr'><strong>consilio</strong></span> <span class='ocrx_word' id='word_1_148' title='bbox 2794 2608 2978 2676; x_wconf 82' lang='lat' dir='ltr'><strong>fiebat,</strong></span> <span class='ocrx_word' id='word_1_149' title='bbox 3007 2622 3078 2665; x_wconf 89' lang='lat' dir='ltr'><strong>ne</strong></span> <span class='ocrx_word' id='word_1_150' title='bbox 3103 2608 3354 2666; x_wconf 87' lang='lat' dir='ltr'><strong>diabolus</strong></span> <span class='ocrx_word' id='word_1_151' title='bbox 3389 2608 3591 2664; x_wconf 79' lang='lat' dir='ltr'><strong>intelli-</strong></span> 
     </span>
    </p>
   </div>
   <div class='ocr_carea' id='block_1_24' title="bbox 308 2690 1938 2779">
    <p class='ocr_par' dir='ltr' id='par_1_24' title="bbox 308 2697 1909 2777">
     <span class='ocr_line' id='line_1_24' title="bbox 308 2697 1909 2777; baseline -0.008 -15"><span class='ocrx_word' id='word_1_152' title='bbox 308 2706 416 2763; x_wconf 78' lang='grc' dir='ltr'><strong>τῶν</strong></span> <span class='ocrx_word' id='word_1_153' title='bbox 452 2702 754 2777; x_wconf 76' lang='grc' dir='ltr'><strong>προφητῶν</strong></span> <span class='ocrx_word' id='word_1_154' title='bbox 780 2705 838 2756; x_wconf 81' lang='grc' dir='ltr'><strong>ὲν</strong></span> <span class='ocrx_word' id='word_1_155' title='bbox 863 2703 1199 2774; x_wconf 81' lang='grc' dir='ltr'><strong>παραϐολαῖς</strong></span> <span class='ocrx_word' id='word_1_156' title='bbox 1218 2699 1411 2770; x_wconf 91' lang='grc' dir='ltr'><strong>λελαλη</strong></span> <span class='ocrx_word' id='word_1_157' title='bbox 1421 2699 1575 2770; x_wconf 87' lang='grc' dir='ltr'><strong>μένα,</strong></span> <span class='ocrx_word' id='word_1_158' title='bbox 1622 2697 1718 2751; x_wconf 77' lang='grc' dir='ltr'><strong>καὶ</strong></span> <span class='ocrx_word' id='word_1_159' title='bbox 1745 2706 1909 2766; x_wconf 78' lang='grc' dir='ltr'><strong>παγι-</strong></span> 
     </span>
    </p>
   </div>
   <div class='ocr_carea' id='block_1_25' title="bbox 1960 2690 3590 2779">
    <p class='ocr_par' dir='ltr' id='par_1_25' title="bbox 2007 2690 3590 2779">
     <span class='ocr_line' id='line_1_25' title="bbox 2007 2690 3590 2779; baseline -0.003 -18"><span class='ocrx_word' id='word_1_160' title='bbox 2007 2713 2158 2779; x_wconf 84' lang='lat' dir='ltr'><strong>geret</strong></span> <span class='ocrx_word' id='word_1_161' title='bbox 2202 2719 2326 2776; x_wconf 80' lang='lat' dir='ltr'><strong>quae</strong></span> <span class='ocrx_word' id='word_1_162' title='bbox 2370 2704 2651 2776; x_wconf 86' lang='lat' dir='ltr'><strong>prophetis</strong></span> <span class='ocrx_word' id='word_1_163' title='bbox 2700 2703 2759 2759; x_wconf 89' lang='lat' dir='ltr'><strong>in</strong></span> <span class='ocrx_word' id='word_1_164' title='bbox 2800 2690 3076 2774; x_wconf 72' lang='lat' dir='ltr'><strong>parabolis</strong></span> <span class='ocrx_word' id='word_1_165' title='bbox 3122 2701 3267 2758; x_wconf 88' lang='lat' dir='ltr'><strong>dicta</strong></span> <span class='ocrx_word' id='word_1_166' title='bbox 3308 2708 3486 2765; x_wconf 88' lang='lat' dir='ltr'><strong>erant,</strong></span> <span class='ocrx_word' id='word_1_167' title='bbox 3525 2714 3590 2756; x_wconf 85' lang='lat' dir='ltr'><strong>ac</strong></span> 
     </span>
    </p>
   </div>
   <div class='ocr_carea' id='block_1_26' title="bbox 308 2790 1938 2870">
    <p class='ocr_par' dir='ltr' id='par_1_26' title="bbox 308 2790 1867 2869">
     <span class='ocr_line' id='line_1_26' title="bbox 308 2790 1867 2869; baseline -0.006 -16"><span class='ocrx_word' id='word_1_168' title='bbox 308 2798 513 2864; x_wconf 80' lang='grc' dir='ltr'><strong>δεύσας</strong></span> <span class='ocrx_word' id='word_1_169' title='bbox 544 2799 611 2852; x_wconf 80' lang='grc' dir='ltr'><strong>ἐκ</strong></span> <span class='ocrx_word' id='word_1_170' title='bbox 636 2799 892 2869; x_wconf 83' lang='grc' dir='ltr'><strong>δευτέρου</strong></span> <span class='ocrx_word' id='word_1_171' title='bbox 922 2794 1083 2850; x_wconf 87' lang='grc' dir='ltr'><strong>πάλιν</strong></span> <span class='ocrx_word' id='word_1_172' title='bbox 1106 2791 1405 2866; x_wconf 69' lang='grc' dir='ltr'><strong>ἀποκτείνῃ</strong></span> <span class='ocrx_word' id='word_1_173' title='bbox 1430 2792 1522 2846; x_wconf 81' lang='grc' dir='ltr'><strong>τὸν</strong></span> <span class='ocrx_word' id='word_1_174' title='bbox 1560 2790 1867 2862; x_wconf 79' lang='grc' dir='ltr'><strong>ἄνθρωπον.</strong></span> 
     </span>
    </p>
   </div>
   <div class='ocr_carea' id='block_1_27' title="bbox 1963 2790 3593 2870">
    <p class='ocr_par' dir='ltr' id='par_1_27' title="bbox 2007 2793 3593 2870">
     <span class='ocr_line' id='line_1_27' title="bbox 2007 2793 3593 2870; baseline -0.006 -16"><span class='ocrx_word' id='word_1_175' title='bbox 2007 2798 2188 2855; x_wconf 93' lang='lat' dir='ltr'><strong>denuo</strong></span> <span class='ocrx_word' id='word_1_176' title='bbox 2220 2798 2291 2855; x_wconf 90' lang='lat' dir='ltr'><strong>ad</strong></span> <span class='ocrx_word' id='word_1_177' title='bbox 2323 2797 2662 2870; x_wconf 86' lang='lat' dir='ltr'><strong>perdendum</strong></span> <span class='ocrx_word' id='word_1_178' title='bbox 2688 2811 2886 2854; x_wconf 84' lang='lat' dir='ltr'><strong>rursus</strong></span> <span class='ocrx_word' id='word_1_179' title='bbox 2911 2795 3191 2852; x_wconf 87' lang='lat' dir='ltr'><strong>hominem</strong></span> <span class='ocrx_word' id='word_1_180' title='bbox 3215 2793 3442 2865; x_wconf 85' lang='lat' dir='ltr'><strong>laqueos</strong></span> <span class='ocrx_word' id='word_1_181' title='bbox 3469 2803 3593 2849; x_wconf 88' lang='lat' dir='ltr'><strong>ten-</strong></span> 
     </span>
    </p>
   </div>
   <div class='ocr_carea' id='block_1_28' title="bbox 2006 2890 2569 2946">
    <p class='ocr_par' dir='ltr' id='par_1_28' title="bbox 2006 2890 2569 2946">
     <span class='ocr_line' id='line_1_28' title="bbox 2006 2890 2569 2946; baseline -0.002 -1"><span class='ocrx_word' id='word_1_182' title='bbox 2006 2890 2178 2946; x_wconf 89' lang='lat' dir='ltr'><strong>deret.</strong></span> <span class='ocrx_word' id='word_1_183' title='bbox 2566 2926 2569 2929; x_wconf 93' lang='lat'><strong><em>-</em></strong></span> 
     </span>
    </p>
   </div>
   <div class='ocr_carea' id='block_1_29' title="bbox 314 2960 1944 3052">
    <p class='ocr_par' dir='ltr' id='par_1_29' title="bbox 314 2960 1907 3049">
     <span class='ocr_line' id='line_1_29' title="bbox 314 2960 1907 3049; baseline 0.002 -28"><span class='ocrx_word' id='word_1_184' title='bbox 314 3017 333 3049; x_wconf 34' lang='lat'><strong>.&#39;</strong></span> <span class='ocrx_word' id='word_1_185' title='bbox 379 2971 501 3027; x_wconf 80' lang='grc' dir='ltr'><strong>Καὶ</strong></span> <span class='ocrx_word' id='word_1_186' title='bbox 529 2970 715 3041; x_wconf 83' lang='grc' dir='ltr'><strong>ὄνομα</strong></span> <span class='ocrx_word' id='word_1_187' title='bbox 739 2969 899 3036; x_wconf 79' lang='grc' dir='ltr'><strong>α’ὺτῷ</strong></span> <span class='ocrx_word' id='word_1_188' title='bbox 936 2970 1217 3039; x_wconf 80' lang='grc' dir='ltr'><strong>Ἰωακείμ.</strong></span> <span class='ocrx_word' id='word_1_189' title='bbox 1242 2960 1410 3034; x_wconf 73' lang='grc' dir='ltr'><strong>Οὗτος</strong></span> <span class='ocrx_word' id='word_1_190' title='bbox 1426 2969 1454 3022; x_wconf 92' lang='lat'><strong>6</strong></span> <span class='ocrx_word' id='word_1_191' title='bbox 1486 2969 1743 3040; x_wconf 71' lang='grc' dir='ltr'><strong>’Ῑωακεὶμ</strong></span> <span class='ocrx_word' id='word_1_192' title='bbox 1762 2969 1907 3041; x_wconf 80' lang='grc' dir='ltr'><strong>πάρ-</strong></span> 
     </span>
    </p>
   </div>
   <div class='ocr_carea' id='block_1_30' title="bbox 1960 2960 3590 3052">
    <p class='ocr_par' dir='ltr' id='par_1_30' title="bbox 2076 2978 3589 3052">
     <span class='ocr_line' id='line_1_30' title="bbox 2076 2978 3589 3052; baseline -0.001 -15"><span class='ocrx_word' id='word_1_193' title='bbox 2076 2980 2144 3037; x_wconf 77' lang='lat' dir='ltr'><strong>V.</strong></span> <span class='ocrx_word' id='word_1_194' title='bbox 2185 2982 2209 3037; x_wconf 78' lang='grc'><strong>1</strong></span> <span class='ocrx_word' id='word_1_195' title='bbox 2238 3000 2253 3037; x_wconf 92' lang='lat'>:</span> <span class='ocrx_word' id='word_1_196' title='bbox 2284 2980 2354 3037; x_wconf 87' lang='lat' dir='ltr'><strong>Et</strong></span> <span class='ocrx_word' id='word_1_197' title='bbox 2378 2997 2565 3036; x_wconf 85' lang='lat' dir='ltr'><strong>nomen</strong></span> <span class='ocrx_word' id='word_1_198' title='bbox 2588 2982 2704 3052; x_wconf 81' lang='lat' dir='ltr'><strong>ejus</strong></span> <span class='ocrx_word' id='word_1_199' title='bbox 2730 2981 2965 3037; x_wconf 77' lang='lat' dir='ltr'><strong>Joacim.</strong></span> <span class='ocrx_word' id='word_1_200' title='bbox 2996 2979 3097 3036; x_wconf 85' lang='lat' dir='ltr'><strong>Hic</strong></span> <span class='ocrx_word' id='word_1_201' title='bbox 3121 2978 3334 3037; x_wconf 83' lang='lat' dir='ltr'><strong>Joacim</strong></span> <span class='ocrx_word' id='word_1_202' title='bbox 3381 2979 3589 3035; x_wconf 85' lang='lat' dir='ltr'><strong>advena</strong></span> 
     </span>
    </p>
   </div>
   <div class='ocr_carea' id='block_1_31' title="bbox 227 3058 1857 3152">
    <p class='ocr_par' dir='ltr' id='par_1_31' title="bbox 227 3058 1857 3152">
     <span class='ocr_line' id='line_1_31' title="bbox 227 3058 1857 3152; baseline -0.001 -37"><span class='ocrx_word' id='word_1_203' title='bbox 227 3130 233 3137; x_wconf 26' lang='lat'><em>.</em></span> <span class='ocrx_word' id='word_1_204' title='bbox 315 3072 472 3152; x_wconf 63' lang='grc' dir='ltr'><strong>οιδιος</strong></span> <span class='ocrx_word' id='word_1_205' title='bbox 508 3060 801 3129; x_wconf 87' lang='grc' dir='ltr'><strong>γενόμενος</strong></span> <span class='ocrx_word' id='word_1_206' title='bbox 845 3060 904 3112; x_wconf 77' lang='grc' dir='ltr'><strong>ὲν</strong></span> <span class='ocrx_word' id='word_1_207' title='bbox 942 3058 1244 3121; x_wconf 84' lang='grc' dir='ltr'><strong>Βαϐυλῶνι,</strong></span> <span class='ocrx_word' id='word_1_208' title='bbox 1271 3059 1535 3131; x_wconf 84' lang='grc' dir='ltr'><strong>λαμϐάνει</strong></span> <span class='ocrx_word' id='word_1_209' title='bbox 1562 3061 1662 3132; x_wconf 86' lang='grc' dir='ltr'><strong>τὴν</strong></span> <span class='ocrx_word' id='word_1_210' title='bbox 1691 3061 1857 3114; x_wconf 67' lang='grc' dir='ltr'><strong>Σωσάε</strong></span> 
     </span>
    </p>
   </div>
   <div class='ocr_carea' id='block_1_32' title="bbox 1961 3058 3591 3152">
    <p class='ocr_par' dir='ltr' id='par_1_32' title="bbox 2007 3068 3591 3147">
     <span class='ocr_line' id='line_1_32' title="bbox 2007 3068 3591 3147; baseline -0.001 -18"><span class='ocrx_word' id='word_1_211' title='bbox 2007 3068 2283 3147; x_wconf 78' lang='lat' dir='ltr'><strong>Babylone</strong></span> <span class='ocrx_word' id='word_1_212' title='bbox 2320 3073 2521 3142; x_wconf 87' lang='lat' dir='ltr'><strong>factus,</strong></span> <span class='ocrx_word' id='word_1_213' title='bbox 2566 3072 2878 3130; x_wconf 89' lang='lat' dir='ltr'><strong>Susannam</strong></span> <span class='ocrx_word' id='word_1_214' title='bbox 2918 3089 3145 3131; x_wconf 83' lang='lat' dir='ltr'><strong>uxorem</strong></span> <span class='ocrx_word' id='word_1_215' title='bbox 3197 3073 3368 3129; x_wconf 88' lang='lat' dir='ltr'><strong>ducit.</strong></span> <span class='ocrx_word' id='word_1_216' title='bbox 3419 3070 3591 3127; x_wconf 83' lang='lat' dir='ltr'><strong>Porro</strong></span> 
     </span>
    </p>
   </div>
   <div class='ocr_carea' id='block_1_33' title="bbox 313 3144 1943 3235">
    <p class='ocr_par' dir='ltr' id='par_1_33' title="bbox 313 3144 1906 3221">
     <span class='ocr_line' id='line_1_33' title="bbox 313 3144 1906 3221; baseline 0.001 -19"><span class='ocrx_word' id='word_1_217' title='bbox 313 3144 409 3202; x_wconf 78' lang='grc' dir='ltr'><strong>ναν</strong></span> <span class='ocrx_word' id='word_1_218' title='bbox 428 3148 519 3211; x_wconf 75' lang='grc' dir='ltr'><strong>εἰς</strong></span> <span class='ocrx_word' id='word_1_219' title='bbox 540 3151 791 3216; x_wconf 87' lang='grc' dir='ltr'><strong>γυναῖκα.</strong></span> <span class='ocrx_word' id='word_1_220' title='bbox 822 3145 968 3220; x_wconf 71' lang='grc' dir='ltr'><strong>Αὕτη</strong></span> <span class='ocrx_word' id='word_1_221' title='bbox 999 3148 1055 3200; x_wconf 81' lang='grc' dir='ltr'><strong>δὲ</strong></span> <span class='ocrx_word' id='word_1_222' title='bbox 1078 3144 1148 3220; x_wconf 74' lang='grc' dir='ltr'><strong>ἦν</strong></span> <span class='ocrx_word' id='word_1_223' title='bbox 1170 3147 1418 3221; x_wconf 78' lang='grc' dir='ltr'><strong>θυγάτηρ</strong></span> <span class='ocrx_word' id='word_1_224' title='bbox 1443 3149 1676 3203; x_wconf 79' lang='grc' dir='ltr'><strong>Χελκίου</strong></span> <span class='ocrx_word' id='word_1_225' title='bbox 1707 3149 1802 3203; x_wconf 80' lang='grc' dir='ltr'><strong>τοῦ</strong></span> <span class='ocrx_word' id='word_1_226' title='bbox 1826 3150 1906 3203; x_wconf 80' lang='grc' dir='ltr'><strong>ἱε-</strong></span> 
     </span>
    </p>
   </div>
   <div class='ocr_carea' id='block_1_34' title="bbox 1959 3144 3589 3235">
    <p class='ocr_par' dir='ltr' id='par_1_34' title="bbox 2009 3144 3589 3235">
     <span class='ocr_line' id='line_1_34' title="bbox 2009 3144 3589 3235; baseline -0.003 -14"><span class='ocrx_word' id='word_1_227' title='bbox 2009 3144 2263 3221; x_wconf 84' lang='lat' dir='ltr'><strong>Susanna</strong></span> <span class='ocrx_word' id='word_1_228' title='bbox 2280 3165 2391 3220; x_wconf 86' lang='lat' dir='ltr'><strong>lilia</strong></span> <span class='ocrx_word' id='word_1_229' title='bbox 2423 3173 2542 3220; x_wconf 88' lang='lat' dir='ltr'><strong>erat</strong></span> <span class='ocrx_word' id='word_1_230' title='bbox 2568 3162 2770 3221; x_wconf 73' lang='lat' dir='ltr'><strong>Helcize</strong></span> <span class='ocrx_word' id='word_1_231' title='bbox 2786 3164 3112 3232; x_wconf 86' lang='lat' dir='ltr'><strong>sacerdotis,</strong></span> <span class='ocrx_word' id='word_1_232' title='bbox 3134 3164 3254 3235; x_wconf 84' lang='lat' dir='ltr'><strong>ejus</strong></span> <span class='ocrx_word' id='word_1_233' title='bbox 3279 3162 3589 3234; x_wconf 89' lang='lat' dir='ltr'><strong>quilibrum</strong></span> 
     </span>
    </p>
   </div>
   <div class='ocr_carea' id='block_1_35' title="bbox 319 3236 1949 3328">
    <p class='ocr_par' dir='ltr' id='par_1_35' title="bbox 319 3236 1949 3328">
     <span class='ocr_line' id='line_1_35' title="bbox 319 3236 1949 3328; baseline 0.002 -36"><span class='ocrx_word' id='word_1_234' title='bbox 319 3239 485 3310; x_wconf 84' lang='grc' dir='ltr'><strong>ρέως,</strong></span> <span class='ocrx_word' id='word_1_235' title='bbox 515 3236 610 3291; x_wconf 81' lang='grc' dir='ltr'><strong>τοῦ</strong></span> <span class='ocrx_word' id='word_1_236' title='bbox 642 3237 895 3309; x_wconf 83' lang='grc' dir='ltr'><strong>εὑρόντος</strong></span> <span class='ocrx_word' id='word_1_237' title='bbox 918 3240 979 3292; x_wconf 79' lang='grc' dir='ltr'><strong>τὸ</strong></span> <span class='ocrx_word' id='word_1_238' title='bbox 1002 3237 1203 3309; x_wconf 85' lang='grc' dir='ltr'><strong>βιϐλίον</strong></span> <span class='ocrx_word' id='word_1_239' title='bbox 1231 3238 1326 3294; x_wconf 77' lang='grc' dir='ltr'><strong>τοῦ</strong></span> <span class='ocrx_word' id='word_1_240' title='bbox 1359 3240 1524 3312; x_wconf 86' lang='grc' dir='ltr'><strong>νόμου</strong></span> <span class='ocrx_word' id='word_1_241' title='bbox 1563 3242 1622 3295; x_wconf 83' lang='grc' dir='ltr'><strong>ὲν</strong></span> <span class='ocrx_word' id='word_1_242' title='bbox 1648 3240 1728 3313; x_wconf 80' lang='grc' dir='ltr'><strong>τῷ</strong></span> <span class='ocrx_word' id='word_1_243' title='bbox 1773 3241 1907 3311; x_wconf 71' lang='grc' dir='ltr'><strong>οἴκῳ</strong></span> <span class='ocrx_word' id='word_1_244' title='bbox 1941 3312 1949 3328; x_wconf 39' lang='grc'><strong><em>⁸</em></strong></span> 
     </span>
    </p>
   </div>
   <div class='ocr_carea' id='block_1_36' title="bbox 1964 3236 3594 3328">
    <p class='ocr_par' dir='ltr' id='par_1_36' title="bbox 1964 3253 3594 3328">
     <span class='ocr_line' id='line_1_36' title="bbox 1964 3253 3594 3328; baseline -0.001 -17"><span class='ocrx_word' id='word_1_245' title='bbox 1964 3314 1978 3328; x_wconf 82' lang='lat'><strong><em>_</em></strong></span> <span class='ocrx_word' id='word_1_246' title='bbox 2008 3257 2143 3328; x_wconf 84' lang='lat' dir='ltr'><strong>legis</strong></span> <span class='ocrx_word' id='word_1_247' title='bbox 2175 3257 2234 3312; x_wconf 90' lang='lat' dir='ltr'><strong>in</strong></span> <span class='ocrx_word' id='word_1_248' title='bbox 2268 3255 2433 3312; x_wconf 90' lang='lat' dir='ltr'><strong>domo</strong></span> <span class='ocrx_word' id='word_1_249' title='bbox 2463 3256 2682 3312; x_wconf 88' lang='lat' dir='ltr'><strong>Domini</strong></span> <span class='ocrx_word' id='word_1_250' title='bbox 2728 3256 2967 3321; x_wconf 86' lang='lat' dir='ltr'><strong>invenit,</strong></span> <span class='ocrx_word' id='word_1_251' title='bbox 3012 3255 3233 3328; x_wconf 86' lang='lat' dir='ltr'><strong>quando</strong></span> <span class='ocrx_word' id='word_1_252' title='bbox 3272 3270 3365 3310; x_wconf 79' lang='lat' dir='ltr'><strong>rex</strong></span> <span class='ocrx_word' id='word_1_253' title='bbox 3409 3253 3594 3309; x_wconf 85' lang='lat' dir='ltr'><strong>Josias</strong></span> 
     </span>
    </p>
   </div>
   <div class='ocr_carea' id='block_1_37' title="bbox 313 3312 1943 3418">
    <p class='ocr_par' dir='ltr' id='par_1_37' title="bbox 313 3312 1943 3403">
     <span class='ocr_line' id='line_1_37' title="bbox 313 3312 1943 3403; baseline 0.001 -20"><span class='ocrx_word' id='word_1_254' title='bbox 313 3329 552 3402; x_wconf 81' lang='grc' dir='ltr'><strong>Κυρίου,</strong></span> <span class='ocrx_word' id='word_1_255' title='bbox 582 3329 744 3403; x_wconf 78' lang='grc' dir='ltr'><strong>ἡνίκα</strong></span> <span class='ocrx_word' id='word_1_256' title='bbox 793 3331 1006 3394; x_wconf 83' lang='grc' dir='ltr'><strong>Ἰωσίας</strong></span> <span class='ocrx_word' id='word_1_257' title='bbox 1040 3333 1069 3385; x_wconf 92' lang='lat'><strong>6</strong></span> <span class='ocrx_word' id='word_1_258' title='bbox 1119 3331 1373 3403; x_wconf 83' lang='grc' dir='ltr'><strong>βασιλεὺς</strong></span> <span class='ocrx_word' id='word_1_259' title='bbox 1416 3312 1707 3387; x_wconf 80' lang='grc' dir='ltr'><strong>ἐκέλευσεν</strong></span> <span class='ocrx_word' id='word_1_260' title='bbox 1741 3333 1904 3387; x_wconf 77' lang='grc' dir='ltr'><strong>αὐτὸν</strong></span> <span class='ocrx_word' id='word_1_261' title='bbox 1940 3314 1943 3365; x_wconf 52' lang='grc' dir='ltr'><strong>Ῑ</strong></span> 
     </span>
    </p>
   </div>
   <div class='ocr_carea' id='block_1_38' title="bbox 1959 3312 3589 3418">
    <p class='ocr_par' dir='ltr' id='par_1_38' title="bbox 1959 3312 3589 3418">
     <span class='ocr_line' id='line_1_38' title="bbox 1959 3312 3589 3418; baseline -0.002 -15"><span class='ocrx_word' id='word_1_262' title='bbox 1959 3314 1981 3365; x_wconf 56' lang='grc'>³</span> <span class='ocrx_word' id='word_1_263' title='bbox 2010 3312 2264 3403; x_wconf 55' lang='lat' dir='ltr'><strong>mandari</strong></span> <span class='ocrx_word' id='word_1_264' title='bbox 2298 3346 2501 3404; x_wconf 82' lang='lat' dir='ltr'><strong>Sancta</strong></span> <span class='ocrx_word' id='word_1_265' title='bbox 2525 3356 2842 3405; x_wconf 89' lang='lat' dir='ltr'><strong>sanctorum</strong></span> <span class='ocrx_word' id='word_1_266' title='bbox 2873 3312 3130 3418; x_wconf 72' lang='lat' dir='ltr'><strong>praecepit</strong></span> <span class='ocrx_word' id='word_1_267' title='bbox 3155 3348 3198 3401; x_wconf 82' lang='grc'><strong>¹.</strong></span> <span class='ocrx_word' id='word_1_268' title='bbox 3242 3345 3378 3417; x_wconf 90' lang='lat' dir='ltr'><strong>Ejus</strong></span> <span class='ocrx_word' id='word_1_269' title='bbox 3419 3345 3589 3400; x_wconf 81' lang='lat' dir='ltr'><strong>frater</strong></span> 
     </span>
    </p>
   </div>
   <div class='ocr_carea' id='block_1_39' title="bbox 315 3420 1945 3512">
    <p class='ocr_par' dir='ltr' id='par_1_39' title="bbox 315 3420 1907 3494">
     <span class='ocr_line' id='line_1_39' title="bbox 315 3420 1907 3494; baseline 0.004 -21"><span class='ocrx_word' id='word_1_270' title='bbox 315 3420 616 3492; x_wconf 80' lang='grc' dir='ltr'>καθαρίσαι</span> <span class='ocrx_word' id='word_1_271' title='bbox 639 3420 709 3474; x_wconf 82' lang='grc' dir='ltr'><strong>τὰ</strong></span> <span class='ocrx_word' id='word_1_272' title='bbox 745 3421 908 3490; x_wconf 80' lang='grc' dir='ltr'><strong>Ἅγια</strong></span> <span class='ocrx_word' id='word_1_273' title='bbox 929 3421 1044 3474; x_wconf 81' lang='grc' dir='ltr'><strong>τῶν</strong></span> <span class='ocrx_word' id='word_1_274' title='bbox 1065 3421 1254 3491; x_wconf 82' lang='grc' dir='ltr'><strong>ἁγίων.</strong></span> <span class='ocrx_word' id='word_1_275' title='bbox 1299 3422 1547 3493; x_wconf 80' lang='grc' dir='ltr'><strong>Ἀδελφδς</strong></span> <span class='ocrx_word' id='word_1_276' title='bbox 1568 3424 1773 3494; x_wconf 79' lang='grc' dir='ltr'><strong>γίνεται</strong></span> <span class='ocrx_word' id='word_1_277' title='bbox 1812 3426 1907 3479; x_wconf 84' lang='grc' dir='ltr'><strong>Ἱε-</strong></span> 
     </span>
    </p>
   </div>
   <div class='ocr_carea' id='block_1_40' title="bbox 1955 3420 3585 3512">
    <p class='ocr_par' dir='ltr' id='par_1_40' title="bbox 2005 3437 3585 3512">
     <span class='ocr_line' id='line_1_40' title="bbox 2005 3437 3585 3512; baseline 0 -17"><span class='ocrx_word' id='word_1_278' title='bbox 2005 3448 2089 3495; x_wconf 84' lang='lat' dir='ltr'><strong>est</strong></span> <span class='ocrx_word' id='word_1_279' title='bbox 2107 3437 2373 3496; x_wconf 84' lang='lat' dir='ltr'><strong>Jeremias</strong></span> <span class='ocrx_word' id='word_1_280' title='bbox 2400 3439 2689 3512; x_wconf 87' lang='lat' dir='ltr'><strong>propheta,</strong></span> <span class='ocrx_word' id='word_1_281' title='bbox 2725 3439 2819 3509; x_wconf 89' lang='lat' dir='ltr'><strong>qui</strong></span> <span class='ocrx_word' id='word_1_282' title='bbox 2847 3453 2958 3492; x_wconf 90' lang='lat' dir='ltr'><strong>una</strong></span> <span class='ocrx_word' id='word_1_283' title='bbox 2987 3453 3115 3494; x_wconf 90' lang='lat' dir='ltr'><strong>cum</strong></span> <span class='ocrx_word' id='word_1_284' title='bbox 3154 3438 3393 3495; x_wconf 87' lang='lat' dir='ltr'><strong>residuis</strong></span> <span class='ocrx_word' id='word_1_285' title='bbox 3414 3478 3430 3504; x_wconf 91' lang='lat'><strong>,</strong></span> <span class='ocrx_word' id='word_1_286' title='bbox 3459 3449 3585 3509; x_wconf 80' lang='lat' dir='ltr'><strong>post</strong></span> 
     </span>
    </p>
   </div>
   <div class='ocr_carea' id='block_1_41' title="bbox 248 3513 1878 3603">
    <p class='ocr_par' dir='ltr' id='par_1_41' title="bbox 248 3513 1874 3603">
     <span class='ocr_line' id='line_1_41' title="bbox 248 3513 1874 3603; baseline 0.004 -39"><span class='ocrx_word' id='word_1_287' title='bbox 248 3586 251 3589; x_wconf 16' lang='grc' dir='ltr'><strong>Δ</strong></span> <span class='ocrx_word' id='word_1_288' title='bbox 320 3513 517 3603; x_wconf 77' lang='grc' dir='ltr'><strong>ρεμίας</strong></span> <span class='ocrx_word' id='word_1_289' title='bbox 540 3513 569 3565; x_wconf 91' lang='lat'><strong>6</strong></span> <span class='ocrx_word' id='word_1_290' title='bbox 596 3513 903 3584; x_wconf 74' lang='grc' dir='ltr'><strong>προφήτης,</strong></span> <span class='ocrx_word' id='word_1_291' title='bbox 928 3513 988 3577; x_wconf 83' lang='grc' dir='ltr'><strong>ὃς</strong></span> <span class='ocrx_word' id='word_1_292' title='bbox 1017 3514 1134 3585; x_wconf 77' lang='grc' dir='ltr'><strong>ἅμα</strong></span> <span class='ocrx_word' id='word_1_293' title='bbox 1164 3517 1278 3579; x_wconf 81' lang='grc' dir='ltr'><strong>τοῖς</strong></span> <span class='ocrx_word' id='word_1_294' title='bbox 1300 3515 1619 3595; x_wconf 76' lang='grc' dir='ltr'><strong>ἐπιλοίποις,</strong></span> <span class='ocrx_word' id='word_1_295' title='bbox 1653 3517 1790 3588; x_wconf 83' lang='grc' dir='ltr'><strong>μετὰ</strong></span> <span class='ocrx_word' id='word_1_296' title='bbox 1806 3518 1874 3591; x_wconf 80' lang='grc' dir='ltr'><strong>τὴ</strong></span> 
     </span>
    </p>
   </div>
   <div class='ocr_carea' id='block_1_42' title="bbox 1958 3513 3588 3603">
    <p class='ocr_par' dir='ltr' id='par_1_42' title="bbox 2008 3528 3588 3603">
     <span class='ocr_line' id='line_1_42' title="bbox 2008 3528 3588 3603; baseline -0.002 -16"><span class='ocrx_word' id='word_1_297' title='bbox 2008 3530 2540 3602; x_wconf 84' lang='lat' dir='ltr'><strong>transmigrationem</strong></span> <span class='ocrx_word' id='word_1_298' title='bbox 2565 3528 2751 3602; x_wconf 89' lang='lat' dir='ltr'><strong>populi</strong></span> <span class='ocrx_word' id='word_1_299' title='bbox 2780 3529 3132 3603; x_wconf 85' lang='lat' dir='ltr'><strong>Babylonem,</strong></span> <span class='ocrx_word' id='word_1_300' title='bbox 3176 3529 3374 3586; x_wconf 90' lang='lat' dir='ltr'><strong>ductus</strong></span> <span class='ocrx_word' id='word_1_301' title='bbox 3405 3539 3489 3586; x_wconf 91' lang='lat' dir='ltr'><strong>est</strong></span> <span class='ocrx_word' id='word_1_302' title='bbox 3531 3531 3588 3585; x_wconf 90' lang='lat' dir='ltr'><strong>in</strong></span> 
     </span>
    </p>
   </div>
   <div class='ocr_carea' id='block_1_43' title="bbox 192 3602 1822 3696">
    <p class='ocr_par' dir='ltr' id='par_1_43' title="bbox 192 3602 1822 3681">
     <span class='ocr_line' id='line_1_43' title="bbox 192 3602 1822 3681; baseline 0.006 -28"><span class='ocrx_word' id='word_1_303' title='bbox 192 3637 211 3652; x_wconf 84' lang='grc'><strong>.</strong></span> <span class='ocrx_word' id='word_1_304' title='bbox 315 3602 617 3673; x_wconf 78' lang='grc' dir='ltr'><strong>γενομένην</strong></span> <span class='ocrx_word' id='word_1_305' title='bbox 644 3602 738 3659; x_wconf 75' lang='grc' dir='ltr'><strong>τοῦ</strong></span> <span class='ocrx_word' id='word_1_306' title='bbox 769 3602 901 3657; x_wconf 74' lang='grc' dir='ltr'><strong>λαοῦ</strong></span> <span class='ocrx_word' id='word_1_307' title='bbox 929 3603 987 3657; x_wconf 81' lang='grc' dir='ltr'><strong>ἐν</strong></span> <span class='ocrx_word' id='word_1_308' title='bbox 1011 3604 1290 3659; x_wconf 82' lang='grc' dir='ltr'><strong>Βαϐυλῶνι</strong></span> <span class='ocrx_word' id='word_1_309' title='bbox 1338 3608 1615 3678; x_wconf 81' lang='grc' dir='ltr'><strong>μετοικίαν</strong></span> <span class='ocrx_word' id='word_1_310' title='bbox 1634 3649 1649 3674; x_wconf 88' lang='grc'><strong>,</strong></span> <span class='ocrx_word' id='word_1_311' title='bbox 1699 3610 1822 3681; x_wconf 75' lang='grc' dir='ltr'><strong>ἀνή)</strong></span> 
     </span>
    </p>
   </div>
   <div class='ocr_carea' id='block_1_44' title="bbox 1956 3602 3586 3696">
    <p class='ocr_par' dir='ltr' id='par_1_44' title="bbox 2007 3621 3586 3696">
     <span class='ocr_line' id='line_1_44' title="bbox 2007 3621 3586 3696; baseline -0.001 -18"><span class='ocrx_word' id='word_1_312' title='bbox 2007 3621 2326 3696; x_wconf 66' lang='grc' dir='ltr'><strong>Ᾰῖεγριυῐη,</strong></span> <span class='ocrx_word' id='word_1_313' title='bbox 2360 3623 2719 3679; x_wconf 80' lang='lat' dir='ltr'><strong>et‘habitavit</strong></span> <span class='ocrx_word' id='word_1_314' title='bbox 2765 3622 2821 3677; x_wconf 91' lang='lat' dir='ltr'><strong>in</strong></span> <span class='ocrx_word' id='word_1_315' title='bbox 2853 3621 3100 3693; x_wconf 87' lang='lat' dir='ltr'><strong>Taphnis</strong></span> <span class='ocrx_word' id='word_1_316' title='bbox 3127 3621 3182 3691; x_wconf 87' lang='grc'><strong>³;</strong></span> <span class='ocrx_word' id='word_1_317' title='bbox 3217 3622 3310 3677; x_wconf 88' lang='lat' dir='ltr'><strong>ubi</strong></span> <span class='ocrx_word' id='word_1_318' title='bbox 3351 3621 3586 3694; x_wconf 86' lang='lat' dir='ltr'><strong>prophe-</strong></span> 
     </span>
    </p>
   </div>
   <div class='ocr_carea' id='block_1_45' title="bbox 206 3693 1836 3788">
    <p class='ocr_par' dir='ltr' id='par_1_45' title="bbox 206 3693 1836 3777">
     <span class='ocr_line' id='line_1_45' title="bbox 206 3693 1836 3777; baseline 0.005 -30"><span class='ocrx_word' id='word_1_319' title='bbox 206 3754 215 3759; x_wconf 91' lang='lat'>_</span> <span class='ocrx_word' id='word_1_320' title='bbox 318 3696 398 3759; x_wconf 75' lang='grc' dir='ltr'><strong>εἰς</strong></span> <span class='ocrx_word' id='word_1_321' title='bbox 416 3693 718 3764; x_wconf 77' lang='grc' dir='ltr'><strong>Αἴγυπτον,</strong></span> <span class='ocrx_word' id='word_1_322' title='bbox 742 3696 837 3749; x_wconf 80' lang='grc' dir='ltr'><strong>καὶ</strong></span> <span class='ocrx_word' id='word_1_323' title='bbox 865 3696 1192 3770; x_wconf 78' lang='grc' dir='ltr'><strong>παρῴκησεν</strong></span> <span class='ocrx_word' id='word_1_324' title='bbox 1217 3698 1275 3753; x_wconf 79' lang='grc' dir='ltr'><strong>ὲν</strong></span> <span class='ocrx_word' id='word_1_325' title='bbox 1297 3697 1538 3777; x_wconf 83' lang='grc' dir='ltr'><strong>Τάφναις</strong></span> <span class='ocrx_word' id='word_1_326' title='bbox 1556 3717 1572 3731; x_wconf 89' lang='grc'><strong>·</strong></span> <span class='ocrx_word' id='word_1_327' title='bbox 1601 3701 1763 3757; x_wconf 83' lang='grc' dir='ltr'><strong>κάκεῖ</strong></span> <span class='ocrx_word' id='word_1_328' title='bbox 1776 3719 1836 3775; x_wconf 68' lang='grc' dir='ltr'><strong>πε</strong></span> 
     </span>
    </p>
   </div>
   <div class='ocr_carea' id='block_1_46' title="bbox 1461 3693 3091 3788">
    <p class='ocr_par' dir='ltr' id='par_1_46' title="bbox 1461 3693 3091 3788">
     <span class='ocr_line' id='line_1_46' title="bbox 1461 3693 3091 3788; baseline -0.002 -14"><span class='ocrx_word' id='word_1_329' title='bbox 1461 3706 1538 3788; x_wconf 59' lang='grc' dir='ltr'><strong>τις</strong></span> <span class='ocrx_word' id='word_1_330' title='bbox 1556 3717 1572 3731; x_wconf 77' lang='grc'><strong><em>⁸</em></strong></span> <span class='ocrx_word' id='word_1_331' title='bbox 1601 3701 1763 3757; x_wconf 80' lang='grc' dir='ltr'>κάκεῖ</span> <span class='ocrx_word' id='word_1_332' title='bbox 1776 3719 1909 3775; x_wconf 74' lang='grc' dir='ltr'><strong>προ·</strong></span> <span class='ocrx_word' id='word_1_333' title='bbox 1999 3693 2131 3788; x_wconf 11' lang='lat' dir='ltr'><strong>,tanvs</strong></span> <span class='ocrx_word' id='word_1_334' title='bbox 2154 3715 2426 3787; x_wconf 89' lang='lat' dir='ltr'><strong>lapidibus</strong></span> <span class='ocrx_word' id='word_1_335' title='bbox 2448 3714 2681 3772; x_wconf 84' lang='lat' dir='ltr'><strong>obrutus</strong></span> <span class='ocrx_word' id='word_1_336' title='bbox 2709 3715 2960 3773; x_wconf 89' lang='lat' dir='ltr'><strong>sublatus</strong></span> <span class='ocrx_word' id='word_1_337' title='bbox 2988 3723 3091 3770; x_wconf 90' lang='lat' dir='ltr'><strong>est.</strong></span> 
     </span>
    </p>
   </div>
   <div class='ocr_carea' id='block_1_47' title="bbox 278 3783 3647 3863">
    <p class='ocr_par' dir='ltr' id='par_1_47' title="bbox 278 3783 3647 3863">
     <span class='ocr_line' id='line_1_47' title="bbox 278 3783 3647 3863; baseline 0.004 -27"><span class='ocrx_word' id='word_1_338' title='bbox 278 3856 282 3860; x_wconf 86' lang='lat'><em>_</em></span> <span class='ocrx_word' id='word_1_339' title='bbox 318 3783 573 3859; x_wconf 78' lang='grc' dir='ltr'><strong>φη-τεύων</strong></span> <span class='ocrx_word' id='word_1_340' title='bbox 600 3783 969 3857; x_wconf 71' lang='grc' dir='ltr'><strong>λιθοϐοληϐεὶς</strong></span> <span class='ocrx_word' id='word_1_341' title='bbox 997 3786 1089 3840; x_wconf 80' lang='grc' dir='ltr'><strong>ὑπ’</strong></span> <span class='ocrx_word' id='word_1_342' title='bbox 1113 3787 1292 3842; x_wconf 80' lang='grc' dir='ltr'><strong>αὐτῶν</strong></span> <span class='ocrx_word' id='word_1_343' title='bbox 1325 3784 1588 3863; x_wconf 78' lang='grc' dir='ltr'><strong>ἀνῃρέθη.</strong></span> <span class='ocrx_word' id='word_1_344' title='bbox 1769 3828 1778 3834; x_wconf 93' lang='grc'><strong>-</strong></span> <span class='ocrx_word' id='word_1_345' title='bbox 1999 3785 2001 3788; x_wconf 30' lang='grc'><em>⁴</em></span> <span class='ocrx_word' id='word_1_346' title='bbox 2208 3783 2226 3787; x_wconf 58' lang='grc'><strong><em>”</em></strong></span> <span class='ocrx_word' id='word_1_347' title='bbox 2272 3818 2273 3821; x_wconf 55' lang='grc' dir='ltr'><strong>η</strong></span> <span class='ocrx_word' id='word_1_348' title='bbox 3460 3832 3463 3835; x_wconf 95' lang='grc'><strong><em>-</em></strong></span> <span class='ocrx_word' id='word_1_349' title='bbox 3644 3846 3647 3849; x_wconf 74' lang='grc'><strong>,</strong></span> 
     </span>
    </p>
   </div>
   <div class='ocr_carea' id='block_1_48' title="bbox 388 3868 2018 3955">
    <p class='ocr_par' dir='ltr' id='par_1_48' title="bbox 388 3868 1908 3955">
     <span class='ocr_line' id='line_1_48' title="bbox 388 3868 1908 3955; baseline 0.004 -25"><span class='ocrx_word' id='word_1_350' title='bbox 388 3871 565 3942; x_wconf 69' lang='grc' dir='ltr'><strong>Καλὴ</strong></span> <span class='ocrx_word' id='word_1_351' title='bbox 599 3868 965 3944; x_wconf 62' lang='grc' dir='ltr'><strong>σφόδρακαὶ</strong></span> <span class='ocrx_word' id='word_1_352' title='bbox 1000 3878 1340 3955; x_wconf 52' lang='grc' dir='ltr'><strong>φοϐουμένη</strong></span> <span class='ocrx_word' id='word_1_353' title='bbox 1373 3879 1483 3933; x_wconf 79' lang='grc' dir='ltr'><strong>τὸν</strong></span> <span class='ocrx_word' id='word_1_354' title='bbox 1523 3881 1756 3948; x_wconf 83' lang='grc' dir='ltr'><strong>Κύριον.</strong></span> <span class='ocrx_word' id='word_1_355' title='bbox 1811 3882 1908 3936; x_wconf 84' lang='grc' dir='ltr'><strong>Ἐκ</strong></span> 
     </span>
    </p>
   </div>
   <div class='ocr_carea' id='block_1_49' title="bbox 1960 3868 3590 3955">
    <p class='ocr_par' dir='ltr' id='par_1_49' title="bbox 2078 3870 3590 3929">
     <span class='ocr_line' id='line_1_49' title="bbox 2078 3870 3590 3929; baseline -0.001 -1"><span class='ocrx_word' id='word_1_356' title='bbox 2078 3874 2317 3928; x_wconf 84' lang='lat' dir='ltr'><strong>Pulchra</strong></span> <span class='ocrx_word' id='word_1_357' title='bbox 2333 3872 2485 3928; x_wconf 82' lang='lat' dir='ltr'><strong>valde</strong></span> <span class='ocrx_word' id='word_1_358' title='bbox 2507 3881 2558 3929; x_wconf 84' lang='lat' dir='ltr'><strong>et</strong></span> <span class='ocrx_word' id='word_1_359' title='bbox 2587 3874 2774 3928; x_wconf 81' lang='lat' dir='ltr'><strong>timens</strong></span> <span class='ocrx_word' id='word_1_360' title='bbox 2794 3873 3094 3927; x_wconf 82' lang='lat' dir='ltr'><strong>Dominum.</strong></span> <span class='ocrx_word' id='word_1_361' title='bbox 3109 3870 3197 3926; x_wconf 70' lang='lat' dir='ltr'><strong>&#39;Ex</strong></span> <span class='ocrx_word' id='word_1_362' title='bbox 3215 3870 3392 3926; x_wconf 90' lang='lat' dir='ltr'><strong>fructu</strong></span> <span class='ocrx_word' id='word_1_363' title='bbox 3441 3872 3590 3926; x_wconf 87' lang='lat' dir='ltr'><strong>enim</strong></span> 
     </span>
    </p>
   </div>
   <div class='ocr_carea' id='block_1_50' title="bbox 316 3951 1946 4041">
    <p class='ocr_par' dir='ltr' id='par_1_50' title="bbox 316 3951 1911 4041">
     <span class='ocr_line' id='line_1_50' title="bbox 316 3951 1911 4041; baseline 0.003 -20"><span class='ocrx_word' id='word_1_364' title='bbox 316 3969 437 4039; x_wconf 75' lang='grc' dir='ltr'><strong>γὰρ</strong></span> <span class='ocrx_word' id='word_1_365' title='bbox 457 3965 556 4019; x_wconf 77' lang='grc' dir='ltr'><strong>τοῦ</strong></span> <span class='ocrx_word' id='word_1_366' title='bbox 585 3966 798 4038; x_wconf 78' lang='grc' dir='ltr'><strong>καρποῦ</strong></span> <span class='ocrx_word' id='word_1_367' title='bbox 836 3965 930 4041; x_wconf 79' lang='grc' dir='ltr'><strong>τοῦ</strong></span> <span class='ocrx_word' id='word_1_368' title='bbox 957 3965 1016 4033; x_wconf 78' lang='grc' dir='ltr'><strong>ἐξ</strong></span> <span class='ocrx_word' id='word_1_369' title='bbox 1034 3951 1213 4022; x_wconf 72' lang='grc' dir='ltr'><strong>αὐτῶν</strong></span> <span class='ocrx_word' id='word_1_370' title='bbox 1235 3951 1639 4041; x_wconf 75' lang='grc' dir='ltr'><strong>προϐλήματος,</strong></span> <span class='ocrx_word' id='word_1_371' title='bbox 1668 3972 1911 4036; x_wconf 79' lang='grc' dir='ltr'><strong>εὐκόλως</strong></span> 
     </span>
    </p>
   </div>
   <div class='ocr_carea' id='block_1_51' title="bbox 1955 3951 3585 4041">
    <p class='ocr_par' dir='ltr' id='par_1_51' title="bbox 2009 3963 3585 4036">
     <span class='ocr_line' id='line_1_51' title="bbox 2009 3963 3585 4036; baseline -0.003 -16"><span class='ocrx_word' id='word_1_372' title='bbox 2009 3966 2228 4020; x_wconf 88' lang='lat' dir='ltr'><strong>illorum</strong></span> <span class='ocrx_word' id='word_1_373' title='bbox 2263 3964 2548 4036; x_wconf 81' lang='lat' dir='ltr'><strong>germinis,</strong></span> <span class='ocrx_word' id='word_1_374' title='bbox 2577 3964 2740 4020; x_wconf 79' lang='lat' dir='ltr'><strong>facile</strong></span> <span class='ocrx_word' id='word_1_375' title='bbox 2782 3968 3003 4034; x_wconf 85' lang='lat' dir='ltr'><strong>quoque</strong></span> <span class='ocrx_word' id='word_1_376' title='bbox 3030 3963 3193 4017; x_wconf 84' lang='lat' dir='ltr'><strong>arbor</strong></span> <span class='ocrx_word' id='word_1_377' title='bbox 3214 3963 3585 4033; x_wconf 82' lang='lat' dir='ltr'><strong>cognoscitur.</strong></span> 
     </span>
    </p>
   </div>
   <div class='ocr_carea' id='block_1_52' title="bbox 290 4050 1920 4131">
    <p class='ocr_par' dir='ltr' id='par_1_52' title="bbox 290 4050 1908 4131">
     <span class='ocr_line' id='line_1_52' title="bbox 290 4050 1908 4131; baseline 0.002 -18"><span class='ocrx_word' id='word_1_378' title='bbox 290 4050 506 4114; x_wconf 57' lang='grc' dir='ltr'><strong>’καῖτὸ</strong></span> <span class='ocrx_word' id='word_1_379' title='bbox 536 4058 750 4130; x_wconf 78' lang='grc' dir='ltr'><strong>δένδρον</strong></span> <span class='ocrx_word' id='word_1_380' title='bbox 774 4056 1117 4127; x_wconf 83' lang='grc' dir='ltr'><strong>γινώσκεται.</strong></span> <span class='ocrx_word' id='word_1_381' title='bbox 1154 4060 1383 4131; x_wconf 76' lang='grc' dir='ltr'><strong>’Ἄνδρες</strong></span> <span class='ocrx_word' id='word_1_382' title='bbox 1409 4062 1519 4131; x_wconf 84' lang='grc' dir='ltr'><strong>γὰρ</strong></span> <span class='ocrx_word' id='word_1_383' title='bbox 1546 4061 1794 4127; x_wconf 78' lang='grc' dir='ltr'><strong>εὐλαϐεῖς</strong></span> <span class='ocrx_word' id='word_1_384' title='bbox 1814 4064 1908 4117; x_wconf 72' lang='grc' dir='ltr'><strong>καὶ</strong></span> 
     </span>
    </p>
   </div>
   <div class='ocr_carea' id='block_1_53' title="bbox 1962 4050 3592 4131">
    <p class='ocr_par' dir='ltr' id='par_1_53' title="bbox 2010 4055 3592 4126">
     <span class='ocr_line' id='line_1_53' title="bbox 2010 4055 3592 4126; baseline 0 -18"><span class='ocrx_word' id='word_1_385' title='bbox 2010 4055 2127 4110; x_wconf 81' lang='lat' dir='ltr'><strong>Viri</strong></span> <span class='ocrx_word' id='word_1_386' title='bbox 2164 4056 2313 4111; x_wconf 90' lang='lat' dir='ltr'><strong>enim</strong></span> <span class='ocrx_word' id='word_1_387' title='bbox 2351 4056 2593 4126; x_wconf 79' lang='lat' dir='ltr'><strong>religiosi</strong></span> <span class='ocrx_word' id='word_1_388' title='bbox 2646 4056 2891 4126; x_wconf 85' lang='lat' dir='ltr'><strong>legisque</strong></span> <span class='ocrx_word' id='word_1_389' title='bbox 2916 4055 3266 4112; x_wconf 63' lang='lat' dir='ltr'><strong>aemulatores</strong></span> <span class='ocrx_word' id='word_1_390' title='bbox 3310 4055 3472 4121; x_wconf 89' lang='lat' dir='ltr'><strong>facti,</strong></span> <span class='ocrx_word' id='word_1_391' title='bbox 3505 4056 3592 4109; x_wconf 89' lang='lat' dir='ltr'><strong>di-</strong></span> 
     </span>
    </p>
   </div>
   <div class='ocr_carea' id='block_1_54' title="bbox 188 4139 1818 4227">
    <p class='ocr_par' dir='ltr' id='par_1_54' title="bbox 188 4139 1815 4222">
     <span class='ocr_line' id='line_1_54' title="bbox 188 4139 1815 4222; baseline 0.002 -18"><span class='ocrx_word' id='word_1_392' title='bbox 188 4139 193 4143; x_wconf 29' lang='lat'>.</span> <span class='ocrx_word' id='word_1_393' title='bbox 294 4150 563 4222; x_wconf 75' lang='grc' dir='ltr'><strong>ζηλωταὶ</strong></span> <span class='ocrx_word' id='word_1_394' title='bbox 582 4148 677 4203; x_wconf 82' lang='grc' dir='ltr'><strong>τοῦ</strong></span> <span class='ocrx_word' id='word_1_395' title='bbox 706 4149 873 4221; x_wconf 85' lang='grc' dir='ltr'><strong>νόμου</strong></span> <span class='ocrx_word' id='word_1_396' title='bbox 898 4150 1276 4222; x_wconf 76' lang='grc' dir='ltr'><strong>γεγενημένοι,</strong></span> <span class='ocrx_word' id='word_1_397' title='bbox 1318 4152 1447 4216; x_wconf 77' lang='grc' dir='ltr'><strong>ἄξια</strong></span> <span class='ocrx_word' id='word_1_398' title='bbox 1473 4152 1615 4206; x_wconf 75' lang='grc' dir='ltr'><strong>Θεοῦ</strong></span> <span class='ocrx_word' id='word_1_399' title='bbox 1649 4154 1815 4207; x_wconf 81' lang='grc' dir='ltr'><strong>τέκνα</strong></span> 
     </span>
    </p>
   </div>
   <div class='ocr_carea' id='block_1_55' title="bbox 1954 4139 3584 4227">
    <p class='ocr_par' dir='ltr' id='par_1_55' title="bbox 2009 4148 3584 4227">
     <span class='ocr_line' id='line_1_55' title="bbox 2009 4148 3584 4227; baseline -0.001 -24"><span class='ocrx_word' id='word_1_400' title='bbox 2009 4164 2145 4219; x_wconf 86' lang='lat' dir='ltr'><strong>gnos</strong></span> <span class='ocrx_word' id='word_1_401' title='bbox 2172 4148 2282 4204; x_wconf 88' lang='lat' dir='ltr'><strong>Deo</strong></span> <span class='ocrx_word' id='word_1_402' title='bbox 2304 4149 2507 4204; x_wconf 87' lang='lat' dir='ltr'><strong>liberos</strong></span> <span class='ocrx_word' id='word_1_403' title='bbox 2539 4149 2592 4203; x_wconf 89' lang='lat' dir='ltr'><strong>in</strong></span> <span class='ocrx_word' id='word_1_404' title='bbox 2623 4150 2832 4227; x_wconf 70' lang='lat' dir='ltr'><strong>mundo</strong></span> <span class='ocrx_word' id='word_1_405' title='bbox 2868 4150 3277 4219; x_wconf 83' lang='lat' dir='ltr'><strong>produxerunt:</strong></span> <span class='ocrx_word' id='word_1_406' title='bbox 3327 4148 3584 4209; x_wconf 87' lang='lat' dir='ltr'><strong>alterum.</strong></span> 
     </span>
    </p>
   </div>
   <div class='ocr_carea' id='block_1_56' title="bbox 306 4231 1936 4318">
    <p class='ocr_par' dir='ltr' id='par_1_56' title="bbox 306 4231 1911 4318">
     <span class='ocr_line' id='line_1_56' title="bbox 306 4231 1911 4318; baseline 0.003 -22"><span class='ocrx_word' id='word_1_407' title='bbox 306 4231 516 4314; x_wconf 71' lang='grc' dir='ltr'><strong>’κόσμῳ</strong></span> <span class='ocrx_word' id='word_1_408' title='bbox 546 4240 943 4314; x_wconf 82' lang='grc' dir='ltr'><strong>προηγάγοντο·</strong></span> <span class='ocrx_word' id='word_1_409' title='bbox 971 4241 1064 4295; x_wconf 83' lang='grc' dir='ltr'><strong>τὸν</strong></span> <span class='ocrx_word' id='word_1_410' title='bbox 1096 4237 1198 4314; x_wconf 80' lang='grc' dir='ltr'><strong>μὲν</strong></span> <span class='ocrx_word' id='word_1_411' title='bbox 1219 4244 1508 4314; x_wconf 73' lang='grc' dir='ltr'><strong>προφήτην</strong></span> <span class='ocrx_word' id='word_1_412' title='bbox 1524 4245 1617 4298; x_wconf 76' lang='grc' dir='ltr'><strong>καὶ</strong></span> <span class='ocrx_word' id='word_1_413' title='bbox 1653 4244 1911 4318; x_wconf 82' lang='grc' dir='ltr'><strong>μάρτυρα</strong></span> 
     </span>
    </p>
   </div>
   <div class='ocr_carea' id='block_1_57' title="bbox 1952 4231 3582 4318">
    <p class='ocr_par' dir='ltr' id='par_1_57' title="bbox 2006 4241 3582 4311">
     <span class='ocr_line' id='line_1_57' title="bbox 2006 4241 3582 4311; baseline -0.001 -16"><span class='ocrx_word' id='word_1_414' title='bbox 2006 4242 2212 4297; x_wconf 87' lang='lat' dir='ltr'><strong>Christi</strong></span> <span class='ocrx_word' id='word_1_415' title='bbox 2237 4241 2556 4311; x_wconf 87' lang='lat' dir='ltr'><strong>prophetam</strong></span> <span class='ocrx_word' id='word_1_416' title='bbox 2588 4249 2752 4309; x_wconf 89' lang='lat' dir='ltr'><strong>atque</strong></span> <span class='ocrx_word' id='word_1_417' title='bbox 2796 4250 3127 4310; x_wconf 82' lang='lat' dir='ltr'><strong>martyrem;</strong></span> <span class='ocrx_word' id='word_1_418' title='bbox 3168 4241 3397 4297; x_wconf 82' lang='lat' dir='ltr'><strong>alteram</strong></span> <span class='ocrx_word' id='word_1_419' title='bbox 3424 4281 3438 4303; x_wconf 83' lang='lat'><strong>.</strong></span> <span class='ocrx_word' id='word_1_420' title='bbox 3490 4256 3582 4295; x_wconf 88' lang='lat' dir='ltr'><strong>ca-</strong></span> 
     </span>
    </p>
   </div>
   <div class='ocr_carea' id='block_1_58' title="bbox 294 4331 1924 4411">
    <p class='ocr_par' dir='ltr' id='par_1_58' title="bbox 294 4331 1908 4411">
     <span class='ocr_line' id='line_1_58' title="bbox 294 4331 1908 4411; baseline 0.001 -25"><span class='ocrx_word' id='word_1_421' title='bbox 294 4331 565 4406; x_wconf 81' lang='grc' dir='ltr'><strong>’Χριστοῦ</strong></span> <span class='ocrx_word' id='word_1_422' title='bbox 595 4333 992 4411; x_wconf 68' lang='grc' dir='ltr'><strong>γεγενημένον,</strong></span> <span class='ocrx_word' id='word_1_423' title='bbox 1023 4332 1123 4404; x_wconf 83' lang='grc' dir='ltr'><strong>τὴν</strong></span> <span class='ocrx_word' id='word_1_424' title='bbox 1163 4332 1220 4385; x_wconf 78' lang='grc' dir='ltr'><strong>δὲ</strong></span> <span class='ocrx_word' id='word_1_425' title='bbox 1267 4331 1518 4404; x_wconf 70' lang='grc' dir='ltr'><strong>σώφρονα</strong></span> <span class='ocrx_word' id='word_1_426' title='bbox 1565 4334 1661 4387; x_wconf 77' lang='grc' dir='ltr'><strong>καὶ</strong></span> <span class='ocrx_word' id='word_1_427' title='bbox 1711 4335 1908 4407; x_wconf 75' lang='grc' dir='ltr'><strong>πιστὴν</strong></span> 
     </span>
    </p>
   </div>
   <div class='ocr_carea' id='block_1_59' title="bbox 1961 4331 3591 4411">
    <p class='ocr_par' dir='ltr' id='par_1_59' title="bbox 2011 4332 3591 4405">
     <span class='ocr_line' id='line_1_59' title="bbox 2011 4332 3591 4405; baseline 0 -19"><span class='ocrx_word' id='word_1_428' title='bbox 2011 4342 2150 4386; x_wconf 86' lang='lat' dir='ltr'><strong>stam</strong></span> <span class='ocrx_word' id='word_1_429' title='bbox 2170 4333 2498 4405; x_wconf 59' lang='lat' dir='ltr'><strong>integraque</strong></span> <span class='ocrx_word' id='word_1_430' title='bbox 2524 4332 2647 4390; x_wconf 82' lang='lat' dir='ltr'><strong>fidei</strong></span> <span class='ocrx_word' id='word_1_431' title='bbox 2673 4332 2949 4405; x_wconf 86' lang='lat' dir='ltr'><strong>Babylone</strong></span> <span class='ocrx_word' id='word_1_432' title='bbox 2970 4343 3273 4404; x_wconf 87' lang='lat' dir='ltr'><strong>repertam;</strong></span> <span class='ocrx_word' id='word_1_433' title='bbox 3311 4333 3471 4403; x_wconf 87' lang='lat' dir='ltr'><strong>cujus</strong></span> <span class='ocrx_word' id='word_1_434' title='bbox 3489 4348 3556 4402; x_wconf 90' lang='lat' dir='ltr'><strong>pu</strong></span> <span class='ocrx_word' id='word_1_435' title='bbox 3573 4361 3591 4372; x_wconf 93' lang='lat'><em>-</em></span> 
     </span>
    </p>
   </div>
   <div class='ocr_carea' id='block_1_60' title="bbox 320 4416 1950 4498">
    <p class='ocr_par' dir='ltr' id='par_1_60' title="bbox 320 4416 1904 4498">
     <span class='ocr_line' id='line_1_60' title="bbox 320 4416 1904 4498; baseline 0.001 -19"><span class='ocrx_word' id='word_1_436' title='bbox 320 4426 634 4498; x_wconf 84' lang='grc' dir='ltr'><strong>εὑρημένην</strong></span> <span class='ocrx_word' id='word_1_437' title='bbox 666 4425 728 4479; x_wconf 83' lang='grc' dir='ltr'><strong>ὲν</strong></span> <span class='ocrx_word' id='word_1_438' title='bbox 754 4416 1038 4480; x_wconf 60' lang='grc' dir='ltr'><strong>’Βαϐυλῶνι</strong></span> <span class='ocrx_word' id='word_1_439' title='bbox 1057 4442 1072 4456; x_wconf 91' lang='grc'><strong>·</strong></span> <span class='ocrx_word' id='word_1_440' title='bbox 1110 4418 1180 4497; x_wconf 82' lang='grc' dir='ltr'><strong>ἦς</strong></span> <span class='ocrx_word' id='word_1_441' title='bbox 1204 4425 1267 4478; x_wconf 89' lang='grc' dir='ltr'><strong>τὸ</strong></span> <span class='ocrx_word' id='word_1_442' title='bbox 1299 4426 1494 4497; x_wconf 76' lang='grc' dir='ltr'><strong>σεμνὸν</strong></span> <span class='ocrx_word' id='word_1_443' title='bbox 1538 4428 1633 4481; x_wconf 77' lang='grc' dir='ltr'><strong>καὶ</strong></span> <span class='ocrx_word' id='word_1_444' title='bbox 1671 4427 1904 4497; x_wconf 72' lang='grc' dir='ltr'><strong>σῶφρον,</strong></span> 
     </span>
    </p>
   </div>
   <div class='ocr_carea' id='block_1_61' title="bbox 1960 4416 3590 4498">
    <p class='ocr_par' dir='ltr' id='par_1_61' title="bbox 2008 4423 3590 4495">
     <span class='ocr_line' id='line_1_61' title="bbox 2008 4423 3590 4495; baseline -0.003 -15"><span class='ocrx_word' id='word_1_445' title='bbox 2008 4425 2197 4480; x_wconf 88' lang='lat' dir='ltr'><strong>dicitia</strong></span> <span class='ocrx_word' id='word_1_446' title='bbox 2228 4433 2394 4495; x_wconf 89' lang='lat' dir='ltr'><strong>atque</strong></span> <span class='ocrx_word' id='word_1_447' title='bbox 2422 4425 2650 4480; x_wconf 87' lang='lat' dir='ltr'><strong>castitas</strong></span> <span class='ocrx_word' id='word_1_448' title='bbox 2678 4426 2820 4480; x_wconf 86' lang='lat' dir='ltr'><strong>ratio</strong></span> <span class='ocrx_word' id='word_1_449' title='bbox 2846 4424 2969 4492; x_wconf 90' lang='lat' dir='ltr'><strong>fuit,</strong></span> <span class='ocrx_word' id='word_1_450' title='bbox 2994 4434 3054 4480; x_wconf 91' lang='lat' dir='ltr'><strong>ut</strong></span> <span class='ocrx_word' id='word_1_451' title='bbox 3083 4424 3446 4480; x_wconf 88' lang='lat' dir='ltr'><strong>innotesceret</strong></span> <span class='ocrx_word' id='word_1_452' title='bbox 3484 4423 3590 4477; x_wconf 83' lang='lat' dir='ltr'><strong>Da-</strong></span> 
     </span>
    </p>
   </div>
   <div class='ocr_carea' id='block_1_62' title="bbox 319 4516 1949 4597">
    <p class='ocr_par' dir='ltr' id='par_1_62' title="bbox 319 4516 1587 4597">
     <span class='ocr_line' id='line_1_62' title="bbox 319 4516 1587 4597; baseline -0.002 -22"><span class='ocrx_word' id='word_1_453' title='bbox 319 4521 410 4587; x_wconf 67' lang='grc' dir='ltr'><strong>τὸν</strong></span> <span class='ocrx_word' id='word_1_454' title='bbox 445 4517 715 4590; x_wconf 85' lang='grc' dir='ltr'><strong>μακάριον</strong></span> <span class='ocrx_word' id='word_1_455' title='bbox 737 4516 932 4587; x_wconf 83' lang='grc' dir='ltr'><strong>Δανιὴλ</strong></span> <span class='ocrx_word' id='word_1_456' title='bbox 961 4518 1265 4597; x_wconf 66' lang='grc' dir='ltr'><strong>προφήτηνα</strong></span> <span class='ocrx_word' id='word_1_457' title='bbox 1288 4516 1587 4597; x_wconf 78' lang='grc' dir='ltr'><strong>ἀπέδειξεν.</strong></span> 
     </span>
    </p>
   </div>
   <div class='ocr_carea' id='block_1_63' title="bbox 798 4516 2428 4597">
    <p class='ocr_par' dir='ltr' id='par_1_63' title="bbox 798 4516 2428 4597">
     <span class='ocr_line' id='line_1_63' title="bbox 798 4516 2428 4597; baseline 0.002 -29"><span class='ocrx_word' id='word_1_458' title='bbox 798 4516 932 4587; x_wconf 83' lang='grc' dir='ltr'><strong>ινιὴλ</strong></span> <span class='ocrx_word' id='word_1_459' title='bbox 961 4518 1265 4597; x_wconf 66' lang='grc' dir='ltr'><strong>προφήτηνα</strong></span> <span class='ocrx_word' id='word_1_460' title='bbox 1288 4516 1587 4597; x_wconf 79' lang='grc' dir='ltr'><strong>ἀπέδειξεν.</strong></span> <span class='ocrx_word' id='word_1_461' title='bbox 2008 4519 2117 4574; x_wconf 84' lang='lat' dir='ltr'><strong>niel</strong></span> <span class='ocrx_word' id='word_1_462' title='bbox 2146 4520 2428 4590; x_wconf 84' lang='lat' dir='ltr'><strong>propheta.</strong></span> 
     </span>
    </p>
   </div>
   <div class='ocr_carea' id='block_1_64' title="bbox 288 4593 1918 4708">
    <p class='ocr_par' dir='ltr' id='par_1_64' title="bbox 288 4593 1907 4699">
     <span class='ocr_line' id='line_1_64' title="bbox 288 4593 1907 4699; baseline -0.006 -29"><span class='ocrx_word' id='word_1_463' title='bbox 288 4661 293 4670; x_wconf 94' lang='lat'><strong>.</strong></span> <span class='ocrx_word' id='word_1_464' title='bbox 349 4683 359 4686; x_wconf 25' lang='grc' dir='ltr'>ν</span> <span class='ocrx_word' id='word_1_465' title='bbox 388 4611 505 4667; x_wconf 78' lang='grc' dir='ltr'><strong>Καὶ</strong></span> <span class='ocrx_word' id='word_1_466' title='bbox 532 4598 613 4680; x_wconf 81' lang='grc' dir='ltr'><strong>ἦν</strong></span> <span class='ocrx_word' id='word_1_467' title='bbox 649 4609 908 4699; x_wconf 60' lang='grc' dir='ltr'><strong>Ἰωαθιεὶμ</strong></span> <span class='ocrx_word' id='word_1_468' title='bbox 933 4593 1231 4675; x_wconf 78' lang='grc' dir='ltr'><strong>πλούσιος</strong></span> <span class='ocrx_word' id='word_1_469' title='bbox 1257 4593 1513 4679; x_wconf 67' lang='grc' dir='ltr'><strong>σφόδρα.</strong></span> <span class='ocrx_word' id='word_1_470' title='bbox 1548 4611 1641 4661; x_wconf 84' lang='grc' dir='ltr'><strong>Δεῖ</strong></span> <span class='ocrx_word' id='word_1_471' title='bbox 1671 4604 1763 4663; x_wconf 79' lang='grc' dir='ltr'><strong>οὖν</strong></span> <span class='ocrx_word' id='word_1_472' title='bbox 1789 4611 1907 4662; x_wconf 77' lang='grc' dir='ltr'><strong>επι-</strong></span> 
     </span>
    </p>
   </div>
   <div class='ocr_carea' id='block_1_65' title="bbox 1956 4593 3586 4708">
    <p class='ocr_par' dir='ltr' id='par_1_65' title="bbox 1956 4607 3586 4708">
     <span class='ocr_line' id='line_1_65' title="bbox 1956 4607 3586 4708; baseline -0.001 -42"><span class='ocrx_word' id='word_1_473' title='bbox 1956 4652 1976 4708; x_wconf 55' lang='lat'>3</span> <span class='ocrx_word' id='word_1_474' title='bbox 2085 4611 2146 4667; x_wconf 73' lang='grc' dir='ltr'><strong>ν.</strong></span> <span class='ocrx_word' id='word_1_475' title='bbox 2194 4614 2259 4667; x_wconf 73' lang='lat'><strong>4:</strong></span> <span class='ocrx_word' id='word_1_476' title='bbox 2322 4608 2391 4666; x_wconf 85' lang='lat' dir='ltr'><strong>Et</strong></span> <span class='ocrx_word' id='word_1_477' title='bbox 2440 4621 2558 4667; x_wconf 84' lang='lat' dir='ltr'><strong>erat</strong></span> <span class='ocrx_word' id='word_1_478' title='bbox 2611 4610 2823 4667; x_wconf 76' lang='lat' dir='ltr'><strong>Joacim</strong></span> <span class='ocrx_word' id='word_1_479' title='bbox 2871 4610 3014 4665; x_wconf 83' lang='lat' dir='ltr'><strong>dives</strong></span> <span class='ocrx_word' id='word_1_480' title='bbox 3066 4607 3239 4665; x_wconf 80' lang='lat' dir='ltr'><strong>valde.</strong></span> <span class='ocrx_word' id='word_1_481' title='bbox 3282 4608 3586 4677; x_wconf 61' lang='lat' dir='ltr'><strong>Quaerenda</strong></span> 
     </span>
    </p>
   </div>
   <div class='ocr_carea' id='block_1_66' title="bbox 204 4687 1834 4775">
    <p class='ocr_par' dir='ltr' id='par_1_66' title="bbox 204 4687 1834 4775">
     <span class='ocr_line' id='line_1_66' title="bbox 204 4687 1834 4775; baseline -0.001 -20"><span class='ocrx_word' id='word_1_482' title='bbox 204 4750 213 4755; x_wconf 86' lang='lat'><strong>.</strong></span> <span class='ocrx_word' id='word_1_483' title='bbox 319 4704 508 4775; x_wconf 78' lang='grc' dir='ltr'><strong>ζητεῖν</strong></span> <span class='ocrx_word' id='word_1_484' title='bbox 533 4687 841 4770; x_wconf 49' lang='grc' dir='ltr'><strong>τὺςαῖτιον·</strong></span> <span class='ocrx_word' id='word_1_485' title='bbox 884 4700 1003 4765; x_wconf 81' lang='grc' dir='ltr'><strong>πῶς</strong></span> <span class='ocrx_word' id='word_1_486' title='bbox 1044 4699 1154 4772; x_wconf 80' lang='grc' dir='ltr'><strong>γάρ</strong></span> <span class='ocrx_word' id='word_1_487' title='bbox 1193 4699 1528 4772; x_wconf 81' lang='grc' dir='ltr'><strong>αἰχμάλωτοι</strong></span> <span class='ocrx_word' id='word_1_488' title='bbox 1573 4701 1834 4774; x_wconf 66' lang='grc' dir='ltr'><strong>ὑπάρχοναι</strong></span> 
     </span>
    </p>
   </div>
   <div class='ocr_carea' id='block_1_67' title="bbox 1963 4687 3593 4775">
    <p class='ocr_par' dir='ltr' id='par_1_67' title="bbox 1963 4687 3593 4775">
     <span class='ocr_line' id='line_1_67' title="bbox 1963 4687 3593 4775; baseline -0.002 -16"><span class='ocrx_word' id='word_1_489' title='bbox 1963 4687 1976 4706; x_wconf 66' lang='grc'><strong><em>⁸</em></strong></span> <span class='ocrx_word' id='word_1_490' title='bbox 2009 4720 2175 4760; x_wconf 88' lang='lat' dir='ltr'><strong>causa</strong></span> <span class='ocrx_word' id='word_1_491' title='bbox 2199 4713 2317 4761; x_wconf 91' lang='lat' dir='ltr'><strong>est:</strong></span> <span class='ocrx_word' id='word_1_492' title='bbox 2353 4704 2630 4775; x_wconf 88' lang='lat' dir='ltr'><strong>quomodo</strong></span> <span class='ocrx_word' id='word_1_493' title='bbox 2663 4705 2809 4761; x_wconf 86' lang='lat' dir='ltr'><strong>enim</strong></span> <span class='ocrx_word' id='word_1_494' title='bbox 2849 4705 2945 4775; x_wconf 87' lang='lat' dir='ltr'><strong>qui</strong></span> <span class='ocrx_word' id='word_1_495' title='bbox 2971 4703 3168 4775; x_wconf 80' lang='lat' dir='ltr'><strong>captivi</strong></span> <span class='ocrx_word' id='word_1_496' title='bbox 3197 4712 3379 4760; x_wconf 88' lang='lat' dir='ltr'><strong>essent</strong></span> <span class='ocrx_word' id='word_1_497' title='bbox 3405 4712 3460 4758; x_wconf 89' lang='lat' dir='ltr'><strong>et</strong></span> <span class='ocrx_word' id='word_1_498' title='bbox 3487 4702 3593 4756; x_wconf 70' lang='lat' dir='ltr'><strong>Ba~~</strong></span> 
     </span>
    </p>
   </div>
   <div class='ocr_carea' id='block_1_68' title="bbox 327 4787 1957 4872">
    <p class='ocr_par' dir='ltr' id='par_1_68' title="bbox 327 4790 1913 4872">
     <span class='ocr_line' id='line_1_68' title="bbox 327 4790 1913 4872; baseline -0.001 -24"><span class='ocrx_word' id='word_1_499' title='bbox 327 4798 426 4849; x_wconf 73' lang='grc' dir='ltr'><strong>καὶ</strong></span> <span class='ocrx_word' id='word_1_500' title='bbox 465 4791 745 4846; x_wconf 83' lang='grc' dir='ltr'><strong>ὑπόδουλοι</strong></span> <span class='ocrx_word' id='word_1_501' title='bbox 789 4790 1152 4872; x_wconf 87' lang='grc' dir='ltr'><strong>Βαϐυλωνίοις</strong></span> <span class='ocrx_word' id='word_1_502' title='bbox 1175 4790 1180 4795; x_wconf 85' lang='grc'><em>’</em></span> <span class='ocrx_word' id='word_1_503' title='bbox 1206 4792 1589 4862; x_wconf 71' lang='grc' dir='ltr'><strong>γεγενημένοι,</strong></span> <span class='ocrx_word' id='word_1_504' title='bbox 1651 4792 1913 4862; x_wconf 71' lang='grc' dir='ltr'><strong>ἠδύναντο</strong></span> 
     </span>
    </p>
   </div>
   <div class='ocr_carea' id='block_1_69' title="bbox 1958 4787 3588 4872">
    <p class='ocr_par' dir='ltr' id='par_1_69' title="bbox 2009 4787 3588 4868">
     <span class='ocr_line' id='line_1_69' title="bbox 2009 4787 3588 4868; baseline -0.001 -17"><span class='ocrx_word' id='word_1_505' title='bbox 2009 4796 2248 4867; x_wconf 84' lang='lat' dir='ltr'><strong>byloniis</strong></span> <span class='ocrx_word' id='word_1_506' title='bbox 2292 4796 2625 4867; x_wconf 89' lang='lat' dir='ltr'><strong>mancipati,</strong></span> <span class='ocrx_word' id='word_1_507' title='bbox 2662 4797 2718 4851; x_wconf 92' lang='lat' dir='ltr'><strong>in</strong></span> <span class='ocrx_word' id='word_1_508' title='bbox 2758 4810 2929 4850; x_wconf 88' lang='lat' dir='ltr'><strong>unum</strong></span> <span class='ocrx_word' id='word_1_509' title='bbox 2965 4797 3259 4852; x_wconf 89' lang='lat' dir='ltr'><strong>convenire</strong></span> <span class='ocrx_word' id='word_1_510' title='bbox 3314 4787 3588 4868; x_wconf 87' lang='lat' dir='ltr'><strong>poterant,</strong></span> 
     </span>
    </p>
   </div>
   <div class='ocr_carea' id='block_1_70' title="bbox 227 4882 1857 4965">
    <p class='ocr_par' dir='ltr' id='par_1_70' title="bbox 227 4882 1857 4965">
     <span class='ocr_line' id='line_1_70' title="bbox 227 4882 1857 4965; baseline -0.001 -24"><span class='ocrx_word' id='word_1_511' title='bbox 227 4911 230 4914; x_wconf 52' lang='grc' dir='ltr'><strong>η</strong></span> <span class='ocrx_word' id='word_1_512' title='bbox 332 4882 691 4959; x_wconf 83' lang='grc' dir='ltr'><strong>συνέρχεσθαι</strong></span> <span class='ocrx_word' id='word_1_513' title='bbox 727 4885 1019 4965; x_wconf 57' lang='grc' dir='ltr'><strong>,ἐπιτοαυτὸ</strong></span> <span class='ocrx_word' id='word_1_514' title='bbox 1063 4885 1143 4949; x_wconf 81' lang='grc' dir='ltr'><strong>ὡς</strong></span> <span class='ocrx_word' id='word_1_515' title='bbox 1179 4884 1548 4950; x_wconf 75' lang='grc' dir='ltr'><strong>αὐτεξούσιοις</strong></span> <span class='ocrx_word' id='word_1_516' title='bbox 1604 4887 1694 4940; x_wconf 91' lang='grc' dir='ltr'><strong>Ἐν</strong></span> <span class='ocrx_word' id='word_1_517' title='bbox 1735 4885 1857 4940; x_wconf 83' lang='grc' dir='ltr'><strong>τούτ</strong></span> 
     </span>
    </p>
   </div>
   <div class='ocr_carea' id='block_1_71' title="bbox 1961 4882 3591 4965">
    <p class='ocr_par' dir='ltr' id='par_1_71' title="bbox 2007 4886 3591 4960">
     <span class='ocr_line' id='line_1_71' title="bbox 2007 4886 3591 4960; baseline 0.001 -19"><span class='ocrx_word' id='word_1_518' title='bbox 2007 4889 2166 4959; x_wconf 92' lang='lat' dir='ltr'><strong>quasi</strong></span> <span class='ocrx_word' id='word_1_519' title='bbox 2191 4888 2278 4944; x_wconf 91' lang='lat' dir='ltr'><strong>sui</strong></span> <span class='ocrx_word' id='word_1_520' title='bbox 2303 4888 2450 4959; x_wconf 90' lang='lat' dir='ltr'><strong>juris</strong></span> <span class='ocrx_word' id='word_1_521' title='bbox 2476 4898 2843 4960; x_wconf 89' lang='lat' dir='ltr'><strong>essentatque</strong></span> <span class='ocrx_word' id='word_1_522' title='bbox 2874 4886 3213 4957; x_wconf 80' lang='lat' dir='ltr'><strong>liberi?Qua</strong></span> <span class='ocrx_word' id='word_1_523' title='bbox 3241 4890 3297 4945; x_wconf 90' lang='lat' dir='ltr'><strong>in</strong></span> <span class='ocrx_word' id='word_1_524' title='bbox 3327 4904 3388 4944; x_wconf 88' lang='lat' dir='ltr'><strong>re</strong></span> <span class='ocrx_word' id='word_1_525' title='bbox 3409 4890 3591 4944; x_wconf 83' lang='lat' dir='ltr'><strong>consi-</strong></span> 
     </span>
    </p>
   </div>
   <div class='ocr_carea' id='block_1_72' title="bbox 328 4964 1958 5059">
    <p class='ocr_par' dir='ltr' id='par_1_72' title="bbox 328 4964 1912 5059">
     <span class='ocr_line' id='line_1_72' title="bbox 328 4964 1912 5059; baseline 0.001 -28"><span class='ocrx_word' id='word_1_526' title='bbox 328 4979 596 5042; x_wconf 80' lang='grc' dir='ltr'><strong>δεῖ-νοεῖν,</strong></span> <span class='ocrx_word' id='word_1_527' title='bbox 623 4979 706 5032; x_wconf 86' lang='grc' dir='ltr'><strong>ὄτι</strong></span> <span class='ocrx_word' id='word_1_528' title='bbox 730 4964 1045 5048; x_wconf 86' lang='grc' dir='ltr'><strong>μετοικίσας</strong></span> <span class='ocrx_word' id='word_1_529' title='bbox 1066 4978 1265 5043; x_wconf 72' lang='grc' dir='ltr'><strong>αὐτοὺς</strong></span> <span class='ocrx_word' id='word_1_530' title='bbox 1289 4977 1762 5059; x_wconf 56' lang='grc' dir='ltr'><strong>Ναϐουχοδονόσορ</strong></span> <span class='ocrx_word' id='word_1_531' title='bbox 1779 5019 1793 5043; x_wconf 84' lang='grc'><strong>,</strong></span> <span class='ocrx_word' id='word_1_532' title='bbox 1823 4996 1912 5048; x_wconf 84' lang='grc' dir='ltr'><strong>φι-</strong></span> 
     </span>
    </p>
   </div>
   <div class='ocr_carea' id='block_1_73' title="bbox 1974 4964 3604 5059">
    <p class='ocr_par' dir='ltr' id='par_1_73' title="bbox 2008 4964 3604 5053">
     <span class='ocr_line' id='line_1_73' title="bbox 2008 4964 3604 5053; baseline 0.001 -19"><span class='ocrx_word' id='word_1_533' title='bbox 2008 4980 2312 5036; x_wconf 88' lang='lat' dir='ltr'><strong>deraudum</strong></span> <span class='ocrx_word' id='word_1_534' title='bbox 2340 4987 2444 5047; x_wconf 89' lang='lat' dir='ltr'><strong>est,</strong></span> <span class='ocrx_word' id='word_1_535' title='bbox 2469 4978 3067 5038; x_wconf 84' lang='lat' dir='ltr'><strong>Nabuchodonosorem</strong></span> <span class='ocrx_word' id='word_1_536' title='bbox 3091 4982 3187 5053; x_wconf 91' lang='lat' dir='ltr'><strong>qui</strong></span> <span class='ocrx_word' id='word_1_537' title='bbox 3211 4996 3306 5037; x_wconf 90' lang='lat' dir='ltr'><strong>eos</strong></span> <span class='ocrx_word' id='word_1_538' title='bbox 3346 4964 3604 5036; x_wconf 22' lang='lat' dir='ltr'><strong>transtu-r‘</strong></span> 
     </span>
    </p>
   </div>
   <div class='ocr_carea' id='block_1_74' title="bbox 324 5054 1954 5146">
    <p class='ocr_par' dir='ltr' id='par_1_74' title="bbox 324 5054 1910 5141">
     <span class='ocr_line' id='line_1_74' title="bbox 324 5054 1910 5141; baseline 0.001 -18"><span class='ocrx_word' id='word_1_539' title='bbox 324 5067 662 5141; x_wconf 81' lang='grc' dir='ltr'><strong>λανθρώπως</strong></span> <span class='ocrx_word' id='word_1_540' title='bbox 704 5071 887 5133; x_wconf 73' lang='grc' dir='ltr'><strong>αὐτοῖς</strong></span> <span class='ocrx_word' id='word_1_541' title='bbox 913 5070 1202 5141; x_wconf 62' lang='grc' dir='ltr'><strong>ἐχρήσατο,</strong></span> <span class='ocrx_word' id='word_1_542' title='bbox 1250 5054 1344 5123; x_wconf 78' lang='grc' dir='ltr'><strong>καὶ</strong></span> <span class='ocrx_word' id='word_1_543' title='bbox 1375 5054 1674 5141; x_wconf 67' lang='grc' dir='ltr'><strong>ἐπέτρεψεν</strong></span> <span class='ocrx_word' id='word_1_544' title='bbox 1710 5072 1910 5135; x_wconf 77' lang='grc' dir='ltr'><strong>αὐτοὺς</strong></span> 
     </span>
    </p>
   </div>
   <div class='ocr_carea' id='block_1_75' title="bbox 1960 5054 3590 5146">
    <p class='ocr_par' dir='ltr' id='par_1_75' title="bbox 2014 5072 3590 5146">
     <span class='ocr_line' id='line_1_75' title="bbox 2014 5072 3590 5146; baseline 0 -17"><span class='ocrx_word' id='word_1_545' title='bbox 2014 5076 2171 5140; x_wconf 88' lang='lat' dir='ltr'><strong>lerat,</strong></span> <span class='ocrx_word' id='word_1_546' title='bbox 2202 5072 2389 5129; x_wconf 90' lang='lat' dir='ltr'><strong>mitius</strong></span> <span class='ocrx_word' id='word_1_547' title='bbox 2410 5072 2517 5129; x_wconf 85' lang='lat' dir='ltr'><strong>illis</strong></span> <span class='ocrx_word' id='word_1_548' title='bbox 2542 5089 2706 5130; x_wconf 89' lang='lat' dir='ltr'><strong>usum</strong></span> <span class='ocrx_word' id='word_1_549' title='bbox 2726 5090 2867 5142; x_wconf 89' lang='lat' dir='ltr'><strong>esse,</strong></span> <span class='ocrx_word' id='word_1_550' title='bbox 2895 5090 2962 5132; x_wconf 88' lang='lat' dir='ltr'><strong>ac</strong></span> <span class='ocrx_word' id='word_1_551' title='bbox 2984 5074 3300 5146; x_wconf 83' lang='lat' dir='ltr'><strong>permisisse</strong></span> <span class='ocrx_word' id='word_1_552' title='bbox 3316 5082 3377 5128; x_wconf 93' lang='lat' dir='ltr'><strong>ut</strong></span> <span class='ocrx_word' id='word_1_553' title='bbox 3400 5073 3590 5129; x_wconf 90' lang='lat' dir='ltr'><strong>liberis</strong></span> 
     </span>
    </p>
   </div>
   <div class='ocr_carea' id='block_1_76' title="bbox 267 5153 1897 5238">
    <p class='ocr_par' dir='ltr' id='par_1_76' title="bbox 267 5153 1866 5238">
     <span class='ocr_line' id='line_1_76' title="bbox 267 5153 1866 5238; baseline 0.001 -23"><span class='ocrx_word' id='word_1_554' title='bbox 267 5153 273 5158; x_wconf 68' lang='grc'><strong>’</strong></span> <span class='ocrx_word' id='word_1_555' title='bbox 323 5153 787 5238; x_wconf 64' lang='grc' dir='ltr'><strong>συνερχομένουςξ</strong></span> <span class='ocrx_word' id='word_1_556' title='bbox 810 5161 988 5216; x_wconf 85' lang='grc' dir='ltr'><strong>πάντα</strong></span> <span class='ocrx_word' id='word_1_557' title='bbox 1012 5161 1083 5227; x_wconf 68' lang='grc' dir='ltr'><strong>τὰ</strong></span> <span class='ocrx_word' id='word_1_558' title='bbox 1107 5158 1248 5216; x_wconf 82' lang='grc' dir='ltr'><strong>κατὰ</strong></span> <span class='ocrx_word' id='word_1_559' title='bbox 1274 5161 1367 5216; x_wconf 81' lang='grc' dir='ltr'><strong>τὸν</strong></span> <span class='ocrx_word' id='word_1_560' title='bbox 1392 5162 1555 5234; x_wconf 87' lang='grc' dir='ltr'><strong>νόμον</strong></span> <span class='ocrx_word' id='word_1_561' title='bbox 1582 5162 1866 5234; x_wconf 82' lang='grc' dir='ltr'><strong>πράσσειν.</strong></span> 
     </span>
    </p>
   </div>
   <div class='ocr_carea' id='block_1_77' title="bbox 1844 5153 3474 5238">
    <p class='ocr_par' dir='ltr' id='par_1_77' title="bbox 1844 5164 3474 5237">
     <span class='ocr_line' id='line_1_77' title="bbox 1844 5164 3474 5237; baseline -0.001 -20"><span class='ocrx_word' id='word_1_562' title='bbox 1844 5182 1866 5217; x_wconf 80' lang='grc' dir='ltr'><strong>ι.</strong></span> <span class='ocrx_word' id='word_1_563' title='bbox 2013 5164 2395 5231; x_wconf 87' lang='lat' dir='ltr'><strong>conventibus,</strong></span> <span class='ocrx_word' id='word_1_564' title='bbox 2415 5174 2615 5222; x_wconf 89' lang='lat' dir='ltr'><strong>cuncta</strong></span> <span class='ocrx_word' id='word_1_565' title='bbox 2637 5181 2707 5221; x_wconf 81' lang='lat' dir='ltr'><strong>ex</strong></span> <span class='ocrx_word' id='word_1_566' title='bbox 2740 5167 2875 5237; x_wconf 83' lang='lat' dir='ltr'><strong>legis</strong></span> <span class='ocrx_word' id='word_1_567' title='bbox 2902 5166 3207 5221; x_wconf 87' lang='lat' dir='ltr'><strong>rationibus</strong></span> <span class='ocrx_word' id='word_1_568' title='bbox 3234 5172 3474 5235; x_wconf 80' lang='lat' dir='ltr'><strong>agerent.</strong></span> 
     </span>
    </p>
   </div>
   <div class='ocr_carea' id='block_1_78' title="bbox 397 5246 2027 5329">
    <p class='ocr_par' dir='ltr' id='par_1_78' title="bbox 397 5249 1905 5321">
     <span class='ocr_line' id='line_1_78' title="bbox 397 5249 1905 5321; baseline -0.001 -15"><span class='ocrx_word' id='word_1_569' title='bbox 397 5253 503 5307; x_wconf 85' lang='grc' dir='ltr'><strong>Καὶ</strong></span> <span class='ocrx_word' id='word_1_570' title='bbox 537 5254 855 5321; x_wconf 77' lang='grc' dir='ltr'><strong>μεσούσης</strong></span> <span class='ocrx_word' id='word_1_571' title='bbox 884 5249 999 5321; x_wconf 78' lang='grc' dir='ltr'><strong>τῆς</strong></span> <span class='ocrx_word' id='word_1_572' title='bbox 1048 5250 1278 5321; x_wconf 69' lang='grc' dir='ltr'><strong>ἡμέρας</strong></span> <span class='ocrx_word' id='word_1_573' title='bbox 1326 5253 1742 5321; x_wconf 71' lang='grc' dir='ltr'><strong>εἰσεπορεύετο</strong></span> <span class='ocrx_word' id='word_1_574' title='bbox 1770 5256 1905 5307; x_wconf 86' lang='grc' dir='ltr'><strong>-Σω-</strong></span> 
     </span>
    </p>
   </div>
   <div class='ocr_carea' id='block_1_79' title="bbox 1957 5246 3587 5329">
    <p class='ocr_par' dir='ltr' id='par_1_79' title="bbox 2086 5246 3587 5329">
     <span class='ocr_line' id='line_1_79' title="bbox 2086 5246 3587 5329; baseline -0.003 -17"><span class='ocrx_word' id='word_1_575' title='bbox 2086 5254 2152 5312; x_wconf 78' lang='lat' dir='ltr'><strong>Y.</strong></span> <span class='ocrx_word' id='word_1_576' title='bbox 2179 5255 2245 5310; x_wconf 91' lang='lat'><strong>7:</strong></span> <span class='ocrx_word' id='word_1_577' title='bbox 2279 5256 2349 5312; x_wconf 83' lang='lat' dir='ltr'><strong>Et</strong></span> <span class='ocrx_word' id='word_1_578' title='bbox 2378 5257 2598 5312; x_wconf 78' lang='lat' dir='ltr'><strong>meridie</strong></span> <span class='ocrx_word' id='word_1_579' title='bbox 2620 5258 3012 5329; x_wconf 84' lang='lat' dir='ltr'><strong>ingrediebatur</strong></span> <span class='ocrx_word' id='word_1_580' title='bbox 3033 5246 3300 5313; x_wconf 80' lang='lat' dir='ltr'><strong>Susanna.</strong></span> <span class='ocrx_word' id='word_1_581' title='bbox 3332 5253 3587 5309; x_wconf 83' lang='lat' dir='ltr'><strong>Susanna</strong></span> 
     </span>
    </p>
   </div>
   <div class='ocr_carea' id='block_1_80' title="bbox 322 5334 1952 5421">
    <p class='ocr_par' dir='ltr' id='par_1_80' title="bbox 322 5342 1904 5416">
     <span class='ocr_line' id='line_1_80' title="bbox 322 5342 1904 5416; baseline -0.001 -18"><span class='ocrx_word' id='word_1_582' title='bbox 322 5342 541 5401; x_wconf 80' lang='grc' dir='ltr'><strong>σὰννα.</strong></span> <span class='ocrx_word' id='word_1_583' title='bbox 588 5345 653 5399; x_wconf 87' lang='grc' dir='ltr'><strong>Ἥ</strong></span> <span class='ocrx_word' id='word_1_584' title='bbox 693 5343 952 5399; x_wconf 85' lang='grc' dir='ltr'><strong>Σωσάννα</strong></span> <span class='ocrx_word' id='word_1_585' title='bbox 991 5345 1364 5416; x_wconf 84' lang='grc' dir='ltr'><strong>προετυποῦτο</strong></span> <span class='ocrx_word' id='word_1_586' title='bbox 1413 5342 1492 5408; x_wconf 82' lang='grc' dir='ltr'><strong>είς</strong></span> <span class='ocrx_word' id='word_1_587' title='bbox 1530 5344 1628 5416; x_wconf 84' lang='grc' dir='ltr'><strong>τὴν</strong></span> <span class='ocrx_word' id='word_1_588' title='bbox 1674 5344 1904 5416; x_wconf 85' lang='grc' dir='ltr'><strong>Ἐκκλη-</strong></span> 
     </span>
    </p>
   </div>
   <div class='ocr_carea' id='block_1_81' title="bbox 2042 5334 3672 5421">
    <p class='ocr_par' dir='ltr' id='par_1_81' title="bbox 2042 5334 3672 5421">
     <span class='ocr_line' id='line_1_81' title="bbox 2042 5334 3672 5421; baseline -0.001 -19"><span class='ocrx_word' id='word_1_589' title='bbox 2042 5347 2317 5405; x_wconf 68' lang='lat' dir='ltr'><strong>Ecclesiam</strong></span> <span class='ocrx_word' id='word_1_590' title='bbox 2376 5349 2793 5421; x_wconf 75' lang='lat' dir='ltr'><strong>pmﬁgurabat;</strong></span> <span class='ocrx_word' id='word_1_591' title='bbox 2846 5349 3058 5406; x_wconf 82' lang='lat' dir='ltr'><strong>Joacim</strong></span> <span class='ocrx_word' id='word_1_592' title='bbox 3109 5362 3240 5402; x_wconf 81' lang='lat' dir='ltr'><strong>vero</strong></span> <span class='ocrx_word' id='word_1_593' title='bbox 3292 5346 3380 5401; x_wconf 89' lang='lat' dir='ltr'><strong>vir</strong></span> <span class='ocrx_word' id='word_1_594' title='bbox 3443 5334 3586 5415; x_wconf 82' lang='lat' dir='ltr'><strong>ejus,</strong></span> <span class='ocrx_word' id='word_1_595' title='bbox 3666 5360 3672 5369; x_wconf 78' lang='lat'><em>‘</em></span> 
     </span>
    </p>
   </div>
   <div class='ocr_carea' id='block_1_82' title="bbox 325 5434 1955 5512">
    <p class='ocr_par' dir='ltr' id='par_1_82' title="bbox 325 5434 1908 5507">
     <span class='ocr_line' id='line_1_82' title="bbox 325 5434 1908 5507; baseline 0 -19"><span class='ocrx_word' id='word_1_596' title='bbox 325 5435 480 5491; x_wconf 86' lang='grc' dir='ltr'><strong>σίαν·</strong></span> <span class='ocrx_word' id='word_1_597' title='bbox 520 5436 775 5507; x_wconf 77' lang='grc' dir='ltr'><strong>Ἰωακεὶμ</strong></span> <span class='ocrx_word' id='word_1_598' title='bbox 795 5435 851 5490; x_wconf 78' lang='grc' dir='ltr'><strong>δὲ</strong></span> <span class='ocrx_word' id='word_1_599' title='bbox 877 5438 907 5489; x_wconf 92' lang='lat'><strong>6</strong></span> <span class='ocrx_word' id='word_1_600' title='bbox 934 5435 1074 5507; x_wconf 73' lang='lat' dir='ltr'><strong>dtth</strong></span> <span class='ocrx_word' id='word_1_601' title='bbox 1094 5435 1285 5506; x_wconf 70' lang='grc' dir='ltr'><strong>αὐτῆς,</strong></span> <span class='ocrx_word' id='word_1_602' title='bbox 1325 5436 1407 5501; x_wconf 81' lang='grc' dir='ltr'><strong>εἰς</strong></span> <span class='ocrx_word' id='word_1_603' title='bbox 1442 5435 1536 5489; x_wconf 86' lang='grc' dir='ltr'><strong>τὸν</strong></span> <span class='ocrx_word' id='word_1_604' title='bbox 1563 5434 1797 5507; x_wconf 83' lang='grc' dir='ltr'><strong>Χριστόν</strong></span> <span class='ocrx_word' id='word_1_605' title='bbox 1817 5454 1832 5468; x_wconf 89' lang='grc'>·</span> <span class='ocrx_word' id='word_1_606' title='bbox 1878 5437 1908 5488; x_wconf 93' lang='lat'><strong>6</strong></span> 
     </span>
    </p>
   </div>
   <div class='ocr_carea' id='block_1_83' title="bbox 1960 5434 3590 5512">
    <p class='ocr_par' dir='ltr' id='par_1_83' title="bbox 2012 5434 3590 5512">
     <span class='ocr_line' id='line_1_83' title="bbox 2012 5434 3590 5512; baseline 0.001 -19"><span class='ocrx_word' id='word_1_607' title='bbox 2012 5439 2313 5495; x_wconf 85' lang='lat' dir='ltr'><strong>Christum.</strong></span> <span class='ocrx_word' id='word_1_608' title='bbox 2334 5439 2535 5498; x_wconf 81' lang='lat' dir='ltr'><strong>Hertus</strong></span> <span class='ocrx_word' id='word_1_609' title='bbox 2555 5457 2652 5498; x_wconf 91' lang='lat' dir='ltr'><strong>seu</strong></span> <span class='ocrx_word' id='word_1_610' title='bbox 2668 5439 3224 5512; x_wconf 88' lang='lat' dir='ltr'><strong>pomarium,vocatio</strong></span> <span class='ocrx_word' id='word_1_611' title='bbox 3246 5434 3590 5499; x_wconf 82' lang='lat' dir='ltr'><strong>sanctorum.</strong></span> 
     </span>
    </p>
   </div>
   <div class='ocr_carea' id='block_1_84' title="bbox 253 5512 1883 5617">
    <p class='ocr_par' dir='ltr' id='par_1_84' title="bbox 253 5512 1883 5617">
     <span class='ocr_line' id='line_1_84' title="bbox 253 5512 1883 5617; baseline 0.001 -37"><span class='ocrx_word' id='word_1_612' title='bbox 253 5512 278 5563; x_wconf 62' lang='grc' dir='ltr'><em>Ϊ</em></span> <span class='ocrx_word' id='word_1_613' title='bbox 321 5524 382 5580; x_wconf 76' lang='grc' dir='ltr'><strong>δὲ</strong></span> <span class='ocrx_word' id='word_1_614' title='bbox 405 5525 753 5615; x_wconf 71' lang='grc' dir='ltr'><strong>παράδεισος,</strong></span> <span class='ocrx_word' id='word_1_615' title='bbox 782 5528 816 5599; x_wconf 86' lang='grc' dir='ltr'>ὴ</span> <span class='ocrx_word' id='word_1_616' title='bbox 840 5525 1047 5597; x_wconf 78' lang='grc' dir='ltr'><strong>κλῆσις·</strong></span> <span class='ocrx_word' id='word_1_617' title='bbox 1066 5522 1176 5617; x_wconf 53' lang='grc' dir='ltr'><strong>τρν</strong></span> <span class='ocrx_word' id='word_1_618' title='bbox 1194 5525 1393 5596; x_wconf 63' lang='grc' dir='ltr'><strong>άγίων,</strong></span> <span class='ocrx_word' id='word_1_619' title='bbox 1417 5526 1493 5591; x_wconf 84' lang='grc' dir='ltr'><strong>ὡς</strong></span> <span class='ocrx_word' id='word_1_620' title='bbox 1515 5526 1747 5599; x_wconf 85' lang='grc' dir='ltr'><strong>δένδρων</strong></span> <span class='ocrx_word' id='word_1_621' title='bbox 1767 5544 1883 5600; x_wconf 78' lang='grc' dir='ltr'><strong>καρι</strong></span> 
     </span>
    </p>
   </div>
   <div class='ocr_carea' id='block_1_85' title="bbox 1961 5512 3591 5617">
    <p class='ocr_par' dir='ltr' id='par_1_85' title="bbox 2013 5526 3591 5600">
     <span class='ocr_line' id='line_1_85' title="bbox 2013 5526 3591 5600; baseline 0 -17"><span class='ocrx_word' id='word_1_622' title='bbox 2013 5528 2108 5599; x_wconf 91' lang='lat' dir='ltr'><strong>qui</strong></span> <span class='ocrx_word' id='word_1_623' title='bbox 2131 5537 2389 5600; x_wconf 84' lang='lat' dir='ltr'><strong>tanquam</strong></span> <span class='ocrx_word' id='word_1_624' title='bbox 2430 5529 2727 5586; x_wconf 67' lang='lat' dir='ltr'><strong>fructifera:</strong></span> <span class='ocrx_word' id='word_1_625' title='bbox 2750 5530 2977 5586; x_wconf 86' lang='lat' dir='ltr'><strong>arbores</strong></span> <span class='ocrx_word' id='word_1_626' title='bbox 3003 5529 3059 5584; x_wconf 90' lang='lat' dir='ltr'><strong>in</strong></span> <span class='ocrx_word' id='word_1_627' title='bbox 3085 5526 3329 5582; x_wconf 91' lang='lat' dir='ltr'><strong>Ecclesia</strong></span> <span class='ocrx_word' id='word_1_628' title='bbox 3359 5528 3591 5599; x_wconf 87' lang='lat' dir='ltr'><strong>plantati</strong></span> 
     </span>
    </p>
   </div>
   <div class='ocr_carea' id='block_1_86' title="bbox 324 5616 1954 5699">
    <p class='ocr_par' dir='ltr' id='par_1_86' title="bbox 324 5616 1907 5699">
     <span class='ocr_line' id='line_1_86' title="bbox 324 5616 1907 5699; baseline 0.001 -28"><span class='ocrx_word' id='word_1_629' title='bbox 324 5616 582 5691; x_wconf 78' lang='grc' dir='ltr'><strong>ποφόρων</strong></span> <span class='ocrx_word' id='word_1_630' title='bbox 620 5620 679 5671; x_wconf 83' lang='grc' dir='ltr'><strong>ὲν</strong></span> <span class='ocrx_word' id='word_1_631' title='bbox 715 5617 1015 5691; x_wconf 73' lang='grc' dir='ltr'><strong>Ἐκκλησία</strong></span> <span class='ocrx_word' id='word_1_632' title='bbox 1057 5616 1521 5699; x_wconf 66' lang='grc' dir='ltr'><strong>πεφυτευμένων-</strong></span> <span class='ocrx_word' id='word_1_633' title='bbox 1550 5618 1809 5673; x_wconf 84' lang='grc' dir='ltr'><strong>Βαϐυλὼν</strong></span> <span class='ocrx_word' id='word_1_634' title='bbox 1847 5619 1907 5673; x_wconf 84' lang='grc' dir='ltr'><strong>δέ</strong></span> 
     </span>
    </p>
   </div>
   <div class='ocr_carea' id='block_1_87' title="bbox 1959 5616 3589 5699">
    <p class='ocr_par' dir='ltr' id='par_1_87' title="bbox 2013 5618 3589 5695">
     <span class='ocr_line' id='line_1_87' title="bbox 2013 5618 3589 5695; baseline -0.003 -18"><span class='ocrx_word' id='word_1_635' title='bbox 2013 5628 2164 5677; x_wconf 86' lang='lat' dir='ltr'><strong>sunt.</strong></span> <span class='ocrx_word' id='word_1_636' title='bbox 2201 5618 2466 5695; x_wconf 87' lang='lat' dir='ltr'><strong>Babylon,</strong></span> <span class='ocrx_word' id='word_1_637' title='bbox 2498 5623 2739 5678; x_wconf 89' lang='lat' dir='ltr'><strong>mundus</strong></span> <span class='ocrx_word' id='word_1_638' title='bbox 2769 5631 2874 5679; x_wconf 89' lang='lat' dir='ltr'><strong>est.</strong></span> <span class='ocrx_word' id='word_1_639' title='bbox 2907 5623 3028 5677; x_wconf 84' lang='lat' dir='ltr'><strong>Duo</strong></span> <span class='ocrx_word' id='word_1_640' title='bbox 3050 5618 3318 5685; x_wconf 90' lang='lat' dir='ltr'><strong>seniores,</strong></span> <span class='ocrx_word' id='word_1_641' title='bbox 3344 5620 3485 5676; x_wconf 90' lang='lat' dir='ltr'><strong>duos</strong></span> <span class='ocrx_word' id='word_1_642' title='bbox 3502 5634 3589 5689; x_wconf 82' lang='lat' dir='ltr'><strong>po-</strong></span> 
     </span>
    </p>
   </div>
   <div class='ocr_carea' id='block_1_88' title="bbox 330 5710 1960 5789">
    <p class='ocr_par' dir='ltr' id='par_1_88' title="bbox 330 5710 1906 5789">
     <span class='ocr_line' id='line_1_88' title="bbox 330 5710 1906 5789; baseline 0.002 -26"><span class='ocrx_word' id='word_1_643' title='bbox 330 5710 475 5766; x_wconf 77' lang='grc' dir='ltr'><strong>ὲστιν</strong></span> <span class='ocrx_word' id='word_1_644' title='bbox 497 5713 526 5766; x_wconf 93' lang='lat'><strong>6</strong></span> <span class='ocrx_word' id='word_1_645' title='bbox 549 5710 756 5783; x_wconf 76' lang='grc' dir='ltr'><strong>κόσμος</strong></span> <span class='ocrx_word' id='word_1_646' title='bbox 771 5723 791 5743; x_wconf 80' lang='grc'><strong>⁶“</strong></span> <span class='ocrx_word' id='word_1_647' title='bbox 810 5711 861 5765; x_wconf 87' lang='grc' dir='ltr'><strong>οἱ</strong></span> <span class='ocrx_word' id='word_1_648' title='bbox 886 5710 944 5765; x_wconf 84' lang='grc' dir='ltr'><strong>δὲ</strong></span> <span class='ocrx_word' id='word_1_649' title='bbox 969 5710 1063 5765; x_wconf 87' lang='grc' dir='ltr'><strong>δύο</strong></span> <span class='ocrx_word' id='word_1_650' title='bbox 1087 5710 1470 5789; x_wconf 72' lang='grc' dir='ltr'><strong>πρεσϐύτεροι,</strong></span> <span class='ocrx_word' id='word_1_651' title='bbox 1497 5711 1578 5776; x_wconf 86' lang='grc' dir='ltr'><strong>εἰς</strong></span> <span class='ocrx_word' id='word_1_652' title='bbox 1606 5711 1778 5766; x_wconf 80' lang='grc' dir='ltr'><strong>τύπον</strong></span> <span class='ocrx_word' id='word_1_653' title='bbox 1798 5712 1906 5766; x_wconf 85' lang='grc' dir='ltr'><strong>δεί-</strong></span> 
     </span>
    </p>
   </div>
   <div class='ocr_carea' id='block_1_89' title="bbox 1962 5710 3592 5789">
    <p class='ocr_par' dir='ltr' id='par_1_89' title="bbox 2013 5710 3592 5789">
     <span class='ocr_line' id='line_1_89' title="bbox 2013 5710 3592 5789; baseline -0.004 -17"><span class='ocrx_word' id='word_1_654' title='bbox 2013 5714 2175 5787; x_wconf 84' lang='lat' dir='ltr'><strong>pulos</strong></span> <span class='ocrx_word' id='word_1_655' title='bbox 2228 5715 2465 5789; x_wconf 71' lang='lat' dir='ltr'><strong>figurare</strong></span> <span class='ocrx_word' id='word_1_656' title='bbox 2514 5724 2858 5787; x_wconf 90' lang='lat' dir='ltr'><strong>noscuntur,</strong></span> <span class='ocrx_word' id='word_1_657' title='bbox 2914 5714 3009 5788; x_wconf 84' lang='lat' dir='ltr'><strong>qui</strong></span> <span class='ocrx_word' id='word_1_658' title='bbox 3049 5710 3310 5770; x_wconf 75' lang='lat' dir='ltr'><strong>Ecclesiae</strong></span> <span class='ocrx_word' id='word_1_659' title='bbox 3362 5711 3592 5770; x_wconf 82' lang='lat' dir='ltr'><strong>insidias</strong></span> 
     </span>
    </p>
   </div>
   <div class='ocr_carea' id='block_1_90' title="bbox 406 5874 1901 5953">
    <p class='ocr_par' dir='ltr' id='par_1_90' title="bbox 406 5874 1901 5953">
     <span class='ocr_line' id='line_1_90' title="bbox 406 5874 1901 5953; baseline 0.003 -22"><span class='ocrx_word' id='word_1_660' title='bbox 406 5874 422 5905; x_wconf 81' lang='lat'>&#39;</span> <span class='ocrx_word' id='word_1_661' title='bbox 456 5874 751 5953; x_wconf 53' lang='lat' dir='ltr'><strong>Danum.</strong></span> <span class='ocrx_word' id='word_1_662' title='bbox 828 5881 855 5912; x_wconf 71' lang='grc' dir='ltr'>ί</span> <span class='ocrx_word' id='word_1_663' title='bbox 880 5877 948 5934; x_wconf 80' lang='grc' dir='ltr'><strong>ιν</strong></span> <span class='ocrx_word' id='word_1_664' title='bbox 985 5880 1118 5951; x_wconf 83' lang='lat' dir='ltr'><strong>Reg.</strong></span> <span class='ocrx_word' id='word_1_665' title='bbox 1163 5895 1271 5935; x_wconf 68' lang='grc' dir='ltr'><strong>χχιι</strong></span> <span class='ocrx_word' id='word_1_666' title='bbox 1295 5920 1309 5948; x_wconf 89' lang='grc'><strong>,</strong></span> <span class='ocrx_word' id='word_1_667' title='bbox 1343 5880 1396 5936; x_wconf 87' lang='grc'><strong>8.</strong></span> <span class='ocrx_word' id='word_1_668' title='bbox 1474 5881 1494 5913; x_wconf 87' lang='grc'><em>³</em></span> <span class='ocrx_word' id='word_1_669' title='bbox 1522 5878 1638 5938; x_wconf 79' lang='lat' dir='ltr'><strong>‘Jcr.</strong></span> <span class='ocrx_word' id='word_1_670' title='bbox 1663 5897 1817 5945; x_wconf 70' lang='lat' dir='ltr'><strong>nm,</strong></span> <span class='ocrx_word' id='word_1_671' title='bbox 1848 5882 1901 5938; x_wconf 90' lang='lat'><strong>8.</strong></span> 
     </span>
    </p>
   </div>
  </div>
