4128 6384
487 402 586 480 εοίι

1369 398 1423 453 s.
1465 397 1829 465 HIPPOLYTI
1861 400 2011 458 opp.
2053 403 2231 460 PARS
2266 403 2307 459 ι.
2350 436 2419 446 -
2445 380 2858 465 ἘΧΕςιιτιεΑ.

3631 410 3736 468 69!

486 522 745 584 struunt;
773 515 999 570 alterum
1033 515 1126 585 qui
1150 530 1214 570 ex
1237 516 1678 584 circumcisione,
1710 518 1943 574 alterum
1965 521 2048 590 qui

2169 538 2389 575 κνυνται
2409 523 2518 576 τῶν
2541 524 2634 578 δύο
2675 524 2819 578 λαῶν
2852 525 2961 578 τῶν
3007 522 3461 579 ἐπιϐουλευόντων
3502 526 3566 596 τῇ
3620 526 3739 579 Ἑκ-

485 621 553 661 ex
588 605 859 678 gentibus.
890 602 1027 659 Nam
1059 604 1204 674 quod
1236 605 1312 659 ait
1334 605 1502 676 (viii)
1551 607 1714 675 fuisse
1748 610 2061 665 constitutos

486 696 668 768 populi
704 695 956 767 praesides
995 706 1150 767 atque
1180 696 1426 766 judices;
1465 697 1587 752 ideo
1638 707 1752 763 est,
1784 700 1929 770 quod
1958 702 2062 757 hoc

485 806 604 845 aevo
651 798 973 860 potestatem
1014 798 1273 845 exercent
1298 789 1696 869 praesidemque
1731 789 1933 861 injuste
1972 792 2061 863 ju-

494 883 716 938 licando
733 882 932 957 justos.
959 887 969 896 '
1247 881 1251 887 '

556 972 619 1027 ν.
645 972 710 1028 8:
743 971 811 1026 Et
837 973 1081 1027 uidebant
1103 989 1221 1027 eam
1242 973 1348 1026 duo
1362 973 1612 1028 seniores.
1637 971 1764 1030 Hac
1783 976 2060 1031 enimvero

481 1062 793 1119 Judzeorum
818 1064 1093 1135 principes
1131 1081 1328 1120 nunee
1359 1065 1499 1120 libro
1532 1066 1722 1121 volunt
1752 1077 2057 1138 amputare,

482 1154 726 1211 dicentes
753 1171 816 1211 ea
849 1173 956 1210 non
994 1165 1145 1226 gesta
1188 1172 1312 1211 esse
1348 1155 1650 1228 Babylone:
1687 1173 1827 1228 quos
1868 1174 2060 1226 nempe

482 1238 685 1314 pudeat
714 1249 848 1303 tanti
898 1249 1045 1304 illius
1075 1264 1170 1317 per
1217 1248 1273 1305 id
1321 1256 1535 1318 tempus
1588 1249 1867 1305 seniorum
1929 1249 2060 1305 faci-

481 1339 652 1395 noris.

551 1426 617 1485 ν.
650 1429 718 1485 9:
755 1428 820 1484 Et
856 1440 1149 1485 everterunt
1185 1446 1397 1486 sensum
1432 1447 1608 1485 suum.
1639 1429 1743 1497 Qui
1774 1433 1920 1489 enim
1955 1431 2059 1487 Ec-

479 1519 659 1574 clesiae
726 1519 955 1576 insidias
1020 1528 1343 1576 struxerunt
1405 1519 1635 1590 ejusque
1706 1530 2056 1591 corruptores

478 1608 721 1677 fuerunt,
748 1626 990 1680 quonam
1022 1610 1185 1666 modo
1209 1612 1358 1681 justa
1394 1610 1644 1680 judicare
1680 1613 1930 1681 possint;
1963 1623 2058 1669 aut

426 1720 429 1723 ·
476 1701 683 1755 mundo
706 1701 869 1755 corde
896 1702 950 1755 in
973 1702 1174 1757 caelum
1202 1701 1502 1770 suspicere,
1519 1702 1613 1771 qui
1638 1701 1871 1772 principi
1891 1700 2054 1771 hujus

477 1793 662 1847 saeculi
693 1793 804 1848 sint
838 1792 1132 1863 mancipati
1154 1794 1178 1847 ?

547 1882 615 1938 V.
651 1874 753 1938 f0:
786 1883 1061 1953 Erantque
1092 1884 1246 1938 ambo
1278 1901 1403 1956 erga
1433 1901 1549 1939 eam
1578 1885 1810 1941 stimulis
1841 1886 2049 1958 agitati.

476 1970 618 2029 Vere
646 1975 789 2029 enim
823 1975 995 2044 accipi
1031 1983 1209 2045 potest
1237 1977 1379 2045 quod
1414 1977 1487 2031 ita
1512 1977 1716 2032 dictum
1756 1987 1839 2034 est
1866 1997 1880 2042 ;
1910 1995 2054 2034 sem-

475 2081 574 2135 per
602 2066 746 2121 enim
770 2066 881 2121 duo
904 2067 1114 2137 populi,
1149 2065 1364 2121 Satante
1383 2068 1541 2137 cujus
1570 2067 1751 2124 amata
1793 2078 2048 2141 aguntur,

476 2159 713 2214 stimulis
736 2159 966 2223 incitati,
998 2160 1435 2229 persecutionum
1457 2162 1723 2232 procellas
1746 2178 2051 2219 azrumuas-

473 2263 581 2316 que
607 2248 867 2304 adversus
902 2248 1200 2305 Ecclesium
1226 2252 1494 2307 suscitare
1520 2254 1773 2319 student;
1804 2268 2052 2322 quaeren—
2118 2260 2134 2276 ‘

473 2350 556 2393 tes
590 2355 696 2409 qua
730 2340 948 2395 demum
977 2343 1188 2397 ratione
1216 2357 1336 2396 eam
1379 2355 1757 2413 corrumpant,
1806 2359 1931 2399 cum
1965 2360 2050 2399 se-

472 2446 596 2486 cum
626 2432 725 2502 ipsi
752 2447 859 2486 non
887 2435 1253 2489 consentiant.

542 2524 609 2580 V.
639 2523 747 2578 12:
781 2523 851 2577 Et
879 2525 1224 2579 observabant
1252 2525 1501 2579 sollicite.
1544 2523 1601 2579 Id
1629 2540 1759 2581 vero
1799 2527 2048 2583 animad-

469 2626 746 2673 vertamus
773 2631 950 2687 operae
981 2621 1215 2687 pretium
1245 2629 1363 2673 est:
1393 2620 1656 2674 hactenus
1699 2619 1904 2674 scilicet
1947 2620 2049 2675 ob-

470 2724 691 2765 servare
716 2725 780 2764 ac
806 2710 1076 2765 curiosius
1105 2710 1384 2780 inquirere
1399 2726 1520 2781 quae
1544 2711 1597 2765 in
1620 2710 1861 2766 Ecclesia
1890 2712 2045 2777 ﬁant,

474 2812 589 2857 tum
618 2803 877 2873 gentiles,
930 2811 1043 2856 tum
1078 2818 1145 2857 ex
1185 2803 1605 2859 circumcisione
1651 2803 1900 2871 Judseos;
1951 2807 2045 2876 qui

467 2894 722 2948 videlicet
737 2893 904 2948 falsos
927 2902 1092 2948 testes
1114 2892 1404 2948 adversum
1426 2910 1527 2949 nos
1545 2895 2043 2963 velintsubomare,

472 2983 933 3051 quemadmodum
964 2983 1388 3054 aitApostqus:
1437 2983 1663 3054 Propter
1708 2995 1885 3039 autem
1919 2986 2046 3055 sub-

470 3077 801 3130 introductos
828 3078 994 3146 falsos
1022 3076 1238 3147 fratres,
1286 3078 1376 3147 qui
1410 3078 1822 3132 subintraierunt
1869 3079 2047 3149 explo-

2164 612 2362 686 κλησίᾳ
2385 632 2399 645 ο
2432 610 2514 679 εἷς
2540 617 2659 687 μὲν,
2683 619 2711 670 ὁ
2732 618 2795 670 ἐκ
2817 617 3135 689 περιτομῆς,
3163 618 3259 671 καὶ
3285 611 3386 681 εἷς,
3420 619 3449 671 ὁ
3468 618 3526 684 ἐξ
3546 618 3735 673 ἐθνῶν.

2164 707 2236 760 Τὸ
2268 707 2377 779 γὰρ
2404 706 2579 777 λέγειν
2601 748 2615 773 ,
2646 709 3089 780 ἀπεδείχθησαν
3123 709 3409 779 ἄρχοντες
3440 710 3547 765 τοῦ
3583 713 3737 767 λαοῦ

2164 799 2261 853 καὶ
2288 800 2498 867 κριταί·
2543 801 2624 854 ὅτι
2660 802 2716 855 ἐν
2744 799 2822 873 τῷ
2852 801 3007 856 αίῶνι
3038 801 3214 873 τούτῳ
3239 802 3611 869 ἐξουσιάζουσι
3644 804 3739 859 καὶ

2163 891 2409 961 ἄρχουσι,
2436 892 2714 964 κρίνοντες
2746 894 2943 957 ἀδίκως
2973 893 3233 957 δικαίους.

2235 984 2341 1038 Καὶ
2380 984 2674 1052 ἐθεώρουν
2699 986 2893 1053 αὐτὴν
2912 988 2965 1039 οἱ
2987 985 3095 1039 δύο
3110 986 3518 1054 πρεσϐύτεροι.
3552 986 3740 1039 Ταῦτα

2165 1073 2263 1143 μὲν
2284 1070 2380 1129 οὖν
2405 1078 2454 1129 οί
2484 1075 2594 1129 τῶν
2640 1076 2904 1130 Ἰουδαίων
2930 1077 3186 1148 ἄρχοντες
3210 1076 3489 1148 βούλονται
3508 1076 3605 1132 νῦν
3634 1095 3738 1131 πε-

2163 1167 2440 1238 ρικόπτειν
2472 1168 2573 1237 τῆς
2599 1167 2799 1238 βίὸλου,
2830 1168 3129 1237 φάσκοντες
3167 1169 3242 1239 μὴ
3274 1168 3524 1238 γενέσθαι
3561 1170 3739 1224 ταῦτα

2161 1261 2218 1313 ἐν
2246 1259 2557 1314 Βαδυλῶνν
2588 1260 2962 1331 αἰσχυνόμενοι
2993 1261 3054 1314 τὸ
3075 1261 3181 1315 ὑπὸ
3209 1261 3318 1315 τῶν
3349 1262 3739 1336 πρεσϐυτέριον
3808 1262 3813 1267 ’

2154 1352 2275 1406 κατ’
2305 1353 2510 1406 ἐκεῖνον
2532 1353 2623 1406 τὸν
2655 1353 2843 1426 καιρὸν
2866 1353 3246 1425 γεγενημένον.

2225 1441 2336 1496 Kal
2364 1441 2730 1512 διέστρεψαν
2746 1444 2855 1518 τρν
2883 1444 3109 1498 ἑαυτῶν
3149 1446 3319 1499 νοῦν,
3356 1445 3421 1497 Οί
3458 1444 3571 1517 γάρ
3614 1446 3740 1500 ἐπί-

2159 1531 2343 1586 ϐουλοι
2388 1534 2483 1586 καὶ
2525 1532 2742 1605 φθορεῖς
2769 1535 2872 1605 τῆς
2908 1534 3231 1605 Ἐκκλησίας
3250 1534 3531 1605 γενόμενοι
3561 1575 3576 1599 ,
3613 1534 3736 1600 πῶς

2158 1623 2409 1678 δύνανται
2432 1625 2617 1680 δίκαια
2641 1627 2866 1698 κρίνειν,
2882 1624 2923 1699 ’ἢ
2938 1627 3166 1699 καθαρᾷ
3183 1627 3383 1699 καρδίᾳ
3406 1628 3737 1683 ἀναϐλέπειν

2157 1718 2239 1780 είς
2268 1716 2361 1769 τδν
2386 1717 2632 1789 οὐρανὸν,
2657 1718 2732 1789 τῷ
2762 1719 2982 1791 ἄρχοντι
3014 1719 3108 1773 τοῦ
3131 1718 3324 1782 αἰῶνος
3342 1718 3532 1783 τούτου
3553 1719 3737 1774 δεδου-

2154 1808 2385 1878 λωμένοι
2404 1824 2419 1874 ;
3443 1814 3457 1821 ’

2224 1899 2337 1956 Kal
2366 1895 2531 1971 ἦσαν
2559 1900 2879 1970 ἀμφότεροι
2908 1906 3410 1976 κατανενυγμένοι
3447 1907 3581 1974 περὶ
3625 1907 3736 1963 αὑ-

2153 1989 2283 2059 τῆς.
2317 1991 2427 2044 Καὶ
2450 1991 2559 2062 γάρ
2592 1991 2737 2045 ἐστιν
2783 1992 2997 2063 άληθῶς
3035 1995 3441 2059 καταλαϐέσθαι
3478 1998 3539 2051 τὸ
3575 2000 3733 2071 εἰρη-

2156 2085 2337 2156 μένον,
2370 2086 2453 2140 ὅτι
2486 2085 2717 2141 πάντοτε
2749 2088 2799 2140 οἱ
2833 2086 2925 2140 δύο
2956 2087 3075 2142 λαοὶ
3127 2089 3586 2160 κατανυσσόμενοι
3625 2090 3735 2147 ὑπὸ

2151 2179 2244 2233 τοῦ
2285 2179 2342 2232 ἐν
2375 2179 2559 2244 αὐτοῖς
2599 2179 2950 2251 ἐνεργοῦντος
2980 2181 3194 2236 Σατανᾶ
3213 2220 3232 2247 ,
3283 2174 3573 2254 βούλονται
3601 2183 3730 2239 διω-

2151 2269 2328 2340 γμοὺς
2376 2271 2473 2323 καὶ
2516 2269 2723 2341 θλίψεις
2764 2272 2999 2344 ἐγείρειν
3044 2273 3183 2327 κατὰ
3226 2275 3326 2345 τῆς
3382 2275 3731 2348 Ἐκκλησίας,

2151 2360 2440 2433 ζητοῦντες
2463 2360 2610 2427 ὅπως
2630 2363 3010 2436 διαφθείρωσιν
3031 2366 3224 2438 αὐτὴν,
3248 2368 3460 2432 ἑαυτοῖς
3486 2367 3562 2439 μὴ
3587 2384 3729 2439 συμ-

2150 2453 2473 2522 φωνοῦντες.

2219 2545 2331 2639 Kal
2380 2548 2831 2639 παρετηροῦντο
2886 2551 3225 2621 φιλοτίμως.
3279 2551 3620 2639 Σημειωτέον
3668 2551 3733 2607 δὲ

2147 2637 2306 2691 τοῦτο
2330 2655 2345 2669 ο
2371 2638 2453 2692 ὅτι
2481 2638 2585 2703 ἕως
2612 2639 2707 2694 νῦν
2730 2641 3171 2714 παρατηροῦνται
3214 2644 3307 2698 καὶ
3334 2637 3728 2716 περιεργάζον-

2146 2746 2238 2784 ται
2259 2731 2329 2786 τά
2352 2734 2410 2785 ἐν
2435 2736 2505 2805 τῇ
2554 2733 2850 2806 Ἐκκλησία
2878 2736 3259 2808 πραττόμενα,
3288 2738 3343 2790 οῖ
3379 2754 3439 2790 τε
3466 2737 3526 2803 ἐξ
3557 2736 3732 2794 ἐθνῶν

2147 2822 2243 2875 καὶ
2264 2822 2316 2874 οί
2368 2823 2435 2877 ἐκ
2477 2826 2782 2897 περιτομῆς
2834 2826 3119 2892 Ἰουδαῖοι,
3162 2826 3474 2899 βουλόμενοι
3512 2816 3739 2899 ψευδεῖξ

2150 2915 2434 2989 μάρτυρας
2460 2918 2790 2991 καταφέρειν
2819 2918 2941 2973 καθ’
2972 2920 3164 2991 ἡμῶν,
3210 2920 3288 2985 ὡς
3329 2923 3360 2975 ὁ
3408 2921 3732 2985 Ἀπόστολος

2146 3005 2292 3075 λέγει
2310 3024 2326 3039 ο
2364 3008 2468 3063 Διὰ
2512 3007 2581 3062 δὲ
2622 3008 2764 3075 τοὺς
2803 3011 3317 3079 πῳεισαχθέντας
3356 3009 3730 3079 ψευδοαδέλ-

2145 3117 2319 3169 φους,
2347 3101 2565 3168 οἵτινες
2592 3100 2882 3170 εἰσῆλθον
2911 3103 3377 3172 κατασκοπῆσαι
3407 3104 3523 3173 τὴν
3563 3105 3731 3160 ἐλευ-

471 3184 591 3223 rare
612 3168 906 3223 libertatem
928 3179 1187 3237 nostram,
1216 3186 1374 3240 quam
1404 3168 1652 3223 habemus
1689 3170 1743 3223 in
1764 3168 1973 3225 Christo
1995 3172 2039 3226 ⁸.

2147 3168 2351 3262 θερίαν
2372 3191 2561 3263 ἡμῶν,
2586 3192 2666 3262 ἣν
2692 3168 2910 3263 ἔχομεν
2937 3194 3008 3249 ἐν
3029 3168 3264 3264 Χριστῷ
3302 3168 3514 3265 Ἰησοῦ.

544 3260 755 3318 Peccati
802 3256 976 3333 gen’us
1022 3270 1135 3326 est,
1171 3277 1415 3331 quaerere
1440 3269 1501 3315 ut
1544 3260 1763 3317 feminis
1797 3264 2043 3318 attendas

469 3369 734 3409 animum.

540 3466 606 3523 γ.
644 3467 741 3522 1'5:
775 3466 848 3522 Et
886 3469 1078 3537 egressi
1118 3478 1436 3524 recesserunt
1480 3485 1512 3523 a
1540 3486 1595 3523 se
1634 3480 1837 3524 mutuo.
1889 3469 2043 3537 Quod

466 3574 597 3629 ergo
625 3574 657 3613 a
700 3574 759 3614 se
785 3569 974 3615 mutuo
996 3568 1341 3616 recesserunt
1384 3559 1519 3615 hora
1548 3561 1783 3632 prandii,
1816 3561 1919 3617 hoc
1970 3562 2045 3615 si-

467 3651 689 3721 gniﬁcat
712 3651 769 3705 iu
796 3651 1028 3707 terrenis
1044 3652 1263 3722 quidem
1290 3652 1429 3707 cibis
1458 3667 1566 3708 non
1595 3655 1909 3709 consentire
1941 3653 2042 3709 Ju-

465 3741 615 3797 daeos
643 3757 768 3797 cum
789 3740 1076 3814 gentibus;
1106 3743 1162 3797 in
1197 3758 1359 3798 sensu
1384 3757 1515 3798 vero
1534 3743 1855 3813 cunctisque
1880 3745 2043 3799 rebus

466 3833 533 3889 ad
565 3834 749 3891 saeculi
782 3850 943 3890 usum
978 3834 1372 3905 spectantibus,
1395 3834 1684 3890 convenire
1709 3850 1775 3890 ac
1796 3849 2044 3891 commu-

465 3925 670 3982 nicare.

535 4015 603 4073 ν.
635 4017 702 4072 14
722 4034 738 4072 :
771 4017 842 4072 Et
868 4019 1197 4075 sciscitantes
1218 4018 1288 4073 ad
1312 4018 1534 4073 invicem
1553 4034 1793 4084 causam,
1814 4020 2041 4084 confessi

463 4118 588 4165 sunt
623 4127 773 4166 suam
806 4113 1310 4183 concupiscentiam.
1361 4110 1466 4183 Ipsi
1516 4111 1622 4168 sibi
1649 4112 2037 4177 vaticinantur,

465 4202 875 4259 sciscitantibus
924 4203 1351 4277 cogitationibus
1402 4202 1710 4259 reddituros
1759 4219 1882 4261 esse
1923 4204 2038 4259 Deo

463 4292 730 4347 rationem
761 4291 784 4323 '
810 4308 908 4362 pro
929 4293 1184 4348 omnibus
1227 4308 1349 4363 quae
1379 4293 1743 4363 peccaverint,
1769 4294 2036 4364 quemad-

463 4383 687 4438 modum
724 4380 983 4439 Salomon
1005 4386 1113 4437 ait:
1145 4382 1452 4438 Sciscitatio
1491 4381 1621 4453 (seu
1637 4386 2038 4456 examen)per-

463 4476 552 4528 det
589 4475 779 4542 impios
816 4474 859 4530 ⁸.
892 4475 1200 4546 Capiuntur
1223 4477 1368 4531 enim
1401 4477 1456 4532 bi
1488 4476 1877 4534 sciscitatione.

2216 3278 2371 3347 Εἶδος
2387 3282 2680 3356 ἁμαρτίας,
2707 3281 2770 3337 τὸ
2795 3283 3289 3356 ζητεῖν-προσέχειν
3313 3285 3578 3355 γυναιξίν.

2216 3466 2326 3522 Kal
2343 3465 2699 3534 ἐξελθόντες
2710 3465 3192 3536 διεχωρίσθησαν
3203 3464 3304 3519 ἀπ’
3320 3463 3629 3534 ἀλλήλων.
3648 3463 3733 3517 To

2142 3555 2258 3622 οὖν,
2305 3558 2786 3629 διεχειρίσθησαν
2809 3557 2912 3613 ἀπ’
2928 3556 3218 3625 ἀλλήλων
3242 3556 3320 3626 τῇ
3337 3554 3460 3625 ὥρᾳ
3479 3554 3587 3610 τοῦ
3597 3557 3731 3624 ἀρί-

2142 3668 2320 3717 στου,
2347 3650 2505 3705 τοῦτο
2529 3650 2781 3721 σημαίνει
2799 3665 2814 3680 ⁸
2840 3648 2924 3702 ὃτι
2954 3649 3013 3701 ἐν
3053 3648 3150 3719 μὲν
3178 3651 3290 3711 τοῖς
3315 3645 3566 3718 βρώμασι
3609 3650 3727 3709 τοῖς

2143 3741 2410 3811 ἐπιγείοις
2430 3741 2483 3795 οἱ
2527 3740 2771 3794 Ἰουδαῖοι
2800 3739 2911 3794 τῶν
2933 3739 3104 3794 ἐθνῶν
3133 3740 3196 3793 οὐ
3214 3739 3594 3810 συμφωνοῦσιν
3617 3755 3631 3769 ·
3664 3741 3728 3792 ἐν

2140 3834 2198 3887 δὲ
2234 3834 2354 3898 ταῖς
2376 3826 2630 3904 θεωρίαις
2658 3831 2754 3886 καὶ
2786 3831 2950 3886 παντὶ
2972 3829 3219 3902 κοσμικῷ
3253 3830 3561 3903 πράγματι,
3597 3829 3727 3883 τού-

2139 3942 2255 3989 τοις
2285 3925 2666 3997 συνερχόμενοι
2689 3923 3053 3980 κοινωνοῦσιν.

2211 4017 2321 4072 Καὶ
2349 4015 2732 4083 ἀνετάζοντες
2751 4014 3067 4083 ἀλλήλους
3094 4012 3212 4083 τὴν
3245 4013 3472 4078 αἰτίαν,
3497 4011 3730 4082 ὡμολό-

2142 4121 2342 4180 γησαν
2372 4105 2488 4178 dir
2514 4107 2854 4177 ἐπιθυμίαν.
2876 4106 3042 4160 Αὐτοὶ
3082 4106 3297 4170 ἑαυτοῖς
3352 4103 3727 4176 προφητεύον-

2138 4217 2250 4264 ται,
2280 4198 2358 4264 ὡς
2385 4198 2739 4271 μελλήσουσιν
2763 4198 2869 4252 ὑπὸ
2888 4195 3165 4269 λογισμῶν
3203 4195 3520 4268 ἐταζόμενοι
3564 4195 3725 4264 λόγον

2138 4290 2323 4346 δοῦναι
2351 4289 2431 4362 τῷ
2453 4288 2574 4361 Θεῷ
2626 4290 2768 4363 ὑπὲρ
2798 4289 2980 4361 πάσης
3023 4288 3296 4361 ἁμαρτίας
3341 4285 3412 4362 ἦς
3454 4287 3722 4361 ἔπραξαν,

2138 4382 2215 4448 ὠς
2243 4381 2495 4455 Σολομὼν
2520 4381 2668 4451 λέγει
2692 4398 2706 4413 ⁸
2737 4380 3022 4451 Ἐτασμὸς
3050 4380 3118 4434 δὲ
3131 4380 3370 4447 ἀσεϐεῖς
3392 4380 3536 4436 ὀλεῖ.
3578 4379 3721 4433 Ἀλί-

2144 4492 2363 4529 σκονται
2391 4473 2499 4546 γὰρ
2523 4467 2668 4528 οὗτοι
2689 4472 2795 4527 ὑπὸ
2825 4474 3083 4537 ἐτάσεως.

539 4564 599 4619 ν.
644 4566 740 4620 15;
771 4565 917 4620 Dum
943 4567 1272 4623 observarent
1294 4568 1433 4622 diem
1451 4579 1655 4639 aptum.
1679 4568 1853 4635 Quem
1870 4583 2034 4639 porro

2223 4569 2318 4620 Ἐν
2385 4566 2465 4631 τῷ
2502 4564 2865 4635 παρατηρεῖν
2912 4555 3136 4632 αὑτὸὺς
3176 4565 3405 4635 ἡμέραν
3450 4565 3709 4620 εὔθετον.

464 4657 570 4712 nisi
602 4656 747 4712 diem
777 4657 1020 4724 Pascbte,
1069 4675 1165 4728 per
1189 4674 1349 4729 quem
1378 4660 1659 4715 lavacrum
1698 4662 1753 4715 in
1792 4661 2037 4730 pomario

459 4750 819 4805 aestuantibus
867 4761 1112 4820 paratur,
1163 4761 1217 4806 et
1259 4750 1509 4809 Susanna
1563 4755 1785 4822 lavans,
1830 4755 2032 4810 munda

460 4843 572 4898 Deo
596 4859 798 4914 sponsa
823 4845 1065 4901 sistitur?

529 4937 665 4993 Cum
690 4937 896 4993 duabus
917 4939 1044 4995 solis
1072 4940 1284 5010 puellis.
1334 4938 1564 5007 Quando
1606 4942 1751 4997 enim
1794 4939 2035 4998 Ecclesia

454 5047 524 5087 ex
559 5045 715 5086 more
738 5031 889 5101 cupit
929 5032 1204 5087 lavacrum
1233 5033 1532 5103 suscipere,
1566 5035 1702 5089 duas
1728 5035 2035 5089 necessario

452 5124 684 5179 ancillas
724 5122 953 5179 comites
993 5122 1174 5178 habet.
1219 5122 1432 5179 Etenim
1479 5124 1719 5181 Ecclesia
1748 5140 1841 5194 per
1874 5126 2033 5181 tidem

454 5216 507 5273 in
535 5215 820 5271 Christum
851 5224 905 5270 et
923 5229 1019 5286 per
1043 5215 1365 5271 charitatem
1398 5217 1453 5271 in
1479 5215 1650 5272 Deum
1674 5214 1922 5272 confessa
1945 5232 2033 5271 re-

451 5306 588 5377 cipit
616 5307 919 5364 lavacrum.

531 5480 601 5538 ν.
649 5484 745 5539 18ι
809 5486 1061 5558 Dixitque
1113 5489 1334 5557 puellis:
1390 5488 1589 5558 Aﬂ'crte
1642 5487 1773 5541 mihi
1837 5486 2029 5540 oleant.

452 5575 690 5633 Proinde
710 5580 842 5636 ﬁdes
871 5590 927 5635 et
954 5582 1213 5648 charitas,
1232 5583 1414 5638 oleum
1439 5589 1493 5636 et
1520 5589 1818 5651 smegmata
1842 5580 2031 5634 lavan-

459 5670 606 5728 tibus
637 5680 849 5741 parant.
891 5671 1153 5740 Quaenam
1185 5689 1318 5730 vero
1349 5685 1682 5747 smegmata,
1720 5675 1828 5731 nisi
1870 5675 2032 5734 Verbi

405 5848 429 5873 δ
512 5821 545 5889 ,⁸
572 5822 691 5880 Gal.
720 5838 782 5893 tt,
814 5823 867 5877 4.
944 5825 964 5857 ⁸
1008 5823 1167 5879 item.
1212 5842 1284 5895 ιι,
1316 5826 1402 5882 l5.
1480 5832 1500 5858 υ
1529 5826 1694 5884 Prov.
1729 5845 1784 5899 ι,
1815 5829 1903 5884 52.

2140 4663 2305 4717 Ποίαν
2338 4661 2576 4726 εὔθετον,
2603 4659 2766 4730 ἀλλ’ἢ
2798 4659 2899 4731 τὴν
2925 4658 3019 4712 τοῦ
3050 4658 3261 4728 Πάσχα,
3284 4660 3343 4712 ἐν
3360 4651 3395 4733 ᾖ
3413 4657 3475 4711 τὺ
3496 4657 3719 4727 λουτρὸν

2141 4759 2201 4811 ἐν
2228 4754 2540 4827 παραδείσῳ
2569 4756 2683 4817 τοῖς
2727 4752 3034 4823 καιομένοις
3054 4750 3394 4821 ἐτοιμάξεται
3416 4789 3431 4814 ,
3469 4750 3565 4804 καὶ¹
3605 4750 3723 4803 Σω-

2145 4848 2311 4903 σάννα
2336 4844 2729 4916 ἀπολουομένη,
2749 4842 2966 4915 καθαρὰ
2985 4841 3191 4914 νύμφη.
3205 4841 3323 4912 Θεῷ
3347 4840 3677 4914 παρίσταται
3700 4859 3716 4906 ;

2210 4941 2375 4993 Μετὰ
2415 4938 2523 4992 δύο
2547 4938 2743 5006 μόνον
2777 4935 3096 5004 κορασίων.
3154 4934 3350 4988 Ἡνίκα
3401 4933 3511 5005 γὰρ
3546 4934 3613 4987 ἂν
3655 4934 3720 4988 τὸ

2139 5032 2281 5086 κατὰ
2311 5030 2539 5103 σύνηθες
2562 5030 2801 5101 ἐπιθυμῇ
2827 5027 3047 5099 λουτρὸν
3078 5025 3260 5079 λαόεἴν
3298 5028 3333 5097 ὴ
3397 5024 3714 5095 Ἐκκλησία,

2137 5124 2196 5192 ἐξ
2227 5123 2474 5194 ἀνάγκης
2497 5122 2671 5195 ταύτῃ
2696 5122 2791 5175 δύο
2830 5119 3119 5183 παιδίσκας
3156 5118 3234 5172 δεῖ
3267 5118 3710 5190 παρακολουθεῖν·

2136 5215 2223 5270 διά
2249 5216 2354 5289 γὰρ
2373 5215 2473 5287 τῆς
2494 5216 2732 5277 πίστεως
2753 5215 2834 5275 είς
2854 5210 3110 5284 Χριστὸν,
3128 5212 3224 5265 καὶ
3255 5211 3345 5265 διὰ
3370 5211 3471 5281 τῆς
3489 5210 3713 5281 ἀγάπης

2136 5309 2233 5378 τῆς
2265 5308 2402 5379 πρὸς
2420 5307 2512 5360 τὸν
2537 5306 2670 5359 Θεὸν
2688 5304 2955 5375 λαμϐάνει
2977 5303 3040 5357 τὸ
3057 5302 3282 5375 λουτρὸν
3315 5299 3647 5373 ὁμολογοῦσα
3673 5303 3711 5374 ἠ

2149 5402 2461 5472 Ἐκκλησία.
3038 5468 3043 5473 η

2208 5494 2317 5549 Kal
2368 5491 2498 5549 εἷπε
2551 5491 2681 5559 τοῖς
2731 5493 3067 5561 κορασίοις·
3136 5489 3442 5561 Ἐνέγκατε
3493 5486 3569 5555 δή
3606 5505 3714 5558 μοι

2134 5589 2359 5644 ἔλαιον.
2406 5589 2496 5651 Ὦς
2519 5586 2700 5650 πίστις
2724 5587 2816 5640 καὶ
2836 5587 3023 5655 ἀγάπη
3053 5585 3114 5639 τὸ
3134 5583 3310 5638 ἔλαιον
3350 5585 3444 5638 καὶ
3476 5581 3547 5637 τὰ
3569 5583 3712 5654 σμή-

2136 5699 2324 5754 γματα
2351 5683 2465 5745 τοῖς
2496 5679 2803 5752 λουομένοις
2841 5677 3205 5749 ἑτοιμάζουσι.
3256 5678 3390 5733 Τίνα
3428 5676 3485 5731 δέ
3531 5671 3599 5748 ἦν
3638 5674 3714 5731 τὰ
