4128 6378
321 394 425 452 695

1434 430 1437 435 .
1476 384 1899 442 FRAGMENTA
1935 382 2004 436 IN
2042 385 2404 441 DANIELEM.

3334 350 3660 443 .sat'

326 514 645 587 σμήγματα,
672 512 782 566 ἀλλ’
809 512 842 583 ἢ
871 510 963 565 τοῦ
998 511 1151 579 ἀγίου
1179 509 1352 578 Λόγου
1376 508 1619 573 ὲντολαίς
1666 507 1719 559 τί
1749 506 1805 560 δὲ
1829 505 1887 558 τὸ

1991 510 2289 564 mandata?
2321 509 2592 578 quodnam
2620 516 2798 564 autem
2820 506 3154 573 oleum,-nisi
3174 505 3347 562 virtus
3377 504 3550 575 Spiria

323 608 521 670 ελαιον,
565 604 681 659 ἀλλ’
724 605 759 676 ἢ
806 603 914 672 τοῦ⁵
941 602 1099 671 ἁγίου
1142 601 1455 672 Πνεύματος
1499 598 1753 669 δύναμις;
1801 592 1890 659 αἷς

315 698 465 772 μετά
502 696 567 751 τδ
603 696 824 767 λουτρὸν
860 694 937 758 ὠς
971 694 1144 765 μύρου
1187 693 1426 764 χρίονται
1453 692 1502 744 οἱ
1526 689 1885 752 πιστεύοντες.

311 791 391 843 Τα
405 787 508 842 ὖτα
531 786 707 841 πάντα
727 784 1041 839 διε-τυποῦτο
1062 783 1148 836 διὰ
1168 784 1270 854 τῆς
1298 781 1573 854 μακαρίας
1604 780 1888 850 Σωσάννης

310 881 376 934 δι’
409 880 587 951 ἡμᾶς·
615 877 704 932 ἵνα
724 876 819 932 νῦν
840 879 1022 948 ἡμεῖς,
1045 876 1094 929 οἱ
1118 874 1197 946 τῷ
1232 872 1352 944 Θεῷ
1395 873 1757 945 πιστεύοντες,
1811 872 1887 943 μὴ

311 971 387 1035 ὡς
426 970 552 1037 ξένα
576 969 647 1024 τά
671 968 765 1029 νῦν
791 968 1054 1040 γενόμενα
1073 967 1132 1020 ὲν
1158 969 1229 1038 τῇ
1262 965 1554 1037 Ἐκκλησία
1586 967 1885 1036 νοήσωμεν,

313 1063 428 1117 ἀλλ’
462 1062 498 1135 ἢ
529 1061 707 1116 πάντα
744 1057 937 1137 ταῦτα⁴
961 1058 1052 1112 διά
1096 1056 1205 1110 τῶν
1246 1055 1592 1127 πατριαρχῶν
1630 1071 1888 1126 προτετυ-

316 1168 406 1206 πω
417 1152 555 1224 μένα
582 1148 982 1220 πιστεύσωμεν,
1008 1146 1150 1235 καθά
1171 1147 1267 1203 καὶ
1291 1149 1320 1201 ὁ
1364 1145 1679 1210 Ἀπόστολος
1708 1146 1883 1214 λέγει·

307 1246 521 1302 ,Ταῦτα
544 1244 614 1299 δὲ
639 1242 901 1308 τυπικῶς
937 1241 1291 1296 συνέϐαινεν
1335 1240 1637 1306 ἐκεινοις’-
1663 1238 1886 1309 ἐγράφη

319 1336 388 1389 δὲ
426 1335 577 1405 πρὸς
614 1334 939 1390 νουθεσίαν
982 1330 1186 1403 ἡμῶν,
1213 1335 1300 1399 εὶς
1330 1331 1440 1398 οὓς
1477 1330 1552 1385 τὰ
1591 1331 1735 1399 τέλη
1769 1328 1889 1385 τῶν

278 1456 283 1463 ο
316 1424 548 1479 αἰώνων
577 1423 980 1493 κατήντησαν.
1294 1438 1301 1449 ‘

300 1556 301 1559 η
386 1515 501 1571 Καὶ
533 1514 794 1585 ἐξῆλθον
816 1518 966 1572 κατὰ
990 1518 1096 1585 τὰς
1118 1517 1378 1589 πλαγίας
1420 1517 1621 1586 θύρας·
1662 1516 1887 1589 Προμη-

294 1646 295 1649 η
317 1605 565 1673 νύουσαι,
599 1608 682 1661 ὅτι
704 1609 733 1661 ὀ
759 1607 1081 1679 βουλόμενος
1105 1608 1199 1663 τοῦ
1224 1611 1281 1663 ὲν
1303 1608 1382 1680 τῷ
1411 1608 1725 1679 παραδείσῳ
1757 1606 1885 1661 ὓδα-

282 1745 293 1753 .
314 1713 410 1760 τος
445 1697 787 1768 μεταλαϐεῖν,
817 1698 1189 1766 ἀποτάξασθαι
1213 1700 1312 1772 μὲν
1334 1692 1536 1770 ὀφείλει
1566 1702 1633 1771 τῇ
1658 1698 1888 1769 πλατείᾳ

318 1786 495 1859 θύρᾳ·
524 1786 613 1856 διὰ
632 1787 689 1842 δὲ
720 1789 818 1860 τῆς
849 1790 1046 1861 στενῆς
1073 1791 1167 1845 καὶ
1197 1789 1562 1861 τεθλιμμένης
1604 1788 1883 1843 εἰσελθεῖν.

386 1880 500 1935 Καὶ
527 1882 638 1935 οὐκ
672 1881 836 1936 εἷδον
852 1881 994 1949 τοὺς
1025 1881 1482 1951 πρεσϐυτέρους.
1530 1883 1738 1952 Ὥσπερ
1779 1882 1887 1952 γὰρ

314 1971 440 2026 τότε
465 1973 525 2025 ὲν
547 1970 628 2043 τῷ
658 1972 970 2044 παραδείσῳ
1016 1974 1318 2045 συνεκρύϐη
1352 1962 1401 2029 ὁ¹
1427 1973 1668 2039 διάϐολος
1704 1976 1763 2028 ὲν
1807 1974 1888 2046 τῷ

200 2096 203 2097 ν
313 2060 462 2130 ὄφει,
488 2059 745 2116 οὕτωκαὶ
779 2061 874 2116 νῦν
902 2064 961 2116 ὲν
994 2066 1107 2127 τοῖς
1154 2064 1544 2136 πρεσϐυτέροις
1577 2063 1885 2137 ὲγκρυϐεὶς,

311 2153 418 2223 τὴν
438 2152 1006 2229 ἑαυτοῦεὲνεκίσσησεν
1033 2154 1348 2225 ἐπιθυμίαν,
1379 2155 1468 2210 ἵνα
1496 2154 1655 2210 πάλιν
1684 2156 1750 2209 ὲκ
1770 2154 1888 2210 δευ-

310 2241 480 2314 τέρου
509 2241 807 2316 διαφθείρῃ
825 2243 924 2315 τὴν
956 2242 1122 2297 Εὕαν.

274 2323 307 2409 ’ί
401 2333 550 2389 Ἰδοὺ
593 2337 654 2389 αἱ
688 2335 857 2403 θύραι
896 2334 1001 2389 τοῦ
1043 2322 1407 2404 ⁸παραδείσου
1432 2336 1785 2394 κέκλεινται.
1812 2333 1886 2405 Ὦ

312 2425 651 2498 παρανόμων
665 2426 939 2498 ἀρχόντων
969 2428 1063 2481 καὶ
1090 2428 1398 2507 ἂαϐολικῆς
1411 2428 1689 2515 ἐνεργείας
1715 2446 1886 2501 μεμε-

313 2517 613 2590 στωμένων
631 2534 649 2549 ν
671 2518 844 2572 ταῦτα.
874 2518 1002 2590 ὑμῖν
1024 2521 1310 2591 παρέδωκε
1344 2521 1619 2593 Μωῦσῆς;
1659 2521 1801 2577 οὓτω
1828 2522 1887 2576 δὲ

309 2609 408 2663 τὸν
453 2608 617 2680 νόμον
636 2607 1097 2679 ἀναγινώσκοντες
1119 2612 1206 2664 έτέ
1212 2629 1340 2685 ρους
1361 2611 1638 2667 διδάσκετε
1658 2630 1674 2680 ;
1719 2613 1775 2668 '0
1796 2613 1886 2667 λέ-

310 2721 431 2773 γων
468 2704 542 2776 μὴ
562 2702 825 2773 φονεύειν,
858 2705 1019 2768 αὐτὸς
1044 2704 1337 2775 φονεύειςς¹
1364 2705 1421 2760 ‘0
1450 2705 1622 2776 λέγων
1659 2705 1733 2777 μὴ
1764 2708 1886 2760 ὲπιε-

312 2780 532 2889 θυμὲςν,
561 2794 724 2859 αὐτὸς
748 2795 847 2866 τὴν
875 2798 1106 2864 γυναῖκα
1150 2794 1244 2849 τοῦ
1290 2794 1515 2867 πλησίον
1555 2795 1886 2868 διαφθείρειν

312 2885 494 2949 θέλεις
515 2902 532 2952 ;

387 2979 499 3035 Καὶ
515 2979 870 3047 ἐνέπιθυμίᾳ
895 2993 1009 3034 σου
1025 2978 1301 3048 ἐσμέν.Τί
1320 2978 1659 3046 ἀναπείθετε,
1675 2979 1883 3050 ἄνομοι,

312 3071 572 3143 σώφρονα
596 3071 689 3125 καὶ
712 3071 969 3141 ἀκέραιον
994 3068 1170 3141 ψυχὴν
1188 3070 1366 3139 λόγοις
1383 3068 1655 3139 ψευδέσιν,
1679 3069 1766 3123 ἵνα
1786 3070 1886 3140 τὴν

210 3230 213 3233 λ
310 3164 523 3220 οἰκείαν
551 3161 845 3234 ἐπιθυμίαν
880 3164 1150 3233 canones;

386 3255 552 3334 El'aé
571 3253 681 3325 μὴ,
710 3253 1318 3323 καταμαρτυρήσομέν
1343 3268 1480 3309 σου.
1513 3252 1717 3321 Ταῦτα,
1734 3255 1887 3325 ὑμῶν

1994 612 2077 656 tus
2108 602 2315 657 sancti?
2332 604 2539 673 quibus
2554 614 2677 674 post
2703 605 2980 658 lavacrum
2999 612 3258 672 tanquam
3277 607 3556 670 unguento

1990 693 2175 750 ﬁdeles
2196 705 2591 768 perunguntur.
2621 698 2825 753 Cuncta
2846 697 2961 751 haec
2989 710 3083 766 per
3102 694 3319 775 beatam
3341 691 3551 748 Susan-

1992 801 2115 841 nam
2144 788 2318 843 nostri
2363 803 2529 844 causa
2570 788 2976 859 ﬁgurahantur:
3026 802 3096 841 ne
3128 786 3292 841 modo
3322 785 3551 850 scilicet,

1989 879 2083 948 qui
2111 877 2222 934 Deo
2249 879 2544 947 credimus,
2570 894 2636 935 ea
2664 894 2784 949 quae
2826 877 3311 949 impraesentiarum
3360 876 3414 931 in
3451 874 3555 930 Ec—

1990 970 2154 1025 clesia
2178 969 2335 1035 ﬁunt,
2372 978 2630 1041 tanquam
2669 985 2806 1027 nova
2850 986 2914 1026 ac
2953 970 3238 1041 peregrina
3272 966 3553 1023 existime-

1990 1076 2144 1127 mus;
2174 1061 2269 1117 sed
2299 1069 2494 1118 cuncta
2519 1062 2635 1116 haec
2665 1053 2793 1117 olim
2818 1075 2915 1131 per
2942 1060 3282 1131 patriarchas
3323 1058 3552 1129 ﬁgurata

1991 1152 2312 1218 credamus,
2381 1153 2845 1223 quemadmodum
2882 1152 3045 1207 etiam
3099 1149 3392 1221 Apostolus
3440 1150 3551 1202 ait:

1996 1241 2127 1297 Haec
2153 1243 2521 1314 contingebant
2546 1242 2658 1298 illis
2681 1243 2739 1297 in
2758 1244 2981 1313 ﬁguris;
3006 1242 3205 1313 scripta
3223 1251 3401 1295 autem
3429 1249 3553 1296 sunt

1993 1334 2062 1387 ad
2094 1341 2333 1389 nostram
2358 1334 2796 1399 exhortationem,
2817 1334 2874 1388 in
2889 1350 3019 1405 quos
3041 1334 3169 1404 lines
3192 1332 3372 1388 sazculi
3403 1331 3552 1385 dere-

1988 1436 2175 1481 nerunt
2211 1425 2255 1478 '.
2734 1494 2737 1497 _

2063 1518 2130 1573 V.
2160 1519 2255 1574 i8:
2297 1517 2369 1573 Et
2397 1519 2638 1573 exierunt
2678 1534 2773 1593 per
2796 1519 3076 1589 posticum.
3118 1517 3325 1587 Nempe
3365 1517 3552 1587 praesi-

1990 1620 2242 1683 gnantes,
2275 1613 2369 1683 qui
2406 1612 2536 1667 velit
2563 1613 2618 1667 in
2640 1613 2888 1682 pomario
2926 1627 3067 1683 aqua
3105 1611 3329 1682 intingi,
3356 1610 3555 1666 debere

1993 1700 2245 1756 nuntium
2268 1701 2549 1757 remittere
2579 1702 2985 1771 portui-latae“,
3023 1710 3077 1757 et
3118 1717 3215 1772 per
3253 1713 3456 1757 arctam
3498 1708 3553 1755 et

1988 1802 2393 1865 coangustatam
2428 1794 2660 1865 ingredi.

2058 1885 2129 1940 Et
2174 1901 2280 1941 non
2318 1886 2561 1941 uiderunt
2608 1887 2857 1941 seniores.
2897 1882 3364 1952 Quemadmodum
3407 1884 3555 1939 enim

1989 1987 2120 2032 tunc
2144 1977 2199 2032 in
2225 1978 2474 2047 pomario
2499 1976 2819 2049 (paradiso)
2853 1975 3068 2033 delituit
3088 1975 3335 2031 diabolus
3360 1976 3413 2028 in
3441 1990 3563 2031 ser-'

1987 2076 2147 2141 ponte
2171 2070 2224 2135 ⁹;
2250 2070 2332 2124 sic
2361 2083 2509 2124 nunc
2535 2084 2754 2140 quoque
2780 2069 2836 2125 in
2862 2068 3170 2126 senioribus
3197 2069 3435 2129 latitans,
3454 2083 3556 2123 sua

1987 2162 2113 2217 illos
2141 2160 2584 2230 concupiscentia
2613 2159 2882 2228 accendit,
2913 2168 2972 2216 ut
3008 2173 3200 2216 rursus
3228 2159 3408 2215 denuo
3434 2173 3558 2216 cor-

1987 2262 2202 2323 rumpat
2235 2251 2422 2307 Evam.

2058 2341 2123 2398 ν.
2159 2342 2258 2397 l9:
2296 2342 2432 2398 Ecce
2456 2343 2597 2399 ostia
2622 2343 2849 2410 pomarii
2874 2341 3056 2398 clausa
3076 2352 3221 2397 sunt.
3252 2342 3297 2397 Ο
3327 2343 3557 2399 scelerao

1985 2442 2072 2490 tos
2096 2432 2309 2502 iudices
2351 2433 2648 2503 plenosque
2688 2433 2957 2488 diabolico
3007 2432 3227 2488 alIlatu!
3262 2430 3404 2486 Num
3439 2434 3565 2487 haec.

1987 2524 2143 2580 vobis
2171 2522 2395 2579 tradidit
2432 2521 2683 2595 Moyses?
2714 2522 2877 2581 Sicne
2926 2525 3163 2593 legentes
3207 2524 3379 2593 legem
3414 2521 3574 2577 alios

1989 2615 2233 2672 docetis?
2264 2614 2369 2681 Qui
2392 2614 2658 2685 praedicas
2686 2629 2795 2670 non
2834 2612 3143 2671 faciendum
3175 2612 3567 2678 homicidium,

1987 2706 2340 2765 homicidium
2371 2706 2545 2763 facis?
2571 2705 2676 2773 Qui
2707 2709 2845 2765 dicis
2884 2724 2991 2764 non
3037 2706 3563 2777 concupiscendum,

1986 2797 2102 2868 ipse
2121 2813 2347 2854 uxorem
2372 2798 2608 2868 proximi
2638 2813 2985 2870 corrumpere
3007 2800 3162 2870 cupis
3176 2798 3202 2852 ’ἒ

1974 2925 1981 2947 ;
2056 2886 2128 2942 Et
2160 2889 2218 2943 in
2240 2888 2660 2959 concupiscentia
2692 2890 2999 2944 tui-sumus.
3034 2888 3259 2961 thuid,
3313 2888 3553 2959 scelesti,

1986 2987 2192 3034 castam
2217 2979 2453 3034 animam
2485 2988 2648 3050 atque
2665 2980 2967 3051 simplicem
2987 2981 3168 3038 verbis
3186 2982 3572 3037 mendacibus

1985 3083 2019 3124 ι
2048 3069 2247 3125 mentis
2292 3068 2558 3125 sententia
2599 3071 2870 3139 avocatis,
2897 3078 2958 3126 ut
2995 3071 3274 3128 libidinem
3314 3080 3572 3128 vestram.

1911 3200 1955 3257 ϐ
1988 3161 2275 3216 statuatis?

2063 3249 2128 3305 Υ.
2164 3252 2260 3306 2i:
2296 3250 2449 3317 Quod
2475 3253 2523 3306 si
2547 3250 2797 3319 nolueris,
2825 3254 3057 3308 dicemus
3089 3264 3273 3309 contra
3316 3265 3365 3310 te
3399 3257 3553 3310 testi-

311 3345 388 3401 τὰ
415 3348 508 3400 ἀπ’
529 3347 706 3419 ἀρχῆς
723 3347 868 3401 δεινά
890 3347 1231 3418 τολμήματα,
1263 3345 1351 3400 διά
1372 3346 1466 3400 τὸν
1497 3347 1589 3401 ἀπ’
1631 3347 1805 3419 ἀρχῆς
1831 3351 1887 3402 ὲν

1992 3343 2245 3396 monium.
2280 3341 2405 3397 Haec
2432 3351 2609 3399 vestra
2635 3344 2703 3398 ab
2726 3344 2879 3400 initio
2906 3345 3160 3415 projectae
3196 3346 3393 3402 mentis
3416 3361 3552 3401 ausa

311 3438 446 3509 ὑμῖν
487 3437 911 3509 ὲμφωλεύσαντα
954 3437 1173 3492 πλάνον.
1197 3439 1305 3493 ’Ὴν
1363 3437 1473 3510 γὰρ
1529 3438 1698 3503 ὅντως
1752 3438 1887 3509 μετά

1992 3434 2275 3504 improba,
2324 3434 2628 3491 seductoris
2672 3437 2844 3507 gratia
2890 3437 3065 3506 quiin
3091 3438 3246 3493 vobis
3290 3439 3357 3493 ab
3397 3439 3569 3495 initio.

311 3524 519 3601 τᾶύτης
542 3530 820 3594 νεανίσκος
844 3530 936 3584 ἀπ’
967 3530 1209 3601 οὐρανῶν
1238 3531 1500 3602 ὑμέτερος
1526 3529 1625 3600 (1),
1655 3530 1716 3583 οὐ
1753 3547 1885 3599 συγ-

1990 3527 2247 3582 latitaret.
2278 3525 2409 3581 Erat
2430 3542 2667 3597 namque
2694 3543 2821 3583 vere
2859 3543 2984 3583 cum
3021 3544 3085 3583 ea
3115 3540 3292 3585 vester
3323 3547 3354 3585 e
3398 3531 3561 3586 oculis

310 3612 600 3691 γενόμενος
623 3618 778 3690 αὐτῇ,
806 3618 941 3673 ἀλλά
974 3619 1376 3692 συμμαρτυρῶν
1405 3621 1471 3687 τῇ
1499 3619 1746 3690 ἀληθείᾳ.

1986 3618 2223 3686 juvenis,
2269 3633 2378 3673 non
2400 3619 2494 3688 qui
2526 3634 2652 3675 cum
2682 3620 2773 3675 illa
2802 3621 3267 3689 commisceretur,
3313 3622 3409 3677 sed
3455 3624 3550 3692 qui

1989 3710 2148 3765 testis
2170 3708 2310 3766 foret
2335 3711 2570 3767 veritati.
3448 3766 3451 3767 ν

2066 3798 2125 3853 V.
2150 3799 2259 3871 22:
2295 3799 2365 3854 Et
2391 3802 2644 3872 ingemuit
2685 3800 2947 3858 Susanna.
2992 3802 3089 3860 His
3133 3804 3317 3875 itaque
3370 3807 3577 3862 verbis—

1987 3892 2208 3955 auditis,
2235 3894 2390 3949 beata
2440 3894 2692 3951 Susanna
2718 3896 2924 3951 doloris
2947 3896 3191 3952 aculeum
3218 3899 3401 3952 animo
3424 3914 3549 3952 sen-
3574 3932 3579 3939 ~

1987 3983 2079 4046 sit,
2127 4000 2298 4055 osque
2341 3986 2634 4053 obturavit,
2661 4002 2785 4057 quae
2828 3989 2994 4044 nollet
3039 3989 3547 4045 seelestissimorum

1987 4077 2259 4130 seniorum
2290 4076 2486 4147 injuria
2508 4079 2876 4147 constuprari.
2907 4077 3057 4133 Licet
3081 4093 3210 4132 vero
3231 4080 3394 4133 etiam
3419 4094 3577 4135 vere~

322 3856 327 3863 ,
390 3793 502 3848 Καὶ
535 3793 938 3858 ἁνεστέναξεν
966 3792 1275 3849 Σωσάννα.
1303 3791 1518 3847 Τούτων
1539 3787 1630 3847 οὖν
1656 3791 1764 3847 τῶν
1795 3794 1893 3865 ρη-

302 3886 506 3958 ’μὰτων
539 3884 819 3939 ἀκούσασα
848 3887 882 3956 ἡ
922 3886 1166 3958 μακαρία
1196 3885 1473 3951 Σωσάννα,
1507 3884 1774 3956 κατενύγη
1791 3884 1889 3956 τὴν

310 3976 574 4049 καρδίαν,
610 3977 708 4031 καὶ
758 3976 961 4048 ἐφραξε
993 3976 1055 4030 τὸ
1080 3977 1252 4048 στόμα
1278 4017 1294 4042 ,
1342 3976 1416 4049 μὴ
1455 3976 1749 4047 βουλομένη
1784 3977 1889 4030 ὑπὸ

309 4068 532 4139 ἀνόμων
560 4070 950 4143 πρεσϐυτέρων
977 4071 1289 4143 μιανθῆναι.
1318 4074 1473 4151 Ἔστι
1494 4076 1551 4128 δὲ
1586 4078 1685 4130 καὶ·
1722 4095 1891 4132 κατα-

311 4158 574 4213 λαϐέσθαι
596 4160 812 4233 ἀληθῶς
838 4163 900 4215 τὸ
924 4161 1136 4233 συμϐὰν
1159 4164 1251 4217 ἐπὶ
1278 4167 1342 4235 τῇ
1389 4166 1666 4240 Σωσάννῃ.
1717 4168 1889 4223 Τοῦτο

310 4248 424 4320 γὰρ
453 4249 550 4304 νῦν
579 4252 674 4305 καὶ
705 4252 798 4304 ἐπὶ
816 4254 882 4335 τῇ
934 4252 1229 4326 Ἐκκλησία
1268 4255 1645 4329 πληρούμενον
1683 4258 1883 4331 εὕροις.

322 4340 516 4394 Ἠνίκα
540 4339 650 4413 γὰρ
674 4342 723 4395 οἱ
750 4340 843 4396 δύο
871 4342 992 4397 λαοὶ
1016 4344 1435 4417 συμφωνήσουσι
1465 4346 1768 4419 διαφθεῖραί
1801 4366 1886 4403 τι-

311 4450 410 4496 νας
430 4431 538 4486 τῶν
563 4431 755 4501 ἁγίων,
798 4434 1241 4506 παρατηροῦνται
1269 4436 1486 4509 ἡμέραν
1515 4428 1752 4504 εὔθετον,
1790 4441 1886 4494 καὶ

1988 4165 2302 4236 intelligere,
2329 4168 2476 4237 quod
2514 4171 2571 4223 in
2630 4167 2881 4224 Susanna
2942 4167 3184 4238 contigit.
3235 4166 3350 4223 Hoc
3397 4168 3565 4225 enim.

1986 4272 2132 4313 nunc
2182 4274 2399 4329 quoque
2444 4261 2502 4315 in
2548 4258 2787 4315 Ecclesia
2842 4260 3053 4329 impleri
3096 4261 3357 4316 invenias.
3408 4261 3563 4316 Cumw

1984 4351 2129 4403 enim
2168 4350 2276 4405 duo
2304 4352 2486 4422 populi
2517 4351 2916 4417 consenserint,
2948 4361 3006 4407 ut
3033 4352 3299 4422 quosdam
3338 4355 3405 4409 de
3440 4353 3549 4411 Ec-

1986 4438 2151 4494 clesia
2174 4439 2424 4509 perdant,
2450 4438 2593 4495 diem
2621 4447 2805 4509 aptum
2834 4438 3158 4503 observant;
3204 4440 3546 4511 ingressique

310 4521 647 4587 εἰσελθόντες
670 4524 751 4588 είς
782 4524 873 4577 τὸν
902 4519 1049 4578 οἷκον
1079 4526 1173 4580 τοῦ
1216 4527 1383 4609 Θεοῦ,
1434 4532 1885 4624 προσρυχομένων

1988 4533 2041 4584 in
2066 4533 2287 4587 domum
2314 4531 2431 4599 Dei,
2460 4533 2670 4588 cunctis
2692 4532 2766 4587 ibi
2803 4535 3090 4624 orantibus
3121 4534 3398 4605 Deumque
3421 4535 3546 4591 lau-

246 4638 249 4639 ν
311 4613 430 4664 ἐκεῖ
449 4613 668 4668 πάντων
696 4615 793 4668 καὶ
817 4615 909 4669 τὸν
939 4616 1071 4671 Θεὸν
1100 4618 1412 4689 ὑμνούντων
1433 4660 1449 4685 ,
1502 4613 1883 4694 ὲπὶλαϐόμενοι

309 4705 527 4761 ’ἐλκουσί
544 4725 697 4773 τινας
716 4709 812 4763 καὶ
836 4710 1119 4782 κρατοῦσι,
1148 4711 1397 4782 λέγοντες
1417 4732 1432 4746 °
1478 4716 1653 4772 Δεῦτε
1672 4757 1688 4783 ,
1729 4734 1880 4789 συγ-

310 4797 643 4857 κατάθεσθε
667 4800 831 4869 ἡμῖν,
856 4803 1112 4870 καὶτοὺς
1126 4804 1299 4873 θεοὺς
1318 4809 1703 4877 θρησκεύετεο
1738 4811 1789 4863 ει
1812 4808 1882 4863 δὲ

307 4887 414 4956 μὴ,
459 4890 1071 4964 καταμαρτυρήσομεν
1090 4894 1276 4965 ὑμῶν.
1301 4898 1441 4961 Τοὺς
1474 4898 1531 4952 δὲ
1573 4899 1648 4972 μὴ
1692 4899 1879 4971 βουλο-

315 4977 528 5047 μένους,
555 4979 922 5053 προσάγουσιν
944 4984 1140 5051 αύτοὺς
1161 4986 1381 5058 πρὸςτά
1398 4987 1618 5060 βήματα
1631 4994 1725 5046 καὶ
1746 5010 1879 5047 κατ-

309 5070 622 5146 ηγοροῦσιν,
650 5072 726 5137 ὡς
748 5074 966 5129 ἐναντία
991 5074 1085 5130 τοῦ
1117 5076 1386 5150 δόγματος
1412 5081 1689 5155 Καίσαρος
1704 5083 1881 5155 πράτ-

312 5174 521 5227 τοντας,
555 5165 650 5217 καὶ
676 5165 1059 5237 κατακρίνουσι
1085 5167 1317 5241 θανάτῳ.

378 5249 568 5305 Στενά
585 5269 690 5324 μοι
724 5252 1036 5310 πάντοθεν.
1069 5256 1234 5312 Ἴδετε
1260 5261 1476 5333 ῥήματα
1496 5265 1877 5338 σωφρονούσης

312 5339 586 5427 γυναικὸς,
618 5342 713 5397 καὶ
742 5341 860 5415 Θεῷ
889 5345 1288 5421 μεμελημένης.
1321 5352 1510 5408 Στενὰ
1539 5371 1673 5423 μοι,
1720 5357 1874 5427 φησὶ,

1984 4624 2256 4690 dantibus,
2281 4624 2649 4694 apprehensos
2681 4609 2945 4696 quosdam
2985 4628 3227 4695 trahunt,
3251 4634 3544 4696 tenentque

1983 4712 2256 4770 dicentes:
2294 4714 2495 4781 Venite,
2513 4715 2751 4786 idemque
2776 4718 2878 4785 ipsi
2904 4734 2967 4772 ac
2996 4733 3089 4771 nos
3120 4720 3328 4785 sentite,
3354 4734 3417 4771 ac
3437 4718 3541 4773 diis

1982 4806 2184 4861 cultum
2202 4808 2460 4863 adhibete.
2483 4806 2636 4873 Quod
2657 4808 2704 4862 si
2741 4808 3038 4874 nolueritis,
3066 4810 3421 4865 testimonium
3444 4808 3557 4862 ad-

1981 4915 2185 4954 versum
2218 4916 2306 4956 vos
2348 4901 2600 4956 dicemus.
2630 4899 2740 4957 Eos
2771 4912 2954 4957 autem
2993 4902 3088 4971 qui
3131 4902 3433 4967 noluerint,
3471 4901 3555 4955 ad

1981 4989 2273 5045 tribunalia
2318 4991 2630 5058 adducunt,
2673 5001 2727 5047 et
2774 5004 3033 5049 accusant
3066 4993 3211 5048 velut
3243 4993 3338 5063 qui
3380 5002 3543 5062 agant

1983 5090 2169 5136 contra
2198 5082 2471 5138 decretum
2494 5082 2746 5150 Caasaris,
2776 5098 2844 5140 ac
2873 5095 3048 5141 morte
3073 5100 3168 5141 eos
3197 5085 3475 5140 damnant.

2046 5263 2322 5335 Augustin:
2346 5273 2469 5319 sunt
2496 5265 2625 5320 mihi
2665 5265 2907 5336 undique.
2946 5262 3132 5320 Videte
3170 5263 3336 5320 verba
3375 5272 3546 5320 castae

1977 5355 2243 5422 mulieris,
2270 5371 2335 5412 ac
2375 5356 2534 5426 cujus
2578 5355 2691 5413 Deo
2723 5371 2854 5412 cura
2879 5365 2982 5412 est.
3005 5354 3300 5423 Angustias,
3334 5354 3543 5424 inquit,

311 5426 605 5516 εξὰντοθεν
625 5447 640 5462 ⁸
658 5433 693 5502 ὴ
718 5431 825 5505 γὰρ
868 5434 1161 5507 Ἐκκλησία
1184 5439 1246 5490 ού
1283 5439 1441 5509 μόνον
1462 5441 1569 5495 ὑπὸ
1609 5444 1875 5499 Ἰουδαίων

1986 5438 2100 5500 sunt
2124 5446 2255 5500 mihi
2287 5446 2532 5516 undique.
2575 5445 2820 5502 Ecclesia
2859 5444 3002 5501 enim
3030 5443 3231 5500 nedum
3259 5459 3293 5500 a
3337 5442 3440 5502 Iud
3452 5449 3549 5503 mis

309 5508 548 5573 θλίϐεται
576 5521 672 5575 καὶ
697 5526 1126 5595 στενοχωρεῖται,
1151 5508 1293 5585 ἀλλά
1425 5531 1528 5586 ὑπὸ
1560 5532 1749 5599 ἐθνῶν,
1780 5538 1876 5591 καὶ

376 5658 397 5690 ⁷
432 5659 609 5718 ICor.
641 5679 697 5732 ι,
728 5665 814 5721 Η.
890 5667 913 5699 ⁸
939 5665 1130 5723 Matth.
1162 5685 1258 5734 vn,
1291 5672 1377 5739 i3,
1408 5673 1493 5731 14.
1568 5676 1592 5711 ⁸
1615 5675 1749 5733 Gen.
1782 5694 1864 5747 ιιι,
1909 5678 1958 5734 l.

1982 5537 2234 5608 allligitur
2267 5553 2330 5594 ac
2356 5540 2634 5610 angustias
2662 5541 2884 5609 patitur,
2909 5554 3095 5594 verum
3125 5538 3290 5594 etiam
3316 5556 3346 5595 a
3367 5555 3437 5611 ge
3484 5543 3537 5595 IL

376 5813 454 5886 (l)
494 5818 824 5888 Νεανίσκος
852 5820 1149 5892 ὑμέτερος.
1198 5825 1251 5881 ld
1299 5835 1383 5883 est
1410 5802 1624 5897 Daniel,
1669 5834 1861 5904 spiritu

1986 5836 2214 5907 >phctico
2243 5848 2501 5903 praesens.
2530 5833 2761 5889 Consus.
