4128 6424
493 336 599 393 699
1365 337 1423 392 S.
1462 336 1833 393 lllPPOLYTI
1876 336 2030 393 OPP.
2076 338 2257 395 PARS
2299 340 2342 397 Ι.
2371 372 2439 382 -
2469 338 2880 397 EXEGETICA.
3649 343 3757 399 700
3860 294 3877 303 ⁵

490 464 544 509 et
569 470 746 508 omnes
785 454 1000 524 populi,
1032 456 1199 509 tribus
1244 467 1291 510 et
1329 457 1526 527 lingua:
1554 460 1777 513 servient
1809 460 1946 530 ipsi:
1981 478 2078 529 po-
2108 499 2120 523 ε

2120 466 2152 522 Α
2178 461 2341 528 αὐτῷ
2367 464 2541 531 ἐδόθη
2573 466 2612 532 ἢ
2640 464 2819 534 ἀρχὴ,
2852 462 2950 517 καὶ
2980 464 3019 533 ἠ
3050 461 3206 533 τιμὴ,
3237 462 3335 517 καὶ
3362 464 3399 532 ἡ
3426 464 3713 528 ,ϐασιλεία
3731 480 3750 495 ο

493 557 657 599 testas
683 547 817 615 ejus,
854 555 1083 615 potestas
1105 558 1300 603 ceterna
1330 568 1446 620 qua:
1477 568 1579 605 non
1608 552 1885 621 transibit,
1913 564 1961 608 et
1996 571 2077 608 re-

2180 554 2283 608 καὶ
2316 552 2541 622 πάντες
2566 557 2725 622 λαοὶ,
2745 555 2954 626 φυλαὶ,
2978 556 3072 609 καὶ
3088 555 3368 626 γλῶσσαι
3388 553 3759 610 δουλεύσου-

492 655 655 711 gnunt
682 638 795 709 ejus
830 655 932 692 non
959 640 1196 694 interibit
1230 641 1292 696 ".

2177 664 2282 702 σιν
2305 645 2465 712 αὐτῷ
2484 664 2498 676 ·
2528 648 2567 717 ἡ
2586 647 2839 712 ἐξουσία
2858 648 3046 702 αὐτοῦ
3074 646 3325 712 ἐξουσιά
3350 644 3602 711 αἰώνιος,
3626 644 3758 711 ἣτις

2172 737 2244 789 οὐ
2278 737 2733 804 παρελεύσεται,
2762 736 2863 791 καὶ
2898 734 3244 805 ήβασιλεία
3278 732 3465 788 αὐτοῦ
3512 732 3585 785 οὐ
3629 729 3759 784 δια-

2168 826 2559 896 φθαρήσεται.

2091 917 2156 972 ll.

599 1010 664 1064 In
693 1009 971 1065 Canticum
987 1011 1160 1066 trium
1185 1026 1488 1080 puerorum.
1515 1010 1599 1064 Ea:
1625 1008 2068 1086 QateAnaAPatrum
2092 1015 2149 1067 in
2180 1013 2424 1086 Psalmos
2439 1026 2489 1069 et
2519 1014 2741 1071 Cantica
2762 1032 2929 1073 sacrae
2948 1013 3239 1086 Scriptura:
3268 1025 3393 1067 tom.
3423 1008 3489 1066 lll
3518 1011 3650 1066 edit.

1622 1082 1984 1147 Corderiame,
2033 1100 2156 1155 pag.
2197 1085 2323 1149 951,
2352 1085 2421 1139 ad
2449 1088 2505 1156 ᾖ.
2535 1086 2627 1143 87.

557 1173 880 1241 Benedicite,
922 1176 1134 1230 Anania
1162 1217 1178 1240 .
1251 1176 1454 1229 Azaria
1488 1217 1504 1241 ,
1562 1176 1776 1243 Misael,
1812 1177 2039 1241 Domino
2057 1200 2078 1233 .·

2258 1180 2599 1251 Εὐλογεῖτε,
2644 1182 2896 1245 Ἀνανία,
2926 1177 3164 1247 Ἀζαρία,
3194 1173 3473 1243 Μισαὴλ,
3505 1174 3615 1227 τὸν
3648 1173 3770 1228 Κύ-

488 1264 774 1320 benedicite
819 1267 1093 1335 apostoli,
1143 1268 1409 1337 propheta:
1450 1278 1500 1321 et
1552 1279 1810 1338 martyres
1860 1269 2077 1325 Domini

2172 1289 2344 1340 ριον·
2376 1271 2697 1342 εὐλογεῖτε,
2734 1273 3085 1335 ἀπόστολοι,
3135 1266 3432 1337 προφῆται
3467 1265 3566 1319 καὶ
3600 1264 3770 1334 [μάρ-

488 1355 751 1412 Domino:
779 1358 994 1413 laudate
1018 1370 1064 1413 et
1098 1359 1487 1429 superexaltate
1505 1377 1623 1415 eum
1649 1362 1703 1414 in
1726 1362 1944 1417 sarcula.

2178 1380 2358 1432 τυρες
2374 1364 2594 1433 Κυρίου
2610 1364 2720 1419 τὸν
2736 1368 2977 1433 Κύριον,
2994 1361 3237 1433 ὑμνεῖτε
3255 1361 3355 1414 καὶ
3366 1357 3772 1427 ⁸ὐπερυιιεόῦτε

877 1473 1147 1545 Hippolyti
1176 1476 1416 1545 episcopi
1448 1474 1699 1530 Romani.
2177 1455 2364 1511 αὑτὸν
2388 1459 2477 1523 εις

1274 1476 1416 1545 scopi
1448 1474 1699 1530 Romani.
2177 1455 2364 1511 αὑτὸν
2388 1459 2477 1523 εις
2509 1455 2650 1522 τοὺς
2666 1454 2904 1523 άιῶναςο

556 1585 889 1643 Admiranda
935 1598 1098 1652 sunt,
1138 1603 1173 1642 ο
1212 1588 1430 1653 dilecti,
1470 1606 1591 1659 quze
1624 1605 1655 1646 a
1687 1590 1862 1646 tribus
1890 1594 2075 1662 pueris

1805 1606 1862 1646 us
1890 1594 2075 1662 pueris
2502 1568 2819 1624 Ἱππολύτου
2860 1566 3160 1621 ἐπισκόπου
3199 1563 3435 1653 Ῥξῦμης,

486 1676 540 1731 ἱη
564 1677 781 1733 camino
807 1678 947 1733 dicta
976 1687 1135 1733 sunt:
1160 1680 1435 1747 quomodo
1469 1680 1694 1736 nihilex
1725 1682 1887 1738 rebus
1916 1698 2071 1739 crea-

2245 1678 2533 1753 Θαυμὰσαι
2563 1682 2620 1736 δὲ
2645 1679 2814 1746 ἔστιν,
2844 1678 3152 1750 ἀγαπητοὶ,
3180 1676 3251 1731 τὰ
3290 1676 3395 1730 ὑπὸ
3436 1674 3546 1728 τῶν
3587 1673 3767 1746 τριῶν

488 1772 559 1825 tis
624 1770 1021 1840 pragterierunt,
1097 1781 1157 1826 ut
1200 1787 1394 1841 nempe
1435 1771 1571 1826 nihil
1644 1775 1799 1843 quasi
1840 1775 2071 1829 liberum
2108 1819 2118 1874 1

2138 1824 2148 1872 ι
2179 1773 2381 1829 παίδων
2403 1775 2460 1827 ἐν
2489 1777 2555 1845 τῇ
2580 1774 2795 1845 καμίνῳ
2816 1766 3115 1843 λεγόμενα·
3140 1771 3257 1835 πῶς
3278 1769 3429 1824 οὐδὲν
3455 1767 3768 1840 παρέλιπον

488 1864 571 1916 vel
605 1864 688 1918 sui
716 1864 860 1933 juris
893 1879 1014 1918 esse
1043 1872 1357 1933 putaretur:
1387 1866 1478 1919 sed
1506 1881 1673 1935 quum
1713 1868 1893 1921 omnia
1919 1882 2071 1921 eom-
2108 1859 2118 1874 ”

2174 1865 2281 1918 τῶν
2307 1866 2640 1936 ἐκτισμένων
2663 1904 2680 1930 ,
2724 1865 2814 1919 ἵνα
2852 1865 2928 1937 μὴ
2967 1866 3042 1929 ὡς
3091 1864 3370 1935 ἐλεύθερον
3408 1859 3782 1952 αὐτεξούσιοᾎ

489 1957 905 2025 prehendissem
935 1972 999 2012 ac
1032 1958 1437 2022 nominassent,
1477 1958 1751 2022 caelestia,
1793 1959 2069 2013 terrestria

2176 1957 2402 2028 νομισθῇ
2424 1974 2437 1986 ο
2466 1955 2600 2011 ἀλλὰ
2623 1957 2799 2012 πάντα
2825 1974 2886 2010 συ
2895 1956 3317 2029 μπεριλαὸόντες
3339 1954 3434 2008 καὶ
3454 1953 3767 2023 ὀνομάσαν-

486 2059 541 2102 et
573 2048 961 2113 subterranea,
999 2049 1183 2103 omnia
1227 2048 1339 2104 Deo
1377 2049 1617 2119 subjecta
1662 2065 1784 2104 esse
1823 2052 2075 2107 ostende-

2168 2066 2259 2112 τες
2278 2048 2346 2102 τὰ
2373 2050 2674 2120 ἐπουράνια
2702 2049 2799 2103 καὶ
2822 2048 2893 2102 τὰ
2928 2048 3148 2118 ἐπίγεια
3170 2048 3265 2101 καὶ
3297 2045 3366 2099 τὰ
3398 2043 3760 2115 καταχθόνια,

489 2150 636 2203 runt,
669 2147 728 2193 ut
752 2140 844 2208 qui
874 2139 1057 2194 omnia
1086 2155 1184 2213 per
1220 2138 1459 2196 Verbum
1495 2142 1793 2196 creaverit:
1846 2157 1914 2196 ne
1947 2143 2071 2212 quis

2169 2142 2348 2196 πάντα
2371 2141 2530 2195 δοῦλα
2550 2141 2754 2208 ἔδειξαν
2779 2136 2919 2196 εἶναι
2948 2140 3044 2196 τοῦ
3070 2140 3205 2195 Θεοῦ
3226 2139 3320 2193 τοῦ
3350 2138 3527 2193 πάντα
3549 2136 3637 2190 διὰ
3654 2136 3761 2191 τοῦ

488 2230 655 2284 ullam
693 2242 998 2285 creaturam
1041 2233 1127 2287 vel
1167 2232 1465 2289 increatam
1512 2232 1592 2289 vel
1634 2232 1753 2289 sine
1801 2233 2073 2305 principio

2163 2232 2344 2305 Λόγου
2373 2232 2676 2298 κτίσαντος,
2707 2232 2794 2285 ἶνα
2824 2232 2897 2303 μή
2922 2248 3007 2296 τις
3028 2233 3370 2303 καυχήσηται
3395 2229 3471 2293 ὡς
3491 2226 3763 2299 ἀγένητόν

486 2338 608 2377 esse
639 2322 983 2392 gloriaretur.

2163 2346 2217 2382 τι
2242 2330 2338 2383 καὶ
2362 2332 2596 2400 ἄναρχον
2623 2330 2709 2399 εῑη
2740 2323 3077 2398 κτισμάτων.

1624 2705 1748 2795 ΙΝ
1843 2706 2599 2795 MATTHfEUM.

1428 2896 1534 2958 (De
1574 2893 1856 2955 MAGISTRIS,
1883 2897 2003 2947 Acta
2026 2895 2302 2961 Martyrum
2342 2894 2570 2956 Ostiens.,
2593 2909 2643 2958 p.
2669 2894 2804 2958 405.)

626 3026 691 3094 In
724 3039 966 3094 Hatthmi
997 3057 1116 3110 cap.
1146 3057 1222 3106 τι,
1258 3040 1344 3096 Η.
1376 3070 1444 3081 -
1472 3039 1803 3095 Sententiam
1831 3057 1985 3095 suam
2011 3044 2225 3112 exponit
2250 3082 2256 3095 ε

1973 3057 1985 3094 ι
2011 3044 2225 3112 exponit
2250 3042 2384 3112 περὶ
2412 3043 2518 3097 τοῦ
2544 3042 2857 3099 ἐπιουσίου
2878 3044 2957 3098 vel
2978 3045 3042 3099 de
3082 3061 3215 3113 pane
3240 3044 3603 3102 substantiaii.

553 3382 678 3439 Ideo
711 3397 957 3453 quaarere
990 3381 1134 3452 jussi
1182 3396 1373 3437 sumus
1404 3383 1549 3451 quod
1584 3382 1651 3437 ad
1693 3384 2067 3439 conservatio—
2091 3374 2133 3432 (Ζ

2121 3375 2133 3431 ί
2236 3388 2335 3445 Διὰ
2373 3387 2530 3443 τοῦτο
2557 3386 2740 3458 ζητεῖν
2785 3384 3126 3459 προσετάχθη
3137 3401 3235 3456 μεν
3263 3383 3324 3437 τὸ
3352 3384 3487 3457 πρὸς
3512 3399 3578 3457 τη
3589 3402 3751 3457 ρησιν

481 3491 606 3529 nem
641 3474 941 3543 corporalis
994 3475 1309 3529 substantiae
1357 3476 1588 3530 sulIiciat
1619 3494 1632 3528 :
1659 3490 1763 3530 non
1808 3475 2062 3545 pulmen-

2162 3482 2427 3555 ἐξαρκοῦν
2475 3482 2574 3553 τῆς
2616 3481 2937 3553 σωματικῆς
2981 3476 3194 3540 οὐσίας’
3240 3479 3302 3531 οὐ
3344 3477 3554 3549 τρυφὴν
3606 3477 3752 3531 ἀλλὰ

484 3579 600 3623 tum
628 3611 645 3634 ,
682 3568 778 3623 sed
811 3568 1131 3622 alimentum
1154 3609 1169 3634 ,
1202 3568 1350 3638 quod
1378 3568 1563 3623 deﬁcit
1594 3568 1812 3639 corpori
1851 3578 2065 3623 restau-

2158 3577 2385 3648 τροφὴν,
2413 3573 2475 3628 τδ
2502 3573 2746 3627 ἐλλεῖπον
2770 3570 3193 3642 ἀναπληροῦσαν
3221 3568 3315 3623 τοῦ
3344 3566 3613 3641 σώματος,
3646 3570 3746 3623 καὶ

485 3678 647 3727 rans,
680 3672 1020 3730 mortemque
1048 3676 1113 3714 ex
1141 3660 1283 3714 tame
1315 3660 1613 3729 prohibens
1643 3675 1662 3727 ;
1701 3675 1810 3714 non
1844 3675 2062 3717 mensas

2156 3668 2257 3739 τὴν
2291 3670 2357 3721 ἐκ
2386 3665 2480 3720 τοῦ
2513 3664 2673 3736 λιμοῦ
2711 3663 3026 3718 κωλύουσαν
3059 3662 3318 3716 θάνατον·
3359 3662 3420 3714 οὐ
3459 3662 3743 3733 τραπέζας

482 3758 738 3826 opiparas
760 3766 814 3810 et
842 3754 897 3808 in
926 3754 1232 3822 voluptates
1255 3751 1458 3808 eﬂ‘usas
1475 3792 1491 3817 ,
1519 3767 1694 3823 neque
1719 3767 2062 3824 quaecunque

2158 3757 2617 3830 φλεγμαινούσας,
2642 3757 2737 3810 καὶ
2770 3757 2849 3819 είς
2878 3754 3072 3827 ἡδονὰς
3098 3751 3485 3824 ὲκμαινούσας,
3511 3751 3619 3805 οὐδ’
3639 3752 3743 3804 ὅσα.

480 3863 681 3919 corpus
729 3847 995 3903 insultare
1029 3846 1214 3900 animo
1262 3844 1540 3912 cilicium,
1595 3845 1689 3901 sed
1744 3860 1970 3914 panem,
2004 3853 2059 3899 et

2164 3853 2392 3925 σκιρτᾷν
2438 3850 2499 3904 τὸ
2547 3848 2707 3921 σῶμα
2744 3847 2887 3902 κατὰ
2927 3847 3028 3917 τῆς
3071 3846 3249 3917 ψυχῆς
3288 3843 3739 3917 παρασκευάζει,

482 3940 626 3994 hunc
676 3952 784 3992 non
830 3938 884 3992 in
928 3937 1224 3991 multorum
1275 3949 1548 3991 annorum
1595 3949 1911 4001 numerum,
1960 3934 2057 3991 sed

2163 3944 2277 3999 ἀλλ’
2310 3945 2497 4017 ἄρτον,
2524 3943 2621 3997 καὶ
2650 3940 2836 3995 τοῦτον
2863 3940 2965 3996 οὐκ
2994 3942 3074 4003 είς
3110 3939 3275 3993 πολὺν
3304 3938 3439 3992 ἐτῶν
3465 3939 3702 4010 ἀριθμὸν
3725 3980 3740 4003 ,

480 4031 643 4087 hodie
674 4031 832 4086 nobis
863 4028 1241 4085 suﬂieientem.

2160 4037 2299 4093 ἀλλὰ
2321 4037 2413 4091 τὸν
2439 4036 2681 4108 σήμερον
2707 4037 2838 4107 ἡμῖν
2866 4032 3158 4107 ἀρκοῦντα.

488 4248 682 4268 _——-

1790 4415 1916 4504 IN
1992 4414 2434 4504 LUCAM.

1139 4605 1275 4671 (MAI,
1312 4603 1621 4671 Scriptorum
1655 4610 1747 4658 vet.
1791 4603 2023 4657 Cotlectio
2066 4614 2206 4660 nova.
2231 4607 2350 4652 tom.
2378 4599 2461 4663 IX,
2485 4599 2831 4661 Romae,1857,
2851 4614 2900 4664 p.
2927 4600 3062 4665 645.)

1151 4904 1306 4960 CAP.
1358 4906 1424 4961 ΙΙ.
2082 4913 2129 4968 ι)

2808 4900 2965 4955 uno.
3006 4899 3081 4953 B'.
3838 4961 3844 4970 ,

547 4998 702 5054 Vers.
732 4995 1296 5069 7.—Hippolyti.—Si
1327 4999 1412 5055 vis
1444 5005 1622 5054 autem
1644 5040 1660 5065 ,
1687 4997 1926 5054 Verbum
1955 4997 2049 5053 Dei

2240 4993 2581 5049 Ἱππολύτου.
2609 4992 2675 5047 Ei
2701 4992 2760 5047 δὲ
2789 4991 2999 5063 βούλει,
3044 4990 3220 5061 Λόγος
3262 4992 3400 5046 Θεοῦ
3427 4988 3497 5066 ἦν
3529 4996 3735 5068 πρωτό.

471 5099 592 5145 erat
642 5089 1100 5161 primogenitum,
1162 5105 1193 5146 e
1246 5091 1387 5146 caelo
1434 5090 1500 5145 ad
1555 5090 1770 5147 beatam
1821 5089 2049 5145 Mariam

2153 5104 2330 5152 τοκος,
2355 5086 2452 5140 ἀπ’
2476 5082 2722 5157 οὐρανῶν
2742 5085 2838 5137 ἐπὶ
2856 5081 2953 5153 τὴν
2983 5080 3257 5154 μακαρίαν
3283 5083 3503 5153 Μαρίαν
3530 5101 3727 5155 κατερ-

470 5184 820 5248 descensum,
850 5195 905 5238 et
929 5183 1092 5239 homo
1126 5183 1526 5254 primogenitus
1555 5183 1610 5237 in
1645 5191 1804 5238 utero
1838 5182 2055 5237 forma-.

2155 5182 2383 5254 χόμενος
2401 5218 2416 5245 ,
2447 5179 2541 5233 καὶ
2562 5177 2849 5249 ἄνθρωπος
2876 5175 3219 5247 πρωτότοκος
3252 5178 3309 5229 ἐν
3348 5175 3525 5248 κοιλίᾳ
3554 5177 3727 5230 πλασ-

470 5290 580 5344 tus,
600 5289 656 5334 ut
687 5279 1083 5349 primogenitus
1111 5277 1206 5335 Dei
1238 5278 1599 5350 primogenita
1623 5277 1831 5334 homini
1863 5277 2052 5333 unitus

2156 5273 2401 5344 σόμενος,
2416 5271 2505 5326 ἵνα
2527 5272 2556 5325 ὁ
2580 5269 2919 5343 πρωτότοκος
2941 5264 3076 5320 Θεοῦ
3104 5269 3436 5340 πρωτοτόκῳ
3458 5266 3729 5340 ἀνθρώπῳ

471 5370 936 5428 manifestaretur.

2154 5365 2561 5436 συναπτόμενος
2587 5361 2793 5433 δειχθῇ.

545 5461 700 5518 Vere.
731 5463 898 5519 21-—
916 5462 1284 5535 Hippolyti.-
1304 5462 1442 5519 Cum
1472 5462 1625 5518 illum
1657 5460 1884 5533 (Jesum)
1914 5461 2051 5517 tule-

2228 5457 2567 5514 Ἱππολύτου.
2618 5457 2745 5511 Ὅτε
2789 5455 2953 5510 αὐτὸν
2992 5455 3267 5528 ἀνήγαγον
3316 5457 3397 5519 εἰς
3441 5454 3500 5508 τὸ
3540 5454 3688 5527 ἱερὸν
3711 5498 3726 5522 ,

471 5563 600 5608 runt
628 5554 682 5608 in
710 5555 971 5625 templum
994 5565 1056 5611 ut
1078 5557 1337 5612 sisterent
1356 5571 1481 5611 eum
1512 5555 1766 5621 Domine,
1795 5554 2052 5625 put-ilices

2146 5550 2496 5624 παραστῆσαι
2524 5548 2602 5620 τῷ
2628 5547 2844 5619 Κυρίῳ,
2872 5546 2972 5611 τὰς
3002 5547 3331 5621 καθαρσίους
3355 5545 3727 5611 ἐπιτελοῦντες

473 5646 757 5702 solverunt
784 5647 1122 5712 oblationes;
1154 5648 1199 5702 si
1223 5648 1365 5704 enim
1385 5647 1612 5718 puriﬁea
1628 5663 1872 5705 munera
1894 5646 2050 5718 juxta

2104 5670 2111 5681 ι
2150 5644 2428 5717 ἀναφορᾶς
2446 5661 2459 5675 ·
2494 5646 2542 5699 εί
2570 5642 2679 5717 γὰρ
2706 5642 2775 5698 τὰ
2803 5632 3076 5717 καθάρσια
3095 5639 3244 5714 δῶρα
3272 5640 3416 5696 κατὰ
3445 5639 3539 5696 τὸν
3561 5638 3725 5710 νόμον

579 5761 623 5795 ι’
645 5760 777 5819 Dan.
811 5765 1013 5832 “1,15,
1048 5763 1132 5817 Η.
