4128 6408
375 407 467 463 701
1652 396 2081 455 FRAGMENTA
2120 396 2348 453 DUBlA.
3511 393 3619 449 702

368 525 508 596 ὑπὲρ
540 521 706 576 αὐτοῦ
754 521 1126 594 προσεφέρετο
1145 562 1159 586 ,
1195 521 1366 593 ταύτῃ
1405 523 1500 574 καὶ
1525 521 1632 575 ὑπὸ
1662 522 1825 591 νόμον
1856 522 1948 589 γὲ-
1975 529 1998 579 ,Δ

1993 520 2223 592 llegem
2271 532 2373 590 pro
2421 534 2487 575 eo
2537 516 2936 581 oﬁ‘erebantur,
2991 516 3095 572 hoc
3148 514 3312 571 modo
3357 515 3459 571 sub
3504 515 3623 582 lege

366 630 520 684 γονεν
541 630 552 643 ·
588 610 713 667 οὔτε
742 613 799 665 δὲ
823 614 851 665 6
879 612 1050 682 Λόγος
1073 612 1331 665 ὑπέκειτο
1371 612 1450 683 τῷ
1477 613 1626 684 νόμῳ
1646 653 1661 676 ,
1693 612 1943 685 καθάπερ

2051 613 2229 667 l‘actus
2271 622 2394 666 est:
2429 625 2608 681 neque
2681 609 2829 664 enim
2854 607 3107 663 Nerbum
3158 607 3463 676 subjectum
3503 613 3623 660 erat

362 706 411 761 οἱ
449 703 784 772 συκοφάνται
807 702 1141 770 δοξάζουσιν,
1172 703 1333 768 αὐτὸς
1362 702 1436 757 ὢν
1459 706 1494 765 ⁹ὀ
1519 705 1699 774 Νόμος
1718 721 1730 741 ε
1764 703 1888 757 οὔτε
1915 707 1944 758 6

2046 703 2190 773 legi,
2239 702 2384 758 sicut
2428 703 2777 773 sycophantae
2826 700 3177 767 existimant,
3222 716 3348 756 cum
3388 700 3506 769 ipse
3542 700 3623 754 sit

361 797 495 860 Θεὸς
520 795 701 849 ἐδεῖτο
730 795 985 866 θυμάτων
1023 794 1335 866 καθαρσίων
1354 835 1369 859 ,
1400 794 1573 867 ἀθρόᾳ
1604 799 1741 868 ῥοπῇ
1776 795 1946 849 καθα-

2044 794 2157 850 Lex
2188 812 2202 848 :
2236 810 2415 865 neque
2456 792 2602 849 Deus
2648 794 2928 865 indigebat
2962 792 3160 848 hostiis
3203 792 3483 863 puriﬁcis,
3524 792 3620 861 qui

364 885 532 958 ρίζων
566 885 782 940 ἅπαντα
812 886 907 940 καὶ
939 885 1179 955 ἁγιάζων
1202 904 1214 916 ·
1249 886 1365 941 ἀλλ’
1394 888 1442 939 εί
1475 887 1569 940 καὶ
1594 888 1659 939 ἐκ
1682 887 1782 957 τῆς
1807 903 1944 958 παρ-

2046 896 2251 959 puncto
2280 886 2545 957 temporis
2573 886 2825 956 puriﬁcat
2852 885 3038 940 omnia
3064 892 3121 939 et
3145 883 3451 939 sanctiﬁcat
3476 899 3489 935 :
3523 885 3619 939 sed

318 975 325 983 ’
363 978 515 1033 θένου
571 978 633 1031 τὸ
678 977 1016 1049 ἀνθρώπινον
1057 978 1289 1050 ὄργανον
1335 978 1624 1032 ἀναλαϐὼν
1668 979 1903 1050 ἐφόρησε
1924 1018 1940 1041 ,

2042 980 2146 1035 etsi
2161 995 2231 1034 ex
2243 980 2453 1049 virgine
2471 982 2772 1033 humanum
2799 991 3065 1047 organum
3092 976 3398 1046 suscipiens
3420 975 3614 1039 induit,

360 1068 454 1123 atat
498 1069 606 1123 ὑπὸ
637 1068 802 1139 νόμον
834 1068 1084 1137 ἐγένετο,
1114 1069 1256 1123 κατὰ
1297 1069 1396 1133 τὰς
1422 1069 1530 1122 τῶν
1578 1070 1940 1141 πρωτοτόκων

2039 1080 2095 1126 et
2114 1073 2220 1129 sub
2252 1072 2368 1140 lege
2425 1070 2604 1126 factus
2646 1069 2749 1134 sit,
2802 1068 3101 1124 secundum
3128 1067 3616 1138 primogenitorum

357 1160 517 1224 ἀξίας
547 1158 900 1229 καθαρισθεὶς
922 1199 937 1223 ,
967 1160 1066 1214 οὐκ
1096 1161 1258 1223 αὐτὸς
1300 1159 1552 1231 δεόμενος
1598 1161 1698 1231 τῆς
1734 1159 1943 1214 τούτων

2040 1162 2486 1219 consuetudinem
2504 1160 2845 1232 purilicatus;
2864 1175 2970 1215 non
2990 1160 3107 1229 ipse
3119 1169 3297 1215 tamen
3342 1158 3618 1229 indigebat

356 1251 622 1324 χορηγίας
646 1252 882 1322 ὑπέμενε
931 1251 1029 1315 τὰς
1069 1252 1368 1324 θεραπείας
1391 1293 1406 1317 ,
1446 1251 1560 1304 ἀλλ’
1595 1252 1681 1305 ἴνα
1714 1253 1811 1323 τῆς
1843 1251 1936 1305 τοῦ

2038 1256 2265 1311 istarum
2289 1252 2734 1310 caeremoniarum
2759 1261 3018 1322 apparatu
3042 1252 3166 1318 ;sed
3185 1250 3528 1320 easpertulit,
3560 1258 3617 1303 ut

354 1342 520 1413 νόμου
547 1340 791 1406 δουλείας
818 1339 1127 1415 ἐξαγοράσῃ
1154 1343 1279 1406 τοὺς
1303 1341 1687 1413 πεπραμένους
1721 1345 1786 1417 τῇ
1809 1342 1938 1414 ’δίκῃ

2039 1347 2356 1403 aservitute
2389 1345 2525 1416 legis
2559 1345 2851 1400 redimeret
2872 1343 2996 1399 illos
3036 1343 3131 1413 qui
3175 1341 3379 1396 venditi
3401 1340 3618 1397 fuerant

348 1433 455 1504 τῆς
486 1433 646 1504 ἀρᾶς.

2034 1439 2161 1508 jure
2188 1436 2609 1493 maledictionis.

980 1526 1139 1581 ΚΕΦ.
1180 1527 1310 1580 ΚΓ¹.
1950 1565 1957 1569 .
2602 1536 2610 1575 4

1950 1565 1957 1569 ·
2602 1525 2832 1583 CAPUT
2874 1524 3058 1579 XXIII.

433 1616 773 1671 Ἱππολύτου.
798 1618 897 1672 Διὰ
922 1617 1081 1671 τοῦτο
1111 1620 1349 1691 πυλωροὶ
1372 1620 1496 1691 ᾇδου
1525 1619 1725 1683 ἰδόντες
1749 1619 1931 1686 αὐτὸν,

2107 1604 2770 1693 Hippolyti.—Propterea
2795 1618 3008 1674 ostiarii
3040 1615 3341 1672 inferorum
3369 1617 3615 1675 videntes

278 1724 307 1741 ι
345 1704 592 1778 ἔπτηξαν
610 1724 624 1740 ο
660 1709 754 1762 καὶ
786 1708 953 1761 πύλαι
983 1707 1203 1778 χαλκαῖ,
1236 1711 1330 1763 καί
1360 1710 1546 1781 μοχλοὶ
1569 1708 1777 1780 σιδηροῖ
1803 1726 1908 1762 συνι

2033 1728 2158 1770 eum
2194 1713 2597 1768 intremuerunt
2621 1725 2634 1762 :
2661 1720 2714 1765 et
2743 1719 2927 1779 postes
2954 1723 3128 1773 azrete,
3158 1716 3212 1763 et
3244 1706 3405 1764 ferrei
3432 1719 3615 1765 vectes

342 1797 647 1870 ετρίϐησαν
666 1812 683 1828 ’
719 1798 832 1852 ἰδοὺ
858 1798 969 1869 γὰρ
992 1799 1022 1850 6
1050 1799 1365 1870 Μονογενὴς
1396 1798 1644 1871 εἰσῆλθεν
1675 1799 1751 1863 ὡς
1780 1799 1927 1870 ψυχὴ

2033 1803 2299 1860 confracti
2329 1811 2477 1859 sunt.
2509 1800 2654 1857 Ecce
2679 1806 2825 1857 enim
2855 1799 3180 1872 Unigenitus
3214 1801 3435 1855 intravit
3454 1801 3614 1871 quasi

345 1890 492 1959 μετὰ
535 1888 748 1961 ψυχῶν,
792 1890 924 1954 Θεὸς
970 1891 1142 1959 Λόγος
1184 1891 1458 1962 ἔμψυχος⁸
1504 1894 1566 1946 τὸ
1613 1893 1724 1966 γὰρ
1768 1886 1975 1965 σῶμαΙ

1985 1889 2000 1941 ἲ
2032 1899 2211 1952 anima
2244 1896 2389 1950 inter
2422 1894 2638 1950 animas
2661 1934 2678 1960 ,
2706 1891 2851 1949 Deus
2881 1891 3121 1948 Verbum
3149 1892 3204 1945 in
3236 1892 3422 1946 anima
3457 1892 3615 1947 habi-

340 1978 527 2034 ἕκειτο
555 1983 615 2035 ἐν
645 1980 896 2053 μνημείῳ
915 2022 929 2044 ,
953 1982 1073 2052 οὐχ).
1098 1983 1335 2036 κενωθὲν
1363 1985 1461 2063 τῆς
1493 1983 1776 2056 θεότητος,
1811 1986 1924 2040 ἀλλ’

2032 1999 2191 2059 tans;
2235 2002 2362 2043 nam
2408 2002 2607 2057 corpus
2659 1986 2880 2057 jaeebat
2939 1986 2995 2039 in
3048 1993 3443 2047 monumento,
3480 1978 3614 2038 'non

340 2070 539 2145 ὥσπερ
568 2075 627 2127 ὲν
652 2073 730 2145 τῷ
752 2073 855 2147 ᾄδῃ
879 2071 982 2138 ὢν,
1011 2077 1077 2147 τῇ
1108 2075 1265 2145 οὐσίᾳ
1292 2071 1360 2148 ἦν
1393 2077 1530 2148 πρὸς
1558 2078 1655 2143 τὸν,
1681 2078 1921 2151 Πατέρα,
1956 2068 1961 2071 ’

2030 2092 2265 2136 vacuum
2311 2077 2637 2143 divinitatis,
2686 2076 2780 2131 sed
2814 2076 2959 2131 sicut
2987 2076 3044 2129 in
3079 2072 3300 2130 inferno
3332 2074 3526 2141 adest,
3560 2085 3615 2129 et

339 2161 522 2228 οὕτως
551 2159 623 2236 ἦν
655 2166 715 2218 ὲν
751 2165 828 2236 τῷ
863 2163 1077 2237 σώματι
1120 2168 1217 2220 καὶ
1251 2170 1309 2221 ὲν
1340 2165 1419 2237 τῷ
1461 2166 1597 2241 ᾆδῖγ
1644 2168 1927 2241 ἀχώρητος

2025 2170 2463 2226 substantialiter
2497 2168 2639 2239 apud
2669 2167 2921 2234 Patrem,
2960 2167 3040 2222 sic
3069 2174 3187 2222 erat
3219 2168 3275 2222 in
3312 2182 3540 2237 corpore
3562 2176 3616 2221 et

336 2253 456 2325 γάρ
489 2255 606 2308 ἔστι
637 2256 732 2308 καὶ
758 2258 787 2310 6
821 2257 948 2322 Υἱὸς
967 2297 984 2322 ,
1019 2256 1097 2321 ὡς
1127 2258 1157 2310 ὀ
1189 2257 1414 2329 Πατὴρ,
1442 2259 1537 2313 καὶ
1569 2258 1750 2313 πάντα
1779 2275 1929 2331 περι-

2022 2258 2079 2315 iu
2114 2259 2365 2325 inferno,
2400 2274 2526 2315 nam
2579 2258 2872 2334 illocabilis
2916 2267 3000 2313 est
3047 2257 3221 2313 Filius
3269 2258 3414 2314 sicut
3455 2256 3616 2312 Pater

332 2341 492 2413 ἕχει·
525 2344 660 2399 ἀλλὰ
703 2345 872 2400 θέλων
914 2347 1168 2420 ἐχωρήθη
1203 2347 1263 2399 ἐν
1298 2348 1513 2420 σώματι
1545 2350 1805 2422 ἐμψύχῳ,
1839 2353 1926 2406 ἵνα

2019 2351 2313 2422 omniaque
2360 2349 2808 2421 comprehendit;
2843 2349 2962 2419 {sed
3011 2348 3189 2405 libens
3242 2349 3509 2404 habitavit
3557 2349 3612 2403 in

336 2432 488 2504 μετὰ
520 2435 618 2505 τῆς
653 2435 789 2499 ιδίας
825 2435 1001 2507 ψυχῆς
1033 2436 1272 2510 πορευθῇ
1304 2440 1383 2504 εἰς
1409 2439 1501 2493 τὸν
1530 2439 1685 2513 ᾅδην,
1717 2443 1811 2495 καὶ
1849 2440 1924 2513 μὴ

2022 2457 2254 2513 corpore
2310 2444 2550 2498 animam
2599 2442 2863 2510 habente,
2889 2442 2966 2511 {ut
3006 2455 3133 2496 cum
3172 2443 3392 2511 propria
3430 2440 3615 2496 anima

332 2528 523 2609 γυμνῇ
554 2530 620 2599 τῇ
650 2527 883 2599 θεότητι.
1902 2576 1909 2583 .

1902 2576 1909 2583 .
2029 2534 2386 2590 descenderet
2417 2535 2472 2588 in
2510 2532 2726 2589 inferna
2754 2540 2811 2589 et
2836 2548 2947 2588 non
2980 2531 3128 2588 nuda
3160 2530 3468 2586 divinitate.

1086 2793 1170 2853 IN
1196 2792 1535 2855 JOANNIS
1567 2794 2099 2857 EVANGELIUM
2130 2794 2233 2855 ΕΤ
2261 2792 2839 2855 APOCALYPSIN.

402 2912 766 2990 Hieronymus
810 2914 997 2990 laudat
1042 2915 1232 2990 Nostri
1271 2916 1507 2990 libellum
1560 2917 2029 2990 De_Apocalypsi;
2059 2919 2115 2972 in
2156 2933 2453 2973 marmoreo
2491 2916 2746 2990 laterculo
2793 2917 3133 2990 nominatur,
3170 2916 3310 2989 ὑπὲρ
3342 2914 3434 2990 τοῦ
3469 2918 3612 2974 κατὰ

341 2985 604 3108 Ἰωάννην
635 2986 969 3054 Εὐαγγελίου
1009 2987 1106 3040 καὶ
1150 2985 1971 3060 Ἀποκαλύψεως.⁴Εὺὲάίεδιῖἱς

341 3054 553 3108 Evanae
578 3056 628 3108 io
642 3053 892 3108 Joannis.
918 3055 1108 3108 Itaque
1133 3059 1340 3108 videtur
1361 3058 1682 3108 Hirmolutus
1702 3062 1757 3108 in
1780 3061 1961 3108 eodem

1982 2999 2084 3043 iter
2108 2992 2278 3044 nostri
2307 2991 2518 3058 scripta
2560 2989 2721 3057 refert
2765 2987 3066 3058 apologiam
3096 3004 3191 3057 pro
3218 2985 3536 3059 Apocalypsi
3561 3001 3612 3045 et

1984 3059 2119 3108 libro
2141 3060 2406 3108 docuisse.
2432 3058 2779 3108 Evanaelium
2806 3068 2856 3108 et
2882 3057 3611 3108 Anocalunsin.aum.loanni

329 3053 628 3129 Evangelia
642 3053 892 3129 Joannis.
918 3055 1108 3127 Itaque
1133 3059 1340 3112 videtur
1360 3053 1682 3129 Hippolytus
1702 3062 1757 3115 in
1773 3053 1961 3114 eodem
1984 3059 2119 3113 libro
2141 3060 2406 3122 docuisse,
2427 3053 2779 3128 Evangelium
2801 3053 2856 3112 et
2882 3053 3394 3128 Apocalypsinmute
3410 3053 3611 3113 Iba-mit

328 3126 579 3200 gpostolo
607 3126 964 3200 ascribuntur,
995 3126 1109 3181 rere
1137 3130 1201 3181 ab
1231 3145 1292 3182 eo
1321 3126 1624 3198 conscripta
1666 3129 1991 3185 esse..Num
2024 3131 2081 3200 in
2118 3131 2214 3185 illo
2243 3126 2598 3200 disputaverit
2623 3137 2808 3182 contra
2854 3129 3045 3199 Atogos
3088 3126 3154 3182 an
3180 3126 3367 3200 contra
3396 3146 3482 3183 eos
3520 3132 3612 3200 qui

326 3194 643 3270 aquitanos
674 3195 837 3249 libros
868 3197 1183 3270 rejecerunt,
1213 3194 1538 3253 constituere
1555 3216 1659 3254 non
1701 3201 1978 3270 audemus,
2012 3199 2147 3254 Cum
2179 3194 2534 3270 Hieronymus
2580 3194 3019 3253 commentarium
3062 3200 3120 3252 in
3151 3198 3507 3268 Apocalypsin
3532 3194 3610 3253 "ab

329 3264 951 3342 Hippolyto‘con/ectunt
984 3268 1213 3322 laudare
1239 3269 1575 3342 videatur,id
1596 3273 1735 3341 quod
1760 3269 2037 3342 Syncellus
2069 3273 2143 3342 (5)
2166 3271 2329 3342 plane
2360 3264 2586 3342 a'ﬁirrnat
2606 3288 2622 3324 :
2637 3272 2890 3342 pra’terea
2908 3286 3040 3342 Acum
3061 3264 3245 3340 quanti
3272 3264 3612 3342 metimur-erit

325 3337 687 3411 Apocalypsin
722 3337 845 3391 inde
877 3348 1139 3411 appareat
1172 3340 1312 3409 quod
1355 3342 1410 3394 in
1461 3337 1702 3396 libro'De
1727 3337 2236 3411 Anticlii'istoica'p.
2271 3341 2340 3394 ‘26
2378 3337 2426 3395 et
2456 3340 2545 3407 48)
2576 3350 2625 3393 et
2652 3340 2761 3407 ipse
2786 3337 3088 3408 conﬁtetur,
3117 3350 3165 3393 et
3195 3340 3430 3409 singulos
3462 3340 3610 3411 loco:

326 3422 475 3489 sape
505 3408 661 3490 aﬂiert
691 3416 849 3478 atque
887 3408 1462 3481 diligenter’exponit,
1494 3428 1673 3467 revera
1718 3429 1838 3466 eum
1875 3410 2023 3467 illius
2064 3408 2188 3466 libri
2234 3412 2721 3483 interpretationem
2768 3411 3043 3480 scripsisse
3075 3426 3180 3464 non
3209 3408 3380 3481 inepte
3415 3410 3610 3480 aliquis

325 3488 637 3546 conjecerit.

407 3612 486 3684 (ει)
525 3613 819 3686 Cltronogr.
852 3632 906 3686 p.
936 3616 1070 3673 558.

1194 3978 2178 4110 FRAGMENTA
2269 3975 2756 4109 DUBIA

1336 4233 1465 4323 IN
1562 4230 2592 4322 PENTATEUCHUM.

330 4428 967 4497 (Ρεηιαιςιιοιευεκιηαωριιε
995 4440 1256 4497 maca"!
1275 4426 1644 4497 caementariis
1669 4423 1760 4497 5.3:
1784 4424 1995 4497 Palma
2012 4420 2303 4497 [Hamme-
2327 4434 2428 4497 rei;
2444 4416 3052 4497 3i.“"°’l§§9:!i‘:c‘§3}
3071 4417 3501 4497 ΞῩΨΕΕΞΞΕὲ-ξν
3515 4418 3612 4497 ,ιίέῒ

393 4480 523 4543 teris
536 4480 751 4553 Syriacis
782 4486 1189 4563 fol.j.—-Arabice
1212 4493 1265 4536 et
1295 4488 1471 4537 Latine
1495 4488 1653 4536 edidit
1678 4484 1928 4558 Fabricius
1957 4480 2082 4547 Ορρ.
2108 4480 2363 4592 Ηίἅρὸίῃιί
2386 4480 2450 4554 II.
2486 4483 2568 4530 53.
2584 4508 2655 4550 ¹--
2681 4481 2913 4542 Spurium
2939 4491 3051 4551 esse
3075 4480 3168 4528 hoc
3194 4481 3485 4592 o‘pusoulum
3504 4481 3611 4550 jam

393 4569 540 4592 nomn
562 4567 660 4592 nnn
697 4559 915 4592 mnmmt
943 4589 954 4592 _
982 4558 1034 4592 ρι
1073 4551 1192 4592 ideo
1229 4550 1350 4592 satis
1388 4552 1457 4592 sit.
1496 4548 1722 4592 Latinam
1754 4559 2037 4592 versionem
2069 4548 2170 4592 exh
2224 4558 2333 4592 ere.
2358 4543 2485 4592 Vide
2517 4580 2531 4592 .
2554 4556 2599 4592 st
2644 4542 2822 4592 lubet.
2857 4546 3085 4591 notitiam
3124 4540 3187 4592 de
3261 4547 3393 4592 itaet
3413 4550 3611 4592 scrtum

392 4540 540 4616 nemo
552 4540 663 4603 non
672 4540 921 4616 agnoscit
942 4589 956 4613 ,
982 4558 1047 4616 et,
1073 4551 1192 4616 ideo
1217 4550 1350 4616 satis
1388 4552 1457 4599 sit
1496 4548 1722 4599 Latinam
1754 4540 2041 4597 versionem
2069 4540 2333 4596 exhibere.
2358 4543 2485 4594 Vide
2516 4580 2531 4604 ,
2554 4540 2599 4592 si
2644 4540 2822 4601 lubet,
2857 4541 3085 4591 notitiam
3124 4540 3187 4593 de
3212 4540 3329 4592 Vita
3347 4548 3393 4593 et
3413 4540 3612 4607 scriptio

395 4620 450 4667 S.
470 4609 754 4681 Hippolyti:
772 4609 951 4677 supra,
976 4614 1072 4664 col.
1098 4609 1236 4674 διδ.)

1779 4763 1941 4818 ΡιὶΑΞ
1950 4759 2180 4818 FATIO.

397 4882 459 4937 In
488 4881 708 4937 nomine
734 4880 915 4938 Patris
947 4890 1001 4935 et
1031 4878 1157 4934 Filii
1199 4886 1254 4934 et
1302 4874 1539 4948 Spiritus
1571 4878 1784 4945 sancti,
1818 4879 1915 4935 Dei
1944 4859 1988 4917 θ
2025 4873 2296 4943 probilale
2335 4867 2693 4935 CODSPIC'WSa
2748 4863 3112 4919 τθῑίθοίηδηάί
3155 4863 3414 4921 familiam
3454 4880 3611 4938 θενε-

329 4974 520 5030 unius.
548 4971 665 5028 Hoc
687 4980 772 5028 est
799 4973 1079 5042 exemplar
1104 4970 1239 5041 legis
1263 4969 1597 5025 excellentis.
2024 4967 2171 5039 gius,
2201 4960 2506 5015 collocutus
2535 4954 2641 5010 fuit
2671 4969 2797 5010 cum
2825 4952 2957 5011 Deo.
2991 4954 3273 5028 Elegitqne
3307 4959 3460 5012 illum
3487 4966 3611 5012 tan-

405 5062 605 5119 verum
638 5078 819 5135 Opera),
849 5063 1083 5133 pretium
1106 5074 1211 5128 est,
1236 5060 1557 5131 priusquam
1587 5061 1912 5131 incipiamus
2024 5068 2192 5124 quam
2222 5052 2649 5108 instrumentum
2695 5048 3016 5118 pretiosum.
3065 5048 3168 5104 Per
3214 5050 3512 5119 principem
3558 5062 3614 5104 et

330 5155 641 5212 describere
678 5156 957 5226 exemplar
985 5155 1108 5211 libri
1143 5156 1312 5227 legis,
1354 5163 1419 5211 ut
1442 5155 1737 5211 doceamus
1762 5162 1845 5219 ,te,
1877 5169 1912 5208 ο
2017 5147 2336 5218 prophetam
2375 5155 2537 5198 suum
2579 5140 2912 5198 descendere
2960 5138 3110 5209 fecit,
3154 5141 3418 5213 (tradidit)
3458 5141 3608 5196 illam

332 5246 521 5310 frater,
548 5248 616 5303 de
641 5247 960 5303 excellentia
995 5248 1116 5317 ejus
1151 5256 1208 5303 et
1244 5247 1507 5318 dignitate
1535 5244 1911 5317 dispositionis
2026 5236 2246 5309 (-legem)
2272 5235 2418 5291 Deus
2445 5232 2686 5303 optimus
2722 5235 3018 5298 maximus.
3050 5233 3384 5304 gloriﬁcelur
3407 5246 3609 5287 nomen

328 5338 472 5406 ejus.
499 5336 687 5397 Prima
721 5337 844 5407 ejus
877 5338 1199 5394 excellentia
1243 5349 1351 5404 est,
1399 5338 1545 5409 quod
1592 5336 1815 5392 tradidit
1842 5336 1912 5390 il-
2020 5334 2165 5404 ejus,
2197 5333 2253 5387 in
2280 5333 2467 5402 lingua
2492 5331 2718 5404 Syriaca
2739 5330 3002 5401 Targum,
3024 5341 3189 5397 quam
3213 5324 3610 5381 transtulerunt

327 5425 436 5481 lam
466 5425 614 5482 Deus
647 5442 745 5497 per
775 5442 1002 5481 manqu
1030 5426 1251 5483 Domini
1294 5427 1623 5491 beatissimi,
1653 5426 1917 5498 principis
2026 5425 2459 5498 Septuagintain
2477 5424 2723 5496 linguam
2748 5423 3054 5487 Hebraeam,
3073 5432 3267 5487 nempe
3289 5416 3344 5471 in
3366 5417 3609 5487 linguam

330 5517 751 5589 prepbetarum,
784 5529 835 5572 et
882 5517 1045 5587 primi
1087 5518 1489 5587 apostolorum,
1537 5519 1654 5574 sive
1692 5532 1914 5581 eorum,
2023 5516 2213 5588 populi
2246 5513 2387 5587 ejus,
2415 5524 2472 5571 et
2498 5514 2698 5570 idioma
2728 5513 2920 5584 plebis.

228 5604 231 5607 ’
333 5609 427 5675 qui
465 5608 622 5666 missi
657 5618 785 5665 sunt
816 5611 883 5663 ad
921 5608 1065 5664 ﬁlios
1093 5607 1330 5677 lsraelis,
1364 5625 1559 5681 nempe
1598 5608 1786 5674 Musis,
1818 5607 1915 5662 ﬁlii
2098 5607 2351 5675 Suscepit
2373 5607 2560 5677 itaque
2576 5607 2724 5660 illam
2742 5604 2922 5660 Moses
2946 5618 2977 5657 a
3002 5601 3234 5656 Domino
3256 5601 3603 5667 saeculorum,

337 5701 564 5771 Amran,
591 5702 690 5757 ﬁlii
715 5702 946 5767 Cahath,
978 5717 1010 5756 e
1038 5701 1164 5757 ﬁliis
1191 5699 1341 5757 Levi.
1414 5714 1424 5723 '
2022 5709 2078 5754 et
2107 5700 2317 5769 primus
2348 5696 2449 5753 fuit
2471 5696 2563 5752 cui
2592 5697 2904 5753 concredita
2939 5703 3055 5761 est,
3101 5694 3306 5765 quique
3340 5694 3488 5749 illius
3514 5709 3609 5748 ea-

398 5793 521 5863 lpse
559 5802 741 5849 autem
785 5794 1075 5865 omnigena
1124 5791 1353 5847 scientia
1400 5801 1627 5849 ornatus
1673 5791 1811 5855 fuit,
1861 5802 1916 5844 et
2022 5792 2259 5846 nouibus
2292 5799 2346 5845 et
2374 5790 2581 5860 regulis
2609 5805 2815 5845 morem
2846 5786 3037 5859 gessit.
3079 5784 3285 5842 Deinde
3322 5786 3468 5842 illam
3502 5784 3605 5849 do-

333 5885 591 5952 prwditus
618 5889 821 5957 optima
867 5887 1066 5953 indole;
1106 5887 1335 5945 illustris
1368 5886 1653 5957 dignitate,
1694 5898 1912 5940 morum
2023 5882 2137 5938 cuit
2178 5881 2315 5937 ﬁlios
2356 5879 2596 5948 Israclis,
2639 5881 2735 5951 qui
2775 5889 2829 5936 et
2874 5878 3019 5934 illam
3067 5878 3299 5949 amplexi
3348 5889 3503 5933 sunt.“
3538 5870 3608 5926 Ει
