4128 6376
539 349 646 408 705

1428 352 1487 407 S.
1523 350 1884 407 lllPPOLYTl
1922 350 2071 407 OPP.
2108 348 2287 404 PARS
2321 349 2360 405 l.
2395 381 2465 393 —
2501 351 2906 461 EXEGETIFA.

3688 356 3812 413 704

534 474 798 544 explicuit
827 474 908 530 eis
942 474 1210 545 profunda
1255 475 1376 545 ejus
1420 476 1678 547 mysteria
1718 484 1773 530 et
1814 475 2115 530 obscurita-
2143 477 2189 533 Α
2290 472 2645 545 Tradiditque
2700 475 2852 531 illam
2880 473 3122 531 Chizllicl
3147 476 3409 547 propheta
3440 476 3633 532 Hosezn
3664 492 3813 549 pro—

533 568 654 629 tés.;
688 567 1047 636 exposuitque
1075 580 1162 631 ea,
1188 580 1311 636 qua:
1331 574 1490 621 erant
1513 567 1702 622 minus
1731 565 1936 631 facilia,
1963 576 2127 637 prout
2226 568 2420 637 ριιοιτε,
2451 568 2565 623 ﬁlio
2587 567 2738 623 Bazi.

532 653 682 710 Deus
710 656 811 725 ipsi
844 657 1126 727 permisit;
1170 665 1228 712 et
1259 656 1460 712 celavit
1483 672 1578 714 eos
1611 659 1702 714 illa
1732 658 1865 731 legis
1897 674 2119 715 arcana.

530 756 693 816 prout
723 749 1004 818 prohibuit
1027 749 1181 804 illum
1218 748 1380 806 Deus.
1410 748 1598 822 Neque
1628 754 1839 808 exstitit
1875 753 2014 809 inter
2052 754 2120 809 il-

530 839 634 905 los,
667 842 760 909 Qui
795 843 1024 912 peritior
1046 853 1194 900 esset
1218 845 1272 899 in
1292 844 1515 914 judiciis
1547 854 1603 903 et
1640 847 1876 903 decretis
1913 846 2031 917 ejus
2064 857 2121 905 et

530 932 714 988 ab'dlta
771 935 1033 991 doctrinae
1083 937 1205 1006 ejus
1255 950 1415 993 sensa
1463 938 1681 1009 planius
1721 939 2113 1010 impertiretur,

2297 654 2659 731 Tradiditque.
2681 656 2832 712 illam
2855 654 3033 712 Hosea
3058 654 3215 712 Joieli
3250 658 3545 730 prophetas.

2294 748 2649 821 Tradiditque
2668 750 2817 805 illam
2842 749 2979 806 Joiel
3001 749 3079 821 τῷ
3106 752 3276 808 Amos
3303 752 3620 823 prophetat.’

2291 837 2643 912 Tradiditque
2666 840 2816 896 illam
2838 841 3006 898 Amos
3027 840 3268 897 Obadiaz.

2290 928 2648 1002 Tradiditque
2672 932 2820 987 illam
2841 930 3047 988 Obadia
3068 931 3147 1003 τῷ
3166 930 3342 987 Jonan
3358 932 3658 1002 prophetae,
3681 929 3811 985 ﬁlio

527 1022 702 1078 donec
734 1026 1055 1082 transferret
1083 1028 1233 1082 illum
1262 1027 1407 1084 Deus
1432 1030 1499 1084 ad
1537 1045 1618 1097 se,
1649 1043 1937 1103 postquam
1983 1049 2112 1090 eum
2212 1017 2414 1091 nauli:
2450 1022 2548 1079 ﬁlii
2580 1023 2676 1079 τοῦ
2706 1025 2996 1095 Αΐωθιεδν
3024 1025 3118 1095 qui
3156 1023 3261 1080 Ῑιιίι
3296 1024 3465 1081 “at”?
3490 1022 3623 1080 E113
3658 1039 3805 1095 Pw"

526 1114 826 1184 perrectum
874 1120 1184 1176 reddiderat
1221 1120 1276 1175 in
1314 1122 1532 1178 deserto
1562 1138 1661 1194 per
1693 1134 1837 1182 totos
1869 1126 2109 1197 quadra-

526 1208 673 1277 ginta
700 1224 894 1267 annos.

595 1299 774 1369 Atque
800 1303 917 1357 haec
950 1310 1079 1358 sunt
1110 1304 1331 1360 nomina
1358 1304 1647 1363 doctorum
1675 1308 1767 1379 (ab
1792 1307 1957 1366 Hebr.
1984 1320 2103 1374 ann

524 1390 731 1461 socius)
760 1394 852 1462 qui
884 1395 1148 1450 continua
1179 1397 1530 1452 successione
1558 1398 1899 1454 tradiderunt
1928 1400 2098 1470 legem

522 1493 647 1553 post
672 1483 873 1539 Mosem
904 1488 1220 1555 prophetam
1255 1504 1428 1558 usque
1454 1489 1521 1544 ad
1545 1490 1835 1547 adventum
1864 1492 2093 1552 Messias.

592 1574 743 1630 Scito
775 1576 977 1646 itaque,
1003 1593 1037 1632 ο
1063 1577 1250 1645 frater,
1287 1579 1593 1637 benefaciat
1627 1584 1722 1638 tibi
1749 1583 1912 1651 Deus,
1948 1588 2094 1657 quod

521 1663 665 1721 Deus“
695 1668 913 1723 tradidit
940 1670 1109 1739 legem
1140 1672 1651 1741 praestantissimam
1675 1675 1732 1731 in
1756 1691 1953 1734 manus
1976 1678 2094 1737 Mo-

519 1756 597 1811 sis
623 1759 920 1827 prephetze,
943 1760 1039 1814 ﬁlii
1067 1762 1295 1818 Amran.

589 1843 941 1918 Tradiditque
972 1851 1117 1905 illam
1147 1851 1323 1908 Moses
1354 1850 1553 1920 losum,
1581 1853 1695 1911 ﬁlio
1721 1853 1866 1912 Non.

590 1934 944 2010 Tradiditque
981 1941 1127 1996 illam
1154 1941 1320 1999 Josua
1350 1945 1497 2004 ﬁlius
1517 1946 1641 2002 Non
1664 1947 1743 2020 τῷ
1771 1948 2023 2007 Anathal.

586 2028 940 2103 Tradiditque
967 2036 1113 2091 illam
1143 2039 1373 2093 Anatllal
1398 2041 1476 2112 τῷ
1503 2040 1703 2099 Jehud.

584 2120 939 2196 Tradiditque
964 2128 1110 2183 illam
1137 2128 1311 2186 Jehud
1332 2133 1411 2205 τῷ
1436 2137 1684 2206 Samgar.

583 2213 940 2289 Tradiditque
964 2221 1111 2275 illam
1140 2222 1370 2295 Samgar
1393 2227 1471 2298 τῷ
1499 2226 1700 2285 Baruk.

582 2305 937 2380 Tradiditque
961 2314 1107 2368 illam
1135 2314 1315 2373 Baruk
1339 2318 1416 2390 τῷ
1437 2320 1665 2377 Gideon.

579 2396 932 2471 Tradiditque
957 2403 1102 2460 illam
1127 2405 1332 2465 Gideon
1355 2411 1433 2483 τῷ
1453 2414 1789 2472 Allimelecll.

580 2487 934 2579 Tradiditque
958 2496 1103 2551 illam
1128 2499 1439 2559 Ahimelcch
1462 2504 1541 2577 τῷ
1565 2506 1751 2579 Taleg.

577 2576 931 2652 Tradiditque
954 2586 1099 2641 illam
1126 2588 1291 2661 Taleg
1312 2592 1390 2663 τῷ
1413 2576 1581 2650 Bahin
1604 2576 1909 2656 Gilaadltae.

576 2668 931 2746 Tradiditque
955 2678 1101 2733 illam
1129 2679 1298 2737 Babin
1324 2684 1401 2756 τῷ
1420 2685 1696 2757 Jiphtach.

574 2759 930 2836 Tradiditque
951 2769 1101 2824 illam
1128 2771 1384 2842 Jiphtach
1406 2777 1485 2848 τῷ
1507 2777 1749 2848 Ephran.

572 2852 927 2930 Tradiditque
964 2860 1115 2920 illam
1155 2863 1378 2939 Ephran
1416 2869 1495 2941 τῷ
1530 2869 1655 2929 Elui
1694 2888 1764 2929 ex
1798 2876 1941 2933 tribu
1973 2877 2077 2935 Ze-

496 2944 683 3006 balon.

571 3039 925 3115 Tradiditque
954 3046 1100 3103 illam
1128 3047 1250 3117 Elul
1276 3049 1354 3122 τῷ
1376 3052 1594 3109 Abdan.

568 3130 920 3205 Tradiditque
944 3137 1091 3192 illam
1113 3126 1302 3194 Abdan
1329 3140 1407 3212 τῷ
1431 3142 1726 3200 Shimshon
1756 3144 1898 3203 forti.

566 3223 920 3298 Tradiditque
963 3230 1110 3284 illam
1152 3230 1451 3289 Sllimshon
1500 3234 1578 3307 τῷ
1625 3236 1927 3306 lielkanah,
1959 3242 2073 3300 ﬁlio

488 3312 804 3384 Jerachmu,
841 3320 952 3375 lilio
977 3318 1174 3377 Jehud.
1201 3322 1294 3379 ille
1320 3335 1500 3381 autem
1531 3325 1635 3382 fuit
1664 3340 1816 3400 pater
1843 3332 2074 3391 Samue-

492 3400 559 3456 lis
589 3408 882 3476 prophetae.
914 3408 992 3465 De
1021 3425 1133 3482 quo
1161 3410 1405 3470 Hclkana
1424 3420 1630 3474 mentio
1652 3432 1737 3478 est
1765 3423 1923 3481 initio
1944 3428 2070 3485 libri

490 3492 698 3563 Regum
730 3500 942 3569 primi.,

561 3586 916 3662 Tradiditque
948 3595 1093 3651 illam
1129 3596 1374 3655 ﬂelkana
1404 3602 1481 3673 τῷ
1507 3603 1589 3659 Eli
1629 3609 1924 3668 sacerdoti.

556 3677 912 3751 Tradiditque
942 3686 1087 3741 illam
1120 3689 1202 3743 Eli
1232 3689 1469 3747 Samueli
1501 3698 1802 3766 prophetas.

556 3768 908 3861 Tradiditque
940 3777 1084 3833 illam
1119 3779 1340 3837 Samuel
1368 3783 1603 3841 Natllani
1644 3792 1943 3861 prophetae.

557 3860 909 3935 Tradiditque
937 3870 1080 3922 illam
1106 3870 1318 3928 lVathan
1346 3874 1424 3945 τῷ
1450 3876 1561 3931 Gad
1598 3860 1896 3949 propheta}.

555 3952 904 4028 Tradiditque
927 3959 1075 4015 illam
1099 3961 1213 4018 Gad
1243 3966 1508 4038 propheta
1535 3967 1810 4028 Shemaiae
1848 3976 2059 4036 doctori

396 4086 401 4091 .
482 4048 698 4122 (socio).

553 4141 901 4215 Tradiditque
929 4147 1075 4202 illam
1109 4148 1364 4208 Shemaia
1395 4153 1473 4227 τῷ
1491 4154 1623 4214 Iddo
1645 4158 1877 4218 doctori.

548 4231 899 4307 Tradiditque
929 4241 1076 4295 illam
1104 4241 1233 4300 llldo
1258 4245 1462 4304 Achite.

548 4322 898 4398 Tradiditque
929 4331 1078 4386 illam
1108 4333 1279 4390 Achia
1304 4336 1382 4407 τῷ
1405 4339 1608 4398 Abihu.

546 4412 900 4489 Tradiditque
925 4421 1072 4477 illam
1100 4425 1281 4482 Ahihu
1307 4427 1440 4483 Elia:
1462 4434 1762 4502 prophetae.

544 4504 897 4587 Tradiditque
923 4515 1069 4570 illam
1097 4515 1215 4572 Elia
1240 4520 1512 4591 discipulo
1536 4542 1637 4580 suo
1668 4527 1881 4586 Elisaeo.

542 4598 896 4693 Tradiditque
917 4607 1064 4661 illam
1095 4608 1324 4667 Elisaaus
1346 4613 1628 4673 Malaclliaa
1653 4623 1951 4693 prephetae.

540 4689 896 4766 Tradiditque
921 4699 1069 4754 illam
1108 4700 1373 4759 Malachia
1402 4707 1480 4778 τῷ
1507 4689 1780 4768 Αωίὶιιιιιζ

539 4784 896 4858 Tradiditque
919 4791 1066 4847 illam
1096 4794 1346 4849 Abdiahu
1375 4798 1453 4870 τῷ
1473 4799 1705 4863 Jehuda.

538 4878 894 4953 Tradiditque
922 4885 1066 4943 illam
1092 4888 1302 4949 Jclluda
1333 4894 1613 4953 Zachariae
1640 4900 1871 4958 doctori.

533 4972 590 5027 In
622 4974 815 5031 diebus
849 4978 956 5035 illis
982 4984 1129 5037 venit
1168 4983 1564 5055 Bacllthansar,
1603 5008 1700 5047 rex
1736 4994 1937 5062 Babel,
1981 5006 2037 5051 et

457 5068 695 5123 vastavit
717 5069 939 5127 domum
971 5079 1292 5145 sanctuarii,
1323 5088 1375 5134 et
1401 5081 1455 5135 in
1485 5085 1849 5153 captivitatem
1879 5088 2036 5142 duxit

458 5158 600 5215 ﬁlios
622 5162 844 5217 Israclis
865 5165 918 5218 in
947 5163 1133 5224 Babel.
1153 5167 1219 5223 Et
1241 5181 1363 5240 post
1383 5176 1748 5245 captivitatem
1773 5178 1963 5243 Babel,

528 5252 773 5309 Tradidit
807 5254 955 5311 illam
1000 5256 1261 5316 Zeeharia
1290 5263 1482 5319 doctor
1518 5264 1697 5323 Esaia:
1734 5270 2033 5341 prophetae,

455 5344 568 5402 ﬁlio
590 5348 777 5404 Amos.

525 5434 880 5513 Tradiditque
905 5442 1054 5498 illam
1089 5444 1250 5501 Esaia
1278 5444 1527 5505 Jeremiae
1550 5452 1851 5522 prophetae.

523 5525 877 5605 Tradiditque
903 5535 1053 5591 illam
1077 5535 1311 5594 Jeremia
1339 5539 1604 5611 propheta
1626 5542 1910 5599 Cllizkieli.

2172 1126 2179 1133 ·
2209 1112 2404 1181 phetae.

2284 1203 2639 1277 Tradiditque
2650 1205 2796 1262 illam
2812 1203 2989 1261 Jonan
3000 1205 3202 1277 illicitae
3216 1205 3666 1274 liorashitanitze,
3691 1222 3770 1279 qu
3780 1209 3807 1263 i

2281 1297 2533 1355 Tradidit
2559 1299 2707 1355 illam
2726 1298 2807 1370 τῷ
2827 1297 3078 1355 Nachum
3098 1298 3416 1355 Alkousitae.

2280 1389 2638 1462 Tradiditque
2685 1389 2837 1446 illam
2885 1388 3136 1446 Nachum
3181 1389 3262 1461 τῷ
3314 1387 3618 1447 Chaballtlk
3656 1407 3805 1464 pro—

2202 1478 2405 1548 phetae.

2267 1571 2627 1645 Tradiditque
2656 1571 2809 1628 illam
2830 1570 3132 1629 Chaballuk
3162 1570 3456 1644 Sophonitn
3480 1574 3796 1643 prophetae-

2267 1662 2624 1735 Tradiditque
2652 1660 2816 1720 illam
2851 1663 3133 1736 Sophonia
3171 1666 3444 1738 Chaggmo
3477 1666 3795 1737 propheta.

2270 1753 2629 1826 Tradiditque
2664 1755 2815 1812 illam
2845 1755 3151 1830 Chaggaeus
3184 1755 3463 1814 Zecbarite
3501 1756 3799 1829 propheta:

2126 1830 2171 1889 Β
2197 1846 2310 1903 tilio
2331 1846 2590 1903 Bershiae.

2269 1938 2627 2011 Tradiditque
2660 1939 2809 1995 illam
2836 1937 3100 1996 Zecharia
3125 1936 3407 1994 Malachite
3429 1938 3702 2011 captivus.

2263 2029 2624 2103 Tradiditque
2654 2032 2803 2088 illam
2838 2029 3105 2086 Malachia
3126 2029 3281 2085 Eme
3304 2029 3539 2085 doctori.

2257 2123 2333 2195 (6)
2368 2123 2720 2195 Tradiditque
2743 2124 2889 2180 illam
2912 2123 3050 2178 Ezra
3074 2121 3154 2193 τῷ
3176 2122 3397 2177 Shamai
3424 2121 3655 2178 antistiti
3672 2122 3697 2177 l‘
3716 2131 3794 2181 οι

2185 2214 2360 2271 Jadua
2388 2214 2467 2286 τῷ
2497 2215 2752 2283 Samean,
2781 2214 3013 2272 Samean
3044 2214 3267 2271 tradidit
3298 2214 3445 2269 illam
3471 2215 3786 2285 Antigono-

2259 2306 2617 2377 Tradiditque
2639 2308 2786 2363 illam
2810 2307 3117 2379 Antigonus
3140 2308 3382 2382 Josepho
3404 2308 3518 2364 ﬁlio
3534 2305 3792 2364 Joheae-

2185 2397 2262 2453 ris
2289 2400 2385 2468 (et)
2417 2397 2655 2469 Josepho
2683 2400 2795 2455 ﬁlio
2827 2400 3173 2471 Gjuehanan.

2258 2490 2613 2562 Tradiditque
2638 2493 2784 2547 illam
2810 2492 3010 2564 Joseph
3035 2493 3288 2550 .lehosuaa
3320 2494 3431 2551 ﬁlio
3461 2492 3773 2551 Barachia.

2254 2579 2614 2653 Tradiditque
2637 2584 2783 2639 illam
2812 2583 3052 2641 Jehosua
3087 2584 3322 2642 Nalhani
3346 2586 3621 2643 Arbelitze.

2254 2672 2611 2747 Tradiditque
2641 2675 2790 2732 illam
2816 2675 3030 2734 Nathan
3060 2677 3367 2747 Shimeoni,
3407 2680 3614 2736 seniori
3644 2676 3774 2736 tilio

2181 2761 2443 2819 Shetach.

2251 2857 2374 2926 ipse
2394 2864 2498 2925 est,
2528 2872 2623 2928 qui
2652 2858 2891 2932 portavit
2914 2858 3169 2916 lliessiam
3197 2860 3255 2917 in
3280 2860 3428 2920 ulnis
3453 2861 3594 2922 suis.

2251 2945 2474 3003 Simeon
2508 2950 2730 3004 tradidit
2756 2950 2903 3005 illam
2933 2948 3177 3007 Jehudae.

2244 3035 2455 3093 Jehuda
2486 3039 2710 3095 tradidit
2737 3040 2883 3095 illam
2912 3039 3189 3096 Zechariaa
3215 3042 3506 3099 sacerdoti.

2250 3126 2607 3201 Tradiditque
2637 3131 2785 3186 illam
2814 3131 3073 3187 Zecllaria
3108 3134 3387 3203 sacerdos,
3414 3144 3569 3206 pater
3587 3128 3767 3193 Joan-

2177 3221 2263 3276 nis
2285 3222 2563 3293 Baptistae,
2589 3222 2827 3293 Josepho
2859 3223 3068 3279 doctori
3098 3239 3167 3279 ex
3197 3225 3344 3281 tribu
3378 3242 3503 3283 sua.

2245 3315 2601 3389 Tradiditque
2626 3319 2775 3374 illam
2798 3318 2999 3390 Joseph
3030 3321 3241 3376 Hanani
3273 3330 3327 3375 et
3355 3319 3632 3391 Caiaphae.
3665 3319 3761 3376 Ab

2170 3406 2292 3464 istis
2321 3418 2504 3466 autem
2532 3411 2776 3467 ablatum
2802 3422 2889 3469 est
2912 3413 3302 3481 sacerdotium,
3334 3422 3391 3469 et
3418 3426 3672 3484 regnum,
3697 3419 3762 3468 et

2167 3505 2472 3575 prophetia.

2233 3598 2326 3655 lsti
2357 3600 2582 3659 fuerunt
2618 3603 2873 3661 doctores
2905 3618 3081 3675 usque
3103 3604 3170 3660 ad
3193 3603 3490 3660 adventum
3512 3601 3751 3672 Messias;

2164 3693 2328 3747 ambo
2359 3703 2518 3749 erant
2550 3697 2863 3752 sacerdotes
2889 3697 3126 3751 ﬁliorum
3152 3694 3389 3753 lsraelis.
3431 3687 3440 3695 ’

2236 3784 2363 3842 Fuit
2394 3787 2578 3859 itaque
2620 3805 2834 3846 summa
2868 3790 3178 3845 antistitum
3211 3792 3602 3848 venerabilium
3642 3792 3749 3847 ho-

2162 3880 2493 3936 norabilium
2528 3882 2664 3938 lides
2695 3884 2763 3937 de
2796 3882 2899 3938 hac
2937 3882 3054 3954 iege
3086 3885 3540 3953 praestantissima
3574 3886 3743 3954 quin-

2160 3972 2423 4040 quaginta
2455 3989 2549 4030 sex
2588 3975 2966 4042 sacerdotum,
2993 3976 3235 4046 exceptis
3267 3974 3460 4032 Hanan
3487 3986 3543 4033 et
3572 3975 3742 4033 Caia-

2155 4064 2283 4134 plla.
2976 4130 2989 4143 ι

2222 4157 2372 4228 lique
2399 4167 2528 4214 sunt
2551 4158 2645 4229 qui
2685 4159 2834 4215 illam
2865 4160 3212 4217 tradiderunt
3233 4161 3286 4217 in
3317 4161 3524 4219 ultimis
3543 4162 3739 4219 diebus

2153 4249 2467 4320 reipublicm
2497 4250 2735 4306 ﬁliorum
2758 4252 2995 4322 lsraelis,
3018 4269 3195 4327 neque
3222 4257 3457 4327 amplius
3476 4257 3735 4313 exstitere

2152 4343 2461 4399 sacerdotes
2486 4351 2608 4413 post
2634 4345 2793 4400 istos.

2223 4433 2349 4491 Haec
2370 4445 2453 4489 est
2475 4435 2705 4490 historia
2724 4450 2938 4505 eorum,
2962 4452 3085 4509 qua:
3112 4438 3460 4510 contigerunt
3485 4440 3629 4498 circa
3650 4441 3728 4497 le-

2076 4521 2123 4578 D
2149 4540 2266 4596 gem
2299 4525 2825 4595 praestantissimam.

2220 4619 2366 4674 Dixit
2414 4618 2673 4686 Armius,
2726 4628 2918 4675 auctor
2957 4619 3086 4675 libri
3129 4614 3461 4693 Temporum
3499 4642 3514 4679 :
3565 4623 3727 4680 Anno

2145 4712 2359 4768 decimo
2395 4726 2545 4766 nono
2580 4712 2733 4782 regni
2768 4710 3045 4768 Ptolemaei
3088 4715 3255 4785 regis,
3295 4715 3466 4785 jussit
3496 4726 3557 4772 ut
3596 4734 3729 4773 corr-

2143 4811 2501 4874 gregarentur
2543 4805 2789 4860 seniores
2822 4805 3064 4860 ﬁliorum
3109 4803 3364 4875 Israelis,
3403 4820 3465 4865 ut
3510 4811 3616 4865 sibi
3668 4812 3725 4866 in

2142 4910 2339 4949 manus
2373 4902 2771 4965 praesentarent
2805 4894 3003 4951 librum
3033 4896 3189 4969 legis,
3220 4907 3275 4954 et
3306 4908 3367 4955 ut
3400 4901 3600 4975 singuli
3626 4918 3725 4959 e0-

2143 5003 2264 5041 rum
2290 4996 2492 5058 praesto
2515 4996 2697 5044 essent
2728 4989 2793 5043 ad
2824 4990 3195 5060 explanandos
3225 5008 3420 5051 sensus
3443 4996 3585 5066 ejus.

2213 5081 2521 5136 Astiterunt
2551 5082 2734 5152 itaque
2761 5083 3027 5148 seniores,
3057 5098 3243 5139 secum
3263 5085 3523 5143 habentes
3547 5090 3717 5159 legem

2049 5175 2052 5178 ’
2137 5173 2668 5243 prazstantissimam.
2697 5172 2853 5229 Tunc
2887 5173 3066 5252 jussit.
3104 5182 3165 5229 ut
3213 5180 3589 5249 unusquisque
3620 5196 3719 5235 eo-

2135 5281 2260 5321 rum
2290 5266 2742 5336 interpretaretur
2771 5264 2875 5322 sibi
2904 5266 3101 5321 librum
3130 5264 3290 5338 legis.

2205 5361 2275 5416 At
2323 5362 2413 5418 ille
2452 5361 2791 5434 repugnabat
2825 5354 3200 5431 (dissentiebat
3240 5361 3310 5416 ab
3350 5342 3713 5433 expositione)

2136 5455 2489 5525 expositioni,
2520 5469 2687 5525 quam
2718 5455 3109 5512 transtulerant
3141 5456 3405 5515 seniores.
3445 5452 3512 5514 Et
3543 5460 3717 5531 jussit

2133 5550 2378 5605 seniores
2398 5544 2610 5604 detrudi
2638 5547 2694 5603 in
2719 5562 2969 5604 carceres
2988 5556 3044 5604 et
3072 5548 3309 5606 vincula.

493 5747 604 5817 (16)
633 5747 837 5809 Confer
855 5759 1116 5825 Tsemaeh
1151 5765 1317 5824 David
1338 5809 1354 5833 ,
1382 5779 1437 5827 et
1463 5769 1715 5833 Maimon.
1753 5775 1969 5836 Pra‘l‘at.
2013 5777 2080 5836 ad

2144 5778 2279 5835 .eder
2305 5776 2517 5838 Zcraim
2552 5780 2604 5837 in
2636 5779 2893 5838 Pokocltii
2926 5779 3093 5839 Porta
3125 5782 3310 5854 Moris,
3341 5801 3395 5858 p.
3426 5785 3518 5842 56.
