4128 6378
295 445 411 503 7οὸ

1150 438 1574 495 FRAGMENTA
1600 436 1829 494 DUBlA.
1869 414 1938 477 '—
1969 433 2453 491 penrareucn.
2493 432 2699 488 suae.

3449 425 3552 480 706

372 558 439 614 Et
474 564 751 627 arreptum
789 556 988 611 librum
1026 555 1159 625 legis
1200 553 1436 634 conjecit
1464 554 1519 606 in
1563 552 1725 607 altam
1766 550 1877 603 fos—
1907 556 1952 612 Α
2044 548 2169 602 llaec
2203 549 2383 618 itaque
2418 546 2686 617 expositio
2717 544 2836 599 libri
2867 542 3052 614 primi.
3087 539 3192 608 Qui
3223 537 3445 610 quidem
3472 545 3557 596 est

290 665 441 716 sam,
472 660 528 703 et
550 650 773 704 immisit
802 662 966 718 super
996 648 1143 701 illam
1182 661 1360 715 ignem
1393 654 1447 699 et
1472 645 1684 699 cineres
1709 640 1875 695 fervi-

288 744 421 810 dos,
461 758 555 812 per
581 751 784 812 septem
813 742 951 795 dies.
979 738 1116 793 Tum
1147 749 1337 808 postea
1364 737 1634 806 prteeepit,
1659 744 1719 789 ut
1747 749 1876 788 cono

286 836 526 907 jicerent
555 835 729 890 lutum
757 834 993 889 civitatis
1027 833 1082 886 in
1109 834 1256 886 illam
1289 831 1516 893 fossam,
1544 830 1597 882 in
1621 843 1727 897 qua
1761 835 1879 880 erat

293 929 440 983 liber
481 928 637 997 legis.
689 926 754 981 Et
791 926 1009 997 impleta
1059 924 1163 978 fuit
1207 924 1352 978 fossa
1401 936 1575 990 usque
1617 921 1685 974 ad
1728 933 1879 972 sum-

291 1038 475 1080 mum.
1754 1070 1759 1077 .

376 1116 580 1171 Mansit
606 1115 696 1169 lex
726 1113 828 1168 sub
860 1120 1101 1167 stercore
1134 1110 1188 1163 in
1224 1108 1314 1162 illa
1352 1106 1498 1161 fossa
1537 1120 1633 1175 per
1661 1112 1879 1173 septua-

292 1211 453 1277 ginta
500 1222 692 1269 annos,
742 1212 796 1258 et
831 1218 940 1256 non
986 1202 1169 1271 periit,
1208 1215 1384 1270 neque
1423 1205 1739 1266 corruptum
1780 1194 1882 1249 fuit

294 1320 365 1358 ex
402 1318 467 1357 ca
495 1302 579 1355 vel
614 1314 780 1353 unum
813 1297 1028 1351 folium.

372 1392 533 1447 Anno
573 1390 836 1461 vigesimo
866 1387 1044 1456 primo
1078 1384 1230 1455 regni
1268 1381 1523 1452 Apianuti
1566 1379 1710 1445 regis
1749 1378 1883 1431 edu-

296 1494 507 1541 xerunt
549 1485 752 1538 librum
793 1482 926 1549 legis
968 1497 997 1535 e
1038 1480 1209 1543 fossa,
1249 1489 1304 1534 et
1347 1494 1417 1532 ne
1460 1492 1625 1532 unum
1661 1474 1880 1545 quidem

299 1577 500 1633 folium
532 1592 597 1630 ex
630 1591 692 1630 ea
723 1584 839 1630 erat
864 1584 1203 1642 corruptum.

378 1670 467 1735 Et,
494 1679 615 1742 post
641 1670 1013 1723 ascensionem
1042 1666 1244 1721 Christi
1284 1664 1339 1718 in
1361 1662 1585 1724 cmlum,
1610 1660 1758 1715 venit
1788 1675 1884 1713 rex

301 1763 491 1828 Titus,
526 1764 673 1817 ﬁlius
705 1744 1019 1830 Aspasiani,
1048 1759 1193 1828 regis
1221 1756 1425 1817 Retine,
1463 1755 1516 1807 in
1556 1751 1883 1815 Jerusalem,

300 1858 629 1927 obseditque
673 1864 727 1910 et
773 1854 917 1923 cepit
967 1852 1134 1905 illam.
1185 1849 1251 1903 Et
1294 1848 1559 1904 destruxit
1598 1845 1882 1902 aediﬁcium

305 1952 513 2006 domus
561 1949 846 2011 secundae,
896 1961 1060 2016 quam
1111 1941 1510 1997 :ediﬁcaverant
1556 1938 1651 1992 ﬁlii
1699 1937 1884 1991 Israel.

306 2041 594 2097 Destruxit
639 2038 795 2094 Titus
838 2054 935 2093 rex
978 2036 1202 2091 domum
1248 2031 1588 2096 sanctuarii;
1622 2027 1892 2085 interiecit

305 2150 504 2191 omnes
547 2132 643 2201 qui
679 2141 836 2187 erant
868 2131 921 2185 in
944 2145 1005 2185 ea
1027 2145 1090 2184 ex
1124 2126 1345 2192 Judzeis,
1369 2134 1421 2180 et
1442 2122 1895 2181 aetliﬁcavithio-

308 2244 439 2282 nem
465 2226 582 2298 (sic)
602 2226 655 2279 in
691 2223 954 2293 sanguine
985 2236 1195 2276 eorum.
1218 2218 1286 2272 Et
1311 2228 1434 2289 post
1466 2219 1610 2272 illam
1638 2218 1892 2287 deporta-

310 2320 525 2374 tionem
557 2316 971 2387 (aiptivitatem)
1002 2313 1232 2381 dispersi
1264 2322 1392 2367 sunt
1427 2310 1600 2366 Judaei
1630 2310 1684 2365 in
1723 2311 1895 2365 servi-

309 2420 507 2465 tutem.
554 2409 738 2478 Neque
770 2407 1001 2477 amplius
1039 2405 1349 2475 congregati
1383 2414 1509 2458 sunt
1535 2406 1589 2457 in
1620 2403 1893 2458 civitatem

308 2501 642 2563 Jerusalem,
676 2514 851 2568 neque
881 2513 1111 2567 usquam
1138 2496 1439 2551 revertendi
1465 2510 1589 2565 spes
1610 2502 1713 2550 est.

383 2593 688 2663 Postquam
728 2591 895 2661 igitur
915 2598 1128 2645 vastata
1173 2588 1271 2644 t‘uit
1303 2587 1604 2642 Jerusalem
1624 2627 1638 2647 .
1672 2586 1895 2641 tradidit

313 2683 708 2761 (tradiderunt)
741 2686 885 2737 illam
919 2684 1138 2754 (legem)
1171 2681 1426 2736 Shemaia
1448 2689 1502 2735 et
1527 2680 1741 2733 Antalia
1764 2680 1896 2747 (Ab-

316 2778 516 2848 talion)
557 2792 709 2845 reges
741 2775 1009 2829 Baalbach
1050 2774 1125 2842 (7)
1167 2773 1422 2839 civitatis,
1459 2787 1620 2841 quam
1658 2770 1896 2826 aediﬁca-

314 2879 475 2925 verat
509 2869 638 2924 olim
674 2866 917 2922 Soliman
951 2863 1239 2936 (Salonio),
1283 2864 1428 2918 ﬁlius
1477 2861 1695 2917 Davidis
1728 2861 1894 2932 regis,

314 2977 553 3036 qumque
599 2962 779 3016 denuo
829 2965 1134 3015 restaurata
1168 2957 1285 3011 'l'uit
1325 2957 1380 3012 in
1423 2956 1615 3011 diebus
1654 2954 1899 3009 Menasse

310 3058 490 3127 regis,
531 3054 627 3126 qui
664 3053 901 3111 medium
931 3052 1104 3109 secuit
1138 3048 1358 3104 Esaiam
1403 3047 1721 3117 prophetam
1769 3058 1896 3099 cum

309 3164 497 3206 serra.

1979 640 2116 695 liber
2145 641 2456 706 crcationis,
2487 640 2693 694 entium
2723 645 3055 693 creatorum.

2506 793 2750 851 SECTIO
2782 793 3018 848 PRIMA.

1978 908 2056 964 De
2071 911 2331 965 creatione
2349 910 2459 964 coe!i
2473 917 2520 962 et
2540 906 2885 963 terrteJnitio
2907 907 3101 960 creavit
3119 904 3329 972 Deus",
3343 913 3446 963 etc.
3458 901 3559 975 (8).

2048 1024 2331 1094 Expositio
2358 1024 2411 1077 in
2450 1022 2603 1085 illud,
2630 1021 2776 1091 quod
2803 1020 2941 1074 dixit
2970 1019 3133 1074 Deus.

2049 1116 2115 1171 Et
2144 1118 2360 1187 quidem
2392 1116 2583 1170 beatus
2626 1116 2919 1184 propheta,
2967 1129 3200 1183 magnus
3230 1112 3321 1167 ille
3356 1111 3559 1180 Moses,

1981 1211 2200 1279 scripsit
2224 1210 2418 1263 librum
2444 1208 2610 1274 hunc,
2637 1207 3032 1278 appellavitque
3063 1216 3114 1259 et
3142 1206 3298 1260 titulo
3328 1206 3561 1275 insigni-

1980 1301 2056 1355 vit
2084 1300 2278 1354 librum
2314 1298 2487 1365 Emis,
2513 1300 2564 1353 id
2591 1308 2694 1363 est,
2716 1298 2931 1353 Entium
2958 1306 3289 1364 creatorum,
3317 1306 3424 1352 etc.
3458 1298 3557 1366 t9).

2549 1429 2791 1487 SECTIO
2831 1429 2998 1491 lI-lll.

2047 1541 2115 1596 Et
2147 1542 2283 1599 dixit
2330 1540 2634 1597 Dominus:
2672 1541 2743 1596 Et
2789 1559 2881 1612 ego
2936 1544 3195 1603 missurus
3241 1559 3358 1596 sum
3398 1559 3563 1612 aquas

1983 1634 2171 1687 diluvii
2216 1650 2371 1704 super
2415 1643 2610 1687 terram
2668 1634 2738 1686 ad
2783 1634 3103 1702 perdendum
3146 1650 3296 1687 omne
3339 1650 3563 1704 corpus.

1984 1725 2041 1780 in
2072 1742 2173 1796 quo
2198 1726 2262 1790 ‘7,
2296 1733 2402 1780 etc.

2059 1836 2201 1891 Dixit
2225 1835 2546 1908 Hippolytus
2566 1835 2842 1907 expositor
2878 1835 3262 1903 Targhumista
3289 1855 3302 1886 :
3326 1834 3562 1891 Nomina

1995 1943 2224 1981 uxorum
2275 1928 2509 1982 ﬁliorum
2557 1926 2709 1981 Noah
2756 1928 2871 1981 haec
2914 1934 3093 1979 sunt:
3139 1940 3335 1979 nomen
3380 1926 3571 1983 uxoris

1992 2019 2118 2075 Seni
2142 2019 2412 2074 Nahalatb
2436 2018 2696 2083 Mahnuk,
2720 2031 2775 2073 et
2792 2033 2989 2072 nomen
3023 2020 3210 2071 uxoris
3231 2018 3402 2077 Cham
3432 2016 3572 2077 Zed-

1990 2110 2284 2179 katNabu,
2313 2120 2368 2167 et
2406 2127 2604 2167 nomen
2635 2111 2827 2165 uxoris
2869 2108 3097 2179 Japheth
3141 2109 3401 2164 Arathka.
3448 2108 3573 2165 lia-c

1993 2213 2173 2259 autem
2223 2213 2351 2259 sunt
2399 2204 2619 2259 nomina
2670 2218 2858 2257 earum
2907 2203 2960 2256 in
3015 2202 3242 2272 Syriaco
3295 2200 3571 2270 Targhum

1994 2297 2131 2366 (qua
2169 2305 2459 2365 sequuntur
2494 2296 2570 2348 sic
2608 2306 2761 2350 erant
2803 2310 3049 2363 expressa
3088 2302 3145 2346 ut
3189 2304 3313 2361 puto
3352 2290 3573 2361 Syriaca

1992 2391 2050 2444 in
2088 2391 2316 2444 versione
2366 2389 2548 2459 aliqua
2595 2386 2879 2459 Syriaca)‘:
2924 2387 3122 2443 Uxoris
3175 2387 3334 2454 Sem,
3371 2383 3574 2442 nomen

1992 2478 2257 2535 Nahalath
2277 2479 2531 2535 Mahnuk.
2556 2478 2753 2535 Uxoris
2765 2480 2935 2535 Cbam
2958 2494 3154 2535 nomen
3172 2478 3376 2534 Zedkat
3392 2476 3574 2535 Nabu.

1994 2568 2195 2626 Uxoris
2224 2569 2454 2641 Japheth
2482 2586 2680 2625 nomen
2711 2570 2974 2628 Aratbka.

2067 2660 2331 2717 Indicavit
2359 2661 2541 2731 itaque
2561 2660 2705 2717 Deus
2731 2660 2973 2728 Noacho,
3001 2662 3397 2731 certioremque
3419 2661 3573 2716 illum

1994 2749 2126 2807 fecit
2154 2752 2222 2807 de
2257 2752 2492 2808 adventu
2533 2753 2722 2808 diluvii
2766 2762 2820 2809 et
2866 2754 2934 2810 de
2979 2754 3200 2809 interitu
3234 2763 3570 2808 vastatorum

1997 2839 2359 2911 (impiorum).

2065 2930 2349 3002 Jussitque
2366 2931 2508 2987 Deus
2523 2932 2845 2999 altissimus,
2863 2939 2925 2989 ut
2939 2933 3290 2989 descenderet
3304 2933 3372 2989 de
3390 2943 3577 2988 monte

1999 3033 2210 3091 sancto,
2252 3025 2367 3095 ipse
2393 3035 2448 3079 et
2487 3024 2583 3080 ﬁlii
2618 3025 2738 3095 ejus
2768 3035 2825 3081 et
2853 3040 3056 3081 uxores
3082 3025 3317 3080 ﬁliorum
3347 3026 3489 3094 ejus.
3520 3036 3577 3080 et

2000 3123 2061 3169 ut
2092 3114 2384 3171 fabricaret
2412 3132 2607 3172 navem
2642 3117 2870 3188 (arcam)
2905 3117 3074 3173 trium
3107 3116 3576 3189 contignatioaum

393 3234 511 3291 Rex
542 3234 815 3290 Adrianus
839 3247 907 3288 ex
946 3229 1073 3286 ﬁliis
1116 3228 1287 3283 Edom
1331 3226 1545 3282 obsedit
1588 3224 1896 3291 Baalbach,
1924 3250 1967 3308 ρ
2002 3208 2138 3308 (δίζε
2165 3207 2578 3308 tabulatorum).

309 3328 574 3398 cepitque
605 3327 752 3381 illam
780 3333 834 3380 et
858 3324 1057 3379 occidit
1078 3336 1270 3376 omnes
1303 3319 1397 3391 qui
1441 3327 1596 3373 erant
1622 3317 1675 3370 in
1713 3317 1804 3371 illa
1831 3329 1897 3370 ex

306 3419 550 3486 Judaeis,
576 3427 846 3489 quotquot
867 3423 1024 3471 erant
1045 3416 1111 3471 de
1140 3413 1394 3485 prosapia
1428 3412 1671 3477 Davidis,
1705 3411 1761 3464 in
1785 3424 1901 3465 ser-

312 3514 551 3571 vitutem
584 3512 809 3581 redegit.

396 3605 466 3661 Et
509 3604 743 3674 dispersi
786 3610 915 3658 sunt
954 3600 1127 3656 Judaei
1171 3615 1269 3670 per
1312 3597 1623 3652 universam
1666 3604 1901 3657 terram,

318 3696 784 3770 quemadmodum
830 3694 1154 3766 praedixerat
1209 3690 1354 3745 Deus
1402 3689 1692 3744 excelsus:
1720 3686 1790 3740 Et
1819 3686 1904 3739 di-

319 3804 573 3861 spergam
596 3804 685 3843 ros
721 3787 859 3842 inter
889 3795 1084 3856 gentes,
1114 3792 1165 3838 et
1206 3780 1475 3853 dissipabo
1502 3797 1591 3836 vos
1633 3781 1772 3835 inter
1804 3795 1904 3849 po-

318 3878 576 4039 ”ii’tsque
617 3967 733 4023 haec
765 3974 912 4031 sunt,
947 3979 1069 4033 quae
1101 3962 1167 4016 ad
1196 3975 1298 4016 nos
1327 3967 1692 4032 pervenerunt
1717 3958 1785 4016 de
1814 3958 1904 4014 hi-

320 4061 500 4119 storia
530 4059 690 4116 istius
718 4057 841 4113 libri
868 4053 1331 4126 praestantissimi.

855 4147 1090 4218 Explicit
1121 4143 1389 4216 prtefatio.

405 4245 464 4300 In
490 4244 714 4300 nomine
744 4241 837 4298 Dei
861 4241 1071 4307 aeterni,
1098 4236 1435 4308 sempiterni,
1452 4234 1710 4307 ,maximi,
1735 4232 1904 4290 mise-

325 4334 590 4400 ricordis,
614 4332 976 4389 miseratoris.

401 4428 698 4500 lncipimus
724 4441 850 4483 cum
886 4423 1088 4480 auxilio
1112 4421 1208 4479 Dei
1245 4421 1553 4477 describere
1588 4419 1789 4474 librum
1826 4420 1906 4475 le-

330 4524 436 4595 gis,
466 4530 520 4577 et
547 4520 944 4590 expositionem
974 4531 1094 4586 ejus
1125 4522 1289 4585 prout
1313 4522 1681 4583 exposuerunt
1712 4511 1905 4569 Patres

328 4614 455 4685 puri
480 4612 722 4685 (sancti),
750 4608 919 4675 docti,
943 4607 1157 4678 optimi.

333 4704 450 4786 ’⁸³⁸
469 4753 606 4812 Gen.
627 4767 669 4822 ι,
694 4751 746 4807 1.
821 4752 862 4783 ⁸⁷
891 4750 1025 4819 Gen.
1061 4764 1136 4815 vr,
1173 4747 1260 4825 17.

427 4896 481 4970 7)
518 4894 816 4970 Heliopolis
831 4893 1034 4970 __Syri:e.

427 4961 482 5033 8')
521 4966 581 5020 In
610 4961 711 5021 ms.
742 4961 931 5022 codice
957 4963 1233 5018 Laudiano
1255 4962 1427 5032 (num.
1451 4961 1518 5016 Α.
1544 4962 1669 5031 182)
1719 4962 1909 5019 eadem

333 5034 511 5095 exstat
537 5034 784 5107 praefatio
816 5035 1066 5107 Arabicis
1094 5034 1308 5097 litteris,
1341 5048 1473 5107 cun),
1498 5048 1587 5107 ea,
1619 5049 1785 5107 quam
1811 5034 1909 5088 de-

336 5103 557 5176 scripsi:
586 5104 692 5160 Sed
735 5105 870 5160 nulli
908 5114 1041 5176 sunt
1079 5104 1453 5176 commentarii
1483 5104 1549 5157 ad
1579 5103 1907 5176 versionem.

336 5172 495 5232 Hunc
524 5176 766 5231 codicem
797 5174 982 5230 laudat
1007 5173 1316 5228 Pokockius
1356 5173 1410 5226 in
1459 5186 1557 5227 sua
1588 5172 1912 5228 Praefatione

334 5249 401 5301 ad
429 5246 706 5301 variantes
730 5243 1229 5302 lectioneS‘Arabici
1255 5244 1604 5299 Pentateuchi
1630 5243 1908 5307 Saadlani,

336 5326 486 5371 tomo
529 5325 686 5375 sexto
717 5314 857 5371 Bibl.
902 5313 1188 5385 Polyglott.
1233 5313 1490 5377 Londin.,
1534 5322 1698 5383 atque
1741 5315 1905 5377 etiam

336 5387 668 5442 mentionem
701 5385 832 5442 facit
860 5384 1019 5440 istius
1045 5384 1411 5440 Successionis
1457 5385 1772 5451 pontiﬁcum
1808 5400 1907 5451 us-

337 5472 443 5524 que
476 5452 543 5510 ad
572 5456 784 5510 Annam
818 5467 873 5510 et
913 5454 1197 5522 Caipham.
1233 5452 1309 5508 Ibi
1342 5468 1562 5524 quoque
1593 5454 1775 5511 laudat
1808 5466 1910 5524 no-

335 5522 503 5580 stram
535 5524 797 5580 Catenam
826 5525 928 5580 sub
958 5525 1176 5581 nomine
1207 5525 1441 5580 duorum
1474 5522 1909 5578 Commentario-

333 5609 457 5665 rum
488 5598 566 5665 in
625 5593 1054 5653 Pentateuebum
1117 5596 1313 5650 litteris
1375 5593 1614 5665 Syriacis
1672 5592 1907 5665 dialecto

333 5664 751 5791 arabica,5etc.,
794 5679 1031 5736 quorum
1075 5665 1340 5720 versionis
1382 5662 1655 5734 specimen
1688 5662 1910 5718 exhibet

334 5750 392 5790 in
423 5751 575 5789 num.
642 5774 657 5790 .

334 5750 392 5790 Ill
423 5751 575 5789 num.
603 5750 657 5790 5.

408 5807 484 5874 (9)
523 5804 745 5860 Patrum
788 5805 1031 5870 nomina,
1066 5819 1131 5874 ex
1179 5803 1378 5871 quibus
1425 5803 1781 5858 concinnatus
1824 5808 1909 5855 est

340 5872 427 5933 hic
455 5872 895 5933 Commentarius
935 5876 1051 5932 sive
1090 5872 1292 5930 Catena
1340 5876 1393 5929 in
1441 5874 1866 5928 I’cntateuchum
1889 5910 1907 5937 ,

2072 3295 2419 3368 Contignatio
2451 3296 2675 3352 interior
2706 3304 2825 3353 erat
2854 3312 2956 3368 pro
2985 3296 3179 3353 bestiis
3208 3295 3386 3369 (feris)
3416 3312 3574 3369 rapa-

2002 3389 2178 3455 cibus,
2213 3389 2537 3460 agrestibus,
2578 3391 2778 3447 uoxiis.
2820 3389 2962 3445 Inter
3003 3391 3126 3448 illas
3165 3396 3324 3446 eran‘t
3364 3405 3577 3447 asseres

2001 3480 2120 3536 sive
2147 3481 2329 3536 trabes
2361 3481 2571 3552 lignea,
2603 3497 2726 3552 quae
2748 3498 2843 3537 eas
2872 3482 2942 3537 ab
2970 3482 3203 3538 invicem
3242 3493 3575 3553 separarent,

2003 3573 2299 3643 quominus
2317 3582 2507 3627 mutuo
2520 3572 2731 3629 coirent
2750 3572 2883 3645 (10).
2902 3572 3253 3645 Contignatio
3272 3576 3449 3630 media
3464 3585 3589 3647 erat.

2001 3678 2102 3734 pro
2126 3664 2316 3721 avibus
2338 3666 2614 3735 variisque
2643 3681 2831 3721 earum
2862 3666 3176 3737 generibus.

2074 3755 2427 3827 Contignatio
2474 3757 2712 3827 denique
2754 3758 3004 3828 superior
3046 3767 3166 3813 erat
3209 3774 3311 3831 pro
3356 3758 3580 3815 Noacho

2004 3847 2147 3918 ipso,
2183 3846 2419 3919 ﬁliisque
2450 3848 2592 3920 ejus,
2621 3865 2723 3920 pro
2751 3850 2982 3922 conjuge
3004 3850 3281 3921 ipsius,-et
3313 3853 3579 3909 uxoribus

2004 3951 2258 3998 natorum
2285 3943 2427 4011 ejus.

2076 4033 2228 4089 Fecit
2252 4036 2418 4090 etiam
2447 4034 2605 4091 Noah
2634 4034 2834 4091 usuum
2864 4034 2991 4089 navi
3013 4050 3045 4090 a
3080 4034 3248 4090 latere
3273 4035 3543 4091 orientali.

2073 4125 2385 4183 Fabricavit
2412 4128 2579 4183 etiam
2616 4127 2921 4185 conditoria
2947 4142 3105 4200 aqua;
3127 4136 3181 4183 et
3204 4130 3578 4199 promptuaria

2004 4218 2275 4276 ciborum.

2074 4330 2373 4403 Postquam
2406 4333 2574 4405 igitur
2596 4333 2855 4405 imposuit
2877 4333 3038 4388 tinem
3065 4308 3396 4389 fabricandae
3430 4331 3575 4413 navi,

2006 4424 2286 4495 ingressus
2312 4433 2398 4482 est
2422 4423 2575 4481 Noah
2622 4441 2746 4482 cum
2788 4425 2913 4481 ﬁliis
2953 4426 3069 4482 suis
3118 4426 3275 4493 Seni,
3318 4426 3488 4482 Cham
3528 4438 3581 4485 et

2006 4513 2240 4585 Japheth
2268 4516 2323 4570 in
2352 4530 2644 4572 cavernam
2673 4516 3081 4593 thesaurorum.

1932 4589 1979 4645 D
2076 4607 2139 4663 Et
2171 4608 2391 4679 quidem
2426 4610 2604 4680 primo
2640 4590 3425 4691 aditu'teliciterinvenerunt
3460 4627 3584 4665 cor-

2012 4904 2142 4951 sunt
2166 4895 2283 4951 hinc
2302 4895 2597 4965 przecipua,
2626 4910 2749 4966 qua:
2779 4895 2868 4966 hjc
2891 4901 3585 4966 apponam,_prout_occur-

2014 4970 2144 5035 runt
2176 4966 2231 5019 in
2272 4962 2506 5020 decursu
2554 4962 2758 5035 Opé‘ris.
2792 4962 3017 5020 Primus
3060 4977 3143 5020 est
3183 4962 3326 5035 Mar_
3350 4962 3581 5035 Ephrem

2014 5034 2207 5106 Syrus,
2227 5032 2945 5106 deindeBasiliusepiscop.
2970 5035 3250 5106 Caesareae,
3279 5032 3406 5088 Mar'
3423 5032 3585 5106 Jaco-

2010 5102 2115 5183 l_n'ts
2147 5102 2543 5183 Bobaviensis,
2562 5104 2651 5162 Jo.
2679 5102 3125 5183 Clirgsostomus,
3155 5102 3434 5183 Origenes,
3467 5102 3585 5159 Mar.

2009 5172 2269 5257 Jacobus;
2291 5172 2877 5257 cpisei‘ﬁerugiensis,
2908 5172 3585 5257 Epi_plianitis:_episcopus

2011 5241 2762 5318 insula:ACypriipionysius,
2792 5246 2901 5318 Ibn‘
2925 5241 3117 5318 S'elib,“
3145 5241 3403 5318 Cyjillus.
3431 5251 3581 5318 u_t_er-

2007 5330 2116 5384 que
2141 5307 2775 5386 episédp.'liieros'olym.
2799 5324 2855 5369 et
2876 5313 3055 5386 Alex._',
3079 5307 3173 5364 lbn
3190 5307 3413 5386 :Batrilt,
3453 5309 3587 5386 11η)-

2008 5381 2250 5467 polyttis,
2266 5381 2381 5467 _qui
2414 5386 2628 5467 ubique
2633 5455 2644 5467 _
2660 5381 2963 5467 appellatur
3007 5381 3590 5467 Expositornsive’itn-

2009 5449 2241 5524 ierpres’
2266 5449 2542 5526 T'argum,
2588 5449 2917 5509 Philoxene‘s
2954 5452 3208 5532 ‘episcop.
3230 5490 3247 5516 ,
3282 5449 3588 5528 Evagrius,

2006 5527 2342 5581 Athanasius
2383 5527 2690 5596 patriarcha
2721 5522 3143 5583 Alexandrinus,
3172 5531 3277 5576 etc.
3325 5517 3587 5596 Hippoly-

2012 5604 2099 5653 tus
2134 5606 2317 5651 noster
2345 5588 2563 5650 circiter
2595 5594 2669 5649 40
2692 5596 2811 5649 loca
2840 5597 3238 5647 commentatus
3263 5599 3349 5649 est
3398 5593 3452 5642 in
3481 5588 3587 5642 hoc

2010 5680 2194 5735 Opere.
2232 5664 2447 5719 Primus
2474 5664 2647 5727 locus,
2681 5664 2771 5719 ubi
2802 5661 3042 5727 occurrit
3067 5674 3262 5731 nomen
3290 5655 3584 5735 Hippolyti,

2007 5746 2092 5791 est
2123 5734 2176 5787 in
2204 5734 2339 5789 Gen.
2372 5750 2490 5791 cab.
2518 5750 2588 5791 γι.
2619 5735 2701 5791 17,
2734 5739 2792 5785 ut
2822 5731 3088 5791 sequitur.

2043 5748 2092 5789 st
2123 5751 2176 5787 tn
2204 5746 2339 5789 Gen.
2372 5750 2490 5797 cap.
2518 5750 2588 5797 γι,
2619 5746 2701 5796 ιἰ,
2734 5746 2792 5785 ut
2822 5746 3088 5797 sequitur.

2083 5750 2092 5789 ι
2123 5751 2176 5787 ιη
2204 5746 2339 5789 Gen.
2372 5750 2490 5803 cap.
2518 5750 2588 5797 γι,
2619 5746 2701 5796 ιἰ,
2734 5746 2792 5785 ut
2822 5746 3088 5798 sequitur.

2083 5806 2195 5876 (ill)
2235 5804 2437 5860 Confer
2471 5802 2629 5858 Pirch
2660 5801 2726 5857 Ii.
2758 5801 2964 5855 Eliczer
2997 5818 3114 5870 cap.
3146 5798 3237 5853 ‘23.
