4128 6380
522 419 623 475 τοτ

1396 419 1450 472 s.
1493 415 1850 472 lliPPOLYTl
1885 416 2035 470 ore.
2078 397 2258 469 PARS
2295 415 2337 469 ι.
2369 445 2438 455 —
2468 416 2880 472 EXEGETtCA.

3666 422 3771 477 708

522 556 658 611 pora
707 539 960 602 Patrum,
1002 541 1230 602 Adami,
1265 537 1452 607 Setlti,
1504 539 1742 606 Enoslti,
1794 538 2089 603 Kainanis,
2120 543 2165 596 A
2194 538 2338 606 pisse
2365 536 2607 602 Noacho,
2635 547 2698 593 ut
2726 539 2916 594 ordine
2961 538 3274 608 disponeret
3314 537 3516 594 bestias
3565 539 3772 596 feroces

523 631 909 698 Maltalalielis,
951 631 1155 696 Jaredi,
1189 630 1607 696 Mathusalaclti,
1653 631 1928 686 Lamechi.
1961 630 2098 690 Octo

523 724 615 779 illa
645 740 872 794 corpora
907 734 1060 778 erant
1089 723 1142 776 in
1177 725 1485 778 conditorio
1519 724 1921 784 thesaurorum,
1949 725 2098 777 vide-

522 814 651 870 licet
680 816 891 879 Adami,
932 815 1105 877 Setlti,
1138 815 1364 879 Enoslti,
1400 813 1682 881 Kainanis,
1721 814 2096 882 Mabalalielis,

520 903 724 968 Jaredi,
751 904 1170 969 Mathusalaelti,
1196 903 1474 958 Lameclti.

593 997 742 1052 Tulit
793 1009 973 1052 autem
1017 996 1170 1052 Noalt
1218 1011 1416 1065 corpus
1462 994 1678 1048 Adami.
1725 993 2099 1063 Tulerttntque

521 1093 616 1146 lilii
649 1092 769 1160 ejus
798 1105 1044 1144 munera.
1077 1088 1334 1143 Portabat
1363 1087 1488 1140 Scm
1517 1102 1736 1150 aurum,
1762 1086 1932 1142 Citam
1959 1104 2099 1158 myr-

520 1185 699 1248 rham,
725 1181 955 1252 Japltetlt
994 1182 1141 1235 thus.
1179 1180 1383 1234 Deinde
1417 1179 1619 1247 egressi
1648 1193 1678 1233 e
1709 1193 1937 1233 caverna
1981 1179 2099 1232 tlte—

519 1291 836 1333 sanrorum.
861 1273 1262 1328 transtulerunt
1302 1287 1532 1327 munera
1573 1281 1626 1326 et
1664 1285 1861 1342 corpus
1902 1271 2097 1326 Adami

520 1367 574 1421 in
605 1378 841 1422 montem
867 1375 1134 1421 sanctum.

593 1459 840 1528 Cumque
871 1459 1136 1513 sedisscnt
1154 1457 1310 1525 juxta
1339 1470 1537 1524 corpus
1561 1454 1750 1509 Adami
1775 1471 1840 1510 ex
1867 1455 2096 1510 adverso

520 1553 781 1620 paradisi,
810 1560 1097 1621 coeperunt
1135 1549 1414 1605 lamentari
1451 1559 1504 1604 et
1543 1548 1673 1604 flere
1694 1549 1964 1619 jacturam
1999 1565 2096 1620 pa-

523 1645 715 1698 radisi.

591 1734 732 1788 Tum
765 1735 1156 1789 descendentes
1199 1734 1262 1786 de
1301 1740 1486 1786 monte
1523 1741 1715 1787 sancto
1760 1733 2098 1802 sublatisque

520 1827 694 1879 oculis
749 1840 936 1878 versus
985 1824 1296 1893 paradisum
1346 1821 1782 1890 redintegrarth
1823 1820 2006 1874 fletum
2045 1829 2098 1873 et

520 1915 808 1982 ejnlatum,
839 1924 1102 1967 aeternum
1130 1912 1248 1964 vale
1279 1910 1535 1964 dixerunt
1582 1911 1666 1964 his
1706 1909 1921 1964 verbis:
1965 1907 2098 1962 Vale

522 2007 650 2076 (pax
675 2005 813 2072 tibi),
831 2005 1126 2074 oparadise
1149 2002 1264 2056 Dei.
1288 2000 1435 2064 Vale,
1464 2016 1497 2056 ο
1521 1999 1853 2056 domicilium
1881 2001 2098 2071 religio-

521 2099 609 2152 nis
625 2105 678 2151 et
698 2097 972 2166 puritatis.
991 2095 1142 2159 Vale,
1160 2110 1193 2149 o
1213 2095 1367 2150 sedes
1384 2096 1672 2164 voluptatis
1687 2102 1739 2147 et
1757 2093 2094 2148 deliciarum.

597 2188 738 2241 Tnm
772 2187 1009 2257 amplexi
1037 2196 1166 2242 sunt
1194 2185 1400 2254 lapides
1432 2186 1633 2240 montis
1658 2185 1831 2240 sancti
1859 2195 1912 2239 et
1941 2186 2098 2239 arbo-

521 2294 630 2342 res,
659 2280 1031 2348 llcveruntquc
1069 2288 1122 2332 et
1165 2279 1461 2334 dixerunt:
1494 2277 1646 2343 Vale,
1687 2293 1724 2332 o
1759 2278 2096 2333 domicilium

521 2371 816 2425 bonorum.
855 2369 1002 2433 Vale,
1034 2385 1067 2424 o
1099 2370 1310 2425 mansio
1333 2385 1624 2440 corporum
1651 2377 1989 2425 sanctorum.

592 2460 797 2517 Deinde
848 2463 1027 2516 triduo
1078 2462 1378 2532 completo,
1413 2461 1692 2516 descendit
1735 2459 1927 2524 Noah,
1970 2475 2095 2514 cum

521 2551 648 2606 filiis
687 2553 801 2607 suis
837 2564 889 2606 et
932 2553 1196 2608 uxoribus
1239 2565 1490 2608 natorum
1537 2569 1763 2610 suorum
1805 2554 1874 2610 de
1913 2563 2098 2609 monte

521 2651 712 2696 sancto
744 2643 810 2696 ad
856 2641 1068 2698 radices
1109 2644 1312 2698 montis
1354 2643 1528 2698 sancti
1575 2643 1642 2698 ad
1685 2643 1867 2698 locum
1914 2644 2094 2698 navis.

521 2733 651 2789 Erat
689 2736 835 2789 enim
864 2736 1037 2806 (arca)
1064 2735 1167 2790 sub
1196 2736 1559 2805 prominentia
1602 2730 1851 2807 (l'abri)’
1893 2736 2096 2790 montis

521 2827 719 2882 sancti.

593 2918 659 2972 Et
703 2920 982 2988 ingressus
1024 2925 1108 2973 est
1153 2914 1310 2972 Noah
1361 2918 1418 2973 iit
1464 2932 1688 2984 navem;
1739 2917 2097 2987 deposuitque

519 3024 720 3078 corpus
773 3008 969 3062 Adami
1013 3017 1068 3062 et
1107 3023 1340 3066 munera
1381 3009 1437 3063 in
1486 3009 1666 3062 medio
1717 3010 1873 3063 navis
1933 3024 2096 3078 super

519 3100 723 3156 feretro
761 3100 963 3172 ligneo,
1005 3102 1152 3172 quod
1195 3103 1510 3174 recipiendo
1552 3103 1770 3172 corpori
1824 3117 2096 3172 praepara-

519 3199 693 3248 verat.

589 3282 994 3354 Admonuitque
1047 3283 1188 3340 Deus
1229 3283 1512 3340 Noacltum
1555 3285 1742 3341 dicens
1780 3303 1794 3339 :
1838 3283 1950 3340 Fac
1997 3285 2094 3341 tibi

519 3380 849 3446 crepitacula
876 3394 910 3432 e
937 3381 1082 3451 ligno
1123 3380 1252 3436 buxi
1285 3381 1388 3451 (vel
1414 3381 1701 3452 cupressi).
1731 3389 1966 3440 nam
1997 3395 2096 3434 au-

522 3476 628 3521 tem
659 3477 740 3520 est
773 3468 982 3537 lignum
1023 3470 1228 3524 dictum
1262 3469 1568 3541 Sagh,i.e.
1605 3471 1856 3540 platanus
1888 3469 2093 3525 indica.

594 3555 825 3611 Fabriea
856 3558 1020 3612 etiam
1052 3560 1361 3614 malleolum
1391 3561 1507 3628 ejus
1531 3561 1996 3633 (tintinnabulum)
2027 3575 2096 3616 ex

521 3649 714 3704 eodem
765 3649 1000 3720 (ligno).
1053 3649 1359 3720 Longitudo
1397 3661 1577 3708 autem
1627 3656 1945 3724 crepitaculi
1993 3659 2098 3711 erit

523 3740 690 3794 trium
731 3742 1040 3796 cubitorum
1073 3742 1406 3814 integrorum
1438 3755 1494 3801 et
1524 3746 1755 3802 latitudo
1785 3748 1904 3820 ejus
1931 3752 2096 3808 unius

521 3831 691 3887 cubiti
728 3847 851 3887 cum
881 3835 1132 3889 dimidio.

595 3922 661 3978 Et
692 3927 945 3995 praecepit
985 3928 1033 3982 ei
1074 3927 1238 3991 Deus,
1270 3938 1330 3983 ut
1362 3929 1602 4000 pulsaret
1633 3933 1962 4004 crepitacula
2002 3951 2098 4006 per

521 4014 767 4086 singulos
811 4019 926 4074 dies
970 4021 1146 4076 tribus
1188 4023 1417 4078 vicibus.
1463 4021 1722 4081 Videlicet
1765 4027 1936 4096 printa
1980 4029 2097 4083 vice

521 4123 740 4162 summo
773 4108 1048 4177 diluculo;
1091 4113 1324 4167 secunda
1356 4114 1494 4178 vice,
1538 4115 1593 4170 in
1638 4117 1818 4174 medio
1861 4119 1998 4184 diei;
2042 4129 2097 4175 et

519 4200 680 4254 tertia
718 4201 835 4254 vice
867 4203 931 4255 ad
963 4219 1215 4258 occasum
1246 4205 1398 4260 solis.

591 4289 800 4345 Accidit
827 4302 1029 4360 autem,
1059 4295 1242 4350 statim
1285 4304 1448 4366 atque
1486 4298 1758 4368 pulsasset
1789 4298 1942 4356 Noah
1978 4318 2097 4357 cre-

520 4383 779 4454 pitacula,
809 4394 870 4440 ut
901 4387 1149 4455 protinus
1181 4399 1530 4445 accurrerent
1558 4391 1652 4444 lilii
1697 4389 1882 4447 Cainis
1917 4403 1971 4448 et
1998 4394 2095 4449 lilii

521 4469 735 4528 Valiitni
769 4476 833 4529 ad
863 4475 1074 4545 ipsum;
1107 4494 1244 4548 quos
1266 4480 1548 4536 admonuit
1575 4490 1629 4537 et
1653 4484 1940 4552 perterruit
1965 4499 2095 4539 nar-

2199 629 2256 683 in
2289 631 2695 701 contignatione
2727 633 2842 688 sive
2865 631 3106 687 tabulato
3132 633 3406 697 inferiore,
3430 643 3483 688 et
3509 634 3774 690 divideret

2197 737 2378 777 mares
2409 739 2439 777 a
2473 722 2721 788 lemellis,
2748 725 3026 779 asseribus
3053 725 3249 794 ligneis
3275 727 3632 795 interpositis,

2268 811 2446 883 Atque
2491 815 2565 869 ita
2609 814 3026 872 fecit'omnibus
3058 817 3245 872 bestiis
3273 816 3444 890 (feris)
3471 819 3774 890 jumentis;

2197 916 2252 959 et
2281 906 2442 959 etiam
2475 907 2791 963 volucribus
2813 909 2866 961 in
2894 908 3136 962 tabulato
3165 910 3364 963 medio.

2266 993 2441 1050 Jussit
2477 1008 2656 1051 autem
2693 997 2880 1068 (Dens)
2911 999 2985 1053 ita
3015 1001 3471 1068 scpararimares
3495 1015 3524 1053 a
3553 998 3774 1055 fetninis
3793 1033 3814 1050 .

2197 1082 2456 1140 decentia:
2480 1098 2534 1140 et
2567 1088 2864 1145 honestatis
2888 1104 3076 1155 causa,
3107 1106 3174 1144 ne
3207 1091 3415 1145 scilicet
3448 1092 3774 1146 commisce-

2197 1188 2386 1228 rentur
2418 1176 2739 1230 adinvicem.

2273 1265 2416 1320 Dixit
2445 1283 2606 1336 porro
2635 1268 2776 1324 Deus
2800 1267 2931 1322 Mosi
2958 1287 2970 1321 :
3000 1266 3230 1324 Provide
3275 1269 3478 1325 cibaria
3520 1269 3615 1323 tibi
3666 1265 3776 1337 ipsi

2196 1367 2252 1412 et
2281 1360 2420 1416 natis
2447 1360 2574 1413 tuis.
2602 1357 2667 1412 Et
2695 1360 2801 1413 sint
2825 1375 2890 1412 ex
2919 1360 3099 1414 tritico
3121 1361 3331 1424 molito,
3354 1363 3516 1430 pisto,
3543 1361 3774 1416 subacto

2198 1465 2359 1520 aqua,
2390 1449 2685 1503 exsiccata.
2728 1447 2793 1501 Et
2823 1449 2990 1518 jussit
3028 1449 3172 1503 illico
3196 1447 3380 1502 Noaclt
3411 1450 3629 1518 conjugi
3658 1467 3775 1505 sua:

2197 1549 2250 1593 et
2282 1540 2545 1592 uxoribus
2582 1539 2818 1592 ﬁliorum
2852 1555 3103 1605 suorum,
3140 1548 3199 1592 ιιι
3236 1548 3452 1594 strenue
3491 1539 3776 1595 incumbe-

2197 1643 2318 1687 rent
2359 1632 2657 1702 subigendo
2705 1647 2942 1686 massam
2988 1642 3042 1686 et
3083 1631 3441 1687 recondercnt
3483 1632 3538 1685 in
3588 1629 3769 1686 furno.

2200 1725 2540 1792 Subegerunt
2594 1740 2725 1793 ergo
2784 1740 3057 1789 massam,
3108 1735 3162 1778 et
3218 1725 3543 1794 pinsnerunt
3601 1722 3772 1779 ferme

2199 1827 2462 1886 quantum
2515 1817 2646 1886 ipsis
2689 1815 2988 1880 sufﬁceret,
3033 1815 3169 1871 adeo
3213 1824 3271 1870 ut
3313 1831 3419 1871 non
3466 1825 3773 1870 remanet-et

2127 1892 2170 1952 Β
2199 1909 2303 1962 nisi
2332 1923 2644 1976 pcrparum.

2268 2002 2334 2055 Et
2369 1999 2652 2053 admonuit
2677 1996 2819 2052 Deus
2849 1995 3127 2052 Noaclium
3163 1998 3350 2054 dicens
3382 1999 3473 2052 ei:
3510 1997 3772 2066 Quisquis

2197 2093 2603 2148 annuntiavcrit
2632 2091 2727 2145 tibi
2759 2089 2826 2144 de
2849 2091 3082 2144 adventu
3110 2091 3292 2144 diluvii
3321 2090 3551 2160 primus,
3577 2091 3771 2156 perdes

2198 2188 2346 2242 illum
2378 2190 2497 2258 ipso
2530 2196 2825 2240 momento.
2860 2183 3066 2237 Interea
3090 2198 3219 2236 vero
3244 2198 3382 2237 uxor
3405 2183 3596 2237 Citami
3623 2192 3775 2236 asta-

2196 2277 2290 2332 bat
2335 2279 2649 2332 immissura
2695 2292 2887 2346 panem
2937 2278 3172 2341 ingentis
3207 2276 3368 2330 molis
3417 2275 3472 2328 in
3522 2273 3772 2328 furnum.

2197 2354 2264 2422 Et
2297 2370 2479 2424 subito
2513 2368 2770 2439 proﬂuxit
2804 2383 2943 2436 aqua
2972 2385 3000 2422 e
3031 2368 3191 2422 furno
3226 2368 3373 2436 juxta
3401 2367 3625 2421 verbum
3660 2365 3775 2418 Do-

2197 2461 2351 2527 mini,
2375 2471 2427 2515 et
2452 2459 2776 2531 penetravit,
2798 2459 3047 2513 dissolvit
3076 2461 3350 2528 scaturigo
3373 2473 3528 2527 aqua!
3551 2473 3773 2526 panem.

2195 2554 2537 2610 Exclamavit
2571 2554 2754 2625 itaque
2788 2570 2925 2607 uxor
2962 2553 3134 2606 Cltam
3170 2551 3236 2605 ad
3274 2551 3555 2604 Noacltutn
3584 2551 3776 2604 dicens

2195 2647 2246 2702 ei
2265 2646 2338 2702 :0
2359 2647 2598 2712 domine,
2616 2651 2756 2706 venit
2773 2646 2994 2702 verbum
3015 2644 3132 2711 Dei,
3155 2645 3289 2697 venit
3321 2643 3452 2697 illud
3483 2645 3620 2712 quod
3650 2660 3777 2712 pro-

2197 2740 2342 2792 misit
2366 2739 2654 2808 (praedixit)
2675 2739 2834 2794 Deus.
2857 2737 3164 2807 Exsequere
3191 2737 3354 2805 igitur
3382 2735 3434 2790 id
3463 2737 3606 2804 quod
3633 2751 3777 2805 prte-

2197 2831 2340 2901 cepit
2365 2830 2648 2886 Dominus.

2267 2920 2516 2991 Cumqne
2540 2920 2836 2976 audivisset
2853 2917 3004 2974 Noab
3031 2918 3192 2973 verba
3217 2918 3404 2972 uxoris
3420 2916 3612 2983 Cltam,
3635 2917 3774 2972 dixit

2197 3014 2244 3068 ei
2276 3031 2290 3068 :
2326 3012 2445 3067 Jam
2475 3028 2604 3083 ergo
2630 3013 2780 3068 venit
2813 3011 3104 3067 diluvium?
3132 3009 3278 3064 Dixit
3304 3009 3354 3064 ei
3383 3025 3520 3064 uxor
3556 3009 3726 3063 Citam
3752 3027 3771 3064 :

2198 3104 2278 3159 Tu
2312 3105 2499 3160 dixisti
2531 3105 2653 3159 ltoc.

2266 3197 2563 3253 Admonuit
2590 3207 2766 3251 autem
2798 3195 3061 3250 Dominus
3086 3194 3377 3263 derepente
3411 3191 3598 3247 dicens
3623 3190 3772 3246 Nea-

2197 3290 2322 3353 clto,
2355 3287 2442 3344 Ne
2488 3289 2686 3358 perdas
2729 3302 2954 3342 uxorem
2987 3287 3211 3349 Citami;
3260 3300 3385 3339 nam
3421 3284 3488 3337 ab
3537 3300 3630 3338 ore
3677 3294 3773 3339 tuo

2196 3381 2362 3451 coepit
2389 3379 2619 3448 perditio
2653 3376 2885 3447 (primus
2917 3377 3101 3431 dixisti
3130 3394 3144 3430 :
3176 3373 3663 3446 Venitdiluvium).
3689 3375 3770 3428 Ad

2201 3487 2390 3526 vocem
2438 3469 2644 3525 Noacbi
2675 3469 2826 3523 venit
2868 3468 3150 3532 diluvium,
3185 3476 3239 3521 et
3281 3466 3773 3535 subito-scaturigo

2197 3561 2448 3618 dissolvit
2471 3561 2621 3616 illum
2651 3576 2866 3632 panem.

2268 3652 2336 3708 Et
2373 3663 2573 3722 apertae
2613 3661 2738 3708 sunt
2787 3659 3072 3706 cataractae
3111 3649 3257 3716 cmli,
3297 3657 3352 3704 et
3389 3663 3545 3720 aqua:
3578 3648 3775 3717 pluviae

2196 3745 2521 3817 ingruerunt
2553 3761 2717 3816 super
2741 3753 2962 3799 terram.
2993 3741 3196 3813 Nempe
3229 3743 3319 3796 illa
3345 3757 3468 3818 vox,
3492 3757 3616 3812 qua:
3644 3743 3771 3795 olint

2197 3837 2411 3892 dixerat
2437 3856 2450 3892 :
2488 3836 2880 3908 Congregentur
2902 3853 3050 3905 aqua:
3075 3836 3126 3888 in
3155 3835 3328 3888 locum
3348 3851 3509 3889 unum
3531 3845 3578 3888 et
3611 3850 3775 3903 appa-

2196 3938 2309 3984 reat
2366 3941 2507 3984 terra
2531 3929 2598 3996 '3,
2629 3929 2817 3984 eadem
2853 3943 2958 3983 vox
3011 3928 3286 3998 permisit,
3330 3935 3390 3981 ut
3433 3935 3628 3996 sponte
3675 3941 3774 3980 sua

2198 4032 2512 4093 erumperet
2538 4023 2814 4094 scaturigo
2849 4038 3113 4093 aquarum
3165 4032 3220 4077 ct
3249 4021 3428 4077 ﬂuxus
3453 4022 3688 4076 marium
3719 4031 3777 4076 et

2195 4116 2384 4172 eduxit
2411 4130 2604 4187 aquas.

2267 4209 2526 4282 Recogita
2553 4207 2685 4279 quid
2714 4207 2911 4262 dixerit
2940 4205 3082 4262 Deus
3107 4206 3173 4262 de
3198 4207 3400 4262 mundo
3427 4223 3442 4260 :
3471 4203 3774 4260 llumilien-

2197 4310 2289 4355 tur
2321 4302 2504 4356 omnia
2537 4301 2750 4355 excelsa
2791 4298 2932 4368 ejus,
2963 4309 3017 4353 et
3047 4299 3328 4352 hutniliata
3354 4307 3517 4365 sunt;
3559 4308 3614 4354 et
3656 4298 3768 4352 ele-

2195 4405 2394 4451 ventur
2427 4393 2654 4449 humilia
2679 4393 2800 4461 ejus
2825 4392 2892 4446 de
2918 4389 3201 4461 profundis
3233 4389 3425 4458 ipsius.

2267 4487 2334 4543 Et
2385 4488 2525 4542 facta
2563 4485 2667 4539 fuit
2715 4492 2860 4538 terra
2901 4497 3077 4537 vacua
3117 4482 3329 4552 privata
3378 4479 3597 4536 entibus
3640 4479 3758 4535 suis

522 4563 697 4618 rando
739 4566 807 4620 de
837 4566 1068 4624 adventu
1103 4571 1354 4640 proximo
1397 4573 1616 4641 diluvii,
1665 4582 1722 4630 et
1757 4576 1824 4631 de
1870 4577 2092 4633 interitu
2125 4573 2170 4629 D
2199 4578 2654 4651 quemadmodum
2680 4585 2795 4632 erat
2819 4575 2991 4628 initio.

519 4655 745 4724 jamjam
774 4657 1060 4716 festinante
1086 4671 1141 4717 et
1169 4663 1503 4720 imminente.

593 4746 668 4802 Ea
698 4764 826 4803 vero
855 4750 958 4805 fuit
995 4753 1362 4811 misericordia
1395 4756 1490 4812 Dei
1524 4773 1651 4830 erga
1691 4759 1832 4824 illos,
1869 4769 1930 4815 ut
1957 4777 2092 4816 con-

521 4849 864 4897 verterentur
892 4853 945 4897 et
969 4846 1368 4915 resipiscerent;
1399 4853 1492 4904 sed
1524 4865 1631 4906 non
1672 4866 1878 4906 morem
1909 4867 2094 4923 gesse-

523 4941 653 4986 runt
684 4934 774 4987 lilii
803 4934 988 4991 Cainis
1020 4935 1263 5003 Noaclto,
1303 4939 1360 4993 in
1407 4955 1474 4995 eo
1506 4943 1652 5012 quod
1689 4943 1796 5000 illis
1828 4945 2090 5014 praedica-

522 5022 632 5077 bat.
680 5021 746 5078 Et
787 5027 1137 5096 congregavit
1175 5025 1328 5087 Noah
1370 5045 1438 5084 ex
1478 5031 1734 5088 omnibus
1776 5033 2092 5089 volucribus

520 5110 699 5165 omnis
730 5116 942 5182 generis
975 5115 1124 5184 paria
1166 5133 1345 5174 mares
1384 5128 1439 5174 et
1483 5120 1754 5188 femellas;
1802 5132 1966 5194 atque
2016 5125 2092 5180 ita

518 5201 686 5255 etiam
721 5219 788 5258 ex
819 5207 1072 5263 omnibus
1106 5207 1315 5277 bestiis,
1358 5220 1471 5266 tam
1511 5213 1769 5272 cicuratis
1803 5231 1968 5288 quam
1997 5217 2094 5272 sil-

516 5292 815 5362 vestribus,
842 5299 993 5366 paria
1023 5306 1078 5353 et
1106 5299 1281 5367 paria.

1115 5412 1358 5471 SECTIO
1404 5417 1496 5472 IV.

944 5503 1026 5557 Ad
1063 5503 1246 5561 Cenes.
1273 5525 1387 5576 cap.
1417 5525 1513 5573 vit,
1542 5527 1588 5565 υ.
1617 5511 1672 5566 6.

571 5584 1086 5689 .Dixit-Hippolytus
1113 5600 1388 5667 expositor
1418 5599 1587 5672 Syrus
1621 5601 1860 5678 Targum
1889 5627 1900 5660 :
1941 5601 2095 5659 Inve-

528 5681 711 5732 nimus
739 5681 794 5734 in
823 5688 1112 5756 exemplari
1149 5691 1370 5763 antiquo
1400 5691 1646 5764 Hebraeo,
1679 5693 1849 5752 Deum
1889 5711 2093 5768 prince-

603 5819 646 5851 ¹⁶
681 5819 816 5877 Gen.
848 5839 887 5892 t,
928 5826 982 5880 9.

2266 4672 2333 4726 Et
2361 4671 2579 4742 quidem
2604 4669 2786 4739 pluvia
2819 4667 3180 4723 descendebat
3209 4667 3519 4735 desursum,
3547 4676 3602 4722 et
3629 4675 3771 4721 terra

2195 4762 2517 4832 erumpebat
2552 4761 2830 4815 deorsum.
2865 4759 2934 4814 Et
2963 4761 3127 4830 periit
3171 4760 3498 4829 compositio
3548 4760 3770 4822 mundi,

2196 4855 2462 4925 abruptus
2492 4851 2610 4918 ,fuit
2650 4852 2785 4907 ordo
2828 4851 2917 4905 illc
2961 4850 3292 4920 primitivus.
3341 4849 3651 4920 Factusque
3692 4861 3779 4906 est

2197 4947 2457 5009 mundus,
2485 4942 2663 5014 qualis
2702 4950 2816 4996 erat
2859 4940 2930 4995 ab
2972 4941 3127 4995 initio
3159 4940 3439 4995 desolatus
3485 4942 3554 4996 ab
3595 4945 3779 5011 aquis,

2198 5053 2322 5108 quae
2368 5035 2522 5089 illum
2567 5031 2987 5088 inundaverunt.
3036 5029 3222 5100 Neque
3257 5033 3506 5086 relictum
3555 5031 3660 5086 fuit
3712 5048 3778 5086 ex

2200 5131 2320 5199 ejus
2347 5128 2566 5184 entibus
2597 5112 2900 5196 quidquam
2927 5122 2980 5177 in
3018 5123 3326 5193 integritate
3357 5141 3478 5178 sua.

2270 5219 2630 5276 Pessumdata
2664 5218 2768 5273 fuit
2793 5225 3066 5273 structura
3097 5217 3266 5286 prior,
3295 5227 3348 5270 et
3375 5215 3634 5270 deformis
3673 5213 3780 5270 fuit

2203 5322 2347 5367 terra
2377 5311 2542 5366 fluctu
2574 5325 2843 5380 aquarum
2891 5307 3258 5378 ingruentium
3306 5322 3469 5376 super
3509 5307 3678 5370 illam,
3724 5318 3780 5360 tt

2205 5402 2583 5474 magnitudine
2612 5399 3029 5454 inundationum
3055 5397 3196 5468 ejus,
3222 5408 3275 5454 et
3300 5397 3646 5452 multitudine
3673 5397 3778 5451 im-

2202 5495 2405 5561 brium,
2429 5505 2484 5551 et
2519 5493 2805 5563 eruptione
2843 5493 3166 5563 abyssorum
3204 5493 3345 5561 ejus,
3384 5490 3542 5562 aquis
3579 5506 3776 5560 perpe-

2201 5597 2298 5642 tuo
2339 5585 2768 5660 erumpentibus.
2814 5587 3056 5658 Denique
3091 5585 3277 5643 relicta
3315 5583 3419 5641 fuit
3451 5584 3630 5656 qualis
3657 5588 3779 5639 erat

2204 5689 2382 5734 antea.
