4128 6374
941 566 1186 624 SECTIO
1224 566 1291 621 V.

727 662 814 715 Ad
844 659 1028 716 Cenes.
1061 676 1178 729 cap.
1210 675 1330 723 viti,
1359 677 1406 713 υ.
1438 659 1491 713 1.

395 753 545 809 Dixit
576 751 922 825 Hippolytus,
950 752 1230 821 expositor
1258 749 1519 821 Targum,
1548 758 1602 803 et
1638 747 1900 802 Dominus

320 862 499 910 meus,
530 844 768 900 Jacobus
802 843 1161 898 Rohaviensis
1199 859 1212 896 :
1243 842 1519 913 Vigesimo
1554 840 1787 910 septimo
1814 838 1901 892 die

320 936 526 991 mensis
554 933 689 1001 Jiar,
718 935 812 1004 qui
844 940 928 989 est
958 934 1164 986 mensis
1193 932 1467 987 secundus
1487 929 1765 993 Hebraeus,
1785 930 1897 983 ele-

318 1041 447 1085 vata
500 1028 601 1084 fuit
652 1042 779 1082 arca
833 1028 903 1081 ab
955 1026 1178 1081 introitu
1230 1035 1294 1095 (τι
1338 1025 1644 1096 radicibus)
1696 1024 1901 1079 montis

322 1123 520 1187 sancti,
549 1122 775 1191 jamque
804 1119 949 1173 illam
979 1119 1271 1188 portabant
1300 1133 1474 1188 aqum,
1508 1127 1563 1172 et
1602 1133 1765 1187 super
1795 1117 1900 1171 illis

321 1216 379 1271 in
418 1229 611 1286 gyrum
657 1211 989 1291 circumacta
1035 1207 1137 1263 fuit
1191 1224 1381 1264 versus
1430 1219 1664 1279 quatuor
1712 1212 1900 1264 mundi

321 1309 597 1363 cardines.
631 1305 773 1359 Area
803 1304 964 1374 igitur
990 1319 1021 1358 a
1051 1313 1234 1358 monte
1267 1313 1458 1357 saneto
1479 1302 1703 1357 tetendit
1722 1303 1902 1357 orien-

321 1410 432 1453 tem
470 1412 684 1461 versus,
719 1405 832 1450 tum
867 1411 1085 1451 reversa
1112 1405 1195 1450 est
1228 1394 1283 1448 in
1313 1394 1671 1457 occidentem,
1707 1395 1903 1449 deinde

322 1505 591 1545 conversa
622 1488 726 1543 fuit
769 1487 835 1541 ad
863 1487 1168 1551 meridiem,
1200 1485 1437 1554 denique
1476 1486 1736 1540 orientem
1777 1500 1901 1539 ver-

321 1597 420 1635 sus
456 1581 685 1636 tendens
716 1580 925 1649 appulit
968 1580 1036 1633 ad
1080 1587 1319 1633 montem
1357 1577 1557 1642 Kardu,
1593 1578 1681 1631 die
1724 1578 1902 1647 primo

323 1671 534 1723 mensis
565 1669 765 1725 decimi
794 1668 1125 1739 (il).Atque
1156 1668 1203 1723 is
1224 1677 1307 1723 est
1350 1669 1555 1723 mensis
1586 1666 1777 1722 Kanun
1813 1683 1901 1723 se-

320 1760 562 1817 cundus.

396 1852 461 1906 Et
495 1866 749 1921 egressus
777 1858 859 1904 est
886 1846 1040 1902 Noah
1087 1847 1157 1902 ab
1196 1862 1323 1903 arca
1366 1847 1627 1917 vigesimo
1670 1848 1901 1916 septimo

319 1944 411 1998 die
442 1944 647 1997 mensis
685 1941 799 1997 Jiar
844 1957 989 1997 anno
1029 1942 1301 2006 secundo;
1335 1955 1461 1994 nam
1515 1955 1641 1995 arca
1693 1950 1902 1993 morata

319 2053 419 2107 per
449 2037 691 2106 quinque
715 2051 931 2091 menses
966 2037 1206 2105 integros
1236 2037 1474 2090 natando
1503 2035 1784 2089 ﬁuctuavit
1811 2052 1903 2089 su-

318 2145 418 2199 per
449 2145 641 2198 aquas,
668 2138 723 2183 et
763 2130 940 2198 spatio
984 2129 1193 2182 dierum
1230 2129 1623 2198 quinquaginta
1654 2139 1707 2182 et
1739 2128 1902 2181 unius

318 2221 533 2290 appulit
574 2218 642 2274 ad
679 2229 900 2273 terram.
941 2218 1127 2289 Neque
1160 2229 1348 2288 postea
1381 2220 1560 2274 adhuc
1598 2218 1901 2274 ﬁuctuavit.

321 2312 433 2367 Sed
488 2312 865 2365 tantummodo
918 2312 1229 2366 successive
1272 2312 1503 2366 obversa
1560 2311 1661 2365 fuit
1712 2327 1905 2366 versus

317 2415 561 2476 quatuor
587 2405 836 2459 cardines
869 2413 1046 2469 terrm,
1072 2419 1137 2459 ae
1160 2404 1398 2475 denique
1430 2406 1624 2458 iterum
1663 2406 1906 2459 substitit

317 2499 591 2551 orientem
630 2510 843 2551 versus.
884 2495 1127 2551 Dicimus
1165 2506 1344 2551 autem
1385 2496 1439 2550 id
1480 2495 1651 2551 fuisse
1689 2498 1904 2568 signum

318 2589 525 2643 crucis.
560 2587 701 2642 Area
741 2598 919 2641 autem
957 2588 1061 2642 fuit
1110 2588 1284 2643 instar
1323 2588 1547 2655 Christi,
1577 2589 1669 2659 qui
1707 2604 1905 2660 exspe—

318 2680 598 2733 ctabatur.
632 2678 726 2732 illa
765 2680 910 2732 enim
954 2694 1081 2733 arca
1122 2679 1226 2734 fuit
1270 2693 1434 2734 causa
1468 2680 1657 2734 salutis
1699 2679 1906 2737 Noachi

316 2783 378 2826 et
407 2772 644 2825 ﬁliorum
681 2772 836 2839 ejus;
872 2772 1115 2849 itemque
1140 2773 1534 2842 jumentorum,
1568 2774 1831 2841 ferarum,
1853 2786 1908 2830 et

319 2864 648 2918 volatilium.
676 2862 930 2919 Christus
967 2874 1181 2928 autem,
1229 2865 1447 2934 quando
1478 2879 1674 2934 passus
1710 2864 1814 2920 fuit
1849 2866 1904 2920 in

322 2971 514 3020 cruce,
564 2958 817 3013 liberavit
866 2975 967 3014 nos
1013 2974 1045 3013 a
1093 2958 1417 3013 criminibus
1463 2964 1518 3010 et
1561 2958 1818 3027 peccatis,
1851 2965 1906 3012 et

322 3046 501 3100 abluit
528 3063 629 3103 nos
665 3048 720 3101 in
754 3051 1019 3119 sanguine
1053 3064 1156 3104 suo
1182 3047 1499 3118 purissimo.

401 3138 465 3191 Et
490 3140 948 3208 quemadmodum
976 3156 1191 3195 reversa
1223 3139 1324 3195 fuit
1354 3155 1481 3194 arca
1517 3139 1572 3193 in
1616 3140 1902 3208 orientem,

322 3227 644 3298 appulitque
660 3229 728 3282 ad
756 3239 993 3283 montem
1009 3228 1191 3284 Kardu
1216 3228 1350 3300 (12);
1374 3229 1448 3284 ita
1470 3231 1632 3285 etiam
1651 3228 1903 3286 Christus
1931 3258 1973 3316 α

322 3318 569 3390 perlecto
606 3329 661 3376 et
688 3322 958 3391 completo
979 3336 1162 3391 Opere,
1195 3321 1342 3391 quod
1382 3322 1487 3377 sibi
1520 3333 1900 3392 proposuerat,

322 3428 583 3468 reversus
608 3422 694 3467 est
718 3415 771 3467 in
795 3415 993 3469 caelum
1027 3415 1080 3467 in
1114 3414 1294 3468 sinum
1323 3412 1499 3469 Patris
1528 3414 1635 3481 sui,
1661 3424 1731 3487 ﬁt
1767 3416 1906 3471 sedit

323 3526 494 3579 super
522 3508 662 3563 solio
695 3507 882 3576 gloriae
906 3521 1020 3561 suae
1045 3507 1109 3560 ad
1136 3507 1380 3563 dextram
1403 3506 1601 3563 Patris.

398 3600 591 3669 Quoad
620 3607 858 3654 montem
878 3596 1083 3662 Kardu,
1110 3597 1155 3651 is
1180 3599 1340 3652 estin
1365 3599 1573 3653 oriente
1606 3598 1662 3652 in
1683 3597 1907 3670 regione

324 3696 567 3750 ﬁliorum
600 3692 806 3755 Rabaa,
842 3691 1221 3760 appellantque
1246 3691 1396 3745 illum
1418 3689 1722 3746 Orientales
1748 3706 1907 3745 mon-

324 3806 440 3847 tem
472 3790 693 3847 Godash
726 3788 1108 3861 (Cordywum),
1151 3798 1350 3843 vocant
1379 3796 1559 3844 autem
1601 3787 1809 3843 Arabes
1851 3794 1906 3840 et

323 3884 508 3963 Persae
537 3883 736 3937 Ararat
758 3883 893 3953 (15).

401 3976 470 4032 Et
495 3986 580 4032 est
607 3975 819 4038 civitas,
852 3973 940 4028 cui
968 3986 1167 4027 nomen
1199 3977 1283 4026 est
1313 3967 1520 4037 Kardu,
1542 3976 1597 4025 et
1617 3984 1777 4024 mons
1804 3969 1907 4022 iste

326 4073 400 4129 ab
427 4087 490 4126 ea
527 4070 608 4126 sic
645 4068 966 4137 appellatur,
998 4064 1090 4135 qui
1129 4064 1347 4133 quidem
1391 4062 1691 4117 altissimus
1725 4072 1807 4117 cst
1848 4071 1904 4119 et

326 4159 747 4224 inaccessibilis,
782 4157 846 4211 ad
876 4155 1033 4225 cujus
1061 4154 1319 4210 verticem
1351 4166 1513 4207 nemo
1538 4167 1779 4222 unquam
1808 4168 1905 4223 po-

329 4257 438 4313 tuit
468 4251 762 4308 ascendere
793 4259 1013 4318 propter
1047 4246 1155 4299 vim
1188 4254 1477 4299 ventorum
1508 4251 1564 4298 et
1595 4244 1740 4298 aeris
1770 4258 1903 4314 pro-

330 4348 620 4409 cellarum,
654 4358 776 4414 quaa
806 4341 881 4396 ibi
914 4345 1177 4411 perpetuo
1210 4344 1456 4406 regnant.
1503 4335 1658 4401 Quod
1690 4335 1738 4390 si
1778 4336 1902 4405 quis

331 4454 515 4500 autem
553 4436 900 4496 attentaverit
940 4432 1339 4496 conscendere,
1384 4430 1601 4484 irruunt
1643 4430 1702 4484 in
1749 4429 1900 4484 illum

331 4536 634 4596 daemones,
663 4537 718 4583 et
744 4526 813 4583 de
846 4524 1050 4580 montis
1075 4522 1207 4593 jugo
1244 4521 1298 4575 in
1341 4519 1616 4591 planitiem
1649 4521 1901 4591 praecipi:

330 4638 441 4682 tem
482 4623 764 4694 dejiciuut,
792 4627 848 4674 et
882 4616 1132 4673 moritur.
1159 4611 1330 4669 Nemo
1352 4622 1533 4668 autem
1559 4612 1742 4679 novit,
1775 4611 1907 4684 quid
1939 4612 1984 4668 D
2007 4601 2075 4642 ex

329 4722 403 4777 sit
450 4717 506 4770 in
555 4712 842 4783 superﬁcie
887 4710 1111 4773 montis,
1140 4706 1246 4762 nisi
1293 4704 1440 4776 quod
1485 4704 1735 4774 quaedam
1778 4704 1911 4759 reli-

328 4811 474 4878 quiae
502 4804 635 4874 ligni
671 4801 827 4857 Arcae
855 4800 1035 4856 adhuc
1056 4800 1243 4869 jaceat
1276 4796 1335 4861 in
1367 4788 1912 4865 superlieie'verticis

330 4897 552 4952 inonﬁs.

944 4978 1191 5038 SECTIO
1227 4979 1296 5035 X.

709 5074 795 5130 Ad
827 5073 984 5130 Deut.
1018 5089 1135 5144 cap.
1168 5087 1370 5135 χχχιιι,
1396 5088 1443 5126 υ.
1479 5071 1532 5126 1.

403 5169 554 5224 Dixit
584 5166 909 5239 Hippolytus
938 5163 1215 5236 expositor
1243 5163 1504 5236 Targum,
1532 5163 1675 5234 quod
1710 5161 1909 5223 Moses,

336 5277 461 5318 cum
489 5261 817 5318 absolvisset
850 5261 992 5314 hanc
1032 5258 1395 5328 prophetiam,
1430 5254 1708 5311 benedixit
1748 5253 1908 5306 etiam

338 5368 500 5423 super
536 5367 730 5408 omnes
765 5351 906 5407 ﬁlios
930 5349 1119 5414 Israel,
1146 5365 1243 5419 per
1272 5349 1517 5422 singulas
1552 5347 1727 5402 tribus
1762 5360 1913 5400 seor-

340 5444 464 5511 sim,
493 5453 547 5501 et
576 5452 831 5515 precatus
855 5451 941 5497 est
966 5454 1066 5512 pro
1094 5440 1221 5497 illis.

1168 445 1596 503 FRAGMENTA
1634 442 1862 500 DUBlA.
1902 470 1973 481 —
1997 434 2479 493 PENTATEUCH.
2518 430 2723 487 ARAB.

1931 569 1981 624 Α
2078 557 2278 611 Deinde
2306 554 2586 609 admonuit
2610 551 2753 606 Deus
2784 547 2985 603 Mosem
3011 547 3200 602 dicens
3223 546 3307 601 ei:
3334 544 3582 624 Aseende

3476 426 3581 480 7|0

2000 649 2056 702 in
2093 660 2331 702 montem
2361 644 2531 710 Nebo,
2565 643 2660 713 qui
2692 641 2910 710 quidem
2945 639 3193 707 cognitus
3231 645 3318 692 est
3358 618 3586 690 nomine

2000 740 2203 793 montis
2242 737 2613 800 Hebr-.eorum,
2639 734 2730 803 qui
2774 741 2859 786 est
2908 730 2964 784 in
3013 738 3156 784 terra
3188 727 3348 783 Moab
3389 734 3586 782 contra

2001 830 2195 885 faciem
2224 828 2465 883 Jericho.

2071 922 2137 977 Et
2164 922 2301 977 dixit
2328 921 2377 975 ei
2404 939 2417 973 :
2446 916 2832 985 Contemplare
2859 922 3059 969 terram
3087 912 3371 979 Chanaan,
3410 926 3582 983 quam

2000 1028 2101 1084 ego
2128 1012 2357 1066 daturus
2405 1022 2526 1062 sum
2578 1004 2703 1059 ﬁliis
2746 1003 2910 1057 lsrael
2960 1003 3013 1055 in
3058 1000 3452 1053 haereditatem.
3502 994 3582 1051 Tu

2001 1123 2131 1163 vero
2176 1117 2520 1175 nequaquam
2572 1099 2896 1169 ingredieris
2941 1097 2994 1151 in
3038 1096 3208 1159 illam,
3250 1102 3583 1163 quapropter

2001 1197 2374 1253 intuereillam
2392 1210 2421 1247 a
2442 1195 2619 1261 longe.
2638 1189 2776 1243 Cum
2803 1203 2933 1257 ergo
2956 1187 3416 1256 contemplaretur
3433 1184 3579 1236 illam

2001 1289 2203 1351 Moses,
2245 1288 2382 1340 vidit
2416 1286 2563 1338 illam
2600 1291 2797 1335 terram
2821 1320 2835 1345 ,
2871 1289 3067 1333 terram
3095 1280 3360 1332 virentem
3383 1317 3397 1340 ,
3431 1273 3580 1328 omni

2001 1381 2157 1451 copia
2186 1390 2242 1435 et
2266 1379 2511 1433 ubertate
2551 1374 2917 1429 abundantem
2938 1414 2953 1437 ,
2990 1371 3368 1440 frequentibus
3399 1368 3583 1423 consi-

2004 1485 2110 1530 tam
2140 1472 2450 1534 arboribus,
2475 1479 2528 1524 et
2551 1465 2832 1535 obstupuit
2856 1464 3030 1518 Moses
3053 1473 3107 1517 et
3140 1461 3303 1516 ﬂevit.

2074 1565 2285 1618 Etcum
2320 1559 2693 1616 descendisset
2725 1556 2901 1610 Moses
2945 1556 3012 1609 de
3061 1563 3242 1607 monte
3277 1550 3446 1613 Nebo,
3485 1565 3578 1604 vos

2000 1657 2144 1712 cavit
2183 1654 2406 1709 Josuam
2440 1651 2607 1705 lilium
2643 1647 2786 1712 Nun,
2839 1652 2894 1700 et
2940 1645 3077 1698 dixit
3128 1645 3177 1698 ei
3225 1658 3407 1697 coram
3457 1641 3582 1694 lilzis

2001 1745 2559 1805 lsrael:Confortare
2605 1751 2659 1795 et
2692 1750 2808 1795 esto
2848 1740 3128 1793 robustus.
3178 1737 3258 1789 Tu
3303 1736 3447 1790 enim
3499 1736 3583 1787 in-

2003 1842 2353 1896 troducturus
2376 1853 2432 1891 es
2458 1835 2597 1889 ﬁlios
2622 1833 2786 1887 Israel
2818 1831 2872 1883 in
2898 1840 3100 1885 terram
3141 1843 3304 1897 quam
3330 1827 3584 1896 promisit

1932 1913 1974 1966 Β
2006 1933 2149 1988 Deus
2178 1930 2421 2001 patribus
2451 1942 2662 1989 eorum,
2696 1940 2755 1978 se
2785 1924 2895 1978 illis
2924 1924 3177 1977 daturum
3211 1919 3264 1972 in
3298 1918 3581 1973 haeredita-

2006 2035 2136 2079 tem.
2169 2020 2248 2076 Ne
2279 2036 2408 2091 ergo
2437 2019 2630 2073 timeas
2658 2033 2686 2069 a
2714 2014 2952 2085 populis,
2984 2027 3160 2083 neque
3189 2008 3513 2066 reformides
3553 2026 3583 2063 a

2003 2114 2285 2185 gentibus;
2315 2125 2441 2164 nam
2472 2108 2613 2161 Deus
2639 2107 2743 2161 erit
2776 2114 2977 2159 tecum.

2077 2206 2141 2257 ls‘t
2171 2200 2392 2271 scripsit
2420 2198 2594 2254 Moses
2619 2198 2763 2251 illam
2793 2194 3033 2248 Sennam
3061 2190 3174 2261 (14)
3201 2188 3389 2259 (Hebr.
3415 2201 3586 2251 ωεστ)

2004 2294 2384 2353 secundariam
2417 2293 2613 2362 legem,
2651 2290 2762 2344 sive
2791 2282 3314 2353 Deuteronomium),
3340 2281 3589 2337 tradid:t-

2004 2406 2110 2461 que
2145 2388 2291 2443 illam
2323 2384 2698 2442 sacerdotibus
2729 2370 2853 2436 titiis
2894 2380 3042 2445 Levi,
3089 2370 3451 2448 praecepitque
3482 2377 3587 2431 illis

2003 2481 2226 2537 dicens:
2255 2477 2439 2548 Usque
2456 2477 2519 2531 ad
2542 2486 2746 2545 septem
2779 2488 2953 2527 annos
2984 2470 3256 2526 occultate
3285 2469 3428 2523 hanc
3449 2468 3587 2522 Sen‘

2004 2588 2153 2639 nam,
2198 2585 2373 2641 neque
2411 2566 2771 2623 maniiestetis
2802 2565 2948 2618 illam
2991 2562 3047 2616 in
3093 2560 3306 2630 integro
3350 2559 3586 2614 decursu

2005 2672 2210 2734 septem
2229 2675 2519 2715 annorum.
2540 2655 2828 2727 (Tuncque)
2853 2655 2907 2709 in
2933 2653 3069 2709 festo
3087 2650 3583 2706 Tabernaculorum

2004 2756 2184 2828 legent
2216 2754 2525 2810 sacerdotes
2551 2749 2644 2803 lilii
2679 2747 2807 2801 Levi
2852 2747 2994 2801 hanc
3025 2744 3197 2815 legem
3228 2756 3412 2798 coram
3459 2741 3586 2795 ﬁliis

2005 2848 2194 2912 israel,
2224 2856 2284 2900 ut
2319 2847 2627 2907 observent,
2662 2839 2841 2895 omnis
2866 2838 3119 2908 populus,
3144 2845 3252 2890 tam
3278 2834 3399 2900 viri,
3421 2849 3587 2905 quam

2005 2940 2249 3000 feminae,
2288 2950 2569 2993 sermones
2600 2932 2714 2987 Dei.
2743 2930 3005 2999 Prmeipe,
3039 2938 3097 2982 ut
3128 2927 3440 2983 custodiant
3470 2941 3589 2979 ver-

2005 3032 2133 3087 bum
2161 3030 2274 3095 Dei,
2294 3028 2439 3099 quod
2465 3036 2549 3081 est
2575 3026 2628 3078 in
2657 3024 2744 3078 illa
2770 3020 3190 3092 lege..Quisquis
3217 3029 3395 3073 autem
3421 3017 3591 3073 viola-

2005 3124 2145 3178 verit
2169 3137 2334 3176 unum
2373 3135 2438 3173 ex
2484 3118 2604 3172 istis
2632 3114 2935 3186 praeceptis,
2965 3120 3084 3167 esto
3106 3110 3446 3167 maledictus.

2078 3213 2375 3283 Postquam
2402 3210 2583 3278 itaque
2615 3206 3002 3276 complevisset
3031 3202 3210 3260 Moses
3235 3201 3593 3272 scriptionem

2005 3305 2163 3377 legis,
2203 3303 2425 3358 tradidit
2466 3301 2613 3354 illam
2659 3297 2841 3353 Josuae
2881 3296 2994 3352 ﬁlio
3024 3293 3166 3354 Nun,
3211 3295 3581 3363 praecepitque

2005 3409 2067 3454 ut
2109 3396 2345 3453 traderet
2387 3409 2506 3449 eam
2549 3391 2674 3446 ﬁliis
2716 3390 2846 3445 Levi
2883 3387 3278 3444 sacerdmibus.
3324 3383 3590 3453 Praecepit

2005 3503 2225 3560 quoque
2254 3485 2361 3541 illis
2400 3484 2578 3538 Moses
2621 3492 2676 3537 et
2713 3480 2899 3551 jussit,
2935 3488 2994 3534 ut
3041 3486 3363 3548 reponerent
3389 3476 3587 3529 librum

2005 3579 2139 3649 legis
2179 3577 2322 3633 intra
2358 3589 2541 3629 arcam
2576 3570 2798 3627 fmderis
2835 3570 3083 3639 Domini,
3126 3578 3187 3625 ut
3227 3567 3303 3624 ibi
3346 3575 3592 3623 maneret

2005 3674 2061 3727 in
2096 3667 2470 3725 testimonium
2504 3665 2558 3719 in
2585 3674 2869 3719 aeternum.

2075 3761 2324 3831 Cumque
2361 3760 2524 3814 linem
2556 3755 2903 3826 praecipiendi
2944 3752 3165 3808 fecisset
3196 3749 3395 3815 Moses,
3421 3750 3590 3822 jussit
3650 3766 3653 3769 ·

2003 3855 2053 3910 ei
2084 3851 2229 3913 Deus
2266 3861 2330 3907 ut
2376 3849 2693 3905 ascenderet
2724 3847 2777 3901 in
2807 3855 3047 3900 montem
3081 3842 3255 3910 Nebo,
3287 3843 3382 3912 qui
3407 3852 3489 3896 est
3520 3857 3588 3894 ex

2006 3946 2238 4000 adverso
2273 3940 2512 3997 Jcricho.
2562 3936 2813 3993 Ostendit
2849 3935 2925 3990 illi
2974 3934 3237 3989 Dominus
3276 3935 3588 3988 universam

2006 4047 2209 4092 terram
2253 4031 2635 4105 promissionis
2680 4044 2711 4083 a
2758 4036 2996 4098 quatuor
3024 4025 3341 4081 cardinibus
3378 4025 3518 4093 ejus,
3558 4039 3591 4076 a

2005 4128 2220 4183 deserto
2248 4140 2421 4195 usque
2447 4125 2514 4179 ad
2543 4138 2714 4186 mare,
2750 4130 2803 4177 et
2848 4134 2879 4174 a
2924 4119 3063 4173 mari
3100 4132 3274 4187 usque
3304 4115 3371 4169 ad
3415 4130 3582 4168 mare.

2005 4218 2260 4287 Dixitque
2290 4217 2368 4270 illi
2402 4214 2547 4270 Deus
2580 4232 2593 4268 :
2626 4212 2710 4267 Tu
2754 4210 2972 4282 quidem
3010 4207 3158 4262 illam
3191 4206 3374 4261 vidisti
3416 4205 3590 4260 oculis

2008 4311 2138 4380 tuis,
2168 4319 2224 4365 at
2246 4323 2374 4364 vero
2399 4320 2747 4376 nequaquam
2791 4300 3112 4373 ingredieris
3142 4299 3194 4352 in
3236 4299 3409 4352 illam.
3447 4296 3591 4350 Mor-

2002 4412 2133 4458 tuus
2171 4411 2258 4458 est
2298 4401 2481 4470 itaque
2522 4398 2635 4453 illic
2675 4396 2875 4457 Moses,
2908 4408 3100 4448 servus
3138 4390 3254 4456 Dei,
3280 4391 3437 4460 jussu
3472 4388 3585 4443 Dei.

2005 4492 2074 4547 Et
2100 4491 2430 4562 sepelierunt
2468 4503 2592 4543 eum
2630 4483 2807 4554 angeli
2847 4482 2905 4538 in
2938 4488 3124 4537 monte
3151 4476 3334 4542 Nebo,
3365 4476 3460 4547 qui
3505 4485 3590 4529 est

2101 4584 2331 4640 adverso
2353 4580 2486 4636 Betb
2508 4578 2740 4648 Phegor.

2082 4676 2150 4734 Et
2194 4689 2355 4731 nemo
2403 4672 2556 4727 novit
2601 4666 2910 4739 sepulcrum
2952 4662 3071 4731 ejus
3112 4674 3287 4730 usque
3332 4658 3399 4713 ad
3443 4656 3590 4710 hunc

2012 4769 2176 4827 diem.
2203 4764 2507 4823 Uccultavit
2539 4761 2683 4816 enim
2712 4758 2858 4812 Deus
2891 4753 3201 4824 sepulcrum
3235 4751 3377 4820 ejus.

2084 4855 2234 4912 Vixit
2258 4865 2442 4911 autem
2473 4852 2652 4907 Moses
2679 4856 2896 4905 centum
2927 4855 2981 4902 et
3019 4841 3209 4913 viginti
3249 4854 3458 4907 annos;
3495 4855 3589 4892 tte-

2009 4966 2119 5020 que
2163 4948 2492 5019 caligaverat
2534 4943 2685 4998 visus
2730 4939 2871 5010 ejus,
2920 4950 3096 5006 neque
3140 4941 3428 5003 corrugata
3471 4938 3590 4983 erat

2008 5036 2168 5114 pellis
2193 5041 2374 5095 vultus
2401 5037 2541 5108 ejus.

2083 5135 2336 5190 Mortuus
2364 5129 2469 5185 fuit
2496 5127 2674 5183 Moses
2714 5124 2801 5181 die
2837 5122 3076 5194 quodam
3106 5118 3241 5172 hora
3272 5114 3430 5170 tertia
3458 5112 3585 5175 diei,

2013 5231 2246 5302 septimo
2276 5228 2364 5283 die
2389 5223 2594 5281 mensis
2630 5219 2876 5284 secundi,
2905 5217 2996 5287 qui
3021 5221 3104 5270 est
3129 5209 3330 5266 mensis
3351 5206 3482 5260 Jiar.

2087 5332 2153 5387 Et
2178 5328 2455 5387 lamentati
2484 5334 2612 5383 sunt
2642 5338 2806 5393 super
2826 5336 2890 5375 eo
2918 5318 3011 5373 ﬁlii
3039 5313 3252 5370 lsraelis
3280 5309 3335 5363 in
3369 5321 3586 5375 campe-

2006 5427 2217 5501 stribus
2238 5423 2397 5481 Moab
2423 5437 2517 5492 per
2543 5430 2651 5474 tres
2675 5417 2813 5471 dies.

411 5641 523 5711 (11)
554 5644 632 5696 ita
656 5639 892 5710 Targum
917 5635 1298 5692 OukelosGen.
1331 5649 1448 5698 vni,
1478 5633 1531 5688 4.
1560 5632 1794 5702 Targum
1821 5628 1915 5683 Jo-
2013 5629 2237 5698 Phaleg.
2272 5642 2324 5694 p.
2352 5623 2446 5678 22.

343 5712 740 5799 ωιξιὲηλνῬ·
807 5754 811 5759 -
929 5742 1022 5799 ,ξ

414 5796 526 5866 (12)
548 5786 625 5851 It'a
658 5786 893 5865 Targum
923 5791 1160 5846 Onkelos
1190 5788 1325 5844 Gen.
1357 5801 1479 5851 vni,
1506 5786 1560 5841 4.

411 5865 526 5952 (15)
544 5876 610 5934 ν.
629 5877 830 5933 Fuller.
856 5874 1008 5929 Μίδα.
1037 5872 1213 5937 Sacr.,
1234 5871 1328 5926 lib.
1358 5886 1393 5935 t,
1421 5886 1472 5925 c.
1497 5869 1553 5935 4,
1579 5875 1629 5924 ει
1657 5865 1908 5923 Bochart.

2087 5765 2200 5839 (is)
2236 5761 2351 5815 lioe
2367 5722 3050 5839 nominenltlohammedani
3082 5751 3213 5797 suas
3243 5731 3591 5791 Traditiones

2016 5824 2285 5908 appellant
2317 5836 2513 5901 praeter
2545 5824 2902 5882 Aliter-anum.

2123 5996 2153 6031 ο
