4128 6374
522 380 626 441 τη

1392 376 1455 432 s.
1488 361 1853 432 ntho'LvTI
1889 375 2039 432 OPP.
2079 374 2099 431 1

2201 373 2262 429 lS
2297 373 2342 432 Ι.
2380 407 2451 418 -
2481 373 2897 433 EXEGETICA.
3685 363 3794 419 713

595 502 967 577 Impletusque
992 501 1095 557 fuit
1120 498 1289 556 Josua
1332 499 1482 558 Illius
1506 497 1629 553 Nun
1661 499 1858 570 spiritu
1886 499 2108 569 sapien-
2136 504 2187 563 Α
2284 496 2432 553 Vixit
2459 507 2642 555 autem
2681 497 2851 555 Josua
2881 495 3026 553 ﬁlius
3057 494 3203 563 Nun,
3248 504 3467 552 centum
3501 505 3557 551 et
3595 495 3789 550 decem

520 596 644 664 tiae;
668 610 794 650 nam
820 594 993 649 Moses
1014 594 1347 662 imposuerat
1366 606 1588 646 manum
1611 605 1767 646 suam
1790 605 1953 661 super
1975 589 2085 644 illo.

523 688 591 744 Et
615 689 938 743 obcdierunt
964 687 1013 741 ei
1056 700 1247 741 omnes
1288 684 1383 739 lilii
1413 681 1653 739 lsraclis.
1692 682 2097 752 Admonuitque

523 779 669 836 Deus
709 779 933 835 Josuam
978 778 1149 832 tilium
1190 776 1314 833 Nun
1354 779 1443 834 die
1477 779 1738 851 quodam,
1778 791 1975 848 nempe
2011 776 2101 833 die

522 873 754 945 septimo
779 869 983 943 mensis
1006 867 1194 925 Nisan.

596 1032 709 1102 (15)
751 1030 1011 1104 Tempus.
1032 1045 1142 1100 quo
1169 1036 1426 1104 exaratus
1446 1027 1719 1104 est_co_tlex
1736 1023 2099 1104 Huntlingdo-

520 1096 742 1164 manus,
776 1096 927 1155 nutri.
950 1096 1131 1163 δόξει
1157 1114 1265 1165 quo
1293 1100 1407 1153 haec
1436 1097 1778 1167 potissimum
1806 1096 2100 1167 descripsi-

520 1189 665 1237 mus,
698 1175 778 1227 sic
806 1181 1030 1224 notatur
1054 1189 1069 1225 :
1093 1169 1223 1223 Fuit
1249 1165 1569 1236 autem—ﬁnis
1601 1165 2095 1237 scriptionighujus

519 1232 670 1311 legis,
713 1252 762 1296 et
806 1242 1151 1311 expositionis
1200 1232 1663 1311 eiusdentiultimo
1706 1232 1832 1306 (die)
1874 1232 2096 1311 Iishrin

518 1303 698 1382 primi,
729 1313 813 1365 die
853 1303 1167 1365 Parasceres
1203 1303 1469 1382 (Veneris)
1513 1307 1644 1361 hora
1675 1303 1833 1382 noua.
1864 1303 2097 1373 Eratque

520 1377 690 1435 annus
709 1382 1023 1434 millesimus
1052 1380 1512 1451 octingentesimus
1528 1377 2096 1451 Aoctogesimusltonu‘s.

522 1452 628 1575 ﬁer
669 1468 885 1505 manum
919 1443 1363 1521 contemptibilem
1403 1449 1539 1503 servi
1579 1443 1678 1502 Dei
1716 1444 1832 1501 Kas
1874 1443 2101 1515 Marpha

580 1538 687 1575 am.

580 1538 687 1576 am.

592 1594 652 1647 In
697 1593 803 1647 line
845 1592 1055 1662 paginae
1086 1589 1345 1662 Arabicis
1384 1588 1597 1662 litteris
1622 1586 1739 1642 haec
1781 1584 2097 1662 habentur;

525 1661 753 1730 Operam
785 1654 1041 1716 (la-baumus
1074 1661 1195 1713 huic
1240 1658 1377 1711 libro
1419 1659 1681 1712 benedicta
1722 1658 1921 1725 optimo
1942 1654 2102 1779 λεαί-

525 1732 730 1779 bendal-
764 1734 971 1779 nomine
1002 1730 1194 1779 liussul
1231 1728 1487 1779 Schamas
1532 1729 1633 1779 lbn
1667 1725 1782 1779 Kac
1811 1724 1940 1779 lbra
1979 1727 2100 1779 inte

522 1724 730 1798 bendo),
764 1734 971 1785 nomine
1002 1730 1194 1800 (jussu)
1231 1728 1487 1782 Schamas
1532 1729 1633 1781 [θη
1667 1724 1782 1781 Kac
1811 1724 2100 1780 Ibrahime

521 1802 733 1855 civitate
762 1798 1099 1857 celeberrima
1122 1798 1352 1854 Kathor.
1392 1801 1578 1852 Amen.

2212 606 2403 659 annos,
2435 601 2490 648 et
2517 601 2766 648 mortuus
2791 600 2874 647 est
2900 590 2989 646 die
3023 585 3364 661 quarto,'qui
3395 588 3501 643 fuit
3526 589 3643 644 dies
3675 590 3788 658 pri-

2208 698 2332 738 mus
2364 684 2570 739 mensis
2617 682 2757 736 Elui.
2806 682 2873 737 Et
2918 681 3252 751 sepelierunt
3290 695 3419 735 eum
3468 680 3527 736 in
3569 681 3789 745 civitate

2208 770 2672 828 Tbamnatserach
2703 771 2755 824 in
2789 777 2973 825 monte
3004 769 3287 840 prraim.

2279 864 2425 920 Laus
2452 862 2563 920 Deo
2587 879 2688 935 pro
2709 864 3036 936 perleCtione
3062 862 3285 934 (Operis)
3328 861 3462 933 (l5).

2275 1019 2533 1076 Continet
2561 1018 2691 1074 folia
2715 1019 2841 1074 2M).

2273 1090 2424 1145 Alter
2461 1092 2629 1144 codex
2676 1091 2817 1144 inter
2863 1088 3185 1144 Bodleianos
3222 1086 3518 1144 num.’NE.
3547 1102 3601 1142 c.
3637 1086 3691 1142 3.
3724 1088 3778 1142 3.

2205 1162 2287 1219 sit:
2315 1162 2501 1216 habet:
2526 1160 2653 1213 Fuit
2687 1161 2807 1228 ﬁnis
2834 1158 3147 1229 exemplaris
3179 1161 3337 1227 hujus
3367 1158 3490 1210 libri
3520 1158 3782 1211 benedicti

2201 1232 2651 1304 prastantissimi,
2677 1247 2817 1304 anno
2848 1230 3125 1304 millesimo
3162 1229 3583 1304 octmgentesimo
3613 1243 3784 1304 ηοηςιτ

2202 1300 2398 1374 ζιεδίηιο
2436 1300 2869 1374 Δρι’ίεηο-ιῖηεοςο2
2895 1314 2959 1352 ex
3001 1301 3152 1352 annis
3191 1301 3318 1370 (sive
3357 1303 3488 1374 tera)
3520 1300 3784 1374 Ascandri

2206 1369 2378 1428 Ἐνιπεῖ
2413 1372 2513 1439 ﬁlii
2538 1371 2792 1440 Philippi.
2841 1369 3007 1440 quue
3038 1385 3128 1439 per
3159 1387 3372 1427 manum
3405 1370 3628 1423 hominis
3659 1386 3783 1429 con-

2206 1441 2533 1511 temptibilis,
2571 1443 2973 1510 peccatoris.....
3007 1441 3094 1509 qui
3132 1442 3321 1511 dignus
3368 1457 3469 1494 non
3498 1449 3594 1511 est,
3632 1440 3785 1507 cujus

2207 1510 2391 1568 nomen
2420 1514 2745 1582 inscribatur
2765 1512 2899 1563 libro
2922 1510 3213 1579 spirituali,
3237 1510 3411 1582 qualis
3434 1521 3511 1563 est
3542 1510 3646 1582 hic.

2275 1582 2343 1636 Et
2371 1584 2424 1637 in
2459 1583 2701 1650 margine
2735 1581 2871 1635 idem
2902 1577 3079 1635 annus
3115 1577 3332 1635 notatur
3368 1580 3666 1634 numericis
3694 1577 3787 1650 lit-

2206 1654 2361 1709 teris.
2398 1649 2669 1708 Scribebat
2700 1654 2840 1706 anno
2875 1651 3006 1707 1891
3043 1650 3349 1706 ercorum
3385 1652 3441 1706 in
3479 1651 3667 1706 Berea
3706 1649 3788 1703 cis-

2204 1723 2386 1777 vitate.

2274 1792 2534 1850 Continet
2562 1789 2692 1847 folia
2726 1792 2856 1847 254.

1741 2071 1869 2161 IN
1948 2066 2528 2162 PSALMOS.

614 2255 809 2319 (Simon
832 2269 892 2303 ne
917 2254 1195 2316 ﬂammis,
1219 2258 1341 2306 Acta
1361 2261 1638 2322 martyrum
1659 2253 1972 2316 Ostiensium,

2201 2252 2247 2377 1).,
2270 2264 2321 2314 p.
2355 2249 2466 2312 439,
2493 2262 2559 2300 ex
2591 2262 2685 2300 ms.
2717 2249 3037 2302 Casanatensi
3059 2249 3119 2303 Ο.
3152 2249 3195 2308 Ι,
3220 2251 3282 2303 10
3304 2266 3413 2303 cum
3452 2254 3693 2305 Vaticano

520 2423 933 2478 HIPPOLYTI
999 2422 1356 2481 EPISCOPI
1409 2423 1645 2480 ΠΟΜιΕ
1704 2422 2096 2480 ARGUMEN-

663 2492 816 2549 TUM
858 2493 1425 2552 ENARRATIONIS
1465 2494 1554 2550 IN
1588 2495 1949 2552 PSALMUS.

2200 2420 2427 2479 ιΠΠΟΛ
2441 2419 2634 2471 ΥΤΟΥ
2667 2419 2812 2472 ΤΟΥ
2841 2420 3277 2473 ΕΠΙΣΚΟΠΟΥ
3305 2423 3560 2476 ΡΩΜΗΣ
3606 2424 3787 2478 ΥΠΟ-

2269 2490 2490 2561 ΘΕΣΙΣ
2523 2490 2937 2544 ΔΙΗΓΗΣΕΩΣ
2961 2493 3088 2545 ΕΙΣ
3116 2493 3300 2546 ΤΟΥΣ
3332 2494 3591 2547 ΨΑΛΜΟ
3604 2496 3711 2548 ΥΣ.

589 2606 633 2662 1.
672 2607 1017 2664 Psalmorum
1056 2607 1194 2663 liber
1230 2623 1429 2664 novam
1467 2608 1712 2664 continet
1746 2607 2092 2679 disciplinam

2265 2603 2348 2658 ΔΙ.
2401 2602 2467 2656 Ἠ
2516 2601 2699 2673 βίϐλος
2738 2602 2847 2657 τῶν
2893 2602 3143 2675 Ψαλμῶν
3186 2605 3379 2677 καινὴν
3433 2605 3787 2662 διδασκαλίαν

516 2710 642 2771 post
674 2701 845 2773 legem
874 2714 907 2753 a
936 2697 1089 2754 Mose
1118 2697 1307 2765 latam,
1338 2698 1584 2770 alterque
1612 2699 1752 2754 adeo
1776 2698 2097 2769 praeceptio-

518 2807 651 2847 num
697 2792 834 2847 liber
883 2806 917 2847 a
949 2787 1237 2862 Scriptura
1271 2788 1442 2847 Mosis
1484 2791 1737 2845 babetur.
1782 2787 1922 2845 Nam
1974 2799 2099 2861 post

518 2882 689 2940 Mosis
733 2897 799 2938 ac
834 2881 1002 2938 Josue
1023 2882 1264 2947 obitum,
1298 2890 1427 2953 post
1461 2882 1627 2937 etiam
1672 2881 1888 2953 judices
1926 2879 2099 2936 David

516 2983 764 3040 exortus,
806 2972 1010 3043 dignus
1058 2973 1320 3029 nimirum
1354 2973 1611 3041 habitus,
1655 2973 1752 3043 qui
1800 2970 2099 3035 Salvatoris

517 3078 675 3136 pater
706 3063 893 3120 divino
926 3063 1151 3119 oraculo
1186 3062 1582 3137 appellaretur,
1614 3078 1817 3118 novum
1848 3061 2101 3118 Psalmoo

519 3157 846 3213 eoncinendi
883 3156 1104 3219 modum
1130 3156 1342 3228 primus
1383 3157 1602 3213 tradidit
1625 3154 1890 3224 Hebraeis,
1924 3171 2099 3229 eoque

516 3248 776 3304 convellit
800 3248 1021 3318 quidem
1049 3262 1174 3321 quae
1201 3263 1231 3303 a
1264 3246 1417 3306 Mose
1447 3247 1668 3303 fuerant
1705 3247 1775 3302 de
1812 3247 2099 3304 sacriﬁciis

516 3338 635 3409 lege
658 3338 891 3406 sancita,
926 3352 1125 3392 novam
1151 3346 1333 3393 autem
1362 3335 1455 3409 Dei
1487 3335 1702 3392 colendi
1737 3335 1972 3391 formam
2003 3351 2101 3406 per

518 3426 755 3497 hymnos
786 3434 843 3481 et
889 3426 1315 3482 acclamationes
1341 3425 1657 3499 introducit,
1689 3425 1905 3496 aliaque
1942 3426 2099 3497 plura

518 3517 686 3574 Musis
736 3518 911 3588 legem
961 3518 1347 3587 exsuperantia
1383 3519 1438 3573 in
1493 3532 1597 3573 suo
1636 3531 1800 3587 opere
1844 3517 2099 3595 universo

520 3611 699 3666 docet.
731 3608 911 3679 Atque
934 3608 1052 3663 btec
1085 3624 1219 3665 sane
1245 3605 1411 3664 fuerit
1451 3608 1579 3665 libri
1618 3607 1904 3674 sanctitas,
1937 3618 2101 3678 atque

519 3701 764 3768 utilitas;
796 3700 1173 3771 inscriptionis
1207 3712 1390 3756 autem
1427 3701 1568 3755 ratio
1600 3701 1716 3757 haec
1748 3700 1921 3775 fuisse
1944 3702 2100 3773 vide-

520 3804 649 3849 tur:
681 3793 1128 3864 quandoquidem
1167 3793 1416 3864 plerique
1452 3792 1684 3865 fratrum
1710 3795 1807 3865 qui
1845 3794 1901 3849 in
1934 3792 2099 3869 Chri-

520 3895 666 3942 stum
696 3885 1066 3953 crediderunt,
1095 3886 1243 3940 bunc
1271 3885 1469 3940 librum
1492 3892 1686 3955 putant
1712 3899 1833 3942 esse
1854 3884 2098 3959 Davidis,

517 3976 577 4030 in
618 3987 794 4044 eoque
824 3973 1133 4029 inscribunt
1172 3972 1382 4028 Psalmi
1419 3974 1676 4042 Davidis,
1711 3975 1844 4047 quid
1882 3990 1988 4031 nos
2032 3976 2102 4031 de

520 4065 627 4119 hoc
678 4065 800 4133 ipso
853 4064 1250 4136 acceperimus,
1303 4065 1671 4121 enarrandum
1728 4060 1832 4121 est.
1885 4063 2101 4121 Hebraei

522 4151 745 4206 titulum
794 4151 925 4208 huic
973 4152 1238 4207 volumini
1294 4153 1852 4227 circumscripserunt
1897 4153 2101 4226 Sep/ira

522 4240 748 4309 Thetim,
787 4243 1128 4314 proindequc
1169 4243 1227 4298 in
1271 4244 1501 4302 Actibus
1552 4245 1925 4317 apostolorum
1966 4245 2102 4301 liber

520 4333 866 4390 Psalmorum
904 4335 1108 4391 dicitur
1135 4335 1329 4408 (locus
1364 4347 1551 4399 autem
1581 4337 1657 4393 ita
1689 4353 1750 4395 se
1786 4338 1990 4394 habet:
2029 4335 2100 4394 Ut

520 4428 775 4495 scriptum
799 4437 876 4483 est
904 4428 959 4482 in
995 4427 1130 4484 libro
1162 4426 1559 4500 Psalmorum),
1593 4428 1689 4485 sed
1752 4444 1955 4485 nomen
2000 4444 2102 4487 att-,-

520 4517 691 4571 ctoris
717 4516 920 4573 ibidem
954 4517 1323 4586 desideratur,
1361 4518 1523 4591 idque
1543 4535 1610 4576 ea
1636 4521 1704 4576 de
1729 4535 1919 4585 causa,
1952 4519 2101 4597 quod

520 4620 633 4662 non
682 4606 848 4662 unius
895 4616 1111 4665 tantum
1166 4623 1451 4666 sermones
1498 4610 1606 4666 hoc
1653 4610 1775 4689 ipso
1821 4611 2099 4668 volumine

520 4704 653 4750 sunt
682 4695 846 4764 editi;
882 4697 978 4752 sed
1021 4697 1260 4767 plurium
1299 4698 1486 4775 fuere,
1520 4709 1584 4756 ut
1626 4710 1711 4757 est
1754 4716 1787 4757 a
1822 4702 2099 4759 veteribus

522 4787 807 4853 traditum,
844 4787 914 4842 ab
943 4787 1115 4844 Esdra
1152 4789 1405 4859 collecti;
1438 4791 1534 4862 qui
1571 4802 1694 4862 post
1725 4793 2099 4865 captivitatem

520 4876 577 4932 in
612 4892 784 4931 unum
815 4876 1023 4949 redegit
1050 4879 1350 4936 multorum
1374 4883 1617 4952 psalmos
1643 4884 1758 4955 sive
1785 4885 1949 4941 etiam
1977 4900 2101 4959 ser-

520 4980 751 5034 mones,
820 4982 949 5022 cum
1004 4968 1203 5039 psalmi
1252 4984 1481 5040 prorsus
1540 4986 1733 5030 omnes
1798 4989 1911 5030 non
1964 4975 2098 5033 sint.

519 5047 889 5126 Quamobrem
914 5061 1191 5117 nonnullis
1224 5062 1384 5134 plane
1401 5061 1623 5133 Davidis
1646 5066 1992 5137 praemissum
2015 5076 2102 5123 est

523 5166 762 5221 nomen;
810 5151 1087 5222 aliquibus
1142 5162 1329 5210 autem
1399 5153 1748 5223 Salomonis;
1801 5158 1925 5213 aliis
1967 5172 2100 5214 vero

2195 2694 2441 2767 περιέχει
2487 2692 2626 2766 μετὰ
2670 2692 2769 2765 τὴν
2821 2695 3105 2760 Μωῦσὲως
3152 2696 3507 2768 νομοθεσίαν
3564 2700 3659 2753 καὶ
3702 2701 3793 2754 ὃτι

2195 2787 2422 2859 δευτέρα
2477 2786 2617 2858 μετὰ
2674 2788 2774 2859 τὴν
2829 2789 3109 2853 Μωῦσέως
3150 2789 3374 2863 Γραφὴν
3433 2792 3791 2866 διδασκαλικὴ

2200 2877 2380 2950 βίϐλος
2408 2880 2684 2950 τυγχάνει.
2708 2880 2863 2934 Μετὰ
2889 2881 3019 2950 γοῦν
3037 2883 3133 2953 τὴν
3154 2885 3434 2950 Μωῦσὲως
3486 2887 3580 2940 καὶ
3612 2887 3683 2958 ’1η
3694 2887 3791 2941 σοῦ

2198 2968 2475 3042 τελευτὴν,
2520 2969 2616 3025 καὶ
2662 2972 2802 3042 μετὰ
2831 2975 2956 3037 τοὺς
3008 2974 3203 3045 κριτὰς
3248 2977 3412 3031 Δαυὶδ
3458 2978 3790 3049 γενόμενος,

2198 3058 2402 3113 ὡσανεὶ
2425 3058 2520 3114 τοῦ
2550 3061 2804 3133 Σωτῆρος
2833 3064 2994 3128 αὐτὸς
3034 3067 3373 3137 χρηματίσαι
3401 3070 3584 3141 πατὴρ
3618 3088 3795 3124 καταο

2199 3148 2444 3217 ξιωθεὶς,
2478 3152 2665 3207 καινὸν
2708 3155 2908 3228 τρόπον
2956 3156 3047 3210 τὸν
3079 3159 3176 3230 τῆς
3208 3159 3525 3233 ψαλμῳδίας
3572 3163 3795 3235 πρῶτος

2213 3241 2488 3315 Ἑϐραίοις
2530 3244 2848 3315 παρέδωκε,
2883 3247 2950 3300 δι’
2993 3244 3063 3320 ἧς
3106 3251 3322 3323 ἀναιρεῖ
3368 3253 3466 3324 μὲν
3522 3253 3593 3307 τὰ
3636 3259 3795 3328 παρὰ

2198 3332 2412 3404 Μωῦσῇ
2443 3334 2574 3405 περὶ
2605 3332 2805 3390 θυσιῶν
2837 3338 3332 3411 νενομοθετημένα,
3381 3344 3566 3398 καινὸν
3605 3344 3662 3398 δὲ
3698 3347 3794 3401 τὸν

2199 3423 2269 3477 δι’
2306 3423 2525 3496 ὓμνων,
2575 3427 2670 3481 καὶ
2720 3426 3052 3500 ἀλαλαγμῶν
3100 3433 3303 3503 τρόπον
3353 3435 3456 3504 τῆς
3497 3435 3593 3489 τοῦ⁹
3648 3436 3788 3491 Θεοῦ

2199 3516 2454 3590 λατρείας
2483 3521 2711 3590 εἰσάγει,
2758 3524 2853 3577 καὶ
2889 3524 3022 3579 ἄλλα
3049 3524 3105 3579 δὲ
3133 3528 3360 3582 πλεῖστα
3388 3530 3481 3584 τὸν
3509 3532 3789 3596 Μωῦσέως

2199 3610 2363 3682 νόμον
2394 3612 2867 3685 ἐπαναϐεϐηκότα,
2918 3616 2988 3670 δι’
3015 3617 3142 3690 ὅλης
3183 3620 3349 3673 αὐτοῦ
3391 3622 3493 3693 τῆς
3531 3622 3793 3696 πραγμα-

2199 3702 2351 3767 τείας
2384 3702 2643 3758 διδάσκει.
2694 3706 2806 3759 Καὶ
2845 3706 2985 3780 αὕτη
3044 3710 3142 3781 μὲν
3180 3712 3281 3783 τῆς
3328 3712 3512 3784 βίϐλου
3548 3716 3785 3784 ὁσιότης,

2202 3791 2383 3845 καὶτὸ
2411 3794 2708 3865 χρήσιμον·
2754 3796 2788 3867 ἡ
2818 3795 2874 3849 δὲ
2919 3798 3071 3852 αἰτία
3119 3801 3220 3872 τῆς
3250 3803 3565 3877 ἐπιγραφῆς
3611 3806 3780 3879 αὕτη·

2202 3883 2392 3956 ἐπειδὴ
2420 3884 2662 3941 πλεῖστοι
2705 3888 2814 3942 τῶν
2847 3890 3094 3963 ἀδελφῶν
3120 3896 3199 3958 είς
3229 3896 3462 3967 Χριστὸν
3491 3914 3787 3952 πεπιστευ-

2202 3971 2375 4045 κότων
2397 3973 2601 4029 οἴονται
2622 3975 2722 4047 τὴν
2750 3976 2931 4048 βίϐλον
2960 3981 3165 4055 ταύτην
3183 3983 3277 4036 τοῦ
3306 3985 3471 4038 Δαυὶδ
3497 3987 3787 4060 ὑπάρχειν,

2201 4066 2569 4139 ἐπιγράφουσι
2602 4086 2664 4123 τε
2696 4072 2866 4145 αὐτὴν
2888 4113 2904 4140 ,
2938 4074 3175 4145 Ψάλμω
3204 4078 3310 4132 τοῦ
3338 4079 3541 4147 Δαυὶδ,
3568 4079 3789 4135 λεκτέον

2199 4156 2269 4212 τὰ
2302 4160 2384 4221 είς
2428 4160 2577 4232 ἡμᾶς
2603 4161 2900 4234 ἐληλυθότα
2943 4169 3072 4239 περὶ
3100 4169 3284 4241 αὐτῆς.
3324 4171 3559 4242 Ἑϐραῖοι
3598 4176 3787 4245 περιέ·
3828 4162 3831 4169 ’

2200 4253 2419 4326 γραψαν
2435 4255 2536 4328 τὴν
2560 4254 2742 4327 βίϐλον
2764 4258 2963 4328 Σεφρὰ
2979 4262 3210 4331 suam,
3238 4264 3296 4316 ἐν
3316 4263 3374 4317 δὲ
3401 4267 3526 4328 ταῖς
3545 4266 3784 4339 Πράξεσι

2198 4344 2312 4400 τῶν
2364 4347 2715 4415 ἀποστόλων,
2758 4351 2979 4420 βίϐλος
3043 4353 3311 4423 Ψαλμῶν
3366 4353 3509 4409 εἶναι
3567 4357 3782 4425 λέγεται

2202 4434 2358 4507 (ἔχει
2388 4436 2446 4490 δὲ
2474 4439 2509 4510 ἡ
2551 4438 2697 4506 λέξις
2724 4440 2929 4507 οὕτως’
2972 4443 3071 4512 Ὠς
3111 4446 3433 4516 γέγραπται
3478 4448 3551 4502 ἐν
3586 4450 3781 4512 ,βίϐλῳ
3804 4456 3817 4463 ’

2199 4524 2321 4581 τῶν
2355 4530 2677 4603 Ψαλμῶν),
2724 4532 2897 4607 ὄνομα
2927 4536 2983 4590 δὲ
3025 4537 3086 4589 ὲν
3131 4541 3199 4610 τῇ
3233 4539 3511 4612 ἐπιγραφῇ
3552 4539 3646 4594 τοῦ
3699 4542 3782 4612 βι-

2201 4614 2375 4686 ϐλίου,
2409 4619 2472 4672 οὐ
2502 4623 2677 4677 κεῖται
2739 4624 2975 4679 ἐνταῦθα
2998 4642 3014 4657 '
3046 4627 3080 4697 ἡ
3128 4626 3186 4679 δὲ
3225 4627 3374 4682 αίτία
3397 4668 3413 4691 ,
3453 4628 3517 4681 τὸ
3550 4628 3622 4701 μὴ
3666 4629 3785 4692 ἐνὸς

2200 4706 2394 4778 λόγους
2417 4711 2835 4785 ἀναγεγράφθαι
2853 4717 2949 4770 ἐπὶ
2976 4715 3156 4783 τοῦτο,
3191 4718 3327 4773 ἀλλὰ
3361 4720 3627 4774 πλειόνων
3657 4738 3787 4775 συν-

2203 4798 2465 4872 ειλὲχθαι,
2492 4801 2587 4856 τοῦ
2618 4805 2845 4877 Ἔσδρα,
2874 4806 2951 4870 ὡς
2974 4810 3031 4861 αἱ
3064 4809 3391 4880 παραδόσεις
3423 4813 3609 4880 φασὶν,
3650 4811 3790 4883 μετὰ

2201 4892 2302 4963 τὴν
2343 4895 2719 4966 αἰχμαλωσίαν
2764 4901 3165 4970 συναγαγόντος
3209 4900 3460 4974 ψαλμοὺς
3527 4904 3792 4959 πλειόνων

2203 4983 2284 5047 είς
2305 4981 2385 5049 ἓν,
2416 4983 2449 5056 ἢ
2473 4986 2568 5040 καὶ
2588 4985 2799 5057 λόγους,
2822 4990 2885 5044 οὐ
2913 4991 3133 5056 πάντως
3164 4980 3325 5057 ὄντας
3351 4993 3622 5065 ψαλμούς.
3648 4995 3791 5065 Προ-

2203 5075 2465 5133 τέτακται
2499 5078 2631 5147 γοῦν
2675 5081 2773 5134 ἐπὶ
2825 5083 2924 5154 μὲν
2953 5083 3116 5138 τινῶν
3145 5084 3207 5138 τὸ
3249 5086 3416 5140 Δαυὶδ
3456 5086 3647 5156 ὄνομα,
3690 5086 3789 5138 ἐπὶ

2201 5167 2260 5220 δὲ
2281 5169 2483 5238 ἐτέρων
2508 5170 2571 5224 τὸ
2597 5171 2976 5245 Σολομῶντος,
3010 5176 3105 5229 καὶ
3131 5176 3224 5230 ἐπὶ
3243 5177 3419 5233 ἄλλων
3456 5177 3550 5230 τοῦ
3591 5176 3784 5243 Ἀσάφ.

524 5244 731 5315 Asaph.
765 5243 907 5301 Sunt
942 5246 1109 5301 etiam
1155 5244 1395 5304 lditbum
1427 5249 1649 5320 quidam
1671 5291 1689 5315 ,
1726 5260 2098 5321 praetereaque

2204 5258 2327 5313 Είσὶ
2356 5260 2416 5315 δὲ
2462 5263 2558 5316 καὶ
2599 5263 2696 5317 τοῦ
2738 5243 2989 5338 Ἶδιθοὺμ
3026 5269 3193 5334 τινὲς,
3228 5270 3322 5323 καὶ
3366 5268 3516 5340 παρὰ
3562 5267 3787 5341 τούζεους

522 5336 620 5429 alii
663 5336 901 5392 ﬁliorum
941 5335 1106 5407 Core,
1140 5339 1606 5410 quemadmodum
1648 5350 1703 5397 et
1744 5340 1927 5397 Mosis.
1960 5340 2099 5399 Tam

2205 5350 2355 5405 ἄλλοι
2380 5351 2651 5423 τῶνζυίῶν
2695 5357 2842 5429 Κορὲ
2861 5398 2876 5424 ,
2906 5335 2985 5423 ὡς
3034 5360 3127 5413 καὶ
3180 5335 3479 5424 Μωῦσέως.
3527 5335 3790 5413 Τῶννοῦν

524 5423 712 5497 itaque
738 5429 1037 5485 multorum
1060 5429 1114 5484 in
1139 5445 1309 5486 unum
1330 5446 1532 5502 corpus
1559 5431 1767 5488 redacti
1788 5446 2100 5502 sermones,

523 5531 638 5573 non
692 5520 884 5592 utique
933 5521 1005 5577 ab
1034 5521 1249 5579 erudito
1297 5523 1464 5580 unius
1507 5522 1732 5583 Davidis
1778 5539 1904 5582 esse
1953 5526 2102 5583 dice-

525 5616 738 5664 rentur.

599 5697 668 5755 ll.
708 5698 784 5756 De
816 5700 905 5758 his
939 5716 1071 5759 vero
1097 5703 1195 5775 qui
1241 5704 1399 5762 titulo
1445 5717 1666 5777 carent,
1712 5706 2103 5781 inquirendum

526 5791 748 5849 cuinam
773 5806 867 5854 eos
891 5793 1163 5856 ascribere
1188 5806 1476 5869 oporteat:
1518 5817 1682 5862 eccur
1717 5803 1865 5862 enim
1888 5802 1959 5864 iis
1988 5818 2102 5865 nou

2204 5442 2475 5500 τοσούτων
2504 5447 2598 5500 ἐπὶ
2638 5444 2702 5501 τὸ
2738 5448 2870 5503 αὐτὸ
2900 5451 3256 5522 συναχθέντες
3287 5454 3337 5506 oi
3377 5450 3547 5521 λόγοι,
3587 5453 3689 5506 οὐκ
3719 5452 3789 5507 ἂν

2208 5533 2314 5588 ὑπὸ
2336 5534 2433 5590 τοῦ
2455 5536 2655 5603 εἰδότος
2684 5538 3124 5612 λέγοιντοιμόνου
3156 5544 3252 5597 τοῦ
3283 5544 3465 5600 Δαυίδ.

2274 5714 2352 5770 B'.
2405 5716 2675 5788 Ζητητέον
2720 5718 2778 5771 δὲ
2830 5716 2971 5791 step):
3002 5721 3114 5775 τῶν
3171 5722 3591 5794 ἀνεπιγράτων,
3644 5722 3790 5786 τινὸς

2206 5807 2401 5874 αὐτοὺς
2430 5809 2535 5881 χρὴ
2566 5810 2837 5866 ὑπονοεῖν·
2886 5815 3027 5868 δια-εί
3058 5813 3168 5885 γὰρ
3198 5816 3246 5868 κ’
3282 5815 3347 5871 ἂν
3374 5819 3406 5887 ἡ
3438 5816 3787 5886 ἁπλουστάτη
