4128 6382
368 323 471 377 713

1337 306 1759 371 FRAGMENTA
1809 306 2037 366 DUBIA.
2066 337 2138 347 —-
2173 304 2244 363 IN
2274 301 2608 361 PSALMOS.

3488 300 3601 374 ἰιι
3646 268 3649 271 ’

368 439 727 515 ὲπιγραφὴού
757 434 1046 513 πρόκειται
1079 440 1278 502 αὐτῶν,
1308 440 1428 510 ἥτις
1454 435 1624 499 οὕτως
1652 435 1785 506 ἔχει,
1822 430 1923 487 Τοῦ

2031 427 2362 499 praeponitur
2410 426 2496 482 vel
2536 422 2950 495 simplicissima
3003 419 3286 492 inscriptio
3328 420 3386 476 in
3447 421 3593 478 hunc

364 535 545 599 Δαυίᾷ
570 534 829 604 ψαλμὸς,
861 534 894 605 ἢ
932 532 1045 587 Τοῦ
1069 531 1268 597 Δανυὶδ,
1295 531 1463 602 χωρὶς
1491 531 1670 599 πάσης
1695 526 1931 599 προσθή-

364 643 501 699 mg;
547 625 952 697 Ὑπενοήσαμεν
996 623 1054 678 δὲ
1093 625 1227 677 ὅπου
1270 622 1410 694 αὕτη
1462 621 1595 693 μόνη
1652 620 1927 689 ἐπιγραφή

363 721 531 786 ἐστιν,
563 719 645 773 ὅτι
673 716 798 772 οὔτε
825 717 1036 787 eum;
1064 714 1179 768 ἐστι
1210 712 1273 768 τὸ
1301 708 1621 787 λεγόμενονέ
1641 710 1762 765 οὔτε
1796 710 1926 782 ᾠδὴ,

363 809 499 864 ἀλλὰ
524 809 683 879 λόγος
712 825 796 871 τις
825 809 882 874 ἐξ
914 807 1069 873 ἁγίου
1092 806 1425 879 Πνεύματος,
1450 805 1715 876 ὡφελείας
1745 805 1928 857 ’ἐνεκεν

361 902 463 973 τῆς
490 900 583 955 τοῦ
612 898 906 972 δυναμένου
934 900 1168 953 συνιέναι
1199 898 1703 969 ἀναγεγραμμένος.
1727 892 1928 948 ’Ἦλθεν

361 994 419 1047 δὲ
477 995 558 1058 είς
618 993 719 1064 ἐμὲ
780 992 1031 1065 Ἐϐραίου
1086 989 1230 1054 τινὸς
1289 990 1586 1061 παράδοσις
1632 988 1756 1058 περὶ
1818 985 1927 1038 τῶν

359 1080 704 1135 τελευταίωνο
736 1081 856 1133 ἐπεὶ
888 1080 996 1154 γὰρ
1024 1081 1208 1135 πολλοὶ
1247 1077 1384 1153 ἦσαν
1414 1078 1771 1150 ἁνεπίγραφοι
1795 1117 1810 1142 ,
1848 1069 1929 1139 εἷς

358 1173 417 1227 δὲ
446 1176 474 1228 ὁ
523 1172 629 1247 πρὸ
654 1174 855 1228 τούτων
878 1175 986 1227 τῶν
1024 1173 1406 1246 ἀνεπιγράφων
1441 1170 1748 1243 ἐπιγραφὴν
1793 1169 1923 1240 ἔχει,

366 1265 478 1319 Τοῦ
509 1265 721 1331 Δαυίδ,
760 1264 943 1334 ἔλεγεν
985 1265 1269 1329 κάκείνους
1299 1266 1407 1319 ἀπὸ
1441 1263 1619 1318 κοινοῦ
1658 1257 1925 1332 λαμϐανο-

361 1354 588 1427 μένους,
636 1355 730 1409 τοῦ
776 1356 937 1411 Δαυὶδ
980 1358 1174 1420 αὐτοὺς
1220 1357 1328 1410 δεῖν
1369 1355 1700 1428 νομίζεσθαι.
1736 1353 1846 1409 Καὶ
1878 1356 1925 1407 εί

357 1447 504 1501 τοῦθ’
547 1444 750 1513 οὕτως,
805 1448 1092 1502 ἀκόλουθόν
1140 1451 1287 1502 ἐστιν
1312 1489 1326 1513 ,
1358 1450 1484 1512 τοὺς
1528 1446 1926 1519 ἀνεπιγράφους

359 1530 582 1592 ἐκείνων
610 1534 771 1605 εἷναι,
794 1532 870 1595 ὧν
902 1541 951 1593 οί
981 1540 1087 1613 πρὸ
1117 1539 1296 1595 αὐτῶν
1324 1538 1465 1593 κατὰ
1488 1540 1589 1610 τὴν
1617 1539 1923 1612 ἐπιγραφὴν

261 1701 271 1711 _
358 1630 539 1694 καλῶς
570 1632 707 1685 εἰσὶν
756 1632 1149 1704 νενομισμένοι.
1199 1631 1504 1704 Ψαλτηριον
1543 1633 1599 1686 δὲ
1637 1632 1734 1705 τὴν
1781 1650 1922 1704 παρ-

356 1721 522 1775 οὖσαν
578 1722 685 1776 τῶν
729 1722 973 1795 Ψαλμῶν
1020 1724 1198 1795 βίϐλον
1245 1727 1274 1779 ὁ
1305 1725 1594 1796 Προφήτης
1636 1724 1920 1796 ὠνόμασε,

358 1811 546 1883 ἐπειδὴ
591 1811 749 1885 μόνον
801 1814 933 1883 φασὶ
997 1815 1089 1868 ἐπὶ
1145 1816 1258 1878 τοῖς
1330 1818 1605 1886 μουσικοῖς
1673 1816 1922 1887 ὀργάνοις

359 1901 565 1958 ἄνωθεν
596 1903 917 1976 ἐπιφέρεται
944 1903 1035 1956 τὸν
1064 1902 1387 1976 ἐνεργοῦντα
1414 1902 1611 1974 χαλκὸν
1642 1903 1738 1974 τὴν
1778 1904 1923 1974 ἀπή-

358 2012 537 2068 χησιν,
565 1995 659 2050 καὶ
685 1995 783 2049 οὐκ
823 1996 887 2049 ὲκ
925 1995 1030 2050 τῶν
1073 1995 1249 2060 κάτω,
1278 1998 1389 2060 τοῖς
1423 1995 1598 2059 ἄλλοις
1629 1996 1919 2066 παραπλη-

363 2085 509 2150 σίως.
530 2086 645 2140 Ἵνα
665 2081 758 2142 οὖν
786 2086 886 2159 τὴν
912 2086 1200 2155 ἀναλογίαν
1228 2087 1325 2158 τῆς
1352 2086 1603 2157 τοιαύτης
1631 2087 1922 2157 ὀνομασίας

358 2179 408 2231 οἱ
454 2178 859 2250 μεμαθηκότες,
888 2179 1018 2232 αὐτὸ
1069 2178 1350 2248 φυλάττειν
1414 2177 1780 2243 σπουδάζωσι,
1828 2177 1921 2231 καὶ

361 2269 499 2342 πρὸς
525 2270 594 2324 τὰ
621 2270 735 2325 άνω
774 2270 1063 2341 βλέπωσιν,
1100 2270 1220 2324 ὅθεν
1246 2271 1519 2344 ἀπηχήθη,
1550 2271 1739 2324 τούτου
1765 2272 1919 2341 χάριν

362 2363 670 2435 Ψαλτήριον
698 2364 1123 2437 προσηγόρευσε.
1153 2365 1258 2418 Τοῦ
1299 2364 1407 2436 γὰρ
1453 2362 1716 2432 παναγίου
1749 2363 1918 2417 Πνεύο

363 2471 534 2525 ματος
551 2457 823 2529 άπήχησίς
846 2458 991 2509 ἐστιν
1020 2456 1161 2521 ὅλον,
1185 2442 1277 2511 καὶ
1311 2457 1563 2531 φθόγγος..

433 2703 506 2755 Ρ.
541 2701 691 2756 Διατί
719 2702 776 2757 δέ
815 2703 952 2758 εἰσιν
977 2704 1169 2759 ἕκατον
1198 2707 1528 2779 πεντήκοντα
1559 2705 1917 2779 ἐξετάσωμεν.

371 2792 432 2849 ’0
455 2796 788 2866 πεντήκοντα
819 2796 1049 2868 ἀριθμὸς
1070 2798 1153 2850 ὅτι
1182 2796 1328 2851 ἔστιν
1360 2798 1522 2869 ίερὸς,
1556 2799 1615 2851 ὲν
1641 2798 1743 2869 μὲν
1785 2799 1925 2870 ἠμέ-

364 2898 485 2956 ραις
511 2885 667 2957 δῆλον
706 2886 807 2957 τῆς
851 2885 1285 2960 πολυθρυλλήτου
1333 2889 1736 2960 Πεντηκοστῆς,
1770 2889 1922 2943 λύσιν

362 2976 572 3042 πόνων,
629 2977 724 3031 καὶ
760 2978 1096 3051 εὐφροσύνην
1137 2981 1524 3052 σημαινούσης.
1567 2982 1763 3052 Διόπερ
1802 2982 1921 3035 οὐδὲ

359 3067 640 3140 νηστεύειν
666 3070 724 3122 ὲν
751 3069 978 3133 ταύταις
1004 3071 1285 3142 κέκριται,
1320 3071 1439 3124 οὐδὲ
1471 3071 1670 3125 κλίνειν
1697 3072 1918 3140 γόνατα.
1948 3105 1992 3163 c

362 3159 611 3230 Σύμϐολα
656 3161 766 3234 γὰρ
806 3161 978 3216 ταῦτα
1025 3164 1265 3236 μεγάλης
1301 3165 1659 3237 πανηγύρεως
1699 3165 1921 3218 ἀποκει-

366 3251 533 3324 μένης
560 3254 619 3305 ἐν
653 3255 765 3317 τοῖς
796 3252 1093 3324 μέλλουσιν.
1122 3250 1222 3308 Ὧν
1258 3255 1384 3309 σκιὰ
1409 3257 1550 3309 κατὰ
1575 3255 1665 3309 τὸν
1708 3256 1922 3328 Ἰσραὴλ

361 3340 430 3416 ἦν
459 3345 552 3398 ἐπὶ
593 3346 698 3417 γῆς
730 3347 975 3411 ἐνιαυτὸς
1018 3350 1048 3402 ὁ
1090 3346 1420 3420 καλούμενος
1467 3351 1595 3421 παρ’
1655 3349 1920 3422 Ἑϐραίοις

298 3446 303 3450 ’
374 3434 595 3505 Ἰωϐὴλ,
621 3439 650 3490 ὁ
700 3439 1063 3510 πεντηκοστὸς
1090 3438 1306 3511 ἀριθμῷ
1348 3440 1590 3505 ἐνιαυτὸς
1627 3441 1917 3511 τυγχάνει,

358 3522 561 3581 δούλων
599 3528 929 3601 ἐλευθερίας,
963 3531 1059 3584 καὶ
1102 3532 1278 3604 χρεῶν
1319 3532 1605 3595 ἀποκοπὰς
1638 3532 1795 3604 ἔχων,
1826 3534 1920 3587 καὶ

360 3618 418 3672 εί
438 3636 492 3673 τι
517 3619 663 3675 ἄλλο.
695 3620 768 3673 Τὸ
793 3621 936 3692 ἱερὸν
963 3621 1019 3675 δὲ
1045 3622 1375 3691 Εὐαγγέλιον
1402 3621 1539 3677 οἶδεν
1569 3624 1762 3695 ἄφεσιν
1788 3641 1920 3678 πεν-

358 3714 703 3785 τηκοντάδος,
736 3714 833 3769 καὶ
862 3714 957 3768 τοῦ
992 3717 1284 3785 συγγενοῦς
1312 3717 1461 3788 αὐτῷ
1484 3753 1502 3779 ,
1532 3719 1627 3772 καὶ
1651 3735 1918 3790 παρακει-

365 3805 524 3877 μένου
551 3805 784 3878 άριθμοῢ
810 3809 1258 3862 πεντακοσιοστοῢ
1284 3824 1298 3840 ’
1330 3810 1391 3862 οὐ
1432 3809 1541 3882 γὰρ
1586 3810 1759 3881 μάτην
1793 3793 1922 3863 πεν-

360 3900 594 3970 τήκοντα
624 3899 911 3971 δηναρίων,
943 3902 1038 3955 καὶ
1074 3901 1438 3954 πεντακοσίων
1465 3902 1657 3970 ἄφεσις
1697 3899 1915 3955 δίδοται.

361 3988 547 4051 Οὕτως
595 3986 722 4056 οὖν,
752 3991 848 4044 καὶ
890 3974 1016 4055 τοῑῖς
1067 3990 1267 4062 ὕμνους
1321 3992 1447 4054 τοὺς
1491 3993 1571 4053 είς
1619 3991 1781 4055 Θεὸν,
1828 3992 1919 4043 ἐπὶ

360 4082 675 4155 καθαιρέσει
703 4081 931 4154 ἐχθρῶν,
958 4082 1052 4136 καὶ
1085 4081 1402 4153 εὐχαριστίᾳ
1427 4083 1495 4151 τῇ
1519 4080 1661 4134 κατὰ
1687 4081 1787 4144 τὰς
1824 4080 1917 4134 τοῦ

358 4173 492 4230 Θεοῦ
520 4175 854 4246 εὐεργεσίας,
887 4173 1052 4245 ὲχρῆν
1088 4174 1358 4244 περιέχειν
1385 4173 1446 4226 οὐ
1475 4173 1601 4243 μίαν
1629 4188 1922 4243 πεντηκονο

359 4267 514 4332 τάδα,
543 4266 679 4320 ἀλλὰ
707 4269 878 4338 τρεῖς,
906 4267 985 4328 είς
1011 4265 1183 4335 ὄνομα
1220 4263 1461 4336 Πατρὸς,
1498 4265 1592 4317 καὶ
1620 4264 1750 4318 Υἱοῦ
1769 4305 1783 4329 ,
1826 4267 1921 4319 καὶ

363 4359 517 4429 ἁγίου
538 4357 677 4411 Πνεύ
684 4374 870 4428 ματος.
946 4342 976 4383 Ὗ
1669 4376 1677 4383 ·

2032 522 2250 577 modum
2279 528 2574 590 concepta,
2628 514 3129 585 Davidis'psalmus
3176 515 3291 569 sive
3336 512 3589 578 Davidis,

2031 610 2235 682 absque
2266 610 2378 665 ullo
2403 624 2631 681 prorsus
2658 606 3066 664 additamento?
3093 605 3268 677 Atque
3316 597 3433 659 haec
3471 605 3594 659 ubi-

2030 713 2243 771 cunque
2283 701 2399 755 sola
2446 698 2686 756 occurrit
2714 696 3029 767 inscriptio,
3073 694 3332 764 suspicati
3362 707 3589 757 sumus,
3651 747 3654 751 .

2030 806 2205 861 neque
2242 791 2510 861 psalmum
2558 789 2862 859 subjectum
2902 801 3065 850 esse.-
3088 799 3263 855 neque
3292 784 3589 847 canticum,

2028 890 2084 938 at
2129 897 2434 938 sermonem
2484 882 2773 950 quemdam
2831 878 2892 933 S.
2940 877 3177 949 Spiritus
3205 877 3391 947 ductu,
3444 876 3591 944 illius

2027 976 2201 1045 gratia
2226 973 2580 1044 divulgatum,
2598 971 2692 1042 qui
2718 971 3002 1025 utilitatem
3030 966 3374 1038 intelligendo
3394 981 3591 1036 capere

2026 1074 2227 1135 posset.
2261 1064 2336 1119 De
2371 1065 2663 1143 postremis
2696 1063 2915 1133 quidem
2943 1061 3116 1124 hisce,
3154 1060 3220 1114 ad
3250 1073 3336 1113 me
3378 1057 3603 1117 Hebraei.

2027 1156 2309 1227 cujusdam
2339 1155 2676 1226 permanavit
2715 1154 2900 1225 opinio
2928 1168 2959 1207 a
2998 1152 3299 1222 majoribus
3331 1157 3587 1217 accepta:

2026 1264 2152 1303 nam
2176 1249 2396 1319 quando
2417 1255 2545 1302 sunt
2573 1247 2756 1316 plures
2783 1245 2989 1314 absque
3024 1243 3179 1297 titulo
3204 1241 3421 1312 psalmi,
3445 1252 3589 1294 unus

2027 1347 2208 1394 autem
2257 1352 2365 1408 prae
2413 1337 2623 1392 caeteris
2666 1326 3073 1404 inscriptionem
3118 1331 3282 1386 habet
3329 1328 3587 1393 Davidis,

2025 1430 2230 1495 aiebat,
2264 1430 2386 1484 illos
2426 1429 2589 1482 etiam
2634 1416 2912 1481 communi
2969 1439 3133 1479 sensu
3167 1408 3236 1477 ad
3271 1421 3448 1490 ipsum
3482 1418 3588 1473 Da-

2023 1520 2200 1574 videm
2233 1517 2422 1573 referri
2447 1525 2716 1588 oportere.
2751 1512 2908 1578 Quod
2953 1513 2997 1567 si
3036 1525 3223 1565 verum
3247 1517 3352 1572 εει,
3389 1522 3587 1567 conse-

2023 1625 2196 1679 quens
2244 1605 2433 1674 fuerit,
2465 1622 2560 1661 eos
2608 1606 2812 1676 pariter
2850 1604 2943 1673 qui
2998 1603 3155 1657 titulo
3191 1602 3582 1662 destituuntur,
3639 1592 3645 1597 ’

2024 1702 2239 1756 illorum
2290 1713 2447 1762 esse,
2495 1698 2588 1767 qui
2644 1694 3058 1766 praecedentium
3115 1683 3366 1747 auctores
3426 1689 3584 1759 juxta

1953 1772 1997 1827 Β
2022 1790 2426 1860 inscriptionem
2453 1787 2576 1857 jure
2627 1784 2834 1856 Optimo
2877 1791 3215 1852 reputantur.
3261 1780 3584 1835 Psalterium
3624 1855 3629 1860 t

2021 1891 2198 1938 autem
2238 1888 2272 1936 a’
2306 1879 2575 1949 PrOpheta
2622 1881 2994 1944 nuncupatum
3046 1882 3131 1927 est
3162 1872 3267 1927 hoc
3303 1871 3584 1932 volumen,

2019 1984 2302 2047 propterea
2340 1970 2506 2042 quod,
2546 1968 2722 2032 aiunt,
2751 1967 2927 2021 solum
2956 1964 3096 2018 inter
3123 1962 3330 2018 musica
3374 1962 3583 2016 instru-
3636 1996 3639 2027 ;

2021 2073 2202 2119 menta
2233 2078 2264 2117 e
2297 2059 2563 2130 superiori
2591 2065 2766 2128 parte,
2800 2053 3024 2109 minime
3055 2068 3186 2108 vero
3215 2068 3284 2108 ex
3311 2049 3584 2114 inferiori,

2020 2152 2477 2226 quemadmodum
2506 2149 2565 2204 fit
2593 2150 2648 2202 in
2685 2146 2919 2212 caeteris,
2959 2152 3178 2200 resonet
3206 2143 3431 2214 pulsator
3451 2144 3581 2197 aere.

2022 2246 2094 2302 Ut
2117 2260 2245 2317 ergo
2267 2241 2642 2315 appellationis
2664 2238 2933 2310 ejusmodi
2961 2238 3249 2300 rationem,
3277 2236 3370 2306 qui
3399 2235 3581 2290 edocti

2021 2349 2167 2405 sunt,
2198 2351 2413 2395 servare
2432 2333 2839 2410 contenderent,
2871 2325 2933 2386 ac
2971 2345 3165 2399 supera
3202 2330 3345 2384 unde
3365 2335 3585 2384 resonat

2022 2436 2381 2495 intuerentur,
2414 2427 2615 2483 idcirco
2666 2423 2989 2479 Psalterium
3041 2420 3432 2476 denominavit.
3484 2418 3585 2474 Est

2020 2523 2299 2579 enimvero
2327 2528 2500 2575 totum
2536 2512 2742 2572 reddita
2768 2529 2894 2578 vox,
2928 2521 2982 2568 et
3020 2512 3202 2567 littera
3246 2510 3581 2568 sanctissimi

2024 2612 2280 2685 Spiritus.
2356 2638 2359 2647 ~
2421 2663 2427 2671 _
3197 2661 3200 2664 .

2095 2706 2183 2762 Ill.
2221 2706 2334 2762 Cur
2362 2713 2542 2760 autem
2571 2708 2788 2757 centum
2816 2694 3207 2769 quinquaginta
3244 2692 3356 2748 sint
3378 2689 3583 2748 Psalmi

2021 2798 2392 2869 dispiciamus.
2455 2790 2976 2861 Quinquagesimum
3014 2800 3328 2866 numerum
3364 2799 3584 2839 sacrum

2024 2862 2230 2951 haberi,
2270 2900 2334 2941 ex
2378 2885 2571 2939 diebus
2616 2878 3057 2937 celebratissima
3092 2862 3440 2929 Pentecostes
3466 2888 3586 2928 nta-
3688 2894 3689 2897 η

2023 2979 2280 3035 nifestum
2330 2986 2433 3041 est,
2474 2975 2719 3029 laborum
2772 2971 2932 3025 linem
2966 2978 3020 3023 et
3069 2966 3333 3022 laetitiam.
3364 2973 3603 3035 portent

2024 3072 2243 3127 dentis:
2294 3069 2521 3136 ideoque
2560 3080 2661 3120 nec
2705 3062 2983 3137 jejunium.
3005 3068 3088 3115 “eo
3125 3069 3363 3129 tempore
3396 3057 3584 3113 decree

2025 3173 2137 3217 tum
2164 3169 2267 3227 est,
2303 3174 2404 3214 nec
2430 3159 2487 3213 in
2524 3171 2700 3228 genua
2737 3154 3080 3224 supplicatio.
3118 3150 3285 3223 Signa
3322 3150 3583 3205 nimirum

2023 3256 2137 3308 haec
2182 3260 2563 3319 sunt'magna:
2606 3245 2941 3302 celebritatis
2974 3243 3355 3314 iu.posterum
3400 3255 3583 3297 reser-
3642 3284 3648 3290 .

2019 3352 2176 3408 vataa,
2208 3341 2365 3412 cujus
2398 3337 2741 3395 adumbratio
2786 3336 2844 3390 in
2874 3335 3034 3390 terris
3075 3333 3219 3403 apud
3252 3332 3425 3387 lsrael
3467 3338 3589 3387 erat

2020 3448 2195 3489 annus
2223 3430 2465 3486 Hebraeis
2507 3429 2687 3484 dictus
2710 3419 2883 3491 Jobel,
2911 3423 3005 3493 qui
3043 3436 3288 3501 numero
3313 3420 3587 3492 quinqua-
3692 3442 3693 3445 η

2019 3526 2258 3598 gesimus
2295 3530 2378 3578 cst
2426 3534 2604 3576 annus
2626 3557 2642 3583 ,
2689 3515 2861 3598 servis
2908 3514 3214 3569 libertatem
3236 3555 3251 3580 ,
3282 3524 3587 3589 novasque

2020 3594 2266 3681 tabulas,
2301 3630 2367 3670 ac
2400 3613 2447 3668 si
2488 3611 2618 3682 quid
2670 3594 2819 3664 aliud
2849 3607 3146 3662 adducens.
3194 3602 3358 3658 Novit
3398 3611 3583 3657 autem
3638 3670 3644 3677 ‘

2022 3712 2081 3765 S.
2110 3707 2462 3779 Evangelium
2504 3701 2957 3760 condonationem
3001 3694 3461 3773 quinquagesimi,
3489 3708 3585 3749 co-

2020 3802 2276 3872 gnatique
2328 3797 2431 3867 ipsi
2490 3810 2557 3850 ac
2619 3790 2855 3863 appositi
2910 3788 3126 3844 numeri
3194 3784 3581 3858 quingenarii:

2020 3907 2197 3963 neque
2235 3889 2381 3945 enim
2425 3886 2543 3942 sine
2581 3898 2746 3951 causa
2798 3880 3192 3952 quinquaginta
3228 3876 3583 3933 denariorum
3632 3922 3635 3925 ,

2021 3977 2294 4041 remissio,
2331 3982 2391 4030 et
2427 3973 2850 4044 quingentorum
2892 3968 3153 4049 tribuitur
3174 3968 3218 4020 ¹.
3263 3965 3356 4020 Sic
3398 3966 3582 4034 itaque

2021 4081 2075 4127 et
2104 4072 2337 4142 hymnos
2366 4080 2495 4137 erga
2529 4063 2697 4120 Deum
2733 4075 2834 4131 pro
2871 4059 3064 4115 deletis
3086 4057 3373 4133 hostibus,
3417 4071 3583 4128 agen-

2020 4164 2213 4232 disque
2238 4159 2355 4214 Deo
2394 4156 2584 4227 gratiis
2625 4161 2845 4224 propter
2891 4158 3109 4220 accepta
3138 4147 3432 4214 beneﬁcia,
3471 4161 3583 4201 non

2023 4270 2185 4309 unam
2248 4250 2530 4319 complecti
2603 4247 2828 4304 decebat
2886 4240 3429 4313 quinquagesimam,
3487 4239 3582 4294 sed

2022 4356 2154 4410 tres,
2194 4346 2266 4400 ob
2295 4358 2493 4398 nomen
2523 4341 2719 4406 Patris,
2747 4337 2875 4393 Filii
2902 4346 2957 4395 ct
2985 4335 3222 4417 Spiritus
3248 4333 3447 4390 sancti.

431 4413 954 4521 Δ’.ίΠεριέχειεδὲή
1002 4447 1364 4519 πεντηκοντὰς
1414 4445 1554 4500 ἑπτὰ
1593 4445 1916 4517 ἑϐδομάδας,

2092 4438 2180 4494 lV.
2211 4435 2467 4493 Continet
2496 4448 2624 4488 vero
2663 4413 3110 4504 quinquagesima
3142 4434 3348 4498 septem
3378 4423 3584 4496 hebdoo
3628 4413 3631 4416 ’
3684 4437 3688 4441 ‘

363 4542 606 4599 σάϐϐατα
638 4542 938 4606 σαϐϐάτων,
969 4540 1063 4595 καὶ
1092 4538 1263 4611 ἀρχὴν
1296 4538 1433 4610 μετὰ
1452 4537 1630 4591 τέλεια
1658 4537 1920 4604 σάϐϐατα,

362 4635 501 4706 ὑπὲρ
530 4634 600 4688 τά
630 4633 875 4689 σάϐϐατα
904 4635 962 4686 ἐν
989 4631 1199 4700 ὀγδοάδι
1229 4629 1441 4701 άληθῶς
1470 4628 1661 4699 καινῆς
1681 4627 1925 4683 ἀναπαύ-

364 4743 519 4791 σεως.
563 4726 672 4779 Καὶ
700 4724 857 4779 τοῦτο
892 4724 986 4778 ἐπὶ
1016 4708 1124 4777 τῶν
1152 4720 1395 4793 Ψαλμῶν
1421 4723 1451 4774 ὁ
1494 4720 1786 4791 δυνάμενος
1827 4737 1925 4792 τη-

364 4819 524 4891 ρείτω
553 4816 735 4890 μεῖζον
765 4817 798 4888 ἢ
828 4816 949 4871 κατ’
977 4815 1299 4888 .ἄνθρωπον,
1328 4814 1397 4867 τὸ⁷
1426 4813 1520 4866 ἐπὶ
1554 4813 1769 4867 πάντων
1798 4813 1924 4876 τοὺς

359 4909 550 4980 λόγους
574 4911 753 4981 εὑρεῖν
793 4908 868 4972 ὡς
898 4905 1350 4980 παραθησόμεθα.
1376 4898 1501 4960 Οίον
1536 4905 1619 4960 ὅτι
1652 4905 1714 4957 οὐ
1747 4903 1921 4975 μάτην

358 5004 390 5059 ὁ
425 5001 610 5072 ὄγδοος
643 5001 775 5069 περὶ
804 4998 924 5054 τῶν
964 4996 1169 5067 dna-(Br
1213 4997 1612 5069 ἐπιγέγραπται
1634 5039 1650 5061 ,
1694 4996 1922 5068 καρπῶν

364 5092 631 5167 περιέχων
671 5092 731 5145 ὲν
769 5089 981 5159 ὀγδοάδι
1015 5076 1108 5143 τὸν
1144 5080 1518 5158 άπαρτισμόνο
1564 5084 1775 5139 οὐδέπω
1813 5083 1922 5155 γὰρ

363 5182 552 5257 καιρὸς
588 5182 688 5253 τῆς
734 5178 1085 5253 ἀπολαύσεως
1114 5176 1224 5230 τῶν
1260 5174 1485 5248 καρπῶν
1524 5174 1622 5243 τῆς
1664 5172 1923 5244 ἀληθινῆς

258 5274 267 5285 ⁸
362 5272 607 5345 ἀμπέλου
646 5270 865 5325 ἐδύνατο
889 5265 1028 5323 εἶναι
1060 5269 1117 5320 ὲν
1146 5266 1259 5329 τοῖς
1299 5264 1407 5335 πρὸ
1444 5262 1557 5318 τοῦ⁸
1576 5262 1795 5331 άγδόου.’
1812 5263 1922 5316 Καὶ

362 5365 443 5420 δτι
469 5364 498 5417 ὁ
523 5362 771 5434 δεύτερος
794 5358 948 5427 ὑπὲρ
976 5355 1095 5412 τῶν
1118 5353 1342 5425 ληνῶν,
1371 5352 1721 5431 ὀγδοηκοστὸς
1752 5353 1918 5416 ἐστιν,

364 5455 526 5524 ἀλλην
552 5453 779 5523 ὀγδοάδα
805 5450 1090 5522 περιέχων,
1112 5447 1211 5520 τὴν
1243 5449 1302 5501 ὲν
1322 5444 1566 5500 δεκάσιν·
1594 5443 1624 5496 ὁ
1650 5442 1707 5496 δὲ
1736 5442 1923 5512 ὀγδοη-

367 5547 555 5610 κοστὸς
598 5547 799 5618 τρίτος,
835 5538 1276 5611 ἐπιπλεκομένων
1325 5536 1422 5592 δύο
1457 5536 1625 5605 ἁγίων
1655 5533 1919 5605 ἀριθμῶν,

364 5637 458 5692 τοῦ
490 5638 676 5707 ὀγδόου
712 5639 772 5692 ὲν
798 5635 1005 5698 δεκάσι,
1036 5632 1129 5685 καὶ
1165 5628 1256 5684 τοῦ
1279 5629 1460 5700 τρίτου
1488 5630 1546 5682 ὲν
1573 5626 1796 5699 μονάσι·
1828 5625 1922 5679 καὶ

452 5755 623 5812 'Luc.
656 5770 753 5820 vn,
777 5754 865 5809 41.

685 5847 953 5907 Paeon.
995 5844 1110 5905 Gn.
1127 5840 1225 5922 ’X.

2022 4530 2247 4592 madas,
2308 4526 2664 4582 sabbatorum
2713 4522 2966 4599 sabbata,
3031 4520 3226 4590 bisque
3280 4518 3583 4585 absolutis,

2022 4622 2238 4677 initium
2278 4619 2419 4674 ultra
2458 4617 2683 4674 sabbata
2712 4616 2767 4669 in
2816 4611 3254 4668 octonariovere
3296 4625 3454 4665 nova:
3479 4610 3583 4670 .r‘e-

2023 4713 2240 4784 quietis.
2271 4701 2436 4782 quue
2474 4710 2533 4773 in
2579 4707 2812 4763 Psalmis
2837 4705 3240 4775 quammaxime
3292 4710 3501 4766 teneat,
3534 4692 3583 4757 si
3640 4704 3643 4707 “

2023 4803 2148 4873 quis
2195 4810 2407 4872 potest,
2454 4798 2633 4866 majus
2661 4795 2905 4866 profecto
2957 4807 3123 4863 quam
3176 4806 3276 4862 pro
3324 4792 3584 4858 homine,

2024 4894 2265 4950 rationes
2293 4890 2540 4955 videlicet
2568 4890 2621 4943 in
2649 4886 2904 4947 omnibus
2926 4892 2988 4939 ut
3021 4883 3281 4950 inveniat,
3313 4880 3581 4954 quemad-

2025 4985 2248 5041 modum
2303 4995 2685 5051 pr0ponemus.
2710 4977 2881 5044 Quale
2922 4983 3007 5041 est
3033 4969 3188 5040 illud,
3212 4973 3362 5029 verbi
3394 4987 3582 5039 causa,

2025 5093 2135 5132 non
2162 5086 2365 5132 temere
2395 5081 2647 5131 octavum
2675 5071 2944 5141 psalmum
2973 5085 3068 5139 pro
3117 5066 3467 5133 torcularibus
3498 5060 3626 5139 ἰῆς-⁵Δ
3678 5124 3683 5131 ί

2025 5168 2289 5238 scriptum
2321 5149 2622 5230 essm-cum
2664 5162 2720 5216 in
2761 5159 3044 5217 octonario
3072 5152 3436 5214 maturitatem
3465 5154 3582 5211 fru—
3618 5193 3623 5198 .

2028 5271 2213 5316 ctuum
2265 5254 2719 5326 comprehendat;
2769 5251 3010 5308 nondum
3064 5250 3209 5305 enim
3254 5247 3311 5331 in
3352 5246 3438 5303 his
3488 5249 3581 5318 qui

2028 5362 2279 5409 octavum
2319 5348 2645 5419 praecedunt,
2673 5344 3037 5417 perceptionis
3073 5351 3286 5411 tempus
3325 5355 3445 5396 esse
3484 5355 3582 5411 po-

2027 5453 2165 5500 terat
2198 5441 2477 5497 fructuum
2496 5452 2638 5494 verae
2664 5436 2811 5492 vitis.
2844 5421 3452 5501 Quinetiam'secundus
3485 5446 3582 5501 pro

2030 5531 2402 5597 torcularibus,
2426 5526 2788 5598 octogesimus
2803 5532 2904 5588 est,
2926 5522 3094 5576 alium
3120 5519 3591 5588 comprehendent!

2030 5621 2388 5685 octonarium,
2412 5618 2504 5689 qui
2525 5627 2609 5673 est
2631 5617 2687 5670 in
2705 5608 3031 5675 decadibus;
3064 5609 3431 5680 octogesimas
3459 5625 3589 5674 vero

3078 5813 3160 5878 23
