4128 6374
491 280 595 338 713

1323 275 1381 330 S.
1423 269 1799 329 HIPPOLYTI
1853 268 2004 328 OPP.
2055 268 2240 327 PARS
2304 264 2349 324 1.
2381 250 2455 315 -ξι
2488 260 2899 326 EXEGETICA.

3604 261 3715 321 ἨΘ

490 390 1252 466 tertius,conjunetisduobus
1267 390 1438 447 sacris
1465 388 1730 455 numeris,
1768 385 2050 443 octonario

2153 385 2281 458 περὶ
2303 382 2547 454 ἀφέσεως
2571 381 2983 456 ἁμαρτημάτων
3011 378 3197 447 ἀξιῶν,
3218 378 3312 434 καὶ
3336 378 3723 453 ἐξομολόγησιν

489 489 547 546 in
576 489 892 552 decadibus,
937 501 1001 540 ac
1044 482 1280 539 ternario
1308 481 1367 537 in
1409 480 1737 536 monadibus
1784 477 2047 549 exsurgit.

493 581 604 638 Sed
642 588 695 635 et
737 596 835 650 pro
879 584 1222 647 peccatorum
1264 571 1587 629 remissione
1633 571 1960 640 deprecans,
1997 576 2053 624 et

492 668 953 740 cxhomologesim
979 665 1345 736 complectens
1364 703 1379 727 ,
1410 660 1895 733 quinquagesimus
1925 667 2049 714 est:

490 764 638 822 sicut
668 762 811 817 enim
855 757 1343 829 quinquagesimus
1380 754 1535 824 juxta
1574 751 1922 821 Evangelium
1967 764 2053 804 re-

490 852 811 909 missionem
874 847 1151 912 obtinuit,
1213 842 1623 913 intelligentiam
1686 839 1891 909 jubilmi
1948 839 2054 893 hoc

488 942 804 1000 testimonio
833 939 1195 1004 conﬁrmans;
1218 937 1293 991 ita
1320 935 1415 1005 qui
1443 948 1626 1003 parem
1651 932 1874 1002 appetiit
1889 930 2057 985 exho-

489 1035 813 1107 mologesim
850 1034 905 1088 in
937 1032 1044 1088 alio
1071 1031 1223 1086 nullo
1252 1037 1611 1100 praeterquam
1634 1025 1690 1079 in
1723 1025 2056 1094 quinquage-

489 1127 631 1182 simo
662 1138 891 1179 numero
917 1137 977 1177 se
1018 1121 1230 1177 veniam
1249 1126 1626 1174 assecuturum
1646 1114 1885 1169 conﬁdit.
1918 1113 2059 1168 Sunt

489 1218 607 1273 odze
621 1216 880 1289 graduum
899 1221 1155 1285 praeterea
1172 1208 1466 1273 nonnullae,
1484 1204 1790 1277 quindecim
1810 1216 2056 1269 numero,

490 1318 626 1381 quot
652 1309 814 1364 etiam
843 1306 1029 1377 templi
1059 1304 1258 1375 gradus
1286 1301 1505 1356 fuerunt
1525 1318 1539 1366 ;
1558 1313 1681 1369 qua:
1705 1297 1847 1352 forte
1874 1304 2058 1351 osten-

491 1403 649 1466 dunt,
667 1401 898 1471 septimo
913 1406 969 1453 et
988 1404 1182 1452 octavo
1207 1406 1436 1448 numero
1447 1391 1643 1462 gradus
1665 1388 1952 1444 contineri.
1966 1387 2060 1442 Hae

489 1506 625 1547 vero
641 1506 761 1560 qua:
780 1488 1042 1560 graduum
1060 1485 1335 1547 dicuntur,
1356 1481 1569 1535 initium
1597 1485 1820 1535 sumunt
1838 1493 1868 1531 a
1886 1485 2063 1531 cente-

493 1583 637 1639 simo
655 1580 939 1645 vicesimo,
968 1575 1059 1647 qui
1090 1573 1391 1643 simplicius
1416 1582 1760 1639 nuncupatur
1786 1567 2021 1637 psalmus
2040 1607 2058 1634 ,

493 1671 955 1745 quemadmodum
996 1665 1361 1733 emendatiora
1392 1661 1592 1716 habent
1629 1653 1977 1730 exemplaria.
2009 1659 2060 1714 ls

492 1775 675 1823 autem
706 1772 791 1821 est
827 1775 1088 1817 numerus
1129 1757 1381 1828 perfecta:
1409 1754 1777 1822 absolutaeque
1805 1752 2057 1806 humanae

488 1858 616 1914 vita:
638 1857 680 1914 ³.
723 1853 1064 1911 Centesimus
1091 1850 1351 1920 quidem,
1399 1848 1557 1918 cujus
1602 1844 1884 1901 exordium
1929 1852 2051 1899 est:

2151 475 2420 549 περιέχων
2438 477 2466 529 6
2490 474 2845 547 πεντηκοστός
2873 474 3040 528 ἐστιν.
3069 472 3158 537 Ὠς
3177 471 3283 543 γὰρ
3303 472 3333 524 6
3358 471 3726 542 πεντηκοστὸς

2152 567 2292 623 κατά
2348 567 2406 621 τὸ
2457 567 2784 636 Εὑαγγέλιον
2833 566 3023 635 ἄφεσιν
3080 564 3255 635 ἔσχεν,
3315 564 3608 637 μαρτυρῶν
3652 567 3723 637 τῇ

2152 663 2334 733 νοήσει
2360 663 2427 731 τῇ
2457 662 2586 732 περὶ
2615 652 2707 713 τοῦ
2745 658 3055 730 ίωὸηλαίου,
3091 657 3265 721 οὑτως
3294 657 3502 722 ἐλπίζει
3535 657 3637 710 οὑκ
3663 658 3723 711 ὲν

2152 751 2372 823 άλλῳ,ἥ
2406 752 2465 804 ὲν
2611 749 2958 821 πεντηκοστῷ
2991 749 3182 818 ἄφεσιν
3218 748 3484 819 λήψεσθαι
3509 749 3539 801 6
3567 747 3722 817 εὐχό-

2156 858 2314 915 μενος
2338 841 2464 895 τάδε
2497 842 2619 896 τινὰ
2650 842 2747 912 τῆς
2776 840 3230 911 ὲξομολογήσεως.
3267 838 3435 894 Πάλιν
3465 855 3527 891 τε
3556 837 3721 892 αὑτοῦ

2154 933 2259 987 είσί
2285 949 2429 996 τινες
2456 932 2572 985 τῶν
2596 930 2947 1000 ἀναϐαθμῶν
2965 929 3121 999 ᾠδαὶ,
3151 929 3241 982 τὸν
3269 929 3500 1000 ἀριθμὸν
3530 944 3722 982 πεντε-

2155 1023 2416 1087 καίδεκα,
2464 1024 2577 1076 ὅσοι
2632 1022 2727 1075 καὶ
2759 1023 2808 1074 οἱ
2854 1020 3159 1091 ἀναϐαθμοὶ
3211 1018 3307 1073 τοῦ
3364 1017 3528 1085 ναοῦ,
3582 1017 3725 1088 τάχα

2155 1115 2410 1187 δηλοῦσαι
2440 1117 2545 1182 τὰς
2569 1114 2888 1181 ἀναϐάσεις
2918 1111 3267 1186 περιέχεσθαι
3295 1113 3352 1166 ὲν
3378 1111 3455 1183 τῷ
3488 1112 3723 1183 ἑϐδόμῳ,

2156 1206 2252 1260 καὶ
2274 1206 2441 1277 ὀγδόῳ
2468 1205 2703 1277 ἀριθμῷ.
2742 1205 2805 1258 Ἡ
2842 1204 2899 1258 δὲ
2923 1203 3065 1277 ἀρχὴ
3092 1202 3210 1257 τῶν
3241 1201 3594 1273 ἀναϐαθμῶν
3617 1203 3727 1256 ἀπὸ

2157 1297 2446 1352 ἑκατοστοῦ
2466 1297 2730 1363 εἰκοστοῦ,
2752 1296 3114 1367 ἁπλούστερον
3138 1295 3431 1365 λεγομένου
3455 1293 3723 1363 ψαλμοῦ,

2159 1390 2235 1454 ὼς
2264 1390 2334 1444 τὰ
2363 1390 2561 1461 ἀκριϐῆ
2598 1389 2707 1460 ἔχει
2736 1390 2843 1443 τῶν
2878 1386 3246 1459 ἀντιγράφων.
3280 1378 3449 1447 Οὗτος
3478 1382 3536 1436 δέ
3578 1384 3727 1437 ἐστιν

2158 1478 2386 1551 ἀριθμὸς
2412 1478 2740 1550 τελειότητος
2771 1477 2914 1548 ζωῆς
2937 1474 3242 1549 ἀνθρώπου.
3273 1475 3381 1529 Καὶ
3413 1473 3725 1538 ἑκατοστὸς,

2159 1563 2219 1623 οὗ
2248 1570 2280 1638 ἠ
2311 1569 2480 1640 ἀρχήο
2517 1571 2724 1634 Ἔλεος
2754 1568 2851 1621 καί
2900 1566 3127 1635 κρίσεις
3156 1563 3377 1633 ᾄσομαι
3397 1563 3725 1629 σοι,Κύριε,

2162 1661 2405 1733 περιέχει
2461 1661 2571 1732 βίον
2618 1656 2771 1729 ἁγίου
2803 1658 3226 1730 κοινωνουμένου
3255 1656 3359 1711 ὑπὸ
3389 1655 3543 1709 Θεοῦ.
3589 1656 3645 1708 ’0
3670 1653 3729 1707 ἂ

2088 1735 2131 1789 Β
2160 1751 2448 1814 ὲκατοστὸς
2510 1750 2870 1823 πεντηκοστὸς
2917 1748 3215 1821 καταλήγει
3262 1747 3342 1811 είς
3408 1748 3499 1800 τὸ*
3552 1741 3729 1799 Πᾶσα

2159 1844 2317 1926 πνοὴ
2347 1844 2638 1898 αίνεσάτω
2665 1843 2770 1896 τὸν
2788 1844 3025 1911 Κύριον.

489 1946 915 2006 Mtsericordiam
965 1953 1017 1999 et
1062 1943 1264 2008 iudicia
1320 1939 1540 1995 cantabo
1578 1934 1711 2019 tibi,
1767 1936 2010 2003 Domine,
2065 1938 2239 1992 sancti
2279 1939 2444 1992 vitam
2473 1937 2872 2006 complectitur,
2912 1949 2943 1988 a
2971 1932 3083 1988 Deo
3108 1932 3165 1999 in
3210 1946 3365 1987 suam
3410 1928 3727 1985 societatem

490 2041 649 2099 asciti
679 2058 696 2096 :
724 2037 1052 2095 centesimus
1079 2044 1259 2091 autem
1288 2034 1771 2105 quinquagesimus
1808 2031 1864 2085 in
1891 2045 1957 2086 ea
1982 2031 2143 2087 verba
2177 2031 2378 2086 desinit
2404 2050 2416 2085 :
2457 2030 2640 2086 Omnis
2682 2031 2903 2101 spiritus
2935 2028 3115 2082 laudet
3137 2027 3444 2081 Dominum.

558 2129 626 2187 ν.
664 2130 736 2186 At
762 2128 1022 2200 quoniam
1054 2127 1109 2181 in
1138 2139 1466 2196 unoquoque
1497 2123 1708 2194 psalmo
1738 2121 1791 2175 id
1820 2119 2050 2188 eﬁieere,

488 2236 795 2293 causasque
826 2219 1090 2281 invenire,
1123 2217 1288 2273 sicuti
1316 2213 1525 2286 praefati
1558 2214 1771 2277 sumus,
1796 2210 2051 2265 diﬁicillié

488 2333 638 2374 mum
669 2323 774 2379 est,
796 2319 1156 2380 naturamque
1188 2306 1469 2362 hominum
1491 2304 1795 2369 excedens;
1824 2300 1910 2357 his
1936 2301 2053 2355 vel-

485 2410 569 2466 uti
600 2403 944 2464 lineamentis
991 2398 1314 2472 quibusdam
1349 2394 1645 2468 propositis
1683 2392 1921 2449 contenti
1946 2392 2055 2447 eri-

485 2515 630 2555 mus.
666 2495 849 2552 Unum
886 2488 1387 2558 illudadjiciemus,
1418 2483 1564 2555 quod
1607 2497 1715 2538 non
1751 2480 1939 2536 eodem
1968 2494 2057 2534 or-

488 2592 617 2648 dine
642 2602 752 2661 quo
775 2585 979 2656 scripta
1004 2582 1231 2638 historia
1255 2586 1359 2641 est,
1388 2574 1585 2647 psalmi
1614 2573 1709 2645 qui
1733 2572 1802 2628 ab
1827 2571 2083 2628 historia

484 2683 719 2756 pendere
747 2676 1019 2740 videntur,
1051 2682 1180 2729 sunt
1211 2668 1491 2741 inscripti;
1528 2666 1756 2737 ejusque
1800 2663 1880 2719 rei
1924 2663 2086 2718 eau-’

486 2753 607 2832 sam
648 2771 854 2828 nullam
904 2767 1190 2829 habemus,
1221 2763 1325 2818 nisi
1374 2773 1632 2816 numeros
1675 2755 1768 2827 qui
1821 2761 1949 2811 sunt
1995 2753 2052 2807 in

483 2865 829 2923 Psalmorum
862 2860 1003 2916 serie
1039 2854 1337 2912 constituti.
1361 2851 1607 2921 Namque
1638 2847 1864 2903 historia
1891 2845 2054 2923 quin-

487 2918 789 3029 quagesimi
818 2948 1001 3021 primi,
1032 2947 1180 3017 prior
1218 2953 1301 2999 est
1342 2942 1433 2997 illa
1478 2918 1937 3011 quinquagesimi;
1974 2918 2053 2989 si-

486 3025 704 3119 quidem
760 3057 825 3099 ea
881 3053 1000 3110 quae
1046 3036 1191 3107 Doeg
1239 3029 1534 3090 ldumaaum
1589 3029 1906 3099 respiciunt,
1959 3025 2054 3096 qui

2222 2123 2300 2174 E'.
2332 2121 2471 2174 Ἀλλ’
2493 2121 2721 2192 ἐπείπερ
2747 2120 2822 2183 ὡς
2853 2119 3211 2191 προείπαμεν,
3242 2118 3326 2187 ἐφ’
3349 2115 3466 2178 ἑνὸς
3497 2113 3727 2169 ἑκάστου

2153 2211 2311 2266 τοῦτο
2359 2212 2601 2283 ποιῆσαι,
2636 2212 2730 2264 καὶ
2762 2210 2940 2281 εὑρεῖν
2985 2207 3084 2272 τάς
3124 2206 3324 2271 αἰτίας,
3371 2204 3572 2277 σφόδρα
3612 2203 3732 2257 ἐστὶ

2154 2305 2555 2377 χαλεπώτατον,
2597 2303 2689 2358 καὶ
2738 2301 3054 2371 δυσέφικτον
3095 2302 3161 2371 τῇ
3204 2296 3502 2369 ἀνθρώπων
3547 2295 3728 2366 φύσει,

2155 2397 2361 2461 τούτοις
2393 2393 2861 2468 ἀρκεσθησόμεθα,
2893 2391 3216 2464 ὑπογραφῆς
3276 2389 3434 2461 χάριν
3466 2405 3480 2419 ο
3558 2387 3730 2459 μόνον

2155 2488 2502 2561 προσθέντες,
2531 2488 2611 2540 ὅτι
2642 2486 2703 2539 οὑ
2738 2484 2879 2539 κατά
2921 2485 3017 2556 τὴν
3058 2481 3210 2549 τάξιν
3250 2481 3347 2553 τῆς
3389 2480 3606 2552 γραφῆς
3628 2478 3731 2550 τῆς

2158 2581 2418 2653 ἱστορίας,
2451 2582 2499 2634 oi.
2527 2578 2807 2642 δοκοῦντες
2837 2576 3104 2650 ἠρτῆσθαι
3135 2576 3237 2645 τῆς
3268 2574 3505 2645 ἱστορίας
3528 2571 3730 2643 ψαλμοὶ

2155 2672 2551 2746 ἐνεγράφησαν.
2586 2672 2694 2725 Καὶ
2724 2671 2900 2724 αἰτίαν
2930 2670 3130 2723 τούτων
3162 2668 3270 2738 ἔχει
3289 2670 3307 2690 “
3340 2666 3440 2720 οὑκ
3472 2661 3662 2736 ἀλλην,
3693 2663 3729 2734 ἧ

2153 2765 2279 2828 τοὺς
2307 2763 2570 2834 ἀριθμοὺς
2606 2763 2661 2815 ὲν
2688 2755 2768 2825 οἷς
2796 2761 2900 2814 είσι
2924 2758 3242 2829 τεταγμένοι
3269 2757 3319 2809 οἱ
3344 2753 3565 2827 ψαλμοί.
3605 2746 3730 2807 οἷον

2154 2855 2189 2925 ἡ
2216 2852 2418 2924 ἱστορία
2444 2849 2537 2905 τοῦ
2564 2848 2924 2921 πεντηκοστοῦ
2955 2846 3191 2920 πρώτου,
3214 2846 3455 2917 προτέρα
3482 2842 3599 2898 ἐστὶ
3629 2840 3730 2911 τῆς

2160 2944 2400 3016 ἱστορίας
2441 2941 2534 2996 τοῦ
2570 2940 2963 3013 πεντηκοστοῦ’
3004 2940 3074 2994 τὰ
3113 2939 3222 3009 γάρ
3272 2938 3400 3009 περὶ
3448 2935 3609 3007 Δωὴκ
3639 2934 3731 2988 τὸν

2170 3036 2299 3090 Ἰδου
2307 3038 2461 3107 μαῖον
2513 3034 2860 3088 διαϐάλλοντα
2908 3033 2997 3087 τὸν
3049 3030 3213 3084 Δαυὶδ
3257 3029 3337 3101 τῷ
3382 3028 3573 3095 Σαοὺλ,
3620 3029 3732 3091 πᾶς

487 3139 631 3210 apud
663 3135 793 3191 Saul
826 3131 1079 3188 Davidem
1113 3126 1475 3184 calumniatus
1498 3131 1600 3186 est,
1629 3135 1791 3177 nemo
1828 3133 2056 3188 negave-

2157 3126 2404 3197 ὁμολογεῖ
2451 3126 2687 3196 πρότερα
2728 3119 2866 3177 εἶναι
2916 3122 3013 3193 τῆς
3066 3122 3199 3193 πρὸς
3250 3120 3347 3190 τὴν
3393 3119 3486 3173 τοῦ
3533 3119 3729 3191 Οὐρίου

487 3233 560 3287 rit
588 3231 770 3300 priora
801 3240 924 3281 esse
952 3230 1176 3295 peccato
1208 3233 1332 3275 cum
1360 3229 1530 3271 uxore
1557 3213 1723 3269 Uriae.
1747 3210 1902 3267 Haud
1924 3224 2056 3266 vero

487 3323 608 3380 sine
653 3320 863 3376 ratione
910 3315 1052 3386 quod
1088 3315 1146 3369 in
1188 3309 1414 3367 historia
1460 3306 1732 3380 posterius
1771 3311 1875 3370 cst,
1909 3300 2055 3372 quod

484 3417 641 3487 prius
684 3414 741 3468 in
792 3409 980 3466 eadem
1028 3415 1132 3473 est,
1173 3402 1475 3469 antecedit;
1500 3395 1940 3471 quandoquidem
1970 3395 2057 3449 in-

487 3507 779 3580 dulgentia:
810 3506 987 3568 locus,
1014 3508 1073 3557 ut
1117 3500 1282 3571 paulo
1329 3506 1457 3553 ante
1503 3496 1762 3556 diximus,
1791 3498 2055 3562 cognatus

396 3596 406 3607 ’
488 3608 572 3658 εει
622 3610 851 3653 numero
897 3592 1373 3665 quinquagesimo.
1401 3586 1662 3658 Quisquis
1710 3597 1840 3655 ergo
1893 3580 2052 3663 venia

486 3689 744 3761 indignus
777 3684 962 3748 fuerit,
1008 3683 1056 3738 is
1100 3680 1613 3752 quinquagesimum
1648 3688 1935 3730 numerum
1965 3687 2056 3727 ex-
2098 3695 2104 3700 -

488 3776 674 3840 cessit,
708 3770 1166 3843 quemadmodum
1211 3767 1357 3837 Doeg
1380 3765 1687 3829 ldumazus;
1717 3762 2054 3834 quinquage-

487 3868 663 3923 simus
695 3865 907 3935 primus
934 3861 1077 3917 enim
1105 3868 1189 3915 est
1210 3859 1474 3930 psalmus,
1507 3856 1564 3911 in
1590 3870 1701 3926 quo
1737 3868 1801 3909 ea
1833 3866 1955 3922 quae
1982 3851 2050 3906 ad

484 3956 666 4027 ipsum
715 3953 983 4025 pertinent
1026 3957 1368 4005 enarrantur.
1401 3945 1564 4015 Atqui
1602 3943 1793 4027 tertius
1838 3956 2056 4012 quoque

485 4025 733 4104 eamdem
763 4046 925 4100 habet
954 4042 1385 4099 observationem
1423 4057 1435 4092 :
1470 4052 1580 4108 quo
1620 4025 1764 4091 enim
1812 4044 2055 4105 tempore

485 4141 655 4195 David
691 4137 931 4210 profugit
981 4151 1012 4191 e
1063 4140 1353 4202 conspectu
1385 4128 1623 4185 Absalon
1653 4127 1749 4182 ﬁlii
1793 4125 1879 4181 sui
1932 4139 2057 4194 pro-

486 4233 769 4288 nuntiatus
807 4239 908 4294 est,
941 4227 1085 4298 quod
1118 4226 1283 4296 probe
1332 4228 1554 4284 norunt,
1604 4219 1698 4289 qui
1742 4216 2051 4288 Regnorum

483 4323 657 4379 libros
700 4318 1056 4391 perlegerim;
1086 4316 1331 4384 adeoque
1363 4319 1485 4382 post
1534 4305 2048 4380 quinquagesimum

2160 3218 2452 3289 ἁμαρτίας.
2488 3219 2601 3272 Οὑκ
2631 3217 2839 3284 ἀλόγως
2879 3216 2936 3270 δὲ
2974 3215 3036 3269 τὸ
3067 3216 3165 3286 τῆς
3192 3213 3431 3285 ἱστορίας
3458 3212 3729 3284 δεύτερον,

2161 3309 2421 3383 πρότερόν
2437 3310 2550 3362 ἐστι
2578 3308 2671 3361 τοῦ
2697 3309 2794 3378 τῆς
2825 3307 3063 3379 ἱστορίας
3096 3305 3380 3378 προτέρου,
3412 3304 3621 3376 ὲπειδὴν
3654 3303 3733 3368 ὡς

2160 3402 2585 3473 προειρήκαμεν,
2607 3401 2635 3452 6
2683 3400 2807 3472 περὶ
2844 3401 3087 3468 ἀφέσεως
3116 3398 3278 3460 τόπος
3311 3396 3581 3465 συγγενής
3617 3397 3732 3447 ἐστι

2157 3489 2236 3561 τῷ
2282 3491 2628 3562 πεντηκοστῷ
2677 3490 2911 3563 ἀριθμῷ.
2944 3492 3004 3544 '0
3049 3490 3106 3544 δὲ
3150 3489 3249 3543 οὑκ
3292 3488 3441 3555 άξιος
3486 3487 3732 3557 ἀφέσεως

2154 3580 2459 3653 ὑπερέπεσε
2514 3582 2605 3635 τὸν
2657 3582 3018 3655 πεντηκοστὸν
3070 3580 3321 3653 ἀριθμὸν,
3367 3579 3443 3643 ὡς
3490 3578 3652 3648 Δωὴκ
3703 3579 3733 3630 ὁ

2165 3669 2492 3741 Ἰδουμαῖος·
2527 3672 2888 3742 πεντηκοστὸς
2923 3671 3031 3742 γάρ
3072 3670 3286 3741 πρῶτός
3325 3669 3471 3721 ἐστιν
3503 3669 3532 3721 6
3554 3667 3732 3735 ἀπαγ-

2151 3759 2354 3829 γέλλων
2380 3762 2451 3816 τά
2476 3763 2604 3833 περὶ
2632 3762 2815 3818 αὑτοῦ.
2833 3762 2992 3818 ’Λλλά
3026 3763 3131 3834 μὴν
3166 3762 3259 3816 καὶ
3290 3761 3491 3832 τρίτος,
3540 3757 3730 3829 ἐπειδὴ

2146 3850 2240 3904 ὅτε
2290 3852 2486 3921 ἔφευγε
2533 3855 2695 3908 Δαυ“ιδ
2742 3854 2848 3908 ἀπὸ
2902 3853 3192 3926 προσώπου
3235 3849 3586 3921 Ἀϐεσσαλὼμ
3633 3848 3730 3904 τοῦ

2155 3941 2272 3995 υἱοῦ
2292 3943 2466 3996 ἀὑτοῦ
2498 3945 2734 4017 εἴρηται,
2763 3947 2920 4017 δῆλον
2951 3948 3061 4009 τοῖς
3078 3943 3411 4013 ἀνεγνωκόσι
3443 3942 3541 4005 τὰς
3568 3942 3733 3995 Βασι-

2153 4033 2414 4100 λείας,ὂτι
2446 4037 2582 4107 μετά
2609 4039 2699 4091 τὸν
2729 4045 2807 4092 va'
2829 4039 2965 4101 ἐστὶ,
3000 4038 3094 4091 καὶ
3117 4037 3209 4091 τὸν
3235 4042 3301 4088 ν’.
3326 4034 3438 4088 Καὶ
3456 4032 3525 4088 τὰ
3549 4031 3732 4087 τοιαῦ-

2154 4141 2222 4177 τα
2272 4125 2316 4177 δ’
2349 4128 2398 4179 εί
2452 4128 2727 4181 ὲπιπλεῖόν
2757 4146 2839 4192 τις
2871 4126 3155 4200 διατρίψας
3186 4128 3422 4200 τηρήσῃ,
3458 4125 3559 4196 τῆς
3597 4126 3733 4179 ἱστο-

2156 4213 2298 4285 ρίας,
2324 4217 2418 4275 καὶ
2447 4217 2557 4273 τῶν
2594 4218 2914 4290 ἐπιγραφῶν
2949 4216 3334 4289 ἀκριϐέστερον
3378 4216 3600 4287 εὑρήσει
3630 4210 3730 4276 τὰς

2154 4306 2353 4372 αίτίας,
2383 4308 2482 4379 τῆς
2508 4325 2568 4362 τε
2598 4308 2801 4376 τάξεως
2827 4310 2933 4362 τῶν
2958 4307 3222 4379 Ψαλμῶν.

487 4430 542 4475 et
580 4415 1094 4489 quinquagesimum
1127 4412 1365 4482 primum
1417 4415 1565 4463 esset
1617 4398 2002 4460 recensendus.
2042 4397 2175 4466 Quae
2200 4402 2441 4471 quidem,
2474 4405 2687 4474 aliaque
2720 4404 3031 4474 hujusmodi
3079 4404 3127 4458 si
3173 4401 3576 4472 quisulterius
3602 4413 3726 4471 per-

488 4509 768 4582 sequendo
801 4504 1224 4571 animadvertat,
1259 4517 1365 4557 non
1396 4502 1578 4555 minus
1611 4495 1855 4553 historiae
1886 4504 2049 4563 atque
2081 4492 2515 4565 inscriptionum,
2541 4513 2706 4568 quam
2731 4498 2941 4555 ordinis
2968 4496 3310 4554 Psalmorum
3356 4497 3598 4553 rationes
3628 4509 3721 4549 ac-

490 4600 736 4657 curatius
763 4595 1145 4667 deprehendet.

559 4690 650 4746 Vl.
689 4688 826 4744 Illud
852 4703 1070 4758 quoque
1099 4700 1207 4741 non
1236 4683 1557 4740 dissimilem
1603 4686 1907 4750 respectum
1942 4675 2039 4730 ha—

2215 4678 2308 4743 ς’.
2353 4677 2513 4741 Εἰκὸς
2541 4677 2583 4730 δ’
2614 4676 2757 4749 ἔχειν
2782 4676 3178 4746 άναλογίανκαὶ
3210 4676 3292 4741 τὸ,
3329 4676 3489 4747 μόνον
3516 4693 3727 4748 προφηι

484 4783 614 4839 bere
641 4787 1065 4838 consentaneum
1094 4786 1196 4841 est,
1223 4776 1399 4831 solum
1446 4773 1652 4829 scilicet
1684 4786 1747 4826 ex
1773 4767 2050 4840 prophetis

484 4873 740 4931 Davidem
771 4872 988 4928 oracula
1029 4870 1235 4926 fudisse
1264 4883 1387 4924 eum
1425 4867 1787 4922 instrumento
1815 4863 2044 4925 musico,

484 4969 631 5039 quod
677 4981 708 5021 a
738 4963 942 5021 Graecis
970 4962 1187 5034 quidem
1222 4959 1537 5032 psalterium
1568 4955 1892 5026 appellatur,
1938 4950 2045 5007 He-

485 5054 646 5116 braeis
689 5072 818 5113 vero
866 5056 1042 5116 nabta.
1072 5065 1350 5122 unumque
1396 5050 1536 5105 inter
1579 5046 1788 5103 musica
1834 5044 2042 5101 instru-

482 5161 668 5207 menta
697 5148 1061 5205 rectissimum
1093 5153 1196 5209 est,
1222 5141 1357 5197 nihil
1392 5140 1598 5197 habens
1629 5137 1907 5193 inﬂexum.
1937 5134 2043 5192 Ne.

483 5260 592 5316 que
617 5258 747 5300 vero
770 5242 1065 5313 quidquam
1099 5238 1163 5293 ad
1186 5250 1380 5292 sonum
1404 5231 1683 5289 confertur
1705 5246 1771 5286 ex
1796 5228 2042 5284 inleriori

480 5345 657 5407 parte,
682 5342 746 5391 ut
784 5333 839 5388 in
865 5333 1073 5388 cithara
1098 5327 1382 5398 contingit,
1407 5324 1640 5394 aliisque
1664 5321 1962 5385 nonnullis,
1989 5328 2045 5376 at

484 5443 517 5482 e
546 5424 833 5496 superiori.
866 5422 965 5479 Es
993 5422 1253 5476 nimirum
1282 5419 1337 5473 in
1363 5418 1571 5473 cithara
1595 5423 1650 5471 et
1676 5414 1793 5486 lyra
1817 5412 2044 5467 inferius

484 5525 707 5573 resonat
729 5516 988 5570 adversus
1014 5513 1276 5584 plectrum
1300 5530 1315 5579 ;
1342 5510 1657 5581 psalterium
1689 5516 1869 5562 autem
1900 5505 2044 5576 ejus-

486 5606 655 5671 modi,
684 5606 933 5677 superius
965 5603 1269 5661 harmonici
1297 5601 1509 5660 numeri
1538 5601 1702 5658 habet
1728 5614 1957 5669 causas;
1984 5608 2044 5654 ut

558 5701 580 5733 ⁸
612 5699 746 5755 Gen.
770 5717 846 5761 νι.
872 5700 925 5755 5.

2145 4768 2253 4822 τῶν
2284 4769 2373 4823 τὸν
2401 4770 2562 4825 Δαυὶδ
2595 4771 2691 4825 σὺν
2721 4771 2935 4843 ὀργάνῳ
2965 4770 3489 4842 πεπροφητευκέναι,
3526 4769 3603 4842 τῷ
3627 4788 3723 4825 πα-

2147 4861 2218 4935 ρά
2279 4863 2378 4933 μὲν
2413 4861 2637 4932 Ἕλλησι
2707 4863 3023 4934 καλουμένῳ
3081 4860 3401 4932 ψαλτηρίῳ,
3463 4861 3615 4936 παρὰ
3666 4861 3725 4914 δὲ

2156 4954 2425 5027 Ἑϐραίοις
2447 4949 2660 5018 νάϐλα,
2691 4954 2828 5026 ὅπερ
2863 4955 3021 5024 μόνον
3050 4952 3294 5025 ὁργάνων
3328 4950 3601 5022 μουσικῶν
3629 4951 3724 5022 ὀρ-

2145 5049 2360 5122 θότερον
2405 5043 2565 5112 εἶναι,
2598 5045 2746 5099 οὐδὲν
2790 5045 2911 5117 ἕχον
2953 5044 3279 5116 ἐπικαμπές.
3312 5045 3424 5097 Καὶ
3456 5043 3561 5115 μὴν
3601 5042 3721 5097 οὑδὲ

2153 5145 2486 5216 συνεργεῖται
2515 5142 2593 5203 εἰς
2626 5133 2760 5209 ἦχον
2800 5139 2865 5191 ὲκ
2893 5136 3002 5192 τῶν
3040 5136 3190 5190 κάτω
3219 5135 3421 5207 μερῶν,
3464 5134 3541 5197 ὡς
3583 5147 3720 5202 συμέ

2151 5234 2325 5291 ϐαίνει
2353 5236 2446 5289 ἐπὶ
2465 5232 2713 5305 κιθάρας,
2737 5232 2830 5284 καὶ
2859 5229 3033 5285 ἄλλων
3058 5224 3241 5291 τινῶν,
3271 5227 3385 5283 ἀλλ’
3407 5225 3714 5296 ἄνωθεν.Τῇ

2150 5326 2351 5399 κιθάρᾳ
2382 5325 2480 5396 μὲν
2507 5323 2613 5395 γὰρ
2642 5323 2737 5376 καὶ
2766 5323 2830 5393 τῇ
2866 5320 3004 5392 λύρᾳ
3029 5319 3270 5375 κάτωθεν
3296 5321 3325 5372 6
3346 5317 3543 5388 χαλκὸς
3576 5316 3718 5387 ὑπη-

2148 5421 2235 5490 χεῖ
2274 5417 2407 5489 πρὸς
2442 5415 2502 5470 τὸ
2530 5414 2801 5485 πλῆκτρον
2826 5429 2839 5442 ·
2882 5411 2944 5465 τὸ
2973 5410 3268 5483 ψαλτήριον
3312 5409 3369 5462 δὲ
3411 5406 3569 5461 τοῦτο
3608 5405 3718 5461 τῶν

2151 5505 2457 5579 ἁρμονικῶν
2487 5502 2705 5575 ῥυθμῶν
2727 5499 2927 5556 ἄνωθεν
2959 5499 3069 5570 ἔχει
3093 5498 3192 5562 τάς
3215 5496 3488 5571 ἀφορμάς,
3510 5495 3599 5550 ἵνα
3623 5497 3721 5549 καὶ

2150 5599 2310 5670 ἡμεῖς
2338 5597 2407 5651 τὰ
2429 5594 2538 5649 ἄνω
2562 5591 2740 5664 ζητεῖν
2768 5589 3100 5663 μελετῶμεν,
3129 5588 3222 5644 καὶ
3244 5587 3321 5661 μὴ
3345 5589 3410 5659 τῇ
3441 5585 3601 5659 ἠδονῇ
3622 5583 3717 5639 τοῦ
