4128 6440
455 296 559 352 717

1434 299 1859 359 FRAGMENTA
1893 301 2118 360 DUBlA.
2157 333 2226 344 ——
2260 302 2329 359 IN
2365 303 2702 361 PSALMOS.

3573 306 3682 363 718

454 414 649 488 μέλους
674 416 768 471 ἐπὶ
793 416 861 471 τά
890 418 991 489 τῆς
1024 419 1223 491 σαρκὸς
1250 418 1395 491 πάθη
1424 420 1878 493 ηταφερώμεθα.
1900 423 2016 476 Κά-

2117 437 2218 478 nos
2245 422 2407 478 etiam
2456 439 2653 494 supera
2693 431 2994 494 quaerentes
3021 430 3472 487 commentemur,
3506 438 3683 494 neque

455 510 600 563 κεῖνο
630 507 687 562 δὲ
711 506 862 581 οἶμαι
883 509 974 564 τὸν
1002 511 1332 582 προφητικὸν
1358 508 1512 581 λόγον
1542 512 1748 584 βαθέως
1769 514 1899 585 ἡμῖν
1924 513 2022 568 καὶ

455 598 635 671 σοφῶς
679 600 766 654 διὰ
807 601 906 672 τῆς
932 601 1024 655 τοῦ
1053 602 1281 674 ὀργάνου
1310 605 1648 676 κατασκευῆς
1675 605 2016 676 ἐνδεδεῖχθαι,

453 689 535 744 ὅτι
586 691 634 745 οἱ
676 693 954 777 ἐμμελεῖς,
986 693 1078 748 καὶ
1111 694 1431 767 εὐάρμοστοι
1470 695 1568 761 τὰς
1602 697 1799 768 ψυχὰς,
1833 698 2020 770 ραδίαν

452 782 633 853 ἔχουσι
658 784 755 856 τὴν
783 787 862 849 είς
889 785 956 841 τὰ
983 785 1094 842 ἄνω
1139 787 1655 862 πορείαν.”οργανον
1684 790 1743 842 δὲ
1769 789 1928 844 πάλιν
1954 791 2018 845 ἐκ

454 875 562 928 τῶν
593 874 704 929 ἄνω
731 877 829 949 τὴν
852 878 1103 953 ἀφορμὴν
1127 878 1220 934 τοῦ
1245 882 1397 951 ἠχεῖν
1424 883 1480 935 ἐν
1511 880 1700 953 ῥυθμῷ
1724 882 2014 954 λαμϐάνον,

456 967 605 1018 ποῖον
636 964 703 1019 ἂν
748 966 832 1039 εἴη
864 968 923 1022 τὸ
954 970 1111 1041 σῶμα
1151 969 1246 1024 τοῦ
1288 971 1544 1044 Χριστοῦ,
1574 973 1669 1027 καὶ
1711 973 1819 1026 τῶν
1846 974 2016 1043 ἁγίων

453 1055 646 1111 αὐτοῦ’
706 1058 933 1131 ὄργανον
998 1061 1092 1134 τὴν
1157 1062 1423 1136 εὐθύτητα
1476 1065 1632 1136 μόνον
1682 1066 2014 1140 τετηρηκὸςο

464 1148 771 1219 Ἅμαρτίαν
805 1153 914 1223 γὰρ
944 1155 1055 1207 οὐκ
1082 1155 1385 1222 ἐποιήσεν,
1413 1156 1555 1211 οὐδὲ
1590 1158 1798 1228 εὑρέθη
1835 1158 2017 1226 δόλος

450 1240 522 1294 ἐν
550 1240 631 1307 τῷ
666 1245 913 1312 στόματι
938 1244 1416 1319 αὐτοῦ.”οργανον
1445 1247 1749 1320 σύμφωνον,
1782 1251 2014 1322 ἐναρμό-

448 1348 582 1396 νιον,
612 1333 864 1405 ἐμμελὲς,
892 1336 1145 1417 οὐδεμίαν
1183 1337 1526 1411 ἀνθρωπίνην
1560 1339 1912 1411 ἁσυμφωνίαν
1941 1343 2016 1395 εἰ-

447 1424 637 1497 ληφὸς,
661 1424 782 1489 οὐδέ
821 1426 971 1498 παρὰ
1009 1426 1167 1498 μέλος
1191 1428 1244 1482 τὶ
1273 1429 1586 1501 πεποιηκὸς,
1620 1431 1794 1503 πάντη
1833 1432 1891 1486 δὲ
1918 1432 2015 1504 τὴν

447 1518 731 1590 ἁρμονίαν,
758 1518 854 1591 τὴν
882 1518 1020 1592 πρὸς
1058 1519 1148 1573 τὸν
1191 1520 1409 1592 Πατέρα
1439 1522 1768 1593 τετηρηκόςο
1802 1525 1878 1586 ὡς
1907 1524 2015 1596 γάρ

448 1627 612 1681 φησιν
646 1611 840 1675 αὐτός’
881 1612 935 1664 Ὁ
962 1609 1047 1667 ὢν
1072 1612 1139 1666 ἐκ
1171 1612 1281 1681 τῆς
1306 1614 1439 1683 γῆς,
1465 1615 1535 1668 ἐκ
1576 1613 1684 1684 τῆς
1720 1614 1832 1686 γῆς
1859 1617 2010 1681 ἐστι,

447 1703 548 1758 καί
569 1704 638 1758 ἐκ
667 1703 777 1773 τῆς
803 1701 916 1774 γῆς
939 1704 1146 1759 λαλεῖ·
1181 1708 1215 1759 ό
1249 1705 1317 1759 ἐκ
1354 1706 1474 1760 τοῦ·
1491 1707 1749 1775 οὐρανοῦ
1774 1707 2014 1779 ἐρχόμε-

447 1813 573 1864 νος,
603 1795 635 1851 ὅ
660 1797 900 1867 ἑώρακε,
928 1796 1027 1853 καὶ
1060 1796 1289 1868 ἤκουσε
1305 1799 1608 1868 μαρτυρεῖ.

518 2063 593 2120 Z'.
632 2062 831 2117 Λοιπόν
861 2063 978 2117 ἐστι
1007 2062 1293 2129 διαλαϐεῖν,
1326 2062 1493 2118 ὄντων
1524 2058 1777 2136 ψαλμῶν,
1806 2065 1898 2118 καὶ
1919 2067 2011 2120 οὐ-

448 2154 558 2209 σῶν
586 2154 755 2227 ᾠδῶν,
784 2154 878 2210 καὶ
899 2154 1127 2227 ψαλμῶν
1152 2156 1315 2228 ᾠδῆς,
1348 2157 1440 2211 καὶ
1471 2156 1622 2227 ᾠδῶν
1651 2156 1886 2229 ψαλμοῦ,
1915 2174 2013 2211 πε-

449 2247 504 2316 ρὶ
534 2248 632 2319 τῆς
661 2246 865 2301 τούτων
903 2247 1182 2319 διαφορᾶς.
1199 2247 1510 2319 Ἥγούμεθα
1552 2248 1731 2303 τοίνυν
1768 2248 2015 2320 ψαλμοὺς

449 2339 548 2410 μὲν
594 2332 732 2391 εῖναι
776 2336 902 2400 τοὺς
950 2335 1087 2408 πρὸς
1130 2336 1192 2389 τὸ
1237 2335 1466 2407 ὄργανον
1510 2334 1690 2407 μόνον,
1729 2336 1911 2407 φωνῆς
1951 2335 2012 2388 οὐ

447 2430 968 2501 συνεζευγνυμένης,
998 2429 1381 2500 κρουομένους,
1414 2429 1509 2483 καὶ
1534 2428 1599 2481 δι’
1629 2428 1855 2502 ὀργάνου
1884 2445 2015 2499 μου-

446 2524 605 2597 σικὴν
646 2524 908 2597 μελῳδίαν
929 2539 942 2554 ·
995 2522 1137 2594 ᾠδὰς
1172 2523 1229 2576 δὲ
1258 2523 1357 2587 τὰς
1394 2526 1458 2595 τῇ
1502 2524 1649 2594 φωνῇ
1689 2522 2016 2597 ἐκδεχομένη

444 2620 524 2682 είς
551 2618 614 2672 τὺ
642 2617 817 2688 στόμα
846 2616 1175 2687 ἐπαγγελίας
1206 2615 1471 2687 μουσικῆς
1498 2615 1812 2688 ἐναρμόνιον
1838 2617 2017 2683 ἐκφω-

444 2709 647 2764 νεῖσθαι
687 2709 985 2781 λεγομένας
1030 2708 1292 2781 ὑπάρχειν
1314 2723 1329 2739 ο
1368 2707 1614 2778 ψαλμοὺς
1644 2706 1701 2760 δὲ
1725 2705 1897 2776 ᾠδῶν,
1923 2707 2014 2759 ὅτε

443 2802 806 2874 προτέτακται
845 2802 942 2873 μὲν
970 2801 1003 2872 ἡ
1030 2801 1200 2872 φωνὴ,
1227 2800 1430 2870 ταύτης
1470 2800 1527 2854 δὲ
1559 2801 1790 2871 ἢρτηται
1819 2801 1847 2853 ὁ
1872 2798 2015 2853 ἐκεί-

443 2912 548 2951 νων
588 2890 856 2966 συγγενὴς
887 2888 1039 2964 ἦχος,
1074 2892 1453 2964 ἀποδιδόμενος
1477 2891 1766 2963 εὐρύθμως
1791 2890 1877 2945 διὰ
1904 2891 2014 2945 τῶν

441 2987 687 3060 ὀργάνων
702 2985 895 3071 ’,Γῴδάς
924 2986 984 3039 δὲ
1011 2983 1259 3055 ψαλμῶν,
1283 2984 1410 3037 ὅταν
1435 2983 1798 3056 προτάσσεται
1834 2983 1930 3055 μὲν
1953 2983 2015 3037 τὸ

442 3080 689 3152 ὄργανον,
714 3076 896 3152 χώραν
917 3078 975 3132 δὲ
994 3076 1256 3148 λαμϐάνει
1279 3076 1532 3149 δευτέραν
1562 3078 1596 3147 ἡ
1621 3076 1793 3149 φωνὴ,
1827 3076 1860 3148 ἡ
1888 3076 2014 3129 ἐπο-

447 3174 580 3247 μένη
625 3175 691 3243 τῇ
739 3172 848 3227 τῶν
892 3170 1098 3244 χορδῶν
1145 3173 1397 3241 μουσικῇ.
1440 3170 1551 3225 Καὶ
1594 3170 1765 3223 ταῦτα
1800 3169 1898 3241 μὲν
1935 3169 2011 3234 ὡς

444 3265 581 3337 πρὸς
618 3264 678 3318 τὸ
712 3263 875 3336 ῥητὸν
899 3263 1006 3317 τῶν
1039 3261 1451 3333 σημαινομένων
1468 3277 1482 3291 ·
1511 3261 1652 3315 κατὰ
1682 3260 1741 3315 δὲ
1766 3262 1891 3329 τοὺς
1914 3260 2014 3331 τῆς

443 3356 732 3429 ἀναγωγῆς
754 3355 965 3425 λόγους,
985 3354 1196 3427 ψαλμὸς
1230 3354 1327 3426 μὲν
1357 3352 1423 3408 ἂν
1451 3353 1559 3425 εἴη,
1589 3354 1676 3407 ὅτε
1700 3352 1762 3407 τὺ
1784 3353 2016 3425 δργανον

441 3449 506 3505 τδ
547 3448 709 3521 σῶμα
746 3447 1034 3520 κρούοντες
1079 3436 1168 3501 διὰ
1202 3444 1311 3499 τῶν
1349 3444 1526 3499 καλῶν
1571 3443 1768 3516 ἔργων,
1818 3442 2017 3515 πρᾶξιν

443 3542 657 3615 ἀγαθὴν
703 3540 1077 3612 ἐπιτελοῦμεν,
1110 3542 1161 3619 κ’
1195 3538 1261 3594 ἂν
1313 3538 1387 3611 μὴ
1418 3539 1559 3592 πάνυ
1606 3539 1664 3591 ἐν
1713 3540 1779 3609 τῇ
1811 3536 2016 3609 θεωρίᾳ

443 3639 885 3712 προκόπτοντες·-
927 3635 1039 3707 ᾠδὴ
1087 3635 1165 3701 δὲ,
1215 3635 1305 3688 ὅτε
1354 3634 1524 3706 χωρὶς
1568 3632 1662 3687 τοῦ
1710 3630 2014 3705 πρακτικοῦ

444 3728 825 3802 θεωρήσαντες
884 3728 953 3782 τὰ
1002 3726 1101 3800 τῆς
1146 3726 1404 3799 ἀληθείας
1454 3728 1763 3798 μυστήρια,
1809 3724 2016 3790 τούτοις

449 3821 965 3893 συγκατατιθέμενοι
1000 3863 1016 3889 ,
1065 3819 1367 3892 φρονοῦμεν
1421 3817 1491 3872 τά
1549 3818 1809 3873 κάλλιστα
1889 3818 2021 3895 περι

447 3915 604 3982 Θεοῦ,
631 3917 727 3971 καὶ
775 3915 883 3969 τῶν
936 3914 1129 3984 λογίων
1174 3912 1360 3978 αὐτοῦ,
1391 3911 1642 3981 γνώσεώς
1667 3928 1725 3965 τε
1751 3908 2017 3981 φωτιζού-

449 4023 570 4081 σης,
601 4008 698 4063 καὶ
726 4006 917 4077 σοφίας
962 4008 1022 4059 ἐν
1053 4007 1172 4069 ταῖς
1203 4005 1400 4075 ψυχαῖς
1424 4003 1580 4075 ἡμῶν
1608 4003 2013 4075 τρανουμένης.

445 4099 557 4173 ᾠδὴ
594 4100 652 4154 δὲ
695 4097 934 4170 ψαλμοῦ,
978 4097 1066 4151 ὅτε
1111 4095 1462 4170 προαγούσης
1496 4093 1743 4167 πράξεως
1783 4093 2016 4163 ἀγαθῆς,

447 4195 589 4249 κατά
630 4192 690 4247 τὸ
722 4191 1149 4264 προειρημένονο
1197 4186 1597 4258 Ἐπιθυμήσας
1633 4188 1857 4255 σοφίαν
1901 4185 2022 4242 δια-

445 4286 715 4355 τήρησον
747 4284 1022 4349 ἐντολὰς,
1049 4280 1148 4336 καὶ
1176 4281 1388 4349 Κύριος
1417 4279 1742 4350 χορηγήσει
1770 4295 1889 4345 σοι,
1919 4281 2018 4334 αὐ-

446 4376 545 4449 τὴν
577 4374 851 4447 συνίεμεν,
872 4372 1149 4448 κριθέντες
1175 4370 1314 4436 ἄξιοι
1338 4371 1444 4425 ὑπὸ
1467 4370 1600 4425 Θεοῦ
1624 4371 1722 4444 τῆς
1740 4369 2015 4442 ἀληθείας,

2121 516 2328 572 musica
2360 516 2714 572 delectatione
2764 516 3102 587 abripiamur
3134 515 3200 571 ad
3231 516 3412 572 carnis
3440 516 3682 573 affectio-

2118 624 2236 665 nes.
2260 610 2399 676 Quin
2418 610 2578 665 etiam
2613 610 2761 676 illud,
2793 610 3006 679 opinor,
3039 610 3352 680 prophetica
3379 610 3565 665 eadem
3594 626 3687 665 ra—

2121 702 2284 769 tione,
2318 719 2424 773 qua
2456 703 2801 758 instrumenti
2831 703 3192 768 constructio,
3221 703 3353 757 scite
3383 703 3687 772 sapienter-

2118 810 2223 865 que
2252 795 2681 851 demonstratum
2702 795 2869 850 .nobis
2895 794 3085 859 fuisse,
3115 796 3259 865 quod
3285 794 3379 865 qui
3404 794 3685 849 modiﬁca-

2117 894 2172 941 to
2203 895 2328 941 sunt
2361 886 2562 952 animo,
2589 886 2835 957 beneque
2856 888 3172 952 constituto,
3206 885 3418 940 facilem
3445 885 3684 943 habeant

2117 976 2321 1032 aditum
2372 977 2439 1032 ad
2494 977 2756 1033 cmlestia.
2788 977 3162 1048 Praetereaque
3191 979 3616 1033 instrumentum
3648 994 3682 1034 e

2116 1069 2327 1136 superis
2363 1082 2583 1123 causam
2610 1068 2901 1123 desumens
2940 1067 3007 1122 ad
3041 1082 3324 1123 numerum
3365 1068 3682 1134 resonandi,

2114 1159 2225 1212 tale
2255 1166 2360 1224 est,
2392 1158 2553 1227 quale
2582 1157 2769 1228 utique
2797 1157 2961 1212 fuerit
2993 1172 3192 1226 corpus
3207 1157 3431 1221 Christi,
3461 1169 3684 1214 sancto-

2114 1261 2344 1317 rumque
2368 1247 2573 1316 ipsius;
2608 1248 3030 1302 instrumentum
3056 1246 3351 1316 singulare,
3381 1262 3412 1301 a
3436 1262 3547 1317 quo
3569 1262 3685 1305 uno

2113 1347 2320 1393 rectum
2348 1347 2618 1393 servatum
2650 1345 2735 1393 est
2763 1357 2776 1392 :
2800 1336 3076 1391 Peccatum
3101 1337 3247 1393 enim
3289 1353 3395 1391 non
3425 1337 3569 1406 fecit,
3592 1352 3687 1393 nec

2112 1430 2351 1485 inventus
2369 1437 2448 1484 est
2467 1429 2622 1484 dolus
2643 1430 2698 1485 in
2716 1445 2804 1483 ore
2821 1428 2935 1497 ejus
2950 1428 2973 1460 ⁸
2994 1446 3010 1496 ;
3036 1429 3458 1484 instrumentum
3487 1445 3687 1487 conso-

2113 1537 2266 1587 num,
2316 1521 2716 1585 harmonicum,
2777 1521 3123 1585 concinnum,
3178 1519 3324 1590 quod
3386 1521 3685 1577 humanam

2113 1613 2318 1667 nullam
2364 1611 2605 1681 susc‘epit
2642 1610 2996 1678 discordiam,
3029 1625 3206 1680 neque
3235 1598 3429 1680 praeter
3458 1611 3684 1667 modum

2112 1705 2408 1776 quidquam
2449 1703 2577 1773 egit,
2613 1702 2708 1758 sed
2753 1716 2969 1756 omnem
3014 1702 3173 1771 quasi
3205 1710 3528 1757 concentum
3555 1718 3685 1757 cum

2113 1797 2273 1853 Patre
2308 1797 2543 1852 servavit
2571 1815 2584 1851 :
2613 1803 2673 1850 ut
2695 1795 2838 1850 enim
2866 1795 2943 1849 ait
2968 1794 3084 1864 ipse
3116 1811 3131 1848 :
3160 1793 3265 1859 Qui
3302 1804 3380 1847 est
3419 1795 3483 1848 de
3519 1803 3684 1863 terra,

2112 1892 2176 1946 de
2218 1900 2357 1945 terra
2397 1900 2495 1953 est,
2519 1897 2570 1942 et
2611 1889 2676 1942 de
2718 1896 2858 1941 terra
2891 1888 3154 1957 loquitur;
3176 1886 3266 1955 qui
3284 1886 3347 1939 de
3374 1885 3501 1940 casto
3524 1887 3684 1953 venit,

2110 1983 2250 2054 quod
2276 1984 2406 2037 uidit
2426 1993 2475 2036 et
2499 1981 2700 2034 audivit
2721 1981 3002 2034 testatur“.
3266 1964 3270 1969 ⁴

2188 2075 2295 2131 \‘ll.
2335 2076 2603 2143 Quoniam
2633 2090 2764 2131 vero
2791 2082 2921 2131 sunt
2947 2074 3164 2151 psalmi.
3193 2083 3430 2146 suntque
3460 2075 3597 2142 odae,
3629 2082 3686 2131 et

2112 2171 2308 2242 psalmi
2333 2170 2487 2234 odes,
2525 2179 2687 2239 atque
2719 2168 2836 2224 odae
2856 2168 3216 2238 psalmorum,
3248 2176 3498 2237 superest
3528 2175 3588 2221 ut
3618 2166 3686 2223 de

2113 2263 2218 2317 hac
2241 2259 2540 2317 diﬁ‘erentia
2582 2260 2763 2315 dicere
2808 2259 3205 2330 aggrediamur.
3240 2257 3350 2315 Nos
3384 2259 3567 2329 itaque
3593 2273 3685 2312 ar-

2111 2352 2296 2408 bitrati
2324 2365 2534 2416 sumus,
2568 2365 2665 2405 eos
2684 2350 2902 2420 quidem
2925 2349 3166 2420 psalmos
3192 2364 3315 2404 esse
3337 2349 3433 2419 qui
3461 2347 3529 2403 ad
3559 2364 3685 2402 mu-

2114 2444 2286 2500 sicum
2321 2443 2743 2497 instrumentum
2792 2441 3168 2495 tantummodo
3202 2441 3321 2495 sine
3351 2439 3500 2495 vocis
3531 2454 3685 2494 com-

2114 2534 2363 2605 plexione
2387 2532 2586 2602 pulsati
2624 2532 2851 2596 sintita,
2876 2540 2935 2587 ut
2952 2548 3048 2603 per
3072 2533 3249 2603 ipsum
3279 2532 3684 2602 quodammodo

2114 2624 2458 2695 praenuntiati
2509 2623 2732 2690 fuerint,
2779 2638 2874 2693 per
2918 2624 3186 2678 musicam
3233 2638 3425 2693 nempe
3477 2623 3684 2679 instru-

2115 2718 2280 2771 menti
2308 2717 2683 2782 harmoniam;
2714 2715 2848 2771 odas
2877 2731 3006 2770 vero
3038 2730 3181 2779 esse,
3217 2731 3339 2787 qua:
3380 2715 3685 2786 excipiente

2112 2822 2247 2863 voce
2283 2815 2411 2864 sunt
2458 2807 2680 2862 redditae
2720 2822 2818 2877 per
2848 2821 3042 2862 sonum
3070 2807 3203 2875 oris,
3235 2808 3532 2877 pulsationi
3563 2824 3686 2865 mo-

2112 2902 2296 2958 dulate
2358 2902 2809 2973 respondentem;
2878 2902 3119 2971 psalmos
3187 2910 3365 2957 autem
3430 2902 3682 2967 odarum,

2110 2995 2331 3065 quando
2384 3010 2488 3049 vox
2533 2993 2748 3063 quidem
2784 2994 3077 3062 praecessit,
3106 2992 3232 3047 huic
3264 2995 3441 3048 tamen
3469 3001 3686 3063 aptatus

2112 3096 2197 3143 est
2228 3100 2458 3142 concors
2503 3099 2856 3140 numerorum
2888 3083 3120 3150 sonitus,
3152 3084 3416 3140 concinne
3442 3084 3687 3142 redditus

2114 3193 2209 3249 per
2257 3177 2656 3243 instrumenta;
2707 3175 2842 3232 odas
2886 3176 3121 3247 denique
3170 3176 3529 3244 psalmorum,
3559 3191 3688 3233 cum

2112 3275 2387 3339 praeeunte
2415 3267 2778 3323 instrumento
2810 3267 3108 3328 secundum
3154 3266 3335 3323 locum
3382 3282 3489 3322 vox
3530 3282 3692 3324 occu—

2117 3369 2226 3431 pat,
2261 3374 2383 3430 qua:
2439 3358 2674 3414 chordas
2731 3358 2789 3413 in
2839 3358 3053 3414 musica
3104 3358 3477 3428 subsequitur.
3506 3358 3688 3430 Atque

2117 3453 2232 3506 haec
2270 3451 2522 3522 equidem
2553 3449 2718 3504 veluti
2763 3449 2831 3504 ad
2876 3449 3110 3504 litteram
3162 3464 3227 3504 ea
3276 3456 3687 3519 persequentes,

2116 3558 2238 3614 qua:
2267 3542 2471 3599 indicio
2500 3549 2712 3597 tantum
2746 3540 3047 3611 significata
3077 3548 3237 3607 sunt;
3266 3539 3565 3596 secundum
3592 3555 3694 3594 au-

2118 3645 2226 3691 tem
2278 3635 2601 3707 anagogicas
2647 3635 2909 3700 rationes,
2941 3642 3056 3688 tum
3086 3633 3333 3703 psalmus
3360 3632 3541 3697 fuerit,
3567 3646 3693 3687 cum

2118 3741 2405 3796 organum,
2436 3739 2637 3794 corpus
2674 3724 2935 3780 nimirum
2964 3724 3211 3779 honestis
3237 3723 3543 3778 actionibus
3571 3722 3695 3792 pul-

2118 3830 2324 3884 santes,
2351 3819 2495 3889 quod
2526 3827 2731 3871 rectum
2780 3825 2865 3871 est
2908 3816 3244 3886 perticimus,
3268 3815 3520 3886 quamvis
3544 3814 3692 3870 haud

2118 3910 2343 3967 omnino
2386 3910 2442 3963 in
2489 3908 2947 3978 contemplatione
2975 3906 3359 3978 proficiamus;
3415 3907 3517 3962 ode
3561 3922 3693 3962 vero

2119 4019 2242 4059 cum
2278 4003 2567 4073 separatim
2611 4001 2680 4055 ab
2716 4001 2930 4055 actione
2968 4000 3305 4056 revolventes
3333 3999 3517 4053 animo
3548 4001 3690 4053 veri-

2118 4096 2246 4150 tatis
2265 4082 2544 4166 mysteria,
2563 4093 2757 4162 hisque
2776 4093 3125 4157 inhaerentes,
3144 4090 3342 4145 eximia
3361 4090 3504 4145 circa
3521 4087 3693 4145 Deum

2119 4185 2400 4255 ipsiusque
2440 4183 2658 4239 oracula
2700 4183 2987 4247 sentimus,
3019 4181 3610 4256 prmlucente_scientia,
3639 4190 3695 4235 et
3808 4234 3825 4241 κ

2119 4278 2384 4348 sapientia
2415 4283 2630 4331 nostros
2673 4273 2888 4329 animos
2934 4271 3277 4329 manifestius
3304 4272 3691 4340 collustrante;

2121 4370 2224 4426 ode
2256 4379 2435 4424 autem
2476 4367 2693 4439 psalmi,
2727 4382 2851 4423 cum
2891 4366 3118 4421 honesta
3165 4374 3437 4435 praeeunte
3480 4365 3697 4421 actione

445 4466 518 4521 τὰ
547 4466 683 4531 τέως
713 4466 844 4537 ἡμῖν
874 4462 1338 4536 ἀποκεκρυμμένα
1360 4478 1375 4493 ο
1408 4461 1619 4535 ψαλμὺς
1648 4462 1707 4517 δὲ
1737 4461 1898 4535 ᾠδῆς,
1927 4462 2016 4516 ὅτε

2116 4462 2272 4535 juxta
2315 4461 2447 4517 illud
2494 4460 2717 4517 effatum
2747 4479 2761 4515 :
2798 4458 3182 4528 Concupiscens
3208 4457 3524 4527 sapientiam
3545 4474 3700 4512 serva

445 4556 848 4629 πθεωρηκότες
886 4555 985 4625 τῆς
1016 4552 1268 4624 γνώσεως
1301 4553 1699 4626 σαφηνιζούσης
1745 4552 1867 4608 τινά
1911 4553 2020 4608 τῶν

446 4643 844 4717 κεκρυμμένων
872 4642 1099 4713 ἠθικῶν,
1130 4643 1391 4717 πρότερον
1422 4644 1514 4697 ἐπὶ
1541 4643 1601 4697 τὸ
1633 4644 1894 4715 πράττειν
1930 4661 2021 4714 γε-

445 4735 667 4809 νώμεθα
695 4735 986 4803 συνιέντες,
1007 4736 1102 4790 καὶ
1123 4736 1152 4790 ὃ
1175 4737 1461 4809 πρακτέον,
1480 4736 1574 4792 καὶ
1605 4739 1693 4791 ὅτε
1721 4738 2016 4811 πρακτέον,

446 4833 544 4888 καὶ⁹
575 4831 651 4897 ὡς
679 4832 968 4905 πρακτέον.
997 4831 1103 4886 Καὶ
1128 4832 1269 4901 τάχα
1297 4831 1384 4886 διὰ
1413 4830 1569 4885 τοῦτο
1587 4833 1642 4886 αἱ
1666 4832 1877 4905 πρῶται
1902 4835 2020 4886 ἐπι-

446 4924 659 4999 γραφαὶ
698 4925 947 4997 οὐδαμῶς
989 4925 1332 4999 περιέχουσιν
1361 4924 1461 4988 τάς
1506 4927 1622 4979 κατ’
1644 4926 1821 4991 ἀὐτὰς
1851 4927 2014 4997 ᾠδὰς,

448 5017 586 5072 ἀλλὰ
629 5017 788 5089 μόνον
825 5015 1116 5089 ψαλμὸν,ἢ
1148 5018 1340 5088 μόνους
1369 5014 1645 5088 ψαλμούς·
1676 5018 1738 5072 οὐ
1771 5018 1880 5090 γὰρ
1908 5018 2019 5072 ἀπὸ

448 5108 684 5183 θεωρίας
727 5110 952 5181 ἄρχεται
993 5110 1024 5162 ὁ
1051 5108 1223 5178 ἅγιος,
1255 5107 1369 5164 ἀλλ’
1397 5108 1763 5182 ἁπλούστερον
1794 5110 2016 5166 πιστεύ-

453 5219 551 5267 σας
598 5201 743 5257 κατὰ
789 5200 1118 5274 ὀρθοδοξίαν,
1150 5203 1271 5266 ταῖς
1318 5201 1711 5273 πραττομέναις
1757 5201 2018 5273 πράξεσιν

449 5294 643 5351 ἑαυτὸν
689 5293 985 5349 ἐπιδίδωσι.
1019 5294 1119 5350 Διά
1149 5293 1308 5350 τοῦτο
1333 5294 1427 5349 ἐπὶ
1453 5293 1597 5348 τέλει
1646 5293 1838 5363 πολλαὶ
1860 5294 2016 5365 ᾠδαὶ,

448 5390 546 5443 καὶ
593 5389 737 5442 ὅπου
772 5387 1121 5457 ἀναϐαθμοὶ,
1155 5387 1393 5459 οὐδαμοῦ
1433 5386 1702 5457 eanec,
1730 5386 1858 5440 οὐτε
1896 5390 2020 5457 κατ’

2116 4555 2390 4625 mandata,
2416 4563 2468 4609 et
2500 4553 2758 4607 Dominus
2782 4552 2998 4607 deducet
3023 4544 3126 4617 te“,
3151 4551 3324 4620 ipsam
3349 4551 3698 4620 assequimur

2118 4648 2436 4718 sapientiam
2469 4665 2483 4702 :
2516 4645 2665 4716 digni
2695 4661 2727 4701 a
2751 4644 2862 4700 Deo
2894 4642 3060 4699 habiti
3093 4642 3340 4699 veritatis
3365 4642 3696 4714 cognitione,

2117 4758 2239 4813 quae
2286 4741 2552 4795 hactenus
2606 4737 2784 4793 fuerat
2828 4737 2985 4793 nobis
3039 4736 3402 4802 abscondita;
3452 4734 3697 4806 psalmus

2118 4834 2333 4888 tandem
2366 4831 2518 4895 odes,
2546 4844 2671 4884 cum
2721 4829 2901 4899 aliqua
2932 4829 3297 4899 recogitantes
3335 4826 3695 4893 abstrusiora,

2122 4937 2245 4992 qua:
2274 4920 2342 4975 ad
2374 4934 2554 4975 mores
2586 4918 2913 4988 pertineant,
2946 4917 3172 4973 scientia
3223 4917 3556 4983 declarante,
3582 4917 3699 4986 pri-

2125 5025 2273 5065 mum
2301 5008 2368 5064 ad
2392 5009 2660 5081 agendum
2703 5007 2999 5077 prudentes
3029 5006 3314 5073 ellicimur,
3340 5004 3534 5061 deinde
3563 5003 3697 5076 quid

2125 5100 2390 5173 agendum
2434 5107 2490 5153 et
2516 5098 2757 5170 quando,
2786 5108 2837 5153 et
2870 5096 3143 5168 quomodo
3189 5095 3455 5167 agendum
3500 5096 3698 5151 edoce-

2125 5211 2269 5251 mur.
2299 5195 2475 5264 Atque
2500 5193 2629 5249 hinc
2655 5190 2844 5263 primae
2869 5190 3106 5247 fortasse
3137 5189 3541 5258 inscriptiones,
3570 5187 3695 5243 nul-

2125 5286 2327 5343 limode
2354 5302 2451 5342 eas
2482 5285 2782 5349 continent,
2809 5299 2932 5355 quae
2957 5285 3011 5338 in
3046 5282 3167 5337 odis
3188 5280 3566 5367 inveniuntur,
3599 5279 3694 5334 sed

2124 5386 2283 5441 unice
2307 5385 2600 5455 psalmum,
2631 5381 2716 5436 vel
2746 5380 2987 5452 psalmos
3016 5378 3302 5433 duntaxat.
3328 5373 3515 5444 Neque
3546 5373 3692 5429 enim

449 5480 631 5545 αὐτὸν,
660 5480 786 5534 οὐτε
818 5480 955 5552 μετά
979 5496 1124 5543 τινος
1164 5480 1488 5553 ἐπιπλοκῆς,
1515 5479 1653 5535 ἀλλά
1681 5482 1851 5535 πᾶσαι
1886 5480 2016 5550 ᾠδαὶ

2121 5492 2155 5532 a
2178 5475 2628 5546 contemplatione
2653 5481 2875 5529 sanctus
2902 5467 3202 5533 exorditur,
3227 5465 3320 5522 sed
3341 5472 3696 5536 posteaquam

451 5576 573 5630 κατ’
601 5574 786 5639 αὐτάς.
804 5575 893 5628 Ἐν
919 5574 1029 5645 γὰρ
1053 5573 1183 5641 ταῖς
1210 5558 1580 5645 ἀνᾶσάσεοᾙ·
1608 5573 1743 5650 πρὸς
1768 5573 1944 5628 οὐδενὶ
1971 5576 2016 5628 oi

2123 5568 2444 5640 simpliciter
2482 5565 2706 5622 credidit
2730 5563 2885 5635 juxta
2922 5558 3285 5627 orthodoxam
3318 5558 3499 5625 fidem,
3533 5554 3603 5613 ad
3628 5569 3692 5611 ea

525 5762 547 5796 ⁵
575 5762 674 5819 lsa.
710 5779 829 5832 LIII,
863 5762 917 5821 9.
991 5762 1013 5798 '
1047 5760 1206 5819 Joan.
1242 5777 1327 5829 ut,
1353 5761 1444 5818 31.
1534 5760 1555 5793 ⁸
1589 5757 1760 5817 Eceli.
1786 5774 1830 5827 ι,
1859 5757 1950 5813 25.
