4134 6372
473 292 575 346 719

1342 292 1399 348 S.
1440 292 1794 349 HIPPOLYTI
1827 292 1975 346 OPP.
2011 290 2206 361 lPARS
2255 290 2295 345 Ι.
2333 324 2403 333 -
2443 290 2850 350 EXEGETICA.

3612 291 3717 349 720

471 424 593 478 qua:
629 408 835 480 agenda
882 417 1010 465 sunt
1037 424 1155 466 sese
1190 410 1442 464 traducit.
1471 408 1813 479 Quapropter
1848 408 1900 461 in
1932 404 2026 461 line

2144 406 2286 473 ἆγιοι
2319 404 2550 472 ἔσονται,
2580 408 2613 479 ἢ
2658 409 2792 481 πρὸς
2827 409 2969 480 μόνῳ
3002 407 3079 480 τῷ
3107 407 3349 481 θεωρεῖν.
3389 408 3500 461 Καὶ
3546 408 3715 462 ταῦτα

470 502 656 556 inultae
685 510 815 557 sunt
842 503 979 568 udae,
1012 513 1175 572 atque
1205 502 1296 557 ubi
1325 502 1541 572 gradus,
1566 500 1758 555 nullibi
1782 501 2040 568 psalmus,

470 609 648 663 neque
674 594 988 665 singulatim
1021 610 1116 662 per
1136 610 1215 659 se,
1240 609 1415 664 neque
1436 609 1557 649 cum
1581 594 1686 646 alia
1717 588 2046 659 complexio-

2150 498 2390 569 εἰρήσθω
2411 501 2539 571 ἡμῖν
2567 500 2843 565 καθολικὰ,
2868 500 3201 554 δουλεύουσιν
3234 503 3345 564 τοῖς
3382 500 3716 571 σημαινομέ-

2151 604 2259 652 νοις
2284 590 2380 661 τῆς
2413 592 2703 663 ἑρμηνείας
2731 592 2838 645 τῶν
2880 592 3298 664 Ἐϐδομήκοντα.

468 702 559 753 ne,
589 695 647 741 at
692 702 882 742 omnes
931 687 1046 741 οδω
1090 702 1336 742 seorsum
1391 687 1684 741 collocatre.
1725 684 1781 737 ιιι
1814 697 2031 737 ascensu
2082 679 2226 733 enim
2273 686 2443 737 sancti
2503 687 2652 740 nullo
2688 695 2849 741 erunt
2894 687 3111 756 negotio
3157 684 3438 754 implicati,
3482 692 3717 751 praeter-

468 794 631 848 quam
686 778 798 834 sola
848 778 1320 847 contemplatione.
1353 779 1528 848 Atque
1574 779 1687 833 haec
1720 778 1972 831 universe
2004 786 2036 826 a
2074 770 2231 827 nobis
2283 774 2427 830 dicta
2456 777 2585 839 sint,
2618 777 2703 831 his
2758 777 3104 847 obsequendo
3156 793 3278 847 quae
3317 776 3371 830 in
3427 789 3530 829 Lxx
3559 772 3713 830 virali

468 869 916 938 interpretatione
945 867 1277 923 indicantur.

532 997 668 1056 VIII.
708 1000 827 1057 Jam
878 1017 1006 1057 vero
1054 1019 1178 1059 cum
1225 1005 1565 1059 inveniamus
1617 1007 1757 1074 apud
1809 1019 1914 1058 Lxx
1977 1018 2038 1057 ac

464 1091 889 1148 Theodotionem
920 1104 972 1149 et
1015 1093 1404 1167 Symmachum
1444 1113 1497 1151 in
1531 1097 1858 1167 quibusdam
1891 1097 2036 1165 psal-

461 1184 587 1248 mis,
621 1184 816 1254 hisque
863 1201 969 1241 non
1000 1188 1210 1256 paucis,
1245 1188 1299 1241 in
1330 1190 1508 1244 medio
1536 1190 1769 1258 positum
1796 1186 2037 1257 diapsal-

460 1290 567 1340 ma,
594 1276 852 1345 suspicati
887 1292 1097 1343 sumus,
1138 1293 1205 1332 an
1243 1276 1381 1332 forte
1418 1278 1811 1333 subindicarint
1844 1279 1937 1348 qui
1972 1278 2036 1332 il-

458 1362 552 1417 lud
584 1378 905 1433 apposuere,
932 1366 1017 1421 vel
1051 1368 1264 1421 numeri
1286 1368 1368 1422 vel
1399 1368 1545 1422 modi
1574 1367 1770 1422 factam
1797 1384 1916 1422 esse
1936 1383 2036 1438 pro

460 1455 548 1510 his
581 1454 717 1511 locis
750 1457 1103 1513 mutationem
1133 1476 1146 1512 :
1172 1459 1286 1513 sive
1315 1460 1476 1513 etiam
1507 1459 1801 1528 disciplina:
1822 1460 2037 1515 traden~

457 1549 542 1605 da:
586 1549 816 1606 formam
852 1552 905 1606 in
946 1553 1129 1619 aliam,
1165 1555 1279 1609 sive
1304 1555 1731 1626 intelligentiam,
1767 1557 1881 1610 sive
1911 1572 2036 1610 ora-

456 1639 625 1697 tionis
650 1640 761 1695 vim
789 1656 911 1697 esse
940 1643 1301 1699 immutatam.
1349 1644 1452 1699 Sed
1489 1662 1664 1715 neque
1690 1646 1832 1717 apud
1860 1646 2025 1715 Aqui.

2214 994 2295 1047 H'.
2340 994 2489 1047 Ἐπεὶ
2520 992 2577 1047 δὲ
2605 993 2836 1066 εὕρομεν
2865 995 3016 1067 παρὰ
3037 1000 3147 1061 τοῖς
3178 997 3598 1070 Ἑϐδομήκοντα,
3620 999 3715 1054 καὶ

2142 1088 2473 1150 Θεοδοτίωνι,
2502 1088 2596 1141 καὶ
2617 1089 2898 1160 Συμμάχῳ
2930 1089 3021 1143 ὲπί
3051 1108 3209 1144 τινων
3237 1092 3485 1162 κείμενον
3519 1094 3577 1146 ἐν
3617 1093 3714 1164 μέ-

2143 1198 2220 1251 σῳ
2242 1178 2469 1250 ψαλμῶν
2502 1180 2599 1232 οὐκ
2628 1179 2823 1248 ὀλίγων
2853 1179 2912 1234 τὸ
2938 1180 3265 1252 διίίψαλμα,
3299 1184 3714 1255 ὲστοχασάμεθα

2143 1276 2349 1343 μήποτε
2382 1272 2736 1343 ὑπεσήμαναν
2769 1274 2818 1325 οἱ
2852 1272 3034 1336 θέντες
3067 1275 3219 1339 αὐτὸ,
3247 1275 3453 1347 ῥυθμοῦ
3483 1294 3645 1341 τινος,
3672 1277 3707 1345 ἢ

2144 1363 2338 1433 μέλους
2363 1362 2662 1433 μεταϐολὴν
2687 1364 2967 1431 γεγονέναι
2994 1365 3138 1419 κατὰ
3168 1368 3291 1430 τοὺς
3313 1368 3530 1432 τόπους,
3555 1367 3587 1438 ἢ
3615 1369 3710 1422 καί

2137 1454 2338 1521 τρόπου
2370 1454 2716 1518 διδασκαλίας
2757 1457 2837 1519 είς
2867 1456 3052 1528 ἕτερον
3082 1458 3298 1528 τρόπον,
3328 1460 3359 1530 ἢ
3385 1460 3642 1525 διανοίας,
3672 1462 3706 1532 ἢ

2137 1544 2415 1615 δυνάμεως
2439 1546 2596 1614 λόγου
2619 1545 2945 1617 ὲνάλλαγμα.
2972 1547 3108 1602 Οὔτε
3133 1549 3189 1602 δὲ
3213 1551 3363 1623 παρὰ
3394 1551 3473 1621 τῷ
3507 1552 3707 1624 Ἀκύλοι

2140 1638 2335 1701 κεῖται,
2367 1635 2491 1690 οὔτε
2541 1641 2599 1691 ὲν
2640 1638 2733 1709 τῷ
2758 1639 3046 1710 Ἐϐραῖκῷ,
3080 1640 3192 1696 ἀλλ’
3221 1644 3341 1699 ἀντὶ
3367 1642 3704 1715 (Stadium-

456 1728 571 1785 lam
617 1732 909 1798 invenitur,
947 1747 1123 1802 neque
1155 1734 1211 1787 in
1248 1733 1534 1798 Hebraico,
1571 1744 1626 1789 at
1659 1751 1756 1805 pro
1797 1734 2026 1803 diapsab

2136 1744 2255 1794 τος,
2286 1728 2592 1799 γέγραπται
2623 1730 2735 1784 ἀεί.
2769 1731 2877 1786 Καὶ
2909 1731 3066 1786 τοῦτο
3086 1732 3142 1787 δέ
3164 1751 3223 1788 σε
3258 1735 3332 1806 μὴ
3366 1730 3706 1808 παρέλθοι,ὧ

453 1830 596 1878 mute
611 1823 872 1894 scriptum
895 1834 978 1880 est
996 1824 1331 1895 semper.Nec
1344 1826 1497 1891 illud,
1515 1842 1547 1880 o
1560 1828 1796 1883 scientiae
1810 1837 2039 1888 amator,

456 1921 513 1968 te
539 1922 845 1983 praetereat,
872 1916 1019 1985 quod
1051 1912 1257 1970 Hebraei
1285 1915 1604 1972 Psalterium
1633 1918 1687 1979 in
1713 1919 1956 1989 quinque
1975 1918 2040 1972 lia-

456 2002 591 2059 bros
617 2004 938 2072 diviserunt,
976 2016 1036 2061 ut
1082 2008 1258 2064 instar
1304 2008 1376 2064 sit
1408 2008 1633 2063 alterius
1663 2007 2034 2064 Pentateuchi.

455 2092 704 2165 Namque
729 2110 762 2150 a
791 2097 968 2166 primo
996 2097 1207 2167 psalmo
1234 2098 1302 2154 ad
1328 2114 1421 2162 χι,
1454 2114 1621 2154 unum
1657 2100 1855 2155 librum
1882 2114 2034 2156 com-

451 2195 746 2256 putarunt;
794 2202 826 2242 a
864 2204 952 2242 xu
995 2190 1062 2243 ad
1103 2204 1254 2254 Lxu,
1315 2189 1546 2244 alterum
1590 2190 1963 2257 deduxerunt;
2001 2207 2033 2245 a

457 2293 610 2333 um
640 2280 709 2334 ad
743 2294 1007 2346 Lxxxvm,
1038 2282 1255 2337 tertium
1290 2281 1585 2337 effecerunt
1611 2284 1844 2348 librum;
1867 2299 2032 2354 quar-

453 2376 573 2425 tum
621 2366 691 2426 ah
727 2386 927 2427 Lxxxu
976 2374 1042 2426 ad
1096 2388 1195 2440 cv;
1236 2386 1266 2428 a
1304 2389 1391 2428 cvr
1430 2374 1497 2429 ad
1522 2390 1586 2429 CL
1613 2384 2032 2445 composuerunt

454 2464 743 2533 quintum;
768 2466 869 2519 rati
897 2464 1102 2520 scilicet
1126 2482 1396 2537 quemque
1417 2468 1688 2537 psalmum
1718 2467 1813 2537 qui
1837 2467 1891 2522 in
1918 2467 2026 2522 line

450 2554 693 2623 haberet,
726 2555 1040 2613 Benedictus
1067 2559 1229 2627 Deus,
1267 2560 1385 2631 ﬁat,
1427 2560 1542 2629 ﬁat,
1578 2561 1721 2616 hunc
1758 2559 1881 2614 libri
1908 2575 2028 2616 esse

449 2655 807 2716 postremum.
838 2647 897 2702 ln
943 2650 1030 2705 his
1072 2659 1251 2706 autem
1281 2653 1532 2721 precatio,
1567 2660 1650 2707 est
1694 2652 1873 2707 oblata
1916 2651 2026 2708 Deo

450 2738 773 2809 supplicatio
805 2755 904 2809 pro
932 2741 1112 2812 aliqua
1142 2743 1359 2798 utilium
1393 2758 1575 2799 rerum
1601 2762 1615 2809 ;
1648 2755 1825 2798 votum
1868 2746 2024 2814 equi-

450 2828 573 2884 dem
603 2831 928 2900 promissio;
974 2833 1197 2901 hymnus
1238 2842 1325 2889 est
1368 2848 1469 2903 pro
1497 2833 1674 2898 bonis,
1710 2849 1831 2905 quae
1858 2834 2023 2889 habe-

448 2932 592 2985 mus,
625 2918 803 2976 l'austa
829 2921 1150 2977 acclamatio
1176 2922 1289 2979 Deo
1317 2924 1593 2989 exhibita;
1630 2925 1748 2980 laus
1768 2926 1883 2981 sive
1904 2926 2024 2982 lau-

449 3011 620 3077 datio,
651 3012 1050 3068 admirabilium
1087 3014 1181 3070 Dei
1203 3029 1427 3086 operum
1456 3017 1876 3072 commendatio.
1911 3017 2018 3074 Ne-

449 3116 557 3172 que
580 3102 724 3157 enim
760 3105 1158 3159 commendatio
1192 3116 1276 3162 est
1302 3107 1469 3175 aliud,
1503 3122 1665 3177 quam
1704 3108 1879 3164 laudis
1909 3125 2026 3165 amo
2054 3103 2100 3164 C

447 3194 730 3265 pliilcatio.

518 3327 609 3382 IX.
652 3328 771 3396 Quo
802 3339 980 3385 autem
1015 3340 1274 3401 tempore,
1301 3347 1477 3402 quove
1501 3343 1660 3403 pacto
1699 3335 1839 3390 hanc
1873 3335 2024 3392 Psal-

450 3432 665 3475 morum
697 3420 964 3475 rationem
1002 3420 1220 3476 divinus
1247 3421 1413 3477 David
1437 3425 1781 3496 excogitarit;
1813 3428 2023 3496 primus

449 3510 668 3579 quidem
695 3526 761 3566 ac
790 3511 940 3566 solus
967 3509 1134 3567 fuisse
1161 3512 1392 3577 videtur,
1419 3514 1582 3585 idque
1612 3517 1872 3584 abinitio,
1896 3533 2021 3573 cum

426 3603 767 3677 psalterium
797 3603 1236 3659 concinnandum
1282 3605 1465 3677 digitis
1490 3608 1855 3679 praecipiebat.
1885 3608 2021 3664 Nam

449 3698 497 3754 si
529 3699 653 3769 quis
693 3699 832 3755 alius
874 3701 1113 3769 psalterii
1152 3717 1311 3758 usum
1339 3711 1393 3757 et
1417 3690 1638 3759 citharae
1667 3705 1814 3774 prior
1839 3714 2024 3760 osten-

453 3789 555 3856 dit,
587 3788 637 3845 is
661 3789 822 3860 plane
849 3791 1084 3859 diverse,
1117 3793 1262 3848 iners
1289 3794 1547 3889 quidd‘am
1567 3803 1621 3849 et
1640 3796 1861 3866 vulgare
1883 3812 2023 3851 com-

451 3890 669 3939 mentus
705 3883 791 3937 vel
820 3884 873 3937 in
918 3886 1038 3954 ipso
1071 3886 1412 3942 instrumenti
1439 3883 1719 3957 apparatu,
1755 3905 1926 3959 neque
1954 3891 2023 3945 ad

446 3985 668 4026 carmen
729 3972 1044 4037 concinens,
1085 3988 1259 4042 neque
1317 3972 1385 4027 ad
1440 3988 1768 4037 sermonem,
1823 3976 2021 4045 agresti

446 4062 685 4133 quodam
719 4062 843 4119 lusu
874 4064 1170 4119 delectatus
1217 4073 1320 4122 est.
1352 4064 1444 4119 llle
1482 4073 1684 4131 autem,
1725 4075 1847 4136 post
1877 4067 2023 4136 ejus-

448 4155 620 4219 modi,
654 4153 863 4224 primus
891 4154 958 4208 ad
989 4170 1298 4220 numerum,
1328 4165 1489 4225 atque
1515 4155 1782 4220 ordinem,
1817 4162 2020 4211 artem-

447 4259 553 4313 que
597 4258 734 4313 Opus
783 4245 1056 4299 revocavit
1096 4262 1109 4298 :
1143 4253 1505 4314 praetereaque
1534 4246 1762 4299 carmini
1797 4255 2019 4301 cantum

446 4335 765 4396 immiscuit,
798 4336 1052 4406 quodque
1092 4337 1353 4391 eximium
1408 4344 1511 4403 est,
1538 4352 1667 4408 erga
1714 4337 1903 4406 Deum,
1936 4342 2020 4395 vel

2143 1818 2409 1889 φιλολόγε,
2435 1820 2515 1874 ὅτι
2547 1822 2640 1875 καὶ
2677 1822 2738 1875 τὸ
2774 1822 3066 1897 ψαλτήριον
3105 1827 3184 1888 είς
3209 1826 3367 1879 πέντε
3394 1826 3585 1878 διεῖλον
3619 1826 3706 1896 βι-

2140 1907 2262 1961 ϐλία
2304 1912 2351 1962 οἱ
2395 1909 2652 1982 Ἑϐραῖοι,
2680 1910 2820 1965 ὥστε
2860 1908 2995 1965 εἴναι
3026 1914 3121 1967 καὶ
3148 1915 3279 1968 αὐτὸ
3315 1915 3469 1969 ἄλλον
3499 1917 3704 1971 Πεντά-

2138 2016 2342 2067 τευχον.
2364 2000 2492 2053 Ἀπὸ
2516 2002 2623 2073 γὰρ
2646 2008 2694 2055 α’
2718 2002 2933 2083 ψαλμοῦ
2958 2003 3118 2077 μέχρι
3140 2012 3213 2077 μ’,
3241 2006 3365 2077 μίαν
3394 2006 3705 2075 ὲλογίσαντο

2139 2092 2335 2160 βίϐλονο
2354 2094 2532 2147 ἀπὸδὲ
2559 2101 2647 2165 μα’
2672 2095 2777 2159 ἕως
2803 2101 2880 2149 οα’
2904 2097 3163 2170 δευτέραν
3186 2101 3489 2171 ἡγήσαντο·
3519 2102 3625 2154 ἀπὸ
3644 2102 3704 2155 δὲ

2133 2188 2208 2260 οβ’
2232 2187 2334 2249 ἕως
2349 2188 2647 2259 πηέτρίτην
2673 2188 2853 2259 βίϐλον
2867 2192 3149 2262 ἐποίησανο
3175 2193 3282 2247 ἀπὸ
3303 2192 3360 2247 δὲ
3381 2195 3465 2248 πθ’
3487 2194 3591 2257 ἕως
3615 2200 3693 2267 ρε¹

2132 2279 2398 2348 τετάρτην
2417 2296 2429 2309 ·
2461 2280 2567 2332 ἀπὸ
2596 2280 2652 2333 δὲ
2683 2288 2770 2353 pg’
2799 2282 2902 2346 ἓως
2933 2284 3026 2336 τοῦ
3065 2292 3138 2353 ρν’
3173 2286 3271 2355 τὴν
3291 2286 3545 2357 πέμπτην
3573 2304 3698 2338 συν-

2132 2368 2363 2439 έθηκαν*
2412 2372 2639 2425 ἕκαστον
2688 2374 2794 2445 γὰρ
2831 2374 3040 2446 ψαλμὸν
3087 2378 3145 2430 ἐν
3191 2377 3268 2448 τῷ
3311 2378 3453 2431 τέλει
3489 2377 3694 2448 ἔχοντα,

2131 2452 2472 2532 Εὐλογητὸς
2500 2466 2737 2533 Κύριος,
2783 2470 3031 2536 γένοιτο,
3076 2469 3321 2539 γένοιτο,
3351 2452 3508 2524 τοῦτο
3549 2470 3696 2535 τέλος

2129 2551 2332 2621 βιϐλίου
2385 2553 2723 2611 ἐδικαίωσαν.
2755 2559 2909 2612 Ἔστι
2959 2560 3016 2613 δὲ
3064 2552 3394 2632 προσευχὴ,
3452 2563 3699 2634 ἱκετηρία

2128 2644 2255 2715 περί
2299 2661 2443 2709 τινος
2485 2646 2592 2700 τῶν
2625 2650 3008 2720 συμφερόντων
3037 2653 3415 2723 προσαγομένη
3450 2652 3527 2723 τῷ
3557 2653 3696 2724 Θεῷ,

2124 2734 2275 2804 εὐχὴ
2315 2735 2372 2789 δὲ
2404 2738 2727 2809 ὑπόσχεσις*
2760 2740 3030 2813 ὒμνος,ή
3078 2743 3170 2795 ἐπὶ
3214 2747 3325 2807 τοῖς
3365 2744 3697 2816 ὑπάρχουσιν

2125 2828 2256 2897 ἡμῖν
2282 2828 2507 2897 ἀγαθοῖς
2536 2831 2894 2903 ἀνατιθεμένη
2935 2832 3012 2903 τῷ
3052 2832 3168 2904 Θεῷ
3199 2836 3441 2907 εὐφημία
3463 2852 3478 2867 ’
3530 2830 3699 2902 αἶνος

2122 2918 2238 2989 ἦτοι
2264 2920 2489 2987 αῖνεσις,
2514 2923 2622 2977 τῶν
2638 2924 2793 2978 θειῶν
2815 2924 3106 2997 θαυμάτων
3143 2926 3384 2994 ἔπαινος.
3421 2928 3562 2983 Οὐδὲ
3586 2927 3696 3001 γὰρ

2121 3010 2253 3064 ἄλλο
2282 3013 2522 3084 ἔπαινος,
2558 3016 2590 3087 ἢ
2630 3015 2723 3070 τοῦ
2751 3017 2899 3070 αἴνου
2935 3019 3202 3083 ἐπίτασις.

2197 3322 2274 3375 9'.
2317 3321 2454 3375 Πότε
2488 3320 2583 3375 καὶ
2608 3321 2754 3385 ὅπως
2797 3323 2876 3386 εἰς
2906 3319 3108 3392 ταύτην
3150 3318 3280 3393 ἦλθε
3312 3321 3420 3377 τῶν
3451 3323 3693 3396 Ψαλμῶν

2123 3413 2220 3484 τὴν
2246 3413 2482 3467 ἐπίνοιαν
2507 3415 2536 3466 ὁ
2563 3413 2702 3476 θεῖος
2726 3414 2906 3480 Δαυὶδ,
2938 3412 3088 3468 δοκεῖ
3110 3413 3206 3485 μὲν
3230 3416 3324 3468 καὶ⁵
3343 3416 3574 3488 πρῶτος.
3599 3419 3693 3473 καὶ

2128 3504 2306 3575 μόνος,
2338 3503 2432 3557 καὶ
2471 3500 2530 3567 ἐξ
2559 3502 2753 3574 ἀρχῆς,
2787 3503 2875 3555 ὅτε
2918 3504 3015 3556 καὶ
3048 3506 3161 3568 τοῖς
3200 3504 3480 3569 δακτύλοις
3509 3504 3690 3574 ἔλεγεν

2124 3596 2453 3668 ἁρμόζεσθαι
2503 3594 2565 3647 τὸ
2607 3594 2919 3666 ψαλτήριον.
2949 3595 3012 3647 El
3062 3594 3169 3664 γὰρ
3217 3595 3309 3648 καὶ
3357 3594 3541 3666 ἕτερος
3566 3589 3635 3666 ἦν
3661 3597 3692 3650 ὀ

2126 3684 2443 3750 καταδείξας
2462 3683 2779 3755 ψαλτήριον,
2810 3683 2904 3736 καὶ
2935 3683 3183 3756 κιθάραν,
3211 3684 3325 3738 ἀλλ’
3355 3683 3527 3747 ἄλλως
3550 3685 3692 3738 ἐκεῖ-

2123 3795 2213 3842 νος
2243 3776 2465 3846 ἄτεχνόν
2491 3793 2564 3838 τι,
2593 3775 2696 3828 καὶ
2727 3774 2990 3827 ἰδιωτικὸν
3015 3774 3323 3846 συμπήξας,
3354 3775 3386 3846 ἦ
3421 3775 3689 3839 διατείνας

2122 3870 2375 3943 ὄργανον·
2400 3868 2494 3921 καὶ
2514 3865 2638 3920 οὔτε
2662 3866 2799 3949 πρὸς
2825 3864 3002 3935 μέλος,
3029 3865 3152 3919 οὔτε
3180 3866 3313 3939 πρὸς
3343 3867 3498 3935 λόγον
3525 3866 3686 3938 ᾅδων,

2122 3961 2235 4016 ἀλλ’
2268 3960 2533 4033 ἀγροίκην
2569 3976 2685 4015 τινα
2707 3959 2916 4024 παίζων
2939 3960 3146 4032 τέρψιν.
3163 3959 3221 4015 '0
3243 3959 3298 4012 δὲ
3330 3959 3544 4030 πρῶτος
3571 3958 3686 4031 μετ’

2122 4054 2326 4107 ἐκεῖνον
2350 4054 2429 4117 εἰς
2446 4052 2651 4124 ῥυθμὸν
2667 4051 2886 4121 ἀγαγὼν
2915 4051 2976 4105 τὸ
3008 4052 3255 4123 πρᾶγμα,
3286 4051 3380 4106 καὶ
3404 4049 3577 4117 τάξιν,
3594 4050 3688 4104 καὶ

2123 4144 2336 4217 τέχνην,
2379 4144 2514 4198 ἀλλὰ
2543 4145 2635 4197 καὶ
2663 4143 2742 4215 τῷ
2770 4142 2918 4215 μέλει
2953 4141 3359 4214 συγκαταμίξας
3404 4143 3466 4197 τὸ
3513 4140 3683 4215 ᾆσμα,

2122 4239 2217 4291 καὶ
2241 4237 2302 4290 τὸ
2329 4236 2530 4307 μεῖξον,
2563 4234 2698 4306 πρὸς
2722 4234 2874 4299 Θεὸν,
2902 4235 2934 4306 ἢ
2961 4234 3092 4288 Θεὸν
3124 4235 3280 4306 ᾅσας,
3307 4228 3459 4298 οὗτος
3504 4235 3534 4286 ὁ
3565 4233 3685 4288 θεο-
3708 4260 3712 4265 ο

2123 4327 2507 4399 φορητότατος,
2539 4325 2840 4395 ἀρξάμενος
2875 4323 2973 4394 μὲν
3001 4324 3065 4375 ὲκ
3094 4321 3386 4392 ποιμένων,
3422 4320 3519 4374 καὶ
3562 4319 3685 4375 παί-

445 4423 618 4479 Deum
655 4426 832 4496 ipsum
864 4427 1131 4492 canendo,
1171 4428 1307 4482 idem
1348 4414 1695 4486 divinissimo
1735 4442 2017 4502 correptus

2126 4418 2226 4474 δων
2254 4418 2640 4489 ίδιωτικότερόν
2669 4434 2728 4470 τε
2764 4414 2859 4470 καὶ⁹
2889 4415 3286 4486 ταπεινότερον·
3314 4413 3598 4502 γενόμενος
3625 4411 3680 4502 δέ

447 4514 651 4576 aﬂlatu,
678 4531 803 4571 cum
839 4525 1025 4587 pastor
1069 4534 1133 4574 ac
1183 4534 1314 4588 puer
1338 4528 1482 4575 esset
1513 4522 1782 4590 privatum
1814 4497 2018 4594 aliquid

2126 4510 2214 4563 icui.
2258 4511 2341 4572 εἰς
2388 4508 2557 4579 ἄνδρα
2598 4507 2693 4560 καὶ
2739 4504 2980 4577 βασιλέα,
3013 4503 3347 4573 ἐνδοξότερον
3392 4500 3527 4573 ὁμοῦ
3587 4497 3680 4553 κα)⁸

448 4623 514 4663 ac
555 4607 852 4664 demissum
895 4624 1144 4675 exorsus,
1174 4621 1527 4682 posteaquam
1560 4615 1613 4668 in
1644 4616 1823 4672 virum
1850 4626 1903 4672 et
1926 4633 2015 4673 ue-

448 4714 571 4771 gem
595 4700 788 4764 evasit,
818 4698 1083 4756 illustrius
1106 4702 1363 4770 quiddam
1395 4718 1459 4758 ac
1485 4705 1702 4776 dignius
1731 4706 2014 4762 hominum

448 4787 754 4861 frequentia
787 4790 1044 4860 suscepit.
1073 4790 1233 4858 Quod
1254 4794 1629 4867 qualecunque
1660 4795 1844 4860 fuerit,
1874 4813 2019 4852 sum-

447 4882 626 4955 psisse
657 4890 786 4938 tunc
815 4882 1051 4937 maxime
1078 4885 1470 4940 incrementum
1502 4885 1691 4955 fertur,
1719 4904 1843 4944 cum
1890 4905 2015 4944 area

447 4985 532 5032 est
571 4975 641 5030 ab
683 4975 801 5045 ipso
852 4974 907 5028 in
964 4962 1154 5029 urbem
1202 4986 1412 5045 recepta
1443 4994 1457 5031 :
1487 4993 1593 5048 qua
1643 4992 1826 5034 coram
1875 4995 2016 5052 saepe

448 5069 678 5125 choreas
707 5067 933 5132 ducens,
962 5066 1165 5137 pluries
1187 5065 1402 5138 quoque
1425 5067 1491 5122 ad
1518 5069 1813 5139 gratiarum
1841 5071 2013 5128 actio-

448 5176 594 5231 nem,
628 5161 976 5232 faustumque
1007 5161 1170 5217 simul
1197 5168 1469 5229 receptum
1499 5162 1901 5228 celebrandum,
1921 5163 2016 5218 ad-

449 5250 626 5307 hibuit
674 5258 915 5306 cantum.
947 5247 1067 5306 Mox
1115 5251 1424 5304 universam
1474 5247 1780 5303 Levitarum
1813 5248 2013 5304 tribum

453 5342 506 5396 in
537 5350 739 5397 sortem
777 5342 1097 5411 conjiciens,
1127 5340 1396 5412 principes
1428 5338 1645 5412 quidem
1683 5340 1775 5409 qui
1817 5340 2014 5395 choros

452 5434 730 5496 ducerent,
759 5441 991 5502 quatuor
1019 5432 1236 5504 delegit,
1280 5430 1483 5502 Asaph,
1534 5431 1750 5495 Eman,
1788 5429 2010 5497 Etban,

452 5523 709 5586 ldithum,
736 5525 1172 5594 quandoquidem
1197 5533 1323 5581 sunt
1350 5533 1586 5595 quatuor
1610 5523 1874 5588 omnium,
1892 5538 2014 5592 quae

454 5615 558 5671 sub
582 5623 861 5683 aspectum
884 5616 1102 5682 cadunt,
1131 5631 1314 5673 rerum
1341 5615 1602 5686 principia
1627 5632 1643 5681 ;
1673 5624 1786 5669 tum
1815 5615 2012 5669 choros

451 5725 516 5766 ex
544 5706 857 5765 hominibus
882 5709 1161 5765 constituit
1181 5724 1249 5766 ex
1278 5708 1506 5765 aliorum
1527 5721 1750 5763 numero
1772 5706 2006 5773 selectis,

2119 4602 2420 4672 κοινότερον
2441 4615 2454 4630 ·
2478 4598 2658 4652 λαϐεῖν
2700 4598 2755 4651 δὲ
2785 4597 2998 4666 λέγεται
3046 4594 3275 4666 μάλιστα
3317 4594 3415 4664 τὴν
3447 4594 3681 4648 ἐπίδοσιν

2116 4693 2293 4755 τοῦτο,
2325 4692 2460 4764 μετὰ
2487 4690 2586 4762 τὴν
2614 4690 2703 4743 ὑπ’
2734 4687 2896 4742 αὑτοῦ
2924 4689 3022 4757 τῆς
3053 4683 3282 4740 κιϐωτοῦ
3307 4685 3443 4757 πρὸς
3468 4686 3569 4757 τὴν
3590 4685 3685 4737 τιό-ι

2117 4787 2201 4840 λιν
2227 4774 2799 4845 ἀποκατάστασινῘΗς
2831 4780 2999 4833 πολλὰ
3030 4777 3150 4832 τότε
3184 4777 3557 4850 προχορεύσας
3589 4778 3683 4831 καὶ

2119 4875 2390 4947 πολλαχοῦ
2431 4875 2585 4946 ᾄσας,
2623 4869 3032 4944 εὐχαρηστήριά
3079 4886 3140 4922 τε
3185 4870 3279 4922 καὶ
3308 4869 3679 4941 είσδεκτήριασ

2118 4970 2232 5041 ἅμα
2261 4968 2375 5040 μετ’
2403 4965 2581 5034 ὀλίγον
2613 4965 2705 5018 καὶ
2732 4965 2830 5035 τὴν
2856 4963 3026 5033 φύλην
3065 4961 3191 5031 ὃλην
3220 4962 3299 5025 είς
3340 4961 3541 5033 κλῆρον
3577 4959 3683 5013 τῶν

2116 5058 2352 5114 Λευιτῶν
2401 5056 2599 5121 λαϐὼν,
2639 5055 2813 5128 ἀρχὰς
2855 5055 2951 5126 μὲν
2996 5053 3316 5122 ἀπολέγεται
3356 5052 3465 5106 τῶν
3506 5053 3681 5124 χόρων

2114 5155 2404 5225 τέσσαρας,
2424 5149 2816 5221 Ἀσὰφ,’Δμὰν,
2848 5146 3038 5209 Αἱθὰν,
3072 5146 3325 5217 Ἰδιθοὺμ,
3360 5146 3546 5214 ἐπειδὴ
3585 5144 3678 5196 καὶ

2117 5247 2332 5301 πάντων
2357 5245 2465 5299 τῶν
2500 5242 2790 5315 ὁρωμένων
2816 5241 2979 5311 ἀρχαὶ
3008 5239 3269 5311 τέσσαρες
3288 5256 3301 5270 ο
3341 5240 3465 5301 τοὺς
3490 5238 3547 5291 δὲ
3582 5253 3675 5307 χοι·
3760 5270 3775 5283 ι

2117 5339 2241 5409 ροὸς
2268 5336 2325 5403 ἐξ
2358 5334 2563 5408 ἀνδρῶν
2599 5333 2925 5403 συνίστησιν,
2959 5331 3154 5399 ἐξελὼν
3190 5332 3309 5386 τῶν.
3342 5331 3513 5386 ἄλλων
3532 5345 3545 5359 ·
3585 5328 3677 5382 καὶ

2111 5428 2331 5492 τούτους
2377 5427 2471 5481 δύο
2526 5426 2619 5479 καὶ
2671 5423 3059 5495 ἐϐδομήκοντα,
3101 5422 3237 5495 πρὸς
3284 5423 3381 5488 τὰς
3429 5420 3676 5493 γλώσσας

2112 5522 2497 5595 ἀπαριθμήσας
2523 5518 2694 5589 οἶμαι,
2718 5516 2817 5580 τὰς
2872 5515 3247 5587 συγχυθείσας,
3277 5516 3311 5587 ἢ
3339 5514 3536 5587 μᾶλλον
3563 5514 3678 5568 δια-

2112 5614 2387 5685 κριθείσας
2434 5614 2490 5665 ὲν
2531 5614 2594 5682 τῇ
2650 5609 2992 5681 πυργοποιίᾳ.
3045 5608 3110 5661 Τί
3163 5605 3335 5677 τούτῳ
3379 5605 3589 5688 τυπῶν,
3625 5604 3673 5657 ιι

2114 5705 2189 5778 μὴ
2217 5704 2390 5776 δηλῶν
2428 5704 2489 5757 τὸ
2531 5703 2623 5756 καὶ
2652 5703 2827 5765 πάσας
2859 5699 3006 5772 αὐτῷ
3031 5697 3278 5769 γλώσσας
3308 5698 3531 5768 ὓστερον
3556 5694 3677 5760 ἐξο-
