  <div class='ocr_page' id='page_1' title='image "/cluster/home/n/w/nwhite01/storage/ocr_20150623/10/coo.31924054872894/372.png"; bbox 0 0 4128 6384; ppageno 0'>
   <div class='ocr_carea' id='block_1_1' title="bbox 421 485 3650 552">
    <p class='ocr_par' dir='ltr' id='par_1_1' title="bbox 421 485 3650 552">
     <span class='ocr_line' id='line_1_1' title="bbox 421 485 3650 552; baseline 0.004 -12"><span class='ocrx_word' id='word_1_1' title='bbox 421 485 520 541; x_wconf 74' lang='grc'><strong>721</strong></span> <span class='ocrx_word' id='word_1_2' title='bbox 1387 489 1810 546; x_wconf 68' lang='lat' dir='ltr'><strong>FRAGMENTA</strong></span> <span class='ocrx_word' id='word_1_3' title='bbox 1849 490 2076 548; x_wconf 78' lang='lat' dir='ltr'><strong>DUBIA.</strong></span> <span class='ocrx_word' id='word_1_4' title='bbox 2118 517 2182 536; x_wconf 85' lang='lat'><strong>-—</strong></span> <span class='ocrx_word' id='word_1_5' title='bbox 2220 492 2287 546; x_wconf 83' lang='lat' dir='ltr'><strong>lN</strong></span> <span class='ocrx_word' id='word_1_6' title='bbox 2328 492 2660 548; x_wconf 80' lang='lat' dir='ltr'><strong>PSALMOS.</strong></span> <span class='ocrx_word' id='word_1_7' title='bbox 3548 497 3650 552; x_wconf 78' lang='lat'><strong>722</strong></span> 
     </span>
    </p>
   </div>
   <div class='ocr_carea' id='block_1_2' title="bbox 419 608 2028 683">
    <p class='ocr_par' dir='ltr' id='par_1_2' title="bbox 419 608 2028 681">
     <span class='ocr_line' id='line_1_2' title="bbox 419 608 2028 681; baseline 0.003 -21"><span class='ocrx_word' id='word_1_8' title='bbox 419 608 763 680; x_wconf 80' lang='grc' dir='ltr'>μολογεϊσθαι</span> <span class='ocrx_word' id='word_1_9' title='bbox 801 609 992 672; x_wconf 84' lang='grc' dir='ltr'><strong>κοινῶς</strong></span> <span class='ocrx_word' id='word_1_10' title='bbox 1023 610 1275 681; x_wconf 79' lang='grc' dir='ltr'>ήμελλον,</span> <span class='ocrx_word' id='word_1_11' title='bbox 1308 613 1396 665; x_wconf 86' lang='grc' dir='ltr'>ὅτε</span> <span class='ocrx_word' id='word_1_12' title='bbox 1422 613 1515 667; x_wconf 77' lang='grc' dir='ltr'><strong>καὶ</strong></span> <span class='ocrx_word' id='word_1_13' title='bbox 1544 614 1722 667; x_wconf 81' lang='grc' dir='ltr'>πᾶσαν</span> <span class='ocrx_word' id='word_1_14' title='bbox 1753 612 1781 664; x_wconf 90' lang='lat'><strong>6</strong></span> <span class='ocrx_word' id='word_1_15' title='bbox 1810 612 1980 680; x_wconf 85' lang='grc' dir='ltr'><strong>Λόγος</strong></span> <span class='ocrx_word' id='word_1_16' title='bbox 2006 619 2028 674; x_wconf 68' lang='lat'><em>1</em></span> 
     </span>
    </p>
   </div>
   <div class='ocr_carea' id='block_1_3' title="bbox 2054 608 3648 683">
    <p class='ocr_par' dir='ltr' id='par_1_3' title="bbox 2081 610 3648 683">
     <span class='ocr_line' id='line_1_3' title="bbox 2081 610 3648 683; baseline 0.003 -18"><span class='ocrx_word' id='word_1_17' title='bbox 2081 620 2243 682; x_wconf 89' lang='lat' dir='ltr'><strong>atque</strong></span> <span class='ocrx_word' id='word_1_18' title='bbox 2267 613 2367 667; x_wconf 89' lang='lat' dir='ltr'><strong>hos</strong></span> <span class='ocrx_word' id='word_1_19' title='bbox 2391 612 2500 668; x_wconf 90' lang='lat' dir='ltr'><strong>duo</strong></span> <span class='ocrx_word' id='word_1_20' title='bbox 2523 626 2685 682; x_wconf 84' lang='lat' dir='ltr'><strong>supra</strong></span> <span class='ocrx_word' id='word_1_21' title='bbox 2711 610 3050 683; x_wconf 77' lang='lat' dir='ltr'><strong>septuaginta</strong></span> <span class='ocrx_word' id='word_1_22' title='bbox 3077 625 3198 669; x_wconf 86' lang='lat' dir='ltr'><strong>esse</strong></span> <span class='ocrx_word' id='word_1_23' title='bbox 3222 611 3421 679; x_wconf 84' lang='lat' dir='ltr'><strong>voluit;</strong></span> <span class='ocrx_word' id='word_1_24' title='bbox 3450 613 3517 668; x_wconf 90' lang='lat' dir='ltr'><strong>ad</strong></span> <span class='ocrx_word' id='word_1_25' title='bbox 3547 615 3648 669; x_wconf 82' lang='lat' dir='ltr'><strong>lin-</strong></span> 
     </span>
    </p>
   </div>
   <div class='ocr_carea' id='block_1_4' title="bbox 414 700 2028 776">
    <p class='ocr_par' dir='ltr' id='par_1_4' title="bbox 414 700 1184 775">
     <span class='ocr_line' id='line_1_4' title="bbox 414 700 1184 775; baseline 0.003 -21"><span class='ocrx_word' id='word_1_26' title='bbox 414 700 682 775; x_wconf 78' lang='grc' dir='ltr'>περιλάϐῃ</span> <span class='ocrx_word' id='word_1_27' title='bbox 720 702 818 773; x_wconf 76' lang='grc' dir='ltr'>τὴν</span> <span class='ocrx_word' id='word_1_28' title='bbox 844 704 1184 774; x_wconf 73' lang='grc' dir='ltr'><strong>οἰκουμένην.</strong></span> 
     </span>
    </p>
   </div>
   <div class='ocr_carea' id='block_1_5' title="bbox 2054 700 3647 776">
    <p class='ocr_par' dir='ltr' id='par_1_5' title="bbox 2081 702 3647 776">
     <span class='ocr_line' id='line_1_5' title="bbox 2081 702 3647 776; baseline 0.003 -18"><span class='ocrx_word' id='word_1_29' title='bbox 2081 720 2215 774; x_wconf 75' lang='lat' dir='ltr'><strong>guas</strong></span> <span class='ocrx_word' id='word_1_30' title='bbox 2239 705 2559 774; x_wconf 79' lang='lat' dir='ltr'><strong>respiciens,</strong></span> <span class='ocrx_word' id='word_1_31' title='bbox 2586 706 2800 776; x_wconf 90' lang='lat' dir='ltr'><strong>opinor,</strong></span> <span class='ocrx_word' id='word_1_32' title='bbox 2831 702 3106 768; x_wconf 84' lang='lat' dir='ltr'><strong>confusas,</strong></span> <span class='ocrx_word' id='word_1_33' title='bbox 3130 704 3213 758; x_wconf 97' lang='lat' dir='ltr'><strong>vel</strong></span> <span class='ocrx_word' id='word_1_34' title='bbox 3241 703 3442 761; x_wconf 86' lang='lat' dir='ltr'><strong>divisas</strong></span> <span class='ocrx_word' id='word_1_35' title='bbox 3470 706 3647 776; x_wconf 89' lang='lat' dir='ltr'><strong>potius</strong></span> 
     </span>
    </p>
   </div>
   <div class='ocr_carea' id='block_1_6' title="bbox 413 795 3647 870">
    <p class='ocr_par' dir='ltr' id='par_1_6' title="bbox 413 795 3647 870">
     <span class='ocr_line' id='line_1_6' title="bbox 413 795 3647 870; baseline 0 -19"><span class='ocrx_word' id='word_1_36' title='bbox 413 795 468 851; x_wconf 92' lang='lat' dir='ltr'><strong>in</strong></span> <span class='ocrx_word' id='word_1_37' title='bbox 498 797 667 853; x_wconf 91' lang='lat' dir='ltr'><strong>turris</strong></span> <span class='ocrx_word' id='word_1_38' title='bbox 694 796 1066 853; x_wconf 65' lang='lat' dir='ltr'><strong>aedificatione.</strong></span> <span class='ocrx_word' id='word_1_39' title='bbox 1081 797 1220 865; x_wconf 86' lang='lat' dir='ltr'><strong>Quid</strong></span> <span class='ocrx_word' id='word_1_40' title='bbox 1239 801 1341 854; x_wconf 90' lang='lat' dir='ltr'><strong>hoc</strong></span> <span class='ocrx_word' id='word_1_41' title='bbox 1356 799 1473 870; x_wconf 91' lang='lat' dir='ltr'><strong>ipso</strong></span> <span class='ocrx_word' id='word_1_42' title='bbox 1487 808 1942 866; x_wconf 84' lang='lat' dir='ltr'><strong>commonstrans,</strong></span> <span class='ocrx_word' id='word_1_43' title='bbox 1968 797 2076 853; x_wconf 90' lang='lat' dir='ltr'><strong>nisi</strong></span> <span class='ocrx_word' id='word_1_44' title='bbox 2094 799 2239 869; x_wconf 88' lang='lat' dir='ltr'><strong>quod</strong></span> <span class='ocrx_word' id='word_1_45' title='bbox 2262 814 2452 855; x_wconf 91' lang='lat' dir='ltr'><strong>omnes</strong></span> <span class='ocrx_word' id='word_1_46' title='bbox 2474 798 2767 870; x_wconf 81' lang='lat' dir='ltr'><strong>aliquando</strong></span> <span class='ocrx_word' id='word_1_47' title='bbox 2786 799 2985 869; x_wconf 69' lang='lat' dir='ltr'><strong>lingua:</strong></span> <span class='ocrx_word' id='word_1_48' title='bbox 3003 813 3184 853; x_wconf 81' lang='lat' dir='ltr'><strong>secum</strong></span> <span class='ocrx_word' id='word_1_49' title='bbox 3201 807 3384 853; x_wconf 89' lang='lat' dir='ltr'><strong>essent</strong></span> <span class='ocrx_word' id='word_1_50' title='bbox 3415 799 3647 869; x_wconf 85' lang='lat' dir='ltr'><strong>conjun-</strong></span> 
     </span>
    </p>
   </div>
   <div class='ocr_carea' id='block_1_7' title="bbox 410 888 3611 962">
    <p class='ocr_par' dir='ltr' id='par_1_7' title="bbox 410 888 3611 962">
     <span class='ocr_line' id='line_1_7' title="bbox 410 888 3611 962; baseline 0 -17"><span class='ocrx_word' id='word_1_51' title='bbox 410 891 539 945; x_wconf 90' lang='lat' dir='ltr'><strong>ctim</strong></span> <span class='ocrx_word' id='word_1_52' title='bbox 570 888 627 943; x_wconf 91' lang='lat' dir='ltr'><strong>in</strong></span> <span class='ocrx_word' id='word_1_53' title='bbox 655 888 901 945; x_wconf 83' lang='lat' dir='ltr'><strong>eamdem</strong></span> <span class='ocrx_word' id='word_1_54' title='bbox 931 889 1109 946; x_wconf 82' lang='lat' dir='ltr'><strong>laudis</strong></span> <span class='ocrx_word' id='word_1_55' title='bbox 1127 888 1358 946; x_wconf 82' lang='lat' dir='ltr'><strong>formam</strong></span> <span class='ocrx_word' id='word_1_56' title='bbox 1385 906 1748 956; x_wconf 67' lang='lat' dir='ltr'><strong>consensum,</strong></span> <span class='ocrx_word' id='word_1_57' title='bbox 1776 906 1900 946; x_wconf 88' lang='lat' dir='ltr'><strong>cum</strong></span> <span class='ocrx_word' id='word_1_58' title='bbox 1921 888 2128 945; x_wconf 74' lang='lat' dir='ltr'><strong>scilicet</strong></span> <span class='ocrx_word' id='word_1_59' title='bbox 2162 889 2399 947; x_wconf 77' lang='lat' dir='ltr'><strong>Verbum</strong></span> <span class='ocrx_word' id='word_1_60' title='bbox 2419 901 2684 951; x_wconf 85' lang='lat' dir='ltr'><strong>terrarum</strong></span> <span class='ocrx_word' id='word_1_61' title='bbox 2707 891 2892 946; x_wconf 87' lang='lat' dir='ltr'><strong>orbem</strong></span> <span class='ocrx_word' id='word_1_62' title='bbox 2917 891 3225 946; x_wconf 90' lang='lat' dir='ltr'><strong>universum</strong></span> <span class='ocrx_word' id='word_1_63' title='bbox 3258 893 3611 962; x_wconf 84' lang='lat' dir='ltr'><strong>occupasset?</strong></span> 
     </span>
    </p>
   </div>
   <div class='ocr_carea' id='block_1_8' title="bbox 1384 989 2697 1090">
    <p class='ocr_par' dir='ltr' id='par_1_8' title="bbox 1384 989 2697 1090">
     <span class='ocr_line' id='line_1_8' title="bbox 1384 989 2697 1090; baseline -0.002 -3"><span class='ocrx_word' id='word_1_64' title='bbox 1384 1025 1877 1088; x_wconf 75' lang='lat' dir='ltr'><strong>FRAGMENTA</strong></span> <span class='ocrx_word' id='word_1_65' title='bbox 1943 989 2133 1090; x_wconf 70' lang='grc' dir='ltr'><strong>ΑῇΑ</strong></span> <span class='ocrx_word' id='word_1_66' title='bbox 2183 1027 2265 1087; x_wconf 86' lang='lat' dir='ltr'><strong>1N</strong></span> <span class='ocrx_word' id='word_1_67' title='bbox 2314 1024 2697 1087; x_wconf 84' lang='lat' dir='ltr'><strong>PSALMOS.</strong></span> 
     </span>
    </p>
   </div>
   <div class='ocr_carea' id='block_1_9' title="bbox 1211 1119 2824 1191">
    <p class='ocr_par' dir='ltr' id='par_1_9' title="bbox 1211 1119 2824 1191">
     <span class='ocr_line' id='line_1_9' title="bbox 1211 1119 2824 1191; baseline -0.001 -20"><span class='ocrx_word' id='word_1_68' title='bbox 1211 1119 1310 1178; x_wconf 81' lang='lat' dir='ltr'><strong>(De</strong></span> <span class='ocrx_word' id='word_1_69' title='bbox 1340 1121 1612 1183; x_wconf 72' lang='lat' dir='ltr'><strong>MAGISTRIS,</strong></span> <span class='ocrx_word' id='word_1_70' title='bbox 1637 1126 1758 1174; x_wconf 75' lang='lat' dir='ltr'><strong>Acta</strong></span> <span class='ocrx_word' id='word_1_71' title='bbox 1780 1124 2056 1191; x_wconf 79' lang='lat' dir='ltr'><strong>Martyrum</strong></span> <span class='ocrx_word' id='word_1_72' title='bbox 2082 1122 2314 1184; x_wconf 78' lang='lat' dir='ltr'><strong>Ostieua.,</strong></span> <span class='ocrx_word' id='word_1_73' title='bbox 2342 1137 2391 1186; x_wconf 91' lang='lat' dir='ltr'><strong>p.</strong></span> <span class='ocrx_word' id='word_1_74' title='bbox 2428 1122 2519 1171; x_wconf 73' lang='lat'><strong>236</strong></span> <span class='ocrx_word' id='word_1_75' title='bbox 2544 1123 2596 1172; x_wconf 90' lang='lat' dir='ltr'><strong>in</strong></span> <span class='ocrx_word' id='word_1_76' title='bbox 2632 1121 2824 1186; x_wconf 68' lang='lat' dir='ltr'><strong>textu.)~</strong></span> 
     </span>
    </p>
   </div>
   <div class='ocr_carea' id='block_1_10' title="bbox 1181 1210 2867 1349">
    <p class='ocr_par' dir='ltr' id='par_1_10' title="bbox 1181 1210 2867 1349">
     <span class='ocr_line' id='line_1_10' title="bbox 1181 1210 2867 1349; baseline 0.002 -19"><span class='ocrx_word' id='word_1_77' title='bbox 1181 1275 1251 1332; x_wconf 85' lang='lat' dir='ltr'><strong>In</strong></span> <span class='ocrx_word' id='word_1_78' title='bbox 1279 1277 1540 1348; x_wconf 79' lang='lat' dir='ltr'><strong>psalmum</strong></span> <span class='ocrx_word' id='word_1_79' title='bbox 1590 1295 1719 1345; x_wconf 75' lang='lat' dir='ltr'><strong>xxx,</strong></span> <span class='ocrx_word' id='word_1_80' title='bbox 1772 1279 1863 1335; x_wconf 86' lang='lat'><strong>22.</strong></span> <span class='ocrx_word' id='word_1_81' title='bbox 1897 1312 1969 1322; x_wconf 97' lang='lat'><strong>—</strong></span> <span class='ocrx_word' id='word_1_82' title='bbox 1991 1210 2064 1336; x_wconf 49' lang='grc' dir='ltr'><strong>ἑο</strong></span> <span class='ocrx_word' id='word_1_83' title='bbox 2095 1280 2359 1347; x_wconf 82' lang='lat' dir='ltr'><strong>triumpho</strong></span> <span class='ocrx_word' id='word_1_84' title='bbox 2381 1279 2505 1349; x_wconf 76' lang='lat' dir='ltr'><strong>ﬁdei</strong></span> <span class='ocrx_word' id='word_1_85' title='bbox 2534 1278 2867 1333; x_wconf 71' lang='lat' dir='ltr'><strong>Christianar.</strong></span> 
     </span>
    </p>
   </div>
   <div class='ocr_carea' id='block_1_11' title="bbox 479 1368 2028 1455">
    <p class='ocr_par' dir='ltr' id='par_1_11' title="bbox 479 1368 1978 1455">
     <span class='ocr_line' id='line_1_11' title="bbox 479 1368 1978 1455; baseline 0.006 -33"><span class='ocrx_word' id='word_1_86' title='bbox 479 1368 552 1455; x_wconf 69' lang='grc' dir='ltr'><strong>φῦ</strong></span> <span class='ocrx_word' id='word_1_87' title='bbox 599 1368 849 1424; x_wconf 78' lang='grc' dir='ltr'>τοσοῦτον</span> <span class='ocrx_word' id='word_1_88' title='bbox 886 1370 1158 1442; x_wconf 78' lang='grc' dir='ltr'><strong>θαύματος</strong></span> <span class='ocrx_word' id='word_1_89' title='bbox 1210 1372 1391 1438; x_wconf 77' lang='grc' dir='ltr'>ἄξιον,</span> <span class='ocrx_word' id='word_1_90' title='bbox 1432 1374 1558 1427; x_wconf 85' lang='grc' dir='ltr'>ὅταν</span> <span class='ocrx_word' id='word_1_91' title='bbox 1596 1373 1914 1445; x_wconf 74' lang='grc' dir='ltr'><strong>ἐμφαίνεται</strong></span> <span class='ocrx_word' id='word_1_92' title='bbox 1950 1378 1978 1431; x_wconf 99' lang='lat'><strong>6</strong></span> 
     </span>
    </p>
   </div>
   <div class='ocr_carea' id='block_1_12' title="bbox 2054 1368 3641 1455">
    <p class='ocr_par' dir='ltr' id='par_1_12' title="bbox 2152 1373 3641 1444">
     <span class='ocr_line' id='line_1_12' title="bbox 2152 1373 3641 1444; baseline 0.007 -15"><span class='ocrx_word' id='word_1_93' title='bbox 2152 1373 2307 1431; x_wconf 83' lang='lat' dir='ltr'><strong>Haud</strong></span> <span class='ocrx_word' id='word_1_94' title='bbox 2343 1384 2492 1430; x_wconf 88' lang='lat' dir='ltr'><strong>tanta</strong></span> <span class='ocrx_word' id='word_1_95' title='bbox 2524 1375 2747 1444; x_wconf 78' lang='lat' dir='ltr'><strong>dignum</strong></span> <span class='ocrx_word' id='word_1_96' title='bbox 2780 1390 2903 1429; x_wconf 90' lang='lat' dir='ltr'><strong>esse</strong></span> <span class='ocrx_word' id='word_1_97' title='bbox 2933 1374 3291 1435; x_wconf 83' lang='lat' dir='ltr'><strong>admiratione</strong></span> <span class='ocrx_word' id='word_1_98' title='bbox 3322 1395 3446 1437; x_wconf 76' lang='lat' dir='ltr'><strong>cum</strong></span> <span class='ocrx_word' id='word_1_99' title='bbox 3477 1384 3641 1440; x_wconf 86' lang='lat' dir='ltr'><strong>mise-</strong></span> 
     </span>
    </p>
   </div>
   <div class='ocr_carea' id='block_1_13' title="bbox 407 1460 2028 1543">
    <p class='ocr_par' dir='ltr' id='par_1_13' title="bbox 407 1460 1973 1539">
     <span class='ocr_line' id='line_1_13' title="bbox 407 1460 1973 1539; baseline 0.005 -26"><span class='ocrx_word' id='word_1_100' title='bbox 407 1460 553 1525; x_wconf 64' lang='grc' dir='ltr'>ἕλεος</span> <span class='ocrx_word' id='word_1_101' title='bbox 597 1462 691 1516; x_wconf 81' lang='grc' dir='ltr'>τοῦ</span> <span class='ocrx_word' id='word_1_102' title='bbox 731 1462 864 1517; x_wconf 75' lang='grc' dir='ltr'><strong>Θεοῦ</strong></span> <span class='ocrx_word' id='word_1_103' title='bbox 906 1464 964 1515; x_wconf 82' lang='grc' dir='ltr'>ὲν</span> <span class='ocrx_word' id='word_1_104' title='bbox 990 1467 1111 1539; x_wconf 82' lang='grc' dir='ltr'>ταῖς</span> <span class='ocrx_word' id='word_1_105' title='bbox 1159 1464 1506 1537; x_wconf 82' lang='grc' dir='ltr'>ήπλωμέναις</span> <span class='ocrx_word' id='word_1_106' title='bbox 1552 1466 1765 1520; x_wconf 83' lang='grc' dir='ltr'>πόλεσιν</span> <span class='ocrx_word' id='word_1_107' title='bbox 1788 1510 1803 1534; x_wconf 92' lang='grc'><strong>,</strong></span> <span class='ocrx_word' id='word_1_108' title='bbox 1851 1469 1973 1521; x_wconf 78' lang='grc' dir='ltr'>ὅσον</span> 
     </span>
    </p>
   </div>
   <div class='ocr_carea' id='block_1_14' title="bbox 2054 1460 3636 1543">
    <p class='ocr_par' dir='ltr' id='par_1_14' title="bbox 2077 1463 3636 1543">
     <span class='ocr_line' id='line_1_14' title="bbox 2077 1463 3636 1543; baseline 0.007 -23"><span class='ocrx_word' id='word_1_109' title='bbox 2077 1464 2311 1520; x_wconf 89' lang='lat' dir='ltr'><strong>ricordia</strong></span> <span class='ocrx_word' id='word_1_110' title='bbox 2380 1463 2473 1518; x_wconf 91' lang='lat' dir='ltr'><strong>Dei</strong></span> <span class='ocrx_word' id='word_1_111' title='bbox 2529 1465 2583 1517; x_wconf 92' lang='lat' dir='ltr'><strong>in</strong></span> <span class='ocrx_word' id='word_1_112' title='bbox 2643 1466 2982 1524; x_wconf 86' lang='lat' dir='ltr'><strong>tenuioribus</strong></span> <span class='ocrx_word' id='word_1_113' title='bbox 3039 1469 3348 1527; x_wconf 88' lang='lat' dir='ltr'><strong>civitatibus</strong></span> <span class='ocrx_word' id='word_1_114' title='bbox 3397 1484 3636 1543; x_wconf 87' lang='lat' dir='ltr'><strong>apparet,</strong></span> 
     </span>
    </p>
   </div>
   <div class='ocr_carea' id='block_1_15' title="bbox 407 1552 2028 1635">
    <p class='ocr_par' dir='ltr' id='par_1_15' title="bbox 407 1552 1971 1631">
     <span class='ocr_line' id='line_1_15' title="bbox 407 1552 1971 1631; baseline 0.004 -26"><span class='ocrx_word' id='word_1_115' title='bbox 407 1552 1049 1624; x_wconf 77' lang='grc' dir='ltr'>θαυμαστούμενος-τότε,</span> <span class='ocrx_word' id='word_1_116' title='bbox 1082 1556 1206 1609; x_wconf 86' lang='grc' dir='ltr'>ὅταν</span> <span class='ocrx_word' id='word_1_117' title='bbox 1243 1557 1300 1609; x_wconf 83' lang='grc' dir='ltr'>ὲν</span> <span class='ocrx_word' id='word_1_118' title='bbox 1333 1557 1482 1611; x_wconf 73' lang='grc' dir='ltr'>πόλει</span> <span class='ocrx_word' id='word_1_119' title='bbox 1517 1560 1775 1631; x_wconf 81' lang='grc' dir='ltr'><strong>περιοχῆς</strong></span> <span class='ocrx_word' id='word_1_120' title='bbox 1810 1559 1971 1631; x_wconf 86' lang='grc' dir='ltr'>γένη-</span> 
     </span>
    </p>
   </div>
   <div class='ocr_carea' id='block_1_16' title="bbox 2054 1552 3639 1635">
    <p class='ocr_par' dir='ltr' id='par_1_16' title="bbox 2075 1553 3639 1635">
     <span class='ocr_line' id='line_1_16' title="bbox 2075 1553 3639 1635; baseline 0.009 -27"><span class='ocrx_word' id='word_1_121' title='bbox 2075 1562 2276 1624; x_wconf 88' lang='lat' dir='ltr'><strong>quanta</strong></span> <span class='ocrx_word' id='word_1_122' title='bbox 2303 1553 2447 1623; x_wconf 87' lang='lat' dir='ltr'><strong>quod</strong></span> <span class='ocrx_word' id='word_1_123' title='bbox 2481 1572 2499 1604; x_wconf 80' lang='grc' dir='ltr'><strong>ι</strong></span> <span class='ocrx_word' id='word_1_124' title='bbox 2534 1553 2586 1606; x_wconf 93' lang='lat' dir='ltr'><strong>in</strong></span> <span class='ocrx_word' id='word_1_125' title='bbox 2611 1554 2825 1608; x_wconf 82' lang='lat' dir='ltr'><strong>civitate</strong></span> <span class='ocrx_word' id='word_1_126' title='bbox 2857 1558 3063 1613; x_wconf 89' lang='lat' dir='ltr'><strong>munita</strong></span> <span class='ocrx_word' id='word_1_127' title='bbox 3098 1558 3173 1631; x_wconf 81' lang='lat' dir='ltr'><strong>(i)</strong></span> <span class='ocrx_word' id='word_1_128' title='bbox 3216 1581 3235 1612; x_wconf 71' lang='grc' dir='ltr'><strong>ι</strong></span> <span class='ocrx_word' id='word_1_129' title='bbox 3267 1561 3319 1616; x_wconf 90' lang='lat' dir='ltr'><strong>id</strong></span> <span class='ocrx_word' id='word_1_130' title='bbox 3366 1563 3478 1632; x_wconf 87' lang='lat' dir='ltr'><strong>tlat,</strong></span> <span class='ocrx_word' id='word_1_131' title='bbox 3512 1580 3639 1635; x_wconf 92' lang='lat' dir='ltr'><strong>pro-</strong></span> 
     </span>
    </p>
   </div>
   <div class='ocr_carea' id='block_1_17' title="bbox 405 1642 2028 1716">
    <p class='ocr_par' dir='ltr' id='par_1_17' title="bbox 405 1642 1797 1716">
     <span class='ocr_line' id='line_1_17' title="bbox 405 1642 1797 1716; baseline 0.007 -22"><span class='ocrx_word' id='word_1_132' title='bbox 405 1658 514 1707; x_wconf 87' lang='grc' dir='ltr'>ται,</span> <span class='ocrx_word' id='word_1_133' title='bbox 547 1642 623 1707; x_wconf 85' lang='grc' dir='ltr'>ὡς</span> <span class='ocrx_word' id='word_1_134' title='bbox 657 1643 750 1697; x_wconf 84' lang='grc' dir='ltr'><strong>καὶ</strong></span> <span class='ocrx_word' id='word_1_135' title='bbox 779 1642 866 1697; x_wconf 81' lang='grc' dir='ltr'>διὰ</span> <span class='ocrx_word' id='word_1_136' title='bbox 894 1644 1049 1698; x_wconf 76' lang='grc' dir='ltr'>τοῦτο</span> <span class='ocrx_word' id='word_1_137' title='bbox 1077 1645 1366 1716; x_wconf 83' lang='grc' dir='ltr'>εὑλὸγητον</span> <span class='ocrx_word' id='word_1_138' title='bbox 1397 1643 1553 1705; x_wconf 74' lang='grc' dir='ltr'>εἶναι.</span> <span class='ocrx_word' id='word_1_139' title='bbox 1791 1677 1797 1682; x_wconf 91' lang='grc'><strong>-</strong></span> 
     </span>
    </p>
   </div>
   <div class='ocr_carea' id='block_1_18' title="bbox 2054 1642 3081 1716">
    <p class='ocr_par' dir='ltr' id='par_1_18' title="bbox 2073 1643 3081 1716">
     <span class='ocr_line' id='line_1_18' title="bbox 2073 1643 3081 1716; baseline 0.005 -16"><span class='ocrx_word' id='word_1_140' title='bbox 2073 1655 2362 1716; x_wconf 86' lang='lat' dir='ltr'><strong>ptereaque</strong></span> <span class='ocrx_word' id='word_1_141' title='bbox 2392 1643 2559 1700; x_wconf 87' lang='lat' dir='ltr'><strong>Deum</strong></span> <span class='ocrx_word' id='word_1_142' title='bbox 2582 1661 2703 1702; x_wconf 88' lang='lat' dir='ltr'><strong>esse</strong></span> <span class='ocrx_word' id='word_1_143' title='bbox 2734 1648 3081 1706; x_wconf 86' lang='lat' dir='ltr'><strong>laudandum.</strong></span> 
     </span>
    </p>
   </div>
   <div class='ocr_carea' id='block_1_19' title="bbox 912 1743 2362 1877">
    <p class='ocr_par' dir='ltr' id='par_1_19' title="bbox 912 1743 2362 1877">
     <span class='ocr_line' id='line_1_19' title="bbox 912 1743 2362 1877; baseline -0.007 -5"><span class='ocrx_word' id='word_1_144' title='bbox 912 1824 947 1849; x_wconf 51' lang='lat'>“</span> <span class='ocrx_word' id='word_1_145' title='bbox 1720 1812 1787 1867; x_wconf 83' lang='lat' dir='ltr'><strong>In</strong></span> <span class='ocrx_word' id='word_1_146' title='bbox 1827 1743 2100 1867; x_wconf 49' lang='lat' dir='ltr'><strong>Psalitltum</strong></span> <span class='ocrx_word' id='word_1_147' title='bbox 2136 1826 2244 1877; x_wconf 88' lang='lat' dir='ltr'><strong>Ltv,</strong></span> <span class='ocrx_word' id='word_1_148' title='bbox 2278 1809 2362 1863; x_wconf 76' lang='grc'>16.</span> 
     </span>
    </p>
   </div>
   <div class='ocr_carea' id='block_1_20' title="bbox 476 1899 2028 1978">
    <p class='ocr_par' dir='ltr' id='par_1_20' title="bbox 476 1899 2028 1978">
     <span class='ocr_line' id='line_1_20' title="bbox 476 1899 2028 1978; baseline 0.006 -26"><span class='ocrx_word' id='word_1_149' title='bbox 476 1899 701 1970; x_wconf 85' lang='grc' dir='ltr'>Ἐλεγέν</span> <span class='ocrx_word' id='word_1_150' title='bbox 723 1917 809 1964; x_wconf 88' lang='grc' dir='ltr'><strong>τις</strong></span> <span class='ocrx_word' id='word_1_151' title='bbox 839 1904 945 1955; x_wconf 82' lang='grc' dir='ltr'><strong>τῶν</strong></span> <span class='ocrx_word' id='word_1_152' title='bbox 983 1902 1243 1968; x_wconf 83' lang='grc' dir='ltr'>παλαιῶν,</span> <span class='ocrx_word' id='word_1_153' title='bbox 1275 1904 1480 1969; x_wconf 83' lang='grc' dir='ltr'>ζῶντας</span> <span class='ocrx_word' id='word_1_154' title='bbox 1514 1909 1594 1969; x_wconf 81' lang='grc' dir='ltr'><strong>εἰς</strong></span> <span class='ocrx_word' id='word_1_155' title='bbox 1621 1906 1747 1977; x_wconf 72' lang='grc' dir='ltr'>ᾅδου</span> <span class='ocrx_word' id='word_1_156' title='bbox 1781 1908 1973 1978; x_wconf 68' lang='grc' dir='ltr'>κατέρτ</span> <span class='ocrx_word' id='word_1_157' title='bbox 2005 1922 2028 1975; x_wconf 75' lang='grc' dir='ltr'><strong>ι</strong></span> 
     </span>
    </p>
   </div>
   <div class='ocr_carea' id='block_1_21' title="bbox 2054 1899 3634 1978">
    <p class='ocr_par' dir='ltr' id='par_1_21' title="bbox 2145 1902 3634 1975">
     <span class='ocr_line' id='line_1_21' title="bbox 2145 1902 3634 1975; baseline 0.009 -18"><span class='ocrx_word' id='word_1_158' title='bbox 2145 1902 2432 1958; x_wconf 80' lang='lat' dir='ltr'><strong>Referebat</strong></span> <span class='ocrx_word' id='word_1_159' title='bbox 2474 1918 2504 1956; x_wconf 86' lang='lat' dir='ltr'><strong>e</strong></span> <span class='ocrx_word' id='word_1_160' title='bbox 2539 1903 2845 1960; x_wconf 85' lang='lat' dir='ltr'><strong>senioribus</strong></span> <span class='ocrx_word' id='word_1_161' title='bbox 2883 1906 3098 1975; x_wconf 86' lang='lat' dir='ltr'><strong>quidam</strong></span> <span class='ocrx_word' id='word_1_162' title='bbox 3144 1909 3291 1966; x_wconf 85' lang='lat' dir='ltr'><strong>solos</strong></span> <span class='ocrx_word' id='word_1_163' title='bbox 3318 1911 3438 1968; x_wconf 92' lang='lat' dir='ltr'><strong>illos</strong></span> <span class='ocrx_word' id='word_1_164' title='bbox 3466 1914 3519 1968; x_wconf 91' lang='lat' dir='ltr'><strong>in</strong></span> <span class='ocrx_word' id='word_1_165' title='bbox 3546 1915 3634 1970; x_wconf 90' lang='lat' dir='ltr'><strong>in-</strong></span> 
     </span>
    </p>
   </div>
   <div class='ocr_carea' id='block_1_22' title="bbox 406 1988 2028 2069">
    <p class='ocr_par' dir='ltr' id='par_1_22' title="bbox 406 1988 1969 2066">
     <span class='ocr_line' id='line_1_22' title="bbox 406 1988 1969 2066; baseline 0.004 -24"><span class='ocrx_word' id='word_1_166' title='bbox 406 1988 593 2061; x_wconf 78' lang='grc' dir='ltr'>χεσθαι</span> <span class='ocrx_word' id='word_1_167' title='bbox 628 1990 821 2062; x_wconf 82' lang='grc' dir='ltr'><strong>μόνους</strong></span> <span class='ocrx_word' id='word_1_168' title='bbox 849 1993 976 2057; x_wconf 78' lang='grc' dir='ltr'>τοὺς</span> <span class='ocrx_word' id='word_1_169' title='bbox 1004 1995 1304 2064; x_wconf 77' lang='grc' dir='ltr'><strong>κατήχησιν</strong></span> <span class='ocrx_word' id='word_1_170' title='bbox 1342 1995 1448 2048; x_wconf 86' lang='grc' dir='ltr'>τῶν</span> <span class='ocrx_word' id='word_1_171' title='bbox 1484 1994 1640 2049; x_wconf 82' lang='grc' dir='ltr'>θείων</span> <span class='ocrx_word' id='word_1_172' title='bbox 1674 1988 1969 2066; x_wconf 74' lang='grc' dir='ltr'>παιδευμά-</span> 
     </span>
    </p>
   </div>
   <div class='ocr_carea' id='block_1_23' title="bbox 2054 1988 3636 2069">
    <p class='ocr_par' dir='ltr' id='par_1_23' title="bbox 2073 1994 3636 2069">
     <span class='ocr_line' id='line_1_23' title="bbox 2073 1994 3636 2069; baseline 0.008 -18"><span class='ocrx_word' id='word_1_173' title='bbox 2073 1996 2285 2051; x_wconf 82' lang='lat' dir='ltr'><strong>i‘ernum</strong></span> <span class='ocrx_word' id='word_1_174' title='bbox 2320 1994 2559 2050; x_wconf 79' lang='lat' dir='ltr'><strong>viventes</strong></span> <span class='ocrx_word' id='word_1_175' title='bbox 2583 1995 2909 2052; x_wconf 85' lang='lat' dir='ltr'><strong>descendere</strong></span> <span class='ocrx_word' id='word_1_176' title='bbox 2928 2038 2944 2064; x_wconf 94' lang='lat'><strong>,</strong></span> <span class='ocrx_word' id='word_1_177' title='bbox 2991 2003 3084 2069; x_wconf 87' lang='lat' dir='ltr'><strong>qui</strong></span> <span class='ocrx_word' id='word_1_178' title='bbox 3110 2001 3308 2058; x_wconf 88' lang='lat' dir='ltr'><strong>divinis</strong></span> <span class='ocrx_word' id='word_1_179' title='bbox 3331 2015 3511 2061; x_wconf 89' lang='lat' dir='ltr'><strong>essent</strong></span> <span class='ocrx_word' id='word_1_180' title='bbox 3536 2007 3636 2064; x_wconf 85' lang='lat' dir='ltr'><strong>do-</strong></span> 
     </span>
    </p>
   </div>
   <div class='ocr_carea' id='block_1_24' title="bbox 403 2079 2028 2167">
    <p class='ocr_par' dir='ltr' id='par_1_24' title="bbox 403 2079 1965 2167">
     <span class='ocr_line' id='line_1_24' title="bbox 403 2079 1965 2167; baseline 0.004 -34"><span class='ocrx_word' id='word_1_181' title='bbox 403 2096 511 2134; x_wconf 87' lang='grc' dir='ltr'><strong>των</strong></span> <span class='ocrx_word' id='word_1_182' title='bbox 541 2079 762 2151; x_wconf 77' lang='grc' dir='ltr'>ἔχοντας</span> <span class='ocrx_word' id='word_1_183' title='bbox 780 2099 793 2113; x_wconf 78' lang='grc' dir='ltr'>ο</span> <span class='ocrx_word' id='word_1_184' title='bbox 843 2085 871 2136; x_wconf 88' lang='lat'><strong>6</strong></span> <span class='ocrx_word' id='word_1_185' title='bbox 897 2083 1005 2156; x_wconf 83' lang='grc' dir='ltr'>γὰρ</span> <span class='ocrx_word' id='word_1_186' title='bbox 1041 2085 1299 2154; x_wconf 76' lang='grc' dir='ltr'><strong>ἄγευστος</strong></span> <span class='ocrx_word' id='word_1_187' title='bbox 1326 2085 1436 2140; x_wconf 83' lang='grc' dir='ltr'><strong>τῶν</strong></span> <span class='ocrx_word' id='word_1_188' title='bbox 1478 2086 1579 2159; x_wconf 82' lang='grc' dir='ltr'>τῆς</span> <span class='ocrx_word' id='word_1_189' title='bbox 1607 2086 1749 2158; x_wconf 78' lang='grc' dir='ltr'>ζωῆς</span> <span class='ocrx_word' id='word_1_190' title='bbox 1776 2087 1965 2167; x_wconf 54' lang='grc' dir='ltr'>λόγων,</span> 
     </span>
    </p>
   </div>
   <div class='ocr_carea' id='block_1_25' title="bbox 2054 2079 3633 2167">
    <p class='ocr_par' dir='ltr' id='par_1_25' title="bbox 2074 2086 3633 2158">
     <span class='ocr_line' id='line_1_25' title="bbox 2074 2086 3633 2158; baseline 0.008 -17"><span class='ocrx_word' id='word_1_191' title='bbox 2074 2088 2264 2153; x_wconf 68' lang='lat' dir='ltr'><strong>ruinis</strong></span> <span class='ocrx_word' id='word_1_192' title='bbox 2313 2086 2546 2140; x_wconf 88' lang='lat' dir='ltr'><strong>instituti</strong></span> <span class='ocrx_word' id='word_1_193' title='bbox 2583 2101 2602 2140; x_wconf 93' lang='lat'><strong><em>:</em></strong></span> <span class='ocrx_word' id='word_1_194' title='bbox 2643 2103 2767 2142; x_wconf 89' lang='lat' dir='ltr'><strong>nam</strong></span> <span class='ocrx_word' id='word_1_195' title='bbox 2801 2089 2894 2158; x_wconf 89' lang='lat' dir='ltr'><strong>qui</strong></span> <span class='ocrx_word' id='word_1_196' title='bbox 2926 2090 3048 2147; x_wconf 64' lang='lat' dir='ltr'><strong>vitae</strong></span> <span class='ocrx_word' id='word_1_197' title='bbox 3080 2107 3359 2150; x_wconf 89' lang='lat' dir='ltr'><strong>sermones</strong></span> <span class='ocrx_word' id='word_1_198' title='bbox 3397 2111 3504 2151; x_wconf 89' lang='lat' dir='ltr'><strong>non</strong></span> <span class='ocrx_word' id='word_1_199' title='bbox 3535 2097 3633 2154; x_wconf 89' lang='lat' dir='ltr'><strong>de-</strong></span> 
     </span>
    </p>
   </div>
   <div class='ocr_carea' id='block_1_26' title="bbox 401 2171 2028 2251">
    <p class='ocr_par' dir='ltr' id='par_1_26' title="bbox 401 2171 1869 2247">
     <span class='ocr_line' id='line_1_26' title="bbox 401 2171 1869 2247; baseline -0.001 -22"><span class='ocrx_word' id='word_1_200' title='bbox 401 2171 607 2243; x_wconf 78' lang='grc' dir='ltr'>νεκρός.</span> <span class='ocrx_word' id='word_1_201' title='bbox 1864 2242 1869 2247; x_wconf 26' lang='grc' dir='ltr'>ν</span> 
     </span>
    </p>
   </div>
   <div class='ocr_carea' id='block_1_27' title="bbox 2054 2171 3334 2251">
    <p class='ocr_par' dir='ltr' id='par_1_27' title="bbox 2076 2180 3334 2251">
     <span class='ocr_line' id='line_1_27' title="bbox 2076 2180 3334 2251; baseline 0.003 -19"><span class='ocrx_word' id='word_1_202' title='bbox 2076 2180 2329 2251; x_wconf 79' lang='lat' dir='ltr'><strong>gustavit,</strong></span> <span class='ocrx_word' id='word_1_203' title='bbox 2361 2188 2608 2237; x_wconf 88' lang='lat' dir='ltr'><strong>mortuus</strong></span> <span class='ocrx_word' id='word_1_204' title='bbox 2635 2189 2735 2234; x_wconf 90' lang='lat' dir='ltr'><strong>cst.</strong></span> <span class='ocrx_word' id='word_1_205' title='bbox 3328 2200 3334 2211; x_wconf 84' lang='grc'><strong>·</strong></span> 
     </span>
    </p>
   </div>
   <div class='ocr_carea' id='block_1_28' title="bbox 410 2362 3624 2492">
    <p class='ocr_par' dir='ltr' id='par_1_28' title="bbox 410 2362 3624 2492">
     <span class='ocr_line' id='line_1_28' title="bbox 410 2362 3624 2492; baseline 0.003 -73"><span class='ocrx_word' id='word_1_206' title='bbox 410 2362 476 2419; x_wconf 86' lang='lat' dir='ltr'><strong>In</strong></span> <span class='ocrx_word' id='word_1_207' title='bbox 508 2366 774 2434; x_wconf 78' lang='lat' dir='ltr'><strong>psalmum</strong></span> <span class='ocrx_word' id='word_1_208' title='bbox 810 2383 941 2432; x_wconf 81' lang='lat' dir='ltr'><strong>Lvn,</strong></span> <span class='ocrx_word' id='word_1_209' title='bbox 977 2368 1065 2422; x_wconf 75' lang='lat' dir='ltr'><strong>i2.</strong></span> <span class='ocrx_word' id='word_1_210' title='bbox 1101 2400 1170 2409; x_wconf 98' lang='lat'><strong>—</strong></span> <span class='ocrx_word' id='word_1_211' title='bbox 1195 2369 1438 2424; x_wconf 82' lang='lat' dir='ltr'><strong>Scribam</strong></span> <span class='ocrx_word' id='word_1_212' title='bbox 1467 2386 1619 2423; x_wconf 80' lang='lat' dir='ltr'><strong>suum</strong></span> <span class='ocrx_word' id='word_1_213' title='bbox 1648 2367 1954 2492; x_wconf 55' lang='lat' dir='ltr'><strong>alloquitgr,</strong></span> <span class='ocrx_word' id='word_1_214' title='bbox 1990 2370 2178 2439; x_wconf 81' lang='lat' dir='ltr'><strong>virum,</strong></span> <span class='ocrx_word' id='word_1_215' title='bbox 2205 2377 2261 2422; x_wconf 88' lang='lat' dir='ltr'><strong>ut</strong></span> <span class='ocrx_word' id='word_1_216' title='bbox 2284 2369 2511 2433; x_wconf 71' lang='lat' dir='ltr'><strong>videtur,</strong></span> <span class='ocrx_word' id='word_1_217' title='bbox 2537 2385 2637 2422; x_wconf 84' lang='lat' dir='ltr'><strong>non</strong></span> <span class='ocrx_word' id='word_1_218' title='bbox 2665 2368 2948 2422; x_wconf 84' lang='lat' dir='ltr'><strong>indoctum.</strong></span> <span class='ocrx_word' id='word_1_219' title='bbox 2986 2368 3117 2423; x_wconf 83' lang='lat' dir='ltr'><strong>Cum</strong></span> <span class='ocrx_word' id='word_1_220' title='bbox 3144 2372 3624 2445; x_wconf 77' lang='lat' dir='ltr'><strong>enim‘llippolytus</strong></span> 
     </span>
     <span class='ocr_line' id='line_1_29' title="bbox 1903 2450 2151 2492; baseline 0 0"><span class='ocrx_word' id='word_1_221' title='bbox 1903 2450 2108 2492; x_wconf 82' lang='lat' dir='ltr'><strong>tctasset</strong></span> <span class='ocrx_word' id='word_1_222' title='bbox 2134 2455 2151 2492; x_wconf 91' lang='lat'><strong><em>:</em></strong></span> 
     </span>
    </p>
   </div>
   <div class='ocr_carea' id='block_1_29' title="bbox 1903 2450 2151 2493">
    <p class='ocr_par' dir='ltr' id='par_1_29' title="bbox 1903 2450 2151 2493">
     <span class='ocr_line' id='line_1_30' title="bbox 1903 2450 2151 2493; baseline 0.004 -1"><span class='ocrx_word' id='word_1_223' title='bbox 1903 2450 2108 2493; x_wconf 74' lang='grc' dir='ltr'>ιειαεεει</span> <span class='ocrx_word' id='word_1_224' title='bbox 2134 2455 2151 2493; x_wconf 74' lang='grc' dir='ltr'><strong><em>ἔ</em></strong></span> 
     </span>
    </p>
   </div>
   <div class='ocr_carea' id='block_1_30' title="bbox 482 2528 2028 2607">
    <p class='ocr_par' dir='ltr' id='par_1_30' title="bbox 482 2528 1966 2606">
     <span class='ocr_line' id='line_1_31' title="bbox 482 2528 1966 2606; baseline 0.003 -22"><span class='ocrx_word' id='word_1_225' title='bbox 482 2531 632 2585; x_wconf 79' lang='grc' dir='ltr'>Ἐπεὶ</span> <span class='ocrx_word' id='word_1_226' title='bbox 670 2532 727 2585; x_wconf 88' lang='grc' dir='ltr'><strong>δέ</strong></span> <span class='ocrx_word' id='word_1_227' title='bbox 755 2533 870 2585; x_wconf 82' lang='grc' dir='ltr'>ὲστί</span> <span class='ocrx_word' id='word_1_228' title='bbox 908 2550 993 2596; x_wconf 90' lang='grc' dir='ltr'><strong>τις</strong></span> <span class='ocrx_word' id='word_1_229' title='bbox 1034 2534 1243 2606; x_wconf 81' lang='grc' dir='ltr'>καιρὸς,</span> <span class='ocrx_word' id='word_1_230' title='bbox 1277 2537 1333 2587; x_wconf 80' lang='grc' dir='ltr'>ὲν</span> <span class='ocrx_word' id='word_1_231' title='bbox 1356 2528 1400 2603; x_wconf 80' lang='grc' dir='ltr'>ᾧ</span> <span class='ocrx_word' id='word_1_232' title='bbox 1428 2537 1457 2587; x_wconf 91' lang='lat'><strong>6</strong></span> <span class='ocrx_word' id='word_1_233' title='bbox 1493 2535 1590 2605; x_wconf 85' lang='grc' dir='ltr'>μὲν</span> <span class='ocrx_word' id='word_1_234' title='bbox 1630 2535 1834 2598; x_wconf 89' lang='grc' dir='ltr'>δίκαιος</span> <span class='ocrx_word' id='word_1_235' title='bbox 1866 2550 1966 2605; x_wconf 84' lang='grc' dir='ltr'><strong>χα-</strong></span> 
     </span>
    </p>
   </div>
   <div class='ocr_carea' id='block_1_31' title="bbox 2054 2528 3625 2607">
    <p class='ocr_par' dir='ltr' id='par_1_31' title="bbox 2134 2531 3625 2607">
     <span class='ocr_line' id='line_1_32' title="bbox 2134 2531 3625 2607; baseline 0.003 -18"><span class='ocrx_word' id='word_1_236' title='bbox 2134 2532 2238 2589; x_wconf 87' lang='lat' dir='ltr'><strong>Sed</strong></span> <span class='ocrx_word' id='word_1_237' title='bbox 2266 2531 2522 2603; x_wconf 87' lang='lat' dir='ltr'><strong>quoniam</strong></span> <span class='ocrx_word' id='word_1_238' title='bbox 2555 2541 2765 2602; x_wconf 88' lang='lat' dir='ltr'><strong>tempus</strong></span> <span class='ocrx_word' id='word_1_239' title='bbox 2789 2542 2873 2589; x_wconf 90' lang='lat' dir='ltr'><strong>est</strong></span> <span class='ocrx_word' id='word_1_240' title='bbox 2892 2534 3184 2604; x_wconf 87' lang='lat' dir='ltr'><strong>quoddam,</strong></span> <span class='ocrx_word' id='word_1_241' title='bbox 3214 2537 3267 2589; x_wconf 91' lang='lat' dir='ltr'><strong>in</strong></span> <span class='ocrx_word' id='word_1_242' title='bbox 3303 2552 3412 2606; x_wconf 91' lang='lat' dir='ltr'><strong>quo</strong></span> <span class='ocrx_word' id='word_1_243' title='bbox 3438 2537 3625 2607; x_wconf 90' lang='lat' dir='ltr'><strong>justus</strong></span> 
     </span>
    </p>
   </div>
   <div class='ocr_carea' id='block_1_32' title="bbox 400 2622 2028 2698">
    <p class='ocr_par' dir='ltr' id='par_1_32' title="bbox 400 2622 1968 2698">
     <span class='ocr_line' id='line_1_33' title="bbox 400 2622 1968 2698; baseline 0.004 -24"><span class='ocrx_word' id='word_1_244' title='bbox 400 2622 644 2693; x_wconf 85' lang='grc' dir='ltr'>ρήσεται,</span> <span class='ocrx_word' id='word_1_245' title='bbox 673 2626 721 2676; x_wconf 80' lang='grc' dir='ltr'>οἱ</span> <span class='ocrx_word' id='word_1_246' title='bbox 740 2623 797 2677; x_wconf 80' lang='grc' dir='ltr'>δὲ</span> <span class='ocrx_word' id='word_1_247' title='bbox 814 2624 1125 2696; x_wconf 71' lang='grc' dir='ltr'>ἁμαρτωλοὶ</span> <span class='ocrx_word' id='word_1_248' title='bbox 1155 2626 1216 2679; x_wconf 84' lang='grc' dir='ltr'>τὸ</span> <span class='ocrx_word' id='word_1_249' title='bbox 1243 2624 1430 2696; x_wconf 83' lang='grc' dir='ltr'>λεχθὲν</span> <span class='ocrx_word' id='word_1_250' title='bbox 1460 2629 1586 2698; x_wconf 78' lang='grc' dir='ltr'>περὶ</span> <span class='ocrx_word' id='word_1_251' title='bbox 1612 2626 1789 2680; x_wconf 83' lang='grc' dir='ltr'>αὐτῶν</span> <span class='ocrx_word' id='word_1_252' title='bbox 1817 2626 1968 2691; x_wconf 85' lang='grc' dir='ltr'>τέλος</span> 
     </span>
    </p>
   </div>
   <div class='ocr_carea' id='block_1_33' title="bbox 2054 2622 3627 2698">
    <p class='ocr_par' dir='ltr' id='par_1_33' title="bbox 2064 2623 3627 2697">
     <span class='ocr_line' id='line_1_34' title="bbox 2064 2623 3627 2697; baseline 0.003 -18"><span class='ocrx_word' id='word_1_253' title='bbox 2064 2626 2281 2696; x_wconf 87' lang='lat' dir='ltr'><strong>quidem</strong></span> <span class='ocrx_word' id='word_1_254' title='bbox 2330 2623 2626 2692; x_wconf 71' lang='lat' dir='ltr'><strong>gaudebit,</strong></span> <span class='ocrx_word' id='word_1_255' title='bbox 2655 2633 2964 2694; x_wconf 77' lang='lat' dir='ltr'><strong>peccatores</strong></span> <span class='ocrx_word' id='word_1_256' title='bbox 3000 2642 3126 2680; x_wconf 82' lang='lat' dir='ltr'><strong>vero</strong></span> <span class='ocrx_word' id='word_1_257' title='bbox 3166 2628 3479 2697; x_wconf 57' lang='lat' dir='ltr'><strong>praedictum</strong></span> <span class='ocrx_word' id='word_1_258' title='bbox 3519 2628 3627 2684; x_wconf 89' lang='lat' dir='ltr'><strong>illis</strong></span> 
     </span>
    </p>
   </div>
   <div class='ocr_carea' id='block_1_34' title="bbox 398 2711 1971 2789">
    <p class='ocr_par' dir='ltr' id='par_1_34' title="bbox 398 2711 1971 2789">
     <span class='ocr_line' id='line_1_35' title="bbox 398 2711 1971 2789; baseline 0.004 -24"><span class='ocrx_word' id='word_1_259' title='bbox 398 2713 627 2778; x_wconf 74' lang='grc' dir='ltr'>ἕξουσιν,</span> <span class='ocrx_word' id='word_1_260' title='bbox 646 2714 867 2779; x_wconf 78' lang='grc' dir='ltr'><strong>εἰκότως</strong></span> <span class='ocrx_word' id='word_1_261' title='bbox 886 2716 1168 2787; x_wconf 82' lang='grc' dir='ltr'><strong>ὁμολογεῖν</strong></span> <span class='ocrx_word' id='word_1_262' title='bbox 1192 2717 1406 2781; x_wconf 82' lang='grc' dir='ltr'>πάντως</span> <span class='ocrx_word' id='word_1_263' title='bbox 1431 2719 1694 2789; x_wconf 83' lang='grc' dir='ltr'>προσήκει</span> <span class='ocrx_word' id='word_1_264' title='bbox 1725 2711 1819 2772; x_wconf 66' lang='grc' dir='ltr'><strong>καῖ</strong></span> <span class='ocrx_word' id='word_1_265' title='bbox 1844 2719 1971 2772; x_wconf 89' lang='grc' dir='ltr'>ἀπο-</span> 
     </span>
    </p>
   </div>
   <div class='ocr_carea' id='block_1_35' title="bbox 397 2800 1970 2877">
    <p class='ocr_par' dir='ltr' id='par_1_35' title="bbox 397 2800 1970 2877">
     <span class='ocr_line' id='line_1_36' title="bbox 397 2800 1970 2877; baseline 0.003 -22"><span class='ocrx_word' id='word_1_266' title='bbox 397 2802 701 2872; x_wconf 82' lang='grc' dir='ltr'>φαίνεσθαι,</span> <span class='ocrx_word' id='word_1_267' title='bbox 732 2804 813 2857; x_wconf 78' lang='grc' dir='ltr'>ὃτι</span> <span class='ocrx_word' id='word_1_268' title='bbox 856 2800 979 2858; x_wconf 70' lang='grc' dir='ltr'>ἐσυτῖ</span> <span class='ocrx_word' id='word_1_269' title='bbox 1006 2804 1139 2868; x_wconf 84' lang='grc' dir='ltr'><strong>Θεὸς</strong></span> <span class='ocrx_word' id='word_1_270' title='bbox 1175 2805 1368 2877; x_wconf 75' lang='grc' dir='ltr'>ἔφορος</span> <span class='ocrx_word' id='word_1_271' title='bbox 1408 2808 1502 2861; x_wconf 77' lang='grc' dir='ltr'>καὶ</span> <span class='ocrx_word' id='word_1_272' title='bbox 1537 2806 1829 2871; x_wconf 80' lang='grc' dir='ltr'>ἐπίσκοπος</span> <span class='ocrx_word' id='word_1_273' title='bbox 1862 2806 1970 2860; x_wconf 84' lang='grc' dir='ltr'><strong>τῶν</strong></span> 
     </span>
    </p>
   </div>
   <div class='ocr_carea' id='block_1_36' title="bbox 394 2895 1962 2969">
    <p class='ocr_par' dir='ltr' id='par_1_36' title="bbox 394 2895 1962 2969">
     <span class='ocr_line' id='line_1_37' title="bbox 394 2895 1962 2969; baseline 0.002 -21"><span class='ocrx_word' id='word_1_274' title='bbox 394 2897 455 2948; x_wconf 76' lang='grc' dir='ltr'>ἐν</span> <span class='ocrx_word' id='word_1_275' title='bbox 479 2895 784 2967; x_wconf 82' lang='grc' dir='ltr'>ἀνθρώποις</span> <span class='ocrx_word' id='word_1_276' title='bbox 815 2898 1219 2967; x_wconf 80' lang='grc' dir='ltr'><strong>πραττομένων,</strong></span> <span class='ocrx_word' id='word_1_277' title='bbox 1252 2897 1449 2969; x_wconf 84' lang='grc' dir='ltr'>κρίνων</span> <span class='ocrx_word' id='word_1_278' title='bbox 1478 2897 1727 2967; x_wconf 70' lang='grc' dir='ltr'>ᾇπαντας</span> <span class='ocrx_word' id='word_1_279' title='bbox 1750 2898 1875 2961; x_wconf 81' lang='grc' dir='ltr'>τοὺς</span> <span class='ocrx_word' id='word_1_280' title='bbox 1904 2900 1962 2951; x_wconf 84' lang='grc' dir='ltr'>ὲν</span> 
     </span>
    </p>
   </div>
   <div class='ocr_carea' id='block_1_37' title="bbox 393 2989 1965 3062">
    <p class='ocr_par' dir='ltr' id='par_1_37' title="bbox 393 2989 1965 3062">
     <span class='ocr_line' id='line_1_38' title="bbox 393 2989 1965 3062; baseline 0.003 -23"><span class='ocrx_word' id='word_1_281' title='bbox 393 2991 459 3058; x_wconf 83' lang='grc' dir='ltr'><strong>τῇ</strong></span> <span class='ocrx_word' id='word_1_282' title='bbox 504 2990 574 3059; x_wconf 82' lang='grc' dir='ltr'><strong>γῇ</strong></span> <span class='ocrx_word' id='word_1_283' title='bbox 634 2989 1138 3060; x_wconf 83' lang='grc' dir='ltr'>πολιτευσαμένους.</span> <span class='ocrx_word' id='word_1_284' title='bbox 1206 2990 1523 3059; x_wconf 82' lang='grc' dir='ltr'>Ἐπιστῆσαι</span> <span class='ocrx_word' id='word_1_285' title='bbox 1574 2991 1629 3043; x_wconf 85' lang='grc' dir='ltr'>δὲ</span> <span class='ocrx_word' id='word_1_286' title='bbox 1676 2990 1965 3062; x_wconf 82' lang='grc' dir='ltr'><strong>προσήκει⁹</strong></span> 
     </span>
    </p>
   </div>
   <div class='ocr_carea' id='block_1_38' title="bbox 397 3080 1963 3155">
    <p class='ocr_par' dir='ltr' id='par_1_38' title="bbox 397 3080 1963 3155">
     <span class='ocr_line' id='line_1_39' title="bbox 397 3080 1963 3155; baseline -0.005 -12"><span class='ocrx_word' id='word_1_287' title='bbox 397 3082 607 3152; x_wconf 79' lang='grc' dir='ltr'>μήποτε</span> <span class='ocrx_word' id='word_1_288' title='bbox 650 3082 683 3153; x_wconf 77' lang='grc' dir='ltr'><strong>ἡ</strong></span> <span class='ocrx_word' id='word_1_289' title='bbox 726 3080 863 3152; x_wconf 78' lang='grc' dir='ltr'>μετὰ</span> <span class='ocrx_word' id='word_1_290' title='bbox 902 3084 1086 3153; x_wconf 77' lang='grc' dir='ltr'>χεῖρας</span> <span class='ocrx_word' id='word_1_291' title='bbox 1122 3083 1440 3155; x_wconf 80' lang='grc' dir='ltr'><strong>προφητεία,</strong></span> <span class='ocrx_word' id='word_1_292' title='bbox 1493 3085 1639 3136; x_wconf 78' lang='grc' dir='ltr'>πᾶσα</span> <span class='ocrx_word' id='word_1_293' title='bbox 1678 3081 1963 3146; x_wconf 86' lang='grc' dir='ltr'>ἀκόλουθος</span> 
     </span>
    </p>
   </div>
   <div class='ocr_carea' id='block_1_39' title="bbox 393 3170 1962 3247">
    <p class='ocr_par' dir='ltr' id='par_1_39' title="bbox 393 3170 1962 3247">
     <span class='ocr_line' id='line_1_40' title="bbox 393 3170 1962 3247; baseline 0 -21"><span class='ocrx_word' id='word_1_294' title='bbox 393 3170 525 3227; x_wconf 74' lang='grc' dir='ltr'>οὖσα</span> <span class='ocrx_word' id='word_1_295' title='bbox 565 3175 660 3227; x_wconf 79' lang='grc' dir='ltr'>καὶ</span> <span class='ocrx_word' id='word_1_296' title='bbox 703 3174 1016 3245; x_wconf 82' lang='grc' dir='ltr'>συνημμένη</span> <span class='ocrx_word' id='word_1_297' title='bbox 1056 3177 1172 3237; x_wconf 85' lang='grc' dir='ltr'>ταῖς</span> <span class='ocrx_word' id='word_1_298' title='bbox 1216 3173 1320 3247; x_wconf 80' lang='grc' dir='ltr'>πρὸ</span> <span class='ocrx_word' id='word_1_299' title='bbox 1354 3174 1524 3245; x_wconf 82' lang='grc' dir='ltr'>αὐτῆς</span> <span class='ocrx_word' id='word_1_300' title='bbox 1548 3219 1561 3238; x_wconf 89' lang='grc'><strong>,</strong></span> <span class='ocrx_word' id='word_1_301' title='bbox 1594 3173 1663 3228; x_wconf 74' lang='grc' dir='ltr'>τὰ</span> <span class='ocrx_word' id='word_1_302' title='bbox 1693 3173 1820 3245; x_wconf 84' lang='grc' dir='ltr'>τέλη</span> <span class='ocrx_word' id='word_1_303' title='bbox 1847 3174 1962 3227; x_wconf 84' lang='grc' dir='ltr'>δια-</span> 
     </span>
    </p>
   </div>
   <div class='ocr_carea' id='block_1_40' title="bbox 290 3268 624 3338">
    <p class='ocr_par' dir='ltr' id='par_1_40' title="bbox 290 3268 624 3338">
     <span class='ocr_line' id='line_1_41' title="bbox 290 3268 624 3338; baseline 0.009 -3"><span class='ocrx_word' id='word_1_304' title='bbox 290 3296 301 3307; x_wconf 69' lang='grc' dir='ltr'><em>ι</em></span> <span class='ocrx_word' id='word_1_305' title='bbox 391 3268 579 3338; x_wconf 77' lang='grc' dir='ltr'>γράφῃ</span> <span class='ocrx_word' id='word_1_306' title='bbox 610 3283 624 3299; x_wconf 83' lang='lat'><strong><em>°</em></strong></span> 
     </span>
    </p>
   </div>
   <div class='ocr_carea' id='block_1_41' title="bbox 2065 2713 3626 2776">
    <p class='ocr_par' dir='ltr' id='par_1_41' title="bbox 2065 2713 3626 2776">
     <span class='ocr_line' id='line_1_42' title="bbox 2065 2713 3626 2776; baseline 0.003 -5"><span class='ocrx_word' id='word_1_307' title='bbox 2065 2718 2229 2773; x_wconf 89' lang='lat' dir='ltr'><strong>linem</strong></span> <span class='ocrx_word' id='word_1_308' title='bbox 2279 2717 2553 2773; x_wconf 89' lang='lat' dir='ltr'><strong>habebunt</strong></span> <span class='ocrx_word' id='word_1_309' title='bbox 2587 2734 2600 2769; x_wconf 89' lang='lat'><strong>:</strong></span> <span class='ocrx_word' id='word_1_310' title='bbox 2638 2716 2828 2769; x_wconf 88' lang='lat' dir='ltr'><strong>merito</strong></span> <span class='ocrx_word' id='word_1_311' title='bbox 2873 2713 3149 2770; x_wconf 78' lang='lat' dir='ltr'><strong>fatendum</strong></span> <span class='ocrx_word' id='word_1_312' title='bbox 3192 2718 3415 2774; x_wconf 90' lang='lat' dir='ltr'><strong>omnino</strong></span> <span class='ocrx_word' id='word_1_313' title='bbox 3451 2735 3515 2775; x_wconf 88' lang='lat' dir='ltr'><strong>ac</strong></span> <span class='ocrx_word' id='word_1_314' title='bbox 3542 2720 3626 2776; x_wconf 81' lang='lat' dir='ltr'><strong>di-</strong></span> 
     </span>
    </p>
   </div>
   <div class='ocr_carea' id='block_1_42' title="bbox 2066 2804 3623 2880">
    <p class='ocr_par' dir='ltr' id='par_1_42' title="bbox 2066 2804 3623 2880">
     <span class='ocr_line' id='line_1_43' title="bbox 2066 2804 3623 2880; baseline -0.006 -17"><span class='ocrx_word' id='word_1_315' title='bbox 2066 2808 2297 2864; x_wconf 85' lang='lat' dir='ltr'><strong>cendum</strong></span> <span class='ocrx_word' id='word_1_316' title='bbox 2330 2817 2431 2871; x_wconf 88' lang='lat' dir='ltr'><strong>est,</strong></span> <span class='ocrx_word' id='word_1_317' title='bbox 2469 2822 2589 2862; x_wconf 82' lang='lat' dir='ltr'><strong>esse</strong></span> <span class='ocrx_word' id='word_1_318' title='bbox 2617 2804 2784 2860; x_wconf 87' lang='lat' dir='ltr'><strong>Deum</strong></span> <span class='ocrx_word' id='word_1_319' title='bbox 2811 2808 3312 2876; x_wconf 79' lang='lat' dir='ltr'><strong>contemplatorem,</strong></span> <span class='ocrx_word' id='word_1_320' title='bbox 3348 2811 3623 2880; x_wconf 80' lang='lat' dir='ltr'><strong>inspecto.</strong></span> 
     </span>
    </p>
   </div>
   <div class='ocr_carea' id='block_1_43' title="bbox 2067 2895 3623 2967">
    <p class='ocr_par' dir='ltr' id='par_1_43' title="bbox 2067 2895 3623 2967">
     <span class='ocr_line' id='line_1_44' title="bbox 2067 2895 3623 2967; baseline 0.002 -16"><span class='ocrx_word' id='word_1_321' title='bbox 2067 2912 2291 2967; x_wconf 91' lang='lat' dir='ltr'><strong>remque</strong></span> <span class='ocrx_word' id='word_1_322' title='bbox 2316 2897 2589 2951; x_wconf 90' lang='lat' dir='ltr'><strong>actionum</strong></span> <span class='ocrx_word' id='word_1_323' title='bbox 2619 2895 2976 2948; x_wconf 82' lang='lat' dir='ltr'><strong>humanarum</strong></span> <span class='ocrx_word' id='word_1_324' title='bbox 2996 2936 3010 2959; x_wconf 94' lang='lat'><strong>,</strong></span> <span class='ocrx_word' id='word_1_325' title='bbox 3039 2895 3127 2960; x_wconf 90' lang='lat' dir='ltr'><strong>qui</strong></span> <span class='ocrx_word' id='word_1_326' title='bbox 3156 2896 3412 2966; x_wconf 84' lang='lat' dir='ltr'><strong>dijudicct</strong></span> <span class='ocrx_word' id='word_1_327' title='bbox 3434 2912 3623 2954; x_wconf 85' lang='lat' dir='ltr'><strong>omnes</strong></span> 
     </span>
    </p>
   </div>
   <div class='ocr_carea' id='block_1_44' title="bbox 2072 2982 3621 3059">
    <p class='ocr_par' dir='ltr' id='par_1_44' title="bbox 2072 2982 3621 3059">
     <span class='ocr_line' id='line_1_45' title="bbox 2072 2982 3621 3059; baseline 0.001 -16"><span class='ocrx_word' id='word_1_328' title='bbox 2072 2989 2167 3059; x_wconf 91' lang='lat' dir='ltr'><strong>qui</strong></span> <span class='ocrx_word' id='word_1_329' title='bbox 2209 2989 2264 3043; x_wconf 93' lang='lat' dir='ltr'><strong>in</strong></span> <span class='ocrx_word' id='word_1_330' title='bbox 2301 2996 2445 3043; x_wconf 89' lang='lat' dir='ltr'><strong>terra</strong></span> <span class='ocrx_word' id='word_1_331' title='bbox 2484 2996 2787 3042; x_wconf 89' lang='lat' dir='ltr'><strong>versantur.</strong></span> <span class='ocrx_word' id='word_1_332' title='bbox 2840 2982 3008 3039; x_wconf 87' lang='lat' dir='ltr'><strong>Porro</strong></span> <span class='ocrx_word' id='word_1_333' title='bbox 3038 2986 3417 3056; x_wconf 84' lang='lat' dir='ltr'><strong>inquirendum</strong></span> <span class='ocrx_word' id='word_1_334' title='bbox 3454 3003 3524 3043; x_wconf 87' lang='lat' dir='ltr'><strong>an</strong></span> <span class='ocrx_word' id='word_1_335' title='bbox 3559 3005 3621 3045; x_wconf 90' lang='lat' dir='ltr'><strong>ca</strong></span> 
     </span>
    </p>
   </div>
   <div class='ocr_carea' id='block_1_45' title="bbox 2069 3078 3623 3158">
    <p class='ocr_par' dir='ltr' id='par_1_45' title="bbox 2069 3078 3623 3158">
     <span class='ocr_line' id='line_1_46' title="bbox 2069 3078 3623 3158; baseline 0.001 -25"><span class='ocrx_word' id='word_1_336' title='bbox 2069 3096 2189 3151; x_wconf 75' lang='lat' dir='ltr'><strong>qua:</strong></span> <span class='ocrx_word' id='word_1_337' title='bbox 2216 3095 2325 3150; x_wconf 64' lang='lat' dir='ltr'><strong>prae</strong></span> <span class='ocrx_word' id='word_1_338' title='bbox 2354 3079 2604 3158; x_wconf 85' lang='lat' dir='ltr'><strong>manibus</strong></span> <span class='ocrx_word' id='word_1_339' title='bbox 2635 3083 2717 3133; x_wconf 89' lang='lat' dir='ltr'><strong>est</strong></span> <span class='ocrx_word' id='word_1_340' title='bbox 2742 3078 3020 3149; x_wconf 74' lang='lat' dir='ltr'><strong>prophetia</strong></span> <span class='ocrx_word' id='word_1_341' title='bbox 3039 3118 3053 3143; x_wconf 91' lang='lat'><strong>,</strong></span> <span class='ocrx_word' id='word_1_342' title='bbox 3088 3092 3213 3131; x_wconf 91' lang='lat' dir='ltr'><strong>cum</strong></span> <span class='ocrx_word' id='word_1_343' title='bbox 3244 3093 3466 3147; x_wconf 88' lang='lat' dir='ltr'><strong>prorsus</strong></span> <span class='ocrx_word' id='word_1_344' title='bbox 3492 3094 3623 3135; x_wconf 12' lang='lat' dir='ltr'><strong>cons.</strong></span> 
     </span>
    </p>
   </div>
   <div class='ocr_carea' id='block_1_46' title="bbox 2066 3162 3619 3240">
    <p class='ocr_par' dir='ltr' id='par_1_46' title="bbox 2066 3162 3619 3240">
     <span class='ocr_line' id='line_1_47' title="bbox 2066 3162 3619 3240; baseline 0 -14"><span class='ocrx_word' id='word_1_345' title='bbox 2066 3180 2320 3227; x_wconf 85' lang='lat' dir='ltr'><strong>sentanea</strong></span> <span class='ocrx_word' id='word_1_346' title='bbox 2358 3178 2414 3226; x_wconf 90' lang='lat' dir='ltr'><strong>et</strong></span> <span class='ocrx_word' id='word_1_347' title='bbox 2443 3184 2687 3225; x_wconf 82' lang='lat' dir='ltr'><strong>connexa</strong></span> <span class='ocrx_word' id='word_1_348' title='bbox 2727 3171 2798 3224; x_wconf 89' lang='lat' dir='ltr'><strong>sit</strong></span> <span class='ocrx_word' id='word_1_349' title='bbox 2821 3162 3272 3240; x_wconf 73' lang='lat' dir='ltr'><strong>praecedentibus,</strong></span> <span class='ocrx_word' id='word_1_350' title='bbox 3310 3170 3619 3240; x_wconf 81' lang='lat' dir='ltr'><strong>hujusmodi</strong></span> 
     </span>
    </p>
   </div>
   <div class='ocr_carea' id='block_1_47' title="bbox 2062 3261 2920 3334">
    <p class='ocr_par' dir='ltr' id='par_1_47' title="bbox 2062 3261 2920 3334">
     <span class='ocr_line' id='line_1_48' title="bbox 2062 3261 2920 3334; baseline -0.005 -16"><span class='ocrx_word' id='word_1_351' title='bbox 2062 3263 2198 3319; x_wconf 81' lang='lat' dir='ltr'><strong>lines</strong></span> <span class='ocrx_word' id='word_1_352' title='bbox 2215 3261 2591 3334; x_wconf 83' lang='lat' dir='ltr'><strong>peccatoribus</strong></span> <span class='ocrx_word' id='word_1_353' title='bbox 2622 3261 2920 3328; x_wconf 87' lang='lat' dir='ltr'><strong>describat;</strong></span> 
     </span>
    </p>
   </div>
   <div class='ocr_carea' id='block_1_48' title="bbox 465 3350 3607 3431">
    <p class='ocr_par' dir='ltr' id='par_1_48' title="bbox 465 3350 3607 3431">
     <span class='ocr_line' id='line_1_49' title="bbox 465 3350 3607 3431; baseline -0.001 -19"><span class='ocrx_word' id='word_1_354' title='bbox 465 3358 595 3414; x_wconf 69' lang='lat' dir='ltr'><strong>Hac</strong></span> <span class='ocrx_word' id='word_1_355' title='bbox 633 3357 920 3429; x_wconf 75' lang='lat' dir='ltr'><strong>Hippolyto</strong></span> <span class='ocrx_word' id='word_1_356' title='bbox 968 3358 1199 3415; x_wconf 83' lang='lat' dir='ltr'><strong>dictante</strong></span> <span class='ocrx_word' id='word_1_357' title='bbox 1223 3401 1239 3427; x_wconf 92' lang='lat'><strong>,</strong></span> <span class='ocrx_word' id='word_1_358' title='bbox 1260 3360 1634 3431; x_wconf 81' lang='lat' dir='ltr'><strong>grammaticus</strong></span> <span class='ocrx_word' id='word_1_359' title='bbox 1665 3359 1835 3431; x_wconf 82' lang='lat' dir='ltr'><strong>ipsum</strong></span> <span class='ocrx_word' id='word_1_360' title='bbox 1864 3357 2269 3431; x_wconf 72' lang='lat' dir='ltr'><strong>rogavit,__eccur</strong></span> <span class='ocrx_word' id='word_1_361' title='bbox 2290 3356 2432 3431; x_wconf 72' lang='lat' dir='ltr'><strong>circa</strong></span> <span class='ocrx_word' id='word_1_362' title='bbox 2452 3353 2918 3431; x_wconf 75' lang='lat' dir='ltr'><strong>eam_p_rophetiam</strong></span> <span class='ocrx_word' id='word_1_363' title='bbox 2965 3350 3254 3419; x_wconf 72' lang='lat' dir='ltr'><strong>hazsitaret,</strong></span> <span class='ocrx_word' id='word_1_364' title='bbox 3279 3355 3491 3422; x_wconf 77' lang='lat' dir='ltr'><strong>perinde</strong></span> <span class='ocrx_word' id='word_1_365' title='bbox 3542 3371 3607 3410; x_wconf 85' lang='lat' dir='ltr'><strong>ac</strong></span> 
     </span>
    </p>
   </div>
   <div class='ocr_carea' id='block_1_49' title="bbox 1270 3424 2786 3499">
    <p class='ocr_par' dir='ltr' id='par_1_49' title="bbox 1270 3424 2786 3499">
     <span class='ocr_line' id='line_1_50' title="bbox 1270 3424 2786 3499; baseline -0.005 -16"><span class='ocrx_word' id='word_1_366' title='bbox 1270 3424 1317 3484; x_wconf 73' lang='lat' dir='ltr'><strong>si</strong></span> <span class='ocrx_word' id='word_1_367' title='bbox 1346 3430 1409 3483; x_wconf 88' lang='lat' dir='ltr'><strong>de</strong></span> <span class='ocrx_word' id='word_1_368' title='bbox 1435 3446 1527 3499; x_wconf 86' lang='lat' dir='ltr'><strong>ope</strong></span> <span class='ocrx_word' id='word_1_369' title='bbox 1563 3424 1743 3482; x_wconf 82' lang='lat' dir='ltr'><strong>divina</strong></span> <span class='ocrx_word' id='word_1_370' title='bbox 1786 3428 1842 3480; x_wconf 83' lang='lat' dir='ltr'><strong>in</strong></span> <span class='ocrx_word' id='word_1_371' title='bbox 1871 3424 1941 3481; x_wconf 70' lang='lat' dir='ltr'><strong>ea</strong></span> <span class='ocrx_word' id='word_1_372' title='bbox 1960 3428 2135 3481; x_wconf 76' lang='lat' dir='ltr'><strong>exsilii</strong></span> <span class='ocrx_word' id='word_1_373' title='bbox 2165 3426 2468 3480; x_wconf 87' lang='lat' dir='ltr'><strong>calamitate</strong></span> <span class='ocrx_word' id='word_1_374' title='bbox 2491 3424 2745 3493; x_wconf 77' lang='lat' dir='ltr'><strong>difﬁderet</strong></span> <span class='ocrx_word' id='word_1_375' title='bbox 2767 3438 2786 3474; x_wconf 90' lang='lat'><strong><em>:</em></strong></span> 
     </span>
    </p>
   </div>
   <div class='ocr_carea' id='block_1_50' title="bbox 472 3519 2028 3596">
    <p class='ocr_par' dir='ltr' id='par_1_50' title="bbox 472 3523 2017 3596">
     <span class='ocr_line' id='line_1_51' title="bbox 472 3523 2017 3596; baseline -0.005 -17"><span class='ocrx_word' id='word_1_376' title='bbox 472 3523 784 3596; x_wconf 86' lang='grc' dir='ltr'>Ἐπίστησιν</span> <span class='ocrx_word' id='word_1_377' title='bbox 816 3524 845 3577; x_wconf 88' lang='lat'><strong>6</strong></span> <span class='ocrx_word' id='word_1_378' title='bbox 884 3524 1281 3596; x_wconf 81' lang='grc' dir='ltr'>γραμματικὸς,</span> <span class='ocrx_word' id='word_1_379' title='bbox 1330 3525 1473 3588; x_wconf 88' lang='grc' dir='ltr'>τίνος</span> <span class='ocrx_word' id='word_1_380' title='bbox 1525 3524 1706 3577; x_wconf 75' lang='grc' dir='ltr'>ἕνεκεν</span> <span class='ocrx_word' id='word_1_381' title='bbox 1751 3524 1947 3592; x_wconf 83' lang='grc' dir='ltr'>ὲπεση-</span> <span class='ocrx_word' id='word_1_382' title='bbox 1974 3528 2017 3587; x_wconf 79' lang='lat' dir='ltr'>c</span> 
     </span>
    </p>
   </div>
   <div class='ocr_carea' id='block_1_51' title="bbox 2054 3519 3623 3596">
    <p class='ocr_par' dir='ltr' id='par_1_51' title="bbox 2119 3519 3623 3593">
     <span class='ocr_line' id='line_1_52' title="bbox 2119 3519 3623 3593; baseline 0 -18"><span class='ocrx_word' id='word_1_383' title='bbox 2119 3520 2289 3576; x_wconf 84' lang='lat' dir='ltr'><strong>Instat</strong></span> <span class='ocrx_word' id='word_1_384' title='bbox 2333 3520 2740 3590; x_wconf 81' lang='lat' dir='ltr'><strong>grammaticus,</strong></span> <span class='ocrx_word' id='word_1_385' title='bbox 2791 3532 2888 3572; x_wconf 90' lang='lat' dir='ltr'><strong>cur</strong></span> <span class='ocrx_word' id='word_1_386' title='bbox 2917 3519 3146 3574; x_wconf 84' lang='lat' dir='ltr'><strong>verbum</strong></span> <span class='ocrx_word' id='word_1_387' title='bbox 3179 3519 3473 3593; x_wconf 79' lang='grc' dir='ltr'>διαγράφῃ,</span> <span class='ocrx_word' id='word_1_388' title='bbox 3532 3522 3623 3575; x_wconf 74' lang='lat' dir='ltr'><strong>de—</strong></span> 
     </span>
    </p>
   </div>
   <div class='ocr_carea' id='block_1_52' title="bbox 393 3609 2028 3705">
    <p class='ocr_par' dir='ltr' id='par_1_52' title="bbox 393 3615 1944 3705">
     <span class='ocr_line' id='line_1_53' title="bbox 393 3615 1944 3705; baseline -0.003 -34"><span class='ocrx_word' id='word_1_389' title='bbox 393 3616 597 3705; x_wconf 70' lang='grc' dir='ltr'>μειώθη</span> <span class='ocrx_word' id='word_1_390' title='bbox 626 3633 714 3687; x_wconf 90' lang='grc' dir='ltr'><strong>μοι</strong></span> <span class='ocrx_word' id='word_1_391' title='bbox 738 3615 800 3668; x_wconf 84' lang='grc' dir='ltr'>τὸ</span> <span class='ocrx_word' id='word_1_392' title='bbox 817 3615 1109 3686; x_wconf 65' lang='grc' dir='ltr'>δῖαπράφῃ</span> <span class='ocrx_word' id='word_1_393' title='bbox 1129 3617 1522 3681; x_wconf 84' lang='grc' dir='ltr'>ὑποτακτικῶς,</span> <span class='ocrx_word' id='word_1_394' title='bbox 1545 3617 1619 3681; x_wconf 84' lang='grc' dir='ltr'>ὡς</span> <span class='ocrx_word' id='word_1_395' title='bbox 1648 3615 1944 3686; x_wconf 83' lang='grc' dir='ltr'>δισταγμὸν</span> 
     </span>
    </p>
   </div>
   <div class='ocr_carea' id='block_1_53' title="bbox 2054 3609 3616 3705">
    <p class='ocr_par' dir='ltr' id='par_1_53' title="bbox 2054 3609 3616 3683">
     <span class='ocr_line' id='line_1_54' title="bbox 2054 3609 3616 3683; baseline 0.001 -15"><span class='ocrx_word' id='word_1_396' title='bbox 2054 3612 2270 3676; x_wconf 85' lang='lat' dir='ltr'><strong>scribat,</strong></span> <span class='ocrx_word' id='word_1_397' title='bbox 2287 3611 2631 3680; x_wconf 83' lang='lat' dir='ltr'><strong>subjunctivo</strong></span> <span class='ocrx_word' id='word_1_398' title='bbox 2654 3609 2814 3665; x_wconf 89' lang='lat' dir='ltr'><strong>modo</strong></span> <span class='ocrx_word' id='word_1_399' title='bbox 2845 3625 2876 3664; x_wconf 91' lang='lat' dir='ltr'><strong>a</strong></span> <span class='ocrx_word' id='word_1_400' title='bbox 2906 3626 2992 3666; x_wconf 90' lang='lat' dir='ltr'><strong>me</strong></span> <span class='ocrx_word' id='word_1_401' title='bbox 3015 3621 3331 3682; x_wconf 89' lang='lat' dir='ltr'><strong>usurpatum</strong></span> <span class='ocrx_word' id='word_1_402' title='bbox 3349 3613 3439 3680; x_wconf 88' lang='lat' dir='ltr'><strong>sit,</strong></span> <span class='ocrx_word' id='word_1_403' title='bbox 3461 3614 3616 3683; x_wconf 87' lang='lat' dir='ltr'><strong>quasi</strong></span> 
     </span>
    </p>
   </div>
   <div class='ocr_carea' id='block_1_54' title="bbox 388 3707 717 3777">
    <p class='ocr_par' dir='ltr' id='par_1_54' title="bbox 388 3707 717 3777">
     <span class='ocr_line' id='line_1_55' title="bbox 388 3707 717 3777; baseline -0.003 -17"><span class='ocrx_word' id='word_1_404' title='bbox 388 3707 717 3777; x_wconf 73' lang='grc' dir='ltr'>ὑποφαίνων.</span> 
     </span>
    </p>
   </div>
   <div class='ocr_carea' id='block_1_55' title="bbox 2053 3700 2714 3759">
    <p class='ocr_par' dir='ltr' id='par_1_55' title="bbox 2053 3700 2714 3759">
     <span class='ocr_line' id='line_1_56' title="bbox 2053 3700 2714 3759; baseline -0.008 0"><span class='ocrx_word' id='word_1_405' title='bbox 2053 3700 2441 3759; x_wconf 85' lang='lat' dir='ltr'><strong>dubitationem</strong></span> <span class='ocrx_word' id='word_1_406' title='bbox 2460 3700 2714 3755; x_wconf 88' lang='lat' dir='ltr'><strong>insinuet.</strong></span> 
     </span>
    </p>
   </div>
   <div class='ocr_carea' id='block_1_56' title="bbox 1612 3797 2413 3872">
    <p class='ocr_par' dir='ltr' id='par_1_56' title="bbox 1612 3797 2413 3872">
     <span class='ocr_line' id='line_1_57' title="bbox 1612 3797 2413 3872; baseline -0.007 -16"><span class='ocrx_word' id='word_1_407' title='bbox 1612 3801 1925 3872; x_wconf 74' lang='lat' dir='ltr'><strong>Hippolytus</strong></span> <span class='ocrx_word' id='word_1_408' title='bbox 1950 3814 2072 3869; x_wconf 83' lang='lat' dir='ltr'><strong>ergo</strong></span> <span class='ocrx_word' id='word_1_409' title='bbox 2102 3797 2370 3868; x_wconf 82' lang='lat' dir='ltr'><strong>respondit</strong></span> <span class='ocrx_word' id='word_1_410' title='bbox 2395 3815 2413 3850; x_wconf 90' lang='lat'><strong><em>:</em></strong></span> 
     </span>
    </p>
   </div>
   <div class='ocr_carea' id='block_1_57' title="bbox 456 3896 1946 3969">
    <p class='ocr_par' dir='ltr' id='par_1_57' title="bbox 456 3896 1946 3969">
     <span class='ocr_line' id='line_1_58' title="bbox 456 3896 1946 3969; baseline -0.008 -10"><span class='ocrx_word' id='word_1_411' title='bbox 456 3902 613 3969; x_wconf 77' lang='grc' dir='ltr'>Οἶδας</span> <span class='ocrx_word' id='word_1_412' title='bbox 627 3905 683 3958; x_wconf 80' lang='grc' dir='ltr'>δὲ</span> <span class='ocrx_word' id='word_1_413' title='bbox 698 3904 932 3967; x_wconf 81' lang='grc' dir='ltr'>πάντως,</span> <span class='ocrx_word' id='word_1_414' title='bbox 958 3902 1038 3955; x_wconf 79' lang='grc' dir='ltr'>ὅτι</span> <span class='ocrx_word' id='word_1_415' title='bbox 1055 3900 1123 3954; x_wconf 85' lang='grc' dir='ltr'>τὰ</span> <span class='ocrx_word' id='word_1_416' title='bbox 1150 3898 1256 3953; x_wconf 81' lang='grc' dir='ltr'><strong>τῶν</strong></span> <span class='ocrx_word' id='word_1_417' title='bbox 1284 3897 1537 3952; x_wconf 77' lang='grc' dir='ltr'>τοιούτων</span> <span class='ocrx_word' id='word_1_418' title='bbox 1551 3913 1650 3968; x_wconf 89' lang='grc' dir='ltr'><strong>σχη</strong></span> <span class='ocrx_word' id='word_1_419' title='bbox 1661 3896 1946 3967; x_wconf 80' lang='grc' dir='ltr'>ματισμῶν</span> 
     </span>
    </p>
   </div>
   <div class='ocr_carea' id='block_1_58' title="bbox 385 3987 1949 4067">
    <p class='ocr_par' dir='ltr' id='par_1_58' title="bbox 385 3987 1949 4067">
     <span class='ocr_line' id='line_1_59' title="bbox 385 3987 1949 4067; baseline -0.008 -16"><span class='ocrx_word' id='word_1_420' title='bbox 385 4000 465 4062; x_wconf 87' lang='grc' dir='ltr'><strong>εἰς</strong></span> <span class='ocrx_word' id='word_1_421' title='bbox 495 3997 863 4067; x_wconf 80' lang='grc' dir='ltr'>ὑποτακτικὴν</span> <span class='ocrx_word' id='word_1_422' title='bbox 892 3995 1247 4065; x_wconf 81' lang='grc' dir='ltr'>ἀναφέρονται</span> <span class='ocrx_word' id='word_1_423' title='bbox 1284 3990 1536 4061; x_wconf 74' lang='grc' dir='ltr'>ἕκκλησιν</span> <span class='ocrx_word' id='word_1_424' title='bbox 1566 3988 1673 4041; x_wconf 84' lang='grc' dir='ltr'><strong>τῶν</strong></span> <span class='ocrx_word' id='word_1_425' title='bbox 1697 3988 1796 4051; x_wconf 79' lang='grc' dir='ltr'><strong>τὰς</strong></span> <span class='ocrx_word' id='word_1_426' title='bbox 1819 3987 1949 4059; x_wconf 73' lang='grc' dir='ltr'>περὶ</span> 
     </span>
    </p>
   </div>
   <div class='ocr_carea' id='block_1_59' title="bbox 383 4075 1949 4156">
    <p class='ocr_par' dir='ltr' id='par_1_59' title="bbox 383 4075 1949 4156">
     <span class='ocr_line' id='line_1_60' title="bbox 383 4075 1949 4156; baseline -0.007 -18"><span class='ocrx_word' id='word_1_427' title='bbox 383 4084 617 4155; x_wconf 81' lang='grc' dir='ltr'>Χριστοῦ</span> <span class='ocrx_word' id='word_1_428' title='bbox 649 4082 978 4156; x_wconf 75' lang='grc' dir='ltr'>προφητείας</span> <span class='ocrx_word' id='word_1_429' title='bbox 1004 4079 1363 4153; x_wconf 80' lang='grc' dir='ltr'>μελετώντων,</span> <span class='ocrx_word' id='word_1_430' title='bbox 1389 4079 1482 4131; x_wconf 78' lang='grc' dir='ltr'><strong>καὶ</strong></span> <span class='ocrx_word' id='word_1_431' title='bbox 1512 4076 1853 4145; x_wconf 77' lang='grc' dir='ltr'>δικαιοσύνην</span> <span class='ocrx_word' id='word_1_432' title='bbox 1872 4075 1949 4145; x_wconf 82' lang='grc' dir='ltr'>τῷ</span> 
     </span>
    </p>
   </div>
   <div class='ocr_carea' id='block_1_60' title="bbox 385 4168 1950 4247">
    <p class='ocr_par' dir='ltr' id='par_1_60' title="bbox 385 4168 1950 4247">
     <span class='ocr_line' id='line_1_61' title="bbox 385 4168 1950 4247; baseline -0.004 -17"><span class='ocrx_word' id='word_1_433' title='bbox 385 4179 612 4247; x_wconf 77' lang='grc' dir='ltr'>στόματι</span> <span class='ocrx_word' id='word_1_434' title='bbox 662 4174 979 4239; x_wconf 82' lang='grc' dir='ltr'>λαλούντων,</span> <span class='ocrx_word' id='word_1_435' title='bbox 1028 4172 1101 4244; x_wconf 85' lang='grc' dir='ltr'>μὴ</span> <span class='ocrx_word' id='word_1_436' title='bbox 1146 4172 1244 4242; x_wconf 82' lang='grc' dir='ltr'>μὲν</span> <span class='ocrx_word' id='word_1_437' title='bbox 1293 4168 1745 4241; x_wconf 77' lang='grc' dir='ltr'>παραδεξαμένων</span> <span class='ocrx_word' id='word_1_438' title='bbox 1787 4169 1950 4223; x_wconf 76' lang='grc' dir='ltr'>αὑτὸν</span> 
     </span>
    </p>
   </div>
   <div class='ocr_carea' id='block_1_61' title="bbox 383 4259 1950 4340">
    <p class='ocr_par' dir='ltr' id='par_1_61' title="bbox 383 4259 1950 4340">
     <span class='ocr_line' id='line_1_62' title="bbox 383 4259 1950 4340; baseline -0.007 -17"><span class='ocrx_word' id='word_1_439' title='bbox 383 4269 622 4334; x_wconf 81' lang='grc' dir='ltr'>ἐλθόντα,</span> <span class='ocrx_word' id='word_1_440' title='bbox 659 4267 790 4340; x_wconf 82' lang='grc' dir='ltr'>μηδὲ</span> <span class='ocrx_word' id='word_1_441' title='bbox 816 4266 1228 4321; x_wconf 83' lang='grc' dir='ltr'>ὲπακουσάντων</span> <span class='ocrx_word' id='word_1_442' title='bbox 1261 4261 1426 4317; x_wconf 74' lang='grc' dir='ltr'>αὑτοῦ</span> <span class='ocrx_word' id='word_1_443' title='bbox 1448 4262 1546 4332; x_wconf 87' lang='grc' dir='ltr'>τῆς</span> <span class='ocrx_word' id='word_1_444' title='bbox 1574 4262 1755 4331; x_wconf 81' lang='grc' dir='ltr'>φωνῆς</span> <span class='ocrx_word' id='word_1_445' title='bbox 1784 4259 1950 4330; x_wconf 85' lang='grc' dir='ltr'>βοῶν-</span> 
     </span>
    </p>
   </div>
   <div class='ocr_carea' id='block_1_62' title="bbox 384 4347 1948 4433">
    <p class='ocr_par' dir='ltr' id='par_1_62' title="bbox 384 4347 1948 4433">
     <span class='ocr_line' id='line_1_63' title="bbox 384 4347 1948 4433; baseline -0.007 -18"><span class='ocrx_word' id='word_1_446' title='bbox 384 4378 475 4426; x_wconf 87' lang='grc' dir='ltr'>τος</span> <span class='ocrx_word' id='word_1_447' title='bbox 532 4362 669 4433; x_wconf 80' lang='grc' dir='ltr'>πρὸς</span> <span class='ocrx_word' id='word_1_448' title='bbox 721 4362 914 4424; x_wconf 79' lang='grc' dir='ltr'>αὐτοὺς</span> <span class='ocrx_word' id='word_1_449' title='bbox 967 4360 1060 4412; x_wconf 76' lang='grc' dir='ltr'><strong>καὶ</strong></span> <span class='ocrx_word' id='word_1_450' title='bbox 1115 4356 1391 4425; x_wconf 84' lang='grc' dir='ltr'>λέγοντος·</span> <span class='ocrx_word' id='word_1_451' title='bbox 1452 4374 1469 4406; x_wconf 80' lang='grc' dir='ltr'><strong>ι</strong></span> <span class='ocrx_word' id='word_1_452' title='bbox 1540 4354 1594 4406; x_wconf 88' lang='lat'><strong>&#39;0</strong></span> <span class='ocrx_word' id='word_1_453' title='bbox 1635 4352 1795 4422; x_wconf 60' lang='grc' dir='ltr'><strong>ἔχων</strong></span> <span class='ocrx_word' id='word_1_454' title='bbox 1824 4347 1948 4407; x_wconf 81' lang='grc' dir='ltr'><strong>ὦτα</strong></span> 
     </span>
    </p>
   </div>
   <div class='ocr_carea' id='block_1_63' title="bbox 380 4441 1946 4519">
    <p class='ocr_par' dir='ltr' id='par_1_63' title="bbox 380 4441 1946 4519">
     <span class='ocr_line' id='line_1_64' title="bbox 380 4441 1946 4519; baseline -0.01 -10"><span class='ocrx_word' id='word_1_455' title='bbox 380 4456 623 4509; x_wconf 79' lang='grc' dir='ltr'><strong>ἀκούειν</strong></span> <span class='ocrx_word' id='word_1_456' title='bbox 674 4450 962 4507; x_wconf 83' lang='grc' dir='ltr'><strong>ἀκουέτω·</strong></span> <span class='ocrx_word' id='word_1_457' title='bbox 1005 4451 1200 4513; x_wconf 80' lang='grc' dir='ltr'>οἵτινες</span> <span class='ocrx_word' id='word_1_458' title='bbox 1264 4447 1549 4519; x_wconf 87' lang='grc' dir='ltr'>ὡμοίωσαν</span> <span class='ocrx_word' id='word_1_459' title='bbox 1588 4446 1811 4507; x_wconf 73' lang='grc' dir='ltr'>ἑαυτοὺς</span> <span class='ocrx_word' id='word_1_460' title='bbox 1868 4441 1946 4513; x_wconf 87' lang='grc' dir='ltr'>τῷ</span> 
     </span>
    </p>
   </div>
   <div class='ocr_carea' id='block_1_64' title="bbox 380 4533 1948 4614">
    <p class='ocr_par' dir='ltr' id='par_1_64' title="bbox 380 4533 1948 4614">
     <span class='ocr_line' id='line_1_65' title="bbox 380 4533 1948 4614; baseline -0.008 -15"><span class='ocrx_word' id='word_1_461' title='bbox 380 4545 499 4614; x_wconf 73' lang='grc' dir='ltr'>ὕφει</span> <span class='ocrx_word' id='word_1_462' title='bbox 520 4585 535 4609; x_wconf 90' lang='grc'><strong>,</strong></span> <span class='ocrx_word' id='word_1_463' title='bbox 580 4545 673 4598; x_wconf 74' lang='grc' dir='ltr'><strong>καὶ</strong></span> <span class='ocrx_word' id='word_1_464' title='bbox 702 4543 771 4597; x_wconf 77' lang='grc' dir='ltr'>τὰ</span> <span class='ocrx_word' id='word_1_465' title='bbox 800 4537 912 4597; x_wconf 82' lang='grc' dir='ltr'><strong>ὦτα</strong></span> <span class='ocrx_word' id='word_1_466' title='bbox 943 4540 1118 4596; x_wconf 82' lang='grc' dir='ltr'>αὐτῶν</span> <span class='ocrx_word' id='word_1_467' title='bbox 1162 4539 1519 4610; x_wconf 85' lang='grc' dir='ltr'>πεποιήκασιν</span> <span class='ocrx_word' id='word_1_468' title='bbox 1560 4537 1691 4590; x_wconf 81' lang='grc' dir='ltr'>ὡσεὶ</span> <span class='ocrx_word' id='word_1_469' title='bbox 1727 4533 1948 4597; x_wconf 81' lang='grc' dir='ltr'>ἀσπίδος</span> 
     </span>
    </p>
   </div>
   <div class='ocr_carea' id='block_1_65' title="bbox 379 4619 1944 4705">
    <p class='ocr_par' dir='ltr' id='par_1_65' title="bbox 379 4619 1944 4705">
     <span class='ocr_line' id='line_1_66' title="bbox 379 4619 1944 4705; baseline -0.005 -18"><span class='ocrx_word' id='word_1_470' title='bbox 379 4635 592 4705; x_wconf 84' lang='grc' dir='ltr'>κωφῆς,</span> <span class='ocrx_word' id='word_1_471' title='bbox 640 4652 659 4685; x_wconf 75' lang='grc' dir='ltr'><strong>ι</strong></span> <span class='ocrx_word' id='word_1_472' title='bbox 705 4634 799 4688; x_wconf 74' lang='grc' dir='ltr'><strong>καὶ</strong></span> <span class='ocrx_word' id='word_1_473' title='bbox 824 4633 893 4685; x_wconf 78' lang='grc' dir='ltr'>τὰ</span> <span class='ocrx_word' id='word_1_474' title='bbox 925 4631 1052 4701; x_wconf 80' lang='grc' dir='ltr'><strong>ἑξῆς</strong></span> <span class='ocrx_word' id='word_1_475' title='bbox 1074 4630 1275 4684; x_wconf 76' lang='grc' dir='ltr'>τούτων</span> <span class='ocrx_word' id='word_1_476' title='bbox 1311 4627 1590 4699; x_wconf 84' lang='grc' dir='ltr'>εἰρημένα.</span> <span class='ocrx_word' id='word_1_477' title='bbox 1643 4627 1829 4678; x_wconf 85' lang='grc' dir='ltr'>Ἔστιν</span> <span class='ocrx_word' id='word_1_478' title='bbox 1850 4619 1944 4679; x_wconf 79' lang='grc' dir='ltr'><strong>οὖν</strong></span> 
     </span>
    </p>
   </div>
   <div class='ocr_carea' id='block_1_66' title="bbox 378 4713 1946 4791">
    <p class='ocr_par' dir='ltr' id='par_1_66' title="bbox 378 4713 1946 4791">
     <span class='ocr_line' id='line_1_67' title="bbox 378 4713 1946 4791; baseline -0.003 -16"><span class='ocrx_word' id='word_1_479' title='bbox 378 4720 594 4791; x_wconf 82' lang='grc' dir='ltr'>ἀληθῶς</span> <span class='ocrx_word' id='word_1_480' title='bbox 630 4722 659 4774; x_wconf 93' lang='lat'><strong>6</strong></span> <span class='ocrx_word' id='word_1_481' title='bbox 689 4720 1075 4791; x_wconf 83' lang='grc' dir='ltr'>ἐπιμελόμενος</span> <span class='ocrx_word' id='word_1_482' title='bbox 1097 4718 1205 4771; x_wconf 81' lang='grc' dir='ltr'><strong>τῶν</strong></span> <span class='ocrx_word' id='word_1_483' title='bbox 1222 4718 1456 4772; x_wconf 80' lang='grc' dir='ltr'>δικαίων</span> <span class='ocrx_word' id='word_1_484' title='bbox 1487 4713 1637 4779; x_wconf 85' lang='grc' dir='ltr'>Θεὸς,</span> <span class='ocrx_word' id='word_1_485' title='bbox 1672 4716 1766 4769; x_wconf 82' lang='grc' dir='ltr'><strong>καὶ</strong></span> <span class='ocrx_word' id='word_1_486' title='bbox 1795 4714 1946 4770; x_wconf 82' lang='grc' dir='ltr'>δικά-</span> 
     </span>
    </p>
   </div>
   <div class='ocr_carea' id='block_1_67' title="bbox 378 4804 1942 4883">
    <p class='ocr_par' dir='ltr' id='par_1_67' title="bbox 378 4804 1942 4883">
     <span class='ocr_line' id='line_1_68' title="bbox 378 4804 1942 4883; baseline -0.004 -17"><span class='ocrx_word' id='word_1_487' title='bbox 378 4814 488 4877; x_wconf 83' lang='grc' dir='ltr'>ζων</span> <span class='ocrx_word' id='word_1_488' title='bbox 514 4814 611 4883; x_wconf 78' lang='grc' dir='ltr'>μὲν</span> <span class='ocrx_word' id='word_1_489' title='bbox 640 4814 819 4875; x_wconf 78' lang='grc' dir='ltr'>αὐτοῖς</span> <span class='ocrx_word' id='word_1_490' title='bbox 853 4810 1224 4883; x_wconf 82' lang='grc' dir='ltr'>ἀδικουμένοις</span> <span class='ocrx_word' id='word_1_491' title='bbox 1251 4809 1342 4863; x_wconf 75' lang='grc' dir='ltr'><strong>ἐπὶ</strong></span> <span class='ocrx_word' id='word_1_492' title='bbox 1375 4808 1476 4878; x_wconf 77' lang='grc' dir='ltr'>τῆς</span> <span class='ocrx_word' id='word_1_493' title='bbox 1508 4809 1637 4879; x_wconf 73' lang='grc' dir='ltr'><strong>γῆς’</strong></span> <span class='ocrx_word' id='word_1_494' title='bbox 1669 4804 1942 4878; x_wconf 86' lang='grc' dir='ltr'>τιμωρού-</span> 
     </span>
    </p>
   </div>
   <div class='ocr_carea' id='block_1_68' title="bbox 381 4897 1555 4973">
    <p class='ocr_par' dir='ltr' id='par_1_68' title="bbox 381 4897 1555 4973">
     <span class='ocr_line' id='line_1_69' title="bbox 381 4897 1555 4973; baseline -0.006 -17"><span class='ocrx_word' id='word_1_495' title='bbox 381 4917 539 4973; x_wconf 78' lang='grc' dir='ltr'>μενος</span> <span class='ocrx_word' id='word_1_496' title='bbox 563 4901 619 4955; x_wconf 84' lang='grc' dir='ltr'>δὲ</span> <span class='ocrx_word' id='word_1_497' title='bbox 644 4904 768 4965; x_wconf 86' lang='grc' dir='ltr'>τοὺς</span> <span class='ocrx_word' id='word_1_498' title='bbox 786 4901 1097 4972; x_wconf 84' lang='grc' dir='ltr'>τολμῶντας</span> <span class='ocrx_word' id='word_1_499' title='bbox 1124 4898 1319 4961; x_wconf 76' lang='grc' dir='ltr'>αὐτοὺς</span> <span class='ocrx_word' id='word_1_500' title='bbox 1335 4897 1555 4951; x_wconf 82' lang='grc' dir='ltr'>ἀδικεῖν.</span> 
     </span>
    </p>
   </div>
   <div class='ocr_carea' id='block_1_69' title="bbox 1939 4989 2023 5045">
    <p class='ocr_par' dir='ltr' id='par_1_69' title="bbox 1939 4989 2023 5045">
     <span class='ocr_line' id='line_1_70' title="bbox 1939 4989 2023 5045; baseline 0 -1"><span class='ocrx_word' id='word_1_501' title='bbox 1939 4989 2023 5045; x_wconf 79' lang='lat' dir='ltr'><strong>1V.</strong></span> 
     </span>
    </p>
   </div>
   <div class='ocr_carea' id='block_1_70' title="bbox 2120 3888 3622 3958">
    <p class='ocr_par' dir='ltr' id='par_1_70' title="bbox 2120 3888 3622 3958">
     <span class='ocr_line' id='line_1_71' title="bbox 2120 3888 3622 3958; baseline -0.001 -10"><span class='ocrx_word' id='word_1_502' title='bbox 2120 3892 2242 3949; x_wconf 87' lang='lat' dir='ltr'><strong>Scis</strong></span> <span class='ocrx_word' id='word_1_503' title='bbox 2282 3899 2463 3946; x_wconf 89' lang='lat' dir='ltr'><strong>autem</strong></span> <span class='ocrx_word' id='word_1_504' title='bbox 2504 3888 2746 3951; x_wconf 89' lang='lat' dir='ltr'><strong>omnino,</strong></span> <span class='ocrx_word' id='word_1_505' title='bbox 2784 3888 2876 3943; x_wconf 87' lang='lat' dir='ltr'><strong>illa</strong></span> <span class='ocrx_word' id='word_1_506' title='bbox 2910 3903 3030 3958; x_wconf 80' lang='lat' dir='ltr'><strong>quae</strong></span> <span class='ocrx_word' id='word_1_507' title='bbox 3077 3888 3379 3945; x_wconf 88' lang='lat' dir='ltr'><strong>istiusmodi</strong></span> <span class='ocrx_word' id='word_1_508' title='bbox 3420 3888 3622 3948; x_wconf 82' lang='lat' dir='ltr'><strong>forma-</strong></span> 
     </span>
    </p>
   </div>
   <div class='ocr_carea' id='block_1_71' title="bbox 2048 3976 3623 4053">
    <p class='ocr_par' dir='ltr' id='par_1_71' title="bbox 2048 3976 3623 4053">
     <span class='ocr_line' id='line_1_72' title="bbox 2048 3976 3623 4053; baseline -0.001 -17"><span class='ocrx_word' id='word_1_509' title='bbox 2048 3982 2254 4037; x_wconf 90' lang='lat' dir='ltr'><strong>tionum</strong></span> <span class='ocrx_word' id='word_1_510' title='bbox 2282 3988 2425 4044; x_wconf 92' lang='lat' dir='ltr'><strong>sunt,</strong></span> <span class='ocrx_word' id='word_1_511' title='bbox 2455 3978 2523 4032; x_wconf 88' lang='lat' dir='ltr'><strong>ad</strong></span> <span class='ocrx_word' id='word_1_512' title='bbox 2550 3977 2949 4048; x_wconf 88' lang='lat' dir='ltr'><strong>subjunctivam</strong></span> <span class='ocrx_word' id='word_1_513' title='bbox 2983 3976 3171 4032; x_wconf 84' lang='lat' dir='ltr'><strong>referri</strong></span> <span class='ocrx_word' id='word_1_514' title='bbox 3199 3979 3623 4053; x_wconf 81' lang='lat' dir='ltr'><strong>increpationetn</strong></span> 
     </span>
    </p>
   </div>
   <div class='ocr_carea' id='block_1_72' title="bbox 2050 4067 3615 4140">
    <p class='ocr_par' dir='ltr' id='par_1_72' title="bbox 2050 4067 3615 4140">
     <span class='ocr_line' id='line_1_73' title="bbox 2050 4067 3615 4140; baseline -0.002 -12"><span class='ocrx_word' id='word_1_515' title='bbox 2050 4086 2237 4128; x_wconf 91' lang='lat' dir='ltr'><strong>eorum</strong></span> <span class='ocrx_word' id='word_1_516' title='bbox 2264 4070 2358 4140; x_wconf 91' lang='lat' dir='ltr'><strong>qui</strong></span> <span class='ocrx_word' id='word_1_517' title='bbox 2385 4070 2504 4124; x_wconf 89' lang='lat' dir='ltr'><strong>illas</strong></span> <span class='ocrx_word' id='word_1_518' title='bbox 2532 4085 2653 4139; x_wconf 77' lang='lat' dir='ltr'><strong>quae</strong></span> <span class='ocrx_word' id='word_1_519' title='bbox 2674 4070 2740 4125; x_wconf 90' lang='lat' dir='ltr'><strong>dc</strong></span> <span class='ocrx_word' id='word_1_520' title='bbox 2768 4067 2984 4123; x_wconf 84' lang='lat' dir='ltr'><strong>Christo</strong></span> <span class='ocrx_word' id='word_1_521' title='bbox 3011 4074 3139 4121; x_wconf 91' lang='lat' dir='ltr'><strong>sunt</strong></span> <span class='ocrx_word' id='word_1_522' title='bbox 3165 4068 3474 4140; x_wconf 89' lang='lat' dir='ltr'><strong>prophetias</strong></span> <span class='ocrx_word' id='word_1_523' title='bbox 3500 4086 3615 4125; x_wconf 89' lang='lat' dir='ltr'><strong>me-</strong></span> 
     </span>
    </p>
   </div>
   <div class='ocr_carea' id='block_1_73' title="bbox 2051 4159 3612 4232">
    <p class='ocr_par' dir='ltr' id='par_1_73' title="bbox 2051 4159 3612 4232">
     <span class='ocr_line' id='line_1_74' title="bbox 2051 4159 3612 4232; baseline -0.003 -12"><span class='ocrx_word' id='word_1_524' title='bbox 2051 4166 2295 4220; x_wconf 85' lang='lat' dir='ltr'><strong>ditantur</strong></span> <span class='ocrx_word' id='word_1_525' title='bbox 2332 4163 2570 4232; x_wconf 88' lang='lat' dir='ltr'><strong>quidem,</strong></span> <span class='ocrx_word' id='word_1_526' title='bbox 2616 4170 2672 4218; x_wconf 89' lang='lat' dir='ltr'><strong>et</strong></span> <span class='ocrx_word' id='word_1_527' title='bbox 2713 4161 2977 4231; x_wconf 88' lang='lat' dir='ltr'><strong>justitiam</strong></span> <span class='ocrx_word' id='word_1_528' title='bbox 3024 4173 3120 4212; x_wconf 90' lang='lat' dir='ltr'><strong>ore</strong></span> <span class='ocrx_word' id='word_1_529' title='bbox 3165 4159 3612 4230; x_wconf 89' lang='lat' dir='ltr'><strong>proloquuntur:</strong></span> 
     </span>
    </p>
   </div>
   <div class='ocr_carea' id='block_1_74' title="bbox 2054 4249 3611 4324">
    <p class='ocr_par' dir='ltr' id='par_1_74' title="bbox 2054 4249 3611 4324">
     <span class='ocr_line' id='line_1_75' title="bbox 2054 4249 3611 4324; baseline -0.001 -15"><span class='ocrx_word' id='word_1_530' title='bbox 2054 4255 2147 4309; x_wconf 88' lang='lat' dir='ltr'><strong>sed</strong></span> <span class='ocrx_word' id='word_1_531' title='bbox 2182 4254 2358 4324; x_wconf 89' lang='lat' dir='ltr'><strong>ipsum</strong></span> <span class='ocrx_word' id='word_1_532' title='bbox 2389 4253 2765 4308; x_wconf 81' lang='lat' dir='ltr'><strong>advenientem</strong></span> <span class='ocrx_word' id='word_1_533' title='bbox 2783 4269 2892 4308; x_wconf 91' lang='lat' dir='ltr'><strong>non</strong></span> <span class='ocrx_word' id='word_1_534' title='bbox 2919 4249 3209 4320; x_wconf 88' lang='lat' dir='ltr'><strong>recipiunt,</strong></span> <span class='ocrx_word' id='word_1_535' title='bbox 3235 4264 3411 4320; x_wconf 91' lang='lat' dir='ltr'><strong>neque</strong></span> <span class='ocrx_word' id='word_1_536' title='bbox 3424 4266 3611 4308; x_wconf 91' lang='lat' dir='ltr'><strong>vocem</strong></span> 
     </span>
    </p>
   </div>
   <div class='ocr_carea' id='block_1_75' title="bbox 2048 4342 3613 4416">
    <p class='ocr_par' dir='ltr' id='par_1_75' title="bbox 2048 4342 3613 4416">
     <span class='ocr_line' id='line_1_76' title="bbox 2048 4342 3613 4416; baseline 0 -16"><span class='ocrx_word' id='word_1_537' title='bbox 2048 4347 2166 4415; x_wconf 86' lang='lat' dir='ltr'><strong>ejus</strong></span> <span class='ocrx_word' id='word_1_538' title='bbox 2203 4346 2430 4401; x_wconf 87' lang='lat' dir='ltr'><strong>audiunt</strong></span> <span class='ocrx_word' id='word_1_539' title='bbox 2457 4345 2743 4400; x_wconf 85' lang='lat' dir='ltr'><strong>clamantis</strong></span> <span class='ocrx_word' id='word_1_540' title='bbox 2759 4354 2919 4416; x_wconf 90' lang='lat' dir='ltr'><strong>atque</strong></span> <span class='ocrx_word' id='word_1_541' title='bbox 2946 4342 3177 4399; x_wconf 88' lang='lat' dir='ltr'><strong>dicentis</strong></span> <span class='ocrx_word' id='word_1_542' title='bbox 3209 4360 3223 4395; x_wconf 86' lang='lat'><strong>:</strong></span> <span class='ocrx_word' id='word_1_543' title='bbox 3267 4363 3286 4396; x_wconf 76' lang='grc' dir='ltr'><strong>ι</strong></span> <span class='ocrx_word' id='word_1_544' title='bbox 3321 4344 3425 4411; x_wconf 85' lang='lat' dir='ltr'><strong>Qui</strong></span> <span class='ocrx_word' id='word_1_545' title='bbox 3455 4347 3613 4402; x_wconf 82' lang='lat' dir='ltr'><strong>habet</strong></span> 
     </span>
    </p>
   </div>
   <div class='ocr_carea' id='block_1_76' title="bbox 2050 4437 3612 4512">
    <p class='ocr_par' dir='ltr' id='par_1_76' title="bbox 2050 4437 3612 4512">
     <span class='ocr_line' id='line_1_77' title="bbox 2050 4437 3612 4512; baseline 0.001 -20"><span class='ocrx_word' id='word_1_546' title='bbox 2050 4454 2200 4492; x_wconf 84' lang='lat' dir='ltr'><strong>aures</strong></span> <span class='ocrx_word' id='word_1_547' title='bbox 2230 4437 2479 4493; x_wconf 79' lang='lat' dir='ltr'><strong>audiendi</strong></span> <span class='ocrx_word' id='word_1_548' title='bbox 2524 4439 2790 4494; x_wconf 77' lang='lat' dir='ltr'><strong>audiat&quot;:</strong></span> <span class='ocrx_word' id='word_1_549' title='bbox 2839 4440 2935 4509; x_wconf 91' lang='lat' dir='ltr'><strong>qui</strong></span> <span class='ocrx_word' id='word_1_550' title='bbox 2979 4440 3386 4512; x_wconf 86' lang='lat' dir='ltr'><strong>assimiiaruntl</strong></span> <span class='ocrx_word' id='word_1_551' title='bbox 3415 4449 3612 4496; x_wconf 90' lang='lat' dir='ltr'><strong>semet-</strong></span> 
     </span>
    </p>
   </div>
   <div class='ocr_carea' id='block_1_77' title="bbox 2049 4529 3613 4601">
    <p class='ocr_par' dir='ltr' id='par_1_77' title="bbox 2049 4529 3613 4601">
     <span class='ocr_line' id='line_1_78' title="bbox 2049 4529 3613 4601; baseline 0.001 -18"><span class='ocrx_word' id='word_1_552' title='bbox 2049 4530 2195 4599; x_wconf 87' lang='lat' dir='ltr'><strong>ipsos</strong></span> <span class='ocrx_word' id='word_1_553' title='bbox 2254 4529 2525 4598; x_wconf 85' lang='lat' dir='ltr'><strong>serpenti,</strong></span> <span class='ocrx_word' id='word_1_554' title='bbox 2574 4540 2629 4586; x_wconf 91' lang='lat' dir='ltr'><strong>et</strong></span> <span class='ocrx_word' id='word_1_555' title='bbox 2652 4544 2811 4587; x_wconf 87' lang='lat' dir='ltr'><strong>aures</strong></span> <span class='ocrx_word' id='word_1_556' title='bbox 2839 4544 2969 4587; x_wconf 86' lang='lat' dir='ltr'><strong>snas</strong></span> <span class='ocrx_word' id='word_1_557' title='bbox 3002 4530 3249 4587; x_wconf 86' lang='lat' dir='ltr'><strong>fecerunt</strong></span> <span class='ocrx_word' id='word_1_558' title='bbox 3291 4531 3433 4586; x_wconf 90' lang='lat' dir='ltr'><strong>sicut</strong></span> <span class='ocrx_word' id='word_1_559' title='bbox 3473 4531 3613 4601; x_wconf 85' lang='lat' dir='ltr'><strong>aspi-</strong></span> 
     </span>
    </p>
   </div>
   <div class='ocr_carea' id='block_1_78' title="bbox 2048 4618 3612 4693">
    <p class='ocr_par' dir='ltr' id='par_1_78' title="bbox 2048 4618 3612 4693">
     <span class='ocr_line' id='line_1_79' title="bbox 2048 4618 3612 4693; baseline 0.002 -20"><span class='ocrx_word' id='word_1_560' title='bbox 2048 4619 2134 4679; x_wconf 84' lang='lat' dir='ltr'><strong>dis</strong></span> <span class='ocrx_word' id='word_1_561' title='bbox 2198 4620 2427 4675; x_wconf 71' lang='lat' dir='ltr'><strong>surdae:</strong></span> <span class='ocrx_word' id='word_1_562' title='bbox 2470 4640 2489 4673; x_wconf 72' lang='grc' dir='ltr'><strong>ι</strong></span> <span class='ocrx_word' id='word_1_563' title='bbox 2535 4630 2591 4677; x_wconf 91' lang='lat' dir='ltr'><strong>et</strong></span> <span class='ocrx_word' id='word_1_564' title='bbox 2619 4638 2740 4693; x_wconf 69' lang='lat' dir='ltr'><strong>qua:</strong></span> <span class='ocrx_word' id='word_1_565' title='bbox 2782 4622 2977 4679; x_wconf 81' lang='lat' dir='ltr'><strong>exinde</strong></span> <span class='ocrx_word' id='word_1_566' title='bbox 3047 4622 3190 4678; x_wconf 85' lang='lat' dir='ltr'><strong>dicta</strong></span> <span class='ocrx_word' id='word_1_567' title='bbox 3253 4631 3400 4677; x_wconf 88' lang='lat' dir='ltr'><strong>sunt.</strong></span> <span class='ocrx_word' id='word_1_568' title='bbox 3468 4618 3612 4676; x_wconf 89' lang='lat' dir='ltr'><strong>Deus</strong></span> 
     </span>
    </p>
   </div>
   <div class='ocr_carea' id='block_1_79' title="bbox 2048 4711 3586 4785">
    <p class='ocr_par' dir='ltr' id='par_1_79' title="bbox 2048 4711 3586 4785">
     <span class='ocr_line' id='line_1_80' title="bbox 2048 4711 3586 4785; baseline 0.002 -21"><span class='ocrx_word' id='word_1_569' title='bbox 2048 4711 2231 4781; x_wconf 86' lang='lat' dir='ltr'><strong>itaque</strong></span> <span class='ocrx_word' id='word_1_570' title='bbox 2252 4712 2522 4781; x_wconf 72' lang='lat' dir='ltr'><strong>iustorum</strong></span> <span class='ocrx_word' id='word_1_571' title='bbox 2553 4728 2740 4769; x_wconf 88' lang='lat' dir='ltr'><strong>revera</strong></span> <span class='ocrx_word' id='word_1_572' title='bbox 2764 4729 2951 4770; x_wconf 90' lang='lat' dir='ltr'><strong>curam</strong></span> <span class='ocrx_word' id='word_1_573' title='bbox 2972 4715 3130 4785; x_wconf 82' lang='lat' dir='ltr'><strong>gerit,</strong></span> <span class='ocrx_word' id='word_1_574' title='bbox 3158 4722 3321 4785; x_wconf 89' lang='lat' dir='ltr'><strong>atque</strong></span> <span class='ocrx_word' id='word_1_575' title='bbox 3335 4713 3468 4785; x_wconf 86' lang='lat' dir='ltr'><strong>ipsis</strong></span> <span class='ocrx_word' id='word_1_576' title='bbox 3491 4714 3586 4784; x_wconf 91' lang='lat' dir='ltr'><strong>qui</strong></span> 
     </span>
    </p>
   </div>
   <div class='ocr_carea' id='block_1_80' title="bbox 2048 4802 3611 4877">
    <p class='ocr_par' dir='ltr' id='par_1_80' title="bbox 2048 4802 3611 4877">
     <span class='ocr_line' id='line_1_81' title="bbox 2048 4802 3611 4877; baseline 0.002 -19"><span class='ocrx_word' id='word_1_577' title='bbox 2048 4802 2170 4858; x_wconf 91' lang='lat' dir='ltr'><strong>dem</strong></span> <span class='ocrx_word' id='word_1_578' title='bbox 2202 4803 2456 4873; x_wconf 87' lang='lat' dir='ltr'><strong>injuriam</strong></span> <span class='ocrx_word' id='word_1_579' title='bbox 2487 4806 2665 4874; x_wconf 86' lang='lat' dir='ltr'><strong>passis</strong></span> <span class='ocrx_word' id='word_1_580' title='bbox 2696 4806 2750 4860; x_wconf 94' lang='lat' dir='ltr'><strong>in</strong></span> <span class='ocrx_word' id='word_1_581' title='bbox 2786 4816 2929 4871; x_wconf 79' lang='lat' dir='ltr'><strong>terra</strong></span> <span class='ocrx_word' id='word_1_582' title='bbox 2946 4807 3038 4877; x_wconf 88' lang='lat' dir='ltr'><strong>jus</strong></span> <span class='ocrx_word' id='word_1_583' title='bbox 3061 4807 3224 4875; x_wconf 89' lang='lat' dir='ltr'><strong>dicit;</strong></span> <span class='ocrx_word' id='word_1_584' title='bbox 3255 4807 3452 4877; x_wconf 86' lang='lat' dir='ltr'><strong>premit</strong></span> <span class='ocrx_word' id='word_1_585' title='bbox 3484 4822 3611 4863; x_wconf 87' lang='lat' dir='ltr'><strong>vero</strong></span> 
     </span>
    </p>
   </div>
   <div class='ocr_carea' id='block_1_81' title="bbox 2046 4894 3324 4973">
    <p class='ocr_par' dir='ltr' id='par_1_81' title="bbox 2046 4894 3324 4973">
     <span class='ocr_line' id='line_1_82' title="bbox 2046 4894 3324 4973; baseline 0.004 -26"><span class='ocrx_word' id='word_1_586' title='bbox 2046 4894 2170 4949; x_wconf 92' lang='lat' dir='ltr'><strong>illos</strong></span> <span class='ocrx_word' id='word_1_587' title='bbox 2201 4895 2295 4964; x_wconf 90' lang='lat' dir='ltr'><strong>qui</strong></span> <span class='ocrx_word' id='word_1_588' title='bbox 2329 4895 2556 4965; x_wconf 85' lang='lat' dir='ltr'><strong>injurias</strong></span> <span class='ocrx_word' id='word_1_589' title='bbox 2584 4896 2717 4967; x_wconf 89' lang='lat' dir='ltr'><strong>ipsis</strong></span> <span class='ocrx_word' id='word_1_590' title='bbox 2749 4895 2950 4953; x_wconf 80' lang='lat' dir='ltr'><strong>inferre</strong></span> <span class='ocrx_word' id='word_1_591' title='bbox 2971 4908 3324 4973; x_wconf 67' lang='lat' dir='ltr'><strong>praesumunt.</strong></span> 
     </span>
    </p>
   </div>
   <div class='ocr_carea' id='block_1_82' title="bbox 1264 5078 2621 5152">
    <p class='ocr_par' dir='ltr' id='par_1_82' title="bbox 1264 5078 2621 5152">
     <span class='ocr_line' id='line_1_83' title="bbox 1264 5078 2621 5152; baseline -0.001 -16"><span class='ocrx_word' id='word_1_592' title='bbox 1264 5114 1273 5125; x_wconf 87' lang='lat'><strong>-</strong></span> <span class='ocrx_word' id='word_1_593' title='bbox 1356 5082 1423 5136; x_wconf 88' lang='lat' dir='ltr'><strong>In</strong></span> <span class='ocrx_word' id='word_1_594' title='bbox 1461 5083 1722 5152; x_wconf 79' lang='lat' dir='ltr'><strong>psalmum</strong></span> <span class='ocrx_word' id='word_1_595' title='bbox 1754 5096 1907 5147; x_wconf 81' lang='lat' dir='ltr'><strong>Lvut,</strong></span> <span class='ocrx_word' id='word_1_596' title='bbox 1929 5080 2027 5141; x_wconf 79' lang='lat'><strong>27.</strong></span> <span class='ocrx_word' id='word_1_597' title='bbox 2050 5110 2118 5121; x_wconf 97' lang='lat'><strong>—</strong></span> <span class='ocrx_word' id='word_1_598' title='bbox 2146 5078 2344 5136; x_wconf 86' lang='lat' dir='ltr'><strong>Contra</strong></span> <span class='ocrx_word' id='word_1_599' title='bbox 2385 5080 2621 5135; x_wconf 80' lang='lat' dir='ltr'><strong>Judteos.</strong></span> 
     </span>
    </p>
   </div>
   <div class='ocr_carea' id='block_1_83' title="bbox 448 5178 1941 5252">
    <p class='ocr_par' dir='ltr' id='par_1_83' title="bbox 448 5178 1941 5252">
     <span class='ocr_line' id='line_1_84' title="bbox 448 5178 1941 5252; baseline -0.002 -20"><span class='ocrx_word' id='word_1_600' title='bbox 448 5178 539 5232; x_wconf 83' lang='grc' dir='ltr'><strong>Διὸ</strong></span> <span class='ocrx_word' id='word_1_601' title='bbox 594 5178 688 5233; x_wconf 71' lang='grc' dir='ltr'><strong>καὶ</strong></span> <span class='ocrx_word' id='word_1_602' title='bbox 735 5178 895 5250; x_wconf 81' lang='grc' dir='ltr'>μέχρι</span> <span class='ocrx_word' id='word_1_603' title='bbox 926 5181 1023 5251; x_wconf 86' lang='grc' dir='ltr'><strong>τῆς</strong></span> <span class='ocrx_word' id='word_1_604' title='bbox 1065 5182 1303 5252; x_wconf 81' lang='grc' dir='ltr'>σήμερον</span> <span class='ocrx_word' id='word_1_605' title='bbox 1333 5178 1566 5250; x_wconf 82' lang='grc' dir='ltr'>ὁρῶντες</span> <span class='ocrx_word' id='word_1_606' title='bbox 1600 5178 1726 5241; x_wconf 80' lang='grc' dir='ltr'>τοὺς</span> <span class='ocrx_word' id='word_1_607' title='bbox 1764 5178 1941 5249; x_wconf 82' lang='grc' dir='ltr'>ὄρους,</span> 
     </span>
    </p>
   </div>
   <div class='ocr_carea' id='block_1_84' title="bbox 377 5260 1934 5343">
    <p class='ocr_par' dir='ltr' id='par_1_84' title="bbox 377 5260 1934 5343">
     <span class='ocr_line' id='line_1_85' title="bbox 377 5260 1934 5343; baseline -0.003 -18"><span class='ocrx_word' id='word_1_608' title='bbox 377 5271 472 5325; x_wconf 80' lang='grc' dir='ltr'><strong>καὶ</strong></span> <span class='ocrx_word' id='word_1_609' title='bbox 493 5270 676 5341; x_wconf 86' lang='grc' dir='ltr'>κύκλῳ</span> <span class='ocrx_word' id='word_1_610' title='bbox 697 5260 995 5340; x_wconf 71' lang='grc' dir='ltr'>περιῖόντες</span> <span class='ocrx_word' id='word_1_611' title='bbox 1018 5270 1296 5343; x_wconf 71' lang='grc' dir='ltr'>πόρρωθεν</span> <span class='ocrx_word' id='word_1_612' title='bbox 1328 5270 1585 5324; x_wconf 83' lang='grc' dir='ltr'>ἵστανται.</span> <span class='ocrx_word' id='word_1_613' title='bbox 1617 5268 1812 5322; x_wconf 78' lang='grc' dir='ltr'>Οὐκέτι</span> <span class='ocrx_word' id='word_1_614' title='bbox 1839 5263 1934 5322; x_wconf 84' lang='grc' dir='ltr'><strong>οὖν</strong></span> 
     </span>
    </p>
   </div>
   <div class='ocr_carea' id='block_1_85' title="bbox 378 5359 1939 5431">
    <p class='ocr_par' dir='ltr' id='par_1_85' title="bbox 378 5359 1939 5431">
     <span class='ocr_line' id='line_1_86' title="bbox 378 5359 1939 5431; baseline 0 -18"><span class='ocrx_word' id='word_1_615' title='bbox 378 5359 644 5430; x_wconf 84' lang='grc' dir='ltr'>βασιλεὺς,</span> <span class='ocrx_word' id='word_1_616' title='bbox 684 5361 807 5413; x_wconf 82' lang='grc' dir='ltr'><strong>οὐδὲ</strong></span> <span class='ocrx_word' id='word_1_617' title='bbox 849 5361 1132 5431; x_wconf 80' lang='grc' dir='ltr'>ἀρχιερεὺς</span> <span class='ocrx_word' id='word_1_618' title='bbox 1178 5361 1297 5414; x_wconf 84' lang='grc' dir='ltr'>οὐδὲ</span> <span class='ocrx_word' id='word_1_619' title='bbox 1327 5360 1638 5431; x_wconf 84' lang='grc' dir='ltr'>προφήτης,</span> <span class='ocrx_word' id='word_1_620' title='bbox 1674 5359 1787 5412; x_wconf 83' lang='grc' dir='ltr'>ἀλλ’</span> <span class='ocrx_word' id='word_1_621' title='bbox 1819 5360 1939 5413; x_wconf 81' lang='grc' dir='ltr'><strong>οὐδὲ</strong></span> 
     </span>
    </p>
   </div>
   <div class='ocr_carea' id='block_1_86' title="bbox 375 5449 1940 5522">
    <p class='ocr_par' dir='ltr' id='par_1_86' title="bbox 375 5449 1940 5522">
     <span class='ocr_line' id='line_1_87' title="bbox 375 5449 1940 5522; baseline 0 -20"><span class='ocrx_word' id='word_1_622' title='bbox 375 5453 721 5520; x_wconf 79' lang='grc' dir='ltr'>γραμματεῖς</span> <span class='ocrx_word' id='word_1_623' title='bbox 751 5451 846 5503; x_wconf 70' lang='grc' dir='ltr'>καὶ</span> <span class='ocrx_word' id='word_1_624' title='bbox 885 5453 1159 5522; x_wconf 82' lang='grc' dir='ltr'>φαρισαϊοι</span> <span class='ocrx_word' id='word_1_625' title='bbox 1194 5450 1289 5503; x_wconf 79' lang='grc' dir='ltr'><strong>καὶ</strong></span> <span class='ocrx_word' id='word_1_626' title='bbox 1320 5450 1652 5507; x_wconf 83' lang='grc' dir='ltr'>σαδδουκαῖοι</span> <span class='ocrx_word' id='word_1_627' title='bbox 1687 5449 1815 5521; x_wconf 88' lang='grc' dir='ltr'>παρ’</span> <span class='ocrx_word' id='word_1_628' title='bbox 1843 5451 1940 5503; x_wconf 84' lang='grc' dir='ltr'><strong>αὑ-</strong></span> 
     </span>
    </p>
   </div>
   <div class='ocr_carea' id='block_1_87' title="bbox 374 5539 1941 5612">
    <p class='ocr_par' dir='ltr' id='par_1_87' title="bbox 374 5539 1941 5612">
     <span class='ocr_line' id='line_1_88' title="bbox 374 5539 1941 5612; baseline 0.002 -23"><span class='ocrx_word' id='word_1_629' title='bbox 374 5540 486 5600; x_wconf 82' lang='grc' dir='ltr'>τοῖς</span> <span class='ocrx_word' id='word_1_630' title='bbox 517 5539 670 5592; x_wconf 73' lang='grc' dir='ltr'>εἰσίν.</span> <span class='ocrx_word' id='word_1_631' title='bbox 705 5541 778 5593; x_wconf 78' lang='grc' dir='ltr'><strong>Οὐ</strong></span> <span class='ocrx_word' id='word_1_632' title='bbox 816 5540 915 5611; x_wconf 86' lang='grc' dir='ltr'>μὲν</span> <span class='ocrx_word' id='word_1_633' title='bbox 942 5541 1035 5593; x_wconf 82' lang='grc' dir='ltr'>καὶ</span> <span class='ocrx_word' id='word_1_634' title='bbox 1063 5540 1463 5611; x_wconf 77' lang='grc' dir='ltr'>ἀποκτανθῆναι</span> <span class='ocrx_word' id='word_1_635' title='bbox 1495 5557 1628 5612; x_wconf 87' lang='grc' dir='ltr'>φησι</span> <span class='ocrx_word' id='word_1_636' title='bbox 1647 5557 1661 5571; x_wconf 85' lang='grc'><strong>·</strong></span> <span class='ocrx_word' id='word_1_637' title='bbox 1701 5540 1782 5594; x_wconf 86' lang='grc' dir='ltr'>διὸ</span> <span class='ocrx_word' id='word_1_638' title='bbox 1818 5557 1941 5593; x_wconf 89' lang='grc' dir='ltr'>συν-</span> 
     </span>
    </p>
   </div>
   <div class='ocr_carea' id='block_1_88' title="bbox 375 5627 1941 5705">
    <p class='ocr_par' dir='ltr' id='par_1_88' title="bbox 375 5627 1941 5705">
     <span class='ocr_line' id='line_1_89' title="bbox 375 5627 1941 5705; baseline 0.003 -23"><span class='ocrx_word' id='word_1_639' title='bbox 375 5627 603 5699; x_wconf 74' lang='grc' dir='ltr'>έστηκεν</span> <span class='ocrx_word' id='word_1_640' title='bbox 645 5630 822 5684; x_wconf 78' lang='grc' dir='ltr'>αὐτῶν</span> <span class='ocrx_word' id='word_1_641' title='bbox 860 5631 923 5684; x_wconf 81' lang='grc' dir='ltr'>τὸ</span> <span class='ocrx_word' id='word_1_642' title='bbox 950 5630 1104 5699; x_wconf 83' lang='grc' dir='ltr'>γένος</span> <span class='ocrx_word' id='word_1_643' title='bbox 1123 5672 1138 5697; x_wconf 96' lang='grc'><strong>,</strong></span> <span class='ocrx_word' id='word_1_644' title='bbox 1173 5633 1266 5686; x_wconf 76' lang='grc' dir='ltr'>καὶ</span> <span class='ocrx_word' id='word_1_645' title='bbox 1292 5630 1399 5686; x_wconf 86' lang='grc' dir='ltr'><strong>τῶν</strong></span> <span class='ocrx_word' id='word_1_646' title='bbox 1430 5630 1633 5685; x_wconf 85' lang='grc' dir='ltr'>παίδων</span> <span class='ocrx_word' id='word_1_647' title='bbox 1659 5634 1692 5703; x_wconf 83' lang='grc' dir='ltr'><strong>ἡ</strong></span> <span class='ocrx_word' id='word_1_648' title='bbox 1724 5631 1941 5705; x_wconf 82' lang='grc' dir='ltr'>διαδοχὴ</span> 
     </span>
    </p>
   </div>
   <div class='ocr_carea' id='block_1_89' title="bbox 449 5742 904 5809">
    <p class='ocr_par' dir='ltr' id='par_1_89' title="bbox 449 5742 904 5809">
     <span class='ocr_line' id='line_1_90' title="bbox 449 5742 904 5809; baseline 0.007 -14"><span class='ocrx_word' id='word_1_649' title='bbox 449 5743 469 5774; x_wconf 75' lang='grc'>⁷</span> <span class='ocrx_word' id='word_1_650' title='bbox 499 5742 687 5798; x_wconf 78' lang='lat' dir='ltr'><strong>Matth.</strong></span> <span class='ocrx_word' id='word_1_651' title='bbox 713 5761 788 5809; x_wconf 71' lang='grc' dir='ltr'>ιι,</span> <span class='ocrx_word' id='word_1_652' title='bbox 817 5745 904 5799; x_wconf 80' lang='grc'><strong>15.</strong></span> 
     </span>
    </p>
   </div>
   <div class='ocr_carea' id='block_1_90' title="bbox 459 5857 1736 5936">
    <p class='ocr_par' dir='ltr' id='par_1_90' title="bbox 459 5857 1736 5936">
     <span class='ocr_line' id='line_1_91' title="bbox 459 5857 1736 5936; baseline 0.005 -21"><span class='ocrx_word' id='word_1_653' title='bbox 459 5857 532 5928; x_wconf 77' lang='lat' dir='ltr'><strong>ll)</strong></span> <span class='ocrx_word' id='word_1_654' title='bbox 574 5860 758 5929; x_wconf 77' lang='lat' dir='ltr'><strong>ipsam</strong></span> <span class='ocrx_word' id='word_1_655' title='bbox 786 5859 972 5917; x_wconf 86' lang='lat' dir='ltr'><strong>urbem</strong></span> <span class='ocrx_word' id='word_1_656' title='bbox 1005 5859 1217 5930; x_wconf 86' lang='lat' dir='ltr'><strong>imperii</strong></span> <span class='ocrx_word' id='word_1_657' title='bbox 1251 5862 1431 5920; x_wconf 86' lang='lat' dir='ltr'><strong>sedem</strong></span> <span class='ocrx_word' id='word_1_658' title='bbox 1466 5862 1736 5936; x_wconf 76' lang='lat' dir='ltr'><strong>intelligit.</strong></span> 
     </span>
    </p>
   </div>
   <div class='ocr_carea' id='block_1_91' title="bbox 2122 5175 3605 5248">
    <p class='ocr_par' dir='ltr' id='par_1_91' title="bbox 2122 5175 3605 5248">
     <span class='ocr_line' id='line_1_92' title="bbox 2122 5175 3605 5248; baseline 0.001 -18"><span class='ocrx_word' id='word_1_659' title='bbox 2122 5175 2328 5232; x_wconf 88' lang='lat' dir='ltr'><strong>idcirco</strong></span> <span class='ocrx_word' id='word_1_660' title='bbox 2350 5178 2512 5232; x_wconf 90' lang='lat' dir='ltr'><strong>etiam</strong></span> <span class='ocrx_word' id='word_1_661' title='bbox 2541 5192 2714 5248; x_wconf 91' lang='lat' dir='ltr'><strong>usque</strong></span> <span class='ocrx_word' id='word_1_662' title='bbox 2736 5178 2790 5232; x_wconf 91' lang='lat' dir='ltr'><strong>in</strong></span> <span class='ocrx_word' id='word_1_663' title='bbox 2819 5178 2961 5233; x_wconf 84' lang='lat' dir='ltr'><strong>hanc</strong></span> <span class='ocrx_word' id='word_1_664' title='bbox 2995 5178 3139 5234; x_wconf 89' lang='lat' dir='ltr'><strong>diem</strong></span> <span class='ocrx_word' id='word_1_665' title='bbox 3158 5178 3400 5234; x_wconf 85' lang='lat' dir='ltr'><strong>videntes</strong></span> <span class='ocrx_word' id='word_1_666' title='bbox 3430 5177 3605 5247; x_wconf 79' lang='lat' dir='ltr'><strong>regio-</strong></span> 
     </span>
    </p>
   </div>
   <div class='ocr_carea' id='block_1_92' title="bbox 2043 5264 3604 5333">
    <p class='ocr_par' dir='ltr' id='par_1_92' title="bbox 2043 5264 3604 5333">
     <span class='ocr_line' id='line_1_93' title="bbox 2043 5264 3604 5333; baseline -0.001 -12"><span class='ocrx_word' id='word_1_667' title='bbox 2043 5266 2129 5325; x_wconf 88' lang='lat' dir='ltr'><strong>nis</strong></span> <span class='ocrx_word' id='word_1_668' title='bbox 2153 5266 2431 5322; x_wconf 86' lang='lat' dir='ltr'><strong>limites&#39;et</strong></span> <span class='ocrx_word' id='word_1_669' title='bbox 2453 5268 2872 5333; x_wconf 89' lang='lat' dir='ltr'><strong>circumeuntes,</strong></span> <span class='ocrx_word' id='word_1_670' title='bbox 2896 5267 3110 5323; x_wconf 90' lang='lat' dir='ltr'><strong>eminus</strong></span> <span class='ocrx_word' id='word_1_671' title='bbox 3130 5266 3451 5322; x_wconf 90' lang='lat' dir='ltr'><strong>consistunt.</strong></span> <span class='ocrx_word' id='word_1_672' title='bbox 3486 5264 3604 5321; x_wconf 85' lang='lat' dir='ltr'><strong>Non</strong></span> 
     </span>
    </p>
   </div>
   <div class='ocr_carea' id='block_1_93' title="bbox 2046 5356 3601 5430">
    <p class='ocr_par' dir='ltr' id='par_1_93' title="bbox 2046 5356 3601 5430">
     <span class='ocr_line' id='line_1_94' title="bbox 2046 5356 3601 5430; baseline 0.001 -18"><span class='ocrx_word' id='word_1_673' title='bbox 2046 5358 2279 5428; x_wconf 87' lang='lat' dir='ltr'><strong>amplius</strong></span> <span class='ocrx_word' id='word_1_674' title='bbox 2312 5359 2496 5430; x_wconf 89' lang='lat' dir='ltr'><strong>itaque</strong></span> <span class='ocrx_word' id='word_1_675' title='bbox 2526 5360 2613 5415; x_wconf 87' lang='lat' dir='ltr'><strong>vel</strong></span> <span class='ocrx_word' id='word_1_676' title='bbox 2646 5376 2761 5426; x_wconf 83' lang='lat' dir='ltr'><strong>rex,</strong></span> <span class='ocrx_word' id='word_1_677' title='bbox 2798 5360 2880 5415; x_wconf 87' lang='lat' dir='ltr'><strong>vel</strong></span> <span class='ocrx_word' id='word_1_678' title='bbox 2906 5357 3170 5430; x_wconf 77' lang='lat' dir='ltr'><strong>pontifex,</strong></span> <span class='ocrx_word' id='word_1_679' title='bbox 3214 5358 3295 5413; x_wconf 87' lang='lat' dir='ltr'><strong>vel</strong></span> <span class='ocrx_word' id='word_1_680' title='bbox 3320 5356 3601 5429; x_wconf 84' lang='lat' dir='ltr'><strong>propheta,</strong></span> 
     </span>
    </p>
   </div>
   <div class='ocr_carea' id='block_1_94' title="bbox 2045 5448 3603 5521">
    <p class='ocr_par' dir='ltr' id='par_1_94' title="bbox 2045 5448 3603 5521">
     <span class='ocr_line' id='line_1_95' title="bbox 2045 5448 3603 5521; baseline 0.001 -18"><span class='ocrx_word' id='word_1_681' title='bbox 2045 5448 2139 5503; x_wconf 91' lang='lat' dir='ltr'><strong>sed</strong></span> <span class='ocrx_word' id='word_1_682' title='bbox 2186 5465 2361 5521; x_wconf 88' lang='lat' dir='ltr'><strong>neque</strong></span> <span class='ocrx_word' id='word_1_683' title='bbox 2411 5450 2614 5507; x_wconf 73' lang='lat' dir='ltr'><strong>Scriba:</strong></span> <span class='ocrx_word' id='word_1_684' title='bbox 2656 5460 2710 5506; x_wconf 93' lang='lat' dir='ltr'><strong>et</strong></span> <span class='ocrx_word' id='word_1_685' title='bbox 2760 5449 3016 5507; x_wconf 73' lang='lat' dir='ltr'><strong>Pharisaei</strong></span> <span class='ocrx_word' id='word_1_686' title='bbox 3060 5467 3125 5508; x_wconf 90' lang='lat' dir='ltr'><strong>ac</strong></span> <span class='ocrx_word' id='word_1_687' title='bbox 3154 5449 3433 5506; x_wconf 64' lang='lat' dir='ltr'><strong>Sadducaai</strong></span> <span class='ocrx_word' id='word_1_688' title='bbox 3462 5450 3603 5521; x_wconf 87' lang='lat' dir='ltr'><strong>apud</strong></span> 
     </span>
    </p>
   </div>
   <div class='ocr_carea' id='block_1_95' title="bbox 2048 5538 3599 5612">
    <p class='ocr_par' dir='ltr' id='par_1_95' title="bbox 2048 5538 3599 5612">
     <span class='ocr_line' id='line_1_96' title="bbox 2048 5538 3599 5612; baseline 0 -18"><span class='ocrx_word' id='word_1_689' title='bbox 2048 5541 2197 5610; x_wconf 90' lang='lat' dir='ltr'><strong>ipsos</strong></span> <span class='ocrx_word' id='word_1_690' title='bbox 2236 5554 2383 5598; x_wconf 89' lang='lat' dir='ltr'><strong>sunt.</strong></span> <span class='ocrx_word' id='word_1_691' title='bbox 2422 5541 2803 5598; x_wconf 69' lang='lat' dir='ltr'><strong>Verumtamen:</strong></span> <span class='ocrx_word' id='word_1_692' title='bbox 2839 5557 2947 5599; x_wconf 89' lang='lat' dir='ltr'><strong>non</strong></span> <span class='ocrx_word' id='word_1_693' title='bbox 2971 5542 3106 5612; x_wconf 90' lang='lat' dir='ltr'><strong>petit</strong></span> <span class='ocrx_word' id='word_1_694' title='bbox 3132 5549 3194 5597; x_wconf 92' lang='lat' dir='ltr'><strong>ut</strong></span> <span class='ocrx_word' id='word_1_695' title='bbox 3233 5538 3549 5598; x_wconf 86' lang='lat' dir='ltr'><strong>occidantur</strong></span> <span class='ocrx_word' id='word_1_696' title='bbox 3585 5558 3599 5594; x_wconf 93' lang='lat'><strong>:</strong></span> 
     </span>
    </p>
   </div>
   <div class='ocr_carea' id='block_1_96' title="bbox 2047 5632 3608 5709">
    <p class='ocr_par' dir='ltr' id='par_1_96' title="bbox 2047 5632 3608 5709">
     <span class='ocr_line' id='line_1_97' title="bbox 2047 5632 3608 5709; baseline 0.003 -23"><span class='ocrx_word' id='word_1_697' title='bbox 2047 5643 2373 5709; x_wconf 84' lang='lat' dir='ltr'><strong>quapropter</strong></span> <span class='ocrx_word' id='word_1_698' title='bbox 2402 5643 2459 5691; x_wconf 89' lang='lat' dir='ltr'><strong>et</strong></span> <span class='ocrx_word' id='word_1_699' title='bbox 2487 5649 2657 5707; x_wconf 74' lang='lat' dir='ltr'><strong>genus</strong></span> <span class='ocrx_word' id='word_1_700' title='bbox 2685 5648 2872 5692; x_wconf 89' lang='lat' dir='ltr'><strong>eorum</strong></span> <span class='ocrx_word' id='word_1_701' title='bbox 2900 5632 3180 5704; x_wconf 87' lang='lat' dir='ltr'><strong>subsistit,</strong></span> <span class='ocrx_word' id='word_1_702' title='bbox 3221 5644 3273 5692; x_wconf 92' lang='lat' dir='ltr'><strong>et</strong></span> <span class='ocrx_word' id='word_1_703' title='bbox 3308 5633 3608 5695; x_wconf 83' lang='lat' dir='ltr'><strong>liberorum.</strong></span> 
     </span>
    </p>
   </div>
  </div>
