4128 6376
503 458 612 539 12's

1255 481 1313 537 S.
1354 478 1711 536 HTPPOLYTI
1751 477 1897 533 OPP.
1941 476 2122 533 PARS
2177 477 2219 531 l.
2259 507 2329 519 —-
2367 472 2789 532 FRAGMENTA
2826 472 3075 532 DUBIAu

3636 472 3737 528 724

504 598 781 656 successio
829 597 1237 669 multiplicatur.
1282 596 1397 654 Non
1430 599 1574 655 enim
1619 597 1888 655 interfecti
1922 608 2069 665 sunt,
2098 603 2147 661 Α

2174 597 2453 669 πληθύνει.
2495 596 2570 649 Οὐ
2599 595 2707 667 γὰρ
2735 593 3148 665 ἀπεκτάνθησαν
3170 634 3187 659 ,
3220 591 3327 645 οὐδ’
3353 589 3414 655 ἐξ
3440 589 3740 660 ἀνθρώπων

453 737 483 747 ς
505 705 681 761 neque
706 705 774 745 ex
802 689 1115 744 hominibus
1152 689 1331 753 deleti,
1360 691 1450 745 sed
1481 698 1610 745 sunt
1640 690 1859 760 quidem
1880 701 1934 745 et
1962 705 2061 745 ex-

502 782 704 838 sismut
730 798 743 834 :
769 789 1142 836 verumtamen
1171 788 1428 850 tanquam
1467 764 1651 851 reiecti
1689 797 1755 836 ac
1792 783 2063 837 deturbati

503 873 579 927 ab
598 873 822 937 honore,
847 889 1007 943 quem
1038 873 1165 927 olim
1191 875 1331 944 apud
1358 872 1524 928 Deum
1556 874 1888 929 obtinebant.
1919 873 2061 940 Quin

503 974 579 1029 et,
612 965 919 1035 «'Disperge
956 965 1099 1027 illos,
1134 965 1329 1034 inquit,
1376 965 1431 1019 in
1456 966 1658 1020 virtute
1689 974 1781 1020 tua
1815 985 1828 1020 :
1862 983 1880 1017 ι
1915 966 2062 1035 quod

500 1063 690 1126 utique
729 1057 891 1110 etiam
934 1058 1175 1127 contigit.
1221 1055 1278 1109 In
1316 1057 1624 1112 universam
1667 1057 1810 1112 enim
1865 1066 2063 1113 terram

500 1145 733 1217 dispersi
782 1157 930 1214 sunt,
983 1148 1183 1217 ubique
1221 1148 1518 1203 servientes
1546 1156 1707 1217 atque
1748 1147 1961 1203 intimas
2001 1163 2065 1203 ac

502 1233 727 1289 serviles
761 1243 904 1289 artes
936 1248 1126 1289 omnes
1146 1276 1162 1301 ,
1194 1244 1354 1306 atque
1381 1234 1684 1291 indecentia
1714 1236 1927 1307 opificia
1956 1252 2068 1307 pra

501 1322 646 1380 fame
674 1325 959 1381 obeuntes.

568 1416 703 1475 Nam
737 1418 785 1474 si
816 1419 978 1474 deleti
1009 1428 1193 1475 essent
1217 1434 1284 1475 ex
1309 1420 1623 1476 hominibus
1641 1464 1658 1487 ,
1688 1422 1763 1477 ita
1787 1430 1851 1477 ut
1875 1421 2066 1477 nullibi

499 1509 612 1564 ullo
636 1511 802 1567 modo
846 1512 899 1566 in
936 1512 1072 1567 vivis
1105 1511 1317 1582 essent],
1358 1512 1802 1581 haudquaquam,
1845 1513 2063 1583 inquit,

499 1611 727 1657 nossent
764 1604 1023 1673 populum
1071 1619 1274 1669 meum,
1332 1619 1517 1674 neque
1559 1604 2066 1661 scivissentlmeam

499 1689 799 1746 Ecclesiam
829 1692 1045 1747 ﬂorere.
1096 1690 1281 1763 Itaque
1304 1693 1551 1764 disperge
1578 1694 1700 1749 illos
1732 1694 1930 1764 ubique
1955 1704 2066 1749 ter-

498 1795 708 1849 rarum,
753 1782 847 1836 ubi
874 1780 1112 1838 Ecclesia
1146 1798 1267 1838 mea
1311 1784 1472 1839 etiam
1512 1786 1805 1841 constituta
1835 1795 1954 1852 est;
2006 1795 2066 1841 ut

497 1886 624 1928 cum
648 1874 884 1929 viderint
915 1872 1212 1953 Ecclesiam
1238 1890 1269 1930 a
1300 1891 1387 1930 me
1415 1875 1718 1943 fundatam,
1745 1877 1812 1931 ad
1838 1878 2064 1933 aemula-

498 1966 707 2020 tionem
737 1964 907 2019 divini
925 1967 1105 2021 cultus
1127 1966 1441 2021 incitentur.
1476 1967 1723 2023 Salvator
1745 1968 1927 2039 itaque
1953 1969 2067 2024 haec

497 2055 665 2111 etiam
700 2071 798 2126 pro
826 2056 958 2127 ipsis
978 2058 1207 2128 rogavit.

2057 2157 2124 2211 ν.

2164 689 2503 759 ἀπέσϐησαν,
2524 687 2636 740 ἀλλ’
2665 686 2771 739 είσὶ
2801 686 2897 756 μὲν
2925 684 3020 739 καὶ
3046 684 3416 755 ὑφεστήκασιν
3437 701 3451 714 ·
3484 680 3653 744 οὕτως
3682 680 3739 734 δὲ

2163 782 2239 844 ὡς
2265 778 2750 849 καταϐεϐλημένα,
2789 778 2885 831 καὶ
2925 773 3412 846 κατανηνεγμένοι,
3458 767 3526 843 ἦς
3572 770 3742 824 πάλαι

2162 872 2388 943 ήξίωντο
2423 870 2572 943 παρὰ
2596 868 2713 940 Θεῷ
2738 869 2920 940 τιμῆς.
2959 865 3119 920 Ἀλλά
3144 865 3261 931 καὶ,
3300 883 3319 917 ι
3349 862 3739 934 Διασκόρπισον

2125 992 2131 1001 -
2161 965 2387 1028 αὐτοὺς,
2430 962 2614 1032 φησιν,
2649 963 2707 1014 ὲν
2738 964 2803 1032 τῇ
2833 959 3059 1029 δυνάμει
3100 975 3193 1011 σου
3212 975 3226 988 ’
3268 975 3287 1008 ι
3317 955 3344 1009 ὃ
3367 956 3430 1027 δὴ
3460 955 3554 1008 καὶ
3584 954 3741 1022 γέγο-

2166 1071 2276 1107 νεν.
2320 1054 2414 1117 Εἰς
2456 1056 2635 1107 πᾶσαν
2680 1051 2785 1123 γὰρ
2822 1050 2920 1121 τὴν
2962 1036 3067 1121 γ’ἦν
3110 1049 3492 1121 διεσπαρμένοι
3536 1047 3739 1117 τυγχά-

2170 1162 2339 1207 νουσι,
2365 1143 2699 1206 δουλεύοντες
2732 1139 3028 1211 πανταχοῦ,
3066 1140 3160 1193 καὶ
3188 1138 3287 1202 τάς
3312 1138 3623 1208 ἐλαχίστους
3646 1135 3740 1188 καὶ

2167 1236 2555 1307 δουλοπρεπεῖς
2599 1234 2812 1305 τέχνας,
2863 1233 3041 1329 πέσας
3062 1248 3121 1284 τε
3158 1230 3257 1310 τᾲς
3293 1231 3556 1325 ἀπρεπεῖς
3584 1226 3740 1300 μεθό-
3820 1232 3836 1245 ⁸

2133 1333 2137 1338 ’
2170 1326 2293 1390 δους
2320 1326 2478 1379 ἓνεκα
2502 1324 2595 1378 τοῦ
2628 1326 2817 1394 πεινᾷν
2844 1321 3247 1394 μετερχόμενοι.

2232 1423 2297 1475 Ei
2327 1420 2435 1493 γὰρ
2460 1416 2598 1493 ἦσαν
2631 1420 2692 1484 ἐξ
2722 1418 3020 1489 ἀνθρώπων
3062 1414 3476 1487 ἀφανισθέντες,
3514 1412 3736 1488 μηδαμῆ

2167 1513 2427 1585 μηδαμῶς
2459 1514 2517 1567 ὲν
2559 1512 2722 1577 ζωσιν
2764 1511 2933 1575 ὄντες,
2963 1510 3063 1565 οὐκ
3115 1508 3182 1563 ἂν
3227 1504 3398 1575 εἷδδν,
3441 1507 3594 1579 φησι,
3644 1505 3736 1558 τὸν

2165 1606 2295 1677 ὲμὸν
2324 1604 2471 1669 λαὸν,
2507 1603 2613 1657 οὐδ’
2641 1601 2982 1671 ἀνέγνωσαν
3016 1598 3280 1654 ἀνθοῦσαν
3316 1600 3412 1671 τὴν
3442 1599 3581 1671 ἐμὴν
3621 1598 3737 1651 Ἐκ-

2162 1696 2409 1766 κλησίαν.
2443 1695 2834 1766 Διασκόρπισον
2861 1692 3038 1747 τοίνυν
3066 1692 3260 1755 αὐτοὺς
3293 1690 3574 1761 ἀπανταχῆ
3610 1690 3735 1761 γῆς,

2165 1785 2293 1839 ἔνθα
2317 1784 2496 1856 μέλλει
2526 1785 2618 1838 καὶ
2650 1785 2683 1854 ή
2710 1783 2816 1855 ὲμὴ
2859 1782 3150 1857 Ἐκκλησία
3184 1781 3566 1836 συνίστασθαι*
3588 1783 3737 1845 ὅπως

2168 1878 2451 1948 βλέποντες
2493 1876 2592 1949 τὴν
2632 1878 2723 1930 ὑπ’
2757 1874 2891 1947 ἐμοῦ
2920 1874 3332 1948 θεμελιωθεῖσαν
3388 1872 3734 1947 Ἐκκλησίαν,

2165 1972 2245 2034 είς
2281 1966 2438 2040 ζῆλον
2483 1968 2725 2041 ἔρχοιντο
2754 1967 3077 2033 θεοσεὸείας.
3121 1965 3327 2022 Οὐκοῦν
3364 1968 3459 2022 καὶ
3495 1966 3667 2022 ταῦτα
3703 1968 3738 2022 ὁ

2170 2060 2358 2133 Σωτὴρ
2386 2060 2527 2132 ὑπὲρ
2555 2060 2734 2115 αὐτῶν
2768 2059 2984 2134 ηὔχετο.

1307 2272 1311 2276 ’
1380 2304 1385 2309 .
1836 2248 1903 2306 In
1936 2250 2199 2315 psalmum
2247 2258 2358 2315 ut,
2386 2248 2440 2304 7.

1307 2272 1311 2276 ν
1380 2304 1385 2309 .
1836 2267 1903 2306 ιιι
1973 2267 2143 2305 satmu

566 2342 792 2414 Profugi
837 2343 1054 2415 proprie
1084 2342 1338 2400 dicuntur
1361 2385 1378 2412 ,
1415 2345 1511 2416 qui
1546 2347 1615 2403 ab
1656 2267 2061 2418 aliquibuspho-
2090 2356 2133 2411 Β

2163 2267 2199 2303 ιι
2320 2267 2358 2315 ι,
2395 2267 2440 2304 ι.

2235 2267 2581 2408 ζίέτανάσται
2605 2344 2810 2419 κυρίως
2832 2341 3078 2414 λέγονται
3097 2343 3146 2396 οί
3168 2340 3323 2414 παρά
3344 2358 3505 2395 τινων
3525 2336 3735 2413 ἐχθρῶν

490 2436 672 2493 stihus
700 2445 795 2491 aut
836 2435 1074 2492 inimicis
1095 2438 1270 2492 eversi
1316 2446 1466 2506 sunt,
1510 2454 1575 2494 ac
1616 2440 1810 2495 deinde
1841 2440 2058 2495 exsules

492 2527 624 2583 facti
648 2545 663 2582 :
687 2526 829 2598 quod
861 2528 1021 2583 etiam
1047 2543 1148 2583 nos
1175 2544 1207 2583 a
1242 2528 1578 2587 daemonibus
1615 2532 1767 2603 prius
1796 2532 2061 2587 tolerave-

490 2632 704 2674 ramus.
735 2616 933 2673 Verum
954 2634 1021 2673 ex
1038 2632 1146 2687 quo
1177 2633 1279 2675 nos
1306 2619 1558 2677 Christus
1586 2638 1680 2692 per
1706 2622 1867 2679 fidem
1903 2637 2058 2679 suam

491 2711 773 2780 suscepit,
800 2725 909 2766 non
933 2711 1167 2781 amplius
1197 2729 1228 2766 a
1256 2727 1380 2767 vera
1408 2722 1596 2769 nostra
1624 2716 1799 2786 patria
1829 2731 2065 2787 superna

488 2800 792 2858 Jerusalem
810 2805 1081 2869 exsulare,
1108 2812 1203 2859 aut
1238 2819 1269 2859 a
1294 2804 1519 2861 veritate
1539 2806 1608 2861 ad
1634 2821 1871 2864 errorem
1895 2818 2067 2864 trans-

491 2895 624 2950 ferri
655 2895 990 2951 sustinemus
1021 2896 1119 2967 (l).

2037 3078 2128 3135 Vl.

2159 2438 2194 2511 ἢ
2232 2437 2501 2509 πολεμίων
2528 2435 2920 2510 πορθηθέντες,
2973 2430 3090 2489 εἶτα
3131 2434 3408 2506 γενόμενοι
3462 2433 3731 2506 μέτοικον

2160 2529 2297 2602 ὅπερ
2316 2529 2410 2583 καὶ
2437 2530 2597 2600 ἡμεῖς
2622 2527 2773 2601 παρὰ
2788 2526 2899 2582 τῶν
2915 2526 3183 2598 δαιμόνων
3204 2511 3573 2597 ὑπεμείναμεν
3599 2526 3736 2598 πρό-

2164 2637 2338 2693 τερον.
2394 2621 2509 2691 Ἀφ’
2542 2614 2603 2675 οὗ
2641 2620 2700 2674 δὲ
2739 2618 2894 2692 ἡμῶν
2927 2616 3159 2691 Χριστὸς
3200 2616 3287 2671 διὰ
3325 2617 3424 2690 τῆς
3453 2619 3534 2682 είς
3570 2617 3737 2671 αὑτὸν
3778 2624 3779 2627 “

2169 2711 2490 2766 ἀντελάϐετο
2518 2713 2770 2775 πίστεως,
2811 2711 2991 2765 οὐκέτι
3026 2709 3353 2783 μετανάσται
3383 2708 3490 2767 ἀπὸ
3516 2710 3614 2781 τῆς
3640 2708 3733 2762 ὗν-

2167 2818 2277 2867 τως
2316 2803 2568 2874 πατρίδος
2609 2802 2958 2874 Ἰερουσαλὴμ
3004 2802 3103 2874 τῆς
3139 2803 3251 2857 ἄνω
3293 2801 3576 2873 γινόμεθα,
3602 2801 3734 2859 ,οὐδὲ

2172 2894 2579 2966 μετοικισθῆναι
2627 2894 2736 2949 ἀπὸ
2791 2894 2890 2966 τῆς
2943 2893 3195 2965 ἀληθείας
3251 2895 3331 2958 είς
3373 2894 3475 2967 τὴν
3524 2892 3735 2965 πλάνην

2167 2984 2489 3057 ἀνεχόμεθα.
2532 3002 2543 3037 ι
3384 3021 3387 3024 ‹

1286 3173 1353 3230 In
1383 3173 1646 3244 psalmum
1692 3191 1862 3240 vau,
1913 3173 2003 3231 i9.
2033 3176 2182 3232 —De
2213 3178 2626 3248 ampliﬁcatione
2655 3177 2928 3235 Ecclesia.

562 3262 830 3320 Caeterum
863 3266 1174 3323 incredulos
1199 3282 1419 3338 quoque
1464 3282 1855 3339 nonnunquam
1894 3268 2062 3324 trahit

487 3368 587 3426 per
607 3357 829 3413 morbos
857 3367 912 3413 et
931 3358 1328 3416 afllictationes.
1346 3357 1489 3427 Quin
1509 3360 1671 3415 etiam
1694 3359 1851 3415 multi
1870 3374 1966 3430 per
1982 3360 2060 3414 vi—

2238 3271 2422 3325 Ἕλκει
2452 3271 2507 3325 δὲ
2527 3271 2620 3325 καὶ
2644 3272 2769 3335 τοὺς
2800 3268 3157 3348 ἀπειθοῦντας
3187 3268 3296 3324 ἐσθ’
3319 3271 3410 3325 ὅτε
3443 3271 3532 3326 διὰ
3559 3272 3731 3329 νόσων

2164 3363 2258 3418 καὶ
2294 3363 2684 3435 περιστάσεων.
2726 3362 2916 3416 Πολλοὶ
2942 3361 2998 3416 δὲ
3027 3363 3123 3417 xal
3151 3361 3218 3415 δι’
3251 3360 3546 3436 ὁραμάτων
3567 3360 3731 3438 ἦλθον

487 3449 671 3504 siones
683 3450 752 3505 ad
765 3450 871 3507 hoc
882 3462 1269 3523 pervenerunt,
1296 3461 1358 3508 ut
1372 3453 1513 3524 apud
1529 3452 1714 3510 Jesum
1729 3453 2055 3510 habitarent.

2163 3455 2242 3517 είς
2269 3453 2330 3507 τδ
2355 3452 2771 3525 κατασκηνῶσαι
2799 3452 2949 3527 παρὰ
2977 3451 3054 3525 τῷ
3092 3451 3287 3525 Ἰησοῦ.

2050 3571 2160 3630 νη.

1425 3670 1492 3726 In
1520 3670 1783 3741 psalmum
1847 3684 2126 3751 Lnxxvm,
2183 3668 2236 3724 4.
2264 3700 2325 3710 -
2359 3666 2556 3724 Contra
2583 3667 2821 3739 gentiles.
2944 3717 2993 3737 ,θ

558 3759 617 3814 1η
642 3760 870 3817 circuitu
901 3769 1081 3817 autem
1107 3769 1297 3817 nostro
1320 3772 1447 3818 sunt
1469 3779 1804 3835 paganorum
1827 3765 2044 3834 sapien-
2070 3771 2118 3835 ο

2219 3762 2419 3834 Κύκλῳ
2442 3761 2499 3815 δὲ
2528 3756 2684 3832 ήμῶν
2705 3763 2842 3815 εἰσιν
2879 3758 3145 3832 Ἐλλήνων
3173 3759 3224 3813 oi
3247 3757 3421 3829 σοφοὶ,
3460 3758 3730 3831 μυκτηρί-

484 3861 592 3916 tes,
632 3854 983 3924 explodentes
1023 3870 1088 3911 ac
1126 3854 1524 3911 subsannantes
1564 3871 1685 3924 nos,
1743 3865 1929 3927 utpote
1956 3856 2052 3928 qui

2163 3854 2343 3920 ζοντες
2379 3854 2473 3907 καὶ
2509 3850 2859 3924 χλευάζοντες
2901 3854 3069 3926 ἡμᾶς,
3111 3851 3187 3916 ὡς
3225 3849 3595 3918 ἀνεξετάστως
3633 3853 3730 3913 καὶ

479 3946 606 4002 sine
638 3946 983 4018 indagatione
1006 3962 1071 4004 ac
1096 3949 1258 4006 stulte
1287 3949 1596 4005 credamus.

2163 3945 2361 4018 μωρῶς
2389 3944 2763 4010 πιστεύοντας.

2036 4042 2172 4097 Vill.

1066 4138 1130 4196 In
1186 4140 1323 4194 illud
1350 4140 1543 4211 psalmi
1585 4154 1710 4205 xcv,
1765 4140 1828 4194 11
1867 4160 1879 4196 :
1915 4158 1934 4192 ι
1968 4140 2370 4196 Commoveatur
2396 4153 2542 4192 mare
2572 4146 2622 4192 et
2648 4137 2921 4207 plenitudo
2940 4153 3075 4208 ejus.
3112 4155 3132 4191 ι

552 4227 659 4285 Per
677 4232 795 4287 haec
817 4238 996 4288 autem
1015 4247 1198 4289 sermo
1226 4234 1497 4305 significat
1524 4235 1887 4306 evangelicam
1913 4249 2053 4305 prae—

2225 4231 2488 4302 Σημαίνει
2526 4229 2585 4284 δὲ
2616 4229 2713 4295 διὰΔ
2744 4230 2950 4286 τούτων
3003 4232 3033 4285 ὁ
3071 4230 3227 4299 λόγος
3273 4229 3635 4286 διελεύσεσθαι
3665 4228 3729 4285 τὺ

482 4321 830 4391 dicationem,
864 4334 920 4380 et
943 4326 1112 4380 maria
1142 4334 1197 4380 et
1228 4326 1437 4382 insulas
1464 4326 1656 4393 maris,
1685 4334 1851 4396 atque
1880 4326 2078 4381 homi—-

2163 4321 2511 4393 εὐαγγελικδν
2552 4323 2833 4393 κήρυγμα,
2876 4321 2970 4377 καὶ
3008 4322 3075 4375 τά
3113 4321 3346 4394 πελάγη,
3387 4322 3607 4386 καὶτὰς
3632 4324 3723 4376 ἐπὶ

478 4430 579 4470 nes
617 4417 673 4469 in
702 4417 772 4471 iis
803 4416 1145 4485 habitantes,
1205 4434 1345 4490 quos
1374 4438 1394 4472 ι
1425 4420 1814 4490 plenitudinem
1858 4421 1978 4492 ejus
2022 4441 2042 4474 ι

2163 4412 2431 4485 θαλάσσης
2471 4410 2690 4484 νήσους,
2738 4411 2865 4476 τούς
2903 4428 2963 4465 τε
2994 4414 3051 4466 ὲν
3082 4411 3303 4476 ταύταις
3339 4413 3722 4475 κατοικοῦντας

477 4513 657 4568 vocat,
682 4521 1066 4575 pervasurum;
1121 4509 1264 4578 quod
1307 4509 1497 4579 utique
1523 4525 1582 4565 re
1614 4510 1728 4580 ipsa
1768 4510 2047 4580 impletum

2163 4505 2490 4578 ἀνθρώπους,
2550 4523 2571 4557 ι
2621 4504 2890 4576 πλήρωμα
2924 4505 3093 4576 αὐτῆς
3137 4524 3156 4557 ι
3214 4504 3660 4577 ὠνομασμένους
3690 4506 3720 4560 ὁ

472 4602 585 4652 est.
637 4594 918 4666 Siquidem
962 4596 1220 4654 Ecclesiae
1262 4598 1462 4656 Christi
1506 4603 1934 4658 insulas-omnes
1961 4618 2046 4657 re-

2163 4597 2247 4651 καὶ
2273 4597 2402 4650 αὐτὸ
2428 4595 2581 4659 τέλος
2610 4594 2815 4666 ἔτυχεν.
2849 4596 2957 4650 Καὶ
2991 4595 3099 4669 γὰρ
3142 4596 3457 4667 Ἐκκλησίαι
3489 4594 3719 4668 Χριστοῦ

477 4688 626 4759 plent
651 4697 706 4743 et
745 4688 800 4743 in
828 4688 944 4745 dies
974 4690 1421 4761 multiplicantur,
1451 4702 1613 4766 atque
1648 4695 2042 4751 incrementum
2147 4719 2148 4723 η

2163 4686 2248 4751 ιάς
2271 4688 2467 4759 νήσους
2509 4687 2726 4751 ἁπάσας
2763 4686 3047 4759 πληροῦσι,
3088 4685 3314 4757 πληθύει
3346 4705 3405 4741 τε
3431 4688 3719 4762 ὁσημέραι,
3770 4742 3779 4755 ,

478 4778 647 4832 sumit
671 4778 918 4833 doctrina
951 4779 1226 4836 salutaris.
1888 4782 1910 4803 ‘

2163 4784 2244 4836 καὶ
2277 4780 2586 4836 ἐπιδίδωσιν
2612 4782 2647 4854 ή
2678 4781 2942 4853 σωτήριος
2964 4777 3296 4834 διδασκαλία.

1672 4976 1737 5032 In
1777 4976 2040 5048 psalmum
2088 4988 2281 5037 cxvm,
2330 4973 2518 5029 30-52.

543 5062 769 5119 Amator
803 5067 1069 5133 veritatis,
1103 5077 1158 5124 et
1200 5070 1294 5140 qui
1342 5086 1618 5142 nunquam
1650 5089 1748 5144 per
1788 5088 1853 5129 os
1885 5086 2044 5128 suum
2077 5073 2123 5129 Β

2228 5071 2291 5124 Ὁ
2320 5069 2642 5143 φιλαλήθης,
2676 5070 2772 5125 καὶ
2812 5071 3019 5141 μήποτε
3045 5065 3335 5141 προφέρων
3371 5064 3539 5138 ψευδῆ
3569 5066 3724 5137 λόγον

474 5168 778 5212 sermonem
829 5155 1023 5215 falsum
1070 5161 1306 5231 profert,
1341 5163 1520 5219 dicere
1551 5166 1723 5235 possit
1760 5184 1774 5220 :
1813 5183 1833 5216 ι
1880 5162 2034 5219 Viam
2143 5186 2148 5211 ι

2163 5164 2232 5217 ita
2257 5164 2543 5235 στόματος,
2562 5165 2705 5218 είποι
2724 5162 2842 5228 ἂν,ι
2863 5162 3012 5217 Ὀδὸν
3037 5160 3291 5233 ἀληθείας
3312 5161 3672 5233 ᾑρετισάμην.
3695 5177 3715 5210 ι

474 5248 720 5305 veritatis
766 5251 924 5322 elegi.
980 5272 1001 5306 ι
1035 5254 1177 5321 Quin
1208 5263 1264 5309 et
1305 5255 1353 5310 is
1396 5256 1488 5325 qui
1533 5257 1737 5327 judicia
1762 5255 1857 5310 Dei
1895 5269 2044 5310 sem.-

2163 5255 2313 5311 Ἀλλά
2352 5257 2445 5310 καὶ
2479 5259 2508 5310 ὁ
2543 5255 2834 5319 διαπαντὸς
2872 5254 2977 5327 πρὸ
3003 5252 3297 5325 ὀφθαλμῶν
3341 5251 3619 5323 τιθέμενος
3650 5249 3722 5303 τὰ

473 5356 570 5411 per
594 5354 717 5398 ante
738 5346 928 5402 oculos
944 5348 1118 5417 ponit,
1149 5356 1205 5402 et
1229 5348 1283 5402 iu
1313 5349 1460 5402 omni
1485 5349 1699 5404 actione
1722 5348 2040 5403 eorumdem
2138 5366 2148 5385 σ

2163 5348 2233 5402 νοῦ
2264 5348 2398 5402 Θεοῦ
2441 5347 2683 5420 κρίματα
2704 5386 2718 5412 ,
2754 5347 2849 5401 καὶ
2887 5348 2979 5401 ἐπὶ
3023 5345 3174 5419 πάσῃ
3202 5343 3398 5417 πράξει
3432 5341 3718 5413 μεμνημέ-

473 5435 738 5502 meminit,
790 5437 970 5493 dicet:
1013 5457 1033 5491 ι
1082 5438 1291 5496 Judicia
1326 5446 1422 5494 tua
1459 5455 1565 5495 non
1601 5456 1720 5496 sum
1756 5440 1977 5496 oblitus.
2017 5459 2037 5493 ι
2135 5455 2148 5491 1

2163 5456 2225 5502 ος
2251 5438 2430 5493 αὐτῶν
2456 5440 2597 5509 ἐρεῖ·
2636 5457 2656 5490 ι
2688 5436 2770 5491 Τά
2790 5435 3034 5508 κρίματά
3058 5452 3152 5489 σου
3179 5434 3279 5488 οὐκ
3303 5428 3667 5499 ἐπελαθόμην.
3692 5446 3714 5480 ι
3754 5460 3757 5461 ν

474 5521 539 5576 Et
577 5528 848 5588 quomodo
873 5543 969 5584 cor
1002 5539 1247 5585 nostrum
1280 5546 1378 5601 per
1413 5533 1738 5587 tentationes
1776 5546 1839 5587 ac
1866 5532 2040 5587 tribu-
2135 5532 2148 5586 l

2163 5531 2249 5586 [al
2276 5531 2395 5594 πῶς
2421 5532 2454 5601 ἡ
2464 5524 2579 5601 μῶν
2625 5530 2658 5599 ἡ
2684 5527 2880 5600 καρδία
2916 5526 3240 5582 πλατύνεται
3268 5523 3359 5579 διὰ
3395 5520 3721 5593 πειρασμῶν

471 5609 701 5669 lationes
721 5616 1017 5673 dilatatur?
1043 5618 1137 5674 Hae
1170 5620 1441 5690 siquidem
1472 5622 1528 5677 in
1559 5621 1717 5679 nobis
1740 5625 1925 5694 spinas
1944 5639 2043 5679 co-
2137 5640 2148 5677 :

2163 5623 2231 5677 ιαὶ
2269 5621 2531 5693 suam;
2577 5620 2762 5675 Ταῦτα
2794 5619 2903 5689 γὰρ
2941 5606 3039 5683 τάξ
3078 5619 3137 5673 ὲν
3172 5619 3309 5689 ἡμῖν
3340 5614 3583 5679 ἀκάνθας
3608 5612 3721 5667 τῶν
3810 5685 3821 5695 η

520 5796 620 5876 ’(1)
644 5796 721 5876 _ln
748 5797 951 5876 Catena
1013 5798 1256 5876 Corderii
1301 5802 1757 5876 anonymiﬁtulo
1787 5804 2039 5861 abrasum
2146 5806 2316 5862 alium
2342 5804 2473 5860 facit
2500 5802 2714 5876 a_Paulo
2744 5803 2990 5876 apostolo
3014 5800 3408 5876 i_u_psal.x.xm,
3430 5814 3487 5876 ι)ἶ
3515 5783 3718 5876 ΠρᾸᾶ

472 5863 814 5946 ῌίβιὶοιγιιιηι
846 5870 1161 5923 delitescere
1185 5870 1326 5925 inter
1341 5863 1534 5946 canina
1564 5872 1695 5946 illud
1725 5877 1887 5946 etiam
1916 5892 2044 5931 sua-
2149 5891 2281 5931 vero
2307 5876 2459 5931 licuit
2506 5863 2796 5946 Hippolyto
2819 5875 2874 5927 in
2917 5863 3231 5946 occidente,
3254 5863 3715 5943 quemadmodum

475 5935 552 5989 -lel
580 5935 722 6004 quod
746 5939 793 5994 is
812 5954 1118 6010 anonymus
1138 5935 1412 5996 auctorem
1430 5940 1685 6012 Epistolae
1705 5948 1770 6001 ad
1789 5945 2042 6003 Hebraeos
2150 5955 2204 6005 et
2232 5948 2466 6015 Irenaeo;
2493 5945 2548 6002 in
2577 5935 2801 6003 Uriehte
2822 5960 2928 6000 non
2964 5941 3135 5997 licuit.
