4128 6444
476 474 576 528 7'25
914 505 920 517 -
1102 477 1160 532 S.
1204 476 1379 532 HlPP.
1414 473 1950 532 DEMONSTRATIO
1984 473 2072 529 DE
2108 470 2409 529 CHRISTO
2446 471 2534 526 ET
2571 467 3051 526 ANTICHRISTO.
3581 464 3690 526 726.

471 587 742 660 λογισμῶν
786 590 1056 664 ἐκτέμνει,
1107 593 1198 645 καὶ
1229 592 1326 663 τὴν
1367 592 1593 663 καρδίαν
1614 591 1912 664 εὐρυτέραν
1947 593 2026 653 εἰς
2056 597 2101 656 Α

2056 597 2101 656 Α
2128 589 2450 660 gitationum
2474 587 2710 643 evellunt
2733 628 2749 655 ,
2792 595 2845 642 et
2881 600 2975 642 cor
3005 590 3252 640 nostrum
3277 581 3344 636 ad
3380 580 3558 651 legum
3595 579 3683 634 di-

469 679 566 751 τὴν
586 681 693 734 τῶν
708 681 884 752 νόμων
911 681 1019 734 τῶν
1049 682 1207 736 θείων
1249 684 1510 756 ὑποδοχὴν
1530 685 1834 756 ἐργάζεται.
1871 703 1889 735 ι
1940 685 2028 736 Ἐν

2127 680 2378 735 vinarum
2423 679 2826 750 perceptionem
2872 677 3116 734 dilatant.
3163 694 3182 728 ι
3233 673 3294 728 ln
3339 672 3683 728 tribulatione

469 770 642 840 θλίψει
668 771 807 844 γὰρ,
846 776 1040 846 φησὶν,
1070 775 1370 840 ἐπλάτυνάς
1404 794 1512 847 μοι,
1547 795 1567 828 ›
1610 776 1740 829 Τότε
1793 776 1890 846 τὴν
1915 775 2029 830 ὁδὸν

2127 773 2295 838 enim,
2327 773 2537 842 inquit,
2576 771 2816 847 dilatasti
2853 771 3006 825 mihi.
3047 789 3065 822 ι
3104 767 3257 822 Tunc
3282 768 3424 821 viam
3459 763 3683 828 manda-

470 861 578 914 τῶν
609 841 833 916 ἐντολῶν
854 841 958 921 Quae
987 863 1116 918 Θεοῦ
1164 841 1523 938 διαϐαίνομεν,
1563 864 1790 931 εῦζωνες
1821 841 1907 919 διὰ
1932 867 2032 936 τῆς

2129 873 2309 919 torum
2345 863 2442 919 Dei
2472 841 2769 935 gradimur:
2803 863 3063 919 succincti
3089 877 3183 933 per
3200 860 3537 916 tolerantiam
3565 869 3682 913 ten—

471 952 577 1006 τῶν
597 954 910 1026 πειρασμῶν
941 955 1212 1028 ὑπομονῆς
1238 958 1525 1028 γινόμενοι.

789 954 910 1026 ’μῶν
941 955 1212 1028 ὑπομονῆς
1238 958 1525 1028 γινόμενοι.
2132 957 2419 1012 tationum.

2028 1046 2099 1102 X.

703 1136 765 1190 In
798 1137 934 1191 illud
985 1139 1179 1208 psalmi
1247 1155 1448 1205 cum,
1520 1143 1552 1195 7
1590 1160 1603 1196 :
1643 1161 1658 1193 ι
1691 1139 1859 1212 Super
1878 1143 2018 1196 iram
2047 1143 2383 1198 inimicorum
2422 1157 2675 1208 meorum,
2723 1161 2742 1194 ›
2767 1151 2898 1208 etc.,
2932 1142 2999 1196 ad
3024 1141 3250 1196 scribam
3271 1159 3440 1203 suum.

532 1224 682 1292 Εἶδες
710 1230 794 1299 ἐφ’
824 1231 1059 1304 ἑκάτερα
1084 1233 1153 1287 τὰ
1181 1233 1321 1306 μέρη
1355 1219 1898 1308 μεγίστηιείδύναμινς
1925 1236 2023 1309 ἐμέ

2202 1237 2396 1295 Vidisti
2446 1254 2773 1309 quacunque
2819 1253 2884 1292 ex
2936 1247 3089 1307 parte
3131 1253 3380 1305 magnam
3434 1251 3553 1292 esse
3585 1233 3682 1290 Dei

463 1336 524 1372 τε
565 1318 670 1391 γὰρ
703 1322 760 1374 ὲν
790 1321 972 1392 μέσοις
1005 1323 1130 1378 ὄντα
1162 1329 1271 1390 τοῖς
1296 1327 1486 1390 δεινοῖς
1513 1327 1768 1381 διασῶσαι
1801 1327 2022 1400 δυνήσῃ,

2129 1329 2462 1399 potentiam?
2505 1327 2640 1384 Nam
2671 1336 2726 1383 et
2748 1344 2855 1394 me,
2893 1327 3086 1397 inquit,
3115 1327 3169 1382 in
3203 1327 3392 1384 mediis
3425 1324 3681 1381 aerumnis

464 1413 702 1477 ἐκείνους
755 1414 808 1475 δὲ
862 1417 1213 1486 μαινομένους
1268 1419 1360 1472 καὶ
1413 1419 1712 1483 λυττῶντας
1765 1420 1857 1475 καὶ
1913 1418 2025 1491 πῦρ

2130 1418 2486 1476 constitutum
2507 1460 2522 1486 ,
2556 1433 2772 1473 servare
2799 1418 3122 1473 incolumem
3150 1415 3351 1487 poteris
3385 1434 3396 1469 :
3431 1414 3552 1469 illos
3581 1429 3681 1467 au~

464 1502 721 1568 πνέοντας
759 1507 1131 1567 καταστεῖλαι.
1247 1536 1254 1543 ~

2132 1515 2238 1561 tem
2286 1505 2470 1562 furore
2512 1507 2769 1576 rabieque
2797 1506 3066 1577 percitos.
3119 1516 3172 1561 et
3204 1507 3381 1584 ignem
3413 1506 3683 1581 spirantes

1504 1602 1506 1604 ⁷
2130 1610 2400 1651 coercere.

2021 1713 2111 1769 XI.

713 1799 780 1857 In
824 1801 962 1858 illud
993 1804 1187 1873 psalmi
1261 1819 1525 1875 cum",
1594 1808 1662 1863 l5
1690 1825 1703 1862 :
1740 1826 1759 1859 ι
1794 1805 1917 1861 Νοη
1938 1815 2016 1862 est
2039 1807 2355 1862 occultatum
2389 1824 2445 1862 os
2475 1824 2646 1862 meum
2667 1824 2699 1861 a
2725 1806 2940 1877 (equod
2972 1807 3140 1876 fecisti
3169 1808 3224 1859 in
3251 1805 3472 1859 occulto.
3501 1821 3520 1855 ι
3721 1837 3746 1888 χ

530 1890 758 1963 Εἴρηται
805 1895 899 1949 καὶ
936 1898 1203 1970 τοῖςπερὶ
1233 1898 1444 1969 φύσεως
1481 1895 1574 1954 καὶ
1609 1901 1874 1970 γενέσεως
1915 1899 2022 1954 τῶν

2199 1899 2454 1959 Traditur
2501 1901 2664 1954 etiam
2711 1899 2780 1952 ab
2814 1898 2880 1953 iis
2909 1897 3002 1968 qui
3038 1896 3107 1951 de
3137 1905 3332 1951 natura
3367 1905 3420 1950 et
3457 1909 3683 1966 genera-

459 1980 615 2048 ζώων
650 1988 1249 2058 πραγματευσαμένοις,
1280 1990 1507 2061 ἀόρατον
1538 1984 1675 2044 εἶναι
1707 1991 1801 2043 καὶ
1820 1989 2023 2043 ἀκατά-

2127 1993 2273 2048 tione
2299 1991 2615 2046 animalium
2641 1997 2906 2055 tractant,
2949 1987 3270 2043 invisibilem
3303 1997 3356 2041 et
3380 1987 3688 2057 incompre-
3732 2007 3736 2019 ε

457 2074 789 2176 ληπτον-τὴν
817 2079 896 2142 είς
921 2078 1106 2134 ὀστέον
1136 2080 1229 2133 τοῦ
1255 2080 1484 2151 αἵματος
1508 2080 1826 2153 μεταϐολὴν,
1847 2081 2021 2135 καίτοι
2050 2120 2087 2176 Β

2124 2081 2443 2138 hensibilem
2475 2095 2596 2137 esse
2629 2080 2912 2150 sanguinis
2940 2079 2994 2133 in
3023 2093 3148 2134 ossa
3176 2077 3550 2143 mutationem,
3581 2075 3686 2132 etsi

456 2168 568 2222 τῶν
611 2169 804 2235 ἄλλων,
842 2171 1056 2243 σαρκῶν
1095 2174 1190 2228 καὶ
1233 2172 1451 2245 νεύρων
1481 2173 1622 2244 λέγω
1645 2213 1660 2239 ,
1703 2174 1848 2237 ὅπως
1889 2173 2019 2227 ποτὲ
2050 2168 2086 2176 ’⁷

2052 2168 2089 2176 ⁷
2121 2174 2358 2245 partium
2392 2182 2735 2240 caeterarum,
2760 2171 3008 2228 carnium
3040 2171 3261 2241 inquam
3284 2177 3338 2224 et
3369 2183 3682 2238 nervorum,

459 2258 642 2330 ἔχουσι
678 2260 940 2329 γενέσεως
983 2262 1386 2335 θεωρουμένων.
1421 2264 1531 2317 Καὶ
1565 2267 1598 2336 ἡ
1637 2265 1824 2337 Γραφὴ
1846 2264 1901 2317 δὲ
1926 2262 2020 2317 τοῦ

2125 2266 2398 2336 quomodo
2427 2280 2548 2322 sese
2583 2265 2780 2320 habeat
2820 2263 3093 2334 generatio
3121 2259 3508 2332 conspiciatur.
3542 2259 3685 2326 Quin

470 2350 895 2421 Ἐκκλησιαστοῦ
923 2355 1216 2426 παρίστησι
1242 2355 1398 2409 τοῦτο
1423 2355 1651 2426 λέγουσα
1669 2371 1683 2386 ⁸
1723 2375 1742 2408 ι
1782 2356 1868 2419 Ὡς
1895 2356 2026 2409 ὀστᾶ

2126 2367 2180 2413 et
2209 2356 2489 2428 Scriptura
2511 2356 2853 2412 Ecclesiasten
2883 2355 2937 2410 id
2968 2357 3147 2425 ipsum
3177 2352 3414 2409 ostendit
3434 2351 3620 2406 dicens
3639 2350 3680 2406 ⁸ς

458 2444 518 2498 ἐν
545 2429 742 2516 γαστρὶ
782 2444 881 2515 τῆς
919 2445 1306 2518 κυοφορούσης,
1350 2445 1521 2510 οὕτως
1563 2447 1624 2502 οὐ
1660 2445 1842 2524 γνώσῃ
1874 2447 2028 2518 ποιή-

2134 2468 2154 2502 ι
2188 2449 2342 2505 Sicut
2381 2463 2508 2504 ossa
2547 2449 2603 2502 in
2630 2458 2796 2517 .utero
2825 2446 3184 2518 prmgnantis,
3229 2445 3308 2500 sic
3346 2459 3454 2498 non
3481 2456 3685 2512 cogno-

438 2533 608 2606 λματα
652 2536 746 2590 τοῦ
793 2536 948 2594 Θεοῦ.
1012 2558 1032 2591 ι
1095 2539 1208 2592 Οὐκ
1247 2539 1451 2612 ἐκρύϐη
1493 2538 1549 2592 δὲ
1578 2539 1684 2593 ἀπὸ
1713 2538 1806 2592 σοῦ
1834 2538 1954 2592 οὺδέ
1989 2539 2022 2610 ή

2123 2556 2244 2596 sees
2269 2555 2431 2610 opera
2457 2538 2572 2594 Dei.
2607 2557 2626 2590 ι
2666 2537 2866 2598 Verum
2900 2554 2930 2592 a
2959 2547 3011 2592 te
3037 2551 3147 2590 non
3180 2542 3308 2591 sunt
3332 2532 3673 2591 abscondita,

461 2626 756 2692 ὐπόστασίς
787 2647 886 2700 μου
945 2631 1004 2684 ἐν
1060 2633 1170 2695 τοῖς
1226 2630 1556 2696 κατωτάτοις
1600 2631 1699 2702 τῆς
1727 2631 1832 2702 γῆς
1884 2629 2023 2700 φθά-

2125 2647 2300 2700 neque
2347 2630 2647 2686 substantia
2703 2645 2822 2685 mea
2861 2631 2917 2685 in
2956 2629 3156 2685 infimis
3205 2636 3364 2682 terra:
3385 2623 3564 2680 adhuc
3589 2638 3684 2679 ex—

461 2734 620 2773 σασα.
703 2739 708 2747 ¹
1208 2785 1218 2811 ἢ

1208 2785 1218 2811 ἢ
2124 2726 2342 2780 sistens.

460 2931 3635 2967 Μ

1283 3123 1456 3326 S.
1648 3121 2852 3309 HIPPOLYTI

1675 3415 2114 3473 PORTUENSIS.
2159 3415 2467 3474 EPlSCOPI

624 3598 1082 3759 0PERU1ll
1123 3597 1463 3757 PARS
1567 3601 1710 3755 ll.
1754 3659 1840 3705 -
1871 3599 2254 3757 ΒθθΜΑ

1897 3599 2529 3757 θθθΜΑψιρΑ
2637 3601 2782 3757 u!
2884 3597 3527 3758 HISTORIGA.

953 3987 972 3994 ’
1087 4009 1919 4194 ΑΠΟΔΕΙΞΙΣ
2000 4079 2387 4232 ΠΕΡΙ*
2444 4074 3092 4191 ΧΡΙΣΤΟΥ

1585 4296 1776 4379 ΚΑΙ
1863 4293 2589 4431 ΑΝΤΙΧΡΙΣΤΟΥ

517 4656 521 4659 ’
621 4672 1564 4770 DEMONSTRATIO
1638 4677 1784 4766 DE
1861 4677 2378 4770 cumsro
2452 4679 2603 4767 ET
2657 4669 3510 4776 ANTICHBISTO.

1495 4842 1832 4928 Francisco
1877 4865 2255 4928 Combeﬁsio
2311 4865 2656 4944 interprete

1015 5024 1283 5086 (GALLAND,
1317 5019 1608 5076 Bibliotheca
1629 5016 1839 5078 veterum
1862 5028 2087 5092 Patrum,
2109 5027 2338 5080 Venetiis
2362 5028 2502 5091 1765,
2526 5027 2682 5078 in-fol.
2699 5064 2714 5090 ,
2741 5033 2778 5078 t.
2806 5025 2870 5089 ll,
2905 5041 2955 5090 p.
2988 5024 3121 5090 417.)

520 5278 880 5352 Βουληθέντος
910 5297 1003 5334 σου
1031 5282 1150 5335 κατ’
1186 5281 1468 5355 ἀκρίϐειαν
1495 5284 1752 5355 ἐκμαθεῖν
1781 5286 1851 5352 τὰ
1879 5307 2014 5361 προ-

2182 5287 2223 5343 Ι.
2259 5286 2415 5354 Quod
2446 5287 2524 5341 ita
2554 5286 2823 5342 desiderio
2850 5285 3136 5357 ﬂagrabas,
3167 5283 3330 5338 frater
3362 5282 3436 5335 mi
3464 5281 3668 5337 charis-

447 5371 672 5427 τεθέντα
702 5389 784 5425 σοι
812 5373 902 5426 ὑπ’
933 5372 1066 5443 ἐμοῦ
1096 5375 1384 5444 κεφάλαια,
1416 5377 1668 5449 ἁγαπητέ
1700 5397 1799 5450 μου
1821 5381 2015 5451 ἀδελφέ

2116 5382 2256 5437 sime
2296 5379 2619 5454 Theophile,
2643 5385 2704 5435 ut
2733 5394 2766 5434 a
2797 5394 2884 5434 me
2910 5379 3005 5434 tibi
3036 5376 3314 5448 prOposita
3346 5375 3523 5445 capita
3552 5376 3677 5429 dili-

451 5464 676 5536 Θεόφιλε
707 5463 803 5537 (1),
835 5464 1053 5534 εὓλογον
1087 5467 1377 5538 ἡγησάμην
1404 5468 1649 5538 ἀφθόνως
1679 5471 2016 5543 ἀρυσάμενος

2119 5479 2306 5542 genter
2333 5470 2698 5542 perdisceres;
2733 5484 2911 5540 operae
2937 5469 3171 5538 pretium
3206 5465 3408 5537 putavi,
3444 5465 3589 5521 velut
3609 5482 3677 5522 ex

524 5579 547 5612 '
570 5579 781 5637 Eccles.
808 5597 885 5648 ιι,
909 5581 963 5637 5.

525 5692 1716 5790 $12.?f‘iiﬂezlfiimuﬁ‘l'ﬁffﬁEVM?“
1744 5700 2014 5790 (ιυςηιηαὲ-
2117 5713 2155 5790 ἱι

2117 5713 2240 5790 ipso
2266 5719 2447 5790 autem
2477 5707 3008 5790 exordio‘pat‘etfalli
3037 5721 3152 5790 eos,
3182 5704 3277 5776 qui
3311 5704 3456 5762 hunc
3475 5703 3674 5760 librum

453 5759 715 5858 129.3935.
728 5759 1364 5858 διειιοάίιιενέιέξροιιεξ
1401 5759 1776 5858 πβιμηέηὲληδιῖ
1784 5768 1857 5858 ξξίέ
1886 5768 2016 5858 Ei???
2118 5759 3020 5858 ῘῖίῖρόῖγίἶῖπὸἾιὸῖἰιίιῖἆΗέιὶὧῖο
3048 5759 3276 5833 Finis;

453 5833 741 5900 pbanium,
793 5843 924 5892 tom.
962 5835 1004 5904 Iv,
1053 5833 1211 5910 pag—gi
1261 5833 1384 5904 640,
1424 5833 1558 5907 560.
1599 5833 1860 5896 590.13:
1909 5833 2013 5898 hoc
2118 5833 2326 5862 "7""
