4128 6416
457 451 563 516 751

1093 457 1154 516 S.
1192 457 1554 514 HIPPOLYTI
1586 457 1736 516 OPP.
1789 459 1969 515 PARS
2004 459 2070 516 ll.
2122 489 2192 500 --
2241 457 2545 516 DOGMAT.
2597 458 2684 514 ET
2723 456 3063 514 HISTOBIC.

3577 462 3686 517 752

459 589 648 631 veram
673 588 828 630 suam
854 573 996 628 viam
1027 574 1316 628 convertit.
1346 574 1524 644 Atque
1555 573 1643 630 his
1679 574 1898 644 quidem
1925 575 2016 645 qui

2120 571 2210 627 τοῦ
2248 573 2506 645 ἀληθινὴν
2537 573 2684 626 όδόνο
2707 569 2816 626 ’καὶ
2859 576 2972 636 τοῖς
3005 573 3103 643 μὲν
3137 576 3275 644 μετὰ
3311 573 3545 639 πίστεως
3582 574 3685 648 ζη-

460 666 567 721 ﬁde
597 673 866 736 quaerunt,
901 664 1056 718 facile
1083 664 1395 720 invenitur:
1427 665 1513 720 his
1542 674 1723 720 autem
1750 667 1843 736 qui
1865 681 2023 720 mun-

460 757 547 812 dis
575 755 748 810 oculis
769 763 822 809 et
852 764 1002 808 casto
1029 753 1192 808 corde
1217 754 1416 809 oatium
1443 754 1661 824 pulsare
1687 755 2020 824 desiderant,

460 845 751 903 confestim
786 844 980 914 aperit.
1031 841 1252 898 Nullum
1283 844 1430 899 enim
1464 859 1690 900 suorum
1739 861 2021 902 servorum

460 938 672 1008 rejicit,
715 938 873 1007 quasi
917 935 1226 990 divinorum
1278 937 1665 1008 mysteriorum
1713 939 2018 1010 indignum.

460 1027 579 1085 Non
610 1029 830 1083 divitem
866 1043 1102 1097 paupere
1143 1026 1312 1096 pluris
1340 1027 1486 1093 facit,
1518 1044 1694 1100 neque
1729 1046 2021 1101 pauperem

457 1137 560 1194 pro
589 1121 708 1190 ejus
740 1119 1001 1176 tenuitate
1029 1118 1255 1187 spernit.
1284 1115 1404 1172 Non
1435 1120 1671 1175 barbaro
1697 1123 2019 1190 exprobrat,

458 1229 560 1269 nec
592 1212 903 1268 eunuchum
934 1211 1090 1281 quasi
1121 1225 1230 1263 non
1270 1209 1446 1264 virum
1479 1212 1710 1282 ablegat.
1749 1212 1867 1268 Non
1910 1216 2023 1270 odit

457 1305 716 1360 feminam
750 1307 820 1359 ob
845 1305 1034 1374 primae
1065 1305 1292 1373 originis
1325 1305 1768 1372 inobedientiam,
1797 1321 1898 1361 nec
1940 1307 2021 1360 vi-

457 1411 580 1451 rum
606 1395 676 1449 ob
699 1393 1149 1464 transgressionis
1177 1402 1385 1446 reatum
1410 1392 1689 1462 deturpat;
1716 1395 1808 1450 sed
1831 1411 2020 1452 omnes

457 1489 573 1544 vult
601 1501 899 1556 omnesque
937 1488 1148 1542 salvare
1185 1487 1474 1542 desiderat.
1513 1485 1714 1542 Omnes
1751 1486 1848 1542 Dei
1881 1488 2021 1545 ﬁlios

457 1588 719 1652 praestare
745 1579 878 1642 vult,
901 1588 1230 1648 sanctosque
1255 1593 1444 1633 omnes
1467 1578 1520 1632 in
1548 1594 1716 1632 unum
1745 1580 2021 1634 hominem

456 1672 756 1743 perfectum
783 1682 962 1727 vocat.
990 1670 1123 1726 Nam
1154 1679 1208 1727 et
1237 1687 1379 1726 unus
1399 1671 1494 1726 Dei
1524 1673 1696 1728 Filius
1726 1685 1828 1740 est,
1863 1674 2020 1744 cujus

457 1763 625 1818 etiam
685 1779 788 1819 nos
847 1778 1072 1819 munere
1131 1778 1228 1832 per
1277 1761 1535 1832 Spiritum
1577 1772 1824 1819 sanctum
1893 1764 2024 1819 ade-

455 1856 533 1925 pti
571 1857 1070 1926 regenerationem,
1103 1854 1160 1908 in
1193 1868 1360 1908 unum
1414 1853 1712 1924 perfectum
1749 1871 1812 1912 ac
1854 1857 2020 1912 coale-

455 1955 598 2003 stem
624 1948 900 2002 hominem
929 1961 1120 2004 omnes
1144 1962 1432 2004 occurrere
1458 1955 1710 2018 optamus
1729 1949 1772 2004 ⁷.

524 2127 617 2184 IV.
659 2128 751 2185 Dei
783 2129 928 2185 enim
973 2127 1246 2194 Verbum,
1287 2144 1413 2185 cum
1479 2139 1624 2185 esset
1689 2129 1870 2185 carnis
1910 2143 2015 2183 εις

454 2233 603 2291 pers,
657 2229 899 2275 sanctam
955 2233 1175 2275 carnem
1216 2233 1284 2274 ex
1337 2228 1526 2275 sancta
1557 2218 1778 2289 Virgine
1823 2218 2017 2286 induit,

455 2318 718 2381 tanquam
769 2325 1002 2380 sponsus
1065 2312 1169 2367 sibi
1220 2311 1394 2382 ipsam
1446 2311 1503 2365 in
1546 2310 1726 2365 crucis
1777 2311 2020 2380 patibulo

454 2412 660 2457 vestem
708 2411 1038 2468 contexens;
1091 2416 1203 2472 quo
1250 2401 1510 2456 nimirum
1555 2402 1782 2456 mortale
1821 2417 2018 2471 corpus

453 2502 700 2548 nostrum
762 2508 876 2548 sua:
932 2493 1222 2548 adunando
1274 2494 1502 2558 virtuti,
1565 2503 1618 2548 et
1672 2495 2020 2564 c‘orruptibile

453 2585 891 2656 incorruptibili,
946 2586 1223 2640 infirmum
1289 2586 1417 2641 forti
1479 2585 1752 2652 miscens,
1813 2586 2020 2642 homini

454 2678 550 2748 qui
578 2679 812 2748 perierat
843 2678 1074 2732 salutem
1105 2685 1403 2747 praestaret.
1437 2676 1534 2732 Est
1563 2678 1724 2748 igitur
1754 2679 2021 2735 textorius

451 2769 650 2836 malus,
682 2785 804 2840 quae
855 2769 910 2824 in
961 2783 1124 2824 cruce
1171 2765 1394 2839 peracta
1436 2768 1651 2823 Domini
1689 2770 1872 2838 passio
1901 2777 2018 2837 est;

452 2870 664 2916 stamen
715 2861 770 2914 in
812 2874 898 2927 eo,
939 2861 1112 2916 sancti
1147 2858 1384 2931 Spiritus
1423 2860 1633 2924 virtus;
1665 2868 1860 2926 trama,
1893 2875 2023 2915 san-

453 2962 542 3008 cta
568 2968 697 3008 caro
729 2951 936 3023 Spiritu
965 2962 1252 3022 contexta;
1293 2954 1503 3018 licium,
1533 2968 1655 3022 quae
1690 2968 1786 3022 per
1812 2952 2020 3008 Christi

451 3043 770 3100 charitatem
788 3045 958 3116 gratia
979 3054 1210 3116 utraque
1231 3045 1549 3117 astringitet
1566 3045 1620 3099 in
1638 3061 1804 3099 unum
1822 3046 2018 3110 nectit“;

450 3135 613 3200 radii,
641 3133 876 3191 Verbum
901 3154 915 3203 ;
948 3145 1187 3192 textores
1240 3137 1474 3207 denique
1505 3136 1760 3203 artifices,
1791 3137 2022 3205 patriar-

452 3227 569 3322 chae
593 3235 647 3282 et
673 3228 968 3298 prophetae,
993 3228 1280 3298 pulchrum
1305 3228 1508 3284 Christi
1539 3236 1887 3285 contexentes
1922 3243 2020 3300 po-
2047 3263 2087 3322 α

450 3316 634 3372 derem
683 3333 747 3375 ac
792 3317 1087 3389 perfectam
1133 3319 1410 3393 tunicam;
1461 3335 1559 3390 per
1601 3337 1738 3403 quas
1782 3319 2017 3376 Verbum

451 3410 772 3477 pervadens,
800 3410 1079 3465 radiorum
1123 3427 1293 3481 more,
1324 3412 1538 3467 illarum
1566 3427 1731 3483 opera
1759 3413 2018 3480 contexit,

451 3514 516 3555 ea
545 3515 667 3572 quae
689 3499 836 3556 Patri
867 3501 1055 3556 libent.

523 3676 594 3733 V.
630 3677 832 3734 Verum
855 3679 1114 3750 quoniam
1139 3679 1252 3750 jam
1287 3689 1501 3752 tempus
1527 3689 1684 3751 urget
1711 3681 1778 3736 ad
1803 3695 1867 3736 ea
1895 3697 2018 3752 quae

453 3773 614 3828 nobis
665 3781 986 3844 argumento
1035 3773 1311 3844 proposita
1361 3783 1526 3839 sunt,
1580 3788 1706 3829 cum
1755 3773 2023 3830 sufficiant

451 3879 574 3935 quae
597 3865 654 3921 in
674 3865 898 3920 exordio
922 3866 990 3920 ad
1019 3865 1112 3921 Dei
1139 3867 1364 3937 gloriam
1389 3867 1782 3936 peroravimus,
1804 3881 2021 3936 aequum

449 3963 535 4010 est
561 3963 620 4010 ut
663 3956 1036 4027 aggredientes
1089 3955 1236 4027 ipsas
1284 3955 1498 4012 divinas
1546 3954 1893 4025 Scripturas,
1951 3972 2018 4013 ex

521 4070 546 4101 ’
578 4069 778 4142 Ephes.
801 4087 877 4138 ιν,
909 4071 998 4126 15.

521 4186 634 4258 (15)
668 4187 810 4261 ΔΊῖὴν
858 4189 1065 4261 θύραν.
1120 4185 1248 4244 Haec
1299 4185 1440 4242 male
1495 4186 1824 4244 omittuntur
1875 4188 2019 4261 apud

449 4255 853 4312 Comhefisium.
890 4255 1111 4313 Fxsmc.

524 4327 638 4464 (16)
667 4329 791 4381 Ὧν.
823 4327 951 4397 Leg.
982 4325 1069 4398 ἦν.
1097 4327 1233 4383 Gnn.

526 4398 613 4464 (17
665 4399 774 4451 Καὶ
795 4397 978 4464 μίξας
1002 4397 1082 4463 τῷ
1113 4399 1233 4464 ἀφθ

526 4397 638 4464 (17)
665 4399 774 4451 Καὶ
795 4397 978 4467 μίξας
1002 4397 1082 4463 τῷ
1113 4398 1406 4467 ἀφθάρτῳ.
1440 4397 1560 4464 Quo
1604 4398 1696 4452 lux
1729 4397 1860 4453 huic
1898 4398 2020 4455 loco

452 4465 746 4538 aﬂ'ulgeat_,_
774 4465 1059 4538 consulere
1093 4465 1313 4538 praestat
1342 4466 1771 4538 rThomassinum
1811 4468 1889 4522 De
1919 4468 2017 4523 ln-

450 4535 664 4592 carndt.
703 4535 879 4603 Verbi,
909 4537 1002 4607 lib.
1051 4535 1134 4602 1ιὶ,
1167 4553 1302 4607 cap.
1336 4537 1389 4603 5,
1423 4537 1514 4591 ubi
1561 4538 1645 4591 vir
1673 4538 1866 4592 doctus
1904 4540 2021 4594 exi-

451 4607 594 4661 mios
622 4621 872 4676 quosque
907 4622 938 4660 e
967 4606 1167 4663 Graecis
1196 4606 1250 4662 et
1285 4606 1494 4662 Latinis
1521 4607 1775 4663 Patribus
1797 4610 2017 4674 excitat,

449 4677 548 4748 qui
580 4677 866 4746 utriusque
912 4685 1120 4748 naturae
1157 4677 1497 4748 inconfusam
1530 4677 1770 4747 quidem,
1806 4679 1900 4733 sed
1928 4694 2022 4748 pe-

450 4746 781 4801 nitissimam
821 4747 1276 4814 commistionem,
1308 4746 1864 4816 unitatis’personalis
1896 4746 2020 4803 vin-

450 4816 634 4871 Culum
674 4817 961 4884 ipsumque
993 4832 1190 4871 nexum
1224 4832 1344 4872 esse
1369 4817 1730 4871 inculcarunt.

551 4886 635 4957 18)
663 4885 1114 4955 Διεργναζόμεγοι.
1148 4885 1274 4957 Leg.
1313 4886 1357 4938 δ’
1385 4886 1757 4957 ἐργαζόμενοι.
1780 4886 1915 4942 Gun.

554 4957 639 5025 19)
668 4958 909 5010 Λοιπόν.
939 4956 1148 5027 _Cuivis
1175 4956 1463 5027 ria'ppareat
1525 4956 1624 5027 pro
1681 4957 1864 5012 λοιπόν
1917 4957 2022 5027 legi

449 5035 706 5097 Oportere
733 5025 1140 5097 οὐδένηΤΑκΑρ.
1173 5025 1300 5080 ΕΑΒ.

527 5096 638 5164 (20)
678 5096 942 5150 Ἀπαιτεῒ.
972 5097 1112 5161 Quin
1140 5096 1422 5166 legendum
1453 5097 1684 5167 ἐπείγει,
1714 5097 1896 5167 nullus
1921 5096 2024 5150 du-

451 5163 592 5221 bito.
623 5166 716 5223 Vel
747 5167 790 5221 si
818 5167 1056 5238 ἁπαιτεῖ,
1096 5163 1333 5220 αὶίιῐνοχ
1361 5163 1636 5238 jungenda
1666 5163 1840 5238 esset.
1854 5166 2022 5238 Clara

452 5250 584 5306 ergo
627 5238 926 5302 sententia,
978 5237 1085 5305 iam
1118 5250 1310 5305 urgere
1341 5236 1551 5306 tempus
1580 5236 1866 5303 (tractandi
1915 5237 2022 5289 sci-

455 5305 582 5361 licet
605 5307 971 5430 occasionemg
999 5307 1248 5374 expedito
1272 5308 1518 5373 exordio,
1553 5317 1612 5360 ut
1633 5307 1698 5360 ad
1723 5306 2019 5372 subjectam

455 5377 738 5430 materiam
771 5391 934 5430 nroce
974 5385 1114 5430 atur.
1152 5374 1336 5430 ltauue
1379 5377 1468 5430 hic
1511 5376 1690 5430 oneris
1719 5375 1914 5430 divisio
1939 5381 2019 5428 est

454 5377 738 5431 materiam
771 5374 1114 5446 procedatur.
1152 5374 1336 5445 Itaque
1379 5377 1468 5430 hic
1511 5376 1690 5445 cperis
1719 5375 1914 5446 divisio
1939 5381 2023 5446 est

453 5454 511 5500 et
528 5444 848 5516 argumenti
906 5446 1224 5501 insinuatio.
1249 5444 1492 5516 Colligit
1538 5444 1689 5516 hinc”
1715 5445 1923 5499 Gudius
1945 5444 2022 5516 de

455 5515 575 5570 solo
603 5513 936 5570 Antichristo
964 5516 1300 5585 propoSitum
1324 5513 1611 5586 Hippolyto
1641 5514 1851 5586 dicere;
1884 5513 2022 5567 rela-

454 5586 636 5654 tisque
661 5586 847 5654 paucis
876 5583 1003 5648 hinc
1035 5583 1210 5650 lineis,
1245 5586 1320 5640 ita
1356 5583 1585 5640 assumit
1614 5603 1627 5640 :
1663 5603 1682 5637 ι
1710 5583 1847 5650 Quid
1877 5597 2022 5637 nunc

456 5663 544 5710 est
572 5657 808 5723 apertius
829 5695 845 5718 ,
874 5671 1035 5724 quam
1071 5671 1177 5710 non
1213 5656 1280 5708 ad
1318 5665 1696 5724 argumentum
1727 5655 2019 5724 pertinere,

499 5739 582 5778 uae
608 5727 674 5779 de
717 5723 934 5781 Christo
972 5725 1215 5780 dixerat?
1253 5743 1271 5777 ι
1309 5723 1403 5780 lta’
1427 5725 1628 5794 plane:
1660 5734 1716 5778 at
1745 5739 1871 5776 num
1902 5739 2024 5794 qua:

499 5739 582 5778 uae
608 5738 674 5779 de
717 5738 934 5781 Christo
972 5738 1215 5780 uixerat?
1253 5743 1271 5777 ι
1309 5738 1389 5780 Ita
1427 5738 1586 5794 plane
1613 5741 1628 5776 :
1660 5738 1716 5778 at
1745 5739 1871 5776 num
1902 5739 2023 5792 qua:

455 5738 727 5850 gicturum
780 5810 842 5866 se
890 5795 1208 5866 pollicetur,
1242 5795 1310 5849 de
1359 5793 1646 5866 revelando
1690 5794 1894 5848 Christi
1925 5793 2023 5866 ad:

460 5875 622 5923 ventu
655 5866 721 5923 de
741 5863 914 5938 ccelo';
954 5866 1021 5923 de
1059 5875 1370 5924 sanctorum
1407 5880 1528 5922 cum
1566 5863 1786 5923 Christo
1819 5863 2023 5933 regno?

2121 660 2305 715 τοῦσιν
2335 662 2570 726 εὐκόλως
2609 662 3019 734 εὑρισκόμενος·
3068 666 3179 726 τοῖς
3209 663 3264 716 δὲ
3291 663 3548 736 καθαροῖς
3583 666 3687 738 6p.-

2125 768 2255 823 μασι
2275 753 2368 806 καὶ
2395 753 2532 824 ἁγνῇ
2561 753 2758 824 καρδίᾳ
2779 755 2995 825 κρούειν
3022 752 3119 824 τὴν
3153 752 3320 824 θύραν
3356 756 3467 827 (15)
3495 757 3686 810 ἐπιθυ-

2125 843 2332 914 μοῦσιν,
2359 844 2521 908 εὐθὺς
2545 845 2906 915 ἀνοιγόμενος.
2945 844 3145 897 Οὐδένα
3188 843 3296 916 γὰρ
3321 845 3684 901 άποϐάλλεται

2119 935 2226 988 τῶν
2275 935 2466 990 ἑαυτοῦ
2513 937 2734 1002 δούλων,
2785 936 2858 1000 ὡς
2894 937 2966 1008 μὴ
3000 938 3128 991 ὄντα
3173 939 3319 1006 ἄξιον
3370 939 3478 992 τῶν
3522 937 3683 992 θείων

2123 1027 2462 1098 μυστηρίωνο
2513 1029 2574 1080 οὐ
2619 1028 2870 1081 πλούσιον
2925 1029 3204 1100 προτιμῶν
3246 1030 3509 1101 πένητος’
3559 1029 3684 1082 οὐδὲ

2121 1116 2326 1186 πένητα
2367 1117 2456 1170 διὰ
2499 1119 2559 1171 τὸ
2601 1119 2815 1190 μέτριον
2862 1118 3187 1184 ὲξουθενῶψ
3240 1118 3685 1190 οὐδὲ¹βάρ6αρον

2120 1208 2409 1274 ὀνειδίζων,
2451 1209 2570 1262 οὐδὲ
2614 1210 2704 1263 τὸν
2733 1209 2985 1280 εὐνοῦχον
3012 1209 3087 1274 ὡς
3126 1211 3198 1281 μὴ
3225 1209 3527 1282 ἄνθρωπον,
3557 1210 3688 1279 ἀφο-

2125 1300 2314 1373 ρίζωνν
2345 1302 2466 1355 οὐδὲ
2499 1302 2631 1371 θῆλυ
2666 1302 2754 1356 διὰ
2790 1304 2889 1374 τὴν
2923 1303 3153 1373 ὲξαρχῆς
3181 1302 3476 1372 γενομένην
3509 1317 3687 1372 παρα-

2120 1395 2249 1464 κοὴν
2273 1395 2464 1464 μισῶν,
2499 1395 2620 1448 οὐδὲ
2648 1396 2742 1448 τὸν
2775 1395 2979 1466 ἄρρενα
3012 1395 3097 1447 διὰ
3124 1394 3219 1465 τὴν
3253 1393 3561 1465 παράϐασιν
3576 1393 3687 1446 άτι-

2125 1485 2339 1555 μάζων·
2376 1485 2509 1538 ἀλλὰ
2539 1487 2744 1550 πάντας
2776 1487 2942 1539 θέλων
2967 1488 3060 1540 καὶ
3092 1486 3299 1548 πάντας
3331 1484 3522 1549 σώζειν
3563 1486 3684 1539 ἐπι-

2122 1576 2327 1648 θυμῶν,
2376 1577 2581 1641 πάντας
2635 1579 2783 1642 υἱοὺς
2832 1577 2965 1630 Θεοῦ
3011 1577 3332 1648 καταρτίσαι
3377 1577 3546 1630 θέλων
3589 1577 3685 1630 καὶ

2119 1671 2243 1733 τοὺς
2276 1669 2482 1733 πάντας
2502 1671 2688 1738 ἁγίους
2715 1672 2794 1734 εἰς
2815 1671 2910 1722 ἕνα
2933 1670 3137 1722 τέλειον
3171 1669 3456 1739 ἄνθρωπον
3477 1666 3676 1721 καλῶν·

2119 1756 2196 1823 εἷς
2229 1758 2338 1831 γὰρ
2369 1761 2463 1813 καὶ
2484 1762 2512 1812 6
2530 1758 2624 1812 τοῦ
2659 1759 2792 1813 Θεοῦ
2832 1763 2979 1823 παῖς,
3007 1761 3076 1813 δι’
3095 1754 3156 1814 οῦ
3184 1760 3277 1813 καὶ
3303 1761 3462 1829 ἡμεῖς
3503 1757 3687 1829 τυχόν-

2121 1867 2211 1913 τες
2241 1849 2340 1920 τὴν
2372 1849 2460 1903 διὰ
2511 1849 2605 1902 τοῦ
2644 1849 2800 1918 ἁγίου
2836 1851 3149 1922 Πνεύματος
3183 1851 3560 1920 άναγέννησιν,
3605 1851 3686 1912 είς

2050 1920 2093 1976 Β
2120 1940 2216 1994 ἕνα
2239 1941 2436 1994 τέλειον
2469 1941 2563 1993 καὶ
2593 1942 2910 2013 ἐπουράνιον
2939 1920 3221 2016 ἄνθρωπον
3241 1943 3291 1995 οἱ
3310 1942 3510 2006 πάντες
3543 1958 3678 1996 κατφ

2115 2032 2346 2102 αντῆσαι
2373 2031 2639 2104 ὲπιθυμοῦ
2648 2051 2768 2104 μεν.

2196 2123 2416 2196 Ἐπειδὴ
2448 2124 2555 2197 γάρ
2595 2126 2624 2178 6
2656 2125 2825 2194 Λόγος
2872 2124 2966 2180 τοῦ
3006 2123 3143 2178 Θεοῦ
3179 2125 3427 2195 ,ἄσαρκος
3453 2123 3527 2177 ὢν
3551 2123 3685 2196 (16),

2117 2215 2402 2273 ἐνεδύσατο
2440 2216 2538 2288 τὴν
2583 2217 2742 2286 ἁγίαν
2789 2216 2968 2288 σάρκα
3011 2218 3075 2270 ὲκ
3129 2217 3230 2287 τῆς
3267 2217 3426 2284 ἁγίας
3475 2216 3689 2288 Παρθέ-

2118 2323 2245 2371 νου,
2299 2307 2376 2370 ὡς
2427 2308 2657 2378 νυμφίος
2700 2308 2912 2379 ἱμάτιον
2966 2307 3231 2377 ὲξυφάνας
3274 2307 3453 2378 ἑαυτῷ
3502 2311 3559 2362 ὲν
3611 2308 3688 2379 τῷ

2121 2399 2396 2472 σταυρικῷ
2441 2400 2619 2465 πάθει,
2664 2403 2813 2465 ὅπως
2851 2402 3192 2473 συγκεράσας
3221 2402 3282 2454 τὸ
3311 2401 3502 2474 θνητὸν
3532 2402 3691 2472 ἡμῶν

2121 2492 2279 2564 σῶμα
2323 2495 2390 2564 τῇ
2439 2493 2632 2547 ἑαυτοῦ
2676 2494 2934 2565 δυνάμει,
2980 2495 3073 2550 καὶ
3117 2495 3274 2566 μίξας
3309 2493 3385 2565 τῷ
3431 2494 3691 2566 ἀφθάρτῳ

2120 2585 2236 2656 (17)
2268 2585 2329 2638 τὸ
2364 2584 2599 2657 φθαρτὸν
2649 2587 2742 2640 καὶ
2789 2587 2849 2639 τὸ
2896 2587 3118 2650 ἀσθενὲς
3169 2587 3246 2658 τῷ
3281 2586 3504 2657 ἰσχυρῷ,
3541 2585 3693 2660 σώσῃ

2117 2676 2210 2731 τὸν
2257 2676 2624 2748 ἀπολλύμενον
2667 2677 2969 2750 ἄνθρωπον.
3012 2679 3169 2731 Ἔστι
3202 2679 3297 2749 μὲν
3325 2674 3420 2732 οὖν
3463 2679 3491 2730 ὁ
3523 2677 3688 2742 ἱστὸς,

2119 2769 2212 2822 τοῦ
2245 2769 2446 2842 Κυρίου
2497 2770 2557 2824 τὸ
2589 2769 2759 2834 πάθος
2799 2771 2860 2824 τὸ
2891 2770 2984 2823 ἐπὶ
3019 2769 3098 2841 τῷ
3147 2768 3367 2840 σταυρῷ
3393 2770 3694 2840 γεγενημέο

2119 2876 2228 2914 νον·
2278 2862 2500 2932 στήμων
2546 2862 2602 2914 δὲ
2648 2861 2704 2913 ὲν
2737 2860 2914 2931 αὐτῷ,
2949 2863 2983 2931 ἠ
3026 2859 3118 2914 τοῦ
3173 2861 3329 2928 ἁγίου
3377 2860 3692 2929 Πνεύματος

2120 2950 2365 3022 δύναμιςο
2403 2953 2576 3025 κρόκη
2607 2953 2686 3016 δὲ,
2715 2954 2749 3024 ἡ
2772 2953 2902 3022 ἁγία
2931 2952 3068 3024 σὰρξ
3099 2951 3487 3022 ὲνυφαινομένη
3523 2949 3696 3005 Ilvati-

2123 3060 2272 3114 ματι⁹
2311 3042 2464 3112 μίτος
2495 3027 2551 3095 δὲ
2574 3083 2590 3109 ,
2641 3045 2676 3114 ἡ
2724 3043 2790 3096 δι’
2823 3043 3041 3114 ἀγάπης
3071 3042 3306 3114 Χριστοῦ
3339 3042 3493 3112 χάρις
3536 3041 3697 3110 σφίγ-

2119 3148 2291 3202 γουσα
2317 3134 2411 3188 καὶ
2442 3132 2637 3188 ἐνοῦσα
2665 3133 2732 3186 τὰ
2767 3133 3051 3208 ἀμφότερα
3099 3137 3178 3198 είς
3210 3134 3289 3187 ἒνσ
3325 3134 3572 3206 κερκίδες
3605 3134 3690 3197 δὲ,

2119 3226 2149 3279 6
2199 3225 2389 3293 Λόγοςο
2440 3227 2487 3279 oi
2526 3225 2931 3296 διεργαζόμενοι
2970 3226 3103 3297 (18),
3143 3226 3478 3297 πατριάρχαι
3508 3242 3567 3277 τε
3601 3225 3694 3277 καὶ

2121 3318 2422 3388 προφῆται,
2470 3317 2520 3370 οἱ
2566 3317 2656 3370 τὸν
2690 3317 2852 3372 καλὸν
2888 3318 3093 3390 ποδήρη
3129 3318 3222 3372 καὶ
3260 3318 3464 3371 τέλειον
3492 3317 3694 3387 χιτῶνα

2118 3411 2430 3481 ὑφαίνοντες
2479 3408 2728 3480 Χριστῷ,
2763 3408 2831 3461 δι’
2882 3402 2956 3463 ὧν
3011 3410 3040 3461 ὁ
3085 3410 3254 3477 Λόγος
3306 3407 3692 3478 διῖκνούμενος,

2117 3497 2380 3568 κερκίδων
2412 3497 2587 3567 δίκην,
2623 3496 2901 3566 ὲξυφαίνει
2933 3497 2998 3550 δι’
3032 3498 3210 3552 αὐτῶν
3242 3497 3393 3551 ταῦθ’
3417 3497 3558 3568 άπερ
3581 3495 3697 3566 βού-

2118 3587 2269 3641 λεται
2299 3590 2327 3640 6
2355 3589 2567 3658 Πατήρ.

2207 3686 2348 3739 Ἀλλ’
2382 3686 2570 3758 ἐπειδὴ
2601 3689 2788 3759 καιρὸς
2817 3687 3002 3741 λοιπὸν
3036 3688 3144 3759 (19)
3173 3689 3394 3741 ἀπαιτεῖ
3421 3685 3532 3757 (ἳο)
3560 3685 3695 3757 πρὸς

2124 3777 2193 3832 τὰ
2224 3776 2590 3848 ὑποκείμενα,
2631 3779 2916 3852 αύταρκῶν
2954 3779 3122 3833 ὄντων
3151 3778 3262 3831 τῶν
3302 3781 3359 3832 ὲν
3399 3777 3479 3849 τῷ
3511 3795 3696 3848 προοι-

2130 3868 2238 3938 μίῳ
2280 3867 2391 3939 (21)
2428 3870 2508 3932 είς
2550 3869 2706 3934 δόξαν
2757 3869 2892 3923 Θεοῦ
2936 3871 3260 3942 εἰρημένων,
3302 3869 3508 3923 δίκαιόν
3545 3871 3692 3924 ἐστιν

2117 3961 2266 4032 ἡμᾶς
2309 3959 2690 4033 ἐφαψαμένους
2723 3962 2832 4033 (ΞΞ)
2873 3961 3053 4016 αὐτῶν
3091 3961 3199 4016 τῶν
3247 3961 3404 4016 θείων
3442 3961 3695 4033 Γραφῶν,

2124 4189 2372 4264 Cumque
2399 4198 2510 4248 tota
2541 4193 2867 4249 tractatione
2910 4193 3296 4264 Antichristum
3330 4193 3549 4249 Christo
3587 4207 3695 4262 op-

2125 4262 2309 4333 ponat,
2346 4278 2453 4318 non
2487 4264 2560 4318 ita
2591 4264 2732 4317 male
2766 4264 2880 4318 sive
2910 4263 3023 4332 ipse
3052 4262 3391 4333 Hippolytus,
3421 4264 3536 4318 sive
3564 4263 3691 4333 qui-

2126 4332 2209 4387 vis
2240 4333 2443 4404 alius,_
2463 4333 2974 4404 prmnotavit‘,rllsp‘t
3006 4332 3381 4404 Χριστοῦίκαὶ·
3420 4332 3684 4404 Ἀντιχρίε

2127 4418 2271 4455 στου·
2302 4400 2567 4471 (ιυοάὶιο
2613 4409 2734 4471 post
2779 4400 3100 4474 Photianum
3143 4400 3612 4474 codicemuetiam’:
3651 4400 3692 4454 i-i

2123 4470 2550 4540 repraesentant,
2607 4470 2673 4526 ex
2717 4470 2936 4542 quibus'
2966 4487 3224 4542 expressa
3273 4471 3431 4526 Cudii
3481 4470 3688 4542 editio;

2034 4582 2096 4638 D
2123 4542 2322 4664 auibus
2352 4542 2581 4611 proinde
2607 4541 2776 4595 malui
2811 4541 3047 4608 haerere,
3069 4558 3232 4611 quam
3260 4542 3389 4610 ejus,
3404 4541 3690 4595 mutationi

2162 4609 2350 4664 eferre.
2384 4609 2772 4664 Hieronvmum
2817 4611 2996 4664 (cuius
3043 4621 3096 4664 et
3128 4613 3242 4664 inse
3273 4612 3455 4664 magni
3497 4616 3690 4663 aucto-

2162 4609 2363 4665 eferre.’
2384 4609 2772 4682 Hieronymum
2817 4611 2996 4682 (cujus
3036 4609 3101 4682 et
3128 4613 3242 4680 ipse
3266 4609 3690 4682 magniﬂaucto-

2125 4682 2339 4735 ritatem
2375 4679 2538 4745 facio)
2573 4679 2850 4734 adversari
2887 4679 3082 4735 Photio
3113 4679 3223 4736 non
3257 4679 3412 4736 facile
3435 4679 3688 4742 dixerim,

2123 4751 2268 4820 quod
2314 4749 2587 4821 Hippolyti
2640 4751 2816 4821 plura
2847 4751 3199 4815 recensendo,
3241 4750 3319 4821 De
3368 4749 3692 4804 Antichristo

2123 4818 2467 4874 solummodo
2507 4818 2722 4874 dixerit.
2771 4818 2974 4889 Nempe
3013 4835 3111 4874 nec
3143 4821 3210 4874 de
3247 4819 3468 4875 Christo
3523 4833 3694 4888 nega-

2121 4890 2220 4952 vit,
2261 4889 2354 4943 sed
2407 4890 2487 4944 sic
2533 4905 2765 4952 summa,
2804 4890 2948 4944 unde
2994 4898 3256 4945 tractatus
3297 4900 3444 4944 esset
3489 4889 3692 4956 notior,

2123 4960 2404 5027 ascripsit;
2453 4957 2681 5013 Photius
2709 4976 2772 5014 ex
2803 4961 2988 5014 codice
3033 4959 3300 5028 integrum
3345 4960 3562 5014 titulum
3602 4973 3694 5012 re-
3800 4973 3806 4978 ·

2123 5030 2352 5083 censuit.
2380 5027 2584 5098 Deinde
2639 5043 2706 5082 eo
2745 5038 2952 5098 spectat
2987 5036 3100 5082 tota
3137 5027 3415 5093 tractatio,
3451 5038 3510 5082 ut
3535 5028 3692 5080 Anti-

2125 5098 2312 5154 christi
2340 5114 2405 5153 ex
2436 5097 2736 5167 Scripturis
2758 5097 3238 5162 demonstratione,
3261 5099 3330 5152 ab
3354 5113 3422 5152 eo
3443 5098 3692 5167 fidelibus

2124 5179 2343 5231 caveat,
2388 5176 2442 5222 et
2482 5166 2699 5238 Christo
2751 5168 3038 5238 adjungat,
3074 5169 3469 5238 amborumque
3502 5166 3687 5220 discri-

2123 5253 2246 5292 men
2277 5253 2400 5291 eum
2431 5238 2484 5292 in
2514 5237 2674 5291 finem
2708 5237 2946 5306 aperiat;
2979 5239 3124 5306 quod
3151 5237 3429 5292 Christum
3463 5251 3690 5306 nonex-

2123 5307 2311 5371 cludit,
2358 5322 2426 5361 ne
2472 5307 2586 5375 ipse
2634 5303 2758 5376 pars
2807 5303 3109 5377 argumenti
3160 5308 3434 5370 videatur,
3475 5314 3529 5360 et
3561 5303 3687 5377 finis

2123 5377 2388 5444 genuinus
2440 5387 2603 5444 atque
2636 5375 2902 5446 proprius
2949 5377 3309 5444 tractationis,
3353 5391 3464 5430 non
3509 5375 3686 5431 solum

2122 5447 2478 5502 extrinsecus.
2505 5445 2741 5500 Couner.

2193 5516 2307 5587 (21)
2330 5518 2444 5587 -Ὲν
2484 5514 2564 5580 τῷ
2607 5516 2908 5587 προοιμίῳ.
2943 5516 3160 5587 Citatur
3187 5515 3288 5587 hic,
3309 5515 3463 5587 locus
3492 5515 3546 5569 in
3576 5513 3689 5568 Pa-

2123 5585 2296 5640 fallet.
2328 5585 2600 5658 Damasc.,
2627 5595 2761 5658 tom.
2797 5586 2873 5652 ll,
2917 5602 3042 5658 pag.
3071 5586 3196 5641 781.
3230 5585 3351 5642 Vid.
3391 5600 3558 5658 supra
3597 5601 3688 5640 ve-

2125 5665 2224 5710 ter.
2263 5657 2492 5719 testim.,
2518 5669 2669 5708 num.
2705 5655 2760 5709 9.

2193 5725 2305 5795 (22)
2349 5724 2818 5794 Ἐφαψαμέινους.
2849 5723 2922 5780 Ita
2951 5723 3269 5795 Combefis.;
3307 5726 3365 5784 in
3397 5727 3545 5784 edito
3589 5741 3688 5781 au-

2124 5793 2230 5852 tem
2258 5793 2578 5852 Fabriciauo
2605 5810 2866 5852 excusum
2899 5793 3282 5868 ὲφαψαμένων.
