4128 6464
468 544 570 597 733

1518 543 1606 597 DE
1645 540 1944 598 CHRISTO
1982 539 2069 594 ET
2108 535 2594 594 ANTICHRISTO.

3583 529 3690 586 754

466 658 666 715 ἐπιδεῖν
709 657 774 711 δι’
817 658 1016 723 αὐτῶν,
1056 659 1138 723 τίς
1180 659 1273 713 καὶ
1318 659 1532 730 ποταπὴ
1561 661 1594 730 ἡ
1627 659 1719 712 τοῦ
1767 656 2023 730 Ἀντιχρί-

2129 655 2237 708 illis
2265 655 2546 709 videamus
2571 650 2695 722 quis
2724 658 2776 705 et
2815 649 2992 718 qualis
3035 645 3354 702 Antichristi
3386 645 3687 716 adventus,

467 768 593 805 στου
631 750 913 821 παρουσίαο
951 750 1088 820 ποίῳ
1119 750 1174 803 δὲ
1206 750 1380 821 καιρῷ
1410 750 1504 802 καὶ
1552 750 1725 822 χρόνῳ
1767 753 1794 803 6
1831 751 2028 819 ἄνομος

464 841 995 912 ἀποκαλυφθήσεταιο
1029 842 1190 894 πόθεν
1213 841 1268 894 δὲ
1301 841 1392 894 καὶ
1423 843 1488 894 ἐκ
1521 843 1679 905 ποίας
1711 842 1901 911 φυλῆς,
1937 842 2031 906 καὶ

463 932 516 987 τί
547 933 734 987 τούτου
777 933 965 1004 ὄνομα,
1010 933 1070 985 τὸ
1111 933 1197 987 διὰ
1245 932 1336 986 τοῦ
1369 933 1600 1004 ἀριθμοῦ
1642 936 1699 986 ἐν
1741 936 1805 1004 τῇ
1839 934 2026 1004 Γραφῇ

467 1025 817 1097 μηνυόμενον·
865 1024 980 1087 πῶς
1030 1024 1087 1078 δέ
1128 1024 1333 1097 πλάνην
1379 1026 1473 1096 μὲν
1517 1025 1593 1096 τῷ
1627 1024 1740 1096 λαῷ
1777 1015 2030 1096 ἐγγεννή-

415 1146 418 1151 -
465 1133 580 1182 σει,
630 1115 956 1180 ἐπισυνάξας
995 1115 1188 1178 αὐτοὺς
1232 1117 1297 1168 ἐκ
1337 1115 1444 1168 τῶν
1489 1117 1737 1187 περάτων
1777 1119 1875 1186 τῆς
1904 1116 2025 1186 γῆς’

389 1225 391 1228 ‘
463 1206 640 1276 θλίψιν
690 1207 745 1260 δὲ
791 1208 885 1260 καὶ
929 1207 1165 1277 διωγμὸν
1214 1207 1306 1260 ἐπὶ
1353 1207 1476 1270 τοὺς
1522 1209 1709 1276 ἁγίους
1754 1210 2025 1278 ἐπεγερεῖ·

463 1300 560 1354 καὶ
593 1299 707 1362 πῶς
754 1299 943 1353 ἐαυτὸν
991 1300 1198 1364 δοξάσει
1241 1300 1316 1364 ὡς
1359 1301 1521 1353 Θεόν·
1562 1301 1647 1364 τίς
1688 1301 1744 1352 δὲ
1776 1303 1808 1372 ἡ
1839 1301 2028 1353 τούτου

473 1389 769 1443 συντέλεια·
815 1388 930 1452 πῶς
975 1389 1031 1442 δὲ
1071 1391 1103 1461 ἡ
1138 1390 1422 1460 ἐπιφάνεια
1459 1388 1552 1442 τοῦ
1592 1391 1792 1462 Κυρίου
1824 1392 2030 1444 ἀποκα-

458 1477 788 1550 λυφθήσεται
825 1478 918 1531 ἀπ’
953 1479 1214 1550 οὐρανῶνε
1261 1481 1355 1534 καὶ
1385 1480 1467 1542 τίς
1501 1481 1533 1549 ἠ
1579 1478 1671 1532 τοῦ
1719 1479 2030 1550 σύμπαντος

462 1569 670 1640 κόσμου
703 1569 1030 1641 ἐκπύρωσις·
1076 1571 1161 1634 τίς
1192 1570 1246 1623 δὲ
1288 1572 1320 1642 ή
1363 1571 1470 1624 τῶν
1501 1571 1668 1640 ἁγίων
1701 1572 1904 1638 ἔνδοξος
1935 1572 2030 1626 καὶ

462 1659 780 1732 ἐπουράνιος
817 1661 1062 1732 βασιλεία
1105 1662 1213 1714 τῶν
1249 1662 1748 1733 συμϐασιλευόντων
1781 1662 1859 1734 τῷ
1893 1664 2028 1735 Χρι-

461 1749 590 1820 στῷ’
628 1750 720 1802 καὶ
753 1750 835 1814 τίς
865 1752 897 1821 ἡ
939 1749 1044 1804 τῶν
1069 1751 1282 1821 ἀνόμων
1311 1752 1399 1804 διὰ
1421 1751 1591 1824 πυρὸς
1612 1751 1852 1814 κόλασις.

536 1841 642 1895 Τοῦ
677 1843 773 1913 μὲν
809 1838 901 1896 οὖν
932 1843 1134 1914 Κυρίου
1175 1842 1346 1915 Ἰησοῦ
1387 1843 1620 1914 Χριστοῦ
1651 1843 1742 1896 τοῦ
1775 1842 1908 1896 Θεοῦ
1941 1841 2029 1897 διὰ

455 1931 519 1984 τὸ
547 1931 823 2002 βασιλικὴν
860 1931 952 1986 καὶ
983 1932 1188 1996 ἔνδοξον
1219 1933 1295 1996 ὡς
1334 1933 1544 1996 λέοντος
1571 1932 2025 2004 προκεκηρυγμέ-

457 2038 569 2074 νουο
605 2022 682 2094 τῷ
733 2022 880 2094 αὐτῷ
933 2023 1115 2096 τρόπῳ
1159 2024 1251 2077 καὶ
1291 2024 1382 2077 τὸν
1421 2024 1780 2097 Ἀντίχριστον
1826 2022 2025 2094 ὁμοίως

455 2111 646 2168 λέοντα
693 2115 1167 2187 προανηγόρευσαν
1193 2115 1303 2185 (25)
1341 2116 1398 2169 αἱ
1442 2116 1654 2186 Γραφαὶ
1696 2115 1782 2170 διὰ
1825 2115 1887 2168 τὸ
1926 2131 2022 2168 τυ-

459 2207 709 2277 ραννικὸν
733 2206 895 2260 αὐτοῦ
931 2208 1023 2260 καὶ
1057 2207 1244 2278 βίαιον.
1271 2207 1428 2261 Κατὰ
1458 2208 1634 2261 πάντα
1674 2206 1782 2278 γάρ
1820 2207 2026 2278 ἐξομοι-

455 2289 644 2345 οῦσθαι
686 2291 930 2362 βούλεται
969 2295 998 2346 6
1042 2293 1242 2358 πλάνος
1287 2293 1366 2365 τῷ
1401 2294 1517 2366 Υίῷ
1550 2293 1644 2348 τοῦ
1684 2294 1840 2350 Θεοῦ.
1871 2295 2024 2349 Λέων

460 2381 559 2452 μὲν
589 2384 616 2436 6
645 2383 898 2454 Χριστὸς,
931 2384 1024 2438 καὶ
1054 2384 1191 2439 λέων
1232 2388 1261 2439 ὁ
1305 2386 1686 2458 Ἀντίχριστος·
1719 2387 1967 2458 βασιλεὺς
1997 2389 2025 2442 6

455 2471 717 2542 Χριστὸς,
760 2472 853 2525 καὶ
897 2471 1149 2542 βασιλεὺς
1197 2475 1226 2526 6
1271 2473 1652 2546 Ἀντίχριστος.
1707 2473 1946 2545 Ἐδείχθη
1996 2475 2026 2528 6

453 2561 643 2634 Σωτὴρ
683 2562 758 2626 ὡς
799 2564 1002 2635 ἀρνίον,
1049 2566 1142 2619 καὶ
1184 2565 1345 2629 αὐτὸς
1384 2566 1584 2637 ὁμοίως
1623 2567 1920 2638 φανήσεται
1949 2565 2025 2630 ὡς

453 2652 656 2723 ἀρνίον,
711 2653 917 2708 ἔνδοθεν
968 2655 1128 2720 λύκος
1171 2655 1264 2709 ὧν.
1313 2657 1402 2710 Ἐν
1453 2659 1718 2729 περιτομῇ
1766 2659 1794 2710 ὁ
1835 2658 2024 2728 Σωτὴρ

451 2739 616 2817 ἦλθεν
647 2747 726 2808 είς
767 2747 858 2801 τὸν
903 2747 1124 2819 κόσμον,
1159 2749 1252 2802 καὶ
1283 2750 1444 2812 αὐτὸς
1483 2748 1682 2819 ὁμοίως
1725 2748 2020 2805 ἐλεύσεται.

466 2835 805 2891 Ἀπέστειλεν
829 2840 858 2891 ό
881 2839 1083 2911 Κύριος
1110 2840 1434 2904 ἀποστόλους
1465 2842 1544 2904 είς
1577 2841 1752 2894 πάντα
1774 2841 1842 2894 τὰ
1871 2840 2020 2910 ἔθνη,

452 2926 547 2980 καὶ
571 2926 732 2990 αὐτὸς
763 2927 962 2997 ὁμοίως
997 2928 1201 2998 πέμψει
1239 2928 1716 3000 ψευδαποστόλους.
1743 2931 2023 3001 Συνήγαγε

452 3015 522 3069 τὰ
573 3017 1030 3090 διεσκορπισμένα
1082 3019 1330 3092 πρόϐατα
1372 3022 1401 3074 6
1445 3022 1673 3093 Σωτὴρ,
1724 3023 1818 3076 καί
1862 3023 2024 3087 αὐτὸς

452 3104 650 3176 ὁμοίως
697 3109 1008 3173 ἐπισυνάξει
1043 3110 1132 3164 τὸν
1161 3110 1639 3184 διεσκορπισμένω
1674 3113 1820 3167 λαόν.
1856 3113 2024 3168 Ἔδω-

453 3213 547 3256 κεν
587 3201 616 3253 6
648 3201 850 3273 Κύριος
891 3201 1163 3276 σφραγῖδα
1195 3208 1307 3271 τοῖς
1353 3208 1434 3270 είς
1477 3209 1638 3263 αὑτὸν
1685 3207 2020 3276 πιστεύουσι,

449 3289 548 3342 καὶ
594 3291 755 3358 αὐτὸς
811 3292 970 3349 δώσει
1021 3296 1239 3366 ὁμοίως.
1300 3299 1388 3352 Ἐν
1447 3303 1683 3372 σχήματι
1732 3299 2020 3373 ἀνθρώπου

453 3379 626 3451 ἐφάνη
674 3384 702 3436 6
746 3384 975 3456 Σωτὴρ,
1021 3386 1116 3440 καὶ
1160 3388 1323 3452 αὐτὸς
1363 3390 1420 3442 ἐν
1459 3392 1695 3461 σχήματι
1735 3390 2019 3463 ἀνθρώπου

452 3472 752 3532 ἐλεύσεται.
794 3477 1111 3550 Ἀνέστησεν
1135 3482 1162 3534 6
1188 3480 1501 3554 Σωτὴρικαὶ
1533 3483 1700 3548 ἔδειξε
1728 3485 1828 3555 τὴν
1861 3485 2022 3554 ἁγίαν

453 3565 628 3638 σάρκα
659 3567 734 3632 ὡς
769 3570 917 3635 ναὸν,
963 3572 1056 3625 καὶ
1100 3572 1259 3637 αὐτὸς
1296 3574 1587 3646 ἀναστήσει
1621 3579 1679 3630 ἐν
1723 3577 2020 3649 Ἰεροσολύ-

453 3675 576 3729 μοις
604 3659 696 3714 τὸν
735 3660 934 3716 λίθινον
963 3664 1110 3718 ναόν.
1149 3666 1258 3719 Καὶ
1286 3665 1353 3720 τὰ
1398 3669 1495 3738 μὲν
1524 3667 1700 3722 πλάνα
1739 3669 1903 3724 αὐτοῦ
1933 3687 2022 3723 τε·

449 3753 702 3823 χνήματα
748 3755 808 3808 ἐν
852 3756 965 3818 τοῖς
1009 3754 1136 3826 ἑξῆς
1177 3756 1514 3830 δηλώσομεν·
1563 3761 1677 3814 νυνὶ⁵
1706 3761 1762 3815 δὲ
1795 3762 1929 3834 πρὸς
1959 3761 2022 3817 τὸ

451 3843 812 3915 προκείμενον
837 3845 1152 3918 τραπῶμεν.

519 3935 680 4004 Λέγει
725 3931 819 3990 οὖν
862 3939 891 3990 ό
944 3938 1213 4009 μακάριος
1267 3939 1460 3994 Ἰακὼὸ
1493 3944 1550 3996 ἐν
1598 3945 1718 4007 ταῖς
1747 3944 2018 4014 εὐλογίαις

451 4026 858 4098 προαναφωνῶν
914 4028 984 4082 τὰ
1038 4029 1166 4099 περὶ
1218 4029 1313 4083 τοῦ
1365 4033 1570 4103 Κυρίου
1622 4033 1719 4087 καὶ
1769 4036 2021 4105 Σωτῆρος

449 4116 627 4188 ἡμῶν,
675 4111 864 4181 οῦτωςο
906 4136 924 4170 ι
975 4118 1162 4184 Ἰούδα,
1213 4121 1276 4173 σὲ
1318 4121 1687 4176 αἰνεσάτωσαν
1724 4126 1773 4176 οἱ
1801 4123 2019 4192 ἀδελφοί

451 4226 566 4264 σου.
596 4211 661 4262 Αἱ
695 4211 876 4282 χεῖρές
905 4227 998 4262 σου
1040 4210 1134 4264 ἐπὶ
1159 4211 1329 4265 νώτου
1369 4213 1477 4267 τῶν
1515 4214 1746 4286 ἐχθρῶν,
1783 4232 2022 4287 προσκυ-

449 4301 672 4374 νήσουσί
720 4318 800 4354 σοι
847 4303 896 4354 οί
943 4301 1048 4355 υἱοὶ
1091 4299 1182 4354 τοῦ
1215 4302 1418 4374 πατρός
1449 4320 1563 4357 σου.
1600 4304 1845 4377 Σκύμνος
1873 4307 2023 4360 λέον-

447 4411 538 4458 τος
575 4394 762 4448 Ἰούδου
798 4395 863 4448 ἐκ
896 4393 1147 4465 βλαστοῦ,
1175 4393 1278 4463 ,υἱέ
1312 4411 1436 4465 μου,
1474 4396 1694 4467 ἀνέϐης,
1730 4397 2016 4453 ἀναπεσὼν

449 4484 752 4556 ἐκοιμήθης
779 4483 851 4548 ὡς
877 4484 1014 4539 λέων
1054 4483 1148 4537 καὶ
1177 4481 1253 4548 ὼς
1298 4483 1563 4556 σκύμνος·
1598 4486 1681 4550 τίς
1713 4489 1892 4559 ἐγερεί
1920 4489 2020 4542 αὑ·-

445 4576 568 4643 τόν;
621 4578 734 4632 Οὐκ
767 4575 1004 4646 ἐκλείψει
1052 4575 1235 4648 ἄρχων
1276 4575 1334 4642 ἐξ
1390 4576 1558 4631 Ἰούδα
1586 4578 1680 4631 καὶ
1721 4579 2021 4651 ἡγούμενος

2131 761 2238 816 qua
2293 755 2448 800 aetate
2494 759 2559 798 ac
2608 753 2847 812 tempore
2900 739 3225 796 revelabitur
3279 738 3500 807 iniquus
3564 737 3685 804 ille;
3755 779 3758 782 .

2130 836 2403 890 undenam
2431 844 2484 889 et
2513 851 2578 888 ex
2605 849 2711 902 qua
2744 832 2910 896 tribu,
2945 831 3157 901 quodve
3180 829 3258 884 illi
3288 843 3506 894 nomen,
3539 826 3686 896 quod
3781 887 3786 890 _

2128 943 2226 997 per
2268 941 2557 981 numerum
2591 927 2644 978 in
2693 924 2967 993 Scriptura
3009 923 3369 994 significatur;
3415 919 3689 988 quomodo

2128 1021 2386 1088 populum
2423 1021 2476 1074 in
2503 1033 2744 1074 errorem
2787 1017 3024 1082 inducet,
3061 1030 3392 1085 congregans
3423 1029 3453 1068 a
3487 1013 3685 1067 ﬁnibus

2129 1119 2314 1176 terras;
2343 1125 2506 1179 quam
2539 1110 2662 1163 item
2716 1108 2919 1163 sanctis
2963 1107 3363 1161 tribulationem
3405 1105 3599 1159 inferet
3629 1112 3685 1159 et

2127 1202 2587 1272 persecutionem;
2615 1210 2668 1255 et
2697 1201 2970 1269 quomodo
2998 1200 3111 1268 ipse
3139 1215 3197 1254 se
3234 1208 3294 1253 ut
3327 1199 3492 1253 Deum
3523 1197 3682 1252 clari-

2129 1292 2342 1358 ﬁeahit;
2375 1293 2498 1362 quis
2532 1292 2650 1361 ejus
2679 1291 2957 1355 interitus;
2997 1289 3268 1360 quomodo
3296 1287 3582 1344 revelanda
3614 1285 3683 1343 de

2129 1384 2282 1440 cadis
2316 1383 2532 1437 Domini
2561 1383 2847 1452 apparitio,
2877 1398 2941 1437 ae
2965 1399 3082 1452 qua:
3111 1382 3346 1436 universi
3377 1381 3524 1435 orbis
3551 1395 3684 1433 con-

2127 1474 2404 1544 ﬂagratio;
2455 1475 2597 1544 quod
2635 1473 2959 1529 Sanctorum
3010 1474 3301 1544 gloriosum
3349 1489 3414 1528 ac
3463 1473 3686 1528 ecelestc

2129 1581 2356 1631 regnum
2387 1580 2508 1620 cum
2542 1565 2762 1620 Christo
2794 1567 3166 1634 regnantium;
3197 1581 3260 1621 ac
3291 1566 3438 1637 quod
3470 1565 3686 1634 iniquo-

2129 1673 2255 1713 rum
2282 1671 2378 1729 per
2405 1659 2583 1730 ignem
2615 1659 2957 1729 supplicium.

2199 1835 2287 1891 Vl.
2320 1834 2454 1892 Nam
2487 1853 2611 1892 cum
2640 1837 2906 1893 Dominus
2950 1847 3134 1892 noster
3158 1833 3318 1892 .lesus
3341 1837 3592 1893 Christus
3620 1852 3685 1892 ac

2129 1926 2295 1992 Deus,
2326 1928 2472 1999 regia
2515 1931 2760 1984 celsitate
2805 1939 2966 1999 atque
3004 1929 3188 2000 gloriae
3225 1930 3484 1991 claritate,
3512 1941 3572 1982 ut
3600 1929 3686 1983 leo

2055 2005 2097 2061 Β
2124 2017 2448 2087 praedicatus
2480 2018 2550 2073 sit
2576 2019 2632 2085 ⁸;
2667 2017 2856 2074 eodem
2891 2020 3050 2073 modo
3079 2027 3134 2072 et
3166 2018 3556 2072 Antichristum
3586 2032 3683 2086 pa--

2122 2109 2257 2163 riter
2287 2108 2501 2163 leonem
2545 2108 2838 2179 Scriptura:
2872 2111 3209 2172 vocitarunt,
3239 2125 3333 2179 pro
3357 2110 3477 2178 ejus
3505 2119 3688 2180 tyran-

2123 2201 2246 2255 nide
2271 2201 2656 2268 violentiaque.
2687 2201 2950 2258 Seduetnr
2981 2203 3125 2257 enim
3157 2218 3252 2272 per
3283 2203 3466 2257 omnia
3493 2202 3687 2257 similis

2120 2293 2293 2348 videri
2324 2294 2438 2349 vult
2480 2293 2576 2350 Dei
2617 2293 2776 2350 Filio.
2809 2294 2919 2350 Leo
2953 2296 3170 2365 quidem
3199 2295 3473 2361 Christus,
3507 2306 3561 2349 et
3597 2295 3687 2350 leo

2122 2385 2528 2451 Antichristus;
2572 2403 2668 2442 rex
2713 2387 2966 2442 Christus
2989 2389 3031 2454 ’,
3061 2403 3125 2442 ac
3168 2404 3264 2444 rex
3297 2388 3684 2444 Antichristus.

2122 2475 2407 2534 Exhibitus
2452 2487 2537 2534 est
2583 2477 2834 2534 Salvator
2879 2487 2940 2534 ut
2986 2495 3158 2549 agnus
3207 2481 3284 2544 ‘°;
3316 2480 3431 2549 ipse
3468 2494 3687 2550 quoque

2120 2569 2324 2638 pariter
2348 2579 2408 2625 ut
2435 2587 2608 2642 agnus
2638 2571 2935 2641 apparebit,
2963 2587 3085 2626 cum
3117 2571 3345 2629 interius
3386 2573 3457 2626 sit
3501 2573 3683 2642 lupus.

2123 2661 2283 2717 Venit
2309 2661 2552 2719 Salvator
2581 2663 2634 2718 in
2668 2665 3080 2720 circumcisione
3107 2667 3158 2720 in
3198 2666 3482 2733 mundum,
3507 2667 3688 2720 veniet

2122 2761 2177 2809 et
2208 2753 2296 2809 ille
2325 2754 2600 2810 similiter.
2633 2753 2778 2810 Misit
2807 2755 3069 2811 Dominus
3095 2757 3368 2827 apostolos
3401 2756 3454 2809 in
3491 2771 3684 2812 omnes

2122 2852 2340 2915 gentes;
2386 2845 2563 2899 mittet
2616 2855 2668 2900 et
2728 2846 2842 2916 ipse
2889 2847 3114 2917 perinde
3169 2847 3680 2917 pseudoapostolos.

2120 2934 2480 3005 Congregavit
2509 2934 2755 2991 Salvator
2790 2952 2919 2992 oves
2940 2977 2956 3003 ,
2983 2952 3104 3006 qua:
3137 2937 3396 3007 dispersae
3422 2947 3576 2992 erant
3605 2939 3682 3005 “;

2124 3025 2238 3094 ipse
2265 3041 2482 3096 quoque
2527 3028 2728 3096 pariter
2770 3028 3027 3098 populum
3073 3029 3449 3098 eongregabit,
3477 3029 3571 3098 qui
3601 3029 3686 3084 di-

2123 3131 2344 3185 spersus
2376 3126 2479 3174 est.
2513 3117 2669 3174 Dedit
2694 3117 2959 3175 Dominus
3003 3119 3251 3175 ﬁdelibus
3282 3120 3396 3175 suis
3429 3121 3686 3190 signacu-

2122 3208 2271 3276 lum;
2316 3209 2432 3280 ipse
2467 3225 2682 3280 quoque
2727 3210 2977 3266 similiter
3004 3211 3173 3266 dabit.
3201 3210 3465 3280 Apparuit
3499 3209 3687 3264 Salva-

2126 3309 2213 3356 tor
2242 3301 2478 3357 hominis
2505 3302 2723 3368 habitu;
2761 3302 2876 3372 ipse
2905 3318 3123 3373 quoque
3151 3303 3206 3357 in
3236 3302 3474 3357 hominis
3496 3303 3686 3357 habitu

2123 3392 2324 3447 veniet.
2380 3392 2649 3447 Excitavit
2697 3391 2982 3460 Salvator,
3038 3407 3102 3447 ac
3163 3401 3403 3447 sanctam
3466 3406 3685 3446 carnem

2123 3497 2281 3538 suam
2328 3490 2387 3537 ut
2431 3484 2692 3553 templum
2734 3482 2864 3539 fecit
2916 3486 2990 3551 “';
3037 3483 3151 3554 ipse
3190 3484 3374 3539 itidem
3425 3485 3685 3554 templum

2122 3572 2392 3641 lapidibus
2437 3582 2810 3629 constructum
2861 3573 3251 3646 Hierosolymis
3293 3575 3568 3630 excitabit.
3610 3574 3688 3630 Ac

2122 3661 2341 3732 quidem
2384 3661 2504 3731 ejus
2531 3663 2824 3718 seducendi
2859 3664 3088 3719 artiﬁcia
3123 3664 3475 3734 sequentibus
3501 3664 3686 3719 decla-

2122 3750 2402 3818 rabimus;
2451 3767 2598 3807 nunc
2647 3767 2780 3809 vero
2828 3753 2898 3808 ad
2952 3753 3258 3824 subjectum
3308 3769 3686 3825 argumentum

2120 3849 2418 3895 vertamur.

2193 3931 2304 3988 Vll.
2337 3932 2475 3988 Dicit
2499 3933 2682 4004 itaque
2710 3935 2902 3990 beatus
2927 3932 3094 3991 Jacob
3115 3935 3171 3990 in
3197 3935 3683 4003 benedictionibus,

2120 4026 2492 4094 praenuntians
2533 4041 2654 4096 quae
2692 4027 2757 4081 ad
2787 4026 3078 4081 Dominum
3118 4042 3182 4082 ac
3215 4025 3544 4082 Salvatorem
3581 4042 3684 4080 no-

2123 4123 2297 4169 strum
2346 4124 2612 4184 spectant,
2667 4116 2743 4170 ita
2775 4117 3004 4186 loquens
3043 4134 3108 4172 ει
3153 4115 3326 4183 Juda,
3362 4117 3580 4172 laudent
3629 4126 3685 4173 te

2121 4205 2318 4261 fratres
2348 4206 2450 4264 tui.
2484 4207 2679 4263 Manus
2719 4218 2823 4263 tua:
2847 4210 2902 4263 in
2932 4208 3097 4264 dorso
3141 4209 3516 4274 inimicorum;
3552 4209 3685 4265 ado-

2118 4298 2320 4353 rabunt
2360 4308 2412 4354 te
2444 4298 2539 4353 ﬁlii
2580 4300 2750 4369 patris
2795 4301 2893 4355 tui.
2942 4300 3169 4357 Catulus
3201 4301 3374 4358 leonis
3406 4300 3583 4368 Juda;
3615 4318 3684 4356 ex

2117 4393 2380 4462 germine,
2426 4393 2502 4447 ﬁli
2547 4394 2642 4459 mi,
2689 4393 3004 4449 ascendisti.
3048 4391 3388 4448 Recumbens
3433 4393 3683 4448 dormisti

2121 4491 2181 4537 ut
2213 4483 2316 4548 leo,
2351 4491 2407 4539 et
2439 4492 2500 4539 ut
2540 4485 2752 4540 catulus
2797 4485 3012 4540 leonis:
3046 4485 3170 4555 quis
3207 4485 3490 4540 suseitabit
3516 4485 3684 4540 eum?

2120 4571 2239 4627 Non
2269 4573 2482 4630 deﬁciet
2512 4574 2762 4647 princeps
2791 4590 2858 4630 ex
2886 4572 3024 4629 Juda
3060 4583 3115 4630 et
3155 4575 3264 4630 dux
3292 4591 3359 4630 ex
3386 4575 3684 4632 femoribus

448 4667 513 4720 ἐκ
536 4665 644 4720 τῶν
676 4664 1079 4738 μηρῶν-αὐτοῦ,
1111 4665 1216 4729 ἕως
1249 4664 1315 4718 ἂν
1336 4663 1482 4736 ἔλθῃ,
1582 4667 1882 4722 ἀπόκειται.
1908 4671 2019 4725 Καὶ

2122 4662 2260 4730 ejus,
2295 4662 2468 4719 donec
2511 4664 2692 4718 veniat
2719 4662 2809 4718 cui
2852 4665 3148 4734 repositum
3175 4671 3294 4731 est;
3325 4673 3381 4719 et
3425 4665 3539 4735 ipse
3581 4665 3686 4720 erit

447 4757 610 4821 αὐτὸς
657 4756 833 4811 ἔσται·
857 4755 1158 4830 προσδοκία
1199 4754 1390 4811 ἐθνῶν.
1433 4757 1720 4828 Δεσμεύων
1745 4760 1880 4832 πρὸς
1910 4763 2017 4832 άμ-

445 4849 607 4902 πελον
658 4849 757 4920 τὴν
799 4847 918 4903 ὅνον
955 4847 1141 4914 αὑτοῦ,
1172 4849 1266 4904 καὶ
1307 4851 1372 4922 τῇ
1407 4848 1548 4902 ἕλικι
1579 4849 1670 4903 τὸν
1713 4850 1888 4906 πῶλον
1918 4854 2021 4924 τῆς

443 4936 566 4992 ὄνου
599 4937 783 4992 αὐτοῦ.
813 4937 1011 4995 Πλυνεῖ
1040 4939 1097 4991 ἐν
1125 4936 1253 5008 οἴνῳ
1275 4935 1374 5008 τὴν
1401 4936 1595 5009 στολὴν
1626 4938 1818 5004 αὐτοῦ,
1840 4942 1934 4995 καὶ
1958 4944 2019 4996 ἐν

446 5029 638 5099 αἵματι
683 5028 958 5100 σταφυλῆς
1004 5027 1105 5101 τὴν
1149 5028 1440 5100 περιϐολὴν
1475 5029 1667 5083 αὐτοῦ.
1695 5031 1939 5104 Χαροποὶ
1970 5034 2019 5087 οί

445 5117 711 5191 ὀφθαλμοὶ
752 5119 916 5173 αὐτοῦ
947 5119 1022 5184 ὡς
1065 5119 1173 5173 ἀπὸ
1203 5119 1368 5184 οἴνου,
1402 5120 1496 5174 καὶ
1525 5119 1709 5175 λευκοὶ
1737 5125 1785 5176 οἱ
1809 5123 2018 5190 ὀδόντες

447 5211 610 5268 αὐτοῦ
643 5211 676 5281 ἢ
708 5211 866 5280 γάλα.
904 5229 924 5264 ι

518 5303 704 5357 Ταῦτα
759 5303 856 5374 μὲν
898 5295 990 5356 οῦν
1047 5302 1426 5375 παραφράξειν
1482 5303 1841 5376 ἐπιστάμενός
1899 5324 2014 5372 σοι,

437 5396 586 5452 ἀὑτὰ
633 5396 780 5450 δοκεῖ
807 5394 920 5466 (24)
961 5395 1128 5471 τανῦν
1172 5394 1585 5472 παρατίθεσθαι.
1647 5398 1784 5450 Ἀλλ’
1834 5399 2023 5471 ἐπειδὴ

2121 4753 2456 4824 exspectatio
2509 4754 2770 4824 gentium.
2830 4754 3075 4825 Alligans
3128 4755 3197 4810 ad
3252 4756 3416 4811 vitem
3471 4755 3684 4810 asinam

2121 4859 2301 4912 suam,
2329 4852 2382 4900 et
2409 4845 2477 4899 ad
2509 4845 2735 4902 helicem
2767 4848 2974 4917 pullum
3006 4847 3172 4903 asinae
3213 4863 3344 4903 suae.
3372 4847 3597 4903 Lavabit
3626 4849 3682 4903 in

2122 4933 2250 4989 vino
2303 4933 2498 4989 stolam
2549 4949 2743 5000 suam,
2786 4945 2840 4992 et
2888 4936 2944 4991 in
2995 4931 3259 5007 sanguine
3305 4953 3421 4992 uvae
3463 4938 3685 5009 pallium

2123 5043 2306 5086 suum.
2357 5027 2571 5084 Hilares
2617 5028 2764 5084 oculi
2817 5029 2938 5100 ejus
2976 5043 3009 5084 a
3057 5029 3208 5098 vino,
3253 5038 3308 5085 et
3350 5029 3539 5085 dentes
3563 5028 3684 5099 ejus

2118 5121 2259 5177 lacte
2286 5121 2628 5177 candidiores
2656 5121 2719 5178 ³³.
2753 5137 2774 5173 ι

2197 5307 2331 5364 Vill.
2367 5308 2493 5366 Haec
2526 5324 2651 5365 cum
2678 5309 2923 5379 pluribus
2959 5323 3025 5363 ac
3047 5307 3278 5363 circuitu
3310 5304 3490 5376 eloqui
3517 5317 3685 5358 nove-

2125 5400 2253 5465 rim,
2278 5401 2455 5469 ipsum
2486 5401 2650 5456 modo
2686 5411 2895 5457 textum
2925 5412 3193 5471 apponere
3221 5396 3400 5451 libuit.
3432 5394 3568 5461 Quia
3596 5404 3683 5450 ta-

448 5488 590 5546 αὐτὰ
618 5488 686 5543 τά
725 5489 946 5560 ῥήματα
988 5486 1283 5559 προτρέπει
1314 5484 1410 5540 τοῦ
1455 5486 1654 5556 λέγειν,
1706 5489 1826 5542 οὐδὲ
1866 5489 2023 5542 τοῦτο

2125 5507 2249 5547 men
2278 5493 2396 5564 ipsa
2419 5495 2601 5550 divina
2635 5495 2801 5549 verba
2827 5494 3057 5548 suadent
3092 5490 3263 5560 loqui,
3292 5503 3358 5543 ne
3387 5487 3439 5542 id
3465 5486 3682 5558 quidem

447 5579 872 5653 παραλείψομαι·
922 5578 1038 5636 ἐστι
1069 5578 1178 5648 γὰρ
1221 5579 1389 5642 ὅντως
1426 5577 1546 5633 θεῖα
1567 5579 1662 5634 καὶ
1691 5578 1895 5645 ἔνδοξα,
1929 5580 2021 5633 δυ-

2125 5584 2400 5640 omittam.
2447 5584 2615 5641 Plane
2655 5585 2802 5640 enim
2847 5583 3030 5639 divina
3059 5589 3188 5638 sunt
3225 5589 3279 5636 et
3323 5578 3574 5644 illustria,
3616 5591 3684 5633 ac

519 5742 541 5775 ⁸
568 5743 733 5812 Apoc.
763 5757 817 5808 ν,
849 5741 903 5800 5.
978 5741 999 5772 ⁹
1029 5737 1188 5795 Joan.
1233 5741 1497 5809 xvm,57.
1579 5741 1621 5792 ⁸9
1646 5727 1802 5795 Joan.
1835 5757 1874 5807 ι,
1896 5740 1987 5796 29.

2141 5741 2298 5798 Joan.
2329 5760 2408 5814 XI,
2441 5743 2530 5802 52.
2598 5745 2642 5776 “
2672 5740 2842 5799 Joan.
2863 5755 2926 5808 ιι,
2959 5738 3047 5796 l9.
3125 5738 3170 5771 ³³
3191 5737 3328 5796 Gen.
3353 5751 3500 5804 nix,
3529 5731 3680 5798 ειη.

542 5965 632 6036 ει)
669 5967 851 6022 Δοκεῖ.
885 5965 1012 6038 ch.
1046 5968 1204 6023 δοκῶ.
1235 5965 1365 6022 Tm.
1395 5965 1522 6026 Fu.

517 5894 632 6037 ’25;
657 5898 1210 5978 Hpoarnrdpevo'av.
1243 5896 1559 5966 Combeﬁs.,
1586 5866 2016 5972 προηγόρευσάν.

520 5966 609 6028 24
669 5969 851 6022 Δοκει.
885 5968 1012 6037 Leg.
1046 5968 1204 6023 δοκῶ.
1235 5965 1365 6022 Tm.
1395 5965 1522 6026 Fu.

2122 5915 2273 5955 lBRlC.
2377 5938 2380 5940 τ
