4134 6370
501 439 605 496 735

1152 436 1207 492 S.
1249 435 1608 491 HIPPOLYTI
1644 437 1792 492 OPP.
1833 436 2011 491 PARS
2049 435 2110 489 II.
2153 465 2221 476 —-
2259 432 2560 490 DOGMAT.
2604 432 2690 486 ET
2729 433 3065 490 HISTORIC.

3624 432 3723 488 736

501 574 634 616 sane
664 558 857 612 animae
882 555 1182 611 conducere
1212 563 1459 625 possunt.
1495 554 1743 609 Catulum
1771 556 1942 610 leonis
1971 569 2050 608 vo.

2171 553 2376 624 νάμενα
2413 552 2690 622 ὠφελῆσαι
2732 551 2926 622 ψυχήν.
2967 549 3212 619 Σκύμνον
3255 548 3466 612 λέοντος
3505 547 3670 604 εἰπὼν
3697 554 3727 604 ὁ

501 651 646 707 cavit
685 650 965 720 propheta,
995 647 1088 716 qui
1139 662 1205 701 ex
1253 645 1391 700 Juda
1434 656 1488 702 et
1539 645 1737 700 Davide
1767 645 2062 701 secundum

502 754 723 795 carnem
768 738 944 792 factus
973 746 1076 801 est,
1109 750 1217 790 non
1250 735 1468 804 quidem
1513 749 1580 790 ex
1612 734 1830 790 Davidis
1859 733 2061 788 factum

502 830 744 896 semine,
790 829 882 884 sed
921 827 1014 897 qui
1063 826 1129 882 de
1176 826 1380 895 Spiritu
1415 835 1604 881 sancto
1637 827 1971 897 concipiatur
2010 835 2066 882 et

502 939 568 977 ex
599 931 785 976 sancto
808 920 1050 990 germine
1071 935 1100 973 e
1125 926 1268 973 terra
1292 917 1570 987 procedat.
1601 916 1755 984 Quod
1789 920 1864 974 ita
1895 918 2064 974 Isaias

502 1015 657 1070 eﬁ‘ert
692 1032 704 1069 :
741 1031 760 1066 ι
793 1012 1107 1083 Egredietur
1147 1010 1294 1079 virga
1341 1008 1409 1063 de
1439 1010 1619 1064 radice
1661 1008 1833 1077 Jesse,
1879 1023 1933 1066 et
1963 1011 2063 1067 ﬂos

503 1123 572 1161 ex
601 1107 716 1176 ipsa
749 1105 1002 1160 ascendet
1036 1103 1101 1157 “.
1139 1121 1158 1155 ›
1192 1100 1344 1168 Quod
1389 1099 1540 1156 Isaiae
1575 1102 1673 1158 llos
1719 1103 1925 1156 dictum
1959 1113 2061 1168 est,

501 1199 554 1253 id
582 1195 749 1250 Jacob
775 1194 1066 1264 appellavit
1097 1209 1338 1264 germen.
1394 1191 1633 1247 Primum
1680 1209 1916 1264 namque
1943 1211 2063 1265 ger-

499 1290 746 1354 minavit,
775 1286 970 1342 deinde
1010 1285 1195 1340 ﬂoruit
1240 1286 1294 1339 in
1321 1285 1544 1338 mundo.
1577 1283 1811 1340 Dicendo
1837 1295 2016 1342 autem
2044 1306 2056 1341 :

505 1398 524 1432 ‹
556 1378 898 1433 Recumbens
922 1377 1169 1432 dormisti
1193 1385 1252 1431 ut
1283 1379 1386 1439 leo,
1419 1387 1473 1434 et
1496 1387 1556 1432 ut
1580 1378 1792 1433 catulus
1815 1377 2006 1445 leonis,
2035 1397 2054 1430 ι

497 1469 803 1522 triduanam
855 1466 1058 1522 Christi
1108 1467 1488 1522 dormitionem
1547 1467 1910 1538 signiﬁcavit,
1981 1467 2059 1521 uti

497 1558 660 1612 etiam
712 1557 882 1612 Isaias
933 1557 1010 1610 ait
1052 1575 1066 1611 :
1101 1575 1120 1608 ‹
1167 1555 1449 1622 Quomodo
1495 1556 1634 1613 facta
1679 1568 1764 1613 est
1808 1559 2060 1613 meretrix

499 1647 672 1701 ﬁdelis
704 1645 857 1712 Sion,
888 1647 1042 1716 plena
1065 1646 1290 1715 judicii?
1325 1647 1378 1701 in
1402 1663 1507 1716 qua
1533 1647 1788 1702 dormivit
1815 1647 2056 1717 justitia;

498 1753 645 1792 nunc
695 1747 876 1791 autem
924 1737 1207 1792 homicidae
1254 1738 1320 1792 υ.
1375 1755 1394 1788 ι
1439 1737 1569 1792 Item
1611 1738 1773 1792 etiam
1825 1736 1991 1792 David
2043 1754 2055 1789 :

2166 649 2450 720 προφήτης
2482 648 2572 702 τὸν
2601 647 2662 712 ἐξ
2700 647 2867 700 Ἰούδα
2897 647 2991 700 καὶ
3019 646 3178 699 Δαυὶδ
3204 644 3342 698 κατὰ
3376 645 3550 717 σάρκα
3580 664 3730 715 γεγε-

2165 737 2419 807 νημένον,
2466 736 2541 808 μὴ
2590 737 2654 790 ἐκ
2703 736 3013 806 σπέρματος
3060 736 3219 788 Δαυὶδ
3269 736 3554 806 γενόμενον
3591 736 3725 807 (25),

2162 826 2274 881 ἀλλ’
2304 827 2363 893 ἐξ
2389 829 2544 897 ἁγίου
2570 827 2886 897 Πνεῦματος
2929 827 3454 899 συλλαμϐανόμενον,
3488 828 3580 883 καὶ
3608 828 3729 882 τού-

2163 935 2256 970 του
2306 920 2370 973 ἐκ
2419 919 2644 989 βλαστοῦ
2699 918 2810 990 (26)
2861 919 3016 988 ἁγίου
3061 920 3125 971 ἐκ
3162 919 3264 989 γῆς
3307 919 3726 992 προερχομένου.

2173 1009 2399 1072 Ἡσαΐας
2454 1009 2553 1080 μὲν
2600 1009 2708 1080 γὰρ
2752 1009 2926 1078 λέγει⁹
2968 1028 2986 1060 ι
3039 1009 3406 1076 Ἐξελεύσεται
3447 1009 3637 1080 ῥάϐδος
3665 1012 3728 1062 ἐκ

2161 1099 2260 1168 τῆς
2308 1098 2463 1170 ῥίζης
2519 1099 2737 1164 Ἰεσσαὶ,
2791 1100 2885 1152 καὶ
2935 1098 3093 1162 άνθος
3147 1098 3206 1163 ἐξ
3244 1099 3414 1168 αὐτῆς
3459 1099 3729 1169 ἀναϐήσε-

2159 1210 2267 1246 ται.
2309 1212 2327 1244 ι
2362 1193 2435 1245 Τὸ
2485 1193 2582 1263 μὲν
2616 1192 2720 1245 ὑπὸ
2753 1190 2845 1246 τοῦ
2894 1191 3114 1244 Ἡσαΐου
3160 1190 3318 1253 ἄνθος
3361 1190 3666 1260 εἰρημένον,
3701 1193 3731 1243 ὁ

2175 1281 2367 1336 Ἰακὼὸ
2411 1283 2636 1353 βλαστὸν
2687 1283 2894 1352 εἴρηκε.
2950 1281 3172 1352 Πρῶτον
3221 1280 3328 1354 γὰρ
3378 1281 3728 1352 ἐϐλάστησεν,

2161 1371 2277 1428 εἶτα
2309 1374 2539 1445 ἤνθησεν
2571 1377 2628 1428 ἐν
2661 1373 2739 1444 τῷ
2773 1375 2979 1444 κόσμῳ.
3011 1372 3084 1425 Τὸ
3110 1371 3164 1425 δὲ
3202 1372 3378 1441 λέγειν
3409 1372 3540 1444 (27)·
3581 1391 3602 1424 ι
3644 1374 3733 1424 ‘A-

2160 1469 2406 1520 ναπεσὼν
2454 1465 2750 1536 ἐκοιμήθης
2778 1465 2853 1528 ὡς
2889 1464 3023 1518 λέων
3055 1463 3149 1518 καὶ
3178 1463 3252 1527 ὼς
3289 1464 3546 1534 σκύμνος,
3587 1483 3605 1516 ι
3631 1463 3732 1535 τὴν

2158 1559 2455 1630 τριήμερον
2499 1557 2594 1611 τοῦ
2644 1556 2880 1629 Χριστοῦ
2932 1556 3166 1627 ἐδήλωσε
3218 1556 3495 1626 κοίμησιν,
3529 1555 3604 1618 ὼς
3635 1557 3732 1609 καὶ

2169 1651 2394 1712 Ἡσαΐας
2431 1649 2596 1716 λέγει·
2647 1668 2666 1701 ‹
2714 1649 2837 1714 Πῶς
2880 1651 3093 1718 ἐγένετο
3141 1651 3310 1721 πόρνη
3354 1651 3517 1722 πιστὴ
3567 1648 3726 1713 Σιὼν,

2159 1739 2370 1810 πλήρης
2401 1740 2666 1809 κρίσεως;
2703 1741 2761 1793 ἐν
2853 1740 3162 1812 δικαιοσύνη
3191 1741 3454 1812 ἐκοιμήθη
3487 1742 3546 1794 ἐν
3568 1741 3726 1811 αὐτῇ,

503 1847 523 1880 ι
555 1829 666 1898 Ego
692 1829 922 1883 dormivi
971 1837 1026 1882 et
1062 1838 1350 1899 soporatos
1399 1844 1550 1896 sum;
1583 1831 1896 1895 exsurrexi,
1930 1830 2050 1900 quia

2159 1828 2253 1883 νῦν
2297 1830 2354 1884 δὲ
2406 1829 2672 1898 φονευταί.
2729 1848 2747 1881 ι
2799 1831 2909 1885 Καὶ
2954 1835 2982 1885 ὁ
3033 1832 3193 1886 Δαυὶδ
3245 1832 3472 1903 ὁμοίως·
3517 1850 3536 1884 ι
3586 1830 3729 1899 Ἐγὼ

497 1897 762 1975 Dominus
797 1897 1148 1974 auxiliabitur
1197 1921 1326 1975 mihi
1359 1921 1446 1973 ηε
1491 1941 1509 1974 ι
1561 1933 1622 1977 ιιι
1662 1937 1726 1976 ea
1768 1897 2050 1986 sententia,

2161 1897 2456 1992 ἐκοιμήθην
2491 1921 2582 1974 καὶ
2630 1919 2875 1984 ῦπνωσα,
2924 1922 3253 1994 ἐξηγέρθην,
3279 1897 3371 1976 ’ὅτι
3404 1921 3605 1994 Κύριος
3633 1897 3727 1976 άν-

495 2021 550 2066 et
598 2012 866 2067 dormisse
918 2027 1079 2079 eum,
1133 2023 1186 2068 ct
1237 2013 1554 2069 suscitatum
1611 2029 1733 2068 esse
1785 2015 2050 2069 ostendat.

2157 2011 2435 2082 τιλήῷεταί
2472 2029 2592 2082 μου·
2637 2032 2656 2064 ι
2689 2013 2776 2065 ἵνα
2806 2012 2953 2085 δείξῃ
2978 2016 3035 2067 ἐν
3065 2013 3142 2084 τῷ
3177 2012 3323 2085 ῥητῷ
3351 2013 3448 2084 τὴν
3476 2014 3728 2085 κοίμησιν

494 2102 662 2157 Jacob
713 2113 892 2158 autem
942 2104 1074 2166 dicit
1119 2121 1131 2156 :
1185 2123 1204 2156 ι
1256 2103 1389 2171 Quis
1435 2105 1718 2161 suscitabit
1751 2105 1913 2160 eum?
1947 2124 1967 2156 ι
1999 2104 2050 2159 1d

2159 2108 2324 2162 αὑτοῦ
2357 2109 2448 2162 καὶ
2479 2108 2770 2162 ἀνάστασιν
2802 2109 3192 2179 γεγενημένην.
3243 2107 3435 2162 Ἰακὼϐ
3469 2107 3720 2177 δὲλέγει·

493 2195 673 2263 ipsum
721 2206 804 2250 est
835 2197 978 2266 quod
1030 2197 1230 2261 David,
1261 2198 1339 2252 uti
1390 2208 1444 2253 et
1485 2197 1686 2254 Paulus
1710 2240 1727 2267 ,
1762 2199 1840 2254 ait
1885 2218 1897 2252 :
1931 2218 1949 2250 ¢
1991 2199 2050 2256 Et

2161 2220 2180 2253 ‹
2221 2200 2316 2264 Τίς
2343 2201 2526 2272 ἐγερεῖ
2551 2201 2744 2265 αὑτὸν;
2782 2220 2799 2252 ι
2827 2201 3115 2254 Τουτέστιν
3147 2200 3176 2253 ὃ
3197 2199 3358 2266 Δαυὶδ
3389 2198 3521 2270 (28),
3546 2197 3728 2262 καθὼς

495 2287 663 2342 Deum
694 2285 941 2356 Patrem,
986 2289 1079 2360 qui
1123 2290 1407 2346 suscitavit
1442 2306 1566 2346 eum
1601 2306 1630 2345 a
1665 2293 1896 2348 mortuis
1928 2294 1989 2348 ιτ.
2030 2313 2048 2346 ι

565 2465 653 2520 IX.
693 2466 932 2523 Dicendo
969 2477 1192 2524 autem:
1231 2489 1251 2522 ‹
1281 2468 1399 2525 Non
1441 2471 1653 2527 deﬁciet
1688 2477 1937 2545 princeps
1974 2492 2041 2530 ex

492 2554 653 2623 Juda,
684 2567 738 2612 et
778 2558 887 2612 dux
931 2575 995 2614 ex
1036 2560 1333 2617 femoribus
1364 2563 1502 2632 ejus,
1534 2563 1706 2620 donec
1737 2567 1936 2630 veniat,
1963 2569 2048 2622 cui

491 2649 786 2719 repositum
815 2661 898 2706 est
929 2670 943 2706 :
990 2663 1043 2707 et
1080 2653 1194 2722 ipse
1219 2654 1321 2708 erit
1353 2659 1686 2724 exspectatio
1713 2662 1978 2728 gentium,
2024 2679 2042 2712 ι

491 2742 728 2796 ostendit
772 2743 1050 2813 impletum
1097 2761 1217 2800 esse
1261 2748 1596 2804 vaticinium.
1629 2752 1748 2820 Ipse
1793 2754 1937 2807 enim
1970 2761 2052 2807 est

491 2847 676 2890 nostra
731 2837 1084 2904 exspectatio.
1141 2836 1533 2907 Exspectamus
1589 2844 1736 2898 enim
1798 2859 1945 2907 eum,
1996 2852 2050 2898 ct

489 2927 792 2981 venientem
825 2942 856 2981 e
893 2930 1032 2983 crelo
1063 2930 1261 2986 virtute
1294 2947 1392 3001 per
1424 2933 1580 2988 ﬁdem
1606 2935 1904 2991 cernimus.

563 3094 630 3151 Χ.
665 3115 684 3148 ι
722 3098 966 3171 Alligans
987 3102 1054 3156 ad
1087 3102 1248 3158 vitem
1284 3103 1493 3160 asinam
1526 3123 1680 3163 suam
1709 3128 1722 3164 :
1763 3129 1782 3163 ι
1817 3111 1922 3168 hoc
1942 3120 2044 3178 est,

489 3189 745 3257 populum
790 3207 952 3246 suum
997 3208 1064 3248 ex
1114 3194 1550 3263 circumcisione,
1601 3199 1668 3253 ad
1710 3202 2044 3256 vocationem

488 3293 665 3334 suam.
693 3278 826 3335 Nam
857 3282 972 3350 ipse
996 3282 1124 3338 vitis
1152 3283 1447 3348 erat’MEt
1481 3286 1548 3342 ad
1577 3288 1803 3344 helicem
1836 3292 2044 3362 pullum

488 3373 655 3428 asina:
680 3388 830 3436 suae;
893 3389 913 3424 ι
968 3376 1224 3445 populum
1254 3393 1322 3433 ex
1352 3380 1623 3450 gentibus,
1658 3383 1814 3451 quasi
1844 3400 2045 3440 novum

487 3463 695 3532 pullum
746 3465 1050 3530 adducens,
1107 3469 1265 3536 quasi
1314 3471 1404 3539 qui
1456 3473 1932 3529 circumcisionem
1991 3485 2046 3530 et

487 3557 808 3624 praeputium
851 3567 1005 3611 vocet
1049 3559 1100 3611 in
1147 3576 1309 3614 unam
1344 3561 1524 3616 ﬁdem.

561 3644 650 3699 XI.
681 3663 700 3697 ι
752 3647 976 3700 Lavabit
1006 3648 1058 3702 in
1090 3650 1214 3704 vino
1245 3652 1437 3707 stolam
1460 3670 1646 3722 suam;
1688 3674 1706 3706 ›
1735 3655 1890 3725 juxta
1937 3656 2044 3712 Pa-

488 3745 695 3790 ternam
728 3752 824 3806 per
859 3737 1118 3808 Spiritum
1150 3752 1420 3809 sanctum,
1448 3761 1568 3815 qua:
1601 3747 1654 3801 in
1685 3745 1920 3804 Jordane
1947 3750 2043 3804 de—

488 3827 732 3892 scendit,
775 3844 985 3885 vocem.
1041 3851 1060 3884 ‹
1115 3831 1182 3886 Et
1237 3833 1291 3887 in
1337 3838 1604 3906 sanguine
1661 3853 1778 3893 uva:
1821 3840 2042 3909 pallium

486 3933 668 3974 suum.
721 3940 740 3973 ι
787 3921 977 3992 Cujus,
1026 3939 1177 3997 rogo,
1227 3931 1493 3999 sanguine
1539 3946 1676 3995 uvae,
1719 3931 1825 3986 nisi
1863 3932 2044 3987 carnis

556 4078 599 4108 “
625 4077 730 4132 Isa.
755 4095 830 4144 ιι,
865 4080 911 4133 1.
995 4083 1034 4113 ¹³
1085 4083 1190 4139 Isa.
1236 4103 1272 4151 ι,
1310 4087 1397 4140 21.
1507 4087 1550 4119 ¹⁸
1580 4087 1781 4144 Psalm.
1815 4106 1896 4155 ιιι,
1945 4090 1996 4144 6.

554 4235 665 4314 (25)
693 4234 788 4303 Μὴ
821 4235 1269 4314 «ἐκ-,σπέρματος
1319 4243 1500 4296 Aac-26
1551 4247 1889 4314 γενόμενον.
1925 4245 2046 4301 Ilaec

485 4308 670 4360 minus
699 4315 844 4386 recte
876 4307 1019 4386 dicta
1053 4307 1284 4386 fortasse
1319 4314 1486 4386 videri
1514 4307 1737 4386 queant.
1771 4316 2050 4386 Suspicio-

483 4392 610 4452 nem
638 4377 991 4452 vel_n_ta_xi_me
1028 4392 1188 4452 auget
1223 4383 1503 4452 Paulinum
1535 4377 1676 4439 illud
1708 4377 1943 4452 Romft,
1971 4387 2045 4441 ὗε

483 4445 744 4527 ῌερξζτοῦ
779 4446 909 4527 nam").
935 4445 1127 4527 animi];
1169 4451 1264 4504 τοῦ
1312 4455 1600 4527 γενομένου
1641 4457 1712 4527 ἐξ
1721 4526 1724 4527 ν
1738 4445 2050 4527 σπέρματος

483 4512 646 4592 ﬁgulo
679 4515 821 4592 κατᾲ
852 4518 1058 4592 σάρκα..
1078 4512 1302 4592 Yerum,
1323 4512 1386 4576 'ut
1429 4512 1631 4592 optime
1668 4512 2048 4582 Tillemontius

2153 4512 2370 4584 veniant
2403 4549 2414 4581 ‘.
2469 4547 2566 4584 nec

486 4583 645 4660 Mem.
695 4585 822 4638 eccl.
868 4583 1000 4642 toin.
1042 4587 1128 4651 Ill,
1165 4583 1298 4660 pag.
1333 4593 1434 4646 678
1457 4583 1482 4657 ,’
1507 4604 1620 4648 ηοι.
1651 4594 1703 4657 6,
1731 4611 1798 4649 ex
1830 4596 1896 4648 iis
1929 4613 2048 4660 qua:

485 4656 670 4734 statim
705 4656 1270 4734 sequuntur-quisque
1300 4656 1573 4734 percipere
1617 4656 1812 4734 potest,
1853 4663 1909 4722 S.
1946 4656 2048 4721 Pa-

481 4733 621 4808 trem
647 4739 712 4778 ex
744 4727 911 4793 Stirpe
932 4727 1146 4808 quidem
1183 4727 1636 4787 Davidica'ortum
1656 4727 1858 4808 _Jesum
1891 4738 2048 4790 Chri-

483 4803 628 4874 stum
660 4803 1107 4874 agnoscerepita
1151 4808 1328 4874 tamen
1363 4812 1423 4856 ut
1467 4812 1624 4874 neget
1655 4805 1828 4874 ipsum
1859 4822 1918 4862 ea
1958 4823 2047 4860 or-

484 4872 596 4946 tum
647 4882 666 4945 ε
719 4879 785 4946 ex
832 4863 1050 4945 Davidis
1103 4871 1308 4946 semine
1357 4891 1375 4923 ι
1421 4863 1633 4946 ratione
1673 4863 1882 4945 vulgari
1938 4894 2044 4946 qua

481 4934 664 4987 caeteri
695 4934 1003 5014 (homines,
1055 4940 1253 5008 quippe
1287 4958 1305 4990 ο
1340 4944 1434 5010 qui
1477 4943 1543 4994 de
1602 4934 1806 5014 Spiritu
1858 4934 2046 5001 sancto

481 5012 775 5126 concepttus
805 5003 992 5073 fuerit,
1025 5003 1086 5062 et'
1105 5003 1168 5062 ei
1189 5003 1394 5067 'sanet'o
1420 5003 1660 5083 germine
1688 5031 1719 5071 e
1752 5027 1894 5072 terra
1923 5035 2046 5087 pro-

481 5088 677 5126 cesseri
709 5113 723 5126 .
758 5092 778 5125 ι

480 5088 723 5127 CCSSCI‘II.
758 5092 778 5125 ι

551 5143 665 5224 (26)
715 5144 934 5224 Τούτου
983 5146 1060 5224 ἐξ
1093 5149 1392 5224 ¹βλαστοῦ.
1445 5150 1780 5224 Conjiciebat
1838 5153 2044 5211 Gudius

479 5212 762 5292 legendum
802 5215 978 5269 τοῦτο.
1027 5215 1395 5292 Sedrectius,
1424 5212 1737 5291 utvidetur,
1779 5225 2045 5281 Combeﬁ-

480 5289 603 5360 sius
613 5289 845 5360 ξιιοῠᾲιςον,Δ
857 5294 910 5360 et
931 5302 1056 5360 mox
1091 5289 1503 5360 προερχόμενον.

553 5351 663 5422 (27)
698 5355 768 5406 Τὸ
813 5353 882 5406 δὲ
919 5351 1148 5427 λέγειν.
1176 5351 1342 5413 Εἰιὶἰ.’
1371 5359 1691 5428 Combeﬁs.,
1725 5363 1803 5436 τῷ
1847 5364 1902 5418 δὲ
1953 5365 2039 5419 λέ-

482 5435 664 5612 ἔίἒ)
703 5491 1016 5548 Τουτέστιν
1045 5495 1078 5549 ὃ
1121 5496 1314 5549 Δαυίδ.
1362 5497 1488 5568 Leg.
1537 5517 1679 5554 τουτ.
1727 5505 1757 5558 ὂ
1799 5505 1828 5556 ὁ
1857 5505 2037 5558 Δαυίδ.

554 5627 835 5702 (29)-Καὶ
889 5633 1282 5702 ἡγούμενος...
1329 5635 1538 5693 ἐθνῶν.
1590 5637 1755 5697 Uncis
1829 5643 2038 5698 inclusa

483 5699 625 5752 male
649 5698 874 5754 aberant
896 5698 1091 5757 a‘ms's.
1127 5698 1264 5758 Gen.

552 5767 663 5852 (ὅθ)
684 5771 1134 5852 Πλῃρουμένην.
1160 5773 1325 5852 addit
1345 5773 1701 5836 Combelisius
1729 5783 2035 5852 parenthesi

485 5838 738 5896 conclusa
765 5838 883 5913 (τὴν
911 5838 1281 5912 προφητείαν).

2093 4093 2136 4124 ⁸⁷
2174 4093 2291 4148 Gal.
2328 4109 2366 4157 I,
2407 4095 2456 4148 I.

2155 2293 2248 2345 καὶ
2285 2292 2513 2358 Παῦλος,
2543 2292 2711 2360 λέγει·
2755 2310 2772 2342 ‹
2813 2292 2920 2345 Καὶ
2949 2289 3082 2344 Θεοῦ
3115 2290 3328 2361 Πατρὸς
3360 2288 3452 2342 τοῦ
3484 2289 3728 2360 ἐγείραν-

2156 2399 2248 2446 τος
2281 2385 2442 2437 αὑτὸν
2466 2385 2530 2436 ἐκ
2555 2382 2779 2453 νεκρῶν.
2821 2401 2840 2434 ι

2227 2475 2318 2546 Τῷ
2358 2475 2414 2528 δὲ
2466 2478 2671 2530 εἰπεῖν’
2723 2493 2740 2526 ι
2789 2474 2900 2527 Οὐκ
2934 2471 3171 2542 ἐκλείψει
3201 2471 3381 2543 ἄρχων
3422 2469 3480 2535 ἐξ
3533 2470 3724 2535 Ἰούδα,

2152 2569 2248 2622 καὶ
2289 2567 2587 2638 ἡγούμενος
2626 2569 2689 2620 ἐκ
2725 2567 2832 2620 τῶν
2874 2565 3063 2636 μηρῶν
3107 2564 3293 2630 αὐτοῦ,
3326 2565 3430 2627 ἕως
3471 2563 3536 2617 ἂν
3576 2563 3726 2635 ἔλθῃ,

2149 2653 2194 2725 ᾧ
2221 2659 2528 2712 ἀπόκειταιο
2554 2659 2646 2711 καὶ
2671 2659 2830 2721 αὐτὸς
2855 2657 3008 2711 ἔσται
3033 2656 3329 2726 προσδοκία
3350 2655 3520 2709 ἐθνῶν
3538 2654 3671 2725 (29)·
3701 2674 3720 2705 ι

2154 2751 2538 2822 πληρουμένην
2574 2752 2683 2819 (30)
2709 2752 2802 2803 ἐπὶ
2828 2751 2918 2804 τὸν
2962 2750 3196 2821 Χριστὸν
3237 2749 3525 2818 ἐδήλωσεν.
3556 2748 3728 2811 Αὐτὸς

2149 2844 2255 2914 γὰρ
2286 2843 2438 2914 ἡμῶν
2463 2845 2577 2896 ἐστι
2606 2843 2928 2916 προσδοκία·
2963 2841 3365 2913 προσδεχόμεθα
3401 2840 3509 2912 γὰρ
3536 2841 3718 2901 αὑτὸν,

2151 2935 2444 3005 ἐρχόμενον
2494 2935 2606 3002 (51)
2655 2936 2748 2986 ἀπ’
2793 2931 3024 3004 οὐρανοῦ
3075 2932 3299 3003 δυνάμει
3353 2931 3439 2984 διὰ
3491 2932 3725 2994 πίστεως

2150 3027 2310 3097 ἡμῶν
2341 3027 2634 3097 βλέπομεν.

2217 3117 2502 3188 Δεσμεῦων
2533 3119 2668 3189 πρὸς
2699 3117 2939 3189 ἄμπελον
2962 3117 3059 3188 τὴν
3089 3116 3208 3169 δνον
3259 3115 3445 3179 αὑτοῦ,
3484 3135 3502 3167 ι
3535 3115 3720 3168 τουτέ-

2151 3223 2256 3270 στι,
2284 3207 2375 3260 τὸν
2403 3207 2467 3260 ἐκ
2500 3208 2801 3279 περιτομῆς
2847 3207 2972 3260 λαὸν
3003 3205 3166 3259 αὐτοῦ
3209 3205 3343 3276 πρὸς
3386 3205 3483 3275 τὴν
3528 3201 3718 3256 ἐαυτοῦ

2150 3297 2371 3368 κλῆσιν
2407 3296 2570 3360 αὐτὸς
2618 3297 2727 3368 γὰρ
2773 3291 2840 3366 ἦν
2883 3298 2914 3366 ὴ
2958 3294 3221 3365 ἄμπελος.
3260 3311 3277 3342 ι
3335 3295 3443 3346 Καὶ
3492 3293 3554 3362 τῇ
3585 3290 3720 3343 ἕλικι

2145 3389 2240 3441 τὸν
2280 3387 2456 3440 πῶλον
2490 3389 2591 3458 τῆς
2628 3387 2750 3440 ὄνου
2793 3384 2992 3441 αὐτοῦ’
3033 3403 3052 3435 ι
3088 3383 3179 3436 τὸν
3217 3381 3365 3444 λαὸν,
3405 3383 3495 3434 τὸν
3539 3380 3597 3446 ἐξ
3627 3377 3716 3431 ἐθ-

2151 3477 2278 3541 νῶν,
2305 3476 2381 3539 ὼς
2415 3477 2717 3548 περιτομὴν
2754 3476 2849 3530 καὶ
2880 3473 3243 3546 ἀκροϐυστίαν
3273 3475 3353 3534 εἰς
3385 3472 3513 3541 μίαν
3540 3469 3719 3523 πίστιν

2153 3569 2356 3624 καλῶν.

2228 3681 2246 3713 ι
2291 3661 2487 3713 Πλυνεῖ
2511 3661 2566 3711 ἐν
2600 3658 2726 3729 οἴνῳ
2755 3657 2853 3728 τὴν
2885 3656 3072 3728 στολὴν
3099 3655 3261 3710 αὑτοῦ
3285 3673 3298 3685 ο
3345 3675 3363 3708 ι
3399 3653 3589 3725 [κατὰ]
3621 3652 3730 3722 τὴν.

2154 3752 2288 3825 [διὰ]
2338 3752 2430 3805 τοῦ
2487 3752 2594 3821 (52)
2647 3751 2803 3818 ἁγίου
2856 3749 3170 3820 Πνεύματος
3221 3745 3580 3801 κατελθοῦσαν
3627 3745 3718 3797 ἐπὶ

2163 3843 2428 3915 Ἰορδάνην
2460 3842 2736 3914 Πατρικην
2766 3842 2964 3912 φωνην.
3009 3859 3026 3892 ι
3066 3840 3174 3893 Καὶ
3200 3841 3257 3892 ἐν
3290 3839 3482 3909 αἵματι
3518 3852 3718 3902 σταφυ-

2150 3935 2246 4006 λῆς
2287 3937 2384 4006 τὴν
2433 3936 2722 4006 περιϐολὴν
2759 3932 2944 3988 αὑτοῦ.
2986 3951 3006 3985 ›
3052 3933 3254 4002 Αἴματι
3304 3928 3396 3986 οῦν
3444 3929 3715 4000 σταφυλῆς

2537 4094 2579 4125 ¹⁸
2605 4092 2764 4147 Joan.
2792 4111 2883 4158 xv,
2920 4092 2973 4146 1.

2232 4251 2344 4323 (ξς)
2381 4252 3114 4323 ῙΕρχξῖμενονεΟοιηιιοῆεη
3149 4254 3244 4305 καὶ
3276 4253 3586 4323 ἐρχόμενον.

2227 4321 2340 4395 (52)
2381 4319 2729 4395 [Kazr'rjjrﬁr
2757 4321 2897 4395 [διὰ]
2938 4325 3062 4378 τοῦ.
3097 4319 3372 4392 Duplicetii
3412 4319 3550 4377 hanc
3577 4338 3709 4395 pra:-

2193 4390 2477 4462 ositionem
2532 4390 2665 4462 mihi
2721 4390 3030 4449 necessario
3087 4390 3442 4462 supplendam
3499 4393 3697 4461 putavi.

2186 4459 2272 4535 inn
2302 4461 2443 4514 enim
2475 4461 2646 4535 στολῄ
2667 4468 2720 4514 et
2747 4465 2893 4535 φωνή
2923 4465 3032 4520 ullo
3061 4459 3333 4532 allegoriae
3365 4459 3558 4535 genere
3578 4476 3704 4535 con-

2603 4479 2720 4584 ?)et
2747 4479 2893 4535 φωνη
2923 4479 3032 4520 uno
3061 4479 3333 4532 allegoriae
3365 4479 3557 4532 genere
3578 4479 3702 4514 con-

2657 4541 2841 4585 aterna
2889 4550 2988 4588 vox
3038 4535 3248 4588 dicatur
3311 4548 3416 4586 vox
3473 4531 3702 4600 Spiritus

2150 4600 2343 4660 sancti,
2370 4600 2525 4668 quasi
2548 4599 2781 4669 Spiritus
2802 4614 3023 4659 sanctus
3057 4603 3260 4658 Christi
3289 4602 3448 4656 Pater
3470 4599 3697 4663 dicatur,

2148 4670 2295 4742 quod
2324 4670 2590 4742 theologia
2622 4686 2731 4742 non
2759 4673 3011 4728 admittit.
3044 4673 3178 4728 Mira
3211 4676 3392 4742 itaque
3428 4673 3704 4742 brevitate,

2147 4741 2579 4814 vinunrdcitatis
2607 4740 2777 4809 ﬁgura
2804 4745 3019 4814 accipit,
3050 4760 3158 4814 quo
3187 4740 3422 4798 delibuta
3454 4753 3507 4796 et
3556 4741 3704 4814 deale

2148 4809 2275 4883 bata
2328 4810 2417 4862 illa
2455 4810 2654 4883 Christi
2701 4812 2880 4883 tunica
2925 4809 3080 4883 (ejus
3111 4814 3320 4868 scilicet
3373 4813 3706 4879 humanitas)

2143 4880 2297 4952 justa
2349 4881 2493 4948 quod
2537 4880 2697 4934 Pater
2735 4882 2788 4936 in
2835 4880 3089 4947 Jordane,
3120 4899 3251 4937 voce
3301 4899 3396 4952 per
3441 4883 3708 4952 Spiritum

2146 4950 2386 5017 delapsa,
2434 4962 2760 5019 protestatus
2814 4963 2916 5014 est,
2963 4969 3085 5008 esse
3128 4950 3324 5006 Filium
3377 4950 3536 5006 suum
3574 4952 3707 5006 dile-

2146 5028 2314 5093 ctum,
2340 5035 2446 5073 non
2488 5022 2821 5090 adoptivum,
2857 5025 2949 5078 sed
2984 5024 3307 5085 naturalem,
3336 5023 3452 5093 ipsa
3484 5032 3708 5076 unctum

2146 5089 2450 5162 divinitate,
2472 5105 2577 5158 qua
2598 5089 2790 5158 homo,
2813 5109 2917 5147 non
2949 5094 3088 5148 sicut
3116 5094 3294 5147 caeteri
3326 5089 3425 5147 z'et
3459 5093 3700 5162 pallium,

2145 5159 2302 5226 quasi
2325 5159 2455 5229 quid
2481 5162 2866 5228 extrinsecum,
2895 5164 3151 5218 derivatis
3181 5179 3244 5217 ex
3280 5163 3372 5216 illo
3404 5159 3700 5217 charisma-

2146 5230 2292 5283 tibus
2323 5247 2335 5282 :
2369 5245 2490 5303 quae
2537 5241 2683 5303 certe
2718 5232 2825 5303 alta
2873 5234 3140 5303 theologia
3175 5233 3405 5302 simplici
3439 5246 3572 5294 aevo,
3607 5245 3697 5303 ve-

2145 5313 2312 5374 reque
2359 5300 2745 5374 ecclesiastica.
2774 5301 2954 5374 Quod
2988 5300 3080 5374 est
3119 5300 3425 5374 βληθείσης,
3477 5301 3702 5374 propius

2144 5369 2223 5444 ad_
2245 5369 2614 5444 metaphoram
2651 5371 2810 5444 fuerit
2838 5369 3129 5444 θλιὸείσης,
3157 5369 3297 5442 quod
3329 5369 3393 5426 de
3427 5371 3542 5444 uvis
3573 5384 3696 5437 pro-

2183 5437 2259 5490 rie
2292 5437 2406 5491 sive
2435 5455 2555 5492 cum
2586 5441 2862 5494 calcantur
2884 5437 3249 5506 dicitur,'sive
3277 5459 3399 5496 cum
3437 5442 3488 5492 iu
3523 5451 3675 5493 torcu

2167 5507 2244 5580 ari
2275 5509 2667 5580 exprimuntur.
2702 5509 2871 5580 Cujus
2918 5515 3080 5566 etiam
3125 5529 3229 5566 una
3282 5511 3597 5580 metaphora
3643 5519 3700 5564 et

2143 5577 2404 5651 tinctione
2431 5579 2566 5651 vini,
2593 5579 2660 5632 de
2689 5577 2794 5651 sua
2819 5581 3077 5636 Dominus
3106 5582 3378 5651 passione,
3401 5577 3503 5636 lsa.
3539 5595 3694 5643 mu,

2142 5645 2175 5725 β
2204 5663 2222 5725 3
2270 5665 2292 5725 ε
2332 5645 3030 5725 Torcularcalcavisolus,
3070 5645 3282 5725 {etme
3314 5653 3430 5725 nisi
3468 5652 3599 5725 quis
3631 5653 3698 5704 de

2142 5715 2491 5790 inimicorum
2516 5718 2718 5773 ultione
2740 5721 2983 5790 accipere
3009 5715 3179 5776 malit.
3210 5722 3341 5774 Ἀπὸ
3361 5715 3503 5775 οἴνοῦ
3534 5722 3696 5790 etiam

2455 5787 2735 5846 COMBEFIS.
2765 5821 2837 5830 —
2859 5786 3031 5850 'Aliter
3057 5791 3263 5848 Gudius
3294 5793 3380 5848 hic
3419 5793 3559 5862 apud
3590 5789 3695 5844 Fa~
