4134 6378
507 252 615 312 739

1130 247 1189 305 S.
1229 245 1591 305 HIPPOLYTI
1626 243 1776 302 OPP.
1812 243 1996 301 PARS
2032 242 2098 299 II.
2137 272 2211 287 --
2267 241 2578 299 DOGMAT.
2619 242 2710 299 ET
2768 242 3116 301 HISTORIC.

3630 246 3741 303 740

507 378 565 425 et
614 373 878 426 Ieremtas
931 365 1013 424 sic
1058 365 1184 421 ait:
1223 382 1245 418 ι
1299 364 1343 419 Ε
1385 364 1501 420 Dan
1550 364 1838 419 audiemus
1880 376 2070 418 vocem

2185 359 2550 433 Ἀντίχριστον
2578 361 2713 434 (57).
2746 361 2908 432 Λέγει
2946 360 3056 433 γὰρ
3095 361 3191 418 καὶ
3231 363 3497 437 Ἱερεμίας
3532 365 3738 433 οὕτως⁸

508 459 807 517 celeritatis
839 472 1105 529 equorum
1134 458 1275 528 ejus,
1302 471 1334 511 a
1360 470 1494 511 voce
1520 454 1763 509 hinnitus
1791 452 2066 526 equitatus

507 566 774 622 equorum
821 551 941 621 ejus
991 557 1264 605 commota
1312 558 1400 604 est
1439 548 1695 603 universa
1740 556 1887 625 terra
1928 547 1996 602 ".
2039 565 2061 600 ι

509 644 601 698 Ait
622 657 751 698 vero
794 649 848 696 et
873 642 1012 696 alius
1037 640 1300 710 propheta
1335 658 1350 695 :
1388 657 1409 692 ‹
1455 639 1818 709 Congregahit
1847 652 2066 692 omnem

509 737 761 791 virtutem
811 749 967 790 suam
1017 749 1048 788 a
1094 733 1226 789 solis
1267 740 1394 788 ortu
1447 746 1622 801 usque
1670 731 1740 786 ad
1784 745 2063 786 occasum.

509 826 657 893 Quos
700 824 996 890 vocaverit,
1042 831 1099 879 et
1140 838 1281 893 quos
1318 837 1430 877 non
1473 821 1763 887 vocaverit,
1800 836 1924 875 cum
1973 820 2068 875 illo

509 919 683 973 ibunt.
713 916 1049 972 Cantlescere
1076 929 1227 971 mare
1253 915 1416 970 faciet
1447 928 1558 983 prae
1600 912 1950 968 multitudine
1976 928 2068 968 ve-

508 1010 687 1064 lorum
714 1008 957 1072 navium,
987 1015 1043 1061 et
1062 1007 1374 1076 nigrescere
1396 1018 1649 1073 campum
1677 1018 1791 1073 prae
1822 1002 2068 1057 multitu-

507 1101 634 1157 dine
662 1108 964 1155 scutorum.
990 1099 1088 1163 Ac,
1118 1098 1165 1153 si
1195 1097 1320 1167 quis
1358 1096 1409 1152 ei
1442 1095 1498 1150 in
1525 1095 1717 1165 prtelio
1744 1095 2063 1159 occurrerit,

506 1190 686 1261 gladio
733 1197 952 1245 corruet
973 1188 1039 1243 “.
1075 1206 1094 1238 ι
1119 1187 1276 1254 Quod
1313 1187 1460 1243 enim
1513 1186 1630 1242 haec
1689 1201 1797 1241 non
1845 1186 1913 1241 de
1953 1185 2066 1240 ullo

509 1280 618 1335 alio
660 1280 802 1335 dicta
849 1279 977 1345 sint,
1007 1293 1170 1349 quam
1215 1280 1283 1333 de
1329 1286 1560 1348 tyranno
1598 1275 1690 1329 illo
1739 1284 1852 1329 tum
1889 1274 2069 1343 impu-

507 1376 686 1438 dente,
712 1384 826 1428 tum
858 1372 954 1429 Dei
990 1370 1321 1438 adversario,
1345 1370 1403 1426 in
1430 1369 1782 1443 sequentibus
1815 1367 2068 1425 ostende-

510 1482 651 1520 ιηυε.

577 1555 716 1611 XVI.
766 1554 872 1610 Sed
919 1565 974 1611 et
1010 1553 1179 1611 Isaias
1206 1555 1287 1609 sic
1317 1553 1393 1608 ait
1424 1571 1440 1608 :
1491 1571 1511 1604 ι
1544 1550 1611 1606 Ει
1640 1552 1746 1608 erit
1781 1566 1906 1607 cum
1934 1565 2068 1607 con-

506 1649 859 1704 summaverit
890 1646 1164 1703 Dominus
1184 1646 1368 1702 omnia
1403 1644 1610 1701 faciens
1635 1644 1692 1700 in
1723 1653 1905 1701 monte
1934 1643 2066 1700 Sion

2177 470 2197 505 t
2235 453 2422 524 Φωνὴν
2467 453 2532 507 ὲκ
2572 452 2679 538 Adv
2723 451 3083 525 ἀκουσώμεθα
3111 454 3367 527 ὀξύτητος
3399 458 3580 514 ἵππων
3624 460 3741 535 (58)

2170 544 2359 610 αὐτοῦ,
2386 540 2518 616 [ἀπὸ
2537 545 2721 617 φωνῆς
2750 545 3118 618 χρεμετισμοῦ
3145 549 3406 614 ἱππασίας
3440 550 3619 606 ἵππων
3645 553 3745 607 αὑ·-

2169 633 2288 707 τοῦ]
2311 634 2527 707 ἐσείσθη
2572 636 2782 717 πᾶσαή
2813 637 2907 708 γῆ.
2954 657 2971 689 ι
2998 638 3160 707 Λέγει
3181 639 3239 692 δὲ
3276 642 3370 693 καὶ
3401 641 3585 713 ἔτερος
3610 661 3748 716 προ-

2171 725 2373 796 φήτηςο
2428 743 2447 777 ι
2484 725 2709 792 Ξυνάξει
2755 728 2932 781 πᾶσαν
2979 724 3208 800 δύναμιν
3256 731 3421 785 αὐτοῦ
3467 734 3559 803 ἀφ’
3591 733 3743 805 ἡλίου

2170 816 2442 873 ἀνατολῶν
2474 816 2629 892 ἄχρις
2658 820 2807 892 ἡλίου
2838 820 3055 894 δυσμῶν
3079 841 3092 854 ι
3122 824 3216 889 οὓς
3244 825 3501 898 κεκλήκοι
3530 829 3624 882 καὶ
3648 828 3745 893 οὓς

2170 910 2231 963 οὐ
2258 911 2512 984 κεκλήκοι
2547 912 2971 985 πορευθήσονται
2996 919 3110 987 μετ’
3140 917 3325 971 αὐτοῦ.
3352 919 3622 974 Λευκανεῑ
3640 922 3742 994 τὴν

2172 1001 2442 1057 θάλασσαν
2467 1001 2574 1057 ἀπὸ
2593 1004 2701 1058 τῶν
2728 1005 2908 1060 ἱστίων
2924 1006 3032 1060 τῶν
3072 1007 3290 1075 πλοίων,
3315 1009 3409 1063 καὶ
3446 1011 3666 1081 μελανεῖ
3681 1011 3745 1065 τὸ

2171 1096 2350 1150 πεδίον
2393 1096 2500 1150 ἀπὸ
2528 1097 2634 1151 τῶν
2663 1096 2870 1171 θυρεῶν
2916 1095 3022 1153 τῶν
3051 1098 3228 1153 ὃπλων
3252 1116 3266 1131 ·
3297 1102 3391 1155 καὶ
3440 1104 3548 1167 πᾶς
3590 1103 3648 1169 ὃς
3674 1100 3773 1159 av“

2172 1190 2477 1261 συναντήσῃ
2503 1189 2649 1261 αὐτῷ
2675 1191 2733 1244 ὲν
2754 1190 2993 1262 πολέμῳ,
3020 1192 3264 1265 μαχαίρᾳ
3287 1196 3549 1249 πεσεῖται.
3577 1216 3597 1248 ι
3621 1198 3745 1250 Ὅτι

2175 1280 2273 1350 μὲν
2299 1275 2392 1334 οὖν
2423 1280 2596 1334 ταῦτα
2637 1280 2736 1335 οὐκ
2767 1282 2856 1335 ἐπ’
2884 1282 3040 1337 ἄλλον
3070 1281 3192 1337 τινὰ
3233 1284 3471 1357 εἴρηται,
3500 1286 3615 1339 ἀλλ’
3649 1285 3747 1342 ἐπὶ

2169 1370 2262 1423 τὸν
2297 1371 2555 1443 τύραννον
2588 1372 2682 1425 καὶ
2712 1373 2904 1445 ἀναιδῆ
2936 1374 3031 1434 καὶ
3063 1374 3351 1447 θεομάχον,
3384 1376 3628 1449 δείξομεν
3652 1378 3748 1435 διὰ

2170 1462 2279 1518 τῶν
2308 1463 2453 1535 ἑξῆς.

2241 1555 2402 1626 Λέγει
2434 1556 2527 1610 καὶ
2563 1555 2789 1622 Ἡσαΐας
2816 1556 3018 1623 οὕτως·
3068 1577 3087 1611 ι
3126 1560 3236 1614 Καὶ
3264 1559 3414 1616 ἔσται
3459 1562 3588 1615 ὅταν
3619 1576 3747 1615 συν-

2171 1644 2364 1720 τελέσῃ
2392 1648 2594 1721 Κύριος
2627 1650 2803 1704 πάντα
2828 1647 2995 1704 ποιῶν
3023 1651 3114 1704 ἐπὶ
3134 1651 3210 1721 τῷ
3238 1651 3355 1723 ὄρει
3376 1651 3453 1723 τῷ
3480 1650 3618 1707 Σιὼν
3647 1651 3746 1705 καὶ

502 1750 560 1797 et
592 1739 923 1806 Jerusalem;
957 1739 1175 1794 inducet
1198 1752 1362 1808 super
1390 1745 1624 1792 mentem
1666 1750 1940 1806 magnam,
1974 1750 2068 1791 su-

2181 1728 2549 1812 Ἰερουσαλήμ,
2582 1740 2771 1806 ἐπάξει
2818 1738 2913 1794 ἐπὶ
2960 1739 3053 1796 τὸν
3099 1740 3222 1796 νοῦν
3266 1743 3356 1796 τὸν
3411 1743 3608 1815 μέγαν,
3649 1744 3746 1797 ἐπὶ

505 1847 601 1903 per
643 1830 939 1902 principem
985 1828 1369 1901 Assyriorum,
1419 1834 1475 1880 et
1518 1840 1682 1895 super
1731 1826 2069 1880 altitudinem

508 1922 696 1993 gloria:
728 1922 1009 1978 oculorum
1047 1920 1188 1990 ejus.
1237 1918 1383 1973 Dixit
1412 1917 1558 1973 enim
1593 1934 1608 1970 :
1649 1914 1708 1972 In
1755 1915 2070 1972 fortitudine

511 2013 730 2076 faenum,
768 2020 823 2066 et
867 2010 1130 2080 sapientia
1173 2007 1477 2063 intellectus
1528 2002 1771 2061 auferam
1810 2006 2069 2060 terminos

510 2105 774 2175 gentium,
818 2110 875 2158 et
921 2100 1294 2158 fortitudinem
1341 2112 1529 2154 eorum
1581 2096 1961 2167 depraedahor;
2016 2105 2071 2153 et

507 2196 816 2254 concutiam
841 2195 1088 2251 civitates
1116 2194 1403 2259 habitatas,
1427 2199 1480 2247 et
1502 2191 1687 2247 orbem
1718 2199 1889 2246 totum
1918 2205 2070 2245 com-

510 2288 844 2362 prehendam
896 2304 1061 2343 manu
1102 2301 1227 2342 mea
1253 2286 1408 2356 quasi
1439 2284 1650 2347 nidum,
1679 2291 1733 2338 et
1779 2285 1934 2353 quasi
1966 2298 2067 2338 ova

509 2382 763 2440 derelicta
798 2380 984 2436 tollam
1017 2397 1035 2436 :
1075 2387 1132 2435 et
1167 2392 1277 2433 non
1307 2385 1391 2433 est
1420 2376 1514 2446 qui
1545 2375 1764 2447 eﬂ‘ugiat
1801 2385 1894 2431 aut
1937 2391 2070 2431 con-

509 2476 743 2531 tradicat
764 2474 897 2529 mihi
920 2493 934 2541 ;
962 2482 1016 2529 et
1039 2471 1133 2542 qui
1156 2470 1363 2540 aperiat
1389 2485 1450 2524 os
1472 2485 1525 2524 et
1551 2469 1770 2539 garriat.
1800 2467 2069 2538 Numquid

507 2567 897 2639 glorificabitur
926 2564 1135 2621 securis
1163 2563 1281 2618 sine
1301 2578 1365 2617 eo
1399 2563 1493 2631 qui
1524 2561 1680 2616 credit
1712 2562 1765 2615 in
1800 2560 1952 2631 ipsa?
1978 2569 2073 2615 aut

506 2659 831 2715 exaltabitur
849 2673 1002 2714 serra
1033 2656 1150 2713 sine
1175 2671 1241 2711 eo
1269 2657 1363 2726 qui
1397 2656 1543 2709 illam
1578 2653 1783 2708 trahit?
1811 2652 2072 2708 Similiter

507 2752 553 2806 si
597 2751 721 2821 quis
753 2748 1035 2807 sustulerit
1083 2748 1290 2818 virgam
1336 2755 1432 2801 aut
1477 2747 1704 2817 lignum,
1744 2744 2072 2799 exaltabitur

507 2845 735 2914 lignum.
784 2841 853 2897 Et
896 2856 1005 2896 non
1044 2841 1145 2896 sic.
1191 2838 1298 2894 Sed
1346 2838 1523 2893 mittet
1565 2838 1767 2894 Adonai
1808 2836 2071 2892 Dominus

508 2934 747 2991 Sabaoth
776 2935 830 2989 in
862 2935 1126 2989 honorem
1172 2940 1322 2987 tuum
1352 2931 1705 3002 ignominiam
1744 2948 1759 2987 :
1791 2939 1845 2985 et
1874 2932 1927 2984 in
1956 2931 2073 3001 glo-

509 3026 646 3081 riam
679 3035 825 3080 tuam
866 3024 1007 3095 ignis
1040 3023 1236 3078 ardens
1283 3021 1617 3078 exardescet.
1652 3019 1719 3075 Et
1748 3020 1851 3075 erit
1889 3020 2070 3074 lumen

508 3117 675 3174 Israel
701 3118 755 3172 in
778 3117 902 3188 igne
931 3134 948 3171 :
981 3124 1037 3171 et
1072 3113 1432 3172 sanctilicabit
1456 3114 1511 3168 in
1543 3112 1779 3180 flamma,
1807 3119 1862 3167 et
1885 3127 2070 3168 come-

507 3210 599 3267 det
625 3210 765 3265 sicut
818 3208 1028 3274 fenum,
1058 3208 1248 3264 silvam
1280 3207 1349 3263 ³⁵.
1386 3224 1405 3257 ι

575 3301 746 3357 XVII.
773 3300 903 3356 Item
927 3300 1034 3355 alio
1053 3314 1271 3370 quoque
1296 3298 1416 3353 loco
1437 3315 1451 3351 :
1490 3314 1510 3348 ι
1539 3294 1822 3363 Quomodo
1843 3293 2074 3350 cessavit

506 3393 761 3450 exactor?
778 3407 953 3463 quave
979 3390 1191 3446 ratione
1220 3390 1456 3445 cessavit
1476 3386 1834 3443 sollicitator?
1856 3385 2073 3441 Contri-

506 3484 586 3539 vit
612 3483 753 3539 Deus
792 3484 982 3554 jugum
1007 3482 1313 3552 principum
1349 3489 1716 3547 peccatorum,
1764 3476 2073 3549 percutiens

510 3587 722 3650 gentem
756 3575 937 3630 furore
953 3588 1007 3629 et
1024 3575 1178 3644 plaga
1206 3569 1836 3640 insanabili,percutiens
1861 3576 2071 3637 gentem

509 3670 665 3739 plaga
714 3665 1001 3722 insanabili
1030 3680 1138 3735 qua
1168 3678 1276 3718 non
1304 3663 1560 3733 pepercit.
1597 3660 1876 3731 Requievit
1903 3660 2076 3716 conti-

510 3764 731 3831 denter:
760 3758 937 3812 omnis
981 3766 1125 3812 terra
1147 3756 1348 3810 clamat
1384 3768 1509 3809 cum
1545 3753 1746 3807 laetitia.
1788 3749 1953 3823 Ligna
1985 3751 2075 3805 Li-

510 3850 638 3907 bani
675 3850 850 3904 laetata
876 3856 1005 3903 sunt
1055 3860 1217 3916 super
1262 3854 1337 3912 te,
1389 3853 1444 3899 et
1491 3845 1686 3899 cedrus
1746 3843 1959 3897 Libani.
1995 3842 2076 3898 Ex

510 3958 621 4013 quo
648 3950 706 3996 tu
732 3939 1094 4002 obdormiisti,
1120 3953 1227 3993 non
1252 3936 1516 4003 ascendit,
1541 3937 1635 4005 qui
1654 3951 1752 3991 nos
1768 3935 1958 3990 caedat.
1988 3933 2076 3989 ln-

511 4033 699 4089 fernus
731 4033 916 4088 subter
960 4030 1316 4086 exacerbatus
1339 4038 1440 4092 est,
1464 4043 1755 4083 occurrens
1790 4027 1903 4082 tibi.
1932 4025 2078 4081 Con-

512 4134 875 4181 surrexerunt
904 4138 1096 4178 omnes
1124 4123 1371 4203 gigantes
1395 4120 1607 4190 judices
1637 4128 1814 4186 terrae,
1874 4118 2078 4190 princi—

2167 1828 2259 1884 τὸν
2305 1831 2538 1904 ἄρχοντα
2580 1831 2688 1885 τῶν
2742 1832 3059 1904 Ἀσσυρίων,
3090 1835 3184 1887 καὶ
3231 1834 3325 1887 ἐπὶ
3369 1834 3430 1887 τὸ
3477 1833 3608 1905 ὕψος
3638 1836 3740 1908 τῆς

2166 1920 2323 1995 δόξης
2372 1924 2480 1977 τῶν
2523 1920 2815 1995 ὀφθαλμῶν
2862 1922 3045 1979 αὑτοῦ.
3092 1920 3228 1979 Εἷπε
3279 1925 3422 1997 γάρ·
3474 1927 3553 1998 Τῇ
3599 1927 3744 1999 ἰσχύϊ

2169 2016 2398 2086 ποιήσω,
2432 2013 2525 2068 καὶ
2551 2018 2618 2086 τῇ
2653 2016 2816 2087 σοφίᾳ
2847 2017 2944 2088 τῆς
2973 2017 3240 2081 συνέσεως
3289 2018 3470 2087 ἀφελῶ
3502 2020 3625 2094 ὅρια
3652 2020 3746 2075 ὲθ-

2168 2106 2295 2173 νῶν,
2328 2106 2422 2160 καὶ
2450 2108 2550 2179 τὴν
2593 2109 2745 2178 ἰσχὺν
2791 2108 2968 2163 αὐτῶν
3012 2110 3389 2182 προνομεύσω,
3430 2111 3528 2166 καὶ
3576 2113 3744 2179 σείσω

2170 2198 2350 2262 πόλεις
2394 2197 2843 2270 κατοικουμένας,
2878 2201 2969 2254 καὶ
2996 2200 3092 2274 τὴν
3132 2203 3452 2276 οἰκουμένην
3481 2204 3607 2277 ὃλην
3645 2224 3748 2261 κα-

2168 2289 2476 2360 ταλήψομαι
2506 2292 2571 2360 τῇ
2603 2290 2744 2362 χειρί
2779 2309 2900 2362 μου,
2931 2289 3006 2356 ὼς
3047 2293 3288 2358 νοσσιὰν,
3326 2295 3422 2348 καὶ¹
3468 2296 3542 2360 ὡς
3574 2313 3746 2350 κατα-

2169 2379 2495 2452 λελειμμένα
2535 2381 2619 2436 ea:
2651 2381 2800 2454 dpt'b'
2837 2383 2931 2437 καὶ
2962 2385 3061 2438 οὐκ
3110 2376 3275 2449 ἔστιν,
3303 2386 3363 2451 ὃς
3401 2387 3745 2457 διαφεύξεται

2168 2474 2201 2545 ἦ
2230 2474 2457 2545 ἀντείπῃ
2507 2491 2616 2546 μοι,
2647 2473 2766 2547 [καὶ
2806 2475 3034 2545 ἀνοίγων
3071 2476 3129 2530 τὸ
3165 2478 3341 2549 στόμα
3376 2480 3470 2534 καὶ
3499 2479 3748 2552 στρουθί-

2170 2564 2296 2629 ζων.
2330 2566 2426 2636 Μὴ
2465 2565 2850 2638 δοξασθήσεται
2894 2566 3049 2639 ἀξίνη
3077 2568 3204 2623 ἄνευ
3236 2569 3330 2623 τοῦ
3360 2571 3648 2636 κόπτοντος
3686 2574 3747 2627 ὲν

2169 2659 2239 2710 αὐ
2250 2660 2312 2728 τῇ
2335 2675 2349 2722 ;
2374 2658 2407 2729 ἢ
2433 2656 2776 2729 ὑψωθήσεται
2805 2659 2977 2732 πρίων
3009 2660 3138 2714 ἄνευ
3166 2660 3259 2715 τοῦ
3284 2662 3529 2728 ἕλκοντος
3552 2664 3744 2730 αὐτόν;

2183 2742 2472 2807 Ὡσαύτως,
2506 2745 2600 2798 ἐάν
2642 2762 2726 2808 τις
2755 2745 2861 2818 ἄρῃ
2897 2748 3091 2819 ῥάϐδον
3123 2750 3156 2820 ἦ
3193 2749 3367 2816 ξύλον,
3398 2752 3745 2824 ὑψωθήσεται

2173 2831 2381 2908 ξύλον]
2414 2835 2508 2889 καὶ¹
2535 2835 2632 2908 οὐχ
2676 2834 2867 2902 οὕτως.
2909 2838 3068 2892 Ἀλλὰ
3096 2840 3383 2896 ἀποστελεῖ
3416 2842 3639 2898 Ἀδωναῒ
3664 2846 3745 2909 εἰς

2171 2928 2274 3000 τὴν
2305 2930 2404 3000 σὴν
2426 2928 2589 3002 τιμὴν
2628 2931 2870 3001 ἀτιμίαν,
2905 2932 2997 2985 καὶ
3025 2933 3105 2997 εἰς
3140 2933 3237 3006 τὴν
3284 2936 3384 3007 σὴν
3427 2934 3584 3001 δόξαν
3637 2936 3747 3008 πῦρ

2172 3020 2460 3091 καιόμενον
2490 3022 2839 3092 καυθήσεται.
2867 3022 2978 3076 Καὶ
3009 3024 3071 3077 τὸ
3102 3026 3216 3094 φῶς
3246 3024 3339 3079 τοῦ
3369 3026 3582 3099 Ἰσραὴλ
3612 3027 3744 3099 πῦρ,

2170 3112 2267 3165 καὶ
2294 3112 2509 3180 ἁγιάσει
2545 3113 2705 3167 αὐτὸν
2743 3116 2801 3170 ὲν
2835 3116 3016 3186 φλογὶ,
3047 3117 3140 3171 καὶ
3183 3116 3415 3189 φάγεται
3447 3119 3523 3184 ὡς
3554 3118 3746 3193 χόρτον

2172 3204 2271 3277 τὴν
2302 3206 2455 3276 ὓλην.

2244 3296 2355 3351 Καὶ
2387 3297 2548 3352 πάλιν
2570 3299 2629 3351 ὲν
2654 3298 2824 3371 ἑτέρῳ
2857 3296 3039 3368 λέγει·
3094 3320 3115 3354 ι
3153 3296 3279 3367 Πῶς
3312 3302 3689 3359 ἀναπέπαυται
3718 3304 3749 3359 ό
3850 3320 3853 3323 ‘
3920 3321 3927 3328 ‘

2181 3388 2449 3454 ἁπαιτῶν,
2470 3389 2694 3454 καὶπῶς
2710 3391 3129 3447 ἀναπέπαυταιοό
3141 3390 3571 3469 ὲπισῖτουδαστής
3592 3396 3749 3461 ;Συν-

2175 3478 2392 3552 ἐτριψεν
2426 3482 2455 3534 ὁ
2486 3481 2617 3545 Θεὸς
2666 3483 2758 3536 τὸν
2790 3482 2950 3552 ζυγὸν
2983 3484 3091 3538 τῶν
3137 3485 3410 3556 ἀρχόντων
3435 3487 3543 3540 τῶν
3570 3488 3752 3557 ἁμαρο

2174 3568 2358 3621 τωλῶν
2377 3586 2392 3600 ·
2428 3569 2671 3633 πατάξας
2690 3571 2838 3636 ἔθνος
2863 3574 2919 3625 ὲν
2944 3572 3100 3645 θυμῷ
3117 3574 3212 3628 καὶ
3239 3578 3296 3628 ὲν
3316 3575 3495 3648 πληγῇ
3511 3577 3746 3648 ἁνιάτῳο
3854 3598 3857 3599 ν

2175 3660 2350 3713 παίων
2383 3660 2534 3725 ἔθνος
2564 3661 2741 3734 πληγῇ
2778 3664 2997 3735 ἀνιάτω,
3129 3668 3228 3721 οὐκ
3278 3668 3551 3736 ἐφείσατο.
3600 3668 3749 3721 ’Δνε-
3824 3658 3831 3663 ’

2178 3753 2423 3808 παύσατο
2456 3755 2744 3822 πεποιθὼς,
2768 3758 2915 3810 πᾶσα
2951 3758 2984 3829 ἡ
3012 3758 3082 3829 γῆ
3123 3759 3221 3831 βοᾷ
3243 3762 3356 3831 μετ’
3390 3760 3747 3833 εὐφροσύνης.

2177 3846 2257 3901 Τὰ
2285 3845 2417 3912 ξύλα
2440 3844 2533 3900 τοῦ
2561 3846 2789 3901 Λιϐάνου
2823 3846 3209 3921 ηὐφράνθησαν
3236 3849 3331 3904 ἐπὶ
3358 3850 3462 3913 σοὶ,
3487 3852 3631 3922 καὶὴ
3655 3850 3750 3903 κέ-
3830 3854 3835 3855 ⁷

2175 3934 2299 4006 δρος
2325 3934 2418 3987 τοῦ
2452 3936 2705 3990 Λιϐάνου.
2756 3936 2872 4005 Ἀφ’
2905 3932 2964 3991 οὗ
2997 3938 3061 3990 σὺ
3079 3938 3428 4009 κεκοίμησαι,
3452 3940 3553 3993 οὐκ
3583 3938 3751 4011 ἀνέϐη

2178 4027 2207 4078 ό
2233 4027 2445 4107 κόπτων
2473 4029 2636 4099 ἡμᾶς.
2677 4026 2735 4080 '0
2773 4026 2905 4098 ᾅδης
2935 4028 3083 4081 κάτω
3130 4029 3432 4101 ἐπικράνθη
3484 4032 3750 4099 συναντή-

2178 4134 2278 4181 σας
2312 4135 2426 4171 σοι’
2484 4118 2894 4191 συνηγέρθησαν
2947 4120 3146 4183 πάντες
3199 4121 3247 4173 οἰ
3284 4121 3537 4190 γίγαντες
3564 4123 3614 4175 οἱ
3652 4122 3752 4194 ἅρ-

511 4231 606 4288 pes
637 4232 705 4272 ex
739 4217 891 4272 soliis
941 4217 1079 4272 suis.
1118 4214 1320 4270 Omnes
1372 4228 1528 4284 reges
1568 4213 1830 4285 gentium,
1884 4227 2070 4267 omnes

2180 4208 2366 4275 ξαντες
2400 4212 2499 4282 τῆς
2526 4212 2647 4283 γῆς,
2682 4215 2731 4266 οἱ
2757 4215 2993 4283 κοίρανοι
3027 4214 3137 4285 (59)
3174 4214 3237 4266 ὲκ
3265 4214 3372 4267 τῶν
3416 4215 3620 4287 θρόνων
3650 4216 3745 4269 af»

513 4306 675 4361 simul
703 4306 1125 4377 respondebunt,
1147 4313 1204 4360 et
1227 4305 1407 4360 dicent
1428 4322 1441 4359 ε
1486 4302 1553 4358 Et
1600 4311 1657 4357 tu
1695 4311 1885 4373 captus
1908 4318 1968 4358 es
1993 4302 2072 4357 si-

511 4406 605 4453 cut
630 4406 687 4453 et
731 4413 856 4466 nos;
898 4397 1040 4453 inter
1088 4412 1189 4452 nos
1234 4406 1517 4468 reputatus
1568 4411 1648 4451 es.
1700 4394 1987 4451 Descendit
2018 4393 2073 4448 in

2177 4302 2308 4354 τῶν.
2358 4302 2565 4366 Πάντες
2626 4303 2858 4373 βασιλεῖς
2909 4303 3098 4367 ἐθνῶν,
3146 4304 3260 4376 ἅμα
3290 4306 3487 4371 πάντες
3517 4308 3751 4377 ἀποκρι-

2180 4391 2434 4463 θήσονται
2458 4394 2550 4446 καὶ
2571 4393 2782 4465 ἐροῦσιο
2818 4395 2929 4449 Καὶ
2950 4395 3014 4448 σὺ
3036 4394 3207 4460 ἑάλως
3220 4395 3407 4470 ὥσπερ
3429 4397 3522 4451 καὶ
3554 4397 3709 4468 ἡμεῖς
3726 4408 3743 4426 ⁸

580 4601 627 4634 ³³
649 4599 847 4657 Jerem.
875 4618 996 4661 vm.
1020 4602 1106 4657 16.
1180 4604 1226 4637 "
1246 4603 1405 4660 Forte
1430 4619 1495 4660 ex
1529 4604 1856 4675 apucrypho,
1890 4612 1951 4656 ιιι
1976 4600 2070 4657 inft

2176 4613 2263 4669 ap.
2296 4599 2386 4654 54.
2463 4599 2508 4631 ’⁸
2525 4600 2633 4654 Isa.
2663 4614 2718 4667 ι,
2746 4599 2937 4658 l2—l7.

583 4833 874 4957 $332,”:Exl
899 4836 1004 4890 τὸν
1051 4836 1467 4904 Ἀντίχριστον.
1498 4837 1577 4895 Id.
1612 4840 1707 4894 ἐπὶ
1751 4837 1845 4895 τοῦ
1898 4842 2072 4897 Ἀντι-

608 4922 755 4959 στου.

512 4923 1266 5049 ἵξίέἒῗῖὸξύτητοςζππων.
1284 4976 1552 5041 Nobilius,
1584 4986 1645 5035 ut
1669 4987 1724 5034 ct
1751 4978 1936 5049 ναις..
1963 4980 2073 5049 fre-

512 5047 995 5119 imitumfeq‘uorum.
1017 5047 1093 5119 _Et
1122 5057 1425 5119 saperecte
1466 5050 1645 5119 Vulg.,
1684 5052 1833 5118 quod
1865 5047 1940 5107 ita
1965 5047 2072 5106 He-

513 5118 659 5173 braea
711 5115 912 5173 habent
955 5134 970 5171 :
1017 5116 1130 5172 Leo
1174 5115 1335 5181 Juda,
1379 5115 1604 5173 machus
1646 5115 1856 5174 auditus
1887 5137 1906 5175 :
1934 5121 2072 5176 nihil

513 5201 672 5262 vero
688 5196 851 5262 recte
872 5184 1154 5262 Nobilius,_
1173 5187 1267 5256 qui
1305 5189 1539 5243 litteram
1556 5189 1690 5262 ,τῶν
1719 5188 2070 5262 Septuaginta

514 5255 701 5332 debuit
725 5257 985 5332 reddere;
1016 5258 1158 5332 apud
1190 5255 1514 5332 quosgnento
1544 5257 1730 5314 Graece
1756 5255 1951 5315 doctus
1971 5260 2071 5332 τῂν

514 5325 759 5399 ὀξύτητα
793 5326 875 5399 ad
903 5325 1171 5399 ronchum
1211 5328 1296 5399 vel
1324 5327 1598 5384 fremitum
1627 5343 1894 5399 equorum
1928 5325 2073 5385 refe-

515 5404 623 5461 rat,
671 5397 763 5451 sed
814 5397 882 5451 ad
941 5398 1157 5453 illorum
1210 5398 1537 5453 celeritatem
1593 5397 2069 5467 ac'velocitatem,

518 5467 898 5544 qna-perinde
934 5483 1003 5544 ac
1051 5468 1270 5544 fremitu
1308 5478 1470 5539 atque
1519 5469 1754 5544 hinnitu,
1801 5471 2071 5539 equestris

520 5536 706 5610 militia
753 5538 949 5610 terrori
996 5547 1116 5610 est.
1141 5536 1398 5608 Sequens
1424 5539 1720 5595 auctoritas
1750 5536 1914 5609 quam
1947 5555 2072 5610 pro-

520 5602 1010 5689 pheticamnbabet
1060 5602 1400 5689 Hippolytus.
1437 5626 1703 5689 nusquam
1736 5602 1962 5666 eistare'
1983 5609 2069 5689 vi-

520 5672 675 5728 detur
718 5673 773 5728 in
803 5675 956 5730 libris
992 5672 1191 5735 nostris
1254 5672 1394 5736 auos
1441 5681 1508 5735 de
1558 5672 1776 5738 'canone
1820 5679 2072 5744 agnosci-

2174 4859 2320 4910 mus,
2372 4845 2734 4915 undecunque
2755 4845 2846 4901 ille
2874 4845 3168 4901 habuerit:
3212 4861 3276 4901 ac
3299 4853 3479 4915 putem
3507 4858 3574 4898 ex
3613 4856 3750 4913 apo-

2173 4916 2416 4995 cryphis,
2446 4931 2586 4995 quos
2616 4914 2790 4995 quasi
2831 4917 3175 4995 proplieticos
3205 4914 3375 4995 libros
3415 4914 3603 4979 citare,
3638 4929 3749 4975 non
3778 4936 3783 4943 '

2172 4986 2447 5039 insuetum
2482 4986 2604 5052 ejus
2649 4986 2825 5041 aetatis
2854 4987 3189 5042 horninibus.
3212 4986 3449 5040 Couner.

2247 5055 2356 5125 (39)
2389 5059 2451 5109 Οἱ
2472 5056 2756 5122 κοίρανοι.
2788 5055 2902 5110 Vox
2931 5064 3015 5110 est
3045 5055 3334 5125 Homerica
3372 5052 3569 5125 Ἰλιάδ.
3603 5052 3664 5112 Β,
3692 5056 3750 5107 et

2176 5125 2354 5196 magis
2387 5125 2615 5196 poetica.
2669 5126 2841 5196 Aliter
2873 5125 3061 5180 Graeca
3117 5124 3302 5196 Vulg.,
3356 5124 3749 5196 otgysipavgs;

2176 5193 2241 5247 ἐκ
2276 5191 2616 5268 τῶν’θρόνων
2645 5195 2848 5268 αότῶν-
2868 5196 3077 5268 πάντας
3126 5191 3383 5268 βασιλεῖς.
3422 5191 3595 5268 velut
3617 5191 3749 5246 olim

2173 5264 2389 5334 tyranni
2415 5262 2469 5319 ei.
2490 5265 2745 5320 violentia
2771 5263 3033 5328 celebres.
3060 5262 3242 5334 ct'qui
3275 5266 3476 5321 multos
3496 5262 3636 5334 solio
3648 5275 3748 5315 ex.

2176 5330 2481 5406 c'usserant,
2513 5335 2826 5406 perindeac
2846 5350 2941 5390 rex
2982 5330 3371 5406 Assyriorum,
3390 5335 3437 5406 ei
3465 5330 3748 5406 insultent,

2174 5401 2320 5472 quod
2345 5406 2462 5473 pari
2488 5400 2544 5459 et
2564 5404 2679 5473 ipse
2700 5404 2809 5459 illis
2851 5412 2998 5460 sorte
3026 5400 3204 5460 factus
3229 5405 3319 5460 sit.
3347 5400 3619 5473 Allegoria
3640 5410 3749 5473 est,

2174 5470 2321 5540 quod
2346 5470 2476 5530 haec
2498 5475 2567 5528 ad
2588 5470 2873 5529 diabolum
2906 5476 3222 5537 trahuntur,
3253 5485 3306 5530 et
3334 5472 3478 5541 quod
3498 5471 3565 5525 ad
3594 5470 3751 5541 Anti-

2178 5542 2465 5621 christum,
2497 5558 2663 5621 quem
2692 5544 2772 5600 ait
2817 5543 3022 5621 gaulus
3066 5540 3415 5601 interfectum
3442 5543 3508 5597 iri
3552 5540 3751 5611 spiritu

2178 5613 2290 5669 oris
2307 5610 2456 5671 Iesu.
2490 5610 2740 5673 Conser.
2840 5610 2899 5621 ’“’
