4134 6444
422 318 522 375 741

1481 322 1571 379 DE
1606 320 1904 380 CHRISTO
1938 321 2029 377 ET
2073 317 2554 377 ANTICHRISTO.

3531 316 3640 373 742

421 432 483 485 ἐν
512 430 643 503 ἡμῖν
670 430 728 486 δὲ
746 430 1158 504 κατελογίσθης·
1193 430 1394 504 κατέϐη
1416 434 1494 498 είς
1520 436 1621 505 γῆν
1650 438 1683 507 ή
1715 434 1839 501 δόξα
1868 450 1982 498 σου,

2083 441 2281 489 terram
2317 434 2484 505 gloria
2508 441 2621 497 tua,
2656 431 2825 488 multa
2840 430 3024 488 laetitia
3057 439 3184 500 tua;
3213 430 3399 487 subter
3425 439 3478 487 te
3503 441 3643 488 ster-

423 525 461 596 ἡ
512 522 680 595 πολλὴ
711 524 1014 597 εὐφροσύνη
1069 541 1197 578 σουο
1245 525 1499 579 ὑποκάτω
1548 544 1639 581 σου
1691 525 1986 597 στρὼσουσι

426 613 617 686 σῆψινο
661 615 723 668 τὺ
768 614 826 668 δὲ
858 616 1263 687 κατακάλυμμά
1307 617 1418 689 (40)
1472 634 1564 671 σου
1599 616 1831 690 σκώληξ.
1863 616 1988 679 Πῶς

423 703 616 758 ἔπεσεν
670 706 737 760 ἐκ
775 704 868 759 τοῦ
898 707 1165 778 οὐρανοῦὸ
1185 708 1508 781 Ἑωσφόρος,
1540 712 1568 762 6
1600 709 1739 780 πρωῒ
1769 707 1989 762 ἀνατέλ-

422 795 561 862 λων;
599 797 893 869 Συνετρίὸη
924 800 1004 862 είς
1025 798 1123 871 τὴν
1144 799 1249 870 γῆν
1279 802 1309 853 ὁ
1338 800 1676 854 ἀποστέλλων
1701 802 1781 864 είς
1811 801 1987 854 πάντα

421 886 492 940 τὰ
524 887 669 959 ἔθνη.
711 874 870 942 Συδὲ
907 885 1064 954 εἴπας
1112 892 1171 944 ἐν
1224 894 1291 963 τῇ
1336 891 1540 963 διανοίᾳ
1600 908 1720 944 σου·
1756 891 1850 953 Εἰς
1896 890 1986 943 τὸν

422 980 648 1052 οὐρανὸν
690 982 1058 1054 ἀναϐήσομαι,
1110 983 1292 1037 ἐπάνω
1334 982 1443 1037 τῶν
1486 985 1698 1054 ἄστρων
1748 982 1860 1053 (41)
1890 982 1984 1037 τοῦ

422 1070 652 1141 οὐρανοῦ
684 1071 834 1143 θήσω
861 1072 951 1127 τὸν
984 1072 1168 1145 θρόνον
1205 1091 1326 1145 μου,
1360 1074 1531 1127 καθιῶ
1554 1076 1609 1128 ἐν
1645 1074 1823 1144 ὄρεσιν
1851 1074 1988 1145 ὑψη-

420 1159 533 1225 λοῖς
557 1164 669 1226 τοῖς
700 1163 834 1236 πρὸς
866 1163 1092 1236 βορρᾶψ
1121 1165 1464 1237 ἀναϐήσομαι
1518 1165 1700 1219 ἐπάνω
1743 1165 1849 1218 τῶν
1896 1182 1985 1218 νε-

421 1251 616 1321 φελῶν,
654 1252 846 1325 ἔσομαι
875 1256 1057 1327 ὅμοιος
1101 1256 1179 1326 τῷ
1216 1256 1468 1328 Teia—:09.
1502 1258 1637 1311 Novi.
1662 1259 1717 1312 δὲ
1748 1260 1827 1322 είς
1853 1258 1984 1329 ᾅδην

418 1346 705 1420 καταϐήσῃ
748 1347 883 1418 (42),
918 1350 1011 1402 καὶ
1048 1351 1126 1414 εἰς
1158 1349 1224 1403 τὰ
1254 1350 1475 1421 θεμέλια
1501 1351 1599 1421 τῆς
1616 1352 1735 1421 γῆς.
1758 1351 1820 1403 Ui
1849 1349 1984 1403 ἰδόν-

417 1453 510 1500 τες
544 1455 602 1490 σε
634 1438 1002 1510 θαυμάσουσιν
1062 1442 1154 1495 ἐπὶ
1191 1443 1272 1495 σοὶ
1325 1444 1419 1496 καὶ
1474 1442 1715 1512 ἐροῦσιψ
1760 1434 1927 1504 Οὗτος
1956 1443 1985 1494 ό

418 1529 704 1600 ἄνθρωπος
739 1534 768 1585 6
790 1531 1104 1605 παροξύνων
1130 1534 1228 1605 τὴν
1265 1534 1386 1605 γῆν,
1413 1535 1441 1585 6
1471 1533 1627 1586 σείων
1670 1532 1923 1603 βασιλεῖς,
1956 1534 1985 1585 ὁ

416 1620 530 1685 θεὶς
541 1622 638 1695 τὴν
655 1625 971 1696 οἰκουμένην
998 1625 1123 1696 ὅλην
1143 1625 1239 1696 ἕρη
1250 1642 1368 1695 μον,
1403 1626 1496 1680 καὶ
1519 1626 1618 1688 τὰς
1642 1624 1823 1689 πόλεις
1852 1624 1982 1678 καθ-

416 1715 546 1781 εῖλε,
580 1717 704 1780 τοὺς
753 1719 810 1770 ἐν
855 1718 1115 1787 ἐπαγωγῇ
1185 1718 1294 1788 (45)
1321 1718 1445 1773 οὐκ,
1476 1716 1647 1769 ἔλυσε.
1676 1718 1883 1781 Πάντες
1933 1719 1982 1770 οἱ

418 1806 655 1877 βασιλεῖς
697 1810 797 1880 τῆς
835 1810 940 1878 γῆς
990 1809 1356 1881 ἐκοιμήθησαν
1389 1810 1447 1863 ἐν
1494 1812 1649 1881 τιμῇ,
1698 1810 1980 1881 ἄνθρωπος

416 1899 475 1951 ἐν
506 1898 585 1969 τῷ
603 1898 738 1969 οἴκῳ
762 1899 924 1952 αὐτοῦ
950 1916 965 1932 ο
1014 1900 1078 1952 σὺ
1111 1900 1167 1952 δὲ
1203 1899 1436 1971 ριφθήσῃ
1465 1900 1521 1952 ὲν
1547 1902 1655 1963 τοῖς
1689 1898 1886 1970 ὀρεσιν,
1905 1897 1980 1963 ὡς

415 1989 606 2060 νεκρὸς
639 1989 1046 2061 ἐϐδελυγμένος,
1093 1990 1228 2061 μετὰ
1256 1990 1462 2044 πολλῶν
1492 1991 1849 2044 πεπτωκότων
1891 1992 1983 2044 ἐκ·

415 2080 826 2151 κεκεντημένων
854 2080 1113 2151 μαχαίρᾳ,
1143 2080 1576 2134 καταϐαινόντων
1608 2082 1685 2143 εἰς
1705 2079 1857 2151 ᾅδην.
1885 2079 1980 2132 Ὃν

413 2175 612 2246 τρόπον
637 2172 845 2244 ἱμάτιον
881 2173 939 2226 ἐν
966 2173 1155 2243 αἵματι
1187 2171 1532 2243 πεφυρμένον
1560 2172 1660 2225 οὐκ
1687 2171 1800 2253 ἔστι
1823 2172 1983 2227 καθα-

415 2264 529 2336 ρὸν,
558 2261 730 2326 οὕτως
748 2261 869 2315 οὐδὲ
889 2262 953 2315 σὺ
983 2260 1080 2332 ἔσῃ
1111 2260 1318 2332 κομψός
1350 2261 1457 2332 (44)
1479 2277 1493 2291 ο
1524 2261 1604 2314 ὅτι
1634 2260 1731 2332 τὴν
1751 2261 1853 2333 γῆν
1878 2278 1979 2332 μου

413 2354 721 2419 ἀπώλεσας,
756 2354 848 2407 καὶ
872 2352 964 2406 τὸν
978 2351 1121 2425 (λαόν
1154 2369 1253 2423 μου
1290 2352 1632 2416 ἀπέκτεινας.
1653 2353 1726 2405 Οὐ
1762 2352 1837 2423 μὴ
1871 2352 1984 2422 μεί-

412 2464 513 2523 νῃς
561 2449 641 2511 είς
671 2446 765 2500 τὸν
795 2445 967 2500 αἰῶνα
993 2444 1222 2517 χρόνιος,
1258 2443 1476 2515 σπέρμα
1501 2442 1752 2515 πονηρόν.
1812 2442 1981 2495 Ἑτοί-

416 2554 589 2611 μασον
616 2538 685 2593 τὰ
706 2539 872 2591 τέκνα
900 2553 995 2590 σου
1029 2538 1111 2600 εἰς
1157 2535 1370 2607 σφαγὴν
1400 2531 1519 2599 ταῖς
1566 2534 1860 2606 ἁμαρτίαις
1885 2532 1980 2589 τοῦ

412 2631 620 2702 πατρός
648 2647 764 2694 σου,
799 2629 885 2683 ἵνα
918 2628 994 2700 μὴ
1049 2626 1342 2690 ἁναστῶσι,
1390 2626 1485 2682 καὶ
1531 2625 1626 2697 τὴν
1656 2625 1758 2695 γῆν
1789 2642 1888 2697 μου
1918 2624 1979 2678 ού

413 2722 931 2794 κληρονομήσουσιν.
972 2714 979 2720 ’
1019 2776 1029 2781 τ

496 2793 754 2881 ’Ῐεζεκιὴλ
816 2813 876 2865 δὲ
923 2811 1123 2884 ὁμοίως
1179 2793 1327 2880 λέγει
1379 2810 1505 2882 περὶ
1556 2806 1718 2862 αὐτοῦ
1769 2805 1976 2870 οὕτως·

419 2925 440 2959 ι
482 2906 620 2960 Τάδε
650 2905 796 2974 λέγει
854 2902 1056 2976 Κύριος
1102 2905 1132 2957 6
1178 2902 1340 2966 Θεός’
1397 2901 1535 2954 Ἀνθ’
1591 2894 1665 2954 ὧν
1705 2899 1890 2969 ὑψώθη
1942 2899 1977 2969 ἡ

414 2997 612 3068 καρδία
669 3013 762 3049 σου
785 3035 803 3061 ,
862 2995 957 3048 καί
1011 2988 1207 3058 εῐπας,
1258 2991 1388 3058 Θεός
1445 2992 1560 3062 εἰμι
1611 2988 1758 3060 ἐγὼ,
1807 3004 1983 3043 κατοι-

415 3090 542 3144 κίαν
590 3087 724 3142 Θεοῦ
758 3085 1010 3158 ἐνῴκησα
1037 3087 1095 3139 ἐν
1145 3084 1342 3156 καρδίᾳ
1374 3082 1672 3154 θαλάσσηςο
1709 3083 1772 3136 σὺ
1804 3081 1862 3135 δὲ
1887 3080 1980 3134 ᾶν-
2003 3122 2046 3181 C

413 3180 631 3252 θρωπος
662 3180 756 3233 καὶ
770 3179 830 3232 ού
852 3178 1004 3242 Θεὸς,
1026 3178 1230 3243 ἔδωκας
1245 3178 1343 3248 τὴν
1359 3176 1583 3247 καρδίαν
1616 3192 1708 3228 σου
1736 3174 1812 3238 ὡς
1844 3190 1979 3245 καρ-

410 3273 537 3326 δίαν
558 3270 709 3326 Θεοῦ.
751 3270 846 3343 Μὴ
875 3269 1180 3345 σοφώτερος
1210 3265 1262 3323 εἷ
1286 3267 1380 3324 τοῦ
1425 3266 1651 3338 Δανιήλ;
1696 3264 1858 3335 Σοφοὶ
1878 3265 1978 3319 οὐκ

412 3364 734 3419 ἐπαίδευσαν
779 3382 839 3417 σε
869 3366 937 3434 τῇ
984 3362 1259 3435 ἐπιστήμῃ
1286 3359 1499 3424 αὐτῶν;
1553 3358 1627 3430 μή
1668 3360 1725 3412 ἐν
1750 3360 1816 3429 τῇ
1861 3359 1979 3410 ἐπι-

414 3451 597 3525 στήμῃ
629 3468 741 3519 σου,
779 3452 814 3525 ἢ
870 3452 928 3505 ἐν
964 3452 1031 3523 τῇ
1055 3451 1312 3523 φρονήσει
1345 3465 1440 3502 σου
1481 3447 1739 3520 ἐποίησας
1772 3445 1977 3519 σεαυτῷ

303 3566 319 3589 κ
410 3543 634 3616 δύναμιν
652 3544 748 3598 καὶ
778 3543 1000 3616 χρυσίον
1031 3543 1127 3596 καὶ
1156 3540 1417 3615 ἀργύριον
1446 3541 1503 3594 ἐν
1533 3542 1646 3604 τοῖς
1687 3540 1978 3612 θησαυροῖς

413 3650 544 3700 σούς
576 3635 668 3705 Μὴ
701 3634 758 3687 ἐν
791 3637 857 3706 τῇ
907 3632 1075 3703 πολλῇ
1107 3633 1383 3704 ἐπιστήμη
1414 3647 1529 3695 σου,
1562 3631 1656 3683 καὶ
1682 3631 1739 3684 ἐν
1776 3632 1842 3701 τῇ
1879 3631 1979 3702 ἐμ-

411 3725 600 3797 πειρίᾳ
625 3722 736 3797 (45)
770 3741 863 3778 σου
912 3722 1211 3794 ἐπλήθυνας
1257 3720 1484 3792 δύναμίν
1513 3735 1646 3786 σούς
1691 3719 1905 3791 Ύψώθη
1940 3721 1974 3791 ή

411 3817 608 3889 καρδία
638 3832 732 3869 σου
762 3819 821 3869 ἐν
852 3817 920 3886 τῇ
948 3814 1173 3884 δυνάμει
1202 3830 1315 3868 σου.
1352 3811 1452 3865 Διὰ
1499 3812 1657 3866 τοῦτο
1681 3810 1807 3864 τάδε
1832 3810 1977 3880 λέγει

412 3906 618 3979 Κύριος
647 3909 676 3961 ό
699 3906 831 3971 Θεός
849 3923 866 3937 ⁶
913 3906 1129 3978 Ἐπειδὴ
1172 3903 1377 3968 ἔδωκας
1404 3902 1501 3974 τὴν
1535 3900 1760 3974 καρδίαν
1791 3918 1882 3954 σου
1903 3902 1979 3966 ὡς

365 4056 370 4059 _
412 3998 639 4070 καρδίαν
675 3997 833 4063 Θεοῦ,
866 3998 986 4052 ἀντὶ
1025 3997 1236 4062 τούτου,
1280 3996 1389 4051 ίδοὺ
1432 3994 1542 4065 ἐγὼ
1573 3995 1762 4063 ἐπάγω
1801 3996 1891 4048 ἐπὶ
1917 3995 1979 4048 σὲ

412 4086 724 4159 ἀλλοτρίους
747 4086 966 4159 λοιμοὺς
988 4085 1097 4140 ἀπὸ
1120 4086 1288 4139 ἐθνῶν
1320 4085 1456 4155 (46),
1501 4083 1596 4138 καὶ
1622 4081 1978 4137 ἐκκενώσουσι

413 4179 510 4244 τὰς
546 4179 818 4251 μαχαίρας
863 4178 1041 4233 αὐτῶν
1069 4179 1166 4234 ἐπὶ
1200 4178 1260 4232 σὲ
1289 4178 1385 4231 καὶ
1432 4176 1526 4228 ἐπὶ
1574 4173 1634 4227 τὸ
1668 4172 1859 4237 κάλλος
1883 4173 1981 4244 τῆς

414 4272 726 4343 ἐπιστήμης
772 4287 885 4335 σου,
931 4270 1025 4324 καὶ
1074 4268 1373 4340 στρώσουσι
1422 4266 1484 4319 τὸ
1531 4262 1725 4327 κάλλος
1761 4280 1855 4317 σου
1902 4265 1981 4327 εις

412 4361 707 4429 ἀπώλειαν,
729 4363 823 4418 καὶ
873 4358 1298 4417 καταϐιϐάσουσί
1339 4375 1417 4423 σε,
1471 4356 1564 4412 καὶ
1607 4354 1851 4425 ἀποθανῇ
1883 4353 1980 4408 θα-

2089 534 2219 580 nent
2245 526 2476 593 saniem,
2505 534 2560 581 et
2586 526 2980 596 operimentum
3035 532 3187 579 tuum
3234 525 3454 580 vermis.
3493 523 3643 591 Quo-

2086 620 2245 674 modo
2267 619 2460 674 cecidit
2497 620 2563 674 de
2591 619 2726 674 caalo
2743 616 2978 684 Lucifer,
3011 618 3103 687 qui
3136 632 3295 672 mane
3326 617 3645 672 oriebatur?

2085 711 2362 767 Contritus
2408 720 2490 766 est
2539 712 2605 766 ad
2647 720 2868 777 terram,
2919 712 3012 780 qui
3061 711 3305 765 mittebat
3342 710 3407 764 ad
3454 725 3643 765 omnes

2086 812 2290 873 gentes.
2332 794 2412 857 Tu
2456 813 2635 857 autem
2666 803 2882 858 dixeras
2915 804 2967 856 in
2992 811 3173 857 mente
3206 811 3331 858 tua:
3365 802 3421 856 In
3444 803 3640 858 caelum

2084 895 2479 961 conscendam;
2532 910 2694 963 supra
2739 896 2923 949 stellas
2974 896 3095 949 creti
3144 910 3340 963 ponam
3388 885 3641 948 thronum

2083 1001 2298 1052 meum;
2335 987 2531 1041 sedebo
2581 987 2635 1040 in
2676 988 2953 1041 montibus
2985 988 3216 1041 excelsis
3269 988 3361 1057 qui
3412 994 3538 1040 sunt
3573 986 3641 1040 ad

2084 1077 2420 1146 aquilonem;
2446 1077 2733 1133 ascendam
2754 1094 2915 1149 super
2935 1079 3122 1145 nubes;
3152 1094 3247 1135 ero
3265 1066 3459 1134 similis
3480 1079 3643 1132 Altis-
3664 1080 3669 1083 ’

2084 1170 2245 1224 simo.
2283 1168 2440 1224 Nunc
2501 1180 2677 1224 autem
2719 1169 2773 1222 in
2826 1169 3096 1224 infernum
3120 1170 3433 1235 descendas,
3485 1179 3537 1224 et
3570 1169 3638 1224 ad

2082 1260 2432 1316 fundamenta
2458 1271 2631 1316 terrae.
2665 1259 2767 1333 Qui
2796 1261 3025 1316 viderint
3052 1270 3124 1326 te,
3176 1261 3514 1333 mirabuntur
3545 1277 3641 1315 su-

2082 1368 2179 1422 per
2228 1360 2302 1418 te,
2324 1362 2376 1406 et
2421 1353 2633 1409 dicent:
2674 1353 2773 1408 Hic
2806 1354 2970 1407 homo
3002 1354 3094 1422 qui
3133 1353 3378 1409 irritabat
3416 1363 3636 1420 terram,

2082 1443 2174 1514 qui
2201 1445 2546 1499 concutiebat
2573 1461 2748 1516 reges,
2791 1446 2882 1515 qui
2935 1445 3195 1499 desolavit
3232 1455 3401 1499 totum
3428 1446 3635 1511 orbem,

2081 1533 2307 1603 ejusque
2339 1534 2501 1588 urbes
2516 1536 2800 1598 destruxit,
2834 1535 3044 1589 vinctos
3069 1549 3285 1588 carcere
3319 1550 3425 1587 non
3451 1534 3633 1589 solvil.

2081 1623 2282 1681 Omnes
2309 1641 2463 1696 reges
2488 1636 2645 1681 terra:
2666 1626 3003 1681 dormierunt
3042 1627 3095 1680 in
3132 1627 3353 1691 honore,
3387 1627 3549 1680 homo
3574 1616 3633 1680 in

2082 1718 2244 1773 domo
2282 1733 2414 1783 sua;
2447 1731 2503 1774 tu
2531 1733 2660 1773 vero
2681 1719 2952 1788 projectus
2977 1719 3086 1773 eris
3110 1720 3161 1773 in
3191 1719 3463 1773 montibus
3495 1719 3637 1774 velut

2081 1811 2311 1865 cadaver
2357 1810 2740 1876 abominabile,
2766 1825 2888 1865 cum
2920 1810 3105 1865 multis
3150 1811 3379 1864 mortuis
3418 1808 3638 1865 confes:

2081 1903 2157 1958 sis
2188 1901 2384 1973 gladio,
2435 1902 2883 1958 descendentibus
2934 1902 2986 1954 in
3020 1901 3315 1956 infernum.
3363 1900 3635 1968 Quemad-

2080 1995 2300 2050 modum
2339 1994 2718 2049 vestimentum
2770 1995 2822 2049 in
2860 1993 3122 2062 sanguine
3146 2007 3496 2061 conspersum
3526 2000 3636 2047 non
3684 1994 3699 2011 ‘

2079 2095 2161 2142 est
2183 2086 2467 2150 mundum,
2502 2086 2583 2139 sic
2608 2100 2783 2155 neque
2823 2094 2879 2139 tu
2920 2072 3047 2139 eris;
3075 2085 3347 2149 mundus;
3377 2084 3639 2154 quoniam
3699 2114 3702 2118 λ

2079 2186 2277 2234 terram
2300 2193 2474 2233 meam
2499 2178 2800 2246 perdidisti,
2833 2187 2887 2232 et
2913 2176 3170 2248 populum
3204 2192 3384 2231 meum
3414 2175 3639 2231 interfe—

2079 2271 2225 2327 cisti.
2278 2269 2398 2326 Non
2442 2270 2687 2325 manebis
2734 2270 2792 2323 in
2836 2277 3097 2324 aaternum
3125 2268 3419 2339 longaevus,
3454 2284 3638 2324 semen

2078 2377 2333 2431 nequam.
2348 2359 2596 2429 Praepara
2610 2359 2748 2415 ﬁlios
2762 2372 2882 2414 tuos
2898 2358 3280 2429 utjugulentur
3292 2373 3389 2429 pro
3404 2359 3641 2429 peccatis

2079 2455 2251 2525 patris
2275 2455 2375 2518 tui,
2398 2469 2468 2508 ne
2492 2460 2827 2524 consurgant
2854 2461 2909 2509 et
2937 2462 3136 2510 terram
3176 2467 3355 2509 meam
3409 2452 3641 2509 haeredi-

2082 2554 2190 2602 tate
2231 2546 2501 2618 accipiant
2521 2546 2587 2601 ³⁸.
2615 2563 2637 2599 ι

2149 2790 2335 2848 XVIII.
2392 2789 2641 2846 Ezechiel
2699 2804 2918 2860 quoque
2975 2786 3226 2844 similiter
3279 2787 3524 2858 loquitur
3580 2788 3639 2844 in

2078 2882 2222 2939 hunc
2254 2882 2503 2937 modum:
2540 2900 2559 2934 ι
2600 2880 2724 2936 Haec
2760 2881 2891 2935 dicit
2918 2878 3180 2934 Dominus
3221 2877 3391 2935 Deus:
3435 2879 3543 2935 Pro
3572 2896 3639 2936 eo

2078 2973 2223 3044 quod
2271 2973 2563 3028 exaltatum
2610 2982 2693 3027 est
2744 2986 2839 3026 cor
2888 2979 3082 3037 tuum,
3127 2979 3182 3026 et
3213 2971 3431 3025 dixisti:
3493 2970 3638 3027 Deus

2080 3079 2181 3137 ego
2233 3076 2353 3119 sum
2395 3081 2411 3131 ;
2466 3063 2851 3119 habitationem
2916 3063 3010 3118 Dei
3070 3063 3308 3118 babitavi
3360 3064 3417 3118 in
3475 3062 3640 3120 corde

2079 3155 2286 3223 maris;
2327 3164 2383 3210 tu
2411 3167 2591 3210 autem
2623 3156 2807 3218 homo,
2839 3163 2894 3209 et
2922 3169 3029 3209 non
3069 3153 3212 3210 Deus
3236 3194 3251 3221 ,
3308 3154 3500 3210 dedisti
3543 3170 3641 3211 cor

2080 3256 2232 3303 tuum
2258 3245 2413 3318 quasi
2436 3260 2532 3301 cor
2552 3245 2667 3300 Dei.
2706 3245 2961 3316 Nunquid
2995 3246 3291 3316 sapientior
3320 3261 3380 3301 es
3429 3255 3486 3300 tu
3534 3246 3642 3301 Dav

2076 3339 2250 3395 niele?
2290 3339 2571 3408 Sapientes
2603 3354 2711 3394 non
2744 3339 3060 3394 erudierunt
3081 3349 3134 3394 te
3177 3337 3463 3409 disciplina
3502 3339 3643 3392 sua?

2075 3430 2330 3502 Nunquid
2360 3432 2414 3486 in
2438 3430 2747 3486 eruditione
2768 3438 2883 3496 tua,
2914 3436 3009 3483 aut
3056 3428 3109 3483 in
3154 3430 3439 3498 prudentia
3465 3428 3641 3485 fecisti

2075 3522 2174 3579 tibi
2204 3522 2595 3586 fortitudinem,
2628 3529 2681 3576 et
2700 3537 2895 3576 aurum
2934 3529 2987 3576 et
3021 3534 3303 3591 argentum
3336 3519 3391 3574 in
3423 3521 3642 3576 thesau-

2076 3614 2155 3669 ris
2185 3611 2332 3669 tuis?
2372 3610 2628 3683 Nunquid
2675 3612 2732 3667 in
2793 3612 2962 3667 multa
3012 3612 3317 3667 eruditione
3358 3619 3450 3665 tua
3487 3618 3543 3665 et
3583 3611 3640 3665 in

2078 3703 2443 3772 negotiatione
2465 3712 2555 3757 tua
2605 3701 2978 3772 multiplicain
3034 3700 3407 3756 fortitudinem
3458 3700 3644 3755 tuam?

2080 3793 2294 3850 Elatum
2317 3804 2400 3851 est
2446 3811 2542 3850 eor
2566 3804 2720 3849 tuum
2772 3795 2826 3849 in
2861 3793 3181 3849 fortitudine
3214 3802 3323 3848 tua.
3351 3791 3643 3863 Propterea

2078 3887 2193 3943 haec
2219 3887 2350 3943 dicit
2391 3887 2656 3941 Dominus
2703 3885 2881 3942 Deus:
2933 3885 3073 3953 Quia
3124 3886 3319 3940 dedisti
3349 3900 3442 3939 cor
3486 3893 3641 3938 tuum

2077 3979 2235 4049 quasi
2266 3994 2358 4035 cor
2394 3977 2522 4045 Dei;
2549 3993 2676 4034 ecce
2700 3992 2798 4048 ego
2821 3978 3031 4032 adduco
3065 3992 3227 4047 super
3247 3985 3298 4031 te
3327 3976 3532 4030 alienos
3558 3990 3644 4043 pe-

2078 4070 2341 4138 stilentes,
2375 4080 2428 4126 et
2467 4072 2827 4142 evaginahunt
2880 4070 3089 4140 gladios
3150 4085 3278 4125 suos
3299 4085 3460 4139 super
3508 4077 3559 4124 te
3588 4077 3644 4124 et

2078 4177 2241 4232 super
2263 4162 2718 4232 pulchritudinem
2744 4161 3003 4218 doctrinae
3029 4173 3152 4225 tum,
3180 4169 3235 4215 et
3255 4168 3497 4216 stcrnent
3517 4161 3642 4230 pulo

2080 4252 2442 4308 chritudinem
2476 4261 2627 4307 tuam
2680 4252 2736 4306 in
2789 4251 3183 4322 perditionem;
3215 4258 3269 4304 et
3315 4248 3644 4305 descendere

2079 4343 2281 4399 facient
2300 4351 2375 4411 te,
2411 4351 2466 4398 et
2489 4342 2741 4398 morieris
2773 4350 2948 4397 morte
2973 4341 3377 4396 vulneratorum
3402 4340 3457 4394 in
3481 4341 3645 4396 corde

416 4454 557 4527 νάτῳ
583 4454 945 4528 ⁴τραυματιῶν
988 4456 1049 4509 ἐν
1108 4452 1303 4523 καρδίᾳ
1356 4447 1649 4519 θαλάσσης.
1691 4446 1783 4517 Μὴ
1803 4445 1977 4515 λέγων

2080 4435 2266 4491 maris.
2308 4433 2565 4504 Nunquid
2618 4432 2851 4504 ioquens
2903 4433 3150 4489 dicturus
3202 4448 3291 4489 es:
3330 4431 3476 4488 Deus
3520 4447 3641 4488 sum

415 4543 590 4614 ἐρεῖς·
619 4544 752 4608 Θεός
781 4545 896 4615 εἰμι
928 4543 1062 4613 ἐγω,
1085 4542 1311 4595 ἐνώπιον
1340 4537 1469 4611 [τῶν
1497 4533 1859 4609 ἀναιρούντων
1891 4551 1983 4602 σε;

417 4633 482 4686 σὺ
504 4629 562 4687 δέ
588 4628 641 4686 εἴ
661 4633 966 4707 ἄνθρωπος,
998 4634 1092 4689 καὶ
1116 4634 1176 4687 οὐ
1213 4631 1363 4696 Θεὸς,
1405 4631 1464 4684 ἐν
1488 4628 1631 4701 χειρὶ
1660 4626 1989 4699 βιιιτρωσκόν⁶

415 4738 524 4776 των
570 4739 648 4788 σε.
704 4723 966 4788 Θανάτοις
1012 4723 1398 4796 άπεριτμήτων
1448 4718 1622 4791 ἀπολῇ
1669 4720 1729 4771 ἐν
1755 4714 1983 4791 χερσὶν]

416 4812 737 4887 ἀλλοτρίων·
785 4816 866 4871 ὅτι
891 4816 1002 4886 ἐγὼ
1028 4814 1283 4885 ἐλάλησα,
1314 4812 1463 4882 λέγει
1498 4811 1721 4883 Κύριος.
1763 4829 1784 4863 ι

486 4904 701 4962 Τούτων
711 4906 816 4961 τῶν
827 4905 920 4963 οὖν
938 4908 1195 4980 ῥημάτων
1204 4902 1577 4976 δεδειγμένων,
1594 4902 1792 4974 ἴδωμεν
1806 4900 2005 4969 λεπτοέ

470 5048 543 5159 Β
560 5087 667 5146 lsa.
687 5105 803 5159 xw,
838 5090 989 5148 4—21.
1030 5048 1100 5128 ’³⁷
1129 5092 1326 5150 Ezech.
1350 5108 1545 5161 xxvnt,
1576 5092 1737 5147 2-10.

489 5254 601 5331 (ιο)
625 5255 696 5311 Τὸ
726 5255 796 5331 δὲ
813 5257 1262 5331 amazonam.
1288 5258 1418 5331 Erat
1445 5226 1813 5331 κατάλειμμα,
1832 5257 1978 5331 qgod

421 5326 922 5399 cadaver-reliquie,
952 5326 1333 5399 reddi'p'osset.
1368 5329 1473 5385 Sed
1502 5338 1628 5385 cum
1659 5326 1740 5385 sic
1768 5326 1976 5399 ah'ﬂe-
2072 5364 2075 5367 -

420 5395 875 5470 braeo_abho_rreat
901 5395 955 5454 et
982 5395 1214 5470 vulgatis
1258 5399 1482 5462 Graecis.
1535 5409 1751 5470 mutare
1787 5398 1979 5468 religio

420 5460 971 5540 non‘fuithjusdem
997 5460 1209 5540 generis
1227 5478 1327 5532 est.
1351 5460 1494 5539 quod
1531 5471 1673 5540 apud
1714 5460 1978 5540 Cyrillt'lm

421 5510 1101 5656 κατάλυμέιέεὶιιιινάιῗεεί
1121 5510 1423 5609 Ιιοδρίιξίιξίη,
1455 5510 1800 5605 domicilium,
1832 5539 1978 5608 quod
2067 5562 2073 5569 ο

421 5614 477 5656 et
522 5617 670 5656 remo
698 5619 782 5656 Ius
811 5619 842 5656 e
871 5609 1185 5656 metanhnra
1215 5617 1316 5656 est-
1356 5608 1592 5656 Cnunnr.
1617 5638 1681 5650 --
1713 5607 1819 5656 Sed
1841 5608 1975 5656 nihil

421 5614 477 5657 et
522 5607 782 5675 remotius
796 5619 842 5675 ρ
871 5609 1186 5675 metaphora
1213 5607 1316 5664 est.
1356 5608 1592 5666 Caesar.
1617 5638 1681 5650 -—
1713 5607 1820 5666 Sed
1841 5607 1977 5665 nihil

422 5673 762 5728 mutandum.
795 5672 1012 5728 FABRIC.

494 5724 1222 5815 (δῆῖλᾶτρὧῖίδυωὺοΐη
1252 5724 1513 5816 ἀστέρων.

2082 4529 2272 4601 ego,in
2294 4536 2585 4599 conspectu
2603 4526 3040 4584 interficientium
3065 4527 3154 4582 te?
3175 4525 3254 4582 Tu
3275 4535 3455 4582 autem
3480 4522 3645 4581 homo

2081 4637 2161 4689 es,
2195 4629 2249 4677 et
2277 4635 2387 4677 non
2427 4620 2591 4685 Deus,
2628 4620 2686 4674 in
2715 4634 2881 4674 manu
2909 4619 3310 4675 vulnerantium
3343 4626 3415 4674 te.
3459 4616 3647 4674 Morti-

2085 4713 2190 4769 bus
2209 4713 2719 4770 incircumcisorum
2745 4712 2992 4769 interihis
3049 4712 3106 4766 in
3157 4711 3411 4768 manibus
3437 4711 3646 4767 alieno-

2083 4821 2243 4871 rum;
2271 4806 2398 4877 quia
2425 4818 2525 4875 ego
2555 4805 2770 4859 locutus
2796 4817 2940 4871 sum,
2967 4801 3100 4859 dicit
3130 4801 3393 4859 Dominus
3414 4801 3480 4855 ⁸⁷.
3513 4816 3536 4854 ι

2152 4896 2300 4953 XIX.
2327 4896 2491 4955 Hisce
2524 4898 2602 4953 ita
2639 4896 2877 4954 ostensis
2906 4895 3107 4965 verbis,
3162 4895 3444 4953 videamus
3471 4892 3645 4950 subti-

2174 5257 2265 5330 42)
2297 5254 2644 5330 Καταϐήσῃ.
2662 5256 2780 5330 _l_d.,
2807 5255 3133 5330 καταθήσῃε
3366 5316 3402 5330 ﬂ
3458 5315 3475 5330 .
3545 5314 3581 5330 Δ,

2174 5258 2244 5312 42
2297 5258 2644 5327 Καταϐήσῃ.
2681 5258 2780 5323 ld.,
2807 5258 3110 5329 καταθήσῃ.
3388 5316 3402 5330 ⁸
3567 5314 3581 5328 .

2173 5258 2265 5401 45)
2304 5326 2626 5400 Ἐπατωγῇ.
2660 5326 2842 5384 Malim
2869 5325 3159 5395 ἀπαγωγῇ,
3185 5334 3305 5391 quae
3334 5318 3439 5374 alia
3458 5315 3641 5373 iecuo.

2079 5396 2554 5539 camiliropwg.
2587 5464 2985 5539 1ι1.,Ακαθαρός.-
3004 5493 3074 5507 --
3106 5461 3196 5539 Sic
3219 5466 3274 5515 et
3299 5456 3462 5539 LX}.

2173 5469 2262 5538 44)
2286 5469 2554 5539 Κομψός.
2587 5469 2687 5533 Id.,
2716 5469 2973 5537 καθαρός.
3004 5493 3074 5507 --
3106 5469 3196 5516 Sic
3219 5469 3274 5515 et
3299 5469 3462 5513 Las.

2149 5469 2630 5623 ίᾶξχνζξμπειρίᾳ.
2677 5533 2922 5593 Comhef.
2969 5530 3226 5605 ἐμπορίᾳ.
3270 5558 3341 5576 -—-
3380 5527 3458 5582 Ita
3507 5539 3643 5597 quo-

2081 5608 2550 5751 ᾳυῧὲἱλιὲὶμοὺς
2578 5676 2695 5735 ἀπὸ
2719 5673 2927 5732 ἐθνῶν.
2962 5668 3067 5739 1ι1.,
3093 5669 3281 5742 λιμοὺς
3318 5666 3425 5722 τῶν
3451 5661 3637 5718 ἐθνῶν.
