4134 6386
547 282 652 339 745

1201 280 1259 338 S.
1299 280 1655 339 IIIPPOLYTI
1694 282 1841 340 OPP.
1883 282 2064 340 PARS
2120 284 2260 341 IL—
2297 283 2601 343 DOGMAT.
2643 286 2732 343 ET
2770 287 3112 347 HISTORIC.

3656 294 3768 350 744

544 403 652 459 lius
672 400 802 474 quid
831 401 975 459 dicat
994 401 1179 458 Daniel
1205 402 1258 457 in
1287 403 1606 460 visionibus.
1634 402 1734 460 Hic
1752 406 1896 460 enim
1916 403 2069 461 futur:

2166 459 2171 469 _
2200 406 2525 480 μερέστερον
2555 408 2608 461 τί
2634 406 2778 478 λέγει
2806 408 3006 479 Δανιὴλ
3043 410 3100 462 ἐν
3141 411 3252 473 τοῖς
3282 409 3570 481 δράμασιν.
3599 403 3770 472 οὗτος

545 495 799 566 deinceps
834 509 1004 567 regna
1031 495 1389 566 distinguens,
1422 496 1659 551 ostendit
1685 497 1942 553 extremis
1964 507 2098 553 tem-

542 586 767 659 poribus
815 587 977 642 etiam
1026 586 1346 641 Antichristi
1392 584 1638 641 futurum
1687 588 1996 655 adventum,
2044 597 2099 642 et

543 677 730 733 mundi
760 676 999 732 universi
1028 675 1569 731 consummationem.
1597 677 1685 730 Ait
1731 677 1913 747 itaque
1966 678 2094 732 dum

542 769 702 826 solvit
722 766 1273 823 Nabuchodonosoris
1308 770 1484 823 visum
1509 786 1524 822 :
1554 785 1573 820 ι
1619 767 1702 823 Tu
1729 784 1825 823 rex
1852 769 2093 834 videbas,

540 868 594 915 et
639 875 766 916 ecce
812 859 1163 914 simulacrum
1212 874 1470 930 magnum
1515 869 1668 917 stans
1720 871 1846 917 ante
1897 860 2091 918 faciem

538 961 720 1021 tuam;
752 953 910 1024 cujus
947 963 1107 1025 caput
1138 970 1205 1011 ex
1255 970 1389 1009 auro
1438 956 1674 1025 optimo:
1723 955 1945 1011 brachia
1974 957 2093 1026 ejus

534 1044 847 1112 etbumeri,
879 1055 1168 1115 argentea;
1216 1053 1406 1100 venter
1437 1055 1493 1099 et
1544 1044 1773 1108 femora,
1820 1061 1961 1101 aerea
1984 1063 2000 1108 ;
2040 1056 2094 1101 et

532 1136 679 1191 tibiae
702 1135 917 1204 ferreze;
977 1138 1161 1207 pedes,
1214 1154 1343 1209 pars
1402 1138 1620 1209 quidem
1652 1138 1847 1205 ferrea,
1892 1147 1946 1193 et
1967 1153 2092 1208 pars

446 1254 455 1262 -
532 1234 722 1282 testea.
751 1225 985 1283 Videbas
1029 1228 1213 1299 igitur,
1241 1229 1413 1285 donec
1440 1229 1718 1285 abscissus
1752 1239 1834 1284 est
1865 1230 2000 1300 lapis
2023 1231 2091 1286 de

530 1328 716 1374 monte
742 1320 859 1374 sine
887 1320 1169 1376 manibus:
1223 1329 1278 1375 et
1310 1322 1577 1391 percussit
1623 1322 1973 1375 simulacrum
1997 1337 2090 1376 su-

529 1422 626 1478 per
654 1409 815 1478 pedes
849 1408 1051 1465 ferreos
1100 1420 1153 1465 et
1182 1418 1404 1476 testeos,
1440 1419 1494 1465 et
1539 1411 1861 1465 comminuit
1897 1424 1992 1465 eos
2031 1412 2086 1465 in

527 1500 711 1555 ﬁnem.
743 1498 896 1555 Tunc
912 1502 1126 1570 penitus
1146 1501 1482 1555 comminuta
1512 1510 1641 1556 sunt
1661 1510 1823 1565 testa,
1857 1500 2084 1569 ferrum,

525 1606 619 1657 aes,
659 1603 961 1662 argentum,
989 1606 1209 1657 aurum,
1241 1599 1295 1646 et
1323 1591 1467 1648 facta
1487 1601 1612 1648 sunt
1633 1592 1789 1662 quasi
1813 1592 1989 1662 pulvis
2016 1592 2086 1648 de

523 1696 649 1737 area
679 1682 891 1747 aastiva;
932 1690 985 1736 et
1011 1682 1230 1736 sustulit
1273 1696 1337 1737 ea
1365 1683 1616 1751 copiosus
1644 1693 1857 1749 ventus,
1904 1690 1957 1738 et
1995 1683 2080 1738 Ιοά

2200 496 2308 566 γάρ
2338 497 2655 551 διαστέλλων
2681 498 2780 563 τάς
2810 499 2947 570 μετὰ
2971 498 3142 552 ταῦτα
3168 502 3429 571 ἐσομένας
3467 499 3765 571 βασιλείας,

2196 587 2465 652 ἐπέδειξεν
2491 590 2552 642 ἐν
2579 589 2828 659 ἐσχάτοις
2861 590 2977 661 (47)
3003 594 3214 662 καιροῖς
3244 593 3340 645 καὶ
3386 592 3485 662 τὴν
3513 590 3607 644 τοῦ
3646 591 3766 645 Ἀν-

2193 678 2465 750 τιχρίστου
2493 678 2809 749 παρουσίαν,
2841 681 2935 733 καὶ
2959 679 3055 751 τὴν
3083 679 3177 733 τοῦ
3210 680 3407 744 παντὺς
3421 682 3625 751 κόσμου
3643 697 3767 734 συν-

2192 770 2421 822 τέλειαν.
2468 770 2629 838 Λέγει
2666 766 2757 824 οὖν
2783 770 3016 824 ἐπιλύων
3046 754 3107 823 τδ
3141 772 3322 843 ὅραμα
3369 771 3764 842 Ναϐουχοδονό-

2195 877 2291 932 σορ
2310 877 2323 890 '
2366 879 2386 913 ι
2420 862 2491 914 Σὺ
2523 861 2739 931 βασιλεῦ
2765 861 2876 932 (48)
2909 862 3182 934 ἑθεώρεις,
3212 864 3304 916 καὶ
3339 863 3447 916 ίδοὺ
3472 863 3634 917 εἰκὼν
3661 881 3760 934 με-

2192 951 2329 1023 γάλη
2358 950 2567 1006 ἐστῶσα
2595 952 2700 1024 πρὸ
2732 951 3019 1023 προσώπου
3046 970 3138 1005 σου
3156 969 3171 982 ·
3232 950 3303 1023 ἦς
3330 956 3363 1024 ή
3392 952 3600 1026 κεφαλὴ
3624 970 3761 1026 χρυ-

2192 1042 2305 1095 σίου
2354 1043 2614 1115 χρηστοῦ·
2669 1044 2720 1097 oi
2771 1043 3048 1115 βραχίονες
3091 1044 3261 1112 αὐτῆς
3292 1085 3308 1109 ,
3364 1046 3458 1098 καὶ
3511 1047 3562 1099 oi
3612 1040 3758 1117 ὦμοι

2190 1135 2421 1207 ἀργυροῖ
2441 1153 2452 1163 ·
2479 1138 2512 1207 ὴ
2544 1135 2718 1189 κοιλία
2743 1138 2902 1190 καὶοὶ
2936 1139 3100 1208 μηροὶ
3128 1137 3314 1208 χαλκοῖ
3332 1139 3446 1191 ’καὶ
3469 1140 3523 1191 αἱ
3550 1140 3756 1211 κνῆμαι

2191 1226 2432 1297 σιδηραῖ’
2461 1228 2508 1279 οἱ
2540 1228 2719 1291 πόδες,
2757 1228 2919 1299 μέρος
2974 1230 3074 1299 μέν
3106 1246 3188 1283 τοι
3212 1214 3509 1301 σιδηροῦν,
3532 1231 3626 1285 καὶ
3652 1230 3754 1301 μέν·

2188 1331 2279 1387 ρος
2306 1317 2636 1387 όστράκινον.
2681 1318 2961 1390 Ἐθεώρεις
2984 1316 3075 1373 οὖν
3118 1320 3220 1383 ἓως
3250 1313 3311 1372 οὗ
3347 1319 3572 1392 ἐσχίσθη
3606 1320 3753 1384 λίθος

2186 1406 2310 1460 ἄνευ
2343 1408 2562 1478 χειρῶν.
2596 1410 2689 1462 καὶ
2708 1408 2942 1474 ἐπάταξε
2973 1411 3073 1480 τὴν
3099 1410 3280 1464 εἰκόνα
3322 1412 3414 1463 ἐπὶ
3433 1411 3558 1474 τοὺς
3580 1410 3746 1474 πόδας

2184 1496 2307 1558 τοὺς
2338 1496 2587 1567 σιδηροῦς
2607 1499 2700 1550 καὶ
2722 1499 3090 1568 ὀστρακίνόυς,
3122 1501 3215 1552 καὶ
3241 1500 3524 1553 ἐλέπτυνεν
3547 1500 3746 1564 αὐτοὺς

2184 1586 2267 1649 εἰς
2302 1587 2452 1650 τέλος
2473 1627 2485 1639 .
2518 1588 2649 1640 Τότε
2680 1588 3078 1661 ἐλεπτύνθησαν
3115 1590 3344 1657 εἰσάπαξ
3373 1591 3433 1644 τὸ
3457 1591 3746 1662 ὄστρακον,

2181 1678 2210 1729 6
2237 1677 2467 1749 σίδηρος,
2496 1680 2525 1731 6
2571 1668 2788 1749 χαλκὸς,
2821 1682 2850 1733 6
2881 1681 3137 1753 ἄργυρος,
3170 1683 3198 1734 6
3236 1682 3453 1754 χρυσὸς,
3488 1684 3581 1736 καὶ
3624 1682 3748 1751 ἐγέ-

521 1791 621 1831 cus
660 1791 767 1829 non
802 1783 883 1829 est
915 1774 1163 1830 inventus
1193 1775 1291 1829 eis.
1318 1773 1385 1829 Et
1422 1776 1559 1845 lapis
1585 1776 1678 1847 qui
1721 1775 1990 1846 percussit
2010 1776 2069 1831 si-

2183 1784 2332 1821 νοντο
2351 1769 2481 1822 ὡσεὶ
2509 1771 2781 1840 κονιορτὸς
2814 1771 2921 1823 ἀπὸ
2953 1771 3154 1835 ἅλωνος
3169 1772 3403 1844 θερινῆς,
3438 1774 3532 1826 καὶ
3553 1774 3744 1844 ἐξῇρεν

468 1914 487 1931 .
524 1870 848 1935 mulacrum,
879 1868 1054 1924 factus
1079 1877 1162 1924 est
1206 1868 1260 1923 in
1309 1880 1548 1927 montem
1581 1884 1860 1939 magnum.
1889 1877 1943 1924 et
1972 1869 2077 1923 im-

522 1963 687 2033 plevit
714 1965 1022 2020 universam
1051 1974 1246 2019 terram
1271 1962 1336 2017 '3.
1375 1979 1395 2015 ι

591 2141 711 2197 XX.
741 2141 823 2196 Ad
875 2142 989 2197 haec
1030 2141 1195 2212 igitur
1225 2147 1499 2195 nectentes
1551 2140 1697 2212 ipsas
1738 2138 1974 2193 Danielis
1994 2138 2077 2193 vi-

519 2235 722 2303 siones,
747 2250 911 2289 unam
960 2235 1205 2303 utrisque
1246 2232 1636 2301 expositionem
1676 2231 2073 2298 adhibebimus,

517 2334 884 2383 monstrantes
914 2341 1078 2396 quam
1126 2325 1228 2381 sibi
1263 2326 1627 2389 consentiant,
1655 2339 1903 2395 veraeque
1930 2323 2077 2380 exsi-

516 2418 682 2475 stant.
710 2414 848 2473 Nam
881 2418 962 2473 sic
1010 2417 1122 2471 ait:
1177 2435 1197 2468 ι
1233 2415 1343 2487 Ego
1394 2415 1582 2471 Daniel
1631 2416 1989 2487 aspiciebam:
2020 2424 2076 2472 et

514 2525 640 2567 ecce
675 2521 909 2582 quatuor
959 2509 1104 2564 venti
1149 2509 1271 2564 cteli
1314 2509 1593 2564 irruebant
1653 2510 1706 2564 in
1752 2524 1901 2570 mare
1951 2522 2073 2561 ma-

512 2617 714 2675 gnum;
762 2610 813 2657 et
840 2609 1072 2672 quatuor
1097 2600 1283 2656 bestiae
1324 2601 1554 2667 grandes
1605 2599 1968 2656 ascendebant
2006 2598 2100 2657 de.

512 2696 673 2763 mari,
706 2696 933 2751 diversae
961 2695 1099 2750 inter
1130 2708 1208 2748 se.
1235 2692 1416 2748 Prima
1465 2692 1622 2764 quasi
1663 2693 1850 2758 leaena,
1886 2700 1939 2746 ct
1972 2690 2073 2745 alte

511 2786 630 2858 ejus
655 2788 795 2842 sicut
820 2770 1032 2857 aquilae.
1086 2785 1429 2854 Aspicieham
1483 2784 1655 2839 donec
1698 2785 1897 2839 evulsa:
1945 2792 2072 2837 sunt

510 2878 778 2949 alaeejus:
814 2888 869 2934 et
916 2877 1130 2934 sublata
1185 2885 1268 2931 est
1296 2876 1361 2929 de
1395 2884 1570 2943 terra;
1604 2884 1658 2930 et
1705 2890 1866 2944 super
1909 2875 2070 2944 pedes

510 2971 749 3028 hominis
777 2971 949 3039 stetit,
976 2978 1031 3025 et
1068 2985 1163 3025 cor
1192 2969 1428 3024 hominis
1457 2969 1640 3023 datum
1664 2978 1747 3024 est
1785 2970 1855 3023 ei.
1892 2968 1957 3023 Et
1985 2984 2071 3023 se.

508 3065 684 3122 cunda
717 3063 887 3120 bestia
916 3062 1111 3118 similis
1142 3076 1293 3129 urso,
1325 3069 1379 3116 et
1409 3061 1462 3114 in
1494 3070 1646 3131 parte
1672 3077 1777 3115 una
1800 3059 1981 3125 stetit;
2015 3067 2068 3114 et

2177 1860 2315 1913 αύτά
2343 1860 2404 1912 τὸ
2432 1861 2630 1931 πλῆθος
2682 1863 2778 1915 τοῦ
2806 1863 3135 1933 πνεύματος,
3164 1865 3258 1916 καὶ
3304 1864 3468 1928 τόπος
3517 1865 3627 1935 ούχι
3653 1866 3745 1918 εύ-

2179 1951 2311 2021 ρέθη
2358 1953 2416 2004 ἐν
2448 1954 2660 2017 αὐτοῖς·
2694 1956 2844 2008 καὶὸ
2880 1954 3023 2018 λίθος
3046 1955 3076 2007 6
3121 1955 3363 2019 πατάξας
3399 1957 3498 2027 τὴν
3538 1959 3741 2025 εἰκόνα,

2176 2042 2402 2113 ἐγενήθη
2420 2046 2499 2107 είς
2519 2044 2641 2115 ὅρος
2660 2046 2822 2115 μέγα,
2838 2047 2931 2099 καὶ
2963 2046 3241 2117 ἐπλήρωσε
3263 2050 3440 2102 πᾶσαν
3452 2048 3548 2120 τὴν
3570 2050 3693 2119 γῆν.
3716 2068 3737 2103 ι

2230 2138 2568 2207 Συνάψαντες
2580 2135 2671 2192 οὖν
2686 2139 2822 2211 πρὸς
2834 2140 3042 2203 τούτοις
3055 2141 3147 2195 καὶ
3160 2142 3256 2205 τὰς
3268 2142 3429 2196 αὑτοῦ
3441 2143 3532 2198 τοῦ
3547 2144 3765 2216 Δανιὴλδ

2172 2225 2408 2296 ὁράσεις,
2444 2226 2572 2297 μίαν
2614 2228 2940 2300 ἀμφοτέροις
2974 2228 3069 2300 τὴν
3102 2229 3348 2301 διήγησιν
3383 2233 3739 2307 ποιησόμεθα.

2173 2317 2565 2383 ἐπιδεικνύντες
2576 2320 2723 2383 ὅπως
2743 2321 2829 2390 εἴη
2847 2320 3109 2391 σύμφωνα
3129 2323 3222 2376 καὶ
3244 2322 3435 2398 ἀληθῆ.
3464 2323 3616 2391 Λέγει
3631 2324 3763 2394 γὰρ.

2170 2409 2359 2475 οὕτως·
2389 2409 2529 2479 Ἐγὼ
2543 2411 2738 2483 Δανιὴλ
2752 2411 3039 2484 ἐθεώρουν.
3054 2414 3148 2468 καὶ
3168 2414 3274 2466 ἰδοῦ
3286 2416 3333 2468 οἱ
3348 2417 3605 2485 τέσσαρες
3616 2415 3739 2467 ἄνε-

2174 2517 2261 2572 μοι
2291 2499 2384 2554 τοῦ
2398 2502 2625 2574 ούρανοῦ
2647 2502 2975 2574 προσέϐαλον
3003 2504 3083 2567 είς
3096 2503 3193 2575 τὴν
3221 2494 3493 2577 θάλασσαύ
3517 2504 3614 2575 τὴν
3640 2521 3738 2574 με-

2170 2593 2339 2664 γάλην
2361 2609 2375 2623 ·
2405 2594 2501 2647 καὶ
2526 2594 2770 2666 τέσσαρα
2804 2594 2966 2668 θηρία
3001 2596 3210 2666 μεγάλα
3241 2595 3519 2650 ἀνέϐαινον
3550 2596 3615 2649 ἐκ
3638 2596 3737 2666 τῆς
3768 2663 3781 2671 ν

2170 2682 2461 2755 θαλάσσης,
2491 2683 2811 2756 διαφέροντα
2837 2686 3101 2757 ἀλλήλων.
3131 2687 3203 2739 Τὸ
3227 2687 3460 2758 πρῶτον,
3486 2688 3621 2741 ὡσεὶ
3646 2688 3736 2742 λέ-
3780 2716 3791 2723 ~

2168 2792 2312 2836 αινα,
2335 2775 2429 2828 καὶ
2460 2775 2634 2848 πτερὰ
2660 2776 2795 2848 αὐτῇ
2833 2776 2907 2840 ὡς
2935 2778 3115 2832 ἀετοῦ.
3156 2778 3449 2852 Ἐθεώρουν
3482 2780 3586 2845 ’ἐως
3615 2779 3734 2845 ἐξε-

2168 2865 2285 2936 τίλη
2320 2866 2389 2920 τά
2417 2867 2591 2938 πτερά
2618 2868 2806 2939 αὐτῆς,
2833 2870 2928 2923 καὶ
2982 2870 3182 2943 ἐξήρθή
3226 2871 3332 2924 ἀπὸ
3358 2872 3454 2943 τῆς
3485 2873 3608 2943 γῆς,
3641 2872 3734 2926 καὶ

2168 2957 2260 3010 ἐπὶ
2288 2958 2464 3011 ποδῶν
2494 2957 2781 3031 ἀνθρώπου
2833 2961 3055 3034 ἐστάθη,
3082 2962 3177 3016 καὶ
3222 2964 3417 3036 καρδία
3447 2964 3735 3037 ἀνθρώπου

2169 3046 2321 3118 ἐδόθη
2349 3049 2504 3119 αὐτῇ.
2529 3051 2637 3104 Καὶ
2660 3051 2769 3103 ίδοῦ
2835 3050 3020 3125 θηρίον
3057 3053 3302 3126 δεύτερον
3346 3056 3526 3125 ὅμοιον
3560 3057 3735 3127 ἅρκῳ,

506 3165 618 3212 tres
640 3164 804 3211 costae
829 3154 883 3208 in
909 3166 1005 3209 ore
1033 3154 1151 3223 ejus
1184 3154 1323 3208 inter
1358 3152 1547 3208 dentes
1576 3153 1722 3222 ejus;
1755 3160 1809 3205 et
1860 3151 1940 3206 sic
1977 3151 2062 3205 di-

2167 3140 2262 3192 καὶ
2290 3143 2368 3204 εἰς
2401 3141 2564 3211 μέρος
2600 3142 2798 3212 ἐστάθη
2828 3119 3026 3207 sint
3043 3146 3169 3217 τρία
3200 3119 3405 3216 πλευρά
3428 3148 3486 3202 ὲν
3515 3119 3737 3219 τῷΙστόέ

505 3248 698 3303 eebant
729 3248 811 3303 ei:
853 3246 1044 3315 Surge,
1082 3244 1303 3300 comede
1326 3259 1519 3300 carnes
1572 3243 1791 3298 multas.
1818 3242 2063 3313 Aspicie-

504 3341 651 3405 bam,
675 3349 734 3395 et
763 3354 891 3395 ecce
916 3338 1088 3394 bestia
1112 3336 1269 3404 quasi
1299 3336 1531 3407 pardus:
1570 3345 1625 3389 et
1650 3335 1779 3389 huic
1803 3335 1901 3389 alae
1927 3349 2063 3405 qua-

502 3436 629 3483 tuor
652 3428 888 3483 volucris
911 3442 1074 3497 super
1109 3441 1253 3492 eam,
1281 3434 1337 3482 et
1377 3435 1610 3496 quatuor
1640 3426 1817 3495 capita
1854 3426 2058 3480 bestia.

501 3516 636 3575 Post
667 3520 808 3574 hanc
840 3520 1193 3589 aspiciebam,
1235 3527 1290 3573 et
1313 3532 1439 3573 ecce
1464 3518 1633 3573 bestia
1676 3527 1867 3588 quarta
1899 3519 2059 3572 terri-

501 3610 627 3667 bilis
653 3625 718 3666 ac
735 3611 1021 3681 stupenda,
1042 3620 1098 3666 et
1118 3610 1274 3666 fortis
1301 3611 1499 3676 nimis;
1524 3611 1713 3665 dentes
1736 3610 1855 3680 ejus
1876 3608 2058 3676 ferrei,

500 3712 557 3757 ct
586 3717 793 3773 ungues
817 3703 935 3771 ejus
954 3703 1108 3768 aenei,
1134 3702 1425 3758 comedens
1469 3710 1521 3756 ct
1565 3702 1960 3769 comminuens,
2005 3709 2061 3757 et

498 3797 705 3867 reliqua
738 3796 966 3867 pedibus
998 3797 1113 3853 suis
1147 3797 1539 3863 conculcabat;
1582 3806 1637 3851 et
1685 3796 1801 3866 ipsa
1842 3795 2057 3852 diversa

496 3890 661 3944 nimis
682 3904 793 3962 pra:
819 3889 1073 3944 omnibus
1094 3889 1307 3955 bestiis,
1333 3903 1455 3957 quae
1490 3896 1614 3942 ante
1650 3902 1806 3955 eam;
1857 3894 1911 3941 et
1936 3886 2056 3956 ejus

494 3994 701 4037 cornua
723 3981 930 4037 decem.
959 3979 1389 4036 Considerabam
1419 3995 1625 4036 cornua
1665 3979 1785 4049 ejus
1803 4017 1819 4044 ,
1848 3987 1904 4034 et
1930 3994 2055 4039 ecce

493 4088 665 4128 cornu
687 4073 834 4128 aliud
865 4088 1091 4143 parvum
1120 4073 1364 4128 ascendit
1394 4073 1449 4127 in
1504 4071 1680 4127 medio
1729 4086 1958 4136 eorum;
2002 4084 2056 4127 et

492 4168 597 4223 tria
618 4183 825 4224 cornua
846 4184 915 4224 ex
935 4167 1516 4239 superioribusevulsa
1544 4173 1671 4221 sunt
1691 4180 1721 4221 e
1741 4164 1880 4221 facie
1911 4166 2048 4236 ejus.

489 4259 559 4314 Et
591 4275 717 4317 ecce
747 4260 917 4326 oculi,
953 4261 1111 4332 quasi
1168 4260 1315 4317 oculi
1342 4259 1583 4316 hominis
1613 4259 1667 4314 in
1710 4273 1883 4315 cornu
1935 4259 2049 4327 illo,

488 4363 545 4408 et
573 4370 639 4411 os
670 4355 921 4435 loquens
942 4354 1167 4426 grandia
1190 4354 1235 4386 ”

572 4547 593 4581 ι
632 4528 776 4585 XXI.
812 4548 832 4581 ι
867 4530 1207 4601 Aspiciebam
1238 4529 1411 4588 donec
1432 4530 1614 4586 throni
1644 4531 1807 4601 positi
1842 4539 1968 4587 sunt
1990 4542 2043 4587 et

489 4619 760 4691 Autiquus
792 4621 1000 4676 dierum
1033 4621 1190 4678 sedit.
1213 4620 1279 4678 Et
1308 4623 1687 4678 vestimentum
1713 4622 1834 4693 ejus
1855 4610 2043 4678 candi-

486 4709 617 4765 dum
639 4712 799 4781 quasi
834 4712 948 4776 nix,
978 4721 1032 4766 et
1056 4711 1285 4781 capillus
1319 4712 1511 4782 capitis
1538 4711 1656 4781 ejus
1703 4709 1861 4782 quasi
1916 4712 2041 4767 lana

488 4802 711 4859 munda.
752 4802 1004 4859 Thronus
1055 4806 1174 4873 ejus
1215 4803 1431 4859 ﬂamma
1484 4804 1647 4876 ignis,
1684 4812 1737 4859 et
1766 4813 1899 4859 rota:
1924 4805 2043 4875 ejus

553 4926 599 4961 ⁸⁸
632 4925 767 4981 Dan.
808 4942 870 4991 ll,
903 4926 1088 4984 δίε-35.
1164 4929 1209 4960 ²⁹
1238 4926 1371 4982 Dan.
1401 4944 1498 4994 vn,
1522 4926 1633 4983 2-8.

554 5067 664 5141 (47)
689 5067 1016 5136 Ἐπέδειξεν
1029 5071 1099 5125 ἐν
1112 5070 1407 5141 ἐσχάτοις.
1432 5071 1533 5136 Id.,
1547 5070 1825 5138 ἀπέδειξεν
1845 5072 1904 5127 ἐν
1931 5074 2042 5138 τοϊς

796 5209 1076 5276 βασιλεῦ.
1122 5209 1333 5266 Citatur
1359 5212 1447 5266 hic
1484 5212 1634 5268 locus
1658 5212 1714 5268 in
1740 5229 1840 5269 ms.
1885 5222 2038 5268 vetu-

483 5279 725 5354 stissimo
754 5279 1181 5354 bibl._Mediceae,
1199 5283 1251 5336 in
1266 5298 1376 5352 quo
1402 5283 1603 5338 Catena
1637 5284 1703 5338 ad
1730 5300 1783 5337 iv
1811 5285 2042 5354 prophe-

484 5355 567 5401 tas
594 5351 847 5418 majores.
874 5350 1008 5406 Gun.

554 5415 798 5491 (49)"Er
819 5421 900 5487 τῷ
924 5423 1172 5491 στόματι
1202 5415 1410 5490 αὐτῆς.
1457 5422 1618 5491 Addit
1654 5421 2036 5487 Combeilsius,

481 5485 749 5565 ἀναμέσον
774 5485 880 5543 τῶν
902 5485 1126 5565 ᾀδόντων
1154 5485 1457 5565 αὐτῆς.ίᾶεώ
1483 5489 1658 5565 οὕτως
1678 5495 1861 5563 ἔλεγον
1882 5485 2039 5565 “mili

483 5555 807 5689 ἐὲτῖᾔῖἷηοι.
849 5562 987 5630 φάγε
1008 5563 1214 5632 σάρκας
1250 5555 1464 5628 πολλάς.
1501 5555 1657 5630 ραυᾶ
1680 5555 1912 5621 reddidit
1955 5555 2043 5619 iti-

555 5695 665 5765 (50)
690 5700 796 5752 Kal
835 5703 890 5755 οι
920 5701 1134 5772 ὄνυχες
1158 5704 1345 5759 αὐτοῦ
1374 5705 1605 5774 χαλκοῖ.
1642 5704 1856 5778 Reliqui
1887 5706 2036 5763 deli-

2168 3245 2297 3298 ματι
2329 3230 2500 3301 αὐτῆς
2557 3230 2689 3301 (49).
2737 3231 3051 3305 Ἐθεώρουν,
3100 3237 3193 3295 καὶ
3229 3237 3336 3292 ἰδοὺ
3386 3237 3572 3310 θηρίον
3602 3238 3735 3292 ώσεὶ

2164 3318 2445 3390 πάρδαλις,
2465 3321 2559 3374 καὶ
2577 3323 2713 3395 αὐτῇ
2744 3325 2919 3397 πτερὰ
2936 3326 3175 3399 τέσσαρα
3213 3330 3456 3383 πετεινοῦ
3481 3330 3734 3402 ὑπεράνω

2161 3412 2349 3483 αὐτῆς,
2367 3414 2460 3467 καὶ
2480 3414 2742 3488 τέσσαρες
2763 3417 3003 3487 κεφαλαὶ
3016 3420 3091 3491 τῷ
3114 3403 3303 3492 θηρίῳ.
3324 3421 3524 3487 Ὀπίσω
3545 3422 3731 3479 τούτου

2162 3504 2451 3576 ἐθεώρουν,
2475 3508 2568 3562 καὶ
2587 3509 2693 3563 ίδοὺ
2718 3511 2899 3583 θηρίον
2922 3512 3176 3583 τέταρτον
3192 3514 3417 3586 φοϐερὸν
3430 3516 3520 3570 καὶ
3535 3515 3735 3585 ἐκθαμ-

2160 3594 2253 3650 ϐον
2286 3598 2380 3652 καὶ
2411 3600 2627 3672 ἰσχυρὸν
2648 3598 2943 3676 ’περισσῶς
2967 3621 2982 3635 ο
3018 3609 3065 3659 οἱ
3095 3607 3305 3672 ὀδόντες
3337 3609 3499 3663 αὐτοῦ
3521 3611 3733 3680 σιδηροῖ

2162 3684 2276 3758 [καὶ
2294 3691 2342 3741 οί
2363 3688 2547 3759 ὄνυχες
2570 3693 2733 3747 αὐτοῦ
2758 3693 2947 3764 χαλκοῖ
2960 3695 3117 3767 (50)],
3136 3697 3318 3755 ,ἐσθίον
3332 3699 3426 3752 καὶ
3446 3700 3727 3767 λεπτύνον,

2158 3778 2249 3831 καὶ
2297 3778 2366 3832 τὰ
2406 3781 2660 3836 ἐπίλοιπα
2698 3787 2813 3848 τοῖς
2842 3788 3000 3840 ποσὶν
3044 3788 3209 3842 αὑτοῦ
3266 3791 3583 3845 συνεπάτει’
3632 3792 3753 3846 καὶ.

2156 3867 2287 3921 αὐτὸ
2306 3868 2578 3943 διαφόρως
2604 3873 2726 3945 ἔχον
2753 3876 2902 3949 παρὰ
2934 3878 3111 3933 πάντα
3138 3880 3206 3934 τά
3231 3882 3396 3954 θηρία
3417 3882 3485 3937 τὰ
3519 3883 3726 3955 ἔμπρο-

2158 3958 2282 4013 σθεν
2306 3962 2492 4031 αὑτοῦ,
2528 3966 2622 4019 καὶ
2649 3967 2855 4039 κέρατα
2894 3970 3027 4024 δέκα
3047 3971 3214 4043 αύτῷ.
3249 3973 3580 4045 Προσενόουν
3614 3976 3725 4037 τοῖς

2154 4048 2378 4119 κέρασιν
2393 4052 2587 4125 ἀύτοῦ,
2617 4055 2712 4109 καὶ
2754 4057 2871 4115 ,ίδοὺ
2902 4058 3071 4131 κέρας
3114 4062 3296 4132 ἕτερον
3338 4062 3532 4133 μικρὸν
3559 4064 3723 4134 ἀνέϐη

2154 4136 2394 4231 ἐν-μέσῳ
2425 4141 2623 4207 αὐτῶν,
2656 4144 2751 4199 καὶ
2776 4147 2904 4218 τρία
2931 4150 3140 4220 κέρατα
3157 4151 3265 4205 τῶν
3288 4151 3594 4231 έιρροσθεν
3626 4154 3723 4206 αύ-

2150 4228 2244 4281 τοῦ
2295 4230 2628 4304 ἐξερῤιζώθη
2679 4237 2787 4291 ἀπὸ
2848 4242 3143 4311 προσώπου
3201 4228 3409 4298 αὑτοῦ·
3463 4246 3559 4300 καὶ
3606 4236 3721 4301 ίδοὺ

2150 4319 2416 4394 ὀφθαλμοὶ
2460 4326 2594 4380 ὡσεὶ
2628 4328 2913 4402 ἀνθρώπου
2959 4333 3019 4387 ἐν
3066 4334 3144 4405 τῷ
3193 4336 3383 4407 κέρατι
3423 4338 3595 4409 τούτῳ
3628 4338 3722 4391 καὶ

2080 4457 2123 4513 D
2154 4410 2323 4483 στόμα
2346 4413 2538 4470 λαλοῦν
2572 4420 2804 4489 μεγάλα.
3125 4440 3133 4451 ι

2166 4508 2242 4577 ³(
2282 4527 2575 4602 Ἐθεώρουν
2600 4533 2704 4597 ἕως
2730 4528 2791 4587 οὗ
2812 4534 2987 4608 θρόνοι
3006 4539 3288 4611 ἐτέθησαν,
3321 4541 3417 4594 καὶ
3440 4542 3469 4594 6
3486 4539 3718 4604 Παλαιὸς

2146 4620 2253 4673 τῶν
2294 4623 2516 4695 ἡμερῶν
2545 4626 2782 4699 ἐκάθητο
2805 4646 2818 4661 ο
2861 4633 2953 4687 καὶ
2980 4633 3040 4686 τὸ
3073 4632 3276 4704 ἔνδυμα
3322 4633 3490 4688 αὐτοῦ
3520 4632 3713 4685 λευκὸν

2143 4712 2279 4767 ὡσεὶ
2299 4713 2454 4785 χιὼν,
2483 4719 2577 4772 καὶ
2606 4721 2639 4791 ἡ
2669 4720 2792 4793 θρὶξ
2824 4724 2922 4795 τῆς
2949 4725 3191 4796 κεφαλῆς
3218 4726 3381 4781 αὐτοῦ
3414 4725 3546 4779 ὡσεὶ
3571 4726 3715 4797 ἔριον

2148 4806 2405 4883 καθαρόν·
2426 4813 2455 4865 ό
2484 4811 2671 4883 θρόνος
2692 4816 2854 4870 αὐτοῦ
2892 4818 3023 4888 φλὸξ
3043 4819 3233 4891 πυρὸς,
3261 4822 3309 4873 οἱ
3338 4822 3521 4894 τροχοὶ⁸
3550 4821 3713 4875 αὑτοῦ

2138 5060 2348 5145 derant,
2377 5063 2539 5145 etiam
2567 5063 2757 5145 Hebr.;
2774 5067 3022 5145 inferius
3043 5077 3244 5145 tamen,
3270 5071 3328 5145 in
3355 5074 3710 5143 explicatione

2138 5134 2363 5189 visionis
2397 5134 2557 5206 (Dan.
2590 5152 2696 5209 vti,
2735 5138 2847 5207 19),
2888 5140 2942 5193 in
2982 5139 3171 5195 Graeco
3201 5134 3496 5209 habentur,
3521 5145 3709 5198 viden-

2137 5211 2341 5285 turque.
2375 5207 2702 5285 necessaria,
2751 5216 2813 5285 u_t
2864 5210 3004 5285 sicut
3052 5211 3295 5285 dentium
3348 5213 3430 5285 vis
3483 5207 3709 5285 commi-

2139 5272 2426 5356 nuendijn
2459 5273 2587 5356 ferri
2614 5272 2839 5332 materia
2875 5279 3209 5356 designatur,
3241 5281 3405 5356 sicin
3439 5283 3707 5356 unguibus

2138 5349 2197 5396 et
2223 5343 2453 5410 pedibus
2483 5344 2566 5400 vis
2595 5349 2913 5403 conterendi
2938 5343 3371 5406 et'conculcandi
3403 5357 3457 5405 in
3482 5343 3704 5406 uiatoria

2135 5412 2294 5491 reris;
2343 5412 2457 5493 sive
2502 5415 2552 5468 oi
2601 5415 2968 5493 septuaginta
2995 5419 3302 5493 habuerunt
3350 5422 3403 5475 in
3426 5421 3705 5493 _l_lcbra£0.

2139 5482 2266 5558 sive
2310 5482 2503 5558 aliqua
2529 5482 2831 5558 traditione
2871 5488 2971 5558 ipsi
3026 5490 3367 5545 addiderunt.
3421 5489 3531 5542 Nec
3577 5506 3707 5544 vero

2141 5550 2710 5633 credendi—addidisse
2752 5556 2806 5610 in
2841 5550 3224 5633 explicatione,
3253 5557 3381 5633 quin
3426 5559 3576 5627 prius
3607 5576 3709 5633 po-

2143 5624 2379 5695 suissent
2420 5624 2475 5695 in
2507 5624 2747 5695 visione;
2780 5635 2839 5680 ut
2884 5624 3102 5695 r'eliquis
3131 5624 3342 5691 plenior
3368 5624 3703 5695 etemenda-

2145 5689 2248 5745 tior
2274 5689 2541 5763 Hippolyti
2570 5694 2746 5749 littera
2770 5695 2885 5750 haec
2914 5689 3176 5753 videatur.
3248 5696 3476 5753 Couner.
