4134 6380
391 392 502 446 745

1463 378 1550 434 DE
1587 375 1887 433 CHRISTO
1926 373 2014 430 ET
2058 372 2546 430 ANTICHRISTO.

3555 377 3657 432 τ-ίϐ

393 509 505 580 πῦρ
533 507 748 576 φλέγεν.
779 505 1028 578 Ποταμδς
1047 502 1219 575 πυρὸς
1243 498 1423 556 εἷλκεν
1450 498 1762 572 ἔμπροσθεν
1784 496 1971 552 αὑτοῦ.

2081 496 2222 567 ignis
2251 497 2469 552 ardens.
2497 493 2719 549 Fluvius
2753 493 2945 563 igneus
2981 493 3230 549 trahebat
3271 504 3396 548 ante
3432 509 3662 565 conspe-

391 597 580 653 Χίλιαι
607 596 841 668 χιλιάδες
864 594 1235 666 ἐλειτούργουν
1254 591 1423 662 αὐτῷ,
1439 591 1536 644 καὶ
1559 590 1748 662 μύριαι
1779 587 1977 660 μυριά-

389 690 479 754 δες
523 689 974 761 περιεστήκεισαν
1021 685 1189 756 αύτῷ.
1232 685 1534 757 Κριτήριον
1585 681 1828 744 ἐκάθισε,
1882 680 1977 736 καὶ

392 782 562 852 βίϐλοι
595 780 967 852 ἠνεῴχθησαν.
1029 778 1328 850 Ἐθεώρουν
1357 778 1476 830 τότε
1521 777 1628 830 άπὸ
1661 777 1842 846 φωνῆς
1869 775 1978 828 τῶν

389 874 564 942 λόγων
587 873 695 926 τῶν
736 873 1004 944 μεγάλων,
1028 865 1100 925 ὦν
1121 871 1182 924 τὸ
1206 871 1374 942 κέρας
1394 868 1592 931 ἐλάλει,
1618 869 1722 932 ἕως
1739 867 1976 938 ἀνῃρέθη

387 966 448 1020 τὸ
470 965 657 1037 θηρίον
685 965 780 1020 καὶ
804 964 1073 1028 ἀπώλετο,
1109 963 1204 1017 κα.)¹
1235 963 1294 1016 τὸ
1325 963 1484 1032 σῶμα
1525 961 1688 1016 αὐτοῦ
1712 959 1866 1031 ἐδόθη
1899 961 1977 1024 είς

389 1059 584 1112 καῦσιν
611 1059 803 1131 πυρός.
838 1057 950 1112 Καὶ
973 1057 1082 1111 τῶν
1113 1056 1314 1110 λοιπῶν
1338 1055 1544 1127 θηρίων
1572 1057 1606 1126 ή
1654 1054 1795 1126 ἁρχὴ
1822 1071 1978 1124 μετε-

392 1153 584 1223 στάθη.

464 1263 483 1294 ι
527 1240 823 1314 Ἐθεώρουν
850 1242 907 1296 ἐν
933 1241 1171 1314 ὁράματι
1192 1239 1292 1311 τῆς
1321 1241 1534 1305 νυκτὸς,
1556 1243 1650 1296 καὶ
1686 1241 1796 1296 ἰδοὺ
1830 1241 1972 1312 μετὰ

387 1334 496 1388 τῶν
521 1334 760 1404 νεφελῶν
794 1333 889 1388 τοῦ
919 1333 1150 1406 ούρανοῦ
1169 1374 1182 1397 ,
1212 1333 1287 1398 ὡς
1319 1333 1447 1396 Υἱὸς
1492 1331 1784 1404 ἀνθρώπου
1820 1333 1978 1404 ἐρχόο

390 1446 552 1499 μενος
584 1424 651 1500 ἦν
676 1446 690 1460 ο
715 1429 809 1482 καὶ
843 1428 946 1492 ἓως
975 1427 1068 1480 τοῦ
1095 1426 1333 1481 Παλαιοῦ
1361 1427 1468 1479 τῶν
1501 1426 1722 1497 ἡμερῶν
1751 1426 1974 1496 ἔφθασε,

389 1521 482 1574 καὶ
531 1519 875 1592 προσηνέχθη
907 1519 1075 1591 αὐτῷ.
1115 1520 1226 1573 Καὶ
1254 1517 1403 1589 αύτῷ
1454 1519 1606 1590 ἐδόθη
1643 1521 1676 1589 ἡ
1706 1519 1847 1590 ἀρχὴ
1883 1521 1977 1572 καὶ

386 1613 420 1683 ή
453 1612 626 1683 τιμὴ,
660 1615 756 1666 καὶ
783 1616 816 1683 ὴ
849 1612 1128 1683 βασιλεία·
1161 1613 1256 1666 καὶ
1291 1612 1492 1674 πάντες
1532 1613 1580 1664 οἱ
1614 1609 1765 1676 λαοὶ,
1811 1611 1978 1682 φυλαὶ

387 1704 483 1757 καὶ
515 1703 760 1772 γλῶσσαι
785 1705 1160 1760 δουλεύσουσιν
1194 1703 1364 1775 αὐτῷ.
1411 1704 1478 1757 Ἠ
1511 1703 1726 1769 ἐξουσία
1773 1703 1938 1757 αὐτοῦ
1958 1745 1973 1770 ,

387 1796 603 1862 ἐξουσία
631 1797 845 1862 αἰώνιος
865 1839 880 1862 ,
914 1801 1035 1870 ἥτις
1067 1798 1127 1852 ού
1160 1797 1590 1870 παρελεύσεται,
1621 1797 1716 1851 καὶ
1746 1797 1779 1868 ἡ
1815 1796 1970 1868 βασι-

386 1889 506 1942 λεία
531 1889 703 1942 αύτοῦ.
725 1891 786 1943 οὐ
819 1890 1270 1962 διαφθαρήσεται.
1307 1909 1326 1942 ι

469 1978 741 2037 Ἐπεὶοῦν
763 1981 1029 2054 δυσνόητά
1056 2000 1166 2036 τισι
1201 1983 1352 2036 δοκεῖ
1379 1977 1514 2038 εἶναι
1548 1980 1724 2036 ταῦτα
1761 1981 1830 2036 τὰ
1868 2000 1970 2054 μυ·-

385 2073 588 2138 στικῶς
631 2074 938 2146 εἰρημένα,
985 2073 1139 2128 οὐδὲν
1172 2073 1378 2128 τούτων
1412 2074 1804 2148 άποκρύψομεν
1836 2075 1972 2147 πρὸς

386 2167 682 2234 ἐπίγνωσιν
713 2169 826 2229 τοῖς
861 2166 991 2236 ὑγιῆ
1025 2165 1150 2220 νοῦν
1184 2166 1564 2238 κεκτημένοις.
1599 2167 1835 2221 Λέαιναν
1863 2166 1972 2240 γὰρ

386 2257 539 2314 εἶπεν
570 2246 963 2314 ἀναϐαίνουσαν
1009 2259 1076 2317 ἐκ
1121 2259 1221 2326 τῆς
1253 2259 1558 2331 θαλάσσης·
1595 2259 1694 2331 τὴν
1733 2257 1842 2312 τῶν
1875 2259 1975 2311 Βα-

386 2351 662 2406 ϐυλωνίων
709 2349 986 2422 βασιλείαν
1029 2351 1086 2404 ἐν
1119 2350 1196 2421 τῷ
1241 2350 1434 2421 κόσμῳ
1464 2351 1738 2422 ἐσήμανε,
1771 2349 1972 2422 ταύτης

383 2434 549 2495 οὖσαν
574 2443 672 2513 τῆς
694 2443 904 2506 εἰκόνος
927 2441 1134 2513 χρυσῆν
1165 2441 1427 2514 κεφαλήν.
1449 2441 1522 2518 Τὸ
1545 2443 1602 2496 δὲ
1627 2441 1737 2515 (51)
1769 2441 1968 2512 λέγειν·

390 2551 411 2584 ε
443 2533 628 2604 Πτερὰ
673 2531 810 2603 αὐτῇ
861 2530 1221 2596 ὡσεὶνὰετοῦ,
1257 2550 1275 2582 ι
1319 2531 1402 2584 ὅτι
1437 2529 1625 2603 ὑψώθη
1660 2534 1688 2585 ό
1721 2532 1973 2603 βασιλεὺς

383 2623 879 2696 Ναϐουχοδονόσορ,
905 2624 998 2677 καί
1022 2624 1166 2677 κατὰ
1189 2622 1281 2676 τοῦ
1304 2623 1439 2676 Θεοῦ
1465 2625 1569 2695 ἐπή
1579 2624 1699 2697 ρθη.
1716 2621 1850 2679 Εἶτά
1870 2643 1974 2698 φη-

387 2734 508 2770 σιν⁹
550 2736 569 2767 ι
602 2717 845 2788 Ἑξετίλη
893 2718 963 2773 τὰ
1019 2716 1196 2790 πτερὰ
1249 2718 1417 2788 αὐτῆς
1444 2758 1457 2780 ,
1502 2735 1520 2768 ›
1559 2719 1643 2772 ὅτι
1689 2717 1970 2791 καθῃρέθη

383 2809 546 2862 αὐτοῦ
569 2811 601 2879 ὴ
626 2807 753 2872 δόξα
771 2825 784 2839 ο
806 2802 1098 2880 ἐξεδιώχθη
1123 2809 1232 2880 γὰρ
1262 2809 1326 2862 ἐκ
1347 2809 1444 2880 τῆς
1479 2807 1756 2878 βασιλείας
1780 2807 1968 2863 αὐτοῦ.

383 2898 458 2956 Τὸ
496 2902 554 2956 δὲ
599 2905 810 2955 εἰπεῖν’
859 2921 878 2951 ι
908 2902 1124 2972 Καρδία
1161 2899 1448 2972 ἀνθρώπου
1475 2900 1639 2973 ,ἐδόθη
1673 2901 1843 2974 αὐτῇ.
1881 2903 1974 2955 καὶ

387 2995 482 3047 ἐπὶ
508 2994 685 3048 ποδῶν
712 2993 1000 3065 ἀνθρώπου
1029 2992 1231 3065 ἐστάθη
1251 3009 1266 3023 ο
1297 3012 1315 3043 ι
1343 2995 1425 3046 ὅτι
1467 2993 1792 3065 μετενόησεν
1811 3035 1825 3060 ,
1854 2997 1974 3048 ἐπι·

383 3087 546 3157 γνοὺς
566 3088 779 3153 ἑαυτὸν,
795 3089 878 3142 ὅτι
898 3086 1183 3159 ἄνθρωπός
1200 3091 1346 3141 ἐστι’
1379 3088 1474 3140 καὶ
1499 3087 1666 3140 ἔδωκε
1691 3088 1789 3159 τὴν
1816 3087 1972 3153 δόξαν

382 3180 462 3251 τῷ
496 3179 637 3251 Θεῷ.
1019 3218 1021 3220 .
1194 3213 1202 3225 ,
1481 3173 1484 3176 ’

453 3271 610 3326 Μετὰ
660 3269 792 3340 γοῦν
845 3270 946 3344 τὴν
1001 3270 1262 3334 λέαιναν,
1315 3271 1568 3344 δεύτερον
1620 3257 1834 3343 θηρίον,
1868 3273 1972 3344 ὁρᾷ

382 3361 566 3434 ὅμοιον
594 3365 802 3435 ἄρκτῳ,
834 3365 970 3434 ὅπερ
992 3359 1133 3434 ἦσαν
1155 3365 1203 3416 οἱ
1232 3363 1460 3436 Πέρσαι.
1487 3364 1643 3418 Μετὰ
1662 3364 1768 3438 γὰρ
1793 3365 1970 3418 Βαϐυ-

383 3455 608 3519 λωνίους
644 3456 853 3528 Πέρσαι
886 3455 1270 3527 διευκράτησαν.
1315 3455 1387 3508 Τὸ
1419 3455 1475 3508 δὲ
1507 3455 1719 3525 λέγειν·
1771 3475 1789 3506 ι
1832 3456 1972 3527 Τρία

385 3544 595 3617 πλευρὰ
643 3547 702 3598 ἐν
734 3546 812 3618 τῷ
861 3529 1088 3618 στόματι
1131 3545 1335 3615 αὐτῆς,
1369 3537 1401 3596 ι’
1424 3546 1552 3618 τρία
1595 3545 1722 3616 ἔθνη
1770 3545 1968 3612 ἔδειξε,

381 3635 632 3708 Πέρσας,
683 3637 776 3690 καὶ
821 3638 1075 3708 Μήδους,
1123 3639 1216 3692 καὶ
1260 3637 1669 3704 Βαϐυλωνίους,
1714 3639 1852 3710 ὅπερ
1884 3638 1970 3691 δέ-

379 3727 589 3783 δεικται
639 3731 778 3800 μετὰ
824 3731 916 3795 τὸν
949 3732 1150 3803 χρυσὸν
1192 3732 1221 3784 ό
1263 3732 1503 3804 ἄργυρος
1553 3734 1610 3785 ἐν
1654 3734 1720 3804 τῇ
1769 3732 1967 3786 εἰκόνι.

384 3820 617 3874 Ἔπειτα
646 3821 706 3874 τὺ
736 3823 918 3893 τρίτον
949 3823 1137 3894 θηρίον
1179 3823 1446 3895 πάρδαλις
1468 3824 1715 3891 ,οἵτινες
1753 3819 1891 3896 ἦσαν
1923 3825 1970 3878 οἱ

384 3912 667 3983 Ἕλληνες.
697 3913 856 3967 Μετὰ
893 3915 1002 3985 γὰρ
1040 3917 1256 3988 Πέρσας
1291 3916 1638 3988 Ἀλέξανδρος
1664 3900 1971 3990 ἐκράτησεν

382 4005 408 4056 ὁ
439 4005 706 4059 Μακεδὼν
725 4046 739 4071 ,
781 4007 1025 4060 καθελὼν
1068 4010 1290 4080 Δαρεῖον
1310 4048 1323 4072 ,
1354 4009 1429 4074 ὡς
1459 4009 1727 4064 δέδεικται
1769 4010 1880 4082 (5‘2)
1912 4013 1970 4066 ἐν

381 4098 448 4166 τῇ
501 4097 669 4150 εἰκόνι
701 4099 730 4150 ό
762 4099 980 4169 χαλκός.
1015 4101 1088 4153 Τὸ
1122 4102 1178 4153 δὲ
1209 4101 1388 4170 λέγειν
1413 4119 1427 4131 ο
1463 4121 1481 4153 ι
1512 4100 1970 4175 Πτερὰητέσσαρα

383 4188 655 4253 πετεινοῦ,
685 4210 702 4241 ι
736 4191 1046 4261 σαφέστατα
1075 4193 1302 4260 ἐδίδαξε,
1324 4193 1439 4258 πῶς
1464 4195 1782 4268 διεμερίσθη
1817 4197 1850 4266 ή
1882 4195 1971 4266 βα-

384 4280 559 4335 σιλεία
605 4283 954 4356 Ἀλεξάνδρου
979 4303 991 4315 ·
1040 4304 1058 4338 ι
1091 4287 1364 4360 τέσσαρας
1396 4286 1504 4358 γάρ
1548 4289 1791 4357 κεφαλάς
1827 4309 1845 4340 ›
1889 4291 1968 4343 εί·-

383 4370 520 4438 πὼν,
552 4371 679 4439 τοὺς
708 4376 978 4448 τέσσαρας
1015 4378 1251 4448 βασιλεῖς
1275 4419 1289 4442 ,
1337 4380 1464 4444 τοὺς
1511 4379 1570 4446 ἐξ
1620 4381 1791 4451 αὐτῆς
1838 4384 1969 4436 ἀνα-

383 4462 614 4528 στάντας
634 4467 770 4539 ἐμνη
782 4468 1028 4536 μόνευσε.
1051 4468 1329 4523 Τελευτῶν
1354 4469 1460 4542 γὰρ
1485 4471 1830 4544 Ἀλέξανδρος
1855 4473 1966 4544 (55)

378 4551 542 4608 διεῖλε
566 4556 664 4629 τὴν
694 4558 970 4629 βασιλείαν
1003 4560 1170 4614 αὑτοῦ
1202 4563 1281 4626 είς
1305 4562 1550 4636 τέσσαρα
1583 4565 1747 4636 μέρη.

453 4684 498 4716 ³⁸
533 4684 666 4742 Dan.
697 4705 792 4758 vn,
835 4690 988 4746 9-12.
1066 4691 1107 4723 “
1139 4691 1274 4749 Ibid.
1309 4708 1420 4758 vn,
1449 4693 1631 4749 15-14.

458 4792 565 4875 ςῑεῃ
611 4801 680 4875 Τό
715 4802 980 4875 δέηιεεε
1007 4805 1084 4875 τῷ
1110 4805 1191 4859 δέ.
1240 4805 1331 4875 δῖε
1357 4813 1412 4858 ει
1453 4821 1577 4859 mox
1623 4803 1787 4859 infra.
1817 4804 1954 4860 suo.
2015 4785 2021 4793 ’

481 4863 570 4949 ἕξ)
619 4863 1067 4949 'gceéagiimg.‘
1094 4873 1363 4949 coinage,
1395 4875 1456 4949 βς
1493 4875 1780 4949 δέδεικται·

481 4935 928 5016 δὸλιΤέαιευε-ῶν
972 4946 1084 5016 γὰρ
1136 4935 1542 5013 Ἀλέξανδρος.
1601 4945 1779 5001 Varia
1830 4955 1960 5001 sunt

385 5005 671 5060 sententia
711 5010 774 5062 de
812 5013 914 5067 hac
946 5005 1239 5071 A'le'xandri
1281 5005 1536 5072 iusti-tuta
1587 5018 1956 5072 successione.
2007 5049 2014 5056 ι

383 5074 847 5162 Αιξργίξείιιεοιιιμξη
874 5093 977 5162 est,
997 5087 1140 5162 quod
1170 5086 1378 5162 Gudius
1403 5088 1633 5162 margini
1664 5088 1954 5162 ascripsit:

390 5145 726 5230 fusec'utum
754 5149 842 5230 hic
887 5145 1234 5228 Hippolytum
1281 5145 1690 5230 ἀνιστορτῖσίανγ
1717 5145 1959 5230 auctoris

385 5214 563 5298 libri]
592 5214 1121 5298 Machahaoru'mﬁ
1156 5243 1266 5297 quo
1315 5214 1610 5298 supercilio
1651 5229 1731 5284 sic
1778 5229 1958 5284 brevis

383 5289 774 5368 atatis-homo,
801 5293 1027 5368 _n.edu_m_
1048 5289 1314 5368 divinam,
1362 5289 1537 5368 sedet
1571 5300 1864 5354 humanam
1898 5299 1961 5352 li-

383 5363 506 5440 dem
537 5357 614 5440 illi
639 5359 897 5440 detrahit.
928 5362 1203 5440 Quidquid
1233 5357 1313 5440 sit.
1334 5370 1402 5423 de
1436 5367 1742 5440 Hippolyto,
1777 5370 1870 5438 qui
1902 5380 1961 5424 ut

389 5427 554 5509 homo
581 5427 692 5482 falli
717 5433 911 5509 potuit,
940 5427 1040 5509 nec
1067 5427 1364 5509 illisrebus
1384 5427 1608 5509 aqualis
1635 5427 1740 5493 aut
1760 5427 1962 5509 suppar

384 5493 529 5583 fuilt;
562 5493 801 5583 aﬂu‘eto'ris
830 5493 1018 5583 libri-1
1065 5493 1497 5583 Machahaorum
1525 5550 1540 5575 ,
1576 5509 1712 5583 nihil
1745 5493 1961 5583 est-cur

384 5566 540 5646 nobis
578 5569 708 5648 lides
749 5581 844 5648 aut
885 5573 1164 5648 diligentia
1201 5578 1396 5648 nutet;
1443 5566 1567 5634 cum
1613 5580 1699 5634 vel
1745 5580 1792 5633 si
1843 5579 1960 5648 ipse

380 5641 538 5692 vivus
571 5641 874 5713 Alexander
904 5641 1008 5699 non
1053 5647 1266 5713 divisit,
1301 5641 1554 5705 divisisse
1586 5650 1780 5704 merito
1809 5641 1962 5704 diea-

381 5717 491 5788 tur,
517 5711 665 5778 quod
685 5713 1159 5789 ‘saltetn_intperio
1184 5711 1534 5789 dividendum
1568 5721 1807 5789 reliquit,
1829 5721 1958 5775 dato

384 5782 436 5830 in
467 5794 586 5857 eam
607 5797 730 5857 rem
762 5782 1032 5840 Perdicca
1059 5788 1262 5840 annulo
1293 5791 1595 5857 sl'guatorio
1620 5833 1634 5854 ,
1681 5782 1804 5844 cum
1831 5806 1956 5844 eum

382 5861 487 5901 vox
524 5851 806 5916 deﬁceret,
841 5864 898 5908 ut
929 5865 1120 5910 auctor
1150 5868 1232 5912 est
1254 5851 1503 5915 Justinus
1526 5851 1630 5916 lib.
1649 5876 1708 5914 ιι.
1736 5861 1957 5932 Aliquid

659 5946 929 6027 ΡΑτιιοι.
978 5949 1095 6009 Gn.
1139 5951 1221 6013 X.

2081 600 2231 644 ctum
2278 589 2419 657 ejus.
2467 586 2610 640 Mille
2656 585 2822 638 millia
2867 584 3253 639 ministrabant
3279 584 3352 650 ei,
3387 591 3442 638 et
3480 585 3661 640 decies

2080 690 2308 736 centena
2332 680 2499 734 millia
2524 679 2856 734 assistebant
2880 677 2950 732 ei.
2967 675 3241 732 Judicium
3269 677 3428 742 sedit,
3452 686 3506 732 et.
3535 677 3659 730 libri

2080 777 2251 846 aperti
2276 786 2423 831 sunt.
2443 774 2793 844 Aspieiebant
2810 783 2938 828 tunc
2963 790 2991 828 a
3016 789 3150 828 voce
3164 789 3477 828 sermonum
3503 789 3662 844 gran-

2078 868 2255 932 dium,
2291 882 2429 936 quos
2451 881 2622 920 cornu
2658 866 2788 920 illud
2816 866 3162 934 loquebatur,
3192 863 3552 934 quoadusque
3581 863 3662 918 in-

2079 959 2304 1016 terfecta
2341 968 2426 1014 est
2459 959 2631 1014 bestia
2663 968 2716 1013 et
2739 959 2930 1028 periit;
2969 968 3021 1012 et
3082 973 3284 1027 corpus
3315 959 3434 1029 ejus
3465 959 3653 1013 datum

2078 1061 2161 1108 est
2191 1053 2246 1107 in
2277 1052 2713 1108 combustionem
2752 1051 2914 1120 ignis.
2955 1049 3019 1103 Et
3076 1061 3395 1106 caterarum
3454 1049 3657 1105 bestia-

2079 1159 2200 1198 rum
2230 1143 2528 1197 translatus
2555 1150 2639 1196 est
2667 1141 3010 1211 principatus
3036 1142 3100 1196 ³⁰.

2147 1232 2313 1288 XXII.
2345 1253 2363 1286 ι
2387 1233 2727 1304 Aspicieham
2757 1233 2811 1286 in
2845 1233 3052 1287 visione
3085 1233 3289 1287 noctis:
3310 1240 3365 1286 et
3387 1247 3512 1288 ecce
3529 1247 3655 1288 cum

2080 1329 2316 1383 nubibus
2360 1328 2482 1383 cali
2521 1327 2678 1396 quasi
2728 1325 2901 1380 Filius
2948 1326 3187 1379 hominis
3232 1344 3245 1379 :
3289 1334 3343 1380 et
3374 1341 3547 1396 usque
3586 1327 3655 1380 ad

2076 1419 2373 1488 Antiquam
2408 1420 2620 1475 dierum
2664 1417 2942 1489 pervenit,
2990 1427 3044 1472 et
3086 1418 3300 1473 oblatus
3343 1426 3428 1473 est
3474 1418 3545 1473 ei.
3591 1417 3658 1472 Et

2076 1514 2262 1568 datum
2309 1521 2392 1567 est
2436 1513 2488 1567 ei
2540 1512 2829 1581 imperium
2873 1520 2929 1566 et
2976 1508 3150 1565 honor
3191 1521 3245 1565 et
3291 1526 3554 1582 regnum;
3603 1519 3658 1565 et

2077 1620 2269 1660 omnes
2300 1604 2485 1674 p0puli
2507 1643 2521 1668 ,
2547 1603 2720 1657 tribus
2744 1612 2797 1657 et
2817 1603 3015 1673 linguae
3042 1602 3282 1658 servient
3303 1603 3373 1656 ei.
3405 1601 3656 1658 Potestas

2076 1699 2230 1769 ejus,
2282 1707 2522 1769 potestas
2567 1705 2766 1752 aterna
2793 1736 2808 1760 ,
2861 1711 2984 1766 qua
3036 1711 3144 1750 non
3180 1696 3561 1766 pet-transibit,
3601 1704 3657 1751 et

2076 1807 2304 1863 regnum
2337 1791 2457 1861 ejus
2491 1805 2601 1845 non
2632 1789 2875 1844 interibit
2897 1788 2960 1841 ³¹.
2999 1806 3019 1840 ι

2142 1970 2333 2028 XXIII.
2375 1969 2514 2037 Quia
2557 1970 2726 2041 igitur
2765 1985 2889 2039 qua
2933 1967 3016 2025 sic
3055 1983 3258 2023 arcano
3299 1982 3462 2025 sensu
3511 1967 3652 2022 dicta

2072 2075 2233 2132 sunt,
2283 2063 2564 2121 nonnullis
2618 2064 2874 2119 videntur
2922 2071 3084 2132 captu
3134 2060 3401 2128 dillicilia;
3462 2073 3654 2114 eorum

2073 2156 2209 2212 nihil
2246 2154 2682 2220 abscondemus,
2725 2164 2785 2208 ut
2816 2152 3123 2224 intelligant
3161 2153 3256 2222 qui
3291 2167 3426 2208 sana
3472 2162 3655 2206 mente

2071 2249 2281 2322 praediti
2313 2256 2464 2304 sunt.
2492 2246 2744 2303 Leanam
2771 2244 2920 2300 enim
2950 2244 3184 2300 dicendo
3205 2244 3601 2321 ascendentem.
3623 2257 3655 2298 e

2073 2342 2235 2409 mari,
2261 2340 2688 2413 Babyloniorum
2721 2353 2949 2406 regnum
2981 2339 3036 2392 in
3062 2335 3269 2391 mundo
3301 2335 3653 2406 signiﬁcavit,

2073 2434 2222 2506 quod
2252 2433 2420 2504 hujus
2450 2430 2731 2487 simulacri
2754 2438 2875 2486 erat
2899 2438 3063 2498 caput
3092 2443 3343 2484 aureum.
3376 2425 3534 2494 Quod
3556 2442 3656 2480 au-

2077 2539 2183 2586 tem
2218 2529 2388 2586 dicit:
2429 2546 2447 2579 ι
2475 2527 2590 2582 Ala
2621 2526 2740 2597 ejus
2782 2523 2943 2595 quasi
2973 2523 3201 2594 aquila;
3240 2540 3258 2573 ι
3293 2521 3421 2592 quia
3447 2523 3656 2577 exalta-

2077 2633 2164 2682 tus
2194 2633 2277 2680 est
2305 2639 2398 2678 rex
2433 2621 2937 2677 Nabuchodonosor
2966 2627 3019 2672 et
3044 2618 3305 2672 adversus
3336 2615 3507 2671 Deum
3537 2617 3652 2671 ela-

2077 2726 2185 2773 tus.
2217 2716 2356 2772 Tum
2391 2717 2467 2771 ait
2497 2733 2511 2768 :
2553 2733 2571 2766 ι
2603 2715 2818 2769 Evulsa
2851 2719 2982 2768 sunt
3011 2713 3109 2766 ala
3143 2711 3292 2780 ejus;
3325 2731 3344 2762 ι
3373 2711 3502 2780 quia
3533 2711 3652 2779 ejus

2075 2811 2256 2866 ablata
2295 2809 2465 2881 gloria
2497 2817 2582 2864 est
2615 2825 2629 2863 :
2666 2807 2769 2862 fuit
2806 2807 2952 2862 enim
3005 2804 3211 2872 ejectus
3260 2819 3290 2858 e
3330 2818 3498 2874 regno
3529 2819 3651 2858 suo.

2075 2901 2317 2957 Dieendo
2366 2911 2548 2956 autem
2585 2918 2599 2955 :
2642 2917 2660 2950 ι
2689 2891 2796 2954 Cor
2835 2894 3078 2952 hominis
3135 2895 3321 2948 datum
3363 2893 3561 2960 estei,
3601 2903 3656 2948 et

2077 3010 2242 3064 super
2269 2994 2434 3064 pedes
2469 2992 2708 3048 hominis
2733 2989 2916 3056 stetit;
2960 3008 2978 3040 ι
3005 2987 3134 3057 quia
3164 2986 3360 3042 ductus
3386 2986 3655 3056 poeniten-

2077 3087 2151 3140 tia
2181 3094 2286 3150 est,
2317 3086 2434 3156 ipse
2467 3100 2526 3140 se
2553 3088 2735 3154 ipsum
2760 3095 3087 3152 agnoscens,
3112 3077 3257 3149 quod
3284 3078 3446 3133 homo
3470 3087 3651 3142 esset;

2000 3202 2042 3260 α
2077 3189 2131 3234 ει
2157 3178 2305 3233 dedit
2333 3178 2561 3249 gloriam
2601 3175 2730 3230 Deo.

2149 3269 2336 3328 XXIV.
2378 3270 2510 3325 Post
2532 3270 2756 3325 leanam
2783 3283 2934 3339 ergo,
2955 3267 3252 3323 secundum
3276 3266 3474 3321 animal
3509 3264 3653 3320 videt

2073 3381 2205 3421 urso
2228 3365 2426 3432 simile,
2453 3362 2597 3433 quod
2628 3371 2757 3418 sunt
2780 3361 2986 3422 Persa.
3007 3360 3139 3416 Post
3161 3359 3482 3432 Babylonios
3501 3358 3645 3412 enim

2070 3457 2251 3512 Persa
2297 3471 2481 3510 rerum
2531 3456 2686 3525 potiti
2737 3465 2884 3510 sunt.
2930 3453 3169 3510 Dicendo
3207 3460 3425 3507 autem:
3457 3470 3475 3504 ι
3515 3449 3652 3505 Tres
3687 3501 3696 3507 .

2071 3559 2238 3604 eoSIa
2271 3547 2408 3614 (sive
2433 3547 2677 3614 ordines)
2704 3547 2756 3598 in
2787 3561 2882 3600 ore
2912 3546 3052 3614 ejus,
3088 3565 3106 3596 ι
3136 3555 3244 3600 tres
3272 3554 3457 3615 gentes
3482 3544 3653 3615 signi-

2073 3635 2269 3698 ﬁcavit,
2289 3632 2506 3697 Persas,
2533 3633 2720 3688 Medos
2747 3643 2802 3688 et
2823 3634 3150 3706 Babylonios
3177 3651 3191 3689 :
3225 3634 3385 3704 idque
3413 3634 3652 3689 ostendit

2071 3736 2360 3798 argentum
2393 3725 2714 3796 adjunctum
2745 3741 2884 3781 auro
2930 3727 2985 3780 in
3029 3727 3343 3782 simulacro.
3393 3725 3650 3796 Sequitur

2073 3820 2229 3874 tertia
2278 3819 2482 3884 bestia,
2535 3817 2772 3887 pardus,
2814 3832 3009 3887 nempe
3053 3817 3250 3876 Graci.
3295 3816 3424 3872 Post
3453 3815 3650 3871 Persas

2071 3914 2218 3967 enim
2240 3912 2546 3966 Alexander
2569 3910 2790 3966 Macedo
2811 3927 2992 3966 rerum
3026 3911 3232 3980 potitus
3260 3919 3362 3975 est,
3385 3908 3652 3966 debellato

2075 4006 2239 4061 Dario
2261 4046 2275 4071 ,
2308 4006 2403 4076 qui
2438 4006 2490 4059 in
2535 4006 2834 4061 simulacro
2878 4006 3002 4060 aris
3035 4005 3216 4074 specie
3258 4013 3514 4059 ostensus
3543 4014 3647 4058 est.

2073 4098 2314 4154 Dicendo
2367 4106 2547 4152 autem
2581 4115 2596 4153 :
2637 4115 2654 4148 ι
2686 4099 2932 4163 Quatuor
2975 4096 3093 4151 alas
3121 4096 3392 4160 volucris,
3424 4113 3443 4145 ›
3494 4109 3654 4164 aper-

2072 4193 2286 4247 tissime
2327 4191 2513 4246 docuit
2544 4189 2822 4260 quomodo
2863 4189 3158 4243 Alexandri
3191 4187 3480 4258 imperium
3511 4187 3652 4242 divi-

2073 4301 2195 4340 sum
2255 4283 2378 4340 fuit.
2424 4282 2664 4338 Dicendo
2696 4284 2841 4338 enim
2893 4302 2911 4334 ι
2943 4290 3180 4350 quatuor
3213 4279 3414 4348 capita,
3458 4299 3476 4330 ι
3512 4295 3650 4349 qua-

2071 4361 2197 4434 tuor
2241 4379 2450 4450 quiex
2499 4378 2594 4432 illo
2645 4384 3033 4441 surrexerunt,
3098 4389 3252 4444 reges
3301 4373 3647 4428 memoravit.

2071 4470 2563 4528 Alexanderenim
2631 4468 2912 4534 moriens,
2958 4465 3246 4537 imperium
3299 4465 3536 4520 solidum
3591 4463 3649 4519 in

1995 4565 2039 4619 D
2069 4574 2307 4636 quatuor
2333 4575 2517 4635 partes
2538 4563 2740 4618 divisit.

2068 4816 2223 4878 certe
2239 4804 2359 4874 ejus
2387 4809 2977 4878 nutusintercessisse,
3002 4817 3062 4862 ut
3087 4808 3138 4863 in
3166 4820 3367 4874 tantos,
3393 4806 3549 4878 quasi
3579 4822 3646 4862 ex

2067 4877 2322 4932 condicto
2341 4916 2356 4939 ,
2387 4885 2534 4932 tanta
2564 4877 2680 4932 hac
2711 4877 2924 4947 imperii
2975 4880 3144 4935 moles
3171 4877 3523 4942 divideretur,
3556 4879 3647 4932 cui

2068 4962 2230 5020 nemo
2273 4963 2416 5002 unus
2443 4958 2638 5020 prater
2668 4949 3039 5020 Alexandrum
3066 4966 3162 5020 par
3197 4949 3314 5004 fore
3345 4950 3644 5005 videretur.

2069 5016 2272 5071 indicio
2296 5025 2400 5082 est,
2443 5019 2591 5087 quod
2625 5019 2773 5073 nullo
2799 5021 2900 5075 sibi
2931 5016 3301 5075 monarchiam
3323 5019 3644 5087 universam

2066 5097 2388 5159 usurpante,
2419 5086 2655 5159 quisque
2686 5099 2838 5158 parte
2865 5101 3178 5156 contentus,
3224 5091 3420 5145 amulo
3451 5086 3647 5159 cedere

2064 5158 2216 5213 visus
2259 5167 2344 5214 est
2371 5175 2384 5210 :
2414 5157 2668 5234 etsihac
2692 5157 3104 5234 πολυκοιρανίη
3127 5202 3152 5234 ,_
3179 5165 3317 5234 inter
3354 5157 3647 5234 Alexandri

2065 5244 2416 5285 successores
2442 5230 2708 5284 bellorum
2740 5228 3103 5285 seminarium
3130 5232 3252 5286 fuit.
3279 5231 3502 5286 Curtius
3527 5228 3562 5280 l.
3589 5242 3642 5290 κ,

2066 5315 2117 5371 c.
2159 5298 2266 5354 10:
2299 5319 2318 5371 ι
2350 5300 2741 5368 Crediderunt,
2794 5302 3002 5371 inquit,
3049 5304 3272 5370 quidam
3323 5308 3644 5355 testamento

2065 5370 2360 5425 Alexandri
2389 5371 2710 5426 distributas
2741 5370 3230 5441 esse’provincias;
3261 5391 3279 5422 ι
3311 5373 3473 5441 idque
3497 5385 3527 5423 a
3553 5385 3646 5421 va-

2067 5442 2164 5495 riis
2197 5442 2516 5496 auctoribus
2550 5445 2807 5496 traditum
2842 5443 3075 5508 asserit,
3117 5443 3242 5495 licet
3275 5443 3389 5510 ipse
3421 5450 3644 5495 contra—

2068 5512 2211 5565 rium
2247 5514 2464 5567 sentiat.
2499 5513 2658 5578 Quod
2685 5516 2771 5567 vel
2799 5515 2842 5567 si
2880 5514 2950 5566 ita
2985 5513 3215 5567 dixisset
3248 5529 3402 5566 sacer
3432 5523 3646 5572 auctor,

2068 5585 2245 5652 major
2269 5583 2428 5636 nobis
2451 5585 2584 5637 lides
2609 5597 2774 5646 esset,
2804 5600 2969 5650 quam
2992 5599 3183 5638 eorum
3213 5583 3304 5652 qui
3331 5599 3358 5635 a
3383 5581 3647 5635 Perdicca

2067 5650 2264 5706 factam
2302 5655 2492 5708 volunt
2521 5669 2642 5707 eam
2677 5655 3035 5720 divisionem,
3074 5650 3245 5707 modo
3282 5654 3374 5706 illo
3407 5668 3437 5705 a
3485 5652 3649 5704 nobis
3747 5675 3752 5680 -

2067 5737 2130 5775 ex
2155 5723 2373 5778 Justino
2409 5724 2681 5790 indicato,
2707 5739 2760 5779 et
2789 5728 2863 5779 ab
2898 5725 2989 5778 illo
3020 5725 3266 5794 pluribus
3308 5722 3507 5782 tradito
3523 5736 3556 5794 _:
3595 5723 3646 5770 in

2065 5809 2229 5860 quam
2277 5795 2599 5847 sententiam
2644 5797 2822 5849 ierunt
2871 5791 3173 5860 Diodorus,
3219 5795 3476 5856 Curtius,
3511 5791 3640 5844 Oro-

2066 5867 2183 5918 sius
2203 5903 2218 5931 ,
2243 5874 2349 5919 etc.
2384 5863 2567 5935 Ipsum
2597 5865 2968 5920 Alexandrum
3004 5884 3228 5937 regnum
3258 5865 3516 5937 divisisse
3557 5877 3648 5913 as«

3205 5963 3281 6021 ει
