4134 6384
458 369 565 427 747
1095 367 1151 422 S.
1194 366 1557 424 HIPPOLYTI
1595 367 1746 424 OPP.
1790 369 1969 426 PARS
2008 371 2074 426 Π.
2114 402 2186 412 -
2222 368 2525 425 DOGMAT.
2567 368 2657 425 ET
2697 368 3041 427 HISTORIC.
3611 372 3717 430 ’ἷζε

534 490 699 545 XXV.
740 487 947 544 Deinde
996 487 1113 542 ait:
1152 506 1171 541 ι
1210 487 1387 543 Bestia
1431 498 1629 559 quarta
1673 489 1933 545 terribilis
1969 505 2034 544 ac
2063 505 2107 552 Α

462 582 729 655 stupenda
755 601 769 637 :
797 581 989 636 dentes
1009 579 1129 649 ejus
1152 578 1335 646 ferrei,
1363 589 1417 635 et
1438 596 1648 652 ungues
1677 581 1798 651 ejus
1826 581 1980 637 aenei.
2007 600 2026 633 ι

460 676 699 743 Quinam
733 674 825 730 isti
855 673 962 728 nisi
1010 670 1279 727 Romani?
1305 672 1452 743 quod
1495 682 1581 727 est
1613 671 1819 728 ferrdm
1840 713 1855 737 ,
1887 673 2032 743 quod

460 784 609 823 nunc
631 775 738 823 stat
761 773 1055 834 manetque
1079 764 1369 834 imperium
1394 778 1410 819 :
1433 780 1593 821 crura
1616 766 1763 820 enim
1786 766 1907 835 ejus
1932 764 2034 821 fer-

458 875 571 914 rea.
602 857 734 914 Post
758 858 875 913 haec
899 856 1065 922 enim,
1087 856 1219 927 quid
1249 857 1396 912 aliud
1428 867 1666 928 superat,
1692 859 2031 927 charissime,

456 961 651 1023 prazter
685 950 912 1020 vestigia
945 949 1144 1020 pedum
1196 949 1510 1017 simulacri,
1558 950 1613 1004 in
1653 952 1854 1022 quibus
1907 968 2035 1022 pars

458 1044 705 1114 quaedam
731 1040 928 1107 ferrea,
962 1056 1090 1110 pars
1115 1056 1247 1096 vero
1272 1050 1442 1097 testea
1474 1051 1579 1106 est,
1611 1044 1917 1099 commistis
1950 1045 2035 1099 in-

458 1143 541 1190 ter
565 1150 625 1189 se
654 1133 982 1205 speciebus?
1018 1131 1123 1189 Per
1165 1148 1377 1204 ungues
1402 1134 1600 1204 pedum
1631 1149 1833 1191 arcano
1868 1151 2034 1193 sensu

456 1242 614 1298 rcges
640 1243 705 1282 ex
732 1226 827 1281 illo
855 1236 1039 1281 ortum
1073 1225 1360 1281 habituros
1388 1225 1716 1297 designavit,
1741 1227 1820 1283 uti
1845 1226 2035 1283 Daniel

455 1319 575 1373 ait:
618 1336 637 1369 ι
667 1316 988 1389 Cogitabam
1031 1316 1301 1383 bestiam;
1343 1325 1398 1371 et
1436 1331 1566 1372 ecce
1596 1317 1783 1372 decem
1826 1331 2034 1373 cornua

453 1421 603 1467 retro
629 1426 749 1466 eam
777 1427 789 1462 :
811 1410 953 1464 inter
975 1424 1097 1480 qua:
1124 1418 1311 1480 surget
1338 1409 1682 1465 minusculus
1706 1410 1847 1466 Slolo
1871 1409 2032 1475 alius,

455 1513 508 1559 ct
550 1504 655 1557 tria
687 1518 809 1573 quae
857 1511 982 1557 ante
1038 1502 1219 1572 ipsum
1266 1510 1462 1570 erant,
1503 1516 1713 1558 cornua
1761 1503 1973 1557 evellet.
2009 1516 2057 1554 ι’

455 1598 577 1664 Quo
605 1613 712 1653 non
745 1596 891 1651 aliud
925 1610 1091 1666 quam
1126 1595 1497 1651 Antichristus
1545 1604 1884 1652 monstratus
1914 1603 2033 1661 est,

458 1690 551 1759 qui
573 1699 628 1742 et
659 1689 774 1758 ipse
798 1686 1112 1743 Judaaorum
1140 1702 1368 1758 regnum
1392 1688 1759 1743 suscitaturus
1782 1697 1886 1745 est.
1907 1687 2037 1742 Tria

454 1796 660 1836 cornua
703 1796 802 1852 per
832 1796 957 1835 eum
990 1781 1202 1845 evulsa,
1238 1789 1351 1836 tres
1382 1795 1538 1851 reges
1567 1788 1748 1845 vocat,
1784 1779 2033 1852 Egypti,

2214 489 2449 544 Ἐπειτά
2476 505 2608 560 φησι
2630 505 2646 519 ·
2679 508 2700 540 ι
2725 488 2928 562 Θηρίον
2950 489 3207 562 τέταρτον
3234 490 3465 564 φοϐερὸν
3497 492 3594 547 κα)⁵
3628 492 3722 547 ἔκ-

2136 580 2346 652 θαμϐον
2364 598 2377 611 ’
2396 582 2445 633 οἱ
2471 580 2680 644 ὀδόντες
2704 580 2870 634 αὐτοῦ
2905 580 3135 653 σιδηροῖ,
3156 583 3251 635 καὶ
3269 583 3318 636 οί
3334 582 3525 656 ὄνυχες
3553 585 3721 640 αὑτοῦ

2135 673 2343 745 χαλκοῖ.
2370 692 2389 725 ι
2419 673 2576 735 Τίνες
2602 664 2748 725 οὗτοι
2779 670 2895 726 ἀλλ’
2925 670 2960 743 ἢ
2999 672 3296 743 Ῥωμαῖοις
3329 674 3468 745 ὅπερ
3508 675 3658 727 ἐστὶν
3692 676 3724 728 ὀ

2137 767 2383 838 σίδηρος,
2415 769 2449 838 ή
2478 764 2571 819 νῦν
2598 763 2813 817 ἐστῶσα
2841 763 3120 833 βασιλεία·
3151 766 3208 818 αἰ
3241 767 3449 837 κνῆμαι
3479 767 3589 840 γὰρ
3620 768 3724 821 αὖε

2133 858 2233 929 τῆς
2266 857 2501 929 σιδηραῖ.
2540 857 2695 911 Μετὰ
2731 856 2840 928 γὰρ
2867 855 3028 910 τοῦτο
3067 856 3121 908 τί
3151 857 3535 928 παρείλειπται
3573 858 3719 931 (54),

2133 949 2387 1019 ἀγαπητέ
2406 989 2421 1015 ,
2447 948 2562 1003 ἀλλ’
2602 947 2635 1020 ἢ
2669 948 2737 1003 τὰ
2761 950 2883 1019 ῐχνη
2916 947 3024 1002 τῶν
3057 946 3236 1001 ποδῶν
3263 949 3363 1019 τῆς
3391 948 3627 1015 εἰκόνος,
3661 952 3723 1004 ἐν

2132 1035 2215 1105 οἷς
2260 1039 2427 1111 μέρος
2477 1038 2660 1110 μέντοι
2707 1036 2819 1109 (55)
2867 1037 2985 1091 ἐστὶ
3018 1034 3306 1108 σιδηροῦν,
3361 1038 3528 1111 μέρος
3574 1039 3632 1093 δέ
3667 1056 3725 1094 τι

2133 1132 2452 1205 ὀστράκινον
2472 1172 2487 1197 ,
2513 1130 2962 1202 ἀναμεμιγμένον
2994 1128 3105 1202 (56)
3138 1132 3217 1194 είς
3243 1130 3480 1201 ἄλληλα;
3511 1132 3723 1185 Μυστι.⁴

2133 1224 2248 1288 κῶς
2275 1223 2509 1295 ἐδήλωσε
2541 1222 2629 1278 διὰ
2660 1223 2770 1276 τῶν
2799 1220 3079 1277 δακτύλων
3104 1221 3215 1276 τῶν
3241 1222 3419 1277 ποδῶν
3460 1225 3586 1287 τοὺς
3621 1222 3721 1294 βα-

2136 1316 2301 1380 σιλεῖς
2319 1357 2335 1381 ,
2372 1316 2497 1381 τοὺς
2530 1314 2591 1381 ἐξ
2616 1315 2797 1369 αὐτῶν
2818 1314 3201 1386 ἐγειρομένους
3218 1356 3232 1381 ,
3272 1315 3418 1386 ἅπερ
3440 1314 3589 1385 λέγει
3617 1317 3723 1369 Δα-

2134 1408 2256 1479 νιήλ
2277 1423 2290 1438 ο
2325 1426 2345 1459 ι
2375 1406 2712 1478 Προσενόουν
2743 1405 2804 1459 τὸ
2834 1405 3023 1476 θηρίον
3043 1444 3058 1469 ,
3090 1405 3186 1458 καί
3214 1386 3324 1459 ἰδού
3348 1405 3481 1459 δέκα
3507 1405 3722 1477 κέρατα

2133 1498 2308 1552 ὀπίσω
2335 1497 2598 1562 αύτοῦ,ἐν
2629 1491 2710 1559 οἷς
2735 1494 3070 1566 ἀναϐήσεται
3102 1495 3289 1567 ἕτερον
3320 1496 3717 1567 παραφυάδιον,

2134 1591 2230 1643 καὶ
2276 1588 2406 1660 τρία
2446 1587 2557 1642 τῶν
2610 1588 2718 1662 πρὸ
2766 1586 2932 1641 αὐτοῦ
2984 1585 3311 1659 ἐκριζώσεν
3365 1607 3383 1639 ι
3433 1588 3574 1659 ὅπερ
3635 1587 3722 1640 δέ-

2133 1679 2343 1732 δεικται
2388 1678 2499 1750 (57)
2535 1678 2634 1749 ούχ
2660 1677 2884 1749 ἕτερον,
2930 1678 3044 1733 ἀλλ’
3087 1680 3120 1751 ἢ
3161 1680 3191 1731 ὁ
3231 1679 3627 1750 Ἀντίχριστος,
3661 1678 3720 1741 ὃς

2138 1773 2232 1826 καὶ
2264 1772 2428 1835 αὐτὸς
2455 1771 2555 1844 τήν
2608 1770 2875 1826 Ἰουδαίων
2908 1770 3183 1841 βασιλείαν
3217 1773 3534 1843 ἀναστήσει.
3581 1772 3722 1843 Τρία
3773 1794 3779 1800 -

456 1871 639 1944 Libyae
678 1882 735 1927 et
779 1871 1077 1942 ⁴λΕιΙιὶοιιίειει
1099 1913 1114 1937 ,
1157 1887 1298 1943 quos
1328 1872 1618 1928 interticiet
1647 1874 1701 1928 in
1734 1873 1860 1929 belli
1894 1851 2031 1929 acie.

2138 1864 2346 1937 κέρατα
2374 1863 2521 1932 λέγει
2548 1862 2642 1916 ὑπ’
2674 1862 2837 1917 αὑτοῦ
2873 1864 3245 1935 ἐκριζοῦσθαι,
3278 1865 3405 1928 τοὺς
3437 1866 3586 1937 τρεῖς
3621 1864 3718 1935 βα-

454 1961 559 2018 Hic
608 1961 872 2016 nimirum
914 1961 1161 2017 omnium
1196 1961 1351 2032 gravi
1394 1961 1623 2031 imperio
1653 1963 1859 2033 potitus
1884 2001 1899 2026 ,
1940 1962 2033 2032 qui

2139 1953 2305 2017 σιλεῖς
2330 1952 2628 2022 Αἰγύπτου,
2659 1951 2875 2007 Λιϐύων
2907 1970 2965 2006 τε
2999 1954 3091 2007 καὶ
3120 1953 3410 2019 Αἰθιόπων,
3437 1954 3530 2018 οὓς
3561 1956 3716 2009 ἀναι-

454 2067 633 2108 smvus
678 2061 947 2124 tyrannus
1000 2052 1099 2118 sit,
1144 2052 1550 2107 tribulationem
1586 2068 1652 2108 ac
1700 2053 2034 2123 persecutio-

2141 2050 2224 2120 ρεί
2273 2049 2332 2100 ἐν
2380 2044 2681 2119 παρατάξει
2729 2045 2967 2117 πολέμου
2986 2063 3000 2076 ·
3051 2046 3111 2111 ὃς
3166 2048 3444 2119 κρατήσας
3499 2049 3714 2102 πάντων

452 2160 579 2200 nem
612 2144 670 2198 in
698 2144 951 2201 homines
975 2144 1255 2210 movebit,
1289 2144 1556 2200 adversus
1583 2160 1724 2215 quos
1753 2143 2037 2223 ederetur.

451 2231 544 2308 A’it
598 2232 747 2286 enim
810 2231 998 2287 Daniel
1049 2250 1063 2289 :
1126 2250 1146 2285 ι
1187 2231 1573 2303 Attentiusque
1620 2233 2035 2291 considerabam

446 2338 659 2389 cornu;
705 2331 761 2379 et
804 2338 931 2381 ecce
978 2338 1151 2381 cornu
1194 2324 1332 2381 illud
1377 2324 1613 2381 faciebat
1656 2326 1855 2382 bellum
1906 2343 2031 2382 cum

452 2420 690 2488 sanctis,
719 2428 774 2475 et
818 2420 1148 2491 praevalebat
1189 2421 1454 2477 adversus
1484 2436 1612 2488 eos;
1644 2421 1819 2479 donec
1862 2424 2034 2479 inter-

453 2521 593 2578 fecta
623 2531 708 2577 est
731 2521 905 2577 bestia
933 2529 989 2576 et
1020 2521 1247 2587 interiit,
1278 2530 1334 2576 et
1357 2536 1558 2594 corpus
1588 2521 1711 2592 ejus
1734 2522 1922 2578 datum
1949 2533 2035 2580 est

452 2617 507 2671 in
535 2614 972 2671 combustionem
1003 2613 1144 2685 ignis
1167 2613 1231 2669 ⁸⁸.
1266 2633 1287 2667 ι

522 2793 716 2850 XXVI.
745 2794 902 2850 Brevi
931 2804 1049 2865 post
1076 2793 1257 2849 veniet
1274 2792 1341 2850 de
1365 2793 1521 2850 caelis
1549 2793 1690 2865 lapis
1715 2794 1760 2827 ³³
1783 2794 1880 2865 qui
1903 2810 2030 2866 per-

449 2889 626 2946 cussit
663 2888 1024 2945 simulacrum
1068 2895 1125 2943 et
1159 2888 1291 2943 illud
1329 2887 1624 2953 contrivit,
1669 2897 1835 2959 atque
1864 2902 2032 2961 regna

453 2980 764 3046 transtulit,
806 2990 862 3037 et
885 2981 1092 3037 sanctis
1141 2979 1409 3037 Altissimi
1440 2995 1671 3052 regnum
1713 2982 1882 3037 dedit.
1931 2980 2033 3037 Hic

450 3083 536 3131 est
560 3073 652 3145 qui
684 3072 863 3129 factus
892 3081 991 3128 est
1020 3072 1077 3127 in
1125 3080 1366 3128 montem
1414 3088 1673 3144 magnum
1703 3084 1758 3129 et
1790 3074 2034 3144 implevit

2134 2140 2360 2206 δεινῶς,
2393 2141 2544 2211 ὅμως
2576 2139 2688 2211 (58)
2720 2138 2983 2211 τύραννος
3014 2140 3110 2205 ὢν,
3139 2138 3319 2209 θλίψιν
3352 2140 3448 2194 καὶ
3475 2140 3717 2212 διωγμὸν

2136 2232 2229 2284 ἐπὶ⁷
2258 2231 2383 2294 τοὺς
2415 2228 2737 2302 ἀνθρώπους
2770 2231 2988 2302 ποιήσει
3012 2269 3028 2293 ,
3064 2231 3426 2303 ἐπαιρόμενος
3461 2233 3582 2286 κατ’
3620 2232 3719 2285 αὐ-

2134 2319 2263 2375 τῶν.
2298 2318 2463 2388 Λέγει
2494 2319 2603 2395 γάρ
2646 2320 2880 2391 Δανιήλ·
2924 2339 2943 2371 ι
2986 2320 3319 2392 Προσενόουν
3371 2321 3450 2392 τῷ
3491 2322 3712 2393 κέρατι,

2135 2412 2231 2465 καὶ
2279 2410 2389 2464 ἰδοὺ
2432 2410 2494 2464 τὸ
2534 2411 2701 2483 κέρας
2732 2412 2911 2465 ἐκεῖνο
2955 2411 3128 2465 ἐποίει
3174 2412 3409 2483 πόλεμον
3441 2413 3577 2484 μετὰ
3607 2412 3715 2467 τῶν

2135 2505 2327 2575 ἁγίων,
2362 2506 2456 2557 καὶ
2488 2503 2642 2575 ῐσχυε
2675 2503 2811 2577 πρὸς
2845 2485 3044 2569 αὐτοὺς
3065 2545 3077 2568 ,
3114 2503 3220 2569 ἕως
3250 2507 3488 2579 ἀνῃρέθη
3520 2507 3581 2561 τὸ
3612 2508 3713 2580 θη·-

2134 2596 2251 2671 ρίον
2301 2597 2396 2651 καὶ
2436 2595 2717 2663 ἀπώλετο,
2771 2597 2968 2651 καὶτὸ
3014 2597 3173 2669 σῶμα
3213 2598 3374 2652 αὐτοῦ
3426 2599 3581 2674 ἐδόθη
3636 2603 3717 2664 εἰς

2134 2686 2330 2742 καῦσιν
2364 2688 2557 2760 πυρός.
2595 2705 2614 2739 ι
3462 2680 3465 2687 ’

2202 2780 2342 2835 Μετ’
2370 2778 2549 2848 ὀλίγον
2580 2778 2699 2850 ἥξει
2731 2779 2827 2833 ἀπ’
2870 2780 3114 2851 οὐρανῶν
3148 2782 3177 2834 ὀ
3208 2779 3356 2845 λίθος
3394 2780 3423 2833 ὀ
3470 2779 3718 2846 πατάξας

2133 2872 2233 2945 τὴν
2262 2872 2443 2925 είκόνα
2465 2912 2480 2938 ,
2521 2870 2941 2944 καίκσυντρίψας
2984 2873 3187 2944 αὐτὴν,
3227 2873 3322 2926 καὶ
3369 2875 3716 2945 μεταστήσας

2134 2964 2317 3030 πάσας
2350 2964 2448 3029 τὰς
2481 2957 2757 3035 βασιλείας
2776 2965 2919 3030 “xui.
2950 2964 3074 3029 δοὺς
3104 2964 3203 3037 τὴν
3236 2964 3510 3036 βασιλείαν
3539 2965 3717 3034 ἁγίοις

2147 3058 2422 3128 Ὑψίστου.
2464 3049 2633 3121 Οὗτος
2660 3059 2689 3110 ὁ
2717 3055 2967 3129 γενηθεὶς
2996 3058 3077 3122 είς
3105 3057 3230 3130 ὄρος
3259 3057 3423 3127 μέγα,
3458 3058 3551 3110 καὶ
3581 3057 3719 3129 πλη-

451 3168 767 3223 universam
798 3174 1021 3232 terram,
1049 3165 1117 3222 de
1137 3181 1248 3237 quo
1276 3164 1466 3221 Daniel
1491 3167 1604 3221 ait:
1646 3185 1665 3219 ι
1686 3166 2027 3238 Aspiciebam

2137 3148 2318 3221 ρὼσας
2342 3150 2522 3203 πᾶσαν
2549 3135 2645 3220 τήν
2666 3148 2790 3219 γῆν,
2811 3146 2939 3220 περί
2958 3144 3019 3202 οὗ
3044 3147 3240 3219 Δανιὴλ
3272 3148 3420 3216 λέγει
3437 3164 3452 3179 ·
3477 3167 3495 3199 ι
3518 3146 3717 3200 Ἐθεώ-

452 3258 507 3313 in
538 3259 751 3315 visione
782 3259 961 3314 noctis
993 3277 1007 3313 :
1038 3268 1093 3313 et
1124 3273 1254 3314 ecce
1282 3273 1410 3314 cum
1438 3259 1680 3314 nubibus
1710 3260 1835 3315 coeli
1868 3259 2031 3331 quasi

2139 3259 2265 3315 ρουν
2300 3244 2358 3294 ἐν
2388 3240 2625 3315 ὁράματι
2657 3239 2758 3311 τῆς
2788 3239 3013 3305 νυκτὸς,
3043 3241 3139 3294 καί
3176 3240 3284 3294 ἰδοὺ
3320 3239 3460 3311 μετά
3490 3239 3601 3293 τῶν
3630 3256 3721 3294 νε·-

456 3354 627 3409 Filius
656 3353 897 3409 hominis
922 3354 1182 3418 veniens;
1208 3359 1264 3406 et
1294 3365 1467 3421 usque
1495 3351 1563 3406 ad
1587 3350 1888 3422 Antiquum
1915 3351 2033 3408 die-

460 3460 582 3500 rum
612 3445 898 3516 pervenit,
931 3452 987 3499 et
1025 3443 1240 3500 oblatus
1269 3452 1358 3499 est
1401 3444 1471 3499 ei.
1519 3441 1587 3509 Et
1631 3443 1821 3499 datum
1847 3453 1930 3500 est
1981 3444 2032 3501 ei

457 3538 749 3607 imperium
794 3544 850 3591 et
895 3536 1074 3591 honor
1114 3544 1169 3590 et
1194 3548 1459 3605 regnum;
1491 3542 1546 3589 et
1578 3549 1771 3590 omnes
1802 3535 1988 3606 populi
2014 3575 2030 3602 ,

454 3628 636 3683 tribus
655 3634 712 3682 et
738 3626 938 3696 lingua:
959 3624 1200 3680 servient
1219 3624 1318 3678 illi.
1351 3622 1601 3680 Potestas
1627 3623 1765 3693 ejus,
1790 3630 2034 3694 potestas

455 3728 679 3785 aeterna,
715 3732 839 3787 quae
867 3732 977 3773 non
1009 3714 1398 3787 pertransibit;
1427 3722 1483 3769 et
1514 3728 1741 3784 regnum
1770 3713 1890 3783 ejus
1921 3728 2033 3768 non

454 3811 700 3867 interibit
724 3810 793 3865 “.
838 3828 857 3862 ι
894 3809 1124 3866 Omnem
1172 3816 1496 3880 potestatem
1539 3806 1811 3874 ostendit,
1845 3821 1967 3876 quae
2000 3820 2032 3861 a

454 3904 612 3959 Patre
644 3903 768 3958 data
798 3901 938 3956 Filio
967 3910 1052 3957 est
1067 3901 1110 3932 ³⁸
1129 3941 1145 3970 ,
1174 3902 1270 3970 qui
1297 3899 1603 3956 caelestium
1628 3941 1644 3966 ,
1688 3899 2031 3954 terrestrium

451 4008 507 4053 ct
545 3997 886 4052 infcrnorum
912 4009 1004 4049 rex
1025 3994 1093 4060 '°,
1113 3993 1481 4063 omniumque
1510 3992 1677 4063 judex
1699 3992 2032 4047 constitutus

450 4098 535 4144 est
564 4104 577 4141 :
602 4086 908 4144 caelestium
944 4085 1163 4157 quidem
1184 4125 1201 4152 ,
1234 4084 1393 4155 quod
1420 4082 1657 4139 Verbum
1690 4082 1871 4138 Patris
1906 4092 2033 4138 ante

450 4182 648 4237 saecula
678 4180 981 4243 exstiterit;
1008 4178 1350 4234 terrestrium
1378 4191 1530 4242 vero,
1568 4176 1716 4246 quod
1742 4175 1910 4231 homo
1946 4174 2032 4228 in-

452 4282 535 4328 ter
565 4274 816 4329 homines
842 4282 1005 4327 natus
1030 4279 1149 4336 est,
1181 4278 1291 4325 uta
1323 4284 1383 4325 se
1408 4268 1524 4339 ipse
1548 4267 1821 4322 Adamum
1854 4264 2032 4322 refor-

453 4373 657 4430 maret;
691 4362 1032 4419 infernorum
1066 4368 1251 4415 autem
1267 4399 1295 4426 .,
1321 4357 1467 4428 quod
1492 4357 1631 4411 inter
1653 4364 1909 4410 mortuos
1939 4369 2029 4409 re—

451 4466 705 4529 putatus,
732 4465 1051 4513 sanctorum
1081 4455 1373 4511 animabus
1411 4451 1802 4525 praedicans",
1853 4460 2030 4508 morte

453 4551 629 4607 victor
660 4552 854 4607 mortis
880 4549 1111 4605 exstitit.

525 4710 739 4768 XXVII.
782 4710 920 4767 Cum
964 4710 1079 4766 haec
1117 4710 1300 4780 itaque
1336 4707 1519 4764 futura
1553 4708 1699 4775 sint,
1731 4705 2031 4777 decemque

2136 3334 2312 3403 φελῶν
2337 3334 2432 3389 τοῦ
2459 3334 2690 3406 ούρανοῦ
2712 3327 2948 3398 ὡς’Υίδς
2972 3332 3259 3406 ἀνθρώπου
3290 3331 3605 3405 ἐρχόμενος,
3622 3330 3719 3385 καὶ

2133 3426 2339 3496 ἔφθασε
2368 3427 2474 3492 ἓως
2508 3426 2602 3480 τοῦ
2635 3425 2876 3480 Παλαιοῦ
2902 3424 3018 3493 ¹τῶν
3050 3424 3302 3497 ἡμερῶν,
3325 3425 3420 3478 καὶ
3448 3422 3718 3495 προσηνέ-

2134 3520 2237 3593 χθη
2259 3537 2272 3550 ·
2308 3522 2403 3575 καὶ
2429 3519 2578 3591 αύτῷ
2607 3519 2763 3590 ἐδόθη
2882 3516 3022 3591 ἁρχὴ
3051 3517 3163 3588 (59)
3202 3516 3297 3569 καί
3324 3516 3358 3583 ἠ
3390 3515 3522 3586 τιμὴ
3556 3513 3651 3566 καὶ
3682 3514 3718 3584 ἡ

2136 3612 2412 3684 βασιλεία,
2464 3611 2561 3665 καὶ
2613 3611 2815 3674 πάντες
2846 3612 2896 3663 οἰ
2928 3610 3082 3675 λαοὶ,
3127 3610 3292 3678 φυλαὶ
3333 3609 3429 3663 καὶ
3476 3607 3717 3677 γλῶσσαι

2133 3705 2508 3761 δουλεύσουσιν
2560 3702 2739 3774 αὐτῷ·
2791 3704 2887 3757 καὶ
2928 3705 2960 3774 ή
2997 3702 3217 3766 ἐξουσία
3246 3701 3411 3755 αὐτοῦ
3435 3741 3450 3766 ,
3500 3699 3718 3765 ἐξουσία

2134 3796 2354 3860 αἰώνιος
2374 3835 2390 3861 ,
2424 3796 2548 3866 ἥτις
2571 3795 2631 3849 οὐ
2673 3793 3067 3866 παρελεύσεται
3087 3834 3102 3853 ,
3130 3795 3224 3847 καί
3254 3796 3287 3865 ή
3334 3792 3581 3863 βασιλεία
3621 3791 3719 3846 αὐ·-

2134 3885 2228 3941 τοῢ
2255 3887 2315 3939 οὐ
2337 3884 2788 3957 διαφθαρήσεται.
2823 3904 2841 3935 ι
2875 3885 2985 3956 Τὴν
3019 3883 3269 3949 ἐξουσίαν
3303 3884 3483 3938 πᾶσαν
3517 3882 3614 3955 τήν
3636 3882 3720 3936 δε-

2131 3976 2365 4048 δομένην
2413 3977 2565 4048 παρὰ
2613 3976 2705 4030 τοῦ
2762 3976 2977 4048 Πατρὺς
3020 3974 3099 4047 τῷ
3144 3975 3259 4047 Υἱῷ
3295 3975 3606 4043 ὑπέδειξεν,
3658 3975 3717 4040 ὃς

2133 4068 2472 4140 ἐπουρανίων
2493 4108 2508 4133 ,
2537 4067 2633 4122 καὶ
2666 4067 2956 4137 ἐπιγείων,
2996 4067 3093 4120 καὶ
3135 4066 3507 4137 καταχθονίων
3556 4068 3714 4136 βασι-

2133 4158 2260 4222 λεὺς
2292 4159 2387 4212 καὶ
2436 4157 2629 4229 κριτὴς
2669 4159 2888 4212 πάντων
2923 4156 3336 4231 ἀποδέδεικται’
3377 4155 3717 4229 ἐπουρανίων

2136 4250 2257 4322 μὲν,
2294 4250 2377 4303 ὅτι
2404 4249 2579 4318 Λόγος
2608 4247 2702 4302 τοῦ
2732 4248 2947 4317 Πατρὸς
2974 4247 3080 4319 πρὸ
3105 4247 3325 4301 πάντων
3351 4244 3718 4317 γεγενημένος

2131 4339 2200 4415 ἦν
2218 4359 2231 4373 ·
2252 4341 2508 4411 ἐπιγείων
2522 4342 2598 4407 δὲ,
2614 4342 2696 4396 ὅτι
2716 4340 3000 4412 ἄνθρωπος
3023 4343 3080 4394 ἐν
3101 4337 3409 4409 ἀνθρώποις
3427 4338 3716 4411 ἐγεννήθη,

2133 4434 2496 4490 ἀναπλάσσων
2520 4433 2586 4487 δι’
2613 4432 2807 4487 ἐαυτοῦ
2841 4433 2934 4487 τὸν
2973 4432 3175 4503 Ἀδάμ·
3217 4431 3588 4503 καταχθονίων
3621 4430 3716 4495 δέ,

2062 4548 2107 4604 ι)
2135 4528 2218 4583 ὅτι
2246 4528 2340 4582 καὶ
2369 4529 2428 4583 ἐν
2453 4529 2669 4599 νεκροῖς
2696 4525 3077 4596 κατελογίσθη,
3103 4524 3593 4597 εὐαγγελιζόμενος
3617 4524 3720 4587 τὰς

2137 4621 2248 4675 τῶν
2294 4620 2467 4689 ἁγίων
2499 4620 2676 4690 ψυχὰς
2696 4660 2711 4685 ,
2752 4618 2842 4672 διὰ
2872 4618 3103 4683 θανάτου
3142 4619 3234 4671 τὸν
3273 4615 3501 4671 θάνατον
3530 4614 3716 4672 νικῶν.

2210 4713 2426 4767 Τούτων
2450 4708 2544 4767 οὗν
2568 4712 2865 4784 ἐσομένων,
2896 4710 3116 4765 καὶτῶν
3140 4710 3273 4764 δέκα
3298 4710 3576 4764 δακτύλων
3606 4708 3714 4781 (69)

527 4851 736 4942 ξῬαιι.
769 4867 843 4906 vn
864 4852 973 4942 ,ΙΞΙ
1008 4861 1062 4907 et
1084 4853 1172 4906 11.
1253 4852 1298 4884 ³³
1315 4849 1450 4905 Dan.
1479 4866 1541 4916 ιι,
1566 4849 1635 4904 54
1661 4858 1715 4905 et
1742 4850 1834 4905 45.
1911 4849 2034 4906 "D1

2143 4870 2238 4920 vn,
2275 4854 2364 4922 15,
2390 4855 2478 4909 14.
2557 4855 2602 4887 ³⁸
2625 4853 2819 4909 Matth.
2853 4867 3044 4919 uvm,
3072 4851 3162 4942 18.
3240 4852 3286 4884 ³⁸
3307 4850 3504 4916 Philip.
3534 4859 3594 4910 ll,
3623 4840 3712 4898 10.

458 4928 500 4959 π
530 4924 725 4980 chtr.
760 4939 853 4990 ιιι,
885 4924 972 4978 19.

458 5045 589 5100 serit
618 5042 892 5113 Joscphus
922 5043 1247 5099 Gorionides
1279 5040 1373 5097 lib.
1431 5059 1490 5099 ιιι
1516 5085 1532 5111 ,
1573 5041 1811 5112 Cyriilus
1832 5039 2029 5098 Hiero-

396 5170 400 5175 ,
458 5118 650 5186 solym.
677 5112 888 5170 eatea).
912 5115 965 5178 4,
994 5120 1058 5186 de
1084 5112 1652 5186 sacraiscripturaaet
1678 5113 1802 5186 alii;
1828 5115 2030 5186 quibus

458 5182 618 5241 Gudii
653 5187 804 5251 dica,
841 5200 948 5239 non
992 5184 1151 5241 facile
1197 5185 1335 5238 adeo
1375 5182 1791 5255 praescripserit.
1845 5184 2031 5255 Longe

458 5271 591 5311 sane
614 5266 738 5320 est,
772 5265 831 5310 ut
863 5258 1025 5311 rebus
1058 5255 1407 5309 interfuerit:
1435 5253 1516 5309 vel
1559 5263 1836 5308 auctorem
1870 5253 2029 5311 nobis

459 5326 539 5382 sic
563 5329 919 5399 ἱστορήσαντα
938 5327 1115 5394 possit
1138 5326 1470 5399 producere;
1498 5323 1585 5379 cui
1618 5325 1710 5399 qui
1737 5326 2030 5399 adversenj

457 5407 586 5463 tur,
629 5394 820 5452 omnes
859 5394 1243 5467 ἀνιστορησίας
1290 5394 1396 5467 hoc
1432 5394 1487 5449 in
1523 5395 1749 5467 negotio
1780 5395 2032 5449 damnari

460 5414 586 5463 tur,
629 5414 820 5452 omnes
859 5414 1080 5467 ανιστορ
1121 5414 1243 5460 σιας
1291 5414 1396 5449 noc
1432 5414 1487 5449 ιιι
1532 5414 1747 5463 negouo

460 5467 656 5538 merito
681 5468 851 5538 ipsius
879 5414 1216 5538 πολυματύείᾳ
1246 5462 1747 5538 possint.__Counsr.

531 5536 662 5658 (ἔνι)λ
688 5533 887 5598 Τοῦτο,
918 5537 976 5591 τί
1003 5533 1435 5605 ἐιαρείὲίέιπται.
1468 5534 1739 5602 C0mbef.,
1764 5533 1955 5602 ταῦτα,
1983 5534 2035 5589 τί

531 5622 605 5658 ἱβε
660 5623 852 5658 ηπται.

460 5607 852 5676 παρείληπται.

533 5673 644 5748 (55.)
684 5673 920 5734 Μέντοι.
951 5673 1053 5741 Id.,
1087 5676 1189 5748 μέν
1215 5694 1289 5734 τι.

461 5746 650 5871 antiit»
714 5746 1223 5819 Ἀνιθμεμιγμέγον.
1282 5746 1478 5815 Forte,
1546 5748 2031 5822 ἀναμεμιγμένων.

509 5833 596 5873 υι).

2211 5044 2324 5117 (57)
2367 5045 2544 5113 Ὅπερ
2567 5042 2879 5098 δέδεικται.
2908 5039 3017 5095 lsta
3042 5037 3226 5117 omnia
3247 5077 3262 5102 ,
3291 5034 3381 5102 pia
3419 5041 3548 5117 tunc
3575 5045 3712 5117 conf

2134 5100 2346 5185 jec‘tur'a
2378 5100 2551 5178 dicta,
2592 5124 2789 5169 eventu
2822 5128 2930 5166 non
2963 5110 3189 5182 probata
3210 5146 3228 5174 ,
3248 5100 3545 5175 quomodo
3571 5100 3715 5155 Deus

2136 5186 2310 5251 novit,
2342 5185 2631 5255 implenda.
2664 5185 2903 5255 Cannas.

2206 5249 2321 5328 (58)
2363 5249 2568 5326 Ὅξαως.
2602 5255 2783 5328 Forte,
2813 5252 2982 5328 ὠμός.
3013 5249 3149 5328 (ἴοι)τ

2210 5310 2333 5400 (39)
2359 5310 2823 5400 ιζίἓοιγῇνέχρῃ.’.ἶ
2931 5310 3716 5400 ἆρχτξεθεοιηὺείξηρπροσηνέ-

2138 5382 2242 5469 χθῆ
2277 5382 2453 5468 α’ύτῷ·
2488 5382 2582 5450 καὶ
2613 5382 2768 5465 ἐδόθη
2801 5394 2834 5464 ἡ
2873 5382 3042 5463 ἆρχήξ
3075 5382 3171 5441 Sic
3203 5400 3337 5447 sane
3367 5382 3510 5439 infra
3538 5398 3589 5437 c.
3612 5382 3711 5450 1H,

2140 5470 2233 5523 ubi
2264 5470 2452 5523 eadem
2479 5475 2786 5521 recurrunt.
2856 5532 2863 5533 ί
3039 5524 3085 5533 _,
3126 5527 3137 5533 _
3236 5525 3249 5533 _
3326 5525 3340 5533 _
3553 5523 3565 5533 .
3633 5522 3646 5533 .

2213 5538 2325 5610 (60)
2362 5536 2657 5610 Τῶννδέκλα
2685 5523 3578 5610 δακτύλων..Νοῦιιοὴοᾱουοεοῐί.
3599 5523 3714 5610 visa

2135 5598 2320 5665 statua
2362 5619 2416 5662 et
2461 5608 2854 5671 simulacrum,
2888 5617 2984 5657 seu
3021 5600 3233 5667 imago,
3280 5612 3405 5650 cum
3437 5598 3714 5673 hominem

2135 5664 2365 5735 referret
2386 5720 2403 5745 ,
2433 5678 2651 5733 duobus
2680 5664 2909 5747 pedibus
2945 5664 3265 5747 constabat,
3318 5676 3481 5747 atque
3515 5666 3570 5747 in
3608 5664 3718 5717 illis

2137 5751 2193 5805 in
2222 5735 2622 5818 digitosdeCem
2653 5735 2958 5808 desinebat,
2976 5754 3114 5818 quos
3138 5739 3302 5818 sices
3324 5737 3513 5817 argilla
3537 5735 3716 5814 ferro-

2137 5836 2245 5891 que
2272 5807 2626 5891 compositos,
2649 5833 2771 5889 quae
2792 5831 2900 5870 non
2927 5807 3258 5873 Cohaereaut,
3283 5807 3519 5877 hincque
3540 5807 3714 5859 ruina:

3926 1049 3943 1084 ﬁ
