4134 6384
419 380 521 438 749

1474 373 1561 428 DE
1599 371 1898 430 CHRISTO
1936 369 2022 424 ET
2062 365 2549 424 ANTICHRISTO.

3558 365 3666 423 750

419 499 520 569 τῆς
547 497 753 559 είκόνος
789 496 867 558 εἰς
911 495 1283 566 δημοκρατίας
1321 496 1685 568 χωρησάντων
1704 533 1720 560 ,
1756 496 1851 548 καὶ
1884 491 1992 546 τῶν

2101 490 2249 562 digiti
2281 486 2562 545 simulacri
2605 494 2660 542 et
2700 491 2894 541 statuae
2944 498 3040 539 seu
3073 482 3358 554 imaginis.
3389 481 3445 536 in
3476 483 3667 538 demo-

416 591 552 646 δέκα
580 589 826 659 κεράτων
852 587 943 641 τοῦ
963 588 1223 661 τετάρτου
1249 586 1439 660 θηρίου
1465 590 1546 651 εἰς
1565 587 1696 641 δέκα
1714 585 1991 657 βασιλείας

422 677 808 751 μερισθέντων,
827 675 1036 749 .ῐδωμεν
1065 677 1396 750 σαφέστερον
1417 678 1486 767 τὰ
1508 677 1866 750 προκείμενα,
1895 679 1992 733 καὶ

419 773 846 844 κατανοήσωμεν
876 769 1016 825 αὐτὰ
1041 769 1490 843 ὀφθαλμοφανῶς.

491 947 718 1020 Κεφαλὴ
744 949 846 1019 τῆς
873 949 1079 1015 εἰκόνος
1106 949 1282 1021 χρυσῆ
1305 991 1320 1016 ,
1359 951 1393 1020 ὴ
1425 947 1631 1012 λέαινα,
1666 945 1993 1001 Βαϐυλώνιοι

420 1037 560 1112 ἦσαν
580 1058 594 1072 ·
618 1036 760 1112 ὦμοι
787 1043 881 1096 καὶ
911 1042 1190 1114 βραχίονες
1213 1043 1463 1114 ἀργυροῖ,
1487 1044 1520 1112 ή
1547 1041 1766 1113 ἄρκτος,
1783 1040 1993 1111 Πέρσαι

421 1135 515 1186 καὶ
542 1134 746 1204 Μῆδοι·
790 1136 962 1190 κοιλία
991 1137 1086 1190 καὶ
1127 1135 1299 1206 μηρὸς
1331 1133 1597 1207 χαλκοῦς,
1631 1135 1666 1204 ἡ
1700 1133 1991 1205 πάρδαλις,

421 1233 470 1284 οί
502 1231 609 1284 άπὸ
655 1229 1001 1304 Ἀλεξάνδρου
1043 1231 1415 1301 κρατήσαντες
1451 1230 1742 1302 Ἕλληνες·
1789 1228 1994 1299 κνῆμαι

426 1322 667 1392 σιδηραῖ,
705 1321 890 1394 θηρίον
927 1321 1202 1393 έκθαμϐον
1237 1323 1330 1375 καὶ
1358 1321 1621 1394 φοϐερὸν,
1651 1321 1908 1392 Ῥωμαῖοι
1946 1320 1994 1372 οἱ

423 1410 518 1465 νῦν
555 1412 904 1484 κρατοῦντες·
942 1414 1060 1485 ἴχνη
1089 1413 1266 1467 ποδῶν
1286 1453 1302 1478 ,
1330 1412 1592 1484 ὄστρακον
1629 1413 1721 1466 καὶ
1747 1411 1993 1483 σίδηρος,

423 1502 516 1556 καὶ
550 1504 619 1558 τά
660 1505 792 1558 δέκα
838 1506 1078 1576 κέρατα,
1112 1505 1182 1558 τὰ
1229 1505 1494 1587 μέλλοντα
1529 1503 1780 1558 ἔσεσθαι·
1829 1503 1995 1574 κέρας

335 1625 344 1630 -
423 1598 612 1670 ἕτερον
632 1600 829 1671 μικρὸν
851 1599 1243 1670 ἀναφυόμενον,
1257 1601 1285 1651 ὁ
1312 1601 1370 1651 ὲν
1391 1599 1572 1661 αὐτοῖς
1597 1600 1959 1672 Ἀντίχριστος
1979 1618 1993 1630 ·

422 1690 568 1755 λίθος
601 1694 895 1748 πατάσσων
921 1693 1018 1764 τὴν
1043 1693 1144 1764 γῆν
1164 1733 1178 1759 ,
1209 1680 1304 1744 καὶ
1329 1693 1551 1762 ἐπάγων
1573 1693 1650 1765 τῷ
1678 1693 1867 1764 κόσμῳ
1901 1693 1997 1764 τὴν

426 1791 624 1864 κρίσιν,
656 1787 910 1859 Χριστός.

493 1965 679 2020 Ταῦτά
725 1982 836 2028 σοι,
883 1963 1162 2032 ἀγαπητὲ,
1219 1963 1356 2033 μετὰ
1405 1964 1568 2034 φόϐου
1625 1964 1996 2035 μεταδίδομεν,

424 2059 659 2121 εὐκόλως
701 2055 790 2109 διὰ
831 2055 929 2126 τὴν
976 2054 1416 2124 ὑπερϐάλλουσαν
1465 2055 1701 2127 Χριστοῦ
1754 2057 1995 2129 ἀγάπην.

423 2151 486 2204 Ei
508 2151 616 2221 γὰρ
639 2149 688 2202 οἱ
719 2147 824 2218 πρὸ
847 2147 1002 2218 ἡμῶν
1031 2149 1290 2218 μακάριοι
1317 2147 1590 2218 προφῆται
1621 2148 1997 2218 γεγενημένοι,

424 2242 624 2305 εἰδότες
650 2241 789 2294 αὐτὰ
812 2241 911 2293 οὐκ
938 2239 1207 2310 ἠθέλησαν
1238 2241 1375 2312 μετὰ
1405 2239 1716 2311 παρρησίας
1745 2238 1997 2310 κηρύξαι,

425 2333 511 2388 ἵνα
537 2333 610 2404 μὴ
633 2333 867 2404 τάραχον
895 2335 1164 2404 ποιήσωσι
1185 2336 1304 2396 ταῖς
1328 2331 1432 2385 τῶν
1458 2330 1756 2404 ἀνθρώπων
1781 2333 1998 2402 ψυχαῖς,

424 2425 558 2478 ἀλλὰ
599 2423 872 2496 μυστικῶς
920 2424 1250 2496 διηγήσαντο
1286 2424 1375 2478 διὰ
1421 2421 1744 2494 παραϐολῶν
1792 2425 1884 2477 καὶ
1917 2425 2000 2477 αἰ-

424 2518 701 2588 νιγμάτων
745 2516 992 2584 λέγοντες
1015 2533 1027 2546 ·
1068 2535 1087 2568 ι
1113 2512 1242 2569 ’Ὧδε
1289 2519 1318 2570 ὁ
1349 2515 1471 2580 νοῦς
1503 2517 1532 2568 ὁ
1553 2515 1691 2586 έχων
1728 2515 1944 2584 σοφίαν·
1971 2537 1995 2574 ,ι

425 2609 578 2679 πόσῳ
637 2606 835 2678 μᾶλλον
886 2608 1045 2678 ἡμεῖς
1101 2603 1520 2678 κινδυνεύσομεν
1576 2606 1882 2678 τολμῶντες
1933 2608 2003 2662 τά

425 2701 516 2752 ὑπ’
541 2701 764 2753 ἐκείνων
789 2697 1124 2769 άποκρύφως
1148 2700 1414 2771 εἰρημένα
1440 2703 1519 2764 είς
1541 2700 1770 2771 φανερὸν
1794 2699 1998 2768 λέγειν;

431 2793 658 2862 Ἴδωμεν
685 2790 860 2844 τοίνυν
886 2789 951 2842 τὰ
989 2789 1374 2860 συμϐησόμενα
1401 2791 1488 2844 ἐπ’
1511 2791 1752 2862 ἐσχάτων
1781 2791 1874 2844 ἐπὶ
1904 2789 2002 2862 τὴν

426 2885 632 2956 πόρνην
663 2882 760 2954 τὴν
789 2881 1096 2950 ἀκάθαρτον
1121 2881 1357 2952 ταύτην·“
1386 2883 1543 2937 ὁποία
1571 2883 1628 2936 δὲ
1661 2883 1754 2937 καὶ
1786 2883 2001 2953 ποταπὴ

427 2978 460 3047 ἡ
485 2976 624 3030 κατὰ
648 2975 801 3046 χόλον
823 2973 957 3027 Θεοῦ
985 2973 1332 3044 ἐπελεύσεται
1359 2976 1496 3046 αὐτῇ
1521 2975 1747 3047 πρὸτῆς
1769 2974 2002 3047 κρίσεως

429 3042 628 3143 μερικὴ
649 3042 915 3139 ⁷βάσανος.
1210 3042 1220 3044 -
1471 3042 1495 3046 Π
1565 3042 1576 3047 1
1632 3042 1677 3082 ⁸

432 3194 443 3205 ‘
1355 3195 1369 3226 ι

495 3340 666 3414 Δεῦρο
716 3340 826 3412 (61)
876 3339 989 3406 οὖν,
1034 3333 1079 3394 ὦ
1116 3341 1351 3413 μακάριε
1391 3340 1610 3403 Ἡσαῒα,
1661 3337 1998 3410 ἐξεγέρθητι,

407 3430 548 3483 ⁴εἰπέ
583 3430 768 3500 σαφῶς
797 3431 850 3484 τί
884 3432 1296 3503 προεφήτευσας
1326 3429 1438 3500 (62)
1470 3429 1599 3500 περὶ
1625 3429 1723 3500 τῆς
1760 3428 2002 3503 μεγάλης

427 3519 760 3584 Βαϐυλῶνος.
815 3516 986 3584 Εἷπας
1033 3521 1142 3592 γάρ
1194 3521 1288 3574 καὶ
1338 3519 1468 3591 περὶ
1521 3518 1875 3592 Ἰερουσαλὴμ
1907 3521 2002 3572 καὶ¹

425 3610 755 3664 τετέλεσται.
805 3611 876 3664 Σὺ
907 3612 1016 3682 γάρ
1047 3606 1206 3675 εἶπας
1249 3610 1385 3681 μετὰ
1433 3600 1764 3682 παρρησίας·
1815 3611 2003 3664 (Ἔστι

426 3702 460 3771 ἡ
495 3703 568 3774 γῆ
613 3703 765 3774 ὑμῶν
807 3702 1039 3774 ἕρημος,
1084 3703 1141 3754 αἱ
1191 3702 1373 3765 πόλεις
1407 3703 1558 3773 ὑμῶν
1606 3701 1997 3772 πυρίκαυστοι·

425 3796 524 3865 τὴν
550 3794 734 3865 χώραν
764 3795 918 3866 ὑμῶν
950 3795 1217 3867 ἀλλότριοι
1266 3793 1638 3849 κατεσθίουσιν
1668 3793 1835 3864 αὐτὴν
1866 3793 2002 3848 ἐνώ-

427 3903 550 3938 πιον
583 3885 755 3956 ὑμῶν,
791 3887 886 3939 καὶ
917 3888 1207 3958 ἠρήμωται
1241 3884 1697 3956 κατεστραμμένη
1731 3885 1836 3938 ὑπὸ
1870 3885 1999 3938 πολη

427 3973 535 4027 λῶν
569 3975 680 4045 (65)
713 3975 1026 4047 ἀλλοτρίων.
1072 3977 1656 4047 Ἐγκαταλειφθήσεται
1690 3977 1724 4046 ή
1758 3975 2003 4048 θυγάτηρ

429 4065 588 4129 Σιὼν,
614 4066 690 4129 ὡς
718 4066 889 4137 σκηνὴ
919 4069 977 4119 ὲν
999 4066 1303 4136 ἀμπελῶνι,
1339 4067 1433 4120 καὶ
1461 4066 1536 4128 ὡς
1559 4065 2006 4136 ὀπωροφυλάκιον

432 4158 490 4211 ὲν
517 4157 832 4228 σικυηράτῳ
880 4144 1013 4226 (θλ),
1059 4157 1134 4220 ὼς
1178 4155 1330 4219 πόλις
1369 4155 1822 4228 πολιορκουμένη.
1857 4173 1878 4208 ι
1940 4157 2006 4210 Τί

429 4245 558 4315 οὗν;
597 4249 670 4301 υύ
718 4247 1008 4320 γεγένηται
1054 4248 1154 4320 ἥδη
1184 4245 1389 4313 ταῦτα;
1415 4247 1510 4300 -Οὐ
1541 4245 1896 4319 πεπλήρωται
1937 4246 2005 4301 τά

499 4438 545 4470 ³⁸
567 4437 740 4508 Apoc.
765 4434 898 4505 xvii,
931 4435 985 4492 9.
1061 4435 1106 4467 "
1129 4437 1234 4492 lsa.
1260 4451 1299 4499 ι,
1324 4433 1376 4501 7,
1397 4433 1458 4489 8.

2092 582 2293 639 cratias
2319 581 2622 644 cesserint;
2667 579 2855 634 decem
2880 591 3012 632 vero
3043 576 3220 646 capita
3246 584 3454 646 quartae
3477 574 3666 629 bestia:

2092 674 2149 728 in
2176 674 2365 730 decem
2396 688 2564 744 regna
2591 670 2766 726 divisa
2795 669 2906 724 sint
2933 687 2947 722 :
2978 669 3261 724 videamus
3297 668 3501 724 clarius
3543 681 3666 736 qua:

2093 773 2414 836 argumento
2451 761 2731 833 proposita
2762 768 2922 826 sunt,
2964 773 3141 830 eaque
3183 758 3344 829 quasi
3371 757 3443 814 ob
3474 757 3669 812 oculos

2091 855 2266 924 posita
2298 853 2382 910 sic
2414 867 2600 909 coram
2630 851 3062 908 consideremus.

2164 942 2400 999 XXVIII.
2441 943 2682 997 Aureum
2707 949 2869 1010 caput
2910 939 3228 1004 simulacri,
3257 939 3459 1006 leaena,
3487 936 3668 1007 Baby-

2094 1033 2223 1089 lonii
2253 1044 2442 1100 erant;
2494 1031 2710 1088 humeri
2761 1039 2817 1086 et
2863 1030 3085 1086 brachia
3126 1039 3415 1102 argentea,
3465 1044 3668 1092 ursus,

2093 1121 2274 1178 Persae
2307 1133 2361 1178 et
2387 1121 2562 1188 Medi;
2595 1129 2786 1176 venter
2827 1120 3113 1190 femurque
3143 1134 3385 1187 aeneum,
3431 1118 3668 1188 pardus,

2094 1215 2190 1285 qui
2229 1215 2299 1270 ab
2325 1213 2634 1270 Alexandro
2665 1210 2838 1266 Graeci
2883 1226 3065 1266 rerum
3114 1212 3271 1281 potiti
3305 1219 3467 1278 sunt;
3507 1225 3669 1265 crura

2096 1308 2270 1364 ferrea
2289 1349 2304 1373 ,
2334 1306 2603 1378 stupenda
2638 1305 2819 1360 bellua
2846 1319 2911 1360 ac
2940 1305 3228 1370 terribilis,
3274 1303 3538 1368 Romani,
3573 1303 3668 1372 qui

2096 1417 2244 1456 nunc
2278 1417 2458 1456 rerum
2490 1400 2799 1469 potiuntur;
2847 1399 3074 1470 vestigia
3107 1397 3343 1467 pedum,
3386 1404 3528 1451 testa
3559 1395 3668 1448 fer-

2097 1509 2360 1564 rumque,
2393 1508 2456 1548 ac
2486 1495 2671 1548 decem
2705 1508 2934 1558 cornua,
2973 1507 3096 1562 quae
3127 1489 3313 1544 futura
3342 1497 3471 1545 sunt
3503 1504 3668 1558 regna

2097 1595 2151 1641 et
2176 1585 2438 1654 imperia;
2482 1599 2653 1638 cornu
2685 1584 2832 1638 aliud
2877 1599 3110 1653 parvum
3161 1596 3548 1646 succrescens,
3574 1580 3668 1649 qui

2100 1680 2240 1735 inter
2274 1679 2365 1733 illa
2390 1687 2731 1743 numeratur,
2761 1677 3161 1742 Antichristus;
3197 1677 3334 1746 lapis
3361 1677 3672 1746 percutiens

2101 1783 2496 1841 conterensque
2542 1770 2902 1825 simulacrum
2921 1811 2935 1836 ,
2966 1769 3062 1840 qui
3093 1779 3291 1825 terram
3323 1769 3673 1841 adimplevit,

2028 1847 2071 1902 Β
2098 1874 2153 1921 et
2183 1865 2452 1935 judicium
2483 1865 2692 1924 mundo
2722 1862 2921 1930 infert,
2954 1861 3226 1919 Christus.

2168 1955 2362 2011 XXIX.
2379 1954 2506 2010 Haec
2531 1954 2649 2023 tibi,
2673 1955 3140 2022 charissime,non
3163 1955 3282 2010 sine
3301 1953 3494 2010 timore
3521 1970 3677 2010 com-

2101 2048 2354 2114 munico,
2375 2061 2647 2116 propensa
2678 2055 2857 2101 tamen
2887 2047 3185 2114 voluntate,
3215 2045 3286 2100 ob
3322 2045 3671 2100 excellentem

2103 2141 2422 2196 charitatem
2453 2138 2678 2194 Christi.
2712 2137 2848 2192 Nam
2878 2139 2925 2194 si
2968 2139 3287 2194 decessores
3329 2138 3504 2193 nostri
3531 2139 3671 2194 beati

2114 2233 2393 2302 prophetae
2441 2233 2536 2301 qui
2581 2232 2698 2287 haec
2753 2231 3032 2300 explorata
3073 2230 3355 2297 haberent,
3383 2230 3676 2284 noluerunt

2101 2325 2279 2395 palam
2312 2326 2636 2395 praedicare,
2676 2341 2745 2380 ne
2788 2325 3068 2380 hominum
3097 2325 3308 2380 animos
3361 2325 3673 2390 turbarent,

2103 2419 2197 2473 sed
2226 2411 2424 2472 arcana
2456 2417 2662 2472 ratione
2690 2416 3068 2486 parabolarum
3096 2424 3238 2472 tecta
3268 2416 3586 2481 involucris,
3621 2430 3676 2470 ea

2101 2510 2377 2582 perplexis
2428 2509 2786 2578 obscurisque
2831 2507 3178 2563 sermonibus
3216 2516 3548 2562 cnarrarunt
3593 2507 3678 2562 di-

2101 2613 2287 2658 centes
2315 2611 2330 2654 ‘:
2368 2620 2386 2653 ι
2423 2600 2625 2656 Praesto
2655 2601 2727 2655 sit
2756 2601 2972 2656 animus
3000 2600 3263 2670 sapientia
3289 2600 3670 2670 praeditus”;i

2102 2702 2309 2761 quanto
2340 2691 2499 2747 nobis
2545 2691 2725 2761 potius
2765 2707 2875 2745 non
2908 2690 3122 2746 vacabit
3167 2691 3431 2760 periculo,
3468 2691 3564 2761 qui
3607 2693 3678 2746 ab

2103 2785 2212 2838 illis
2250 2783 2462 2838 occulte
2502 2783 2644 2838 dicta
2674 2791 2837 2852 atque
2868 2783 3101 2850 obtecta,
3135 2782 3191 2836 in
3231 2791 3480 2852 apertum
3528 2781 3678 2838 dica-

2103 2876 2268 2931 mus?
2314 2875 2608 2930 Videamus
2664 2874 2830 2945 igitur
2872 2889 2994 2944 quae
3038 2875 3095 2928 in
3129 2875 3384 2929 extremis
3419 2883 3674 2928 eventura

2104 2978 2234 3023 sunt
2259 2983 2420 3038 super
2467 2967 2748 3021 immunda
2781 2967 2885 3022 hac
2915 2967 3200 3022 meretrice
3228 2981 3244 3022 :
3290 2967 3580 3037 qualisque
3611 2983 3678 3022 ae

2105 3069 2345 3130 quantus
2387 3059 2684 3124 cruciatus,
2713 3057 2807 3112 Dei
2839 3059 3209 3129 indignatione
3259 3067 3384 3114 ante
3415 3059 3560 3114 diem
3586 3060 3677 3130 ju-

2032 3182 2075 3238 ρ
2108 3149 2234 3203 dicii
2278 3158 2578 3218 praerogata
2616 3147 2671 3202 in
2703 3157 3047 3205 antecessum
3075 3164 3360 3220 pcenarum
3398 3161 3570 3221 parte,
3601 3153 3677 3206 illi

2108 3247 2435 3309 superventu
2445 3254 2558 3292 rus.

2178 3330 2348 3387 XXX.
2389 3331 2534 3385 Ades
2587 3329 2770 3399 igitur,
2819 3346 2852 3385 ο
2887 3330 3040 3386 beate
3069 3331 3237 3401 Isaia;
3278 3349 3545 3406 exsurge,
3590 3335 3680 3391 dic

2107 3424 2288 3493 palam
2328 3439 2451 3494 quae
2493 3425 2822 3478 vaticinatus
2869 3439 2929 3478 es
2969 3424 3038 3478 de
3082 3425 3300 3481 civitate
3337 3442 3532 3495 magna
3575 3425 3680 3480 Ba-

2112 3518 2329 3588 bylone.
2400 3514 2537 3569 Nam
2599 3515 2760 3570 etiam
2816 3515 2884 3570 de
2932 3516 3268 3574 Hierusalem
3330 3519 3548 3574 locutus
3601 3534 3680 3583 es,

2112 3611 2299 3679 sicque
2353 3607 2556 3664 factum
2606 3620 2706 3664 est.
2738 3607 2819 3662 Tu
2849 3609 2994 3664 enim
3024 3619 3206 3678 aperte
3230 3610 3412 3666 dixisti
3439 3627 3452 3663 :
3484 3611 3682 3667 «Terra

2113 3709 2294 3755 vestra
2354 3701 2604 3767 deserta;
2657 3699 2904 3755 civitates
2953 3691 3174 3754 vestrae
3206 3700 3329 3771 igne
3384 3717 3681 3758 succensae.

2111 3792 2408 3862 Hegionem
2467 3801 2708 3846 vestram
2758 3792 2919 3846 alieni
2976 3793 3239 3848 devorant
3285 3793 3341 3847 in
3389 3806 3684 3864 conspectu

2110 3892 2315 3948 vestro,
2346 3893 2400 3938 et
2429 3884 2672 3940 desolata
2705 3893 2808 3949 est,
2845 3885 3106 3940 subversa
3147 3900 3179 3940 a
3219 3884 3431 3955 populis
3469 3886 3682 3941 alienis.

2114 3977 2538 4053 Derelinquetur
2601 3977 2712 4032 lilia
2759 3976 2888 4032 Sion
2935 3975 3094 4045 quasi
3159 3975 3569 4029 tabernaculum
3627 3973 3684 4029 in

2109 4070 2290 4136 vinea,
2327 4077 2382 4123 et
2411 4069 2555 4125 sicut
2585 4084 2872 4141 pomorum
2906 4067 3152 4122 custodia
3183 4065 3238 4119 in
3269 4064 3679 4124 cucumerario,

2109 4161 2257 4216 sicut
2305 4160 2498 4216 civitas
2542 4168 2850 4233 expugnata
2887 4159 2952 4212 ³³.
2991 4177 3010 4211 ι
3085 4155 3225 4224 Quid
3278 4155 3488 4226 igitur?
3539 4153 3680 4210 Num

2110 4252 2228 4308 haec
2271 4251 2387 4320 jam
2437 4267 2549 4308 non
2595 4251 2974 4315 exstiterunt?
3017 4249 3209 4306 Nonne
3260 4249 3478 4320 impleta
3530 4259 3682 4317 sunt,

429 4535 725 4589 obnoxium
755 4548 956 4603 corpus
988 4531 1132 4602 quod
1171 4528 1785 4603 sustentant,greddant,
1806 4526 2002 4603 merito
2033 4531 2079 4588 D
2107 4529 2408 4603 piendum?
2467 4531 2686 4603 Quanta
2741 4531 3002 4603 nimirum
3066 4544 3164 4603 per
3208 4543 3334 4586 eum
3355 4529 3684 4603 ‘discessio?

431 4604 730 4674 assumpsit
779 4599 1101 4674 Hippolytus
1142 4603 1196 4657 in
1229 4600 1576 4674 democratia:
1602 4599 1878 4669 popularis
1912 4613 2000 4674 re-

429 4668 647 4744 giminis
679 4668 904 4744 typum;
929 4668 1071 4742 quod
1107 4687 1232 4744 raro
1263 4668 1616 4744 tranquillum
1642 4668 2000 4744 est,_populis

429 4739 526 4861 iter
547 4739 823 4800 licentiam
855 4739 976 4798 aliis
1007 4743 1060 4797 in
1091 4743 1230 4797 alios
1256 4739 1576 4811 plerumque
1615 4739 1998 4795 tumultuanti-

474 4826 568 4861 us-
606 4816 874 4861 malisnne
903 4815 955 4861 in
987 4828 1114 4861 eos.
1149 4813 1242 4861 nni
1281 4819 1410 4861 sunt
1437 4811 1727 4861 meliores.
1770 4810 1998 4861 illosaue

474 4826 585 4883 ιλιι,Δ
606 4816 874 4883 malisque
903 4815 955 4868 in
987 4828 1114 4876 eos,
1149 4813 1242 4882 qui
1263 4810 1410 4883 sunt
1437 4811 1727 4874 meliores,
1770 4810 2002 4883 illosque

436 4879 886 4952 opprimentibus.
934 4884 1088 4950 Quod
1137 4879 1464 4952 sequebatur
1519 4889 1768 4952 monstro
1799 4879 1998 4952 simile,

437 4947 928 5027 l'ugetlatqueGudii
955 4947 1311 5027 diligentiam,
1331 4951 1426 5027 καὶ
1453 4952 1560 5027 τῶν
1591 4950 1722 5004 δέκα
1752 4948 2000 5021 κεράτων

434 5016 528 5069 τοῦ
575 5016 999 5093 θυσιαστηρίου,
1051 5016 1196 5077 haud
1255 5016 1568 5093 paenitendo
1619 5031 1767 5093 p_uto_
1797 5016 2001 5093 conatu

437 5087 716 5167 emendavi
754 5087 916 5167 atque
944 5087 1176 5157 mutavi,
1210 5087 1301 5146 τοῦ
1334 5087 1852 5167 τετάρτουςθηρίου.
1887 5087 2001 5167 Hu-

432 5161 524 5225 jus
551 5161 695 5211 enim
726 5172 855 5214 sunt
885 5162 1071 5215 decem
1106 5178 1344 5226 cornua,
1387 5173 1440 5216 et
1474 5161 1539 5214 in
1574 5161 1681 5214 illis
1711 5161 1999 5228 designata

436 5228 625 5308 decem
666 5243 828 5298 regna
850 5245 974 5310 hac
1007 5232 1212 5300 reliqua
1248 5248 1278 5286 a
1301 5247 1467 5301 regno
1491 5229 1869 5310 Homanorum
1901 5245 2000 5310 seu

436 5299 664 5370 imperio
689 5313 702 5348 :
735 5299 895 5368 quasi
926 5311 1074 5354 certo
1105 5299 1334 5356 numero
1363 5299 1460 5370 pro
1489 5301 1697 5355 incerto
1730 5317 1744 5351 ε
1790 5299 1845 5352 in
1872 5299 1998 5367 qui-

437 5368 557 5431 bus,
608 5384 743 5440 num
788 5385 956 5440 cornu
1009 5371 1136 5424 illud
1168 5368 1377 5426 novum
1401 5381 1455 5426 et
1493 5385 1721 5440 parvum
1765 5370 1998 5440 origine,

433 5447 582 5510 tanta
605 5437 944 5510 immanitate
965 5450 1300 5510 provectum,
1327 5437 1541 5509 aliaque
1562 5441 1797 5495 evellens
1821 5437 2000 5510 capita
2031 5485 2038 5490 .

435 5508 598 5579 inque
631 5509 738 5564 illis
767 5508 1140 5572 succrescens,
1175 5508 1527 5578 Mahometes,
1561 5519 1641 5564 tot
1665 5511 1777 5579 jam
1815 5509 2000 5578 regnis

435 5577 638 5646 potitus
688 5582 924 5648 primum
975 5581 1030 5634 in
1085 5580 1224 5635 suis.
1253 5581 1528 5636 Arabibus
1576 5592 1631 5635 et
1669 5577 1998 5641 Saracenis,

435 5650 772 5715 postmodum
810 5653 863 5705 in
894 5650 1088 5706 Turcis
1128 5661 1181 5705 et
1222 5649 1643 5705 Osmanidarum
1699 5658 1887 5719 gente;
1935 5662 2000 5701 ac

435 5734 562 5789 num
591 5735 716 5773 vere
755 5720 1156 5786 Antichristus,
1202 5722 1316 5776 sive
1360 5721 1508 5774 illius
1533 5735 1766 5789 operans
1797 5728 1999 5788 myste-

436 5788 574 5841 rium
596 5827 615 5856 ,
644 5789 696 5842 in
727 5800 878 5848 certo
912 5809 1020 5849 uno
1061 5792 1240 5864 (haud
1269 5790 1410 5846 forte
1450 5789 1524 5846 ita
1557 5788 1799 5859 remoto)
1850 5803 2000 5843 eom-

2147 4600 2328 4674 itantis
2358 4598 2658 4674 provinciis
2687 4618 2752 4658 ac
2782 4601 2962 4674 regnis
2990 4598 3319 4674 exstinctum
3347 4598 3681 4674 jngesacrig

2102 4617 2328 4724 ﬂuanus
2358 4618 2658 4672 provmcns
2687 4618 2752 4658 ac
2782 4617 2962 4674 regnis
2990 4617 3319 4661 exsunctum
3347 4617 3477 4670 juge
3507 4617 3681 4655 sacri-

2141 4670 2286 4726 cium
2330 4687 2394 4728 ae
2437 4672 2812 4732 Christianum
2863 4687 3096 4735 nomen,
3149 4671 3282 4741 dum
3334 4670 3538 4725 nostris
3563 4671 3682 4741 ipsi

2101 4741 2345 4798 dissidiis
2377 4742 2444 4814 ad
2469 4742 3003 4814 reliquasternimus
3036 4741 3201 4806 viam,
3235 4739 3464 4810 ejusque
3492 4739 3674 4814 acida-

2102 4825 2220 4884 cem
2255 4812 2414 4884 quasi
2446 4809 2638 4884 sponte
2664 4813 2738 4884 in
2791 4813 3030 4868 cervices
3069 4819 3289 4884 nostras
3321 4809 3678 4884 accersimus.

2101 4880 2306 4937 Altaris
2367 4880 2576 4937 cornua
2645 4883 2877 4946 decem,
2935 4881 3275 4942 inauditum,
3356 4880 3457 4950 sed,
3507 4881 3682 4950 magis

2101 4961 2341 5020 quatuor
2375 4969 2388 5004 :
2420 4963 2474 5008 et
2499 4953 2627 5008 licet
2653 4963 2836 5008 essent
2865 4961 2920 5007 et
2946 4953 3036 5008 illa
3074 4954 3292 5016 decem,
3327 4949 3462 5003 nihil
3497 4957 3676 5003 tanien

2102 5021 2172 5146 Ed
2236 5021 2548 5094 Hippolyti,
2606 5024 2970 5096 explicatione
3036 5020 3306 5088 Danielis,
3385 5020 3676 5074 intentum.

2149 5107 2341 5146 cuper.

2149 5107 2341 5146 DEBEF.

2178 5162 2294 5232 (61)
2327 5162 2533 5229 Δεῦρο,
2559 5179 2612 5216 κ.
2637 5180 2688 5216 τ.
2712 5162 2762 5232 λ.
2787 5161 2912 5218 Haec
2943 5170 2998 5217 et
3025 5160 3306 5232 sequentia
3339 5159 3682 5232 illustrantur

2103 5245 2149 5354 ἓ
2165 5223 2363 5354 niag'lno
2385 5223 2672 5357 ῌόεεὲιίέἑο
2704 5231 2964 5289 Meldensi
2997 5223 3254 5301 episcopo
3286 5230 3340 5284 in
3371 5223 3578 5298 praefat.
3612 5229 3679 5281 ad

2153 5316 2284 5357 uoca
2313 5319 2487 5357 vnsm.
2650 5343 2662 5355 .

2223 5318 2487 5364 calypsm.
2518 5318 2545 5364 ᾗ
2574 5318 2662 5357 οο.

2151 5303 2487 5373 pocalypsin.
2518 5302 2545 5373 δ
2574 5303 2662 5357 55.

2175 5371 2289 5442 (62)
2336 5373 2395 5428 Τί
2432 5372 2909 5442 προερήτευσας.
2963 5368 3234 5435 Combef.,
3267 5368 3303 5422 δι
3337 5370 3683 5442 προεφήτευ-

2107 5457 2288 5582 σαῖϐὅ)
2327 5510 2830 5580 Κατεστραιᾳιένη
2893 5510 3010 5564 ὑπὸ
3060 5506 3329 5564 πολλῶν.
3402 5507 3675 5573 Combef.,

2109 5581 2563 5653 μετεστραμμὲνη
2603 5583 2708 5653 an».
2740 5581 2902 5635 λαῶν.

2107 5648 2290 5776 ὲωά)
2313 5648 2805 5720 ’Ἐκσικὺηράτφ
2839 5650 3056 5707 Ebroic.
3092 5664 3221 5718 ms.,
3248 5652 3306 5704 ἐν
3340 5648 3675 5723 σικυηλάτῳ.

2157 5737 2243 5776 un.
