4134 6378
445 341 545 396 751

1080 339 1137 396 S.
1178 336 1539 395 HIPPOLYTI
1574 339 1725 397 OPP.
1767 337 1948 396 PARS
1986 334 2052 392 11.
2095 369 2163 382 --
2199 337 2505 395 DOGMAT.
2550 339 2639 395 ET
2675 339 3017 398 HISTORIC.

3604 344 3725 402 752‘

444 474 570 532 qure
619 475 650 515 a
692 470 745 515 te
776 458 923 516 dicta
976 459 1141 515 sunt?
1187 456 1380 514 Nonne
1429 473 1623 516 eorum
1675 469 1816 516 terra
1842 458 2016 515 Iudaea

2135 458 2239 513 ὑπὸ
2269 458 2364 514 σοῦ
2398 458 2697 533 είρημένα;
2732 461 2847 516 Οὐκ
2877 463 3171 533 ἠρήμωται
3199 461 3378 515 άύτῶν
3412 464 3457 535 ή
3484 463 3715 518 Ἰουδαία

445 553 691 611 desolata
739 554 879 610 est?
942 550 1136 609 Nonne
1208 568 1534 611 succensum
1616 553 2027 611 sanctuarium?

443 647 639 705 Nonne
669 664 858 705 eorum
889 650 1064 704 eversi
1103 651 1289 705 muri?
1318 648 1509 704 Nonne
1536 648 1785 704 civitates
1809 647 2027 703 destru-

446 743 584 799 cta?
615 740 807 796 Nonne
838 741 1114 811 regionem
1154 742 1316 797 alieni
1346 741 1650 797 devorant?
1685 738 1883 795 Nonne
1904 738 2025 808 ejus

445 834 669 891 ditionis
713 833 941 889 Romani
996 831 1324 903 potiuntur?
1379 830 1514 886 Nam
1570 846 1681 901 quo
1714 830 1839 885 odio
1882 829 1939 883 in
1973 838 2025 885 te

445 935 794 994 exarserant,
868 939 1020 982 serra
1086 924 1454 991 disciderunt,
1525 938 1590 979 ac
1636 921 1914 979 Christum
1968 922 2023 977 in

444 1034 663 1076 crucem
691 1026 939 1091 egerunt.
970 1016 1030 1072 ιιι
1059 1017 1265 1073 mundo
1288 1025 1540 1072 mortuus
1567 1030 1648 1084 es,
1676 1015 1771 1071 sed
1795 1013 1936 1070 vivis
1967 1015 2023 1069 in

443 1110 685 1167 Christo.
1166 1154 1173 1157 .
1436 1094 1441 1102 ’
1932 1118 1933 1123 ‘

518 1203 711 1259 ΧΧΧΙ.
761 1200 933 1270 Quem
978 1210 1221 1257 vestrum
1274 1201 1449 1270 magis
1496 1202 1741 1273 diligam,
1775 1210 1921 1268 tene,
1953 1218 2022 1257 an

440 1294 770 1352 Jeremiam?
815 1293 920 1349 Sed
965 1302 1021 1350 et
1045 1291 1310 1348 Jeremias
1345 1292 1634 1363 lapidatur.
1692 1292 1863 1365 Magis
1892 1309 2022 1348 vero

441 1389 729 1452 Jeremias,
764 1388 858 1443 sed
884 1396 939 1442 et
963 1386 1151 1441 Daniel
1180 1393 1430 1441 testatur.
1464 1384 1672 1444 Daniel.
1703 1380 1813 1455 prae
1843 1384 2023 1440 omni-

442 1480 546 1536 bus
585 1481 641 1534 in
673 1489 796 1534 tuas
836 1478 1025 1534 laudes
1060 1477 1331 1534 cﬂ‘undor.
1366 1476 1507 1544 Quin
1539 1475 1778 1533 Joannes
1805 1493 2024 1548 quoque

442 1574 581 1629 nihil
628 1572 752 1628 falsi
798 1572 1062 1643 loquitur.
1110 1570 1344 1637 Quantis
1371 1586 1467 1626 vos
1497 1570 1659 1626 labiis
1714 1572 2023 1642 linguisque

444 1666 783 1739 gloriﬁcabo,
824 1665 1071 1736 quinimo
1101 1664 1247 1734 quod
1287 1664 1341 1717 in
1377 1664 1533 1719 vobis
1562 1662 1802 1719 Verbum
1844 1664 2023 1734 loqui-

438 1758 570 1813 tur?
621 1755 825 1812 Mortui
868 1754 1003 1810 estis
1047 1768 1175 1809 cum
1220 1752 1464 1821 Christo,
1516 1754 1611 1809 sed
1655 1752 1847 1809 vivetis
1897 1769 2019 1809 cum

2129 551 2234 621 γῆς
2284 550 2399 604 Οὐκ
2440 550 2828 623 ἐμπέπρησται
2870 552 2933 606 τὸ
2970 553 3251 624 ἀγίασμα;
3296 553 3370 607 Οὐ
3411 553 3715 626 κατέστρα.

2129 658 2261 721 πται
2309 642 2489 696 αὐτῶν
2519 642 2590 698 τὰ
2623 644 2814 715 τείχη;
2860 645 2975 699 Οὐκ
3019 644 3362 717 ἀνῃρέθησαν
3391 648 3449 700 αἱ
3491 650 3710 716 πόλεις

2128 734 2202 786 Ού
2231 734 2329 806 τὴν
2357 733 2541 806 χώραν
2587 729 2859 809 άλλύτριοι
2888 738 3318 802 ,κατεσθίουσιν;
3361 740 3436 792 Οὐ
3474 740 3574 811 τὴν
3607 741 3710 811 γῆν

2140 824 2402 894 Ῥωμαῖοι
2452 825 2752 895 κρατοῦσι;
2817 827 2927 879 Καὶ
2980 826 3088 900 γὰρ
3154 828 3484 899 μισήσαντες
3546 845 3606 881 σε
3661 829 3712 881 οἱ

2126 913 2318 986 ἄνομοι
2373 916 2609 987 ἐπρισαν
2675 916 2816 989 (65),
2881 918 2977 971 καὶ
3036 918 3271 990 Χριστὸν
3331 917 3708 990 ἐσταύρωσαν.

2139 1002 2436 1069 Ἀπέθανες
2468 1007 2527 1060 ἐν
2556 1005 2765 1077 κόσμῳ,
2799 1006 2914 1060 ἀλλ’
2956 1003 3050 1062 οὖν
3093 1009 3150 1062 ἐν
3179 1008 3401 1082 Χριστῷ
3423 1009 3539 1089 ,ζῇς
3572 1008 3707 1081 (66).

2198 1196 2339 1256 Τίνα
2375 1198 2468 1257 οὖν
2512 1202 2666 1275 ὑμῶν
2718 1204 2900 1258 πλεῖον
2931 1207 3202 1277 ἀγαπήσω
3244 1206 3277 1278 ἢ
3316 1207 3374 1261 σέ
3398 1206 3508 1277 (67)
3531 1224 3546 1274 ;
3570 1205 3713 1263 ἀλλὰ

2125 1292 2219 1346 καὶ
2255 1294 2524 1365 Ἱερεμίας
2570 1293 2868 1358 λιθάζεται.
2912 1297 2976 1349 Εἰ
3014 1296 3281 1369 Ἱερεμίας
3317 1298 3426 1370 (68)
3476 1299 3533 1353 δὶ
3572 1299 3711 1371 μᾶλ-
3774 1288 3781 1295 ’

2122 1384 2234 1450 λον,
2291 1385 2429 1440 ἀ).λά
2494 1388 2591 1441 καὶ
2642 1389 2841 1460 Δανιὴλ
2899 1396 3187 1464 μαρτυρεῖ.
3265 1394 3501 1466 Δανιὴλ,
3565 1397 3707 1470 ὑπὲρ

2122 1476 2334 1540 πάντας
2379 1477 2587 1530 ἐπαινῶ
2618 1496 2707 1543 σε,
2742 1479 2880 1534 ἀλλὰ
2917 1482 3011 1535 καὶ
3056 1483 3309 1553 Ἰωάννης
3343 1485 3403 1536 ού
3428 1484 3704 1555 ψεύδεται.

2122 1568 2316 1631 Πόσοις
2350 1568 2495 1639 ὑμᾶς
2541 1570 2773 1640 στόμασι
2802 1572 2897 1624 καὶ
2926 1572 3200 1641 γλώσσαις
3239 1574 3469 1638 δοξάσω,
3505 1576 3706 1646 μᾶλλον

2120 1659 2179 1713 δὲ
2216 1660 2308 1714 τὸν
2350 1662 2407 1714 ἐν
2450 1662 2580 1734 ὑμῖν
2629 1656 2937 1734 λαλήσαντα
2978 1664 3189 1734 Λόγον;
3237 1666 3562 1721 Ἀπεθάνετε
3605 1669 3705 1722 σὺν

2123 1747 2376 1819 Χριστῷ·
2431 1747 2662 1819 ζήσεσθε
2712 1751 2769 1804 δὲ
2818 1752 2915 1806 σὺν
2967 1753 3218 1825 Χριστῷ·
3276 1755 3546 1809 ἀκούσατε
3593 1759 3704 1812 ικαὶ

436 1854 679 1909 Christo.
739 1850 939 1907 Audite
977 1858 1033 1905 et
1077 1849 1360 1905 laetamini.
1416 1849 1556 1905 Ecce
1590 1849 1736 1905 enim
1767 1863 1889 1919 quae
1933 1848 2016 1902 lo-

2121 1839 2340 1912 χαίρετε
2365 1838 2510 1912 (69)·
2552 1842 2661 1896 ἰδοὺ
2705 1844 2775 1898 τά
2817 1846 2910 1913 ἀφ’
2943 1846 3097 1916 ὑμῶν
3140 1847 3513 1919 λελαλημένα,
3563 1850 3702 1905 κατά

436 1947 549 2003 cuti
576 1945 730 2012 estis,
781 1959 877 2014 per
917 1952 1134 2013 tempus
1179 1944 1401 2013 impleta
1438 1950 1585 1998 sunt.
1618 1941 2016 2011 Vidistisenim

435 2055 499 2095 ea
543 2038 821 2112 primum,
867 2037 1058 2107 sicque
1094 2034 1290 2091 deinde
1338 2034 1551 2090 cunctis
1600 2034 1854 2089 aetatibus
1880 2047 2019 2103 pra:-

435 2132 682 2191 dicastis.
724 2129 950 2186 Cunctis
989 2127 1244 2183 aetatibus
1269 2125 1621 2182 ministrastis
1649 2124 1740 2180 Dei
1771 2125 2015 2180 oracula.

441 2224 630 2281 Vocati
655 2223 787 2279 estis
818 2220 1117 2293 prophetae,
1146 2228 1207 2275 ut
1234 2220 1463 2275 salutem
1496 2217 1755 2274 omnibus
1784 2217 2019 2288 possetis

433 2327 720 2390 praestare.
781 2314 938 2370 Tunc
1011 2313 1158 2369 enim
1210 2327 1337 2368 vere
1392 2311 1656 2382 propheta
1711 2316 1829 2377 est,
1870 2322 2017 2374 cum,

432 2406 815 2481 praenuntiatis
857 2420 981 2477 quae
1018 2403 1208 2461 futura
1250 2412 1400 2470 sunt,
1438 2417 1503 2458 ea
1547 2412 1737 2473 postea
1772 2401 2018 2457 evenisse

433 2501 752 2560 ostenderit.
820 2499 960 2555 Boni
1013 2498 1262 2571 magistri
1313 2496 1569 2567 discipuli
1631 2493 1833 2550 fuistis.
1888 2493 2018 2551 Haae

434 2597 619 2666 vobis,
642 2596 842 2652 merito
887 2593 1049 2665 quasi
1092 2591 1406 2647 viventibus
1463 2589 1728 2645 acclamo.
1794 2587 2015 2643 Habetis

431 2687 578 2744 enim
605 2686 764 2744 vobis
801 2684 912 2757 jam
960 2685 1017 2740 in
1049 2683 1205 2739 caelis
1244 2680 1542 2753 repositam
1571 2681 1698 2736 vitae
1725 2693 1790 2736 ac
1830 2680 2014 2751 incor-

431 2780 703 2851 ruptionis
740 2791 1000 2834 coronam
1026 2776 1093 2831 ιθ.

499 2835 719 2930 ΧΧΧΙι.
765 2873 881 2937 Dic,
913 2886 1123 2941 quaeso,
1170 2870 1327 2925 beate
1358 2843 1565 2922 Daniel.
1612 2866 1830 2922 Certam
1878 2865 2014 2920 mihi
2083 2923 2086 2926 ,
2124 2835 2129 2839 ⁵

426 2968 595 3024 facito
641 2966 824 3031 ﬁdem,
876 2965 1126 3021 obsecro.
1163 2960 1497 3017 Vaticinaris
1526 2960 1595 3015 de
1641 2960 1807 3014 leaena
1840 2957 2017 3030 Baby-

429 3062 558 3119 lone
578 3061 655 3115 ιιι
680 3060 755 3116 ibi
785 3060 932 3115 enim
972 3058 1221 3127 captivus
1249 3053 1583 3111 versabaris.
1617 3051 1862 3108 Narrasti
1892 3067 2015 3123 quae

427 3163 586 3212 erant
629 3152 815 3208 futura
862 3152 931 3206 de
953 3165 1084 3205 urso
1115 3169 1128 3206 :
1174 3149 1353 3203 adhuc
1384 3147 1528 3202 enim
1563 3146 1688 3201 vitae
1732 3154 2012 3216 superstes
2038 3184 2081 3241 ο

426 3262 571 3314 eras,
604 3260 777 3316 eaque
804 3244 949 3299 facta
983 3242 1187 3298 vidisti.
1230 3239 1433 3296 Deinde
1476 3239 1707 3310 pardum
1745 3236 1881 3293 mihi
1925 3236 2009 3292 lo-

425 3338 645 3410 queris;
698 3336 972 3392 undenam
1002 3350 1135 3389 vero
1174 3340 1236 3387 ut
1277 3332 1391 3388 haec
1427 3330 1691 3388 sciveris?
1718 3330 1830 3402 iam
1860 3330 2007 3386 enim

428 3431 723 3488 defunctus
753 3444 897 3484 eras.
931 3426 1067 3493 Quis
1099 3426 1214 3481 haec
1245 3424 1393 3495 loqui
1428 3424 1634 3491 docuit,
1671 3423 1779 3479 nisi
1812 3424 1906 3494 qui
1939 3437 2009 3479 ex

424 3532 586 3578 utero
643 3520 837 3575 matris
882 3526 935 3574 te
980 3517 1236 3573 formavit
1256 3517 1346 3570 "‘3
1416 3514 1592 3584 Deus,
1646 3515 1750 3571 ais.
1808 3514 2007 3571 Dixisti

425 3613 573 3670 enim
597 3612 666 3680 “,
708 3626 812 3667 nec
846 3609 1044 3672 falsum
1088 3608 1307 3665 loeutus
1337 3624 1398 3664 es
1429 3625 1443 3661 :
1484 3607 1725 3664 surrexit
1769 3607 2002 3677 pardus:

424 3705 577 3762 venit
608 3703 806 3759 haedus
838 3718 1160 3773 caprarum;
1196 3701 1467 3773 percussit
1497 3699 1760 3767 arietem;
1798 3698 2007 3754 contri-

426 3797 507 3854 vit
549 3811 757 3853 cornua
794 3796 944 3867 ejus;
988 3794 1331 3851 conculcavit
1381 3806 1506 3848 eum
1558 3790 1817 3862 pedibus;
1862 3789 2009 3846 illius

425 3888 634 3960 potitus
678 3895 783 3944 est.
819 3885 1103 3942 Exaltatus
1146 3893 1231 3940 est
1274 3885 1328 3939 in
1363 3883 1519 3938 ruina
1553 3882 1705 3953 ejus;
1747 3896 2005 3937 surrexe-

428 3991 556 4038 runt
582 3981 685 4037 sub
715 3980 808 4036 illo
837 3988 1073 4051 quatuor
1104 3975 1576 4042 cornua.La:tare,
1609 3976 1767 4031 beate
1792 3973 2003 4043 Daniel;

426 4089 539 4130 non
572 4087 633 4131 es
655 4073 948 4144 deceptus;
983 4079 1180 4129 cuncta
1213 4071 1329 4127 haec
1356 4084 1605 4126 evenere.

2120 1934 2314 2023 καιρὸν
2356 1934 2736 2007 πεπλήρωται.
2783 1937 2967 2023 Εῖδετε
3009 1939 3118 2011 γάρ
3150 1940 3291 1994 αὐτὰ
3334 1942 3570 2013 πρῶτον,
3603 1939 3702 1997 εἷθ’

2120 2020 2290 2088 οὕτως
2321 2024 2627 2095 ἐκηρύξατε
2652 2027 2857 2091 πάσαις
2879 2020 3120 2094 γενεαῖς.
3151 2030 3232 2084 Τά
3257 2030 3349 2084 τοῦ
3377 2031 3512 2086 Θεοῦ
3547 2032 3725 2103 λόγιαο

2117 2113 2476 2187 διηκονήσατε
2524 2118 2726 2182 πάσαις
2782 2123 3018 2193 γενεαῖς.
3050 2122 3357 2201 ηΠροφῆται
3405 2122 3702 2197 ἐκλήθητε,

2119 2205 2206 2261 ἵνα
2245 2207 2455 2273 πάντας
2485 2209 2658 2264 σῶσαι
2698 2211 2980 2284 δυνηθῆτε.
3014 2213 3146 2267 Τότε
3171 2214 3474 2286 γάρ“δντως
3509 2218 3539 2270 ὁ
3568 2235 3706 2290 προ-
3768 2199 3776 2219 ’

2119 2302 2335 2374 φήτηςί
2377 2302 2512 2359 ιόταν
2563 2302 2631 2357 τὰ
2687 2302 2948 2374 μέλλοντα
3005 2305 3252 2374 γενέσθαι
3316 2309 3699 2381 προκηρύξας,

2119 2391 2344 2464 ὕστερον
2375 2395 2660 2471 συμϐάντα
2683 2397 2824 2450 αὐτὰ
2850 2397 3128 2471 ἀποδείξῃ.
3158 2398 3343 2453 Καλοῦ
3376 2400 3698 2473 διδασκάλου

2119 2476 2386 2555 ἐγένεσθέ
2411 2487 2667 2560 μαθηταί.
2701 2489 2890 2545 Ταῦτα
2926 2491 3054 2562 ὑμῖν
3085 2491 3251 2557 ἀξίως
3281 2492 3356 2557 ὡς
3389 2493 3553 2559 ζῶσιν
3580 2496 3702 2548 ἐπι-

2118 2579 2301 2667 φωνῷ.
2334 2580 2527 2652 Ἔχετε
2558 2582 2667 2653 γάρ
2696 2581 2797 2654 ήδη
2824 2581 2917 2636 τὸν
2943 2583 3044 2655 τῆς
3086 2582 3251 2661 ζωῆς¹
3270 2586 3366 2639 καὶ
3391 2585 3700 2660 ἀφθαρσίας

2116 2671 2480 2743 ἀποκείμενον
2508 2674 2637 2745 ὑμῖν
2663 2677 2721 2729 ἐν
2746 2676 2860 2739 τοῖς
2888 2675 3142 2747 οὐρανοῖς
3170 2676 3452 2746 στέφανον.

2187 2870 2327 2939 Λέγε
2359 2889 2448 2943 μοι
2511 2865 2558 2926 ὧ
2588 2872 2824 2945 μακάριε
2859 2875 3074 2946 Δανιήλ.
3108 2875 3534 2953 Πληροφόρησόν
3571 2898 3695 2952 μοι,

2115 2963 2437 3035 παρακαλῶ.
2470 2965 2838 3036 Προφήτεύεις
2883 2968 3012 3040 περὶ
3052 2969 3150 3040 τῆς
3188 2969 3404 3041 λεαίνης
3430 2974 3489 3026 ἐν
3517 2973 3698 3027 Βαϐυ-

2114 3055 2278 3112 λῶνι·
2319 3058 2664 3129 αἰχμάλωτος
2697 3059 2815 3139 γάρ
2850 3057 2920 3131 ἦς
2967 3064 3103 3115 ἐκεῖ.
3147 3064 3418 3135 Διήγησαι
3466 3065 3534 3121 τὰ
3570 3067 3695 3138 μέλ-

2112 3148 2273 3202 λοντα
2309 3150 2439 3220 περὶ
2473 3150 2573 3220 τῆς
2616 3150 2853 3223 ἄρκτου·
2913 3152 2993 3205 ἔτι
3031 3154 3139 3225 γάρ
3177 3155 3237 3208 ἐν
3268 3156 3457 3227 κόσμῳ
3499 3153 3568 3229 ἧς
3600 3162 3695 3213 καὶ

2112 3234 2253 3303 εἶδες
2287 3238 2424 3293 αὑτά
2458 3240 2820 3312 γεγενημένα.
2872 3243 3103 3296 Ἔπειτα
3135 3242 3312 3312 λέγεις
3355 3263 3443 3316 μοι
3487 3247 3695 3318 πάρδα-

2113 3327 2229 3381 λιν·
2285 3330 2380 3382 καὶ
2428 3330 2592 3385 πόθεν
2635 3348 2716 3384 σοι
2745 3331 2914 3386 ταῦτα
2959 3333 3192 3399 είδέναι;
3232 3334 3333 3406 ήδη
3370 3336 3478 3409 γὰρ
3516 3336 3698 3391 κεκοί-

2117 3421 2440 3491 μησαι.’Τίς
2481 3438 2541 3474 σε
2585 3421 2759 3478 ταῦτα
2804 3423 3010 3489 ἐδίδαξε
3044 3423 3247 3490 λαλεῖν,
3276 3425 3455 3500 ἀλλ’ἢ
3497 3429 3527 3481 ὁ
3555 3428 3694 3482 πλά-
3796 3442 3801 3446 ‘

2116 3531 2214 3578 σας
2244 3514 2357 3586 (70)
2399 3533 2458 3569 σε
2501 3517 2566 3569 ἐκ
2608 3515 2815 3581 κοιλίας
2855 3516 2965 3588 (71)
3017 3517 3260 3589 μητρός;
3294 3518 3447 3584 θεὸς,
3490 3519 3690 3590 λέγεις,

2112 3602 2288 3671 Εἶπας
2326 3605 2434 3678 γάρ
2475 3608 2570 3661 καὶ
2616 3608 2716 3661 οὐκ
2759 3608 3003 3678 ἐψεύσω·
3056 3609 3258 3681 ἀνέστη
3312 3612 3345 3681 ή
3390 3610 3689 3683 πάρδαλις·

2108 3691 2276 3771 ἦλθεν
2307 3701 2335 3753 ὁ
2368 3700 2570 3772 τράγος
2599 3701 2722 3755 τῶν·
2740 3701 2947 3770 αἰγῶν·
2988 3700 3152 3772 ἔτυψε
3183 3701 3278 3757 τὸν
3311 3704 3464 3771 κριόν
3484 3720 3499 3735 ·
3535 3706 3691 3759 συνέιὲ
3768 3690 3773 3695 ’

2108 3791 2299 3866 τριψεν
2342 3793 2507 3846 αὐτοῦ
2548 3792 2616 3847 τὰ
2656 3793 2898 3865 κέρατα·
2950 3795 3328 3879 κατεπάτησεν
3373 3796 3694 3891 αὺτὺνςτοῖς

2109 3884 2286 3939 ποσίν.
2332 3884 2563 3958 ’Υψώθη
2581 3888 2639 3939 ἐν
2670 3885 2749 3958 τῷ
2781 3890 2966 3943 πεσεῖν
2996 3888 3161 3966 αὐτόν
3181 3904 3195 3920 ·
3231 3889 3536 3961 ἀνέστησαν
3562 3884 3717 3944 issam
3764 3898 3767 3905 λ

2111 3992 2257 4050 σαρα
2300 3965 2510 4050 κέρατα
2568 3978 2922 4033 ὑποκάτωθεν
2969 3979 3156 4036 αὐτοῦ.
3204 3981 3535 4053 Εύφραίνοο,
3589 4000 3692 4053 μα-

2108 4068 2268 4141 κάριε
2317 4070 2557 4141 .Δανιήλ·
2618 4069 2718 4125 οὐκ
2775 4069 3114 4144 ἐπλανήθης·
3165 4073 3459 4145 γεγένηται
3516 4072 3690 4151 ταῦτα

2014 4186 2027 4207 ι
2114 4155 2333 4216 πάντα(

492 4247 736 4305 XXXIII.
775 4246 905 4304 Post
931 4247 1048 4303 haec
1068 4244 1202 4301 mihi
1227 4259 1420 4301 rursus
1451 4245 1723 4301 enarrasti
1750 4251 2003 4316 quartam

422 4342 675 4407 bestiam,
709 4342 1046 4396 tremendam
1074 4339 1218 4393 illam
1241 4347 1403 4407 atque
1432 4336 1791 4407 stupendam:
1820 4355 1840 4388 ‹
1863 4335 2005 4393 Den-

422 4442 506 4489 tes
546 4432 668 4503 ejus
718 4432 903 4498 t‘errei,
933 4440 988 4485 et
1019 4445 1229 4501 ungues
1276 4430 1397 4499 ejus
1435 4428 1594 4495 aenei,
1625 4428 1918 4485 comedens
1949 4435 2005 4483 et

422 4522 825 4589 comminuens,
872 4537 939 4577 ac
995 4520 1212 4576 residua
1260 4521 1487 4590 pedibus
1540 4519 1658 4576 suis
1710 4521 2003 4576 conculca-

420 4615 537 4675 bat.
570 4633 591 4668 ι
649 4612 768 4669 Jam
815 4627 961 4670 nunc
1003 4614 1206 4669 ferrum
1246 4612 1598 4679 dominatur;
1641 4611 1751 4683 jam
1784 4612 2006 4669 edomat

2182 4250 2338 4305 Μετά
2379 4249 2537 4305 τοῦτο
2578 4251 2739 4306 πάλιν
2781 4270 2870 4325 μοι
2908 4253 3166 4326 διήγησαι
3207 4255 3395 4329 θηρίον
3429 4259 3692 4333 τέταρτον

2112 4341 2341 4413 φοϐερὸν
2379 4343 2473 4397 καὶ
2510 4343 2819 4416 ἐκθαμὸον·
2861 4364 2878 4396 ι
2904 4343 2970 4399 Oi
3008 4345 3219 4411 ὀδόντες
3258 4348 3424 4421 αὐτοῦ
3457 4350 3685 4423 σιδηροῖ,

2036 4468 2078 4523 D
2109 4435 2207 4488 καὶ
2250 4434 2300 4487 οἱ
2351 4436 2541 4507 δνυχες
2589 4437 2754 4490 αὐτοῦ
2797 4438 3017 4509 χαλκοῖ,
3061 4439 3239 4495 ἐσθίον
3272 4441 3366 4496 καὶ
3404 4442 3686 4507 λεπτύνον,

2107 4525 2200 4579 καὶ
2232 4525 2303 4580 τά
2332 4526 2586 4581 ἐπίλοιπα
2615 4530 2725 4592 τοῖς
2754 4528 2917 4583 ποσὶν
2956 4530 3116 4584 ιύτοῦ
3149 4534 3460 4588 συνεπάτει.
3494 4555 3510 4584 ι
3548 4534 3686 4607 Ἤδη
3786 4588 3803 4599 ,

2109 4619 2303 4689 κρατεῖ
2344 4618 2439 4674 νῦν
2484 4621 2512 4673 ὁ
2552 4619 2797 4694 σίδηρος·
2847 4622 2950 4694 ἤδη
2997 4622 3229 4696 δαμάζει
3289 4628 3385 4681 καὶ
3433 4626 3686 4682 λεπτύνει

492 4752 538 4787 ⁸⁸
560 4752 606 4808 ll
630 4751 774 4809 Tim.
800 4768 876 4818 Iv,
903 4752 956 4808 8.
1034 4754 1077 4785 δι
1104 4751 1242 4809 Dan.
1270 4752 1447 4819 vu,‘4.
1526 4751 1571 4785 δ’
1592 4750 1795 4809 Jerem.
1827 4766 1868 4821 ι,
1892 4752 1945 4809 5.
2022 4755 2069 4787 “
2091 4754 2228 4812 Dan.
2254 4774 2352 4823 vn,
2383 4756 2452 4822 6;
2497 4774 2618 4826 viil,
2662 4758 2780 4816 2-8.

493 4869 605 4943 (65)
667 4871 757 4943 Οἱ,
782 4869 993 4943 ἄνομοι
1044 4870 1324 4943 ἐπρςσαν.
1387 4868 1581 4927 Isaiam
1630 4886 1781 4927 serra
1822 4871 2001 4942 lignea

420 4940 717 5013 dissectum
741 4940 899 5011 jussu
932 4940 1404 5013 Manassisregis,
1436 4943 1827 5013 quamplurimi
1859 4940 2003 4997 vete-

419 5027 540 5083 [um
575 5012 846 5083 tradunt,
896 5019 961 5083 ut_
1002 5024 1183 5083 notam
1217 5012 1274 5083 in
1310 5012 1511 5067 Codice
1553 5012 2001 5083 pseudepigrgpho

431 5079 543 5136 νει.
570 5081 733 5145 Τρδιη
759 5098 881 5154 pag.
904 5081 1062 5137 1088.
1107 5081 1183 5135 De
1209 5080 1446 5138 Jeremia
1474 5079 1714 5151 lapidato
1744 5079 2003 5207 ab—Egy-

431 5155 570 5207 utiis.
614 5154 776 5207 cuius
829 5154 1035 5207 mentio
1083 5153 1250 5207 paulo
1304 5162 1447 5207 post.
1496 5152 1629 5207 ibid.
1686 5154 1894 5207 nae.“
1944 5158 1994 5207 l.

420 5154 776 5277 Hisﬁceujus
829 5152 1035 5208 mentio
1083 5153 1250 5224 paulo
1304 5162 1447 5224 post,
1496 5152 1629 5208 ibid.
1685 5168 1808 5224 pag.
1833 5152 1994 5208 illi.

465 5239 641 5279 ABMC.

492 5292 607 5363 (66)
650 5294 802 5348 Ἀλλ’
839 5289 955 5350 οὖν
990 5292 1314 5361 liv-Xther
1362 5291 1483 5362 ζῇς.
1534 5292 1690 5363 Leg.,
1733 5292 1867 5348 ἀλλά
1899 5292 1996 5348 νῦν

421 5363 518 5446 gbv
543 5363 767 5446 xei.ch
793 5365 925 5446 ζῇςλ,
973 5372 1037 5446 ut
1068 5363 1398 5446 infra'cap:
1411 5380 1527 5446 seq.
1563 5362 1862 5446 ἀπεθάνετε
1898 5368 1996 5446 σὺν

415 5432 671 5507 Χριστῷ·
706 5432 940 5507 ﬁerst
972 5433 1030 5488 δὲ
1063 5433 1160 5487 σὺν
1186 5432 1427 5507 Χριστῷ.
1465 5432 1623 5502 Quod
1659 5436 1819 5492 toties
1850 5434 1995 5506 apud

414 5501 670 5560 Paulum.
706 5501 839 5558 Tim.
878 5504 1009 5560 FAB.

488 5573 963 5663 ςείῖὶᾏῖφῖττξςτω,
986 5575 1030 5663 ἢ
1063 5572 1505 5663 (τέλβρηψεὲιι
1533 5575 1805 5648 ἀγαπήσω
1843 5574 1878 5647 ἢ
1909 5573 1993 5643 σὲυ

407 5642 444 5716 ἢ
493 5642 799 5716 Ἰερεμίαη
834 5656 888 5700 et
921 5642 1045 5716 mos
1077 5646 1282 5701 omittit
1310 5647 1378 5700 si.
1414 5642 1635 5716 Fauste.

487 5714 598 5788 (68)
648 5715 948 5788 Ἱερεμίας.
983 5715 1447 5788 Leg._'lspep.iav.
1483 5715 1620 5788 θυι).

487 5780 600 5855 (69)
657 5780 917 5853 Χαίρετε.
985 5780 1087 5839 Ita~
1109 5780 1495 5855 Coriihélisius.
1553 5786 1777 5851 Gudius_
1823 5785 1995 5843 edidit

415 5852 643 5926 χάρητε,
675 5852 898 5926 legerint
931 5857 1169 5928 χαρεῖτε.
1198 5854 1416 5912 ΡΑιιιιιε.

2173 4874 2285 4947 (70)
2315 4874 2584 4941 Πλάσιις.
2615 4875 2744 4947 Leg.
2772 4877 3037 4946 ἁγιάσας.
3073 4878 3156 4933 vel
3189 4880 3446 4945 καλέσας.
3469 4878 3608 4934 GUD.

2172 4944 2287 5016 (71)
2332 4947 2384 4999 '0
2415 4946 2660 5013 πλάσας
2691 4944 2766 5001 ἔπιε
2795 4944 2864 5003 ἐκ
2895 4949 3149 5014 κοιλίας.
3182 4948 3337 5005 Dicta
3370 4944 3484 5003 haec
3513 4949 3566 5002 in
3600 4947 3685 5003 Je-

2099 5017 2327 5071 remiam
2350 5058 2362 5082 ,
2410 5017 2554 5071 unde
2591 5019 2869 5075 nonnullis
2902 5020 3076 5073 visum
3101 5060 3117 5085 ,
3147 5035 3212 5074 ex
3251 5030 3407 5074 utero
3442 5020 3683 5074 sanctili-

2098 5096 2282 5158 catum
2314 5102 2456 5150 esse,
2485 5096 2538 5141 et
2569 5090 2888 5143 mundatum
2918 5104 2947 5143 a
2982 5099 3202 5156 peccato
3235 5090 3464 5158 originis
3492 5104 3506 5141 :
3533 5088 3677 5158 quod

2100 5156 2250 5230 illius
2299 5158 2950 5230 singulareprivilegium
2980 5159 3148 5230 foret.
3201 5156 3358 5226 Quod
3391 5174 3518 5214 vero
3550 5156 3682 5227 Hip-

2101 5228 2317 5300 polytus
2332 5227 2408 5282 ad
2421 5227 2712 5300 Daniclem
2726 5227 2916 5300 trahit,
2938 5228 3123 5297 illique
3155 5230 3550 5293 accommodat,
3568 5244 3675 5281 non

2107 5298 2216 5352 tam
2278 5298 2613 5370 μνημονικὸν
2666 5298 2872 5368 aliquid
2932 5313 3190 5370 peccasse
3243 5300 3516 5369 putandus
3571 5306 3678 5362 est,

2104 5383 2268 5437 quam
2302 5369 2483 5423 veram
2512 5377 2579 5439 fet
2614 5384 2958 5423 communem
2989 5369 3300 5439 opinionem
3336 5371 3678 5424 insinuasse:

2104 5453 2397 5509 commune
2446 5438 2654 5495 scilicet
2697 5454 2821 5494 esse
2866 5438 3167 5509 prophetis,
3217 5449 3277 5494 ut
3321 5448 3377 5494 et
3414 5439 3684 5509 ministris

2102 5508 2452 5579 eVangelicis,
2493 5510 2573 5564 sic
2603 5525 2669 5563 ex
2698 5519 2852 5565 utero
2870 5508 2914 5564 7a
2942 5509 3053 5564 Deo
3096 5508 3322 5564 formari
3355 5519 3407 5564 et
3440 5508 3684 5565 sanctiti-

2103 5580 2239 5642 eari,
2290 5595 2384 5634 seu
2434 5580 2709 5649 segregari
2750 5581 2804 5634 in
2840 5581 3230 5647 ministerium,
3273 5589 3335 5635 ut
3359 5579 3562 5635 Paulus
3611 5580 3688 5632 lo-

2102 5649 2310 5732 quitur,
2335 5664 2454 5732 "per
2493 5651 2680 5718 gratia}
2716 5652 3195 5732 praeparationem.
3233 5665 3472 5732 nonper
3506 5651 3683 5720 ipsam

2102 5720 2222 5789 ejus
2268 5719 2617 5790 inlusionem,
2653 5738 2665 5774 :
2715 5719 2768 5775 in
2807 5722 2989 5776 divina
3035 5719 3534 5790 pra‘destinatione,
3576 5735 3683 5775 ιιοιι

2103 5790 2219 5860 ipsa
2254 5790 2308 5845 in
2339 5800 2579 5860 tempore
2599 5789 3015 5861 justiﬁcatioue.
3039 5789 3277 5848 Coussr.
