4134 6386
446 420 552 478 7S3

1534 424 1622 481 DE
1658 420 1958 481 CBRISTO
1996 419 2084 477 ET
2117 414 2598 476 ANTICHRISTO.

3576 413 3686 471 75$

445 541 657 595 πάντασ
703 539 804 614 ήδη
848 540 1143 596 ύποτάσσει
1198 542 1404 608 πάντας
1443 544 1569 608 τοὺς
1618 544 1691 616 μὴ
1726 542 2012 606 θέλοντας·

2128 548 2174 594 et
2203 536 2524 594 comminuit
2543 533 2760 598 omnia;
2788 520 2900 601 jam
2926 528 3128 585 invitos
3149 542 3340 585 omnes
3371 528 3472 584 sub
3491 527 3688 598 iugum

445 632 545 707 ήδη
589 630 857 703 βλέπομεν
896 633 1036 688 αὐτὰ
1062 636 1251 706 ἡμεῖς·
1286 634 1384 707 ήδη
1426 633 1717 706 δοξάζομεν
1757 634 1849 689 τὸν
1879 632 2012 687 Θεὸν

445 706 550 776 ὑπὸ
582 722 674 776 σοῦ
706 722 1101 796 διδασκόμενοι.
1908 774 1917 783 .

528 812 665 865 Ἀλλ’
719 814 914 886 «ἐπειδὴ
945 813 1238 887 προύκειτο
1289 816 1419 888 ἡμῖν
1470 813 1598 886 περ).
1650 813 1748 885 τῆς
1808 812 2014 886 πόρνης

446 905 641 964 εἰπεῖν.
700 906 969 977 πάρελθε,
1016 902 1062 961 ὦ
1113 908 1350 979 μακάριε
1414 906 1629 960 Ἦσαϊα.
1688 905 1916 976 Ἴδωμεν
1962 903 2016 959 τί

444 993 625 1063 λέγεις
663 996 789 1067 περὶ
833 997 1168 1063 Βαϐυλῶνος.
1221 1018 1239 1051 ι
1278 998 1594 1069 Κατάϐηθι,
1654 995 1876 1050 κάθισον
1923 996 2016 1050 ἐπὶ

445 1084 580 1155 γῆς,
616 1085 861 1161 θυγάτηρ
892 1087 1160 1160 παρθένος
1190 1088 1537 1153 Βαϐυλῶνος·
1573 1087 1823 1157 κάθισον,
1845 1085 2015 1155 θυγά-

446 1191 553 1246 τηρ
602 1176 884 1231 Χαλδαίων
911 1196 949 1255 οι
1019 1179 1201 1232 ούκέτι
1267 1178 1535 1252 προστεθῇ
1608 1196 1689 1232 σοι
1751 1161 2016 1250 κληθῆναι

447 1264 627 1338 ἁπαλὴ
659 1268 753 1321 xal.
785 1268 1047 1341 τρυφερά.
1082 1269 1227 1322 Λάϐε
1266 1269 1483 1341 μύλωνα
1503 1311 1516 1335 ,
1549 1268 1737 1324 ἄλεσον
1766 1267 2013 1338 ἄλευρον,

446 1356 795 1428 ἀποκάλυψαι
834 1358 897 1411 τὸ
933 1359 1195 1431 κάλυμμά
1245 1376 1361 1425 σου,
1410 1358 1735 1431 ἀναξύρισον
1772 1358 1883 1430 (72)
1919 1357 2018 1422 τὰς

447 1448 668 1514 πολιάς,
696 1450 1032 1520 άνακάλυῷαι
1059 1451 1159 1515 τὰς
1185 1453 1284 1522 κνή
1296 1466 1421 1523 pag;
1453 1450 1669 1522 διάϐηθι
1705 1450 1982 1521 ποταμούς
1998 1466 2014 1481 ⁸

447 1541 958 1614 ἀνακαλυφθήσεται
998 1545 1031 1615 ή
1072 1543 1446 1615 αἱσχημοσύνη
1499 1560 1628 1608 σου,
1690 1544 2021 1615 φανήσονται

445 1635 496 1687 oi
524 1632 815 1706 ὀνειδισμοί
862 1651 987 1689 σου·
1032 1635 1093 1690 τὸ
1133 1636 1339 1690 δίκαιον
1378 1637 1442 1689 ἐκ
1479 1633 1575 1688 σοῦ
1608 1634 1845 1707 λήψομαι
1884 1635 2017 1709 (75),

446 1726 627 1781 ούκέτι
666 1728 726 1779 ού
774 1726 848 1798 μὴ
889 1726 1114 1799 παραδῶ
1154 1744 1215 1781 σε
1255 1724 1580 1800 ἀνθρώποις.
1628 1727 1686 1781 '0
1720 1726 2021 1800 ῥυσάμενός

452 1834 512 1871 σε
541 1817 744 1889 Κύριος
792 1817 1019 1875 Σαϐαὼθ
1039 1860 1054 1886 ,
1113 1818 1284 1891 Ιὗνομα
1340 1818 1486 1890 αύτῷ
1528 1820 1718 1888 ’Ἄγιος
1781 1817 2016 1891 Ἰσραήλ*

2120 630 2302 684 mittit.
2340 626 2465 682 llrec
2493 641 2591 680 uos
2618 624 2728 694 jam
2754 622 3036 688 videmus;
3067 620 3180 692 jam
3211 636 3244 676 a
3271 628 3321 676 te
3351 621 3495 677 docti
3517 620 3686 677 Deum

2119 723 2504 791 gloriﬁcamus.

2187 814 2429 869 XXXIV.
2489 812 2758 879 Quoniam
2788 824 2920 866 vero
2950 806 3290 881 propositum
3325 808 3482 862 nobis
3515 805 3692 862 fuerat

2123 918 2182 966 ut
2218 909 2285 965 de
2322 909 2612 964 meretrice
2658 905 3031 976 loqueremur,
3076 902 3287 968 adesto,
3329 901 3485 957 beate
3526 899 3687 956 Isaia.

2120 999 2417 1056 Videamus
2465 1000 2594 1070 quid
2643 998 2793 1054 dicas
2841 997 2909 1052 de
2956 994 3250 1066 Babylone.
3319 1011 3339 1045 ι
3391 992 3688 1059 Descende,

2123 1094 2249 1149 sede
2298 1092 2351 1147 in
2403 1100 2578 1156 terra,
2630 1089 2737 1144 illia
2785 1088 2937 1158 virgo
2980 1085 3307 1158 Babylonis;
3368 1082 3529 1147 sede,
3580 1082 3691 1139 [ilia

2122 1183 2537 1249 Chaldaeorum;
2584 1197 2694 1236 non
2733 1179 2967 1251 amplius
3010 1178 3295 1249 adjicietur
3340 1176 3436 1231 tibi
3490 1183 3551 1229 ut
3594 1188 3692 1228 vo-

2123 1275 2266 1330 ceris
2304 1273 2482 1329 mollis
2518 1280 2573 1327 ct
2611 1271 2860 1326 dclicala.
2903 1269 3056 1325 Tolle
3094 1269 3295 1324 molam
3339 1284 3353 1322 :
3389 1266 3531 1321 mole
3561 1264 3693 1319 fari-

2122 1381 2271 1435 nam,
2314 1366 2490 1420 revela
2530 1364 2926 1435 operimentum
2978 1370 3156 1426 tuum,
3192 1361 3321 1416 rade
3357 1374 3547 1422 canos,
3580 1357 3694 1413 dis-

2124 1456 2343 1526 cooperi
2389 1456 2570 1518 tibias,
2616 1456 2784 1511 transi
2831 1454 3091 1521 flumina;
3148 1453 3478 1510 revelabitur
3516 1450 3692 1519 turpi—

2123 1538 2256 1603 tudo
2295 1556 2420 1614 tua;
2457 1547 2792 1617 apparebunt
2825 1546 3116 1617 opprobria
3163 1554 3294 1611 tua;
3332 1544 3592 1599 ultionem
3625 1558 3694 1599 ex

2122 1648 2177 1694 te
2203 1655 2449 1705 sumam;
2486 1654 2828 1709 nequaquam
2863 1639 3005 1694 ultra
3034 1647 3087 1695 te
3112 1638 3427 1693 hominibus
3460 1636 3691 1691 tradam.

2126 1730 2231 1799 Qui
2261 1732 2405 1788 eruit
2444 1735 2496 1787 te
2521 1729 2783 1786 Dominus
2816 1729 3088 1797 Sabaoth,
3123 1745 3322 1786 nomen
3371 1728 3419 1784 ei
3460 1726 3696 1783 Sanctus

2125 1820 2309 1877 Israel.
2367 1820 2505 1877 Sede
2554 1813 2932 1894 compuncta;
2978 1820 3261 1892 ingredere
3315 1819 3371 1875 in
3416 1819 3693 1885 tenebras,

450 1907 673 1963 κάθισον
731 1894 1171 1983 κατανενυγμὲνη
1192 1950 1208 1973 ,
1281 1910 1493 1965 εἴσελθε
1560 1908 1641 1975 εἰς
1694 1909 1756 1964 τὸ
1810 1909 2020 1976 σκότος,

2128 1912 2235 1968 filia
2265 1912 2681 1981 Chaldaeorum;
2717 1928 3062 1985 nequaquam
3098 1912 3240 1968 ultra
3270 1910 3551 1968 vocaberis
3582 1908 3694 1965 for-

451 2000 697 2074 θυγάτηρ
745 2001 1049 2072 Χαλδαίων,
1104 2002 1286 2057 ούκέτι
1339 2004 1401 2057 ού
1456 2001 1531 2075 μὴ
1574 2001 1824 2075 κληθήσῃ
1871 2000 2023 2071 ἰσχὺς

372 2114 375 2119 ·
453 2094 747 2166 βασιλείας.
1036 2119 1041 2124 ’
1558 2104 1561 2109 ’

490 2172 495 2182 ’
526 2184 941 2260 «παρωξύνθην
974 2188 1068 2243 ἐπὶ
1097 2187 1188 2241 τὸν
1216 2188 1343 2242 λαόν
1372 2204 1473 2260 μου
1495 2204 1508 2219 ·
1548 2187 1745 2260 ἐμίανα
1783 2187 1893 2261 (74)
1925 2189 2024 2262 τὴν

449 2278 813 2351 κληρονομίαν
861 2296 983 2351 μου.
1040 2278 1185 2350 Ἐγὼ
1232 2279 1407 2333 ἔδωκα
1449 2282 1530 2344 εἰς
1570 2281 1669 2351 τήν
1712 2282 1869 2353 χεῖρά
1904 2298 2020 2334 σου·

450 2371 517 2424 σὺ
562 2371 618 2424 δὲ
662 2364 763 2427 οὒκ
800 2371 1015 2437 ’ἔδωκας
1069 2373 1252 2437 αὐτοῖς
1302 2372 1485 2429 ἔλεον
1546 2373 1611 2427 σὺ
1660 2373 1717 2427 δὲ
1762 2373 1856 2426 ἐπὶ
1899 2373 2026 2437 τοὺς

450 2461 852 2534 πρεσϐυτέρους
891 2462 1160 2536 ἐϐάρυνας
1200 2463 1292 2518 τὸν
1335 2462 1517 2533 ζυγὸν,
1567 2464 1663 2518 καὶ
1704 2459 1898 2531 εἶπας,
1929 2466 2026 2530 Ei;

447 2552 541 2606 τὸν
581 2548 754 2606 αἰῶνα
801 2553 996 2624 ἔσομαι
1037 2554 1298 2627 άρχουσα.
1341 2555 1456 2609 Ούκ
1496 2554 1724 2625 ἐνόησας
1762 2555 1934 2609 ταῦτα
1967 2556 2025 2609 ἐν

392 2709 408 2726 I
448 2644 517 2717 τῇ
548 2628 747 2716 καρδία
788 2659 904 2709 σου,
940 2642 1062 2698 οὐδὲ
1104 2644 1383 2717 ἐμνήσθης
1404 2643 1478 2699 τὰ
1514 2644 1717 2716 ἐσχατά
1755 2663 1869 2701 σου.
1910 2646 2025 2702 Νῦν

449 2732 508 2788 δὲ
545 2734 709 2789 ἄκουε
746 2733 939 2801 ταῦτα,
974 2730 1304 2809 ή“τρυφερὰ,
1350 2738 1385 2808 ή
1417 2737 1734 2809 καθημένη,
1772 2740 2028 2811 ή,πεποι-

452 2823 611 2893 θυῖα,
646 2828 681 2897 ὴ
719 2825 953 2895 λέγουσα
982 2830 1041 2882 ἐν
1073 2830 1137 2899 τῇ
1177 2827 1408 2900 καρδίᾳο
1452 2829 1592 2899 Ἐγώ
1626 2832 1762 2903 εἰμι,
1798 2831 1893 2886 καὶ
1923 2829 2026 2886 οὐκ

451 2915 598 2969 ἔστιν
646 2916 838 2988 ἑτέρα·
906 2917 966 2975 οὐ
1026 2916 1199 2971 καθιῶ
1240 2919 1405 2990 χήρα,
1448 2919 1569 2974 οὐδὲ
1600 2919 1879 2992 γνώσομαι
1928 2922 2027 2994 όρ-
2068 2910 2074 2916 ’

452 3009 595 3080 φανή
644 3008 778 3080 (15).
834 3009 972 3063 Νυνὶ
1009 3010 1068 3063 δὲ
1110 3008 1229 3081 ἥξει
1268 3011 1364 3065 ἐπὶ
1410 3010 1471 3065 σὲ
1517 3012 1587 3066 τὰ
1620 3012 1713 3067 δύο
1751 3012 1926 3069 ταῦτα
1968 3016 2026 3068 ἐν

452 3100 638 3172 ἡμέρᾳ
666 3102 783 3172 μιᾷ,
816 3100 1011 3173 χηρεία
1049 3102 1144 3156 καὶ
1181 3102 1425 3158 άτεκνία.
1454 3102 1610 3169 ’Ἥξει
1648 3104 1906 3178 ἐξαίφνης
1935 3107 2027 3161 ἐπὶ

2122 1998 2297 2055 titudo
2325 2000 2499 2070 regni.

2194 2172 2411 2231 XXXV.
2474 2192 2494 2226 ι
2533 2177 2713 2231 Iratus
2775 2190 2898 2231 sum
2961 2190 3127 2247 super
3176 2177 3434 2247 populum
3478 2191 3695 2241 meum;

2124 2262 2493 2318 contaminari
2534 2262 2906 2319 hereditatem
2956 2279 3153 2319 meam.
3202 2264 3315 2336 Ego
3358 2266 3480 2321 dedi
3512 2280 3607 2321 eos
3639 2265 3697 2321 in

2124 2365 2291 2406 manu
2324 2360 2450 2421 tua;
2486 2362 2543 2408 tu
2571 2369 2701 2410 vero
2738 2371 2847 2411 non
2873 2354 3069 2411 dedisti
3100 2357 3179 2412 eis
3221 2356 3689 2424 misericordiam;

2127 2453 2184 2497 tu
2208 2458 2339 2499 vero
2364 2460 2527 2516 super
2551 2447 2795 2515 seniores
2823 2451 3126 2519 aggravasti
3148 2449 3363 2520 jugum,
3391 2459 3444 2505 et
3470 2451 3684 2510 dixisti:

2125 2534 2184 2590 In
2234 2545 2496 2592 aeternum
2547 2553 2644 2595 ero
2687 2540 2926 2597 domina.
2979 2540 3098 2597 Non
3149 2544 3398 2613 cogitasti
3460 2543 3575 2599 bzec
3637 2544 3692 2598 in

2126 2630 2292 2683 corde
2331 2637 2450 2696 tuo,
2479 2646 2582 2687 nec
2621 2632 3046 2689 novissimorum
3097 2634 3380 2690 recordata
3411 2651 3491 2691 es.
3544 2634 3703 2692 Nunc

2127 2732 2307 2780 autem
2335 2726 2463 2780 audi
2487 2727 2623 2793 hzec,
2652 2725 2905 2792 delicata,
2938 2745 3060 2800 qua:
3090 2730 3269 2796 sedes,
3299 2748 3419 2803 qua:
3446 2731 3699 2797 conﬁdis,

2128 2831 2249 2886 quae
2273 2816 2411 2873 dicis
2440 2818 2494 2872 iu
2523 2820 2685 2874 corde
2710 2830 2803 2875 tuo
2826 2840 2839 2876 :
2862 2820 2972 2892 Ego
2996 2838 3139 2887 sum,
3167 2830 3222 2878 et
3250 2839 3361 2879 non
3392 2833 3475 2880 est
3498 2825 3699 2892 altera;

2100 2919 2182 2982 _et
2214 2923 2322 2962 non
2349 2910 2549 2965 sedebo
2578 2911 2758 2979 vidua,
2787 2928 2964 2984 neque
2991 2915 3159 2970 sciam
3186 2915 3495 2971 orbitatem.
3544 2914 3704 2972 Nunc

2128 3008 2310 3055 autem
2353 3000 2576 3056 venient
2604 3017 2772 3073 super
2811 3013 2865 3060 te
2895 3005 3009 3060 haec
3036 3005 3146 3061 duo
3179 3006 3235 3061 in
3277 3023 3383 3062 una
3409 3006 3518 3071 die,
3554 3007 3703 3077 quod

2127 3091 2290 3146 vidua
2316 3092 2394 3147 sis
2431 3107 2498 3149 ac
2527 3093 2658 3149 orba
2694 3093 2902 3151 liberis.
2930 3094 3160 3151 Venient
3199 3105 3422 3168 repente
3455 3098 3507 3153 in
3540 3114 3705 3154 vene-

453 3190 515 3246 σέ
541 3193 611 3245 ἐν
631 3194 699 3263 τῇ
747 3194 1067 3265 φαρμακείᾳ
1101 3209 1218 3261 σου,
1247 3194 1305 3247 ἐν
1330 3195 1396 3265 τῇ
1429 3193 1573 3265 ἰσχύϊ
1609 3194 1716 3249 τῶν
1758 3196 2026 3251 ἐπαοιδῶν

2130 3182 2438 3256 θείοίιιο,
2497 3184 2554 3239 in
2604 3182 2923 3243 fertitudine
2987 3186 3417 3245 ineantationum
3480 3198 3702 3245 tuarum

453 3300 547 3340 σου
587 3285 824 3357 σφόδρα,
869 3288 935 3358 τῇ
977 3285 1155 3340 ἐλπίδι
1199 3287 1301 3357 τῆς
1340 3286 1598 3359 πορνείας
1643 3304 1759 3343 σου.
1808 3289 1881 3344 Σὺ
1921 3288 2031 3363 γὰρ

451 3370 647 3440 εἶπας,
694 3374 842 3445 Ἐγώ
871 3379 1008 3447 εἰμι,
1048 3376 1141 3431 καὶ
1188 3376 1289 3431 ούκ
1328 3376 1475 3431 ἐστιν
1504 3377 1685 3449 ἐτέρα.
1734 3377 1845 3431 Kal
1873 3377 2028 3432 ἔσται

452 3463 487 3535 η
525 3464 751 3536 πορνεία
788 3482 884 3520 σου
920 3466 1004 3520 σοὶ
1034 3465 1294 3539 αἰσχύνη,
1337 3466 1419 3521 ὅτι
1446 3462 1608 3532 εἶπας
1644 3467 1703 3521 ἐν
1736 3471 1802 3540 τῇ
1834 3467 2034 3541 καρδίᾳ

454 3559 570 3625 σου,
588 3560 730 3630 Ἐγώ
749 3562 885 3632 είμι.
918 3561 1026 3615 Kal.
1056 3560 1176 3631 ἡξει
1206 3560 1300 3614 ἐπὶ
1332 3560 1394 3613 σέ
1426 3558 1702 3625 ἀπώλεια,
1735 3561 1830 3614 κα)⁵
1857 3560 1919 3613 ού
1955 3560 2030 3632 μὴ

445 3646 616 3722 “γνῷς.
648 3649 921 3723 [Βάθυνος,
951 3652 1046 3707 καὶ
1070 3654 1285 3724 ἐμπεσῇ
1313 3653 1393 3716 είς
1419 3652 1600 3706 αὐτόν.
1640 3652 1752 3705 Καὶ
1785 3650 1905 3722 ἥξει
1935 3652 2030 3705 ἐπὶ

457 3742 518 3796 σὲ
544 3743 884 3816 ταλαιπωρία
901 3783 916 3809 ,
955 3744 1050 3798 καὶ
1072 3744 1134 3797 ού
1165 3745 1240 3815 μὴ
1264 3743 1470 3818 δυνήσῃ
1506 3743 1722 3816 καθαρὰ
1750 3744 2027 3814 γενέσθαι.

453 3837 566 3914 Kal.
608 3836 728 3907 ἡξει
784 3838 877 3892 ἐπὶ
928 3838 991 3892 σέ
1045 3836 1306 3909 ἐξαπίνης
1359 3837 1642 3906 ἀπώλεια,
1697 3841 1791 3895 καὶ
1839 3841 1900 3893 οὐ
1957 3841 2032 3914 μὴ

724 3926 890 3997 Στῆθι
924 3927 1021 3981 νῦν
1049 3929 1109 3981 ἐν
1147 3904 1274 3992 ταῖς*
1295 3929 1574 3993 ἐπαοιδαῖς
1605 3904 1724 3994 σου,
1753 3930 1850 3985 καὶ
1877 3931 1937 3984 ἐν

456 4014 631 4086 πολλῇ
656 4015 975 4089 φαρμακείᾳ
1001 4033 1116 4084 σου,
1143 4016 1181 4071 ἃ.
1207 4017 1510 4088 ἐμάνθανες
1540 4021 1606 4073 ἐκ
1631 4019 1884 4089 νεότητός
1912 4035 2029 4086 σου,

456 4104 508 4156 εἰ
542 4102 745 4176 δυνήσῃ
776 4087 1142 4175 ὠφεληθῆναι.
1186 4087 1542 4172 κεκοπίακας
1567 4110 1629 4162 ἐν
1668 4087 1790 4171 ταῖς
1815 4108 2034 4179 βουλαῖς

458 4211 552 4248 σου
572 4211 586 4225 ·
624 4197 904 4267 στήτωσαν
933 4195 1028 4250 καὶ
1066 4197 1394 4252 σωσάτωσάν
1419 4215 1479 4252 σε
1515 4199 1567 4253 οι
1593 4198 1910 4270 ἀστρολόγοι
1938 4199 2034 4254 τοῦ

457 4288 686 4367 ούρανοῦ
706 4306 720 4319 ·
771 4289 820 4343 οἱ
861 4288 1096 4362 ὁρῶντες
1131 4282 1525 4365 τοὺςάστέρας
1552 4289 2033 4360 άναγγειλάτωσάν

462 4398 564 4448 σοι,
721 4380 903 4454 μέλλει
953 4381 1048 4436 ἐπὶ
1090 4381 1150 4435 σὲ
1196 4381 1470 4453 ἔρχεσθαι.
1532 4382 1663 4436 Ἰδοὺ
1713 4383 1914 4447 πάντες
1958 4382 2035 4446 ὡς

459 4472 711 4559 φρύγανα
776 4472 984 4559 πυρδς,
1042 4471 1184 4526 οὕτω
1238 4471 1638 4549 καυθήσονται,
1698 4473 1792 4527 καὶ
1839 4473 1900 4527 ού
1960 4472 2034 4545 μὴ

2132 3273 2306 3341 valde,
2341 3289 2438 3345 spe
2463 3273 2842 3332 fornicationis
2871 3286 2997 3333 tum.
3032 3277 3113 3333 Tu
3148 3280 3292 3334 enim
3323 3280 3507 3336 dixisti
3542 3297 3554 3335 :
3588 3279 3703 3351 Ego

2132 3379 2275 3430 sum,
2323 3374 2378 3421 et
2416 3381 2526 3421 non
2569 3375 2656 3422 est
2702 3368 2892 3424 altera.
2937 3368 3003 3424 Et
3032 3369 3135 3424 erit
3164 3368 3453 3426 fornicatio
3479 3380 3572 3426 tua
3604 3371 3704 3426 tibi

2130 3452 2402 3522 confusio,
2457 3459 2603 3528 quod
2649 3458 2836 3515 dixiin
2894 3460 2951 3515 in
2999 3463 3164 3518 corde
3210 3470 3306 3517 tuo
3346 3479 3360 3516 :
3406 3462 3700 3533 Ego'sum.
3740 3450 3745 3456 ’

2129 3544 2199 3600 Et
2231 3547 2415 3602 veniet
2457 3563 2625 3618 super
2666 3557 2718 3605 te
2765 3551 3016 3621 perditio,
3050 3560 3106 3607 et
3134 3554 3379 3621 nescies;
3424 3563 3478 3609 et
3520 3554 3699 3621 fovea,

2131 3649 2187 3696 et
2213 3641 2418 3697 incides
2472 3643 2527 3697 iu
2572 3659 2713 3699 eam.
2765 3644 2832 3700 Et
2876 3645 3055 3701 veniet
3101 3661 3265 3717 super
3294 3656 3345 3702 te
3374 3648 3615 3713 miseria,
3649 3657 3705 3704 et

2132 3745 2242 3785 non
2266 3733 2470 3802 poteris
2501 3736 2704 3791 munda
2734 3735 2870 3791 ﬁeri.
2898 3735 2964 3791 Et
2985 3738 3167 3793 veniet
3195 3753 3361 3809 super
3395 3746 3448 3793 te
3481 3748 3703 3809 repente

2133 3821 2417 3891 interitus,
2453 3833 2507 3880 et
2540 3842 2647 3881 non
2681 3828 2969 3899 intelliges.
2995 3827 3090 3884 Sta
3115 3823 3260 3886 nunc
3291 3831 3344 3885 iu
3374 3831 3700 3887 incantatio-

2132 3914 2295 3969 nibus
2328 3917 2457 3981 tuis,
2490 3926 2546 3972 et
2583 3917 2636 3971 in
2670 3919 2860 3974 multis
2889 3920 3168 3976 veneficiis
3208 3920 3339 3988 tuis,
3369 3937 3492 3992 quae
3525 3923 3693 3977 disce-

2134 4005 2232 4061 bas
2271 4022 2302 4061 a
2325 4007 2610 4077 juventute
2634 4019 2758 4077 tua,
2798 4010 2844 4065 si
2873 4012 3077 4081 poteris
3110 4011 3377 4081 adjuvari.
3412 4012 3703 4069 Laborasti

2135 4097 2189 4152 in
2219 4100 2462 4155 consiliis
2493 4101 2601 4157 tuis
2628 4119 2641 4156 :
2670 4110 2817 4157 stent
2859 4111 2914 4158 et
2951 4103 3155 4158 salvam
3190 4112 3241 4159 te
3269 4103 3472 4159 faciant
3515 4113 3702 4160 astro-

2132 4191 2240 4264 logi
2290 4193 2413 4248 caeli
2458 4210 2473 4247 :
2516 4195 2607 4264 qui
2655 4194 3094 4265 contemplantur
3135 4197 3341 4263 stellas,
3377 4200 3707 4255 annuntient

2134 4284 2233 4381 tibi
2276 4285 2406 4354 quid
2446 4285 2688 4341 futurum
2731 4287 2800 4343 sit
2839 4286 3004 4357 super
3045 4297 3118 4345 te.
3161 4288 3301 4345 Ecce
3346 4306 3536 4347 omnes
3584 4301 3706 4359 tan-

2133 4379 2298 4449 quam
2328 4379 2526 4450 stipula
2559 4380 2720 4450 ignis,
2749 4380 2829 4436 sic
2859 4381 3270 4449 comburentur,
3294 4393 3350 4439 et
3373 4399 3481 4439 non
3511 4394 3706 4441 erueut

2135 4472 2374 4527 animam
2423 4488 2578 4529 suam
2632 4473 2700 4529 de
2742 4472 2982 4531 ﬂamma.
3035 4474 3488 4545 Quandoquidem
3534 4476 3706 4532 habes

459 4552 744 4634 ἐξέλώνᾶαι
794 4552 899 4638 τὴν
935 4566 1112 4638 ψυχὴν
1156 4565 1334 4620 αὐτῶν
1378 4565 1694 4640 ἐκξφλογός.
1737 4566 1857 4621 Ὅτι
1890 4565 2026 4636 ἔχεις

2137 4565 2402 4622 carbones
2434 4566 2593 4637 ignis,
2625 4568 2753 4623 sede
2779 4582 2943 4639 super
2966 4583 3060 4626 eos
3086 4585 3102 4622 :
3141 4568 3222 4624 sic
3258 4569 3385 4624 inde
3405 4569 3705 4639 juvaberis.

380 4678 385 4683 '
459 4656 737 4731 ἄνθρακας
770 4657 971 4729 πυρὸς,
1004 4656 1227 4711 κάθισαι
1271 4657 1359 4711 ἐπ’
1394 4656 1611 4722 αύτούς.
1656 4655 1845 4722 Οὕτως
1877 4657 2035 4712 ἔσται

462 4766 554 4804 σου
588 4744 815 4821 (76)ἐίς
857 4747 1130 4821 βοήθειαν.
1180 4748 1512 4814 Ἐκοπίασας
1553 4749 1617 4803 ἐν
1650 4749 1719 4821 τῇ
1760 4747 2030 4821 μεταϐολῇ

530 4884 580 4919 ⁸⁵
598 4885 702 4942 lsa.
728 4903 893 4955 nvu,
925 4887 1061 4943 1-15.

532 5026 646 5101 (72)
679 5029 1081 5112 ᾎναξ-ύρισογ.
1109 5030 1279 5097 Quasi
1311 5049 1331 5085 ι
1353 5030 1619 5112 novacula
1645 5030 1801 5112 rade;
1828 5049 1848 5083 ι
1878 5030 2027 5112 quod

463 5099 771 5168 expressius
801 5108 905 5165 est,
937 5101 1220 5170 majusque
1264 5117 1353 5157 ser
1392 5101 1542 5156 itutis
1574 5116 1639 5155 ac
1676 5100 1854 5155 luctus
1886 5099 2029 5155 indi-

465 5170 632 5224 cium.
666 5166 877 5225 Reliqui
908 5177 1085 5224 tamen
1121 5117 1480 5225 ἁνακάλυξίαι.
1520 5188 1539 5220 ι
1573 5171 1808 5225 denuda.
1841 5171 2028 5225 detege

465 5184 632 5224 ctum.
666 5183 877 5237 ueuqut
908 5183 1085 5224 tamen
1121 5183 1480 5238 ανακαλυψαι,
1520 5188 1539 5220 ι
1573 5183 1808 5237 denuda,
1841 5183 2028 5241 detege

465 5253 676 5320 comam
705 5248 906 5320 tuam;
947 5256 967 5289 ι
1025 5255 1145 5320 nec_
1174 5241 1612 5320 aliteLHebrzea;
1668 5249 1730 5294 ut
1769 5241 1842 5320 sit
1884 5240 2028 5320 istud

467 5309 737 5381 Hippolyti
767 5309 958 5381 scribae
989 5311 1263 5364 mendum.
1298 5309 1607 5381 Προστεοίῇ
1639 5323 1759 5365 σοι.
1790 5309 1952 5381 Forte
1973 5317 2029 5365 et

461 5378 679 5507 ipsum'
720 5378 1064 5447 expressius,
1127 5394 1291 5449 quam
1346 5378 1692 5453 προστεθήσῃ
1771 5379 2023 5435 aliorum.

508 5465 698 5505 oueer.

508 5465 698 5504 OIBEI'.

533 5466 754 5590 Eii'r.
784 5516 1018 5571 δίκαιον
1040 5516 1108 5571 ὲκ
1131 5518 1247 5573 σοῦ
1268 5517 1555 5588 λήψομαι.
1589 5518 1754 5572 Plana
1789 5517 2024 5590 phrasis,

462 5586 646 5661 quam,
682 5589 763 5644 sic
818 5602 1135 5661 expressere
1176 5586 1385 5661 _omnes
1421 5586 1805 5661 interpretes:
1830 5586 2020 5661 ‘Vulg.

469 5654 497 5711 ἰ
520 5659 742 5728 Capiam
781 5654 1065 5713 ultionem.
1095 5677 1114 5709 ι
1176 5657 1397 5729 Τονεηι
1421 5654 1695 5712 Ultionem
1726 5654 2023 5729 perfectam

465 5726 675 5798 capiam
726 5743 792 5783 ex
823 5737 892 5798 te_.
930 5745 948 5781 ι
1013 5729 1223 5798 Syriae.
1288 5726 1676 5798 iSupplicium
1707 5726 1787 5798 Ade
1836 5736 1888 5780 te
1931 5743 2026 5781 su-

467 5796 633 5861 mam,
666 5816 685 5849 ›
722 5809 826 5867 etc.
861 5796 954 5853 Sic
982 5796 1119 5867 belle
1146 5797 1394 5855 Nobilius
1419 5796 1434 5852 Ξ
1455 5796 1484 5850 ἰ
1513 5796 1671 5863 Quod
1698 5796 1906 5867 justum
1942 5804 2028 5850 est

466 5872 533 5927 de
564 5877 627 5939 ,ιε
668 5865 932 5922 auferam.
961 5866 1325 5961 i\Signiﬁcat
1374 5867 1638 5938 propheta
1659 5906 1677 5934 ,
1702 5865 1712 5867 ⁷
1733 5867 2027 5936 ipsummet

2136 4655 2422 4713 Laborasti
2467 4658 2524 4714 in
2557 4658 2862 4715 mutatione
2913 4667 3006 4715 tua
3053 4659 3413 4732 ajuventute.
3449 4659 3711 4715 Homo‘in

2138 4748 2431 4820 semetipso
2470 4752 2672 4807 erravit
2708 4770 2723 4808 :
2757 4752 2857 4809 tibi
2890 4760 3072 4808 autem
3122 4768 3237 4809 non
3263 4753 3369 4809 erit
3408 4753 3560 4808 salus
3578 4750 3645 4806 “.
3679 4767 3704 4805 ι

2132 5029 2305 5085 Deum
2357 5032 2591 5084 ultorem
2643 5026 2782 5095 fore,
2813 5044 2916 5085 nec
2948 5029 3073 5087 aliis
3113 5030 3376 5085 tradendo
3427 5028 3708 5083 ulturum:

2132 5101 2279 5172 quod
2307 5100 2524 5172 gravius
2557 5098 2623 5154 ad
2660 5107 2963 5172 terrorem.
2983 5099 3072 5155 Sic
3094 5100 3301 5172 Paulus
3324 5098 3487 5172 Hebr.
3525 5096 3663 5172 1,21
3689 5114 3705 5152 :

2139 5166 2167 5222 ἱ
2188 5166 2530 5225 Horrendum
2565 5176 2648 5224 est
2682 5170 2921 5225 incidere
2954 5170 3008 5224 in
3042 5186 3236 5226 manus
3270 5166 3365 5223 Dei
3393 5168 3643 5222 viventis.
3680 5184 3702 5218 ι

2134 5240 2317 5381 In???)
2352 5310 2613 5381 'Eplara.
2634 5298 2734 5381 Sic
2761 5309 2940 5379 palam
2967 5305 3190 5381 Hebrzea
3220 5322 3289 5381 ac,
3312 5305 3504 5381 reliqui
3533 5307 3710 5381 Inter:

2135 5375 2513 5449 pretes;ﬂ_'nec
2564 5380 2671 5435 nisi
2720 5375 2907 5449 errore
2950 5379 3225 5449 scriptum
3254 5377 3536 5449 _éptav_a;,_
3561 5375 3706 5446 quod

2134 5446 2323 5523 Graeca
2349 5447 2761 5523 Vulg._haben_t.
2809 5447 3020 5523 Passim
3051 5446 3288 5523 occurrit
3340 5448 3392 5499 in
3423 5446 3706 5523 Scriptura

2130 5520 2185 5575 in
2228 5517 2482 5590 persona'
2519 5518 2617 5590 Dei
2684 5517 3123 5590 sic_ulciscentis
3152 5557 3167 5583 ,
3238 5527 3292 5570 et
3338 5517 3702 5586 permittentis

2131 5586 2320 5645 sancta
2350 5588 2731 5645 contaminari.
2776 5586 2926 5641 Ιοειι.

2131 5660 2313 5784 mg?)
2360 5655 2634 5729 ὀρφανή.
2686 5656 2958 5723 Combef.,
2990 5654 3276 5727 ὀρφανίαν.
3334 5653 3426 5712 Sic
3456 5663 3510 5711 et
3560 5655 3696 5722 apul

2202 5798 2314 5871 (76)
2344 5800 2549 5854 Ἔσται
2591 5812 2733 5854 σου.
2756 5793 2857 5865 1a.,
2881 5793 3031 5847 ἔσται
3063 5809 3167 5848 σοι.
