4134 6378
453 435 551 491 δίίῦ
1082 437 1140 492 S.
1184 436 1542 492 HIPPOLYTI
1583 437 1732 492 OPP.
1778 435 1955 491 PARS
1994 434 2056 489 II.
2098 466 2165 476 —
2204 430 2508 494 DOGMAT.
2551 437 2640 493 ET
2681 436 3024 494 HISTORIC.
3591 433 3696 490 756

448 553 572 608 Haec
605 553 822 625 quidem
855 555 952 610 tibi
985 553 1154 612 Isaias
1184 558 1509 613 vaticinatur
1535 577 1550 614 :
1572 559 1853 614 videamus
1885 575 1988 613 nun

2121 577 2213 612 σου
2228 561 2292 614 ἐκ
2308 561 2575 632 νεότητος.
2598 561 2727 614 Ἀνθ
2736 579 2915 634 ρωπος
2929 559 3050 614 καθ’
3066 555 3254 612 ἑαυτὸν
3262 555 3544 662 ἐπλάγχθη
3559 556 3693 662 (Τῗγ

443 656 499 701 et
523 645 765 704 Joannes
789 648 986 703 similia
1013 649 1230 704 locutus
1257 652 1345 706 sit.

2119 649 2202 702 col
2240 649 2296 703 δὲ
2334 651 2435 704 οὐκ
2478 651 2592 703 ἔστι
2636 651 2898 722 σωτηρία.
2924 669 2942 700 ι
2993 649 3178 704 Ταῦτα
3221 647 3319 718 μὲν
3357 646 3696 719 προφητεύει

2117 759 2200 795 σοι
2238 742 2464 807 Ἡσαΐας
2483 759 2498 774 ο
2530 741 2726 814 ἴδωμεν
2749 741 2804 795 δὲ
2829 744 2876 796 εί
2901 743 2970 796 τὰ
3000 743 3160 814 ὃμοια
3186 739 3364 793 αὐτῶν
3394 737 3696 808 ἐφθέγξατο

2114 834 2142 886 6
2182 833 2452 906 Ἰωάννης.

2153 971 2156 974 ο
2185 941 2352 1010 Οὗτος
2379 946 2488 1019 γὰρ
2509 948 2567 1001 ἐν
2603 947 2810 1019 Πάτμῳ
2837 950 2906 1019 τῇ
2957 948 3104 1020 νήσῳ
3135 946 3233 1013 ὢν,
3285 947 3388 1019 δρᾷ
3415 945 3692 1000 ἀποκάλυ-

2110 1023 2205 1105 ψιν
2233 1037 2545 1110 μυστηρίων
2577 1039 2841 1110 φρικτῶν,
2873 1038 3030 1092 ἅτινα
3059 1037 3410 1111 διηγούμενος
3443 1037 3691 1108 ἀφθόνως

2111 1126 2207 1181 xal
2249 1127 2472 1199 ἑτέρους
2528 1128 2790 1183 διδάσκει.
2825 1129 2966 1199 Λέγε
3007 1145 3118 1201 μοι,
3155 1129 3392 1201 μακάριε
3447 1129 3687 1199 Ἰωάννη,

2111 1219 2374 1274 ἀπόστολε
2407 1221 2502 1275 καὶ
2535 1220 2753 1294 μαθητὰ
2777 1221 2872 1275 τοῦ
2902 1222 3128 1294 Κυρίου,
3162 1222 3215 1276 τί
3246 1213 3384 1286 εἶδες
3408 1222 3502 1275 xal
3524 1221 3688 1292 ἡκου-

2112 1329 2212 1376 σας
2236 1313 2366 1386 περὶ
2395 1312 2746 1381 Βαϐυλῶνος;
2775 1315 3125 1386 Γρηγόρησον
3153 1314 3248 1367 xal
3281 1313 3422 1367 είπέο
3454 1312 3550 1367 καὶ
3577 1312 3688 1381 γὰρ

2109 1404 2244 1476 αὐτή
2277 1422 2337 1458 σε
2395 1406 2641 1478 ἐξώρισε.
2687 1426 2706 1460 ι
2734 1409 2844 1462 Kal
2874 1403 3036 1478 ἦλθεν
3071 1401 3153 1470 εἷς
3187 1407 3253 1460 ὲκ
3279 1406 3387 1460 τῶν
3415 1404 3554 1460 ἑπτὰ
3585 1405 3689 1474 ἀγ-

2108 1495 2282 1565 γέλων
2306 1495 2415 1550 τῶν
2463 1495 2696 1569 ἑχόντων
2747 1497 2846 1563 τὰς
2879 1497 3017 1552 ἑπτὰ
3045 1498 3262 1569 φιάλας,
3306 1497 3400 1550 καὶ
3451 1494 3686 1566 ὲλάλησέ

439 1516 718 1546 ...ωδ-...υ
787 1516 807 1532 1
833 1516 914 1567 ut.
937 1516 1078 1538 usu“
1125 1516 1266 1542 unua
1315 1516 1383 1542 uc
1413 1516 1620 1558 acptcm
1676 1516 1884 1561 augens
1915 1516 1985 1561 qu

437 1563 717 1624 habebant
765 1580 971 1642 septem
1001 1574 1236 1660 phialas,
1291 1587 1347 1633 et
1373 1578 1588 1637 locutus
1611 1590 1696 1637 est
1727 1582 1883 1648 mihi,
1926 1583 1988 1640 di.

2108 1516 2282 1565 γεΑων
2306 1516 2415 1550 των
2463 1516 2488 1550 ε
2527 1516 2696 1553 οντων
2747 1516 2846 1563 τας
2879 1516 3017 1552 επτα
3045 1516 3262 1569 φιαλας,
3306 1516 3400 1550 και
3451 1516 3686 1566 ελαλησε

2111 1603 2201 1657 μοι
2247 1587 2438 1656 λέγων’
2473 1516 2663 1660 ἔεῦρο,
2693 1589 2851 1657 δείξω
2905 1607 2988 1644 σοι
3032 1589 3092 1644 τὸ
3121 1575 3296 1661 κρίμα
3343 1588 3442 1660 τῆς
3479 1587 3701 1659 πόρνης¹

433 1668 564 1710 cens
591 1675 606 1712 :
645 1655 798 1724 Veni,
823 1662 1108 1717 ostendam
1147 1651 1246 1719 tibi
1272 1666 1678 1722 damnationem
1706 1670 1988 1728 meretrici:

2106 1651 2205 1748 ίτῆς
2230 1651 2490 1751 μεγάλης,
2551 1651 2660 1752 τῆξ
2699 1651 3020 1754 καθημένης
3053 1651 3174 1736 ἐπὶ·
3197 1651 3433 1738 deum"
3453 1651 3679 1760 πολλῶν,

431 1762 665 1818 ωεξηελ,
726 1767 849 1820 quae
892 1753 1044 1809 sedet
1086 1771 1252 1826 super
1303 1775 1475 1830 aquas
1507 1762 1726 1827 multas,
1752 1779 1874 1819 cum
1899 1781 1988 1836 qu:

2109 1771 2229 1841 μεθ’
2256 1766 2323 1845 ἦς
2357 1773 2692 1845 ἐπόρνευσαν
2725 1775 2775 1827 οἱ
2805 1753 3042 1845 βασιλεῖς
3073 1773 3170 1845 τῆς
3197 1774 3322 1844 γῆς,
3358 1773 3452 1826 καὶ
3483 1755 3682 1842 ἐμεθύ-

430 1835 682 1894 fornicati
738 1852 867 1898 sunt
917 1860 1076 1916 reges
1107 1854 1286 1916 terrae,
1319 1859 1374 1905 et
1433 1851 1686 1908 inebriati
1731 1864 1861 1910 sunt
1911 1835 1980 1926 qu

430 1928 732 1965 ἰηιισιιιῖιαηο
795 1944 994 1965 unum...
1076 1937 1140 1965 Α..
1168 1940 1291 1965 -.:.-...
1342 1944 1736 1965 __--.s.__.e-_--A
1781 1947 1817 1965 μ·
1869 1963 1875 1965 _
1941 1948 1981 1965 ιη

2111 1863 2317 1936 σθησαν
2367 1865 2415 1918 οἱ
2449 1865 2828 1932 κατοικοῦντες
2861 1867 2960 1937 τὴν
3012 1867 3114 1937 γῆν
3147 1869 3212 1920 ἐκ
3256 1864 3352 1919 τοῦ
3406 1864 3550 1918 οἴνου
3581 1863 3683 1932 τῆς

429 1928 737 1986 inhabitant
795 1944 1022 2002 terram,
1074 1937 1142 1993 de
1168 1940 1294 1995 vino
1342 1944 1744 2012 prostitutionis
1770 1947 1906 2017 ejus.
1941 1948 1988 2002 Et

2109 1928 2362 2028 πορνείας
2409 1957 2596 2028 αὐτῆς.
2631 1959 2740 2010 Kal
2798 1928 3082 2029 ἀπήνεγκέ-
3135 1975 3202 2029 με
3251 1959 3330 2022 είς
3375 1956 3578 2029 ἔρημον
3623 1928 3682 2008 έν

431 2019 656 2076 abstulit
687 2039 772 2078 me
803 2025 855 2078 in
900 2027 1095 2096 spiritu
1139 2030 1192 2083 iu
1236 2032 1546 2090 desertum:
1581 2047 1636 2090 et
1676 2037 1784 2092 vidi
1813 2039 1988 2094 mulie-

2108 2019 2396 2118 πνεύμων
2427 2019 2700 2102 καὶ-εἶδον
2747 2019 3330 2120 γυναέκακαθημένην
3363 2019 3680 2121 ἐπὶηθηρίον

429 2126 544 2165 rem
598 2113 874 2169 sedentem
925 2132 1090 2188 super
1140 2121 1370 2178 bestiam
1421 2127 1756 2192 coccineam,
1788 2131 1988 2200 plenam

2106 2113 2377 2198 κόκκινον,
2411 2135 2578 2206 γέμον
2611 2113 2890 2207 ὀνομάτων
2948 2113 3316 2208 βλασφημίας,
3363 2137 3483 2209 ἔχον
3514 2113 3682 2206 κεφα-

519 921 759 982 XXXVI.
793 923 894 984 Hic
923 928 1075 985 enim
1107 947 1232 988 cum
1266 932 1323 988 in
1349 932 1545 990 Patmo
1571 935 1747 992 insula
1770 952 2015 993 versare-
2078 985 2081 992 .

443 1019 555 1077 tur,
591 1016 736 1073 videt
765 1021 1135 1094 apocalypsim
1183 1040 1292 1094 qua
1325 1025 1538 1082 detecta
1574 1026 1842 1084 horrenda
1893 1045 2013 1101 my-

439 1105 626 1171 steria,
676 1123 850 1179 eaque
887 1126 1138 1178 narrans,
1186 1115 1352 1170 etiam
1406 1115 1544 1174 alios
1577 1117 1782 1174 aﬂ'atim
1830 1118 2012 1178 docet.

443 1195 562 1262 Dic,
591 1211 798 1269 quasso,
816 1204 973 1262 beate
991 1204 1230 1264 Joannes
1251 1209 1498 1279 apostole
1525 1220 1580 1266 et
1615 1211 1829 1268 Domini
1854 1213 2013 1270 disci-

438 1289 584 1358 pule,
615 1293 877 1362 quidnam
903 1296 1103 1355 audisti
1129 1310 1184 1356 et
1223 1300 1406 1358 vidisti
1447 1303 1515 1360 de
1551 1303 1862 1377 Babylone?
1903 1305 2014 1361 Ex-

439 1383 750 1454 pergiscere
778 1397 834 1444 et
867 1389 1090 1461 loquere
1131 1411 1147 1448 :
1210 1409 1336 1450 nam
1367 1403 1423 1452 et
1452 1396 1569 1452 haec
1589 1406 1642 1456 te
1672 1398 1726 1453 in
1753 1398 2008 1454 exsilium

439 1474 718 1546 relegavit.
787 1497 807 1532 ι
833 1478 901 1536 Ει
930 1483 1078 1538 venit
1122 1499 1266 1542 unus
1315 1486 1383 1542 de
1413 1496 1620 1558 septem
1676 1490 1884 1561 angelis
1915 1491 2008 1561 qui

429 2203 746 2261 nominibus
775 2208 1147 2278 blasphemiae,
1193 2214 1482 2272 habentem
1515 2221 1692 2289 capita
1723 2235 1926 2294 septem
1949 2238 2003 2282 et

427 2309 635 2350 cornua
663 2297 871 2353 decem.
921 2301 988 2356 Et
1022 2305 1218 2360 mulier
1275 2318 1398 2364 erat
1442 2313 1638 2368 amicta
1683 2332 1922 2388 purpura
1948 2335 2003 2377 et

425 2387 674 2456 coccino,
706 2399 759 2446 et
791 2391 1044 2452 inaurata
1076 2413 1213 2454 auro
1237 2410 1291 2456 et
1316 2402 1494 2472 lapide
1521 2409 1761 2477 pretioso
1782 2387 1835 2466 et
1855 2428 2002 2467 mar-

425 2478 636 2544 garitis,
673 2481 882 2539 habens
904 2489 1160 2555 poculum
1185 2506 1411 2549 aureum
1443 2495 1498 2551 in
1532 2513 1697 2554 manu
1739 2517 1838 2557 sua
1883 2505 1999 2573 ple-

425 2585 554 2623 uum
597 2571 1576 2648 abominationibus,etimmunditias
1615 2571 1998 2652 fornicationis

422 2671 599 2717 terrae.
639 2662 694 2718 In
723 2665 898 2723 fronte
925 2671 1045 2740 ejus
1075 2688 1273 2729 nomen
1308 2679 1570 2748 scriptum
1601 2701 1613 2735 :
1644 2681 1993 2754 Mysterium;

426 2748 666 2823 Babylon
703 2772 923 2828 magna,
970 2769 1145 2817 mater
1199 2767 1589 2821 scortationum
1627 2777 1683 2823 et
1699 2748 1996 2828 'abomina-L

418 2843 627 2898 tionum
654 2854 830 2903 terra}.

489 2958 755 3016 XXXVII.
794 2981 812 3014 ι
836 2962 902 3018 Ει
925 2965 1035 3021 vidi
1069 2967 1353 3025 mulierem
1389 2971 1595 3027 ebriam
1629 2972 1697 3028 de
1733 2975 1994 3045 sanguine

417 3058 758 3119 sanctorum,
793 3065 848 3108 et
878 3055 944 3110 de
972 3059 1240 3127 sanguine
1295 3071 1596 3134 martyrum
1625 3062 1776 3120 Iesu.
1805 3064 1871 3118 Et
1899 3066 1996 3119 mi-

417 3151 574 3198 ratus
621 3159 746 3200 sum
802 3147 996 3204 videns
1028 3150 1200 3214 illam,
1253 3153 1614 3210 admiratione
1662 3172 1879 3228 magna.
1927 3155 1994 3212 Et

414 3233 552 3289 dixit
578 3236 711 3291 mihi
743 3240 970 3309 angelus
1015 3260 1029 3296 :

414 3337 816 3383 sacramentum
844 3332 1088 3388 mulieris
1127 3342 1184 3389 et
1213 3335 1403 3392 bestiae
1449 3353 1570 3407 quae
1611 3340 1757 3395 illam
1789 3351 1988 3412 portat,

413 3432 535 3488 quae
559 3417 723 3473 habet
747 3422 923 3490 capita
974 3433 1178 3494 septem
1231 3436 1285 3481 et
1321 3442 1527 3484 cornua
1567 3430 1776 3486 decem.
1810 3432 1988 3489 Bestia

412 3521 578 3574 quam
612 3509 821 3574 vidisti,
857 3521 994 3576 erat,
1025 3522 1080 3568 et
1101 3530 1208 3569 non
1233 3525 1317 3571 est
1348 3535 1363 3572 :
1418 3517 1774 3590 futurumque
1801 3533 1884 3578 est
1931 3528 1992 3579 ut

411 3599 672 3677 ascendat
702 3600 772 3655 de
799 3603 1019 3673 abysso,
1059 3615 1116 3662 et
1153 3607 1207 3662 in
1250 3609 1528 3664 interitum
1559 3621 1668 3667 eat.
1704 3612 1772 3668 Et
1821 3614 1989 3671 mira-

413 3691 619 3747 buntur
647 3692 1020 3752 inhabitantes
1052 3708 1253 3753 terram
1283 3699 1537 3770 (quorum
1573 3720 1681 3760 non
1725 3709 1984 3778 scriptum

409 3794 491 3837 est
529 3799 726 3841 nomen
755 3787 809 3841 in
842 3789 982 3845 libro
1013 3791 1134 3846 vitta
1173 3807 1202 3846 a
1233 3794 1622 3851 constitutione
1653 3801 1862 3871 mundi)
1902 3802 1984 3856 vi-

408 3878 598 3933 dentes
629 3878 856 3934 bestiam
905 3897 1030 3952 quae
1085 3893 1224 3951 erat,
1256 3893 1309 3940 et
1362 3901 1471 3941 non
1494 3896 1596 3953 est,
1630 3899 1685 3944 et
1712 3907 1833 3960 qua:
1863 3909 1984 3949 ven-

406 3978 528 4023 tura
563 3980 663 4025 est.

475 4082 762 4142 XXXVIII.
792 4106 810 4139 ι
835 4086 933 4144 Hic
961 4104 1174 4156 sensus,
1204 4092 1296 4163 qui
1331 4094 1492 4150 habet
1514 4097 1856 4166 sapientiam.
1887 4100 1984 4157 Se-

406 4186 551 4242 ptem
583 4179 783 4248 capita,
816 4188 1023 4251 septem
1051 4195 1263 4240 moutes
1303 4196 1451 4253 sunt,
1500 4204 1665 4260 super
1691 4208 1830 4261 quos
1859 4211 1981 4249 mu-

407 4267 508 4320 lier
529 4270 707 4336 sedet;
736 4279 792 4326 et
843 4288 999 4344 reges
1047 4287 1252 4347 septem
1305 4290 1454 4336 sunt.
1491 4282 1743 4355 Quinque
1771 4288 1980 4344 cecide-

404 4365 533 4411 runt
558 4377 571 4412 :
606 4375 752 4415 unus
776 4373 957 4418 autem
981 4374 1086 4433 est,
1113 4368 1250 4422 alter
1279 4372 1524 4426 nondum
1555 4377 1738 4443 venit;
1770 4386 1824 4432 et
1853 4395 1976 4434 cum

401 4451 629 4517 venerit,
681 4462 897 4522 oportet
944 4455 1096 4511 illum
1161 4459 1324 4516 breve
1363 4473 1579 4535 tempus
1631 4483 1873 4524 manere.
1913 4470 1981 4526 Et

401 4539 597 4608 bestia,
627 4558 751 4612 quae
772 4555 890 4600 erat
913 4555 969 4601 et
993 4563 1105 4604 non
1133 4559 1236 4616 est,
1263 4563 1316 4608 et
1340 4553 1455 4624 ipsa
1479 4568 1671 4613 octava
1697 4570 1798 4627 est,
1827 4573 1881 4618 et
1909 4565 1977 4620 de

399 4641 607 4700 septem
638 4643 744 4698 est,
772 4647 826 4692 et
855 4637 909 4691 in
940 4637 1219 4696 interitum
1244 4644 1412 4700 vadit.
1460 4644 1527 4702 Et
1553 4648 1739 4705 decem
1771 4667 1976 4708 cornua

396 4741 521 4794 quae
556 4727 762 4794 vidisti,
783 4729 969 4785 decem
1000 4747 1160 4804 reges
1178 4745 1327 4801 sunt,
1349 4739 1445 4808 qui
1475 4755 1701 4811 regnum
1730 4745 1974 4800 nondum

397 4830 746 4890 acceperunt,
806 4823 902 4879 sed
962 4833 1284 4894 potestatem
1340 4839 1599 4902 tanquam
1655 4851 1810 4906 reges
1863 4854 1972 4893 una

398 4910 534 4966 hora
586 4913 855 4984 accipient
901 4930 1026 4972 cum
1075 4917 1271 4974 bestia.
1317 4919 1384 4976 Hi
1414 4939 1580 4980 unam
1633 4928 1969 4984 voluntatem

396 5002 618 5068 habent,
649 5016 702 5061 et
729 5007 986 5066 virtutem
1021 5024 1074 5068 et
1102 5024 1424 5085 potestatem
1453 5033 1610 5073 suam
1641 5018 1833 5076 bestiae
1861 5029 1976 5075 tra-

395 5094 543 5152 dent.
572 5096 636 5153 Hi
663 5115 788 5156 cum
820 5103 975 5173 Agno
1012 5108 1352 5177 pugnabunt,
1379 5119 1432 5165 et
1454 5109 1641 5180 Agnus
1682 5112 1861 5167 vincet
1904 5113 1974 5168 il-

394 5186 515 5256 los;
556 5194 820 5261 quoniam
863 5196 1129 5255 Dominus
1171 5199 1521 5256 dominorum
1545 5209 1649 5268 est,
1679 5211 1732 5257 et
1756 5219 1852 5259 rex
1878 5220 1969 5260 re-

391 5405 575 5528 εσξξιῖ)
645 5409 1006 5483 ’τί-πλάγχθη.
1061 5412 1163 5480 Id.,
1205 5413 1508 5486 ἐπλανήθη.
1563 5413 1629 5470 Et
1667 5430 1820 5483 mox,
1868 5419 1971 5473 οὐκ

459 5545 570 5616 (78)
624 5549 734 5602 Kal
777 5551 851 5629 σὰ
889 5551 1209 5629 ἀκάθαρτα.
1238 5553 1476 5629 Reliqui,
1506 5557 1968 5629 ἀκαθαρτότητος,

385 5631 513 5696 qua
560 5631 678 5698 χοε.
715 5623 849 5675 satis
898 5624 1055 5678 dura.
1101 5623 1208 5680 Pro
1258 5623 1547 5698 τῆξγῆς,
1612 5623 1812 5698 reliqui
1841 5623 1968 5683 ἀύ-

389 5685 509 5755 τῆς·
559 5685 1055 5767 Syriacus_tam_en
1108 5713 1126 5744 ‹
1153 5685 1434 5767 ιειτθίῐὶ.›’
1467 5685 1623 5767 quasi
1663 5685 1823 5752 aliam
1872 5700 1962 5754 lit-

391 5765 562 5837 teram
596 5757 738 5839 lia-nc
761 5761 1039 5839 habuerit,
1084 5766 1166 5839 vel
1219 5767 1442 5839 alterius
1481 5757 1954 5839 supplementum;

388 5842 450 5903 ac
482 5826 530 5880 si
560 5828 806 5903 mulieris
852 5826 1218 5900 immunditia,
1257 5836 1373 5903 ipsa
1404 5826 1562 5891 terrae
1587 5826 1959 5897 'immunditia

387 5898 528 5952 dicta
571 5897 660 5952 sit.
711 5897 802 5956 Sic
832 5903 976 5956 enim
1022 5897 1416 5971 comparatum,
1471 5917 1527 5962 ut
1582 5910 1728 5966 Iabes
1753 5926 1815 5966 ex
1848 5927 1957 5968 uno

1089 3241 1202 3296 Cur
1247 3244 1510 3301 miraris?
1537 3247 1650 3318 Ego
1677 3249 1854 3304 dicam
1889 3251 1984 3306 tibi
2013 3250 2056 3307 Ο

2103 2223 2198 2287 λὰς
2229 2224 2369 2278 ἑπτὰ
2423 2225 2515 2276 xal
2552 2225 2757 2296 κέρατα
2795 2225 2945 2279 δέκα.
2983 2226 3093 2280 Kal
3137 2229 3170 2299 ὴ
3204 2226 3340 2299 γυνὴ
3370 2223 3437 2298 ἦν
3471 2228 3683 2300 περιϐε-

2105 2315 2351 2389 ϐλημένη
2414 2317 2728 2390 πορφυροῦν
2765 2307 2770 2314 “
2801 2320 2894 2372 καὶ
2963 2319 3231 2384 κόκκινον,
3288 2323 3676 2393 κεχρυσωμένη

2104 2409 2310 2480 χρυσῷ,
2339 2409 2434 2464 καὶ
2486 2410 2617 2480 λίθῳ
2667 2411 2856 2481 τιμίῳ,
2889 2412 2983 2464 καὶ
3039 2412 3428 2484 μαργαρίταις,
3481 2412 3679 2483 ἔχουσα

2104 2503 2361 2575 ποτήριον
2385 2501 2616 2575 χρυσοῦν
2645 2503 2703 2555 ἐν
2733 2505 2799 2574 τῇ
2824 2504 2966 2574 χειρὶ
2994 2504 3163 2574 αὐτῆς
3181 2505 3348 2575 γέμον
3378 2503 3680 2575 βδελυγμά-

2102 2615 2228 2663 των,
2254 2600 2349 2652 xal
2372 2598 2441 2652 τὰ
2472 2599 2761 2671 ἀκάθαρτα
2795 2599 2904 2671 (78)
2959 2600 3055 2671 τῆς
3088 2600 3342 2671 πορνείας
3403 2601 3502 2670 τῆς
3549 2602 3653 2672 γῆς

2111 2691 2234 2744 Ἐπὶ
2261 2692 2322 2744 τὸ
2349 2692 2598 2762 μέτωπον
2632 2692 2800 2763 αὐτῆς
2827 2692 2997 2762 ὄνομα
3017 2692 3422 2763 γεγραμμένον·
3455 2692 3678 2763 Mue-.6,-

2101 2801 2233 2853 ριον·
2268 2783 2523 2837 Βαϐυλὼν
2546 2786 2580 2856 ἡ
2621 2767 2854 2855 μεγάλη,
2887 2787 2920 2854 ἡ
2957 2785 3137 2858 μήτηρ
3197 2783 3305 2838 τῶν
3339 2782 3551 2856 πορνῶν
3579 2785 3675 2839 καὶ

2095 2874 2204 2929 τῶν
2233 2875 2614 2946 βδελυγμάτων
2643 2877 2743 2946 τῆς
2770 2875 2894 2944 γῆς.

2170 3008 2190 3041 ι
2217 2990 2327 3043 Kal
2355 2986 2493 3044 εἶδον
2515 2990 2612 3062 τὴν
2640 2993 2871 3060 γυναῖκα
2905 2990 3207 3062 μεθύουσαν
3235 2991 3301 3043 ὲκ
3321 2989 3415 3044 τοῦ
3443 2991 3674 3061 αἵματος

2095 3079 2200 3133 τῶν
2229 3080 2419 3149 ἁγίων,
2451 3081 2546 3134 καὶ
2599 3081 2663 3134 ὲκ
2690 3079 2784 3133 τοῦ
2835 3082 3063 3153 αἵματος
3090 3080 3196 3133 τῶν
3233 3080 3524 3152 μαρτύρων
3576 3079 3687 3132 τοῦ

2106 3170 2300 3242 Ἰησοῦ·
2337 3172 2431 3225 xal
2481 3171 2766 3243 ἐθαύμασα
2798 3170 2920 3224 ίδὼν
2947 3173 3138 3244 αὐτὴν,
3169 3171 3355 3242 θαῦμα
3387 3171 3673 3242 μέγα.Καὶ

2091 3258 2211 3316 εἶπέ
2261 3280 2351 3334 μοι
2379 3264 2408 3315 6
2441 3263 2688 3333 ἄγγελος·
2715 3264 2867 3315 Διατί
2901 3263 3246 3334 ὲθαύμασας;
3289 3262 3429 3332 Ἐγὼ
3456 3262 3566 3334 ἐρῶ
3590 3280 3672 3318 σοι

2093 3355 2154 3408 τὺ
2183 3355 2478 3427 μυστήριον
2509 3356 2608 3426 τῆς
2640 3355 2897 3423 γυναικὸς
2929 3355 3023 3408 xal
3049 3353 3143 3408 τοῦ
3178 3354 3392 3426 θηρίου,
3441 3353 3537 3406 τοῦ
3570 3353 3669 3425 βα·-

2094 3445 2382 3510 στάζοντος
2413 3447 2602 3518 αὐτὴν,
2633 3444 2728 3499 τοῦ
2755 3444 2968 3516 ἔχοντος
3003 3446 3103 3509 τὰς
3135 3445 3274 3498 ἑπτὰ
3306 3444 3550 3515 κεφαλὰς
3576 3443 3673 3500 καὶ

2089 3537 2159 3591 τὰ
2205 3537 2336 3591 δέκα
2389 3538 2614 3609 κέρατα.
2652 3538 2724 3591 Τὸ
2787 3537 2975 3609 θηρίον
3027 3536 3056 3589 ὃ
3111 3531 3279 3601 εἶδες,
3307 3531 3396 3607 ἦν,
3431 3535 3524 3588 καὶ
3567 3535 3668 3588 οὐκ

2090 3627 2226 3681 ἐστι·
2266 3628 2360 3681 xal
2395 3627 2578 3698 μέλλει
2607 3628 2916 3682 ἀναϐαίνειν
2955 3628 3018 3680 ἐκ
3048 3627 3148 3697 τῆς
3184 3625 3444 3688 ἀϐύσσου,
3467 3625 3559 3678 xal
3585 3624 3670 3687 είς

2088 3719 2366 3774 ἀπώλειαν
2395 3721 2646 3788 ὑπάγειν.
2696 3722 2808 3776 Kal
2843 3720 3211 3792 θαυμάσουσιν
3252 3721 3302 3773 οἱ
3347 3716 3663 3772 κατοικοῦν-

2086 3826 2178 3873 τες
2207 3810 2307 3881 τὴν
2336 3810 2461 3881 γῆν,
2516 3803 2591 3864 ὧν
2619 3811 2682 3864 οὐ
2739 3810 3047 3884 γέγραπται
3079 3809 3139 3861 τὸ
3167 3808 3336 3878 δνομα
3392 3809 3450 3860 ἐν
3497 3805 3663 3878 βίϐλῳ

2085 3901 2184 3972 τῆς
2237 3901 2384 3971 ζωῆς
2431 3901 2539 3955 ἀπὸ
2601 3901 2909 3970 καταϐολῆς
2965 3901 3193 3979 κόσμου,
3253 3899 3541 3969 βλέποντες
3599 3895 3667 3950 τὸ

1998 4059 2004 4066 .
2087 3991 2308 4064 θηρίον,
2340 3993 2370 4045 ὅ
2397 4010 2450 4046 τι
2478 3988 2567 4063 ἦν,
2602 3993 2698 4046 καὶ
2721 3991 2821 4045 οὐκ
2841 3991 2977 4055 ἐστι,
3008 3993 3101 4046 καὶ
3134 3992 3400 4061 παρέσται
3433 3990 3565 4061 (79).

2161 4125 2182 4158 ι
2226 4099 2355 4160 Ὧδε
2382 4105 2412 4159 6
2443 4106 2565 4169 νοῦς
2591 4108 2619 4160 6
2641 4105 2776 4177 ἔχων
2811 4106 3019 4176 σοφίαν.
3042 4107 3211 4160 Ἑπτὰ
3241 4106 3494 4174 κεφαλαὶ,
3525 4104 3670 4159 ἑπτὰ

2083 4201 2184 4273 ὅρη
2214 4201 2371 4264 είσὶν,
2401 4202 2534 4255 ὅπου
2564 4203 2596 4272 ἡ
2636 4201 2771 4273 γυνὴ
2815 4202 3047 4273 κάθηται
3086 4204 3173 4255 ἐπ’
3205 4202 3405 4255 αὐτῶν·
3437 4203 3529 4256 καὶ
3561 4202 3662 4274 βα-

2085 4291 2248 4357 σιλεῖς
2277 4292 2418 4346 ἑπτά
2448 4294 2606 4346 εἰσιν.
2641 4292 2707 4349 Ol
2764 4294 2922 4347 πέντε
2959 4294 3179 4358 ἔπεσαν,
3215 4295 3244 4346 6
3280 4294 3336 4348 δὲ
3373 4290 3455 4358 εἷς
3486 4294 3659 4360 ἔστιν,

2082 4388 2110 4438 6
2142 4384 2299 4448 ἄλλος
2323 4384 2476 4439 οὔπω
2505 4380 2656 4456 ἦλθεο
2693 4386 2786 4439 καὶ
2816 4387 2943 4440 ὅταν
2972 4386 3119 4457 ἔλθῃ,
3173 4386 3352 4455 ὀλίγον
3391 4387 3554 4440 αὐτὸν
3580 4386 3668 4440 δεῖ

2082 4477 2281 4545 μεῖναι.
2315 4474 2425 4528 Καὶ
2480 4474 2541 4528 τὸ
2573 4472 2760 4544 θηρίον
2887 4474 2973 4543 ἢν,
3020 4474 3124 4528 οὐκ
3161 4472 3292 4526 ἔστι.
3319 4473 3435 4544 [καὶ
3495 4473 3662 4536 αὐτὸς

2079 4566 2263 4635 ὄγδοός
2302 4563 2442 4638 ἐστι]
2473 4566 2566 4619 καὶ
2595 4568 2660 4619 ὲκ
2685 4565 2792 4619 τῶν
2820 4567 2957 4619 ἑπτά
2985 4566 3128 4630 ἐστι,
3151 4565 3245 4619 xal
3273 4567 3354 4631 είς
3383 4564 3662 4620 ἀπώλειαν

2084 4656 2305 4725 ὑπάγει.
2339 4655 2450 4710 Kal
2475 4655 2544 4709 τὰ
2579 4655 2711 4710 δέκα
2739 4656 2946 4728 κέρατα
2991 4657 3027 4711 ἃ
3056 4653 3216 4721 εἶδες,
3249 4656 3380 4710 δέκα
3419 4656 3660 4726 βασιλεῖς

2082 4752 2240 4815 εἰσιν,
2270 4748 2466 4812 οἵτινες
2494 4747 2771 4819 βασιλείαν
2813 4750 2967 4804 οὔπω
2991 4749 3210 4814 ἔλαϐον,
3263 4750 3378 4804 ἀλλ’
3408 4751 3664 4816 ἐξουσίαν

2079 4842 2156 4907 ὡς
2186 4842 2423 4914 βασιλεῖς
2453 4840 2580 4913 μίαν
2607 4840 2757 4913 ὥραν
2788 4841 3122 4914 λαμϐάνουσι
3147 4841 3286 4914 μετὰ
3316 4841 3410 4896 τοῦ
3444 4841 3652 4915 θηρίου.

2080 4933 2192 5004 Τὴν
2226 4931 2354 5004 μίαν
2383 4930 2494 5002 (80)
2525 4930 2751 5004 γνώμην
2795 4932 2998 5003 ἔχουσι,
3047 4933 3143 4986 καὶ
3169 4931 3265 5004 τὴν
3290 4931 3537 5002 δύναμιν,
3561 4931 3656 4984 καὶ

2073 5023 2172 5096 τὴν
2227 5023 2476 5089 ἐξουσίαν
2533 5023 2714 5077 αὐτῶν
2768 5025 2846 5094 τῷ
2879 5023 3052 5097 θηρίῳ
3089 5024 3456 5078 διαδώσουσιν.
3492 5015 3654 5076 Οὗτοι

2077 5115 2219 5186 μετὰ
2248 5114 2345 5170 τοῦ
2375 5115 2564 5188 ἀρνίου
2595 5114 2986 5187 πολεμήσουσι,
3017 5115 3111 5168 xal
3136 5115 3197 5168 τὸ
3229 5115 3413 5185 ἀρνίον
3441 5114 3653 5180 νικήσει

2076 5207 2292 5273 αὐτούς’
2323 5209 2404 5262 ὅτι
2437 5206 2640 5280 Κύριος
2673 5207 2877 5279 κυρίων
2903 5206 3042 5271 ἐστὶ,
3092 5206 3186 5266 καὶ
3219 5206 3470 5278 βασιλεὺς
3496 5205 3650 5274 βασι-

2078 5429 2284 5484 scorto,
2319 5419 2373 5476 in
2406 5419 2589 5491 plures
2622 5433 2687 5474 ac
2715 5419 2894 5488 ipsum
2941 5434 3095 5489 paene
3117 5419 3306 5476 orbem
3331 5420 3642 5474 diducatur.

2075 5491 2313 5546 ϐοηθεῖ.
2898 5498 2901 5502 ’
2932 5548 2937 5549 ,

2147 5563 2256 5633 (79)
2284 5563 2391 5615 Καὶ
2424 5559 2741 5633 παρέσται..
2786 5559 2877 5633 Sic
2910 5559 3072 5633 etiam
3115 5560 3288 5633 codex
3325 5559 3646 5633 Alexandra

2073 5628 2403 5710 et‘lvidetur
2462 5631 2679 5710 Optima
2728 5629 3120 5710 lectio.mVulg.
3183 5629 3402 5710 Graeca,
3434 5628 3649 5710 xui-sap

2073 5702 2210 5754 ἐστί.
2261 5701 2453 5755 Latina
2501 5699 2862 5755 desiderant.
2919 5699 3010 5771 Sic
3052 5699 3269 5770 quoque
3325 5699 3535 5771 Syriae.
3593 5707 3648 5754 et

2067 5773 2284 5827 Arabic.
2330 5790 2348 5822 ‹
2376 5780 2600 5826 ventura
2633 5789 2650 5822 ›
2680 5771 2898 5828 habent.
2926 5770 3079 5824 lusu.

2139 5842 2249 5911 (80)
2309 5841 2427 5910 Τὴν
2452 5843 2621 5912 μίαν.
2669 5841 2918 5896 Combef.
2946 5835 3088 5895 οῦτοι
3141 5839 3289 5913 μίαν.
3320 5838 3410 5896 Sic
3461 5847 3644 5894 textus

2067 5911 2303 5968 Graccus.
