4134 6434
278 5744 291 5762 Ι

468 425 575 481 737
678 377 687 387 .
1560 423 1649 482 DE
1685 422 1988 481 CHRISTO
2028 421 2114 477 ET
2155 422 2640 481 ANTICHRJSTO.
3616 433 3720 490 758

470 546 735 602 λευόντων
772 545 890 600 ὲστί
909 562 921 576 ·
961 543 1056 600 καὶ
1078 544 1127 598 οἱ
1164 544 1280 616 μετ’
1310 539 1497 608 αὑτοῦ,
1533 541 1739 616 κλητοὶ,
1774 542 1867 597 καὶ
1896 540 2031 594 ὲκλε·

2150 555 2316 610 gum;
2365 552 2418 598 et
2465 545 2559 615 qui
2612 559 2736 600 cum
2790 544 2904 615 illo,
2950 548 3158 614 vocati,
3215 550 3371 609 electi
3417 561 3473 608 et
3536 554 3721 615 ﬁdeles

468 640 608 704 κτοὶ,
640 639 735 693 καὶ
764 638 966 692 πιστοί.

545 751 565 783 ι
601 734 712 786 Kal
762 731 909 801 λέγει
943 748 1057 803 μοι’
1092 730 1172 801 Τά
1203 729 1372 785 ὕδατα
1401 728 1437 785 ἃ
1464 726 1622 797 εἶδες,
1657 721 1719 783 οὗ
1753 728 1993 806 κάθηται
2008 729 2041 799 ἡ

468 826 664 898 πόρνη,
700 826 820 879 λαοὶ
871 826 965 880 καὶ
995 824 1143 896 ὄχλοι
1183 824 1279 879 καὶ
1334 824 1460 896 ἔθνη
1495 823 1604 877 εἰσὶ
1646 824 1742 877 καὶ
1777 821 2041 893 γλῶσσαι.

467 919 576 972 Kal
602 918 672 972 τά
722 918 855 972 δέκα
914 917 1123 990 κέρατα
1154 917 1192 973 ἃ
1236 913 1400 983 εἶδες,
1433 916 1531 971 καὶ
1556 916 1618 970 τὸ
1662 915 1870 987 θηρίον,
1899 905 2045 968 οὗτοι

469 1010 761 1080 μισήσουσι
832 1008 933 1081 τὴν
986 1008 1233 1083 πόρνην,
1292 1010 1387 1063 καὶ
1439 1008 1812 1083 ἠρημωμένην
1872 1006 2044 1079 αὐτὴν

468 1085 757 1173 ποιήσουσί
789 1102 883 1156 καὶ
937 1102 1171 1175 γυμνὴν,
1201 1101 1297 1155 καὶ
1339 1100 1438 1166 τὰς
1483 1100 1693 1172 σάρκας
1736 1099 1909 1170 αὐτῆς
1936 1099 2043 1168 φά-

465 1209 674 1262 γονται,
708 1194 800 1247 καὶ
853 1194 1022 1266 αὐτὴν
1067 1192 1509 1247 κατακαύσουσιν
1543 1194 1601 1246 ὲν
1643 1190 1795 1263 πυρί.
1839 1191 1896 1244 ’0
1933 1189 2043 1260 γὰρ

452 1283 597 1349 θεὸς
624 1285 823 1339 ἔδωκεν
854 1287 932 1350 είς
960 1285 1057 1357 τὴν
1086 1284 1310 1357 καρδίαν
1334 1282 1513 1338 αὐτῶν
1539 1283 1761 1354 ποιῆσαι
1787 1281 1886 1355 τὴν
1905 1280 2045 1351 γνώ-

345 1396 351 1408 ’
468 1394 575 1449 μην
607 1376 795 1443 αὑτοῦ,
846 1377 941 1432 καὶ
997 1377 1223 1448 ποιῆσαι
1258 1375 1482 1448 γνώμην
1540 1376 1692 1449 μίαν,
1727 1375 1822 1429 καὶ
1860 1375 2041 1429 δοῦναι

343 1486 348 1491 ”
461 1469 562 1540 τὴν
591 1467 867 1540 βασιλείαν
898 1469 1080 1523 αὐτῶν
1108 1468 1186 1540 τῷ
1218 1467 1414 1540 θηρίῳ,
1439 1467 1568 1540 ἄχρι
1620 1466 2042 1539 τελεσθήσονται

459 1561 510 1614 ot
542 1560 690 1630 λόγοι
716 1560 810 1615 τοῦ
840 1560 1014 1616 Θεοῢ.’
1040 1561 1150 1614 Kal
1175 1561 1208 1632 ἡ
1237 1558 1374 1631 γυνὴ
1404 1559 1472 1631 ἢν
1497 1554 1661 1624 εἶδες,
1715 1559 1863 1613 ἐστὶν
1884 1560 1918 1630 ἡ
1947 1559 2043 1613 πό-

459 1655 548 1715 λις
575 1653 609 1724 ή
642 1652 876 1726 μεγάλη,
909 1654 944 1725 ἡ
973 1652 1172 1724 ἔχουσα
1208 1651 1484 1723 βασιλείαν
1513 1651 1608 1706 ἐπὶ
1635 1638 1743 1706 τῶν
1778 1650 2041 1723 βασιλέων

428 1800 434 1805 .
460 1746 561 1818 τῆς
596 1746 723 1818 γῆςο

535 1856 554 1890 ι
582 1837 738 1892 Μετὰ
763 1837 937 1892 ταῦτα
963 1832 1100 1893 εἶδον
1123 1837 1281 1893 ἄλλον
1303 1836 1533 1907 ἄγγελον
1558 1835 1956 1892 καταϐαίνοντα
1974 1834 2041 1889 ὲκ

457 1929 553 1999 Ιτοῦ
586 1929 843 2002 οὐρανοῦ,
874 1929 1065 2000 έχοντα
1119 1929 1371 1996 ἐξουσίαν
1419 1926 1680 1999 μεγάλην·
1744 1927 1840 1981 καὶ
1886 1928 1920 1999 ἡ
1968 1926 2041 1997 Υῆ

458 2020 732 2092 ἐφωτίσθη
763 2021 831 2075 ὲκ
886 2021 989 2093 τῆς
1022 2021 1181 2094 δόξης
1224 2021 1411 2078 αὐτοῦ.
1459 2021 1571 2075 Kal
1617 2019 1847 2092 ἔκραξεν
1890 2020 2043 2089 ίσχυ-

461 2115 528 2185 ρᾷ
562 2112 670 2185 (8i)
706 2116 856 2186 φωνῇ
887 2114 1119 2186 μεγάλῃ,
1149 2113 1343 2184 λέγων’
1379 2114 1632 2178 Ἔπεσεν,
1668 2114 1830 2167 ἔπεσε
1859 2112 2039 2168 Βαϐυ-

456 2205 618 2278 λὼνή
654 2206 885 2278 μεγάλη,
919 2208 1015 2261 καὶ
1043 2206 1267 2280 ἐγένετο
1302 2207 1722 2280 κατοικητήριον
1746 2205 2036 2277 δαιμόνων,

455 2299 554 2353 xal
576 2297 790 2370 φυλακὴ
837 2284 1040 2362 παντὸς
1069 2297 1379 2369 πνεύματος
1426 2296 1748 2370 ἀκαθάρτου
1792 2295 1912 2369 [καὶ
1940 2315 2041 2368 φυ-

455 2391 596 2463 λακὴ
636 2378 838 2457 παντὸς
896 2391 1086 2465 ὀρνέου
1120 2389 1480 2465 ἀκαθάρτου],
1510 2392 1607 2445 καὶ
1639 2392 2033 2464 μεμισημένου·

454 2483 536 2537 ὅτι
560 2485 628 2537 ὲκ
655 2483 750 2537 τοῦ
803 2485 949 2538 οἴνου
977 2483 1071 2539 τοῦ
1102 2464 1408 2556 θυμοῦκτῆς
1459 2484 1715 2557 πορνείας
1741 2483 1911 2555 αὐτῆς
1929 2484 2037 2538 ’πέ-

456 2593 609 2629 πωκε
639 2572 818 2630 πάντα
859 2575 929 2630 τὰ
955 2577 1106 2650 ἔθνη.
1138 2577 1251 2631 Kal
1277 2577 1329 2631 οἱ
1374 2576 1613 2647 βασιλεῖς
1644 2577 1743 2648 τῆς
1770 2576 1874 2649 γῆς
1919 2578 2037 2648 μετ’

455 2666 631 2736 αὐτῆς
681 2666 1039 2739 ἐπόρνευσαν,
1074 2668 1171 2723 καὶ
1206 2670 1254 2723 οί
1304 2668 1541 2742 ἔμποροι
1571 2670 1671 2742 τῆς
1699 2669 1806 2740 γῆς
1848 2671 1913 2724 ὲκ
1940 2670 2038 2742 τῆς

455 2757 739 2829 δυνάμεως
790 2759 886 2813 τοῦ
954 2761 1220 2833 στρήνους
1275 2760 1447 2832 αὐτῆς
1511 2760 1870 2834 ἐπλούτησαν.
1926 2762 2038 2817 Kal

455 2849 665 2920 ἥκουσα
693 2850 858 2921 ἄλλην
888 2852 1070 2925 φωνὴν
1096 2855 1163 2908 ὲκ
1191 2852 1575 2927 τῶνόὺρανῶν
1595 2855 1877 2925 λέγουσαν·
1921 2855 2038 2921 Ἐξ-

456 2940 640 2997 έλθετε
662 2943 722 3009 ἐξ
744 2943 935 3015 αὐτῆς,
966 2945 996 2999 6
1032 2944 1167 3010 λαός
1195 2963 1319 3018 μου,
1349 2948 1435 3001 ἵνα
1463 2947 1536 3020 μὴ
1565 2950 2036 3022 συγκοινωνήσητε

453 3036 576 3098 ταῖς
601 3034 897 3107 ἁμαρτίαις
922 3036 1115 3109 αὐτῆς,
1142 3037 1237 3092 καὶ
1261 3039 1326 3092 ἐκ
1359 3037 1468 3093 τῶν
1497 3038 1720 3111 πληγῶν
1747 3039 1920 3108 αὐτῆς
1948 3039 2037 3094 ἵνα

460 3125 534 3198 μὴ
578 3126 801 3199 λάϐητε·
834 3128 916 3183 ὅτι
944 3129 1315 3203 ἐκολλήθησαν
1348 3129 1462 3204 (82)
1519 3133 1577 3186 al
1616 3116 1887 3206 ἁμαρτίαι
1923 3131 2033 3205 (83)

452 3215 561 3281 ἕως
587 3216 683 3272 τοῦ
716 3218 971 3293 οὐρανοῦ,
993 3220 1087 3275 καὶ
1105 3221 1511 3294 ἐμνημόνευσεν
1534 3224 1566 3276 6
1585 3223 1715 3288 Θεὸς
1742 3222 1813 3277 τά
1841 3223 2031 3296 άδική-
2058 3230 2106 3294 c

458 3326 603 3380 ματα
635 3311 828 3383 αὐτῆς.

524 3421 546 3455 ι
577 3404 827 3459 ’Δπόδοτε
850 3405 988 3479 αὐτῇ
1018 3405 1095 3471 ὠς
1122 3407 1217 3461 καὶ
1254 3407 1392 3480 αὐτὴ
1416 3408 1664 3464 ἀπέδωκε
1687 3409 1819 3482 (84),
1837 3412 1930 3466 καὶ
1949 3411 2030 3466 δι-

448 3495 691 3552 πλάσατε
717 3496 789 3552 τά
818 3498 984 3554 διπλᾶ
1006 3500 1149 3555 κατὰ
1170 3500 1242 3554 τά
1276 3499 1414 3572 ἔργα
1438 3502 1629 3577 αὐτῆςς
1664 3503 1723 3556 ὲν
1752 3502 1831 3574 τῷ
1862 3520 2031 3576 ποτη-

450 3587 553 3660 ρίῳ
576 3582 898 3664 ᾤ’ὲκέρασε,
928 3591 1201 3664 κεράσατε
1227 3592 1365 3665 αὐτῇ
1394 3593 1636 3649 διπλοῦν.
1675 3594 1817 3649 Ὅσα
1848 3594 2031 3662 ἐδόξα-

358 3722 361 3725 .
446 3697 537 3734 σεν
557 3682 776 3755 ἑαυτὴν,
818 3684 912 3738 καὶ
942 3685 1287 3758 ὲστρηνίασε,
1334 3685 1587 3742 τοσοῦτον
1613 3688 1731 3742 δότε
1756 3689 1896 3762 αὐτῇ
1929 3689 2029 3761 βα·-

448 3773 712 3846 σανισμὺν
742 3776 838 3829 καὶ
867 3774 1083 3842 πένθος·
1119 3777 1204 3832 ὅτι
1224 3778 1293 3837 ,ὲν
1336 3781 1404 3851 τῇ
1432 3779 1630 3853 καρδίᾳ
1657 3781 1831 3853 αὐτῆς
1856 3781 2024 3853 λέγει⁹

442 3865 708 3938 Κάθημαι
741 3865 1027 3937 βασίλισσα
1068 3867 1167 3923 καὶ
1196 3869 1341 3941 χήρα
1368 3871 1470 3924 οὐκ
1527 3873 1664 3943 eiul,
1707 3874 1803 3928 καὶ¹
1828 3875 2029 3939 πένθος

441 3956 503 4008 οὐ
535 3955 611 4027 μὴ
650 3957 762 4010 ῐδω.
790 3956 909 4011 Διὰπ
935 3958 1095 4013 τοῦτο
1138 3961 1197 4016 ὲν
1230 3963 1329 4033 μιᾷ
1351 3961 1538 4036 ἡμέρᾳ
1555 3964 1777 4034 ἥξουσιν
1798 3969 1855 4021 al
1889 3967 2028 4038 πλη-

440 4047 536 4116 γαὶ
567 4047 740 4119 αὐτῆς
789 4048 1038 4117 θάνατος,
1063 4052 1159 4106 καὶ
1200 4052 1419 4117 πένθος,
1474 4057 1573 4109 καὶ
1607 4055 1785 4128 λιμὸς,
1844 4058 1939 4112 καὶ
1965 4060 2025 4113 ὲν

440 4141 576 4214 πυρὶ
608 4141 1120 4215 κατακαυθήσεται·
1167 4144 1249 4199 ὅτι
1285 4146 1506 4217 ἰσχυρὸς
1550 4147 1757 4222 Κύριος
1786 4150 1816 4202 6
1868 4151 2021 4217 Θεὸς,

436 4233 469 4287 6
503 4233 698 4306 κρίνας
748 4234 940 4307 αὑτήν.
973 4234 1087 4290 Kal
1144 4235 1470 4293 κλαύσονται
1507 4240 1602 4294 καὶ
1650 4241 1906 4313 κόψονται
1933 4246 2021 4298 ἐπ’

437 4325 611 4398 αὐτὴν
642 4328 690 4380 οἱ
718 4325 959 4397 βασιλεῖς
981 4328 1079 4400 τῆς
1103 4328 1227 4401 γῆς,
1258 4330 1308 4382 οἱ
1351 4330 1469 4401 μετ’
1498 4330 1673 4401 αὐτῆς
1700 4333 2024 4405 πορνεύσαν-

435 4436 527 4484 τες
548 4420 645 4473 καὶ
676 4418 1120 4491 στρηνιάσαντες,
1149 4422 1278 4477 ὅταν
1321 4421 1560 4493 βλέπωσι
1579 4423 1672 4479 τὸν
1694 4426 1901 4481 καπνὸν
1922 4427 2021 4499 τῆς

437 4510 740 4584 πυρώσεως
768 4512 964 4585 αὐτῆς,
999 4512 1107 4567 ἀπὸ
1141 4514 1417 4587 μακρόθεν
1444 4516 1757 4588 ἑστηκότες,
1810 4518 1901 4573 διά
1928 4518 2020 4573 τὸν

439 4603 604 4673 φόϐον
632 4604 731 4658 τοῦ
766 4603 1103 4678 βασανισμοῦ
1137 4606 1328 4679 αὐτῆς,
1358 4606 1626 4677 λέγοντες·
1687 4610 1845 4677 Οὐαὶ,
1870 4613 2016 4678 οὐαὶ,

437 4696 472 4767 ἡ
502 4696 655 4761 πόλις
682 4697 716 4768 ἡ
747 4697 979 4769 μεγάλη,
1035 4697 1316 4763 Βαϐυλὼν,
1352 4701 1386 4771 ή
1419 4699 1573 4766 πόλις
1607 4701 1653 4773 ή·
1685 4702 1899 4776 ἰσχυρά·
1936 4688 2019 4760 ὅτι

441 4789 540 4858 μιᾷ
591 4787 711 4860 ὥρᾳ
738 4784 902 4859 ἦλθεν
933 4792 976 4862 Δἡ
1005 4778 1186 4861 κρίσις
1235 4807 1352 4847 σου.
1409 4791 1521 4847 Kal
1551 4794 1600 4847 οἱ
1659 4792 1893 4869 ἔμποροι
1919 4797 2019 4868 τῆς

433 4878 541 4949 γῆς
570 4878 865 4935 κλαύσουσι
889 4881 984 4935 καὶ
1037 4880 1393 4954 πενθήσουσιν
1428 4883 1516 4936 ἐπ’
1541 4884 1745 4956 αὐτὴν
1800 4886 1883 4941 ὅτι
1925 4888 2023 4943 τὸν

433 4969 605 5039 γόμον
631 4970 809 5028 αὐτῶν
831 4968 1006 5037 οὐδεὶς
1036 4973 1300 5045 ἀγοράσει
1325 4972 1533 5028 οὐκέτιο
1559 4975 1729 5048 γόμον
1766 4978 2019 5051 χρυσίου,

434 5062 529 5115 καὶ
560 5063 848 5136 ἀργυρίου,
868 5065 973 5131 ’καὶ
1009 5065 1158 5121 λίθου
1181 5066 1386 5138 τιμίου,
1414 5067 1508 5121 καὶ
1538 5072 1901 5142 μαργαρίτου,
1921 5072 2016 5126 καὶ

344 5160 354 5170 ‘
436 5151 659 5224 βύσσου,
694 5154 789 5207 καὶ
821 5154 1126 5227 πορφύρας,
1163 5159 1259 5212 καὶ
1319 5156 1570 5231 σηρικοῢ,
1610 5159 1706 5213 καὶ
1735 5164 2012 5217 κοκκίνου·

435 5248 531 5303 καὶ
560 5249 670 5303 πᾶν
702 5248 858 5339 ξύλον
880 5248 1081 5316 θύῖνον,
1116 5253 1225 5306 τκαὶ
1263 5253 1375 5307 πᾶν
1409 5251 1604 5320 σκεῦος
1645 5253 2014 5327 ἐλεφάντινον,

500 5431 549 5466 ιε
583 5431 755 5505 Apoc.
777 5446 916 5497 xvu,
946 5398 1094 5488 1918.

523 5596 615 5670 81)
661 5580 922 5669 ’ἰσχυρᾶς
968 5598 1083 5667 Ιθ.,,,
1116 5581 1177 5656 ἐν
1201 5601 1388 5674 αἰσχύῖ.
1425 5570 1520 5659 Sic
1562 5610 1751 5661 textus
1786 5560 2010 5664 Graecus

348 5690 351 5691 ν
425 5677 1124 5817 γῗίξὲἶυέκομήθέισαν.
1182 5742 1648 5817 ι-Δᾱῂωερτᾳῃι.»
1676 5732 1877 5802 Eadem
1907 5746 2009 5817 Sy-

429 5806 562 5862 riae.
589 5806 643 5863 et
669 5809 889 5864 Arabio.
919 5806 1107 5867 Graeca
1145 5813 1294 5938 vulg.
1323 5813 1720 5938 ὴκολθύθησαν,
1758 5835 1777 5867 ι
1826 5806 2007 5872 secuta

429 5885 560 5934 sunt
602 5887 821 5938 peccata
851 5895 1027 5938 usque
1062 5883 1129 5938 ad
1154 5898 1239 5938 cos
1263 5898 1409 5938 um.»
1487 5885 1600 5938 ulc.
1633 5903 1648 5938 :
1688 5904 1707 5938 ι
1735 5884 2007 5938 Pervene-

429 5885 560 5934 sunt
602 5887 821 5949 peccata
851 5895 1027 5953 usque
1062 5883 1129 5939 ad
1154 5883 1409 5940 calum.»
1442 5883 1600 5956 Vulg;
1633 5903 1648 5942 :
1688 5904 1707 5938 ι
1735 5884 2007 5944 Pervene-

2122 641 2290 689 -Slﬂll.

2220 728 2463 786 XXXIX.
2504 751 2524 785 ι
2561 732 2626 788 Ει
2655 734 2792 790 dixit
2820 735 2954 791 mihi
2982 753 2995 789 :
3028 737 3199 808 Aqua:
3242 755 3380 810 quas
3418 741 3602 797 vidisti
3627 744 3721 798 ubi

2148 826 2411 879 meretrix
2441 826 2616 893 sedet,
2672 828 2856 898 populi
2890 838 3020 885 sunt
3079 841 3132 885 et
3164 832 3334 887 turbae
3361 841 3415 887 et
3453 843 3639 904 gentes
3667 844 3721 889 et

2149 915 2368 986 linguae.
2399 917 2466 971 Et
2488 918 2673 973 decem
2704 935 2910 975 cornua
2942 937 3064 991 quae
3098 923 3303 989 vidisti,
3337 932 3393 980 et
3427 926 3597 980 bestia
3617 967 3632 993 ,
3665 927 3720 980 lii

2149 1007 2339 1062 odiem
2369 1011 2733 1077 meretricem,
2758 1021 2812 1067 et
2841 1014 3141 1068 desolatam
3169 1031 3288 1070 eam
3316 1014 3517 1075 facient
3538 1029 3591 1073 et
3617 1035 3721 1074 nu-

2147 1098 2295 1165 dam,
2320 1108 2373 1154 et
2399 1115 2594 1155 carnes
2645 1101 2764 1170 ejus
2808 1104 3117 1169 comedent,
3160 1114 3216 1159 et
3247 1105 3419 1176 ipsam
3451 1108 3560 1179 igni
3589 1124 3722 1163 con-

2147 1190 2490 1267 cremabunt.
2525 1189 2669 1247 Deus
2729 1191 2876 1247 enim
2909 1193 3056 1248 dedit
3086 1193 3139 1248 in
3189 1211 3283 1252 cor
3319 1214 3506 1254 eorum
3539 1209 3594 1255 ut
3636 1198 3721 1256 fa-

2146 1281 2296 1355 ciant
2324 1282 2470 1353 quod
2500 1284 2577 1339 illi
2611 1284 2895 1357 placuerit,
2926 1292 2981 1339 et
3033 1285 3236 1344 faciant
3270 1306 3431 1345 unam
3466 1292 3719 1348 voluntao

2147 1375 2277 1444 tem;
2300 1387 2354 1432 et
2397 1377 2528 1433 dent
2554 1393 2781 1449 regnum
2810 1393 2969 1435 suum
2998 1380 3206 1447 bestiaa,
3263 1383 3436 1437 donec
3462 1399 3719 1439 consum-

2149 1477 2371 1523 mentur
2419 1469 2585 1524 verba
2634 1468 2748 1525 Dei.
2801 1470 2870 1525 Et
2924 1471 3120 1527 mulier
3170 1488 3335 1543 quam
3384 1475 3586 1541 vidisti,
3635 1483 3718 1531 est

2145 1560 2341 1616 civitas
2407 1577 2639 1632 magna,
2706 1578 2830 1634 quae
2888 1564 3050 1621 habet
3098 1579 3324 1637 regnum
3361 1582 3524 1637 super
3565 1582 3717 1639 reges

2140 1661 2301 1711 terra:
2324 1653 2391 1709 ”.

2213 1832 2328 1888 XL.
2366 1852 2384 1886 ι
2406 1832 2533 1891 Post
2572 1834 2688 1892 haec
2712 1835 2820 1892 vidi
2850 1837 3080 1894 alterum
3107 1838 3355 1908 angelum
3384 1839 3717 1897 descenden-

2147 1936 2252 1983 tem
2280 1929 2347 1984 de
2400 1929 2562 1997 cmlo,
2620 1929 2907 1986 habentem
2956 1941 3276 2001 potestatem
3324 1948 3613 2005 magnam;
3664 1943 3718 1991 et

2144 2028 2289 2075 terra
2324 2020 2626 2076 illuminata
2660 2032 2744 2078 est
2772 2038 2803 2077 a
2836 2023 3084 2079 claritate
3107 2025 3247 2094 ejus.
3286 2023 3352 2079 Et
3375 2025 3632 2080 clamavit
3662 2027 3718 2082 in

2141 2109 2464 2169 fortitudine
2523 2128 2658 2170 voce
2709 2129 2927 2187 magna,
2983 2116 3173 2172 dicens
3208 2134 3223 2171 :
3262 2115 3492 2186 Cecidit,
3525 2118 3720 2174 cecidit

2144 2202 2385 2275 Babylon
2414 2218 2635 2273 magna,
2654 2213 2708 2261 et
2734 2204 2875 2262 facta
2899 2215 2985 2263 est
3008 2207 3270 2265 habitatio
3297 2209 3715 2266 daemoniorum:

2142 2303 2198 2351 et
2223 2295 2470 2352 custodia
2507 2297 2690 2355 omnis
2750 2298 2978 2369 spiritus
3024 2299 3313 2369 immundi,
3363 2308 3419 2356 et
3464 2302 3718 2358 custodia

2139 2386 2322 2444 omnis
2346 2388 2584 2447 volucris
2639 2390 2934 2447 immundze
2959 2400 3014 2448 et
3032 2407 3248 2458 exosae;
3307 2391 3435 2463 quia
3483 2393 3550 2448 de
3586 2394 3717 2449 vino

2138 2478 2235 2534 ira:
2263 2480 2614 2538 scortationis
2637 2481 2756 2553 ejus
2780 2483 3039 2539 biberunt
3082 2499 3273 2541 omnes
3302 2492 3510 2556 gentes.
3539 2483 3609 2539 Et
3630 2502 3716 2541 re-

2139 2585 2235 2641 ges
2258 2578 2416 2626 terra;
2473 2586 2598 2628 cum
2650 2572 2743 2627 illa
2769 2572 3025 2631 fornicati
3079 2583 3226 2643 sunt,
3273 2586 3329 2631 et
3377 2584 3715 2633 mercatores

2140 2668 2301 2717 terrae
2333 2661 2401 2717 de
2431 2662 2636 2719 virtute
2662 2663 2982 2720 deliciarum
3028 2664 3151 2736 ejus
3179 2666 3378 2722 divites
3402 2664 3533 2722 facti
3561 2677 3712 2722 sunt.

2138 2751 2207 2808 Et
2226 2752 2409 2809 audivi
2440 2754 2603 2810 aliam
2634 2771 2822 2811 vocem
2855 2757 2924 2813 de
2950 2757 3089 2814 cmlo
3128 2757 3397 2813 dicentem
3423 2775 3438 2813 :
3461 2756 3620 2813 Exite
3643 2757 3712 2813 de

2138 2846 2251 2912 illa,
2282 2848 2517 2920 populus
2550 2863 2728 2912 meus,
2778 2864 2848 2905 ne
2895 2849 3190 2921 participes
3225 2848 3346 2906 sitis
3387 2850 3708 2906 delictorum

2137 2938 2279 3011 ejus,
2308 2948 2364 2994 et
2389 2939 2458 2996 de
2488 2939 2662 3011 plagis
2695 2940 2815 3012 ejus
2846 2955 2916 2996 ne
2961 2941 3261 3012 accipiatis.
3314 2940 3584 3008 Quoniam
3611 2942 3712 2998 ade

2138 3031 2414 3087 haeserunt
2442 3040 2661 3102 peccata
2715 3030 2836 3101 ejus
2878 3046 3054 3103 usque
3095 3030 3164 3087 ad
3186 3032 3408 3100 omium,
3440 3041 3495 3089 et
3520 3044 3708 3088 recor-

2138 3122 2301 3180 datus
2325 3131 2410 3179 est
2435 3121 2701 3179 Dominus
2728 3122 3077 3194 iniquitatum
3107 3122 3250 3195 ejus.

2205 3386 2341 3443 XLI.
2375 3407 2394 3441 ι
2427 3385 2654 3444 Reddite
2684 3386 2760 3442 illi
2788 3386 2931 3444 sicut
2953 3394 3008 3443 et
3031 3386 3147 3459 ipsa
3170 3387 3404 3444 reddidit
3422 3387 3581 3445 vobis
3610 3403 3628 3444 :
3656 3394 3712 3446 et

2133 3481 2410 3554 duplicate
2442 3481 2680 3552 duplicia
2708 3469 3007 3537 secundum
3051 3496 3217 3551 opera
3236 3482 3377 3553 ejus.
3409 3479 3469 3537 In
3510 3481 3708 3553 poculo

2133 3590 2245 3646 quo
2276 3573 2518 3643 miscuit,
2573 3574 2799 3630 miscete
2844 3574 2921 3629 illi
2948 3572 3195 3645 duplum.
3224 3573 3498 3641 Quantum
3541 3575 3711 3645 glori-

2134 3668 2319 3725 ficavit
2344 3683 2403 3724 se
2425 3676 2479 3724 et
2510 3668 2565 3722 in
2589 3667 2798 3723 deliciis
2827 3667 2950 3731 fuit,
2986 3675 3197 3723 tantum
3220 3668 3345 3723 date
3374 3667 3451 3722 illi
3474 3675 3711 3723 tormen-

2132 3772 2248 3819 tum
2279 3771 2333 3819 et
2359 3762 2599 3825 luctum;
2635 3760 2762 3832 quia
2794 3759 2848 3815 in
2878 3760 3044 3816 corde
3076 3774 3177 3816 suo
3203 3759 3372 3815 dicit:
3416 3757 3590 3815 Sedeo
3624 3774 3709 3814 re-

2132 3856 2280 3927 gina,
2313 3864 2370 3910 et
2398 3854 2563 3909 vidua
2624 3868 2735 3908 non
2798 3867 2953 3920 sum;
3004 3861 3059 3907 et
3098 3852 3308 3908 luctum
3339 3866 3447 3907 non
3487 3850 3704 3906 videbo.

2130 3946 2258 4003 Ideo
2278 3948 2332 4001 in
2356 3962 2464 4001 una
2523 3944 2860 4003 dievenient
2892 3944 3064 4016 plagae
3094 3943 3237 4014 ejus,
3270 3958 3420 3999 mors
3445 3951 3508 4023 et~
3524 3943 3707 3999 luctus

2129 4048 2185 4092 et
2211 4036 2407 4104 fames,
2437 4047 2493 4092 et
2515 4035 2624 4108 igni
2651 4034 3032 4101 comburetur;
3066 4034 3197 4104 quia
3241 4032 3404 4089 fortis
3427 4041 3511 4087 est
3536 4031 3701 4098 Deus,

2126 4131 2219 4201 qui
2238 4130 2505 4201 judicavit
2542 4145 2686 4185 eam.
2734 4127 2803 4184 Et
2851 4127 3113 4199 lugebunt
3157 4135 3212 4182 et
3244 4126 3503 4197 plangent
3541 4141 3707 4195 super

2126 4240 2245 4281 eam
2284 4239 2441 4295 reges
2469 4231 2651 4290 terra),
2681 4221 2775 4293 qui
2804 4236 2925 4277 cum
2974 4220 3066 4275 illa
3108 4218 3366 4274 fornicati
3399 4227 3546 4285 sunt,
3570 4225 3626 4273 et
3646 4218 3702 4272 in

2124 4316 2335 4374 deliciis
2358 4315 2633 4377 vixerunt,
2651 4329 2777 4370 cum
2799 4312 3035 4369 viderint
3059 4312 3269 4368 fumum
3293 4310 3529 4366 incendii
3561 4312 3702 4382 ejus,

2126 4413 2288 4483 longe
2335 4418 2544 4468 stantes
2582 4416 2804 4481 propter
2855 4415 3060 4463 metum
3119 4413 3520 4462 tormentorum
3557 4405 3701 4477 ejus,

2123 4503 2368 4560 dicentes
2407 4520 2422 4557 :
2454 4499 2570 4565 Vae,
2593 4515 2696 4566 vae,
2729 4497 2924 4554 civitas
2950 4498 3041 4553 illa
3077 4512 3294 4568 magna,
3322 4495 3589 4568 Babylon,
3620 4497 3703 4552 ci-

2125 4597 2269 4651 vitas
2294 4596 2387 4650 illa
2418 4592 2601 4662 fortis,
2624 4592 2884 4666 quoniam
2931 4606 3041 4647 una
3086 4591 3222 4645 hora
3254 4590 3404 4646 venit
3432 4588 3700 4661 judicium

2125 4701 2305 4748 tuum.
2357 4689 2426 4747 Et
2471 4689 2839 4761 negotiatores
2884 4695 3044 4759 terra:
3078 4683 3284 4741 ﬂebunt
3335 4694 3412 4746 et-
3440 4686 3704 4760 l‘ugebunt

2128 4799 2292 4855 super
2319 4797 2461 4848 eam,
2518 4781 2778 4852 quoniam
2836 4792 3063 4835 merces.
3098 4792 3291 4839 eorum
3341 4794 3503 4835 nemo
3557 4786 3701 4833 emet

2127 4878 2364 4949 amplius
2398 4890 2652 4932 :merces
2685 4874 2827 4940 auri,
2872 4885 2927 4929 et
2975 4873 3207 4945 argenti,
3239 4881 3294 4929 et
3325 4870 3522 4947 lapidis
3568 4885 3697 4942 pre-

2125 4972 2279 5038 tiosi,
2303 4978 2357 5026 et
2387 4968 2715 5041 margaritae,
2745 4975 2800 5022 et
2823 4965 2996 5038 byssi,
3025 4974 3080 5021 et
3126 4980 3401 5038 purpurae,
3432 4972 3487 5020 et
3512 4963 3697 5031 serici,

2125 5077 2180 5124 et
2206 5065 2414 5125 coccini
2450 5063 2526 5135 (et
2552 5077 2715 5119 omne
2741 5062 2948 5134 lignum
2985 5059 3258 5131 thyinum,
3285 5069 3338 5115 et
3358 5059 3539 5115 omnia
3564 5072 3691 5113 vasa

2124 5157 2330 5223 eboris,
2360 5164 2417 5212 et-
2440 5169 2602 5211 omne
2621 5169 2720 5210 vas
2749 5169 2815 5209 ex
2850 5155 2999 5226 ligno
3030 5152 3449 5224 pretiosissimo,
3476 5159 3528 5204 et
3553 5163 3693 5203 aera-

2122 5259 2333 5317 mento,
2356 5258 2411 5307 et
2442 5248 2609 5315 ferro,
2636 5256 2692 5303 et
2719 5261 3032 5314 marmore;
3068 5254 3124 5301 et
3170 5245 3615 5309 cinnamomum,
3640 5252 3703 5299 et.

2118 5614 2275 5663 runt.
2311 5622 2331 5657 ι
2395 5599 2529 5668 Quae
2568 5613 2680 5668 non
2734 5595 2965 5668 multum
2994 5587 3708 5668 sensuabsuntacogssr.’

2354 5657 2443 5728 Αῖ
2461 5667 2756 5741 ἁμαρτίαι.
2804 5664 2906 5732 ld.,
2949 5661 3119 5733 αὐτῆς
3166 5665 3222 5718 αἱ
3253 5663 3460 5735 ἁμαρτ.
3512 5657 3591 5716 Ut
3637 5658 3709 5740 in;

2116 5743 2300 5892 frgi.)
2342 5811 2646 5892 ’Aagécwas.
2691 5805 2799 5874 ἰὼ,
2829 5803 3105 5862 ἀπέδωκεν
3148 5804 3299 5879 ὑμῖν.
3323 5797 3516 5871 Neque
3538 5798 3686 5856 alitn'

2115 5884 2324 5943 Grieca.
