  <div class='ocr_page' id='page_1' title='image "/cluster/home/n/w/nwhite01/storage/ocr_20150623/10/coo.31924054872894/394.png"; bbox 0 0 4134 6426; ppageno 0'>
   <div class='ocr_carea' id='block_1_1' title="bbox 438 465 544 521">
    <p class='ocr_par' dir='ltr' id='par_1_1' title="bbox 438 465 544 521">
     <span class='ocr_line' id='line_1_1' title="bbox 438 465 544 521; baseline 0.028 -3"><span class='ocrx_word' id='word_1_1' title='bbox 438 465 544 521; x_wconf 77' lang='lat'><strong>765</strong></span> 
     </span>
    </p>
   </div>
   <div class='ocr_carea' id='block_1_2' title="bbox 1521 452 2597 522">
    <p class='ocr_par' dir='ltr' id='par_1_2' title="bbox 1521 452 2597 522">
     <span class='ocr_line' id='line_1_2' title="bbox 1521 452 2597 522; baseline -0.001 -4"><span class='ocrx_word' id='word_1_2' title='bbox 1521 464 1608 521; x_wconf 86' lang='lat' dir='ltr'><strong>DE</strong></span> <span class='ocrx_word' id='word_1_3' title='bbox 1631 463 1950 522; x_wconf 77' lang='lat' dir='ltr'><strong>‘CllRlSTO</strong></span> <span class='ocrx_word' id='word_1_4' title='bbox 1988 461 2076 517; x_wconf 83' lang='lat' dir='ltr'><strong>ET</strong></span> <span class='ocrx_word' id='word_1_5' title='bbox 2114 452 2597 519; x_wconf 83' lang='lat' dir='ltr'><strong>AN&#39;l‘lCHRISTO.</strong></span> 
     </span>
    </p>
   </div>
   <div class='ocr_carea' id='block_1_3' title="bbox 3586 462 3687 518">
    <p class='ocr_par' dir='ltr' id='par_1_3' title="bbox 3586 462 3687 518">
     <span class='ocr_line' id='line_1_3' title="bbox 3586 462 3687 518; baseline 0.02 -2"><span class='ocrx_word' id='word_1_6' title='bbox 3586 462 3687 518; x_wconf 85' lang='lat'><strong>766</strong></span> 
     </span>
    </p>
   </div>
   <div class='ocr_carea' id='block_1_4' title="bbox 367 572 2003 654">
    <p class='ocr_par' dir='ltr' id='par_1_4' title="bbox 367 573 2003 654">
     <span class='ocr_line' id='line_1_4' title="bbox 367 573 2003 654; baseline -0.005 -16"><span class='ocrx_word' id='word_1_7' title='bbox 367 624 371 628; x_wconf 64' lang='grc' dir='ltr'><em>η</em></span> <span class='ocrx_word' id='word_1_8' title='bbox 442 603 524 638; x_wconf 85' lang='grc' dir='ltr'><strong>σει</strong></span> <span class='ocrx_word' id='word_1_9' title='bbox 556 573 808 647; x_wconf 53' lang='grc' dir='ltr'>δικαίων,</span> <span class='ocrx_word' id='word_1_10' title='bbox 826 581 1036 653; x_wconf 85' lang='grc' dir='ltr'>μήποτε</span> <span class='ocrx_word' id='word_1_11' title='bbox 1085 579 1252 634; x_wconf 84' lang='grc' dir='ltr'>ἐλθὼν</span> <span class='ocrx_word' id='word_1_12' title='bbox 1284 579 1522 648; x_wconf 77' lang='grc' dir='ltr'>πατάξω,</span> <span class='ocrx_word' id='word_1_13' title='bbox 1536 581 1636 654; x_wconf 84' lang='grc' dir='ltr'>τὴν</span> <span class='ocrx_word' id='word_1_14' title='bbox 1659 581 1760 653; x_wconf 82' lang='grc' dir='ltr'><strong>γῆν</strong></span> <span class='ocrx_word' id='word_1_15' title='bbox 1783 580 2003 652; x_wconf 61' lang='lat' dir='ltr'><strong>agam.-</strong></span> 
     </span>
    </p>
   </div>
   <div class='ocr_carea' id='block_1_5' title="bbox 2102 572 3686 654">
    <p class='ocr_par' dir='ltr' id='par_1_5' title="bbox 2115 572 3686 647">
     <span class='ocr_line' id='line_1_5' title="bbox 2115 572 3686 647; baseline 0 -15"><span class='ocrx_word' id='word_1_16' title='bbox 2115 588 2168 632; x_wconf 86' lang='lat' dir='ltr'><strong>et</strong></span> <span class='ocrx_word' id='word_1_17' title='bbox 2193 578 2568 634; x_wconf 89' lang='lat' dir='ltr'><strong>inobedientes</strong></span> <span class='ocrx_word' id='word_1_18' title='bbox 2596 575 2664 632; x_wconf 91' lang='lat' dir='ltr'><strong>ad</strong></span> <span class='ocrx_word' id='word_1_19' title='bbox 2693 572 3038 647; x_wconf 89' lang='lat' dir='ltr'><strong>prudentiam</strong></span> <span class='ocrx_word' id='word_1_20' title='bbox 3088 574 3365 645; x_wconf 88' lang='lat' dir='ltr'><strong>justorum</strong></span> <span class='ocrx_word' id='word_1_21' title='bbox 3400 592 3415 629; x_wconf 93' lang='lat'><strong>:</strong></span> <span class='ocrx_word' id='word_1_22' title='bbox 3446 590 3514 630; x_wconf 91' lang='lat' dir='ltr'><strong>ne</strong></span> <span class='ocrx_word' id='word_1_23' title='bbox 3547 575 3686 632; x_wconf 90' lang='lat' dir='ltr'><strong>forte</strong></span> 
     </span>
    </p>
   </div>
   <div class='ocr_carea' id='block_1_6' title="bbox 439 669 2009 752">
    <p class='ocr_par' dir='ltr' id='par_1_6' title="bbox 439 669 2009 752">
     <span class='ocr_line' id='line_1_6' title="bbox 439 669 2009 752; baseline -0.003 -22"><span class='ocrx_word' id='word_1_24' title='bbox 439 669 599 752; x_wconf 74' lang='grc' dir='ltr'>ρῦτοι</span> <span class='ocrx_word' id='word_1_25' title='bbox 643 669 738 728; x_wconf 84' lang='grc' dir='ltr'><strong>οῦν</strong></span> <span class='ocrx_word' id='word_1_26' title='bbox 781 672 1214 745; x_wconf 84' lang='grc' dir='ltr'>παραγενόμενοι</span> <span class='ocrx_word' id='word_1_27' title='bbox 1259 672 1554 744; x_wconf 81' lang='grc' dir='ltr'>κηρύξουσι</span> <span class='ocrx_word' id='word_1_28' title='bbox 1585 671 1691 745; x_wconf 58' lang='grc' dir='ltr'>τὴν</span> <span class='ocrx_word' id='word_1_29' title='bbox 1715 673 2009 744; x_wconf 82' lang='grc' dir='ltr'>μέλλουσαν</span> 
     </span>
    </p>
   </div>
   <div class='ocr_carea' id='block_1_7' title="bbox 443 761 2009 834">
    <p class='ocr_par' dir='ltr' id='par_1_7' title="bbox 443 761 2009 834">
     <span class='ocr_line' id='line_1_7' title="bbox 443 761 2009 834; baseline -0.003 -16"><span class='ocrx_word' id='word_1_30' title='bbox 443 762 660 818; x_wconf 68' lang='grc' dir='ltr'>ἔσεσθαι</span> <span class='ocrx_word' id='word_1_31' title='bbox 703 761 814 816; x_wconf 78' lang='grc' dir='ltr'>ἀπὸ</span> <span class='ocrx_word' id='word_1_32' title='bbox 859 762 1102 834; x_wconf 81' lang='grc' dir='ltr'>οὐρανῶν</span> <span class='ocrx_word' id='word_1_33' title='bbox 1143 761 1779 832; x_wconf 76' lang='grc' dir='ltr'>Χριστοῦέπιφάνειαν·</span> <span class='ocrx_word' id='word_1_34' title='bbox 1820 762 1870 815; x_wconf 76' lang='grc' dir='ltr'>οἳ</span> <span class='ocrx_word' id='word_1_35' title='bbox 1914 762 2009 815; x_wconf 77' lang='grc' dir='ltr'>καὶ</span> 
     </span>
    </p>
   </div>
   <div class='ocr_carea' id='block_1_8' title="bbox 437 850 2010 924">
    <p class='ocr_par' dir='ltr' id='par_1_8' title="bbox 437 850 2010 924">
     <span class='ocr_line' id='line_1_8' title="bbox 437 850 2010 924; baseline -0.001 -18"><span class='ocrx_word' id='word_1_36' title='bbox 437 853 722 924; x_wconf 75' lang='grc' dir='ltr'><strong>ποιήσουσι</strong></span> <span class='ocrx_word' id='word_1_37' title='bbox 783 854 981 924; x_wconf 86' lang='grc' dir='ltr'>σημεῖα</span> <span class='ocrx_word' id='word_1_38' title='bbox 1036 851 1128 905; x_wconf 75' lang='grc' dir='ltr'>καὶ</span> <span class='ocrx_word' id='word_1_39' title='bbox 1183 851 1386 923; x_wconf 85' lang='grc' dir='ltr'>τέρατα</span> <span class='ocrx_word' id='word_1_40' title='bbox 1435 853 1514 915; x_wconf 87' lang='grc' dir='ltr'><strong>εἰς</strong></span> <span class='ocrx_word' id='word_1_41' title='bbox 1563 851 1626 905; x_wconf 81' lang='grc' dir='ltr'>τὸ</span> <span class='ocrx_word' id='word_1_42' title='bbox 1674 852 1778 905; x_wconf 81' lang='grc' dir='ltr'>κᾶν</span> <span class='ocrx_word' id='word_1_43' title='bbox 1837 850 2010 915; x_wconf 75' lang='grc' dir='ltr'>οὕτως</span> 
     </span>
    </p>
   </div>
   <div class='ocr_carea' id='block_1_9' title="bbox 435 926 2007 1013">
    <p class='ocr_par' dir='ltr' id='par_1_9' title="bbox 435 926 2007 1013">
     <span class='ocr_line' id='line_1_9' title="bbox 435 926 2007 1013; baseline -0.004 -16"><span class='ocrx_word' id='word_1_44' title='bbox 435 939 757 1013; x_wconf 79' lang='grc' dir='ltr'><strong>δυσωπῆσαι</strong></span> <span class='ocrx_word' id='word_1_45' title='bbox 816 943 914 996; x_wconf 73' lang='grc' dir='ltr'><strong>καὶ</strong></span> <span class='ocrx_word' id='word_1_46' title='bbox 977 926 1299 1012; x_wconf 74' lang='grc' dir='ltr'>ἐπιστρέψαι</span> <span class='ocrx_word' id='word_1_47' title='bbox 1370 937 1498 1004; x_wconf 86' lang='grc' dir='ltr'>τοὺς</span> <span class='ocrx_word' id='word_1_48' title='bbox 1557 931 1873 1012; x_wconf 70' lang='grc' dir='ltr'><strong>ἀνθρώπους</strong></span> <span class='ocrx_word' id='word_1_49' title='bbox 1928 939 2007 1002; x_wconf 86' lang='grc' dir='ltr'><strong>είς</strong></span> 
     </span>
    </p>
   </div>
   <div class='ocr_carea' id='block_1_10' title="bbox 441 1015 2006 1105">
    <p class='ocr_par' dir='ltr' id='par_1_10' title="bbox 441 1015 2006 1105">
     <span class='ocr_line' id='line_1_10' title="bbox 441 1015 2006 1105; baseline -0.002 -19"><span class='ocrx_word' id='word_1_50' title='bbox 441 1029 759 1105; x_wconf 76' lang='grc' dir='ltr'>μετάνοιαν,</span> <span class='ocrx_word' id='word_1_51' title='bbox 803 1031 1030 1104; x_wconf 73' lang='grc' dir='ltr'>διάιτὴν</span> <span class='ocrx_word' id='word_1_52' title='bbox 1067 1030 1512 1105; x_wconf 78' lang='grc' dir='ltr'>ὑπερϐάλλουσαν</span> <span class='ocrx_word' id='word_1_53' title='bbox 1554 1029 1734 1084; x_wconf 79' lang='grc' dir='ltr'>αὐτῶν</span> <span class='ocrx_word' id='word_1_54' title='bbox 1776 1015 2006 1102; x_wconf 83' lang='grc' dir='ltr'>ἀνομίαν</span> 
     </span>
    </p>
   </div>
   <div class='ocr_carea' id='block_1_11' title="bbox 435 1123 1634 1178">
    <p class='ocr_par' dir='ltr' id='par_1_11' title="bbox 435 1123 1634 1178">
     <span class='ocr_line' id='line_1_11' title="bbox 435 1123 1634 1178; baseline -0.002 -1"><span class='ocrx_word' id='word_1_55' title='bbox 435 1141 498 1178; x_wconf 87' lang='grc' dir='ltr'><strong>τε</strong></span> <span class='ocrx_word' id='word_1_56' title='bbox 535 1123 630 1178; x_wconf 73' lang='lat' dir='ltr'><strong>ml</strong></span> <span class='ocrx_word' id='word_1_57' title='bbox 663 1123 940 1178; x_wconf 87' lang='grc' dir='ltr'>ἀσέϐειαν.</span> <span class='ocrx_word' id='word_1_58' title='bbox 1335 1150 1338 1153; x_wconf 89' lang='grc'><strong>-</strong></span> <span class='ocrx_word' id='word_1_59' title='bbox 1407 1137 1420 1148; x_wconf 71' lang='grc'><strong>“</strong></span> <span class='ocrx_word' id='word_1_60' title='bbox 1627 1147 1634 1154; x_wconf 84' lang='grc'><strong>-</strong></span> 
     </span>
    </p>
   </div>
   <div class='ocr_carea' id='block_1_12' title="bbox 505 1213 2006 1289">
    <p class='ocr_par' dir='ltr' id='par_1_12' title="bbox 505 1213 2006 1289">
     <span class='ocr_line' id='line_1_12' title="bbox 505 1213 2006 1289; baseline -0.003 -18"><span class='ocrx_word' id='word_1_61' title='bbox 505 1217 668 1286; x_wconf 86' lang='grc' dir='ltr'><strong>Λέγει</strong></span> <span class='ocrx_word' id='word_1_62' title='bbox 688 1215 797 1289; x_wconf 87' lang='grc' dir='ltr'><strong>γὰρ</strong></span> <span class='ocrx_word' id='word_1_63' title='bbox 846 1214 1130 1287; x_wconf 67' lang='grc' dir='ltr'>Ἰωάννηςέ</span> <span class='ocrx_word' id='word_1_64' title='bbox 1175 1233 1194 1266; x_wconf 74' lang='grc' dir='ltr'><strong>ι</strong></span> <span class='ocrx_word' id='word_1_65' title='bbox 1234 1213 1345 1269; x_wconf 84' lang='lat' dir='ltr'><strong>Kal</strong></span> <span class='ocrx_word' id='word_1_66' title='bbox 1373 1213 1528 1269; x_wconf 86' lang='grc' dir='ltr'>δώσω</span> <span class='ocrx_word' id='word_1_67' title='bbox 1561 1216 1671 1280; x_wconf 81' lang='grc' dir='ltr'>τοῖς</span> <span class='ocrx_word' id='word_1_68' title='bbox 1703 1215 1823 1270; x_wconf 67' lang='grc' dir='ltr'><strong>δυσ)⁵</strong></span> <span class='ocrx_word' id='word_1_69' title='bbox 1863 1215 2006 1287; x_wconf 80' lang='grc' dir='ltr'>μάρ-</span> 
     </span>
    </p>
   </div>
   <div class='ocr_carea' id='block_1_13' title="bbox 434 1303 2002 1378">
    <p class='ocr_par' dir='ltr' id='par_1_13' title="bbox 434 1303 2002 1378">
     <span class='ocr_line' id='line_1_13' title="bbox 434 1303 2002 1378; baseline -0.003 -17"><span class='ocrx_word' id='word_1_70' title='bbox 434 1306 555 1361; x_wconf 89' lang='grc' dir='ltr'>τυσί</span> <span class='ocrx_word' id='word_1_71' title='bbox 583 1323 706 1378; x_wconf 87' lang='grc' dir='ltr'>μου,</span> <span class='ocrx_word' id='word_1_72' title='bbox 741 1307 836 1361; x_wconf 73' lang='grc' dir='ltr'>καὶ</span> <span class='ocrx_word' id='word_1_73' title='bbox 858 1303 1328 1378; x_wconf 72' lang='grc' dir='ltr'>προφητεύσουσιν</span> <span class='ocrx_word' id='word_1_74' title='bbox 1353 1305 1565 1376; x_wconf 83' lang='grc' dir='ltr'>ἡμέρας</span> <span class='ocrx_word' id='word_1_75' title='bbox 1599 1304 1775 1376; x_wconf 87' lang='grc' dir='ltr'>χιλίας</span> <span class='ocrx_word' id='word_1_76' title='bbox 1819 1304 2002 1359; x_wconf 89' lang='grc' dir='ltr'>διακο-</span> 
     </span>
    </p>
   </div>
   <div class='ocr_carea' id='block_1_14' title="bbox 435 1396 2000 1472">
    <p class='ocr_par' dir='ltr' id='par_1_14' title="bbox 435 1396 2000 1472">
     <span class='ocr_line' id='line_1_14' title="bbox 435 1396 2000 1472; baseline -0.002 -17"><span class='ocrx_word' id='word_1_77' title='bbox 435 1401 558 1466; x_wconf 87' lang='grc' dir='ltr'>σίας</span> <span class='ocrx_word' id='word_1_78' title='bbox 583 1400 865 1472; x_wconf 78' lang='grc' dir='ltr'>ἑξήκοντα,</span> <span class='ocrx_word' id='word_1_79' title='bbox 899 1397 1188 1469; x_wconf 87' lang='grc' dir='ltr'>περιϐεϐλη</span> <span class='ocrx_word' id='word_1_80' title='bbox 1199 1396 1348 1468; x_wconf 81' lang='grc' dir='ltr'>μένοι</span> <span class='ocrx_word' id='word_1_81' title='bbox 1375 1397 1612 1461; x_wconf 83' lang='grc' dir='ltr'>σάκκους</span> <span class='ocrx_word' id='word_1_82' title='bbox 1629 1414 1643 1428; x_wconf 75' lang='grc' dir='ltr'><strong><em>ο</em></strong></span> <span class='ocrx_word' id='word_1_83' title='bbox 1670 1416 1688 1449; x_wconf 77' lang='grc' dir='ltr'><strong>ι</strong></span> <span class='ocrx_word' id='word_1_84' title='bbox 1725 1397 2000 1462; x_wconf 86' lang='grc' dir='ltr'>Τουτέστι,</span> 
     </span>
    </p>
   </div>
   <div class='ocr_carea' id='block_1_15' title="bbox 433 1484 2003 1563">
    <p class='ocr_par' dir='ltr' id='par_1_15' title="bbox 433 1484 2003 1563">
     <span class='ocr_line' id='line_1_15' title="bbox 433 1484 2003 1563; baseline -0.001 -18"><span class='ocrx_word' id='word_1_85' title='bbox 433 1491 494 1546; x_wconf 77' lang='grc' dir='ltr'>τὸ</span> <span class='ocrx_word' id='word_1_86' title='bbox 521 1492 692 1563; x_wconf 77' lang='grc' dir='ltr'>ἥμισυ</span> <span class='ocrx_word' id='word_1_87' title='bbox 721 1491 823 1562; x_wconf 83' lang='grc' dir='ltr'>τῆς</span> <span class='ocrx_word' id='word_1_88' title='bbox 841 1489 1150 1561; x_wconf 74' lang='grc' dir='ltr'>ἑϐδομάδος,</span> <span class='ocrx_word' id='word_1_89' title='bbox 1179 1484 1248 1561; x_wconf 84' lang='grc' dir='ltr'>ἦς</span> <span class='ocrx_word' id='word_1_90' title='bbox 1289 1489 1478 1561; x_wconf 68' lang='grc' dir='ltr'>εἴρηκε</span> <span class='ocrx_word' id='word_1_91' title='bbox 1521 1489 1740 1560; x_wconf 85' lang='grc' dir='ltr'>Δανιήλ.</span> <span class='ocrx_word' id='word_1_92' title='bbox 1792 1507 1810 1541; x_wconf 80' lang='grc' dir='ltr'><strong>ι</strong></span> <span class='ocrx_word' id='word_1_93' title='bbox 1847 1484 2003 1544; x_wconf 76' lang='grc' dir='ltr'>Οὗτοί</span> 
     </span>
    </p>
   </div>
   <div class='ocr_carea' id='block_1_16' title="bbox 433 1578 2002 1654">
    <p class='ocr_par' dir='ltr' id='par_1_16' title="bbox 433 1578 2002 1654">
     <span class='ocr_line' id='line_1_16' title="bbox 433 1578 2002 1654; baseline -0.001 -20"><span class='ocrx_word' id='word_1_94' title='bbox 433 1584 569 1636; x_wconf 87' lang='grc' dir='ltr'>είσιν</span> <span class='ocrx_word' id='word_1_95' title='bbox 597 1584 653 1637; x_wconf 79' lang='grc' dir='ltr'>αἱ</span> <span class='ocrx_word' id='word_1_96' title='bbox 682 1580 775 1654; x_wconf 85' lang='grc' dir='ltr'>δύο</span> <span class='ocrx_word' id='word_1_97' title='bbox 804 1581 982 1635; x_wconf 78' lang='grc' dir='ltr'>ἐλαῖαι</span> <span class='ocrx_word' id='word_1_98' title='bbox 1007 1581 1101 1634; x_wconf 79' lang='grc' dir='ltr'><strong>καὶ</strong></span> <span class='ocrx_word' id='word_1_99' title='bbox 1123 1580 1182 1634; x_wconf 90' lang='grc' dir='ltr'>αἱ</span> <span class='ocrx_word' id='word_1_100' title='bbox 1212 1579 1308 1634; x_wconf 86' lang='grc' dir='ltr'>δύο</span> <span class='ocrx_word' id='word_1_101' title='bbox 1330 1579 1538 1652; x_wconf 80' lang='grc' dir='ltr'>λυχνίαι</span> <span class='ocrx_word' id='word_1_102' title='bbox 1566 1581 1620 1633; x_wconf 79' lang='grc' dir='ltr'>αἱ</span> <span class='ocrx_word' id='word_1_103' title='bbox 1653 1578 1880 1633; x_wconf 80' lang='grc' dir='ltr'>ἐνώπιον</span> <span class='ocrx_word' id='word_1_104' title='bbox 1910 1579 2002 1633; x_wconf 91' lang='grc' dir='ltr'><strong>τοῦ</strong></span> 
     </span>
    </p>
   </div>
   <div class='ocr_carea' id='block_1_17' title="bbox 434 1670 2004 1746">
    <p class='ocr_par' dir='ltr' id='par_1_17' title="bbox 434 1670 2004 1746">
     <span class='ocr_line' id='line_1_17' title="bbox 434 1670 2004 1746; baseline -0.003 -18"><span class='ocrx_word' id='word_1_105' title='bbox 434 1674 640 1746; x_wconf 78' lang='grc' dir='ltr'>Κυρίου</span> <span class='ocrx_word' id='word_1_106' title='bbox 671 1674 769 1746; x_wconf 84' lang='grc' dir='ltr'>τῆς</span> <span class='ocrx_word' id='word_1_107' title='bbox 795 1674 896 1745; x_wconf 86' lang='grc' dir='ltr'>γῆς</span> <span class='ocrx_word' id='word_1_108' title='bbox 923 1673 1154 1727; x_wconf 77' lang='grc' dir='ltr'>ἑστῶσαι</span> <span class='ocrx_word' id='word_1_109' title='bbox 1172 1689 1186 1703; x_wconf 77' lang='grc'><strong><em>⁸</em></strong></span> <span class='ocrx_word' id='word_1_110' title='bbox 1216 1672 1309 1726; x_wconf 78' lang='grc' dir='ltr'>καὶ</span> <span class='ocrx_word' id='word_1_111' title='bbox 1337 1671 1392 1726; x_wconf 82' lang='grc' dir='ltr'><strong>εί</strong></span> <span class='ocrx_word' id='word_1_112' title='bbox 1417 1689 1500 1736; x_wconf 92' lang='grc' dir='ltr'><strong>τις</strong></span> <span class='ocrx_word' id='word_1_113' title='bbox 1546 1672 1741 1736; x_wconf 77' lang='grc' dir='ltr'>αὐτοὺς</span> <span class='ocrx_word' id='word_1_114' title='bbox 1790 1670 2004 1743; x_wconf 82' lang='grc' dir='ltr'><strong>θελήσει</strong></span> 
     </span>
    </p>
   </div>
   <div class='ocr_carea' id='block_1_18' title="bbox 373 1759 2001 1839">
    <p class='ocr_par' dir='ltr' id='par_1_18' title="bbox 373 1759 2001 1839">
     <span class='ocr_line' id='line_1_18' title="bbox 373 1759 2001 1839; baseline -0.001 -24"><span class='ocrx_word' id='word_1_115' title='bbox 373 1793 381 1798; x_wconf 92' lang='grc'><strong><em>-</em></strong></span> <span class='ocrx_word' id='word_1_116' title='bbox 433 1762 707 1833; x_wconf 84' lang='grc' dir='ltr'>ἀδικῆσαι,</span> <span class='ocrx_word' id='word_1_117' title='bbox 728 1761 848 1839; x_wconf 49' lang='grc' dir='ltr'>(πῦρ</span> <span class='ocrx_word' id='word_1_118' title='bbox 877 1760 1216 1828; x_wconf 78' lang='grc' dir='ltr'>ἐξελεύσεται</span> <span class='ocrx_word' id='word_1_119' title='bbox 1254 1763 1319 1815; x_wconf 84' lang='grc' dir='ltr'><strong>ἐκ</strong></span> <span class='ocrx_word' id='word_1_120' title='bbox 1352 1759 1447 1815; x_wconf 88' lang='grc' dir='ltr'><strong>τοῦ</strong></span> <span class='ocrx_word' id='word_1_121' title='bbox 1484 1762 1750 1833; x_wconf 86' lang='grc' dir='ltr'>στόματος</span> <span class='ocrx_word' id='word_1_122' title='bbox 1798 1761 2001 1825; x_wconf 83' lang='grc' dir='ltr'>αὐτῶν,</span> 
     </span>
    </p>
   </div>
   <div class='ocr_carea' id='block_1_19' title="bbox 434 1849 2002 1922">
    <p class='ocr_par' dir='ltr' id='par_1_19' title="bbox 434 1849 2002 1922">
     <span class='ocr_line' id='line_1_19' title="bbox 434 1849 2002 1922; baseline -0.003 -15"><span class='ocrx_word' id='word_1_123' title='bbox 434 1852 529 1907; x_wconf 72' lang='grc' dir='ltr'>καὶ</span> <span class='ocrx_word' id='word_1_124' title='bbox 548 1851 823 1916; x_wconf 75' lang='grc' dir='ltr'>κατεσθίει</span> <span class='ocrx_word' id='word_1_125' title='bbox 849 1852 975 1914; x_wconf 83' lang='grc' dir='ltr'>τοὺς</span> <span class='ocrx_word' id='word_1_126' title='bbox 998 1850 1225 1922; x_wconf 81' lang='grc' dir='ltr'>ἐχθροὺς</span> <span class='ocrx_word' id='word_1_127' title='bbox 1253 1849 1432 1905; x_wconf 85' lang='grc' dir='ltr'>αὐτῶν</span> <span class='ocrx_word' id='word_1_128' title='bbox 1450 1868 1464 1881; x_wconf 76' lang='grc' dir='ltr'><strong>ο</strong></span> <span class='ocrx_word' id='word_1_129' title='bbox 1496 1850 1590 1904; x_wconf 73' lang='grc' dir='ltr'>καὶ</span> <span class='ocrx_word' id='word_1_130' title='bbox 1614 1851 1768 1913; x_wconf 79' lang='grc' dir='ltr'>εἴτις</span> <span class='ocrx_word' id='word_1_131' title='bbox 1789 1849 2002 1921; x_wconf 83' lang='grc' dir='ltr'>θελήσει</span> 
     </span>
    </p>
   </div>
   <div class='ocr_carea' id='block_1_20' title="bbox 2110 665 3688 740">
    <p class='ocr_par' dir='ltr' id='par_1_20' title="bbox 2110 665 3688 740">
     <span class='ocr_line' id='line_1_20' title="bbox 2110 665 3688 740; baseline 0.001 -19"><span class='ocrx_word' id='word_1_132' title='bbox 2110 669 2323 725; x_wconf 84' lang='lat' dir='ltr'><strong>veniam</strong></span> <span class='ocrx_word' id='word_1_133' title='bbox 2351 709 2366 737; x_wconf 95' lang='lat'><strong>,</strong></span> <span class='ocrx_word' id='word_1_134' title='bbox 2423 677 2479 724; x_wconf 90' lang='lat' dir='ltr'><strong>et</strong></span> <span class='ocrx_word' id='word_1_135' title='bbox 2510 668 2810 740; x_wconf 90' lang='lat' dir='ltr'><strong>percutiam</strong></span> <span class='ocrx_word' id='word_1_136' title='bbox 2846 679 3044 722; x_wconf 91' lang='lat' dir='ltr'><strong>terram</strong></span> <span class='ocrx_word' id='word_1_137' title='bbox 3075 667 3292 736; x_wconf 76' lang='lat' dir='ltr'><strong>penitus</strong></span> <span class='ocrx_word' id='word_1_138' title='bbox 3322 666 3387 720; x_wconf 78' lang='grc'><strong>⁸⁸.</strong></span> <span class='ocrx_word' id='word_1_139' title='bbox 3420 685 3440 719; x_wconf 72' lang='grc' dir='ltr'><strong>ι</strong></span> <span class='ocrx_word' id='word_1_140' title='bbox 3498 665 3563 720; x_wconf 84' lang='lat' dir='ltr'><strong>Hi</strong></span> <span class='ocrx_word' id='word_1_141' title='bbox 3586 669 3688 722; x_wconf 87' lang='lat' dir='ltr'><strong>ila-</strong></span> 
     </span>
    </p>
   </div>
   <div class='ocr_carea' id='block_1_21' title="bbox 2109 758 3684 831">
    <p class='ocr_par' dir='ltr' id='par_1_21' title="bbox 2109 758 3684 831">
     <span class='ocr_line' id='line_1_21' title="bbox 2109 758 3684 831; baseline 0 -17"><span class='ocrx_word' id='word_1_142' title='bbox 2109 775 2217 831; x_wconf 91' lang='lat' dir='ltr'><strong>que</strong></span> <span class='ocrx_word' id='word_1_143' title='bbox 2245 761 2525 816; x_wconf 90' lang='lat' dir='ltr'><strong>venientes</strong></span> <span class='ocrx_word' id='word_1_144' title='bbox 2556 759 2925 830; x_wconf 83' lang='lat' dir='ltr'><strong>praedicabunt</strong></span> <span class='ocrx_word' id='word_1_145' title='bbox 2962 758 3202 812; x_wconf 90' lang='lat' dir='ltr'><strong>futuram</strong></span> <span class='ocrx_word' id='word_1_146' title='bbox 3248 758 3450 814; x_wconf 86' lang='lat' dir='ltr'><strong>Christi</strong></span> <span class='ocrx_word' id='word_1_147' title='bbox 3477 773 3508 814; x_wconf 90' lang='lat' dir='ltr'><strong>e</strong></span> <span class='ocrx_word' id='word_1_148' title='bbox 3530 760 3684 814; x_wconf 91' lang='lat' dir='ltr'><strong>coelis</strong></span> 
     </span>
    </p>
   </div>
   <div class='ocr_carea' id='block_1_22' title="bbox 2109 848 3686 922">
    <p class='ocr_par' dir='ltr' id='par_1_22' title="bbox 2109 848 3686 922">
     <span class='ocr_line' id='line_1_22' title="bbox 2109 848 3686 922; baseline 0 -16"><span class='ocrx_word' id='word_1_149' title='bbox 2109 851 2538 922; x_wconf 88' lang='lat' dir='ltr'><strong>apparitionem;</strong></span> <span class='ocrx_word' id='word_1_150' title='bbox 2587 851 2895 921; x_wconf 80' lang='lat' dir='ltr'><strong>faciemque</strong></span> <span class='ocrx_word' id='word_1_151' title='bbox 2939 850 3094 920; x_wconf 88' lang='lat' dir='ltr'><strong>signa</strong></span> <span class='ocrx_word' id='word_1_152' title='bbox 3120 859 3175 903; x_wconf 91' lang='lat' dir='ltr'><strong>et</strong></span> <span class='ocrx_word' id='word_1_153' title='bbox 3216 848 3482 920; x_wconf 85' lang='lat' dir='ltr'><strong>prodigia,</strong></span> <span class='ocrx_word' id='word_1_154' title='bbox 3514 859 3575 903; x_wconf 92' lang='lat' dir='ltr'><strong>ut</strong></span> <span class='ocrx_word' id='word_1_155' title='bbox 3599 851 3686 906; x_wconf 86' lang='lat' dir='ltr'><strong>vel</strong></span> 
     </span>
    </p>
   </div>
   <div class='ocr_carea' id='block_1_23' title="bbox 2107 938 3681 1012">
    <p class='ocr_par' dir='ltr' id='par_1_23' title="bbox 2107 938 3681 1012">
     <span class='ocr_line' id='line_1_23' title="bbox 2107 938 3681 1012; baseline -0.003 -15"><span class='ocrx_word' id='word_1_156' title='bbox 2107 943 2189 998; x_wconf 90' lang='lat' dir='ltr'><strong>sic</strong></span> <span class='ocrx_word' id='word_1_157' title='bbox 2220 941 2494 997; x_wconf 83' lang='lat' dir='ltr'><strong>inflectant</strong></span> <span class='ocrx_word' id='word_1_158' title='bbox 2517 950 2678 1012; x_wconf 89' lang='lat' dir='ltr'><strong>atque</strong></span> <span class='ocrx_word' id='word_1_159' title='bbox 2715 941 3034 996; x_wconf 77' lang='lat' dir='ltr'><strong>convertant</strong></span> <span class='ocrx_word' id='word_1_160' title='bbox 3060 940 3343 995; x_wconf 85' lang='lat' dir='ltr'><strong>hominum</strong></span> <span class='ocrx_word' id='word_1_161' title='bbox 3367 939 3581 994; x_wconf 89' lang='lat' dir='ltr'><strong>animos</strong></span> <span class='ocrx_word' id='word_1_162' title='bbox 3613 938 3681 993; x_wconf 86' lang='lat' dir='ltr'><strong>ad</strong></span> 
     </span>
    </p>
   </div>
   <div class='ocr_carea' id='block_1_24' title="bbox 2106 1031 3682 1103">
    <p class='ocr_par' dir='ltr' id='par_1_24' title="bbox 2106 1031 3682 1103">
     <span class='ocr_line' id='line_1_24' title="bbox 2106 1031 3682 1103; baseline -0.001 -15"><span class='ocrx_word' id='word_1_163' title='bbox 2106 1033 2506 1103; x_wconf 80' lang='lat' dir='ltr'><strong>paenitentiam,</strong></span> <span class='ocrx_word' id='word_1_164' title='bbox 2534 1032 2604 1088; x_wconf 93' lang='lat' dir='ltr'><strong>ob</strong></span> <span class='ocrx_word' id='word_1_165' title='bbox 2631 1033 2854 1087; x_wconf 89' lang='lat' dir='ltr'><strong>nimiam</strong></span> <span class='ocrx_word' id='word_1_166' title='bbox 2891 1031 3294 1102; x_wconf 90' lang='lat' dir='ltr'><strong>improbitatem</strong></span> <span class='ocrx_word' id='word_1_167' title='bbox 3335 1047 3401 1088; x_wconf 91' lang='lat' dir='ltr'><strong>ac</strong></span> <span class='ocrx_word' id='word_1_168' title='bbox 3432 1033 3682 1102; x_wconf 89' lang='lat' dir='ltr'><strong>impieta-</strong></span> 
     </span>
    </p>
   </div>
   <div class='ocr_carea' id='block_1_25' title="bbox 2107 1124 2653 1192">
    <p class='ocr_par' dir='ltr' id='par_1_25' title="bbox 2107 1124 2653 1192">
     <span class='ocr_line' id='line_1_25' title="bbox 2107 1124 2653 1192; baseline -0.005 -14"><span class='ocrx_word' id='word_1_169' title='bbox 2107 1133 2216 1178; x_wconf 89' lang='lat' dir='ltr'><strong>tem</strong></span> <span class='ocrx_word' id='word_1_170' title='bbox 2249 1139 2357 1192; x_wconf 89' lang='lat' dir='ltr'><strong>qua</strong></span> <span class='ocrx_word' id='word_1_171' title='bbox 2382 1124 2653 1178; x_wconf 87' lang='lat' dir='ltr'><strong>laborant.</strong></span> 
     </span>
    </p>
   </div>
   <div class='ocr_carea' id='block_1_26' title="bbox 2176 1211 3682 1271">
    <p class='ocr_par' dir='ltr' id='par_1_26' title="bbox 2176 1211 3682 1271">
     <span class='ocr_line' id='line_1_26' title="bbox 2176 1211 3682 1271; baseline 0.001 -3"><span class='ocrx_word' id='word_1_172' title='bbox 2176 1213 2384 1268; x_wconf 81' lang='lat' dir='ltr'><strong>XLVII.</strong></span> <span class='ocrx_word' id='word_1_173' title='bbox 2414 1214 2503 1269; x_wconf 86' lang='lat' dir='ltr'><strong>Ait</strong></span> <span class='ocrx_word' id='word_1_174' title='bbox 2528 1213 2674 1269; x_wconf 86' lang='lat' dir='ltr'><strong>enim</strong></span> <span class='ocrx_word' id='word_1_175' title='bbox 2706 1211 2980 1269; x_wconf 82' lang='lat' dir='ltr'><strong>Joannes:</strong></span> <span class='ocrx_word' id='word_1_176' title='bbox 3022 1230 3042 1265; x_wconf 87' lang='grc'><strong>‹</strong></span> <span class='ocrx_word' id='word_1_177' title='bbox 3073 1211 3142 1266; x_wconf 88' lang='lat' dir='ltr'><strong>Et</strong></span> <span class='ocrx_word' id='word_1_178' title='bbox 3174 1212 3314 1269; x_wconf 87' lang='lat' dir='ltr'><strong>dabo</strong></span> <span class='ocrx_word' id='word_1_179' title='bbox 3348 1214 3562 1271; x_wconf 92' lang='lat' dir='ltr'><strong>duobus</strong></span> <span class='ocrx_word' id='word_1_180' title='bbox 3601 1223 3682 1270; x_wconf 86' lang='lat' dir='ltr'><strong>te—</strong></span> 
     </span>
    </p>
   </div>
   <div class='ocr_carea' id='block_1_27' title="bbox 2105 1305 3683 1376">
    <p class='ocr_par' dir='ltr' id='par_1_27' title="bbox 2105 1305 3683 1376">
     <span class='ocr_line' id='line_1_27' title="bbox 2105 1305 3683 1376; baseline 0.002 -15"><span class='ocrx_word' id='word_1_181' title='bbox 2105 1306 2281 1362; x_wconf 91' lang='lat' dir='ltr'><strong>stibus</strong></span> <span class='ocrx_word' id='word_1_182' title='bbox 2329 1307 2497 1371; x_wconf 91' lang='lat' dir='ltr'><strong>meis,</strong></span> <span class='ocrx_word' id='word_1_183' title='bbox 2540 1315 2594 1362; x_wconf 90' lang='lat' dir='ltr'><strong>et</strong></span> <span class='ocrx_word' id='word_1_184' title='bbox 2641 1305 3042 1376; x_wconf 90' lang='lat' dir='ltr'><strong>prophetabunt</strong></span> <span class='ocrx_word' id='word_1_185' title='bbox 3083 1305 3199 1360; x_wconf 88' lang='lat' dir='ltr'><strong>dies</strong></span> <span class='ocrx_word' id='word_1_186' title='bbox 3231 1306 3378 1361; x_wconf 90' lang='lat' dir='ltr'><strong>mille</strong></span> <span class='ocrx_word' id='word_1_187' title='bbox 3420 1307 3683 1364; x_wconf 89' lang='lat' dir='ltr'><strong>ducentos</strong></span> 
     </span>
    </p>
   </div>
   <div class='ocr_carea' id='block_1_28' title="bbox 2104 1395 3679 1468">
    <p class='ocr_par' dir='ltr' id='par_1_28' title="bbox 2104 1395 3679 1468">
     <span class='ocr_line' id='line_1_28' title="bbox 2104 1395 3679 1468; baseline 0 -15"><span class='ocrx_word' id='word_1_188' title='bbox 2104 1397 2417 1468; x_wconf 78' lang='lat' dir='ltr'><strong>sexaginta,</strong></span> <span class='ocrx_word' id='word_1_189' title='bbox 2467 1397 2652 1452; x_wconf 88' lang='lat' dir='ltr'><strong>amicti</strong></span> <span class='ocrx_word' id='word_1_190' title='bbox 2697 1396 2872 1452; x_wconf 88' lang='lat' dir='ltr'><strong>saccis</strong></span> <span class='ocrx_word' id='word_1_191' title='bbox 2909 1396 2975 1450; x_wconf 74' lang='lat'><strong>‘7.</strong></span> <span class='ocrx_word' id='word_1_192' title='bbox 3016 1415 3034 1448; x_wconf 74' lang='grc' dir='ltr'><strong>ι</strong></span> <span class='ocrx_word' id='word_1_193' title='bbox 3086 1395 3203 1452; x_wconf 86' lang='lat' dir='ltr'><strong>Hoc</strong></span> <span class='ocrx_word' id='word_1_194' title='bbox 3239 1405 3354 1452; x_wconf 89' lang='lat' dir='ltr'><strong>est:</strong></span> <span class='ocrx_word' id='word_1_195' title='bbox 3395 1397 3679 1454; x_wconf 90' lang='lat' dir='ltr'><strong>dimidium</strong></span> 
     </span>
    </p>
   </div>
   <div class='ocr_carea' id='block_1_29' title="bbox 2104 1487 3680 1557">
    <p class='ocr_par' dir='ltr' id='par_1_29' title="bbox 2104 1487 3680 1557">
     <span class='ocr_line' id='line_1_29' title="bbox 2104 1487 3680 1557; baseline 0.001 -11"><span class='ocrx_word' id='word_1_196' title='bbox 2104 1487 2249 1546; x_wconf 89' lang='lat' dir='ltr'><strong>istud</strong></span> <span class='ocrx_word' id='word_1_197' title='bbox 2301 1487 2674 1553; x_wconf 77' lang='lat' dir='ltr'><strong>hebdomadae,</strong></span> <span class='ocrx_word' id='word_1_198' title='bbox 2730 1488 2798 1542; x_wconf 91' lang='lat' dir='ltr'><strong>de</strong></span> <span class='ocrx_word' id='word_1_199' title='bbox 2839 1503 2947 1557; x_wconf 91' lang='lat' dir='ltr'><strong>qua</strong></span> <span class='ocrx_word' id='word_1_200' title='bbox 2993 1487 3181 1543; x_wconf 90' lang='lat' dir='ltr'><strong>Daniel</strong></span> <span class='ocrx_word' id='word_1_201' title='bbox 3232 1487 3447 1545; x_wconf 90' lang='lat' dir='ltr'><strong>locutus</strong></span> <span class='ocrx_word' id='word_1_202' title='bbox 3489 1491 3535 1528; x_wconf 67' lang='grc'><strong>⁸⁸</strong></span> <span class='ocrx_word' id='word_1_203' title='bbox 3574 1500 3680 1547; x_wconf 89' lang='lat' dir='ltr'><strong>est.</strong></span> 
     </span>
    </p>
   </div>
   <div class='ocr_carea' id='block_1_30' title="bbox 2110 1577 3685 1650">
    <p class='ocr_par' dir='ltr' id='par_1_30' title="bbox 2110 1577 3685 1650">
     <span class='ocr_line' id='line_1_30' title="bbox 2110 1577 3685 1650; baseline 0.003 -19"><span class='ocrx_word' id='word_1_204' title='bbox 2110 1597 2130 1631; x_wconf 85' lang='grc'><strong><em>‹</em></strong></span> <span class='ocrx_word' id='word_1_205' title='bbox 2165 1578 2252 1634; x_wconf 91' lang='lat' dir='ltr'><strong>lsti</strong></span> <span class='ocrx_word' id='word_1_206' title='bbox 2296 1587 2425 1633; x_wconf 89' lang='lat' dir='ltr'><strong>sunt</strong></span> <span class='ocrx_word' id='word_1_207' title='bbox 2450 1579 2570 1633; x_wconf 73' lang='lat' dir='ltr'><strong>duae</strong></span> <span class='ocrx_word' id='word_1_208' title='bbox 2598 1579 2753 1633; x_wconf 73' lang='lat' dir='ltr'><strong>olivae</strong></span> <span class='ocrx_word' id='word_1_209' title='bbox 2785 1587 2838 1632; x_wconf 90' lang='lat' dir='ltr'><strong>et</strong></span> <span class='ocrx_word' id='word_1_210' title='bbox 2871 1579 2980 1632; x_wconf 92' lang='lat' dir='ltr'><strong>duo</strong></span> <span class='ocrx_word' id='word_1_211' title='bbox 3005 1577 3330 1633; x_wconf 87' lang='lat' dir='ltr'><strong>candelabra</strong></span> <span class='ocrx_word' id='word_1_212' title='bbox 3369 1579 3422 1632; x_wconf 91' lang='lat' dir='ltr'><strong>in</strong></span> <span class='ocrx_word' id='word_1_213' title='bbox 3454 1595 3685 1650; x_wconf 90' lang='lat' dir='ltr'><strong>conspe-</strong></span> 
     </span>
    </p>
   </div>
   <div class='ocr_carea' id='block_1_31' title="bbox 2103 1668 3679 1749">
    <p class='ocr_par' dir='ltr' id='par_1_31' title="bbox 2103 1668 3679 1749">
     <span class='ocr_line' id='line_1_31' title="bbox 2103 1668 3679 1749; baseline 0 -23"><span class='ocrx_word' id='word_1_214' title='bbox 2103 1681 2192 1726; x_wconf 93' lang='lat' dir='ltr'><strong>ctu</strong></span> <span class='ocrx_word' id='word_1_215' title='bbox 2215 1671 2308 1726; x_wconf 92' lang='lat' dir='ltr'><strong>Dei</strong></span> <span class='ocrx_word' id='word_1_216' title='bbox 2341 1680 2499 1725; x_wconf 72' lang='lat' dir='ltr'><strong>terrae</strong></span> <span class='ocrx_word' id='word_1_217' title='bbox 2526 1670 2746 1725; x_wconf 86' lang='lat' dir='ltr'><strong>stantia.</strong></span> <span class='ocrx_word' id='word_1_218' title='bbox 2771 1668 2838 1723; x_wconf 91' lang='lat' dir='ltr'><strong>Et</strong></span> <span class='ocrx_word' id='word_1_219' title='bbox 2866 1671 2914 1749; x_wconf 78' lang='lat' dir='ltr'><strong>si</strong></span> <span class='ocrx_word' id='word_1_220' title='bbox 2939 1670 3062 1740; x_wconf 86' lang='lat' dir='ltr'><strong>quis</strong></span> <span class='ocrx_word' id='word_1_221' title='bbox 3092 1670 3326 1725; x_wconf 89' lang='lat' dir='ltr'><strong>voluerit</strong></span> <span class='ocrx_word' id='word_1_222' title='bbox 3351 1669 3432 1726; x_wconf 88' lang='lat' dir='ltr'><strong>eis</strong></span> <span class='ocrx_word' id='word_1_223' title='bbox 3460 1685 3679 1738; x_wconf 85' lang='lat' dir='ltr'><strong>nocere,</strong></span> 
     </span>
    </p>
   </div>
   <div class='ocr_carea' id='block_1_32' title="bbox 2104 1763 3683 1835">
    <p class='ocr_par' dir='ltr' id='par_1_32' title="bbox 2104 1763 3683 1835">
     <span class='ocr_line' id='line_1_32' title="bbox 2104 1763 3683 1835; baseline 0 -16"><span class='ocrx_word' id='word_1_224' title='bbox 2104 1764 2244 1835; x_wconf 81' lang='lat' dir='ltr'><strong>ignis</strong></span> <span class='ocrx_word' id='word_1_225' title='bbox 2276 1765 2419 1818; x_wconf 79' lang='lat' dir='ltr'><strong>exiet</strong></span> <span class='ocrx_word' id='word_1_226' title='bbox 2447 1764 2513 1818; x_wconf 90' lang='lat' dir='ltr'><strong>de</strong></span> <span class='ocrx_word' id='word_1_227' title='bbox 2544 1779 2637 1818; x_wconf 91' lang='lat' dir='ltr'><strong>ore</strong></span> <span class='ocrx_word' id='word_1_228' title='bbox 2664 1779 2884 1828; x_wconf 90' lang='lat' dir='ltr'><strong>eorum,</strong></span> <span class='ocrx_word' id='word_1_229' title='bbox 2920 1772 2974 1818; x_wconf 92' lang='lat' dir='ltr'><strong>et</strong></span> <span class='ocrx_word' id='word_1_230' title='bbox 2997 1763 3277 1818; x_wconf 86' lang='lat' dir='ltr'><strong>devorabit</strong></span> <span class='ocrx_word' id='word_1_231' title='bbox 3305 1763 3558 1820; x_wconf 90' lang='lat' dir='ltr'><strong>inimicos</strong></span> <span class='ocrx_word' id='word_1_232' title='bbox 3586 1780 3683 1819; x_wconf 89' lang='lat' dir='ltr'><strong>eo-</strong></span> 
     </span>
    </p>
   </div>
   <div class='ocr_carea' id='block_1_33' title="bbox 2105 1856 3680 1928">
    <p class='ocr_par' dir='ltr' id='par_1_33' title="bbox 2105 1856 3680 1928">
     <span class='ocr_line' id='line_1_33' title="bbox 2105 1856 3680 1928; baseline 0 -17"><span class='ocrx_word' id='word_1_233' title='bbox 2105 1872 2249 1911; x_wconf 88' lang='lat' dir='ltr'><strong>rum.</strong></span> <span class='ocrx_word' id='word_1_234' title='bbox 2281 1856 2346 1911; x_wconf 90' lang='lat' dir='ltr'><strong>Et</strong></span> <span class='ocrx_word' id='word_1_235' title='bbox 2370 1857 2414 1912; x_wconf 88' lang='lat' dir='ltr'><strong>si</strong></span> <span class='ocrx_word' id='word_1_236' title='bbox 2447 1857 2570 1927; x_wconf 83' lang='lat' dir='ltr'><strong>quis</strong></span> <span class='ocrx_word' id='word_1_237' title='bbox 2590 1858 2822 1912; x_wconf 89' lang='lat' dir='ltr'><strong>voluerit</strong></span> <span class='ocrx_word' id='word_1_238' title='bbox 2848 1873 2941 1911; x_wconf 92' lang='lat' dir='ltr'><strong>eos</strong></span> <span class='ocrx_word' id='word_1_239' title='bbox 2971 1857 3180 1924; x_wconf 69' lang='lat' dir='ltr'><strong>lmdere,</strong></span> <span class='ocrx_word' id='word_1_240' title='bbox 3207 1857 3288 1914; x_wconf 90' lang='lat' dir='ltr'><strong>sic</strong></span> <span class='ocrx_word' id='word_1_241' title='bbox 3319 1866 3531 1928; x_wconf 84' lang='lat' dir='ltr'><strong>Oportet</strong></span> <span class='ocrx_word' id='word_1_242' title='bbox 3556 1873 3680 1914; x_wconf 90' lang='lat' dir='ltr'><strong>eum</strong></span> 
     </span>
    </p>
   </div>
   <div class='ocr_carea' id='block_1_34' title="bbox 433 1919 2003 2017">
    <p class='ocr_par' dir='ltr' id='par_1_34' title="bbox 433 1919 2002 2010">
     <span class='ocr_line' id='line_1_34' title="bbox 433 1919 2002 2010; baseline -0.001 -16"><span class='ocrx_word' id='word_1_243' title='bbox 433 1941 494 1995; x_wconf 83' lang='grc' dir='ltr'><strong>ἐν</strong></span> <span class='ocrx_word' id='word_1_244' title='bbox 519 1942 725 2005; x_wconf 83' lang='grc' dir='ltr'>τούτοις</span> <span class='ocrx_word' id='word_1_245' title='bbox 749 1919 1035 2010; x_wconf 70' lang='grc' dir='ltr'>ἀδικῆσαι,</span> <span class='ocrx_word' id='word_1_246' title='bbox 1049 1919 1223 2003; x_wconf 81' lang='grc' dir='ltr'>οῦτως</span> <span class='ocrx_word' id='word_1_247' title='bbox 1259 1939 1342 1996; x_wconf 83' lang='grc' dir='ltr'>δεῖ</span> <span class='ocrx_word' id='word_1_248' title='bbox 1378 1940 1542 1994; x_wconf 83' lang='grc' dir='ltr'>αὐτὸν</span> <span class='ocrx_word' id='word_1_249' title='bbox 1579 1919 2002 2009; x_wconf 83' lang='grc' dir='ltr'>ἀποκτανθῆναι.</span> 
     </span>
    </p>
   </div>
   <div class='ocr_carea' id='block_1_35' title="bbox 2102 1919 3684 2017">
    <p class='ocr_par' dir='ltr' id='par_1_35' title="bbox 2107 1919 3684 2017">
     <span class='ocr_line' id='line_1_35' title="bbox 2107 1919 3684 2017; baseline 0.001 -17"><span class='ocrx_word' id='word_1_250' title='bbox 2107 1945 2299 2001; x_wconf 87' lang='lat' dir='ltr'><strong>occidi.</strong></span> <span class='ocrx_word' id='word_1_251' title='bbox 2346 1946 2410 2001; x_wconf 87' lang='lat' dir='ltr'><strong>Hi</strong></span> <span class='ocrx_word' id='word_1_252' title='bbox 2445 1919 2645 2001; x_wconf 77' lang='lat' dir='ltr'><strong>habent</strong></span> <span class='ocrx_word' id='word_1_253' title='bbox 2677 1955 2998 2017; x_wconf 89' lang='lat' dir='ltr'><strong>potestatem</strong></span> <span class='ocrx_word' id='word_1_254' title='bbox 3026 1919 3313 2002; x_wconf 84' lang='lat' dir='ltr'><strong>claudendi</strong></span> <span class='ocrx_word' id='word_1_255' title='bbox 3343 1919 3540 2002; x_wconf 69' lang='lat' dir='ltr'><strong>caelum</strong></span> <span class='ocrx_word' id='word_1_256' title='bbox 3563 1988 3576 2010; x_wconf 88' lang='lat'><strong>,</strong></span> <span class='ocrx_word' id='word_1_257' title='bbox 3614 1963 3684 2003; x_wconf 90' lang='lat' dir='ltr'><strong>ne</strong></span> 
     </span>
    </p>
   </div>
   <div class='ocr_carea' id='block_1_36' title="bbox 433 2022 2006 2102">
    <p class='ocr_par' dir='ltr' id='par_1_36' title="bbox 433 2022 2006 2102">
     <span class='ocr_line' id='line_1_36' title="bbox 433 2022 2006 2102; baseline -0.001 -17"><span class='ocrx_word' id='word_1_258' title='bbox 433 2022 594 2086; x_wconf 75' lang='grc' dir='ltr'>Οὗτοι</span> <span class='ocrx_word' id='word_1_259' title='bbox 624 2030 836 2102; x_wconf 80' lang='grc' dir='ltr'>ἔχουσιν</span> <span class='ocrx_word' id='word_1_260' title='bbox 865 2030 1109 2095; x_wconf 80' lang='grc' dir='ltr'>ἐξουσίαν</span> <span class='ocrx_word' id='word_1_261' title='bbox 1137 2026 1344 2084; x_wconf 84' lang='grc' dir='ltr'>κλεῖσαι</span> <span class='ocrx_word' id='word_1_262' title='bbox 1367 2029 1460 2085; x_wconf 79' lang='grc' dir='ltr'>τὸν</span> <span class='ocrx_word' id='word_1_263' title='bbox 1490 2030 1718 2102; x_wconf 75' lang='grc' dir='ltr'>οὐρανὸν</span> <span class='ocrx_word' id='word_1_264' title='bbox 1736 2071 1751 2096; x_wconf 90' lang='grc'><strong>,</strong></span> <span class='ocrx_word' id='word_1_265' title='bbox 1796 2031 1884 2084; x_wconf 82' lang='grc' dir='ltr'>ἵνα</span> <span class='ocrx_word' id='word_1_266' title='bbox 1932 2029 2006 2102; x_wconf 83' lang='grc' dir='ltr'>μὴ</span> 
     </span>
    </p>
   </div>
   <div class='ocr_carea' id='block_1_37' title="bbox 433 2119 2008 2195">
    <p class='ocr_par' dir='ltr' id='par_1_37' title="bbox 433 2119 2008 2195">
     <span class='ocr_line' id='line_1_37' title="bbox 433 2119 2008 2195; baseline 0 -17"><span class='ocrx_word' id='word_1_267' title='bbox 433 2124 588 2188; x_wconf 82' lang='grc' dir='ltr'>ὑετὸς</span> <span class='ocrx_word' id='word_1_268' title='bbox 604 2119 1148 2195; x_wconf 76' lang='grc' dir='ltr'>’βρέξῃτὰςήμέρας</span> <span class='ocrx_word' id='word_1_269' title='bbox 1167 2124 1267 2194; x_wconf 83' lang='grc' dir='ltr'><strong>τῆς</strong></span> <span class='ocrx_word' id='word_1_270' title='bbox 1299 2124 1634 2195; x_wconf 82' lang='grc' dir='ltr'>προφητείας</span> <span class='ocrx_word' id='word_1_271' title='bbox 1663 2123 1842 2177; x_wconf 84' lang='grc' dir='ltr'>αὐτῶν</span> <span class='ocrx_word' id='word_1_272' title='bbox 1864 2163 1880 2188; x_wconf 94' lang='grc'><strong>,</strong></span> <span class='ocrx_word' id='word_1_273' title='bbox 1914 2126 2008 2178; x_wconf 79' lang='grc' dir='ltr'>καὶ</span> 
     </span>
    </p>
   </div>
   <div class='ocr_carea' id='block_1_38' title="bbox 432 2213 2007 2286">
    <p class='ocr_par' dir='ltr' id='par_1_38' title="bbox 432 2213 2007 2286">
     <span class='ocr_line' id='line_1_38' title="bbox 432 2213 2007 2286; baseline 0.001 -19"><span class='ocrx_word' id='word_1_274' title='bbox 432 2215 676 2281; x_wconf 83' lang='grc' dir='ltr'>ἐξουσίαν</span> <span class='ocrx_word' id='word_1_275' title='bbox 705 2214 916 2285; x_wconf 74' lang='grc' dir='ltr'>ἔχουσιν</span> <span class='ocrx_word' id='word_1_276' title='bbox 935 2215 1042 2275; x_wconf 65' lang='grc' dir='ltr'>ἐπὶ.</span> <span class='ocrx_word' id='word_1_277' title='bbox 1069 2213 1178 2268; x_wconf 83' lang='grc' dir='ltr'><strong>τῶν</strong></span> <span class='ocrx_word' id='word_1_278' title='bbox 1206 2215 1413 2268; x_wconf 84' lang='grc' dir='ltr'>ὑδάτων</span> <span class='ocrx_word' id='word_1_279' title='bbox 1456 2215 1708 2286; x_wconf 80' lang='grc' dir='ltr'>στρέφειν</span> <span class='ocrx_word' id='word_1_280' title='bbox 1748 2215 1889 2268; x_wconf 86' lang='grc' dir='ltr'>αὐτὰ</span> <span class='ocrx_word' id='word_1_281' title='bbox 1926 2216 2007 2279; x_wconf 87' lang='grc' dir='ltr'><strong>είς</strong></span> 
     </span>
    </p>
   </div>
   <div class='ocr_carea' id='block_1_39' title="bbox 402 2297 2006 2380">
    <p class='ocr_par' dir='ltr' id='par_1_39' title="bbox 402 2297 2006 2380">
     <span class='ocr_line' id='line_1_39' title="bbox 402 2297 2006 2380; baseline -0.001 -18"><span class='ocrx_word' id='word_1_282' title='bbox 402 2297 405 2301; x_wconf 51' lang='grc'><em>’</em></span> <span class='ocrx_word' id='word_1_283' title='bbox 432 2303 591 2380; x_wconf 77' lang='grc' dir='ltr'>αἷμα,</span> <span class='ocrx_word' id='word_1_284' title='bbox 630 2308 726 2362; x_wconf 69' lang='grc' dir='ltr'>καὶ</span> <span class='ocrx_word' id='word_1_285' title='bbox 750 2307 986 2379; x_wconf 82' lang='grc' dir='ltr'>πατάξαι</span> <span class='ocrx_word' id='word_1_286' title='bbox 1017 2306 1113 2378; x_wconf 79' lang='grc' dir='ltr'>τὴν</span> <span class='ocrx_word' id='word_1_287' title='bbox 1145 2308 1248 2378; x_wconf 81' lang='grc' dir='ltr'>γῆν</span> <span class='ocrx_word' id='word_1_288' title='bbox 1276 2308 1335 2361; x_wconf 87' lang='grc' dir='ltr'><strong>ἐν</strong></span> <span class='ocrx_word' id='word_1_289' title='bbox 1368 2307 1517 2380; x_wconf 82' lang='grc' dir='ltr'>πάσῃ</span> <span class='ocrx_word' id='word_1_290' title='bbox 1564 2307 1782 2379; x_wconf 82' lang='grc' dir='ltr'>πληγῇ,</span> <span class='ocrx_word' id='word_1_291' title='bbox 1817 2307 2006 2373; x_wconf 88' lang='grc' dir='ltr'>ὁσάκις</span> 
     </span>
    </p>
   </div>
   <div class='ocr_carea' id='block_1_40' title="bbox 432 2390 2004 2474">
    <p class='ocr_par' dir='ltr' id='par_1_40' title="bbox 432 2390 2004 2474">
     <span class='ocr_line' id='line_1_40' title="bbox 432 2390 2004 2474; baseline 0 -21"><span class='ocrx_word' id='word_1_292' title='bbox 432 2400 576 2474; x_wconf 41' lang='grc' dir='ltr'>ἐάνι-[</span> <span class='ocrx_word' id='word_1_293' title='bbox 597 2390 880 2471; x_wconf 79' lang='grc' dir='ltr'>θελήσωσι.</span> <span class='ocrx_word' id='word_1_294' title='bbox 919 2419 937 2452; x_wconf 71' lang='grc' dir='ltr'><strong>ι</strong></span> <span class='ocrx_word' id='word_1_295' title='bbox 960 2400 1072 2454; x_wconf 80' lang='lat' dir='ltr'><strong>Kal</strong></span> <span class='ocrx_word' id='word_1_296' title='bbox 1099 2395 1268 2469; x_wconf 80' lang='grc' dir='ltr'>ὅταν]</span> <span class='ocrx_word' id='word_1_297' title='bbox 1290 2399 1546 2454; x_wconf 80' lang='grc' dir='ltr'>τελέσωσι</span> <span class='ocrx_word' id='word_1_298' title='bbox 1572 2399 1665 2458; x_wconf 80' lang='grc' dir='ltr'>τὸν</span> <span class='ocrx_word' id='word_1_299' title='bbox 1689 2400 1885 2472; x_wconf 79' lang='grc' dir='ltr'>δρόμον</span> <span class='ocrx_word' id='word_1_300' title='bbox 1904 2401 2004 2454; x_wconf 85' lang='grc' dir='ltr'><strong>αὑ-</strong></span> 
     </span>
    </p>
   </div>
   <div class='ocr_carea' id='block_1_41' title="bbox 431 2490 2002 2565">
    <p class='ocr_par' dir='ltr' id='par_1_41' title="bbox 431 2490 2002 2565">
     <span class='ocr_line' id='line_1_41' title="bbox 431 2490 2002 2565; baseline 0.001 -19"><span class='ocrx_word' id='word_1_301' title='bbox 431 2493 538 2547; x_wconf 83' lang='grc' dir='ltr'>τῶν</span> <span class='ocrx_word' id='word_1_302' title='bbox 563 2494 656 2547; x_wconf 81' lang='grc' dir='ltr'>καὶ</span> <span class='ocrx_word' id='word_1_303' title='bbox 682 2493 779 2565; x_wconf 84' lang='grc' dir='ltr'>τὴν</span> <span class='ocrx_word' id='word_1_304' title='bbox 811 2490 1114 2564; x_wconf 87' lang='grc' dir='ltr'>μαρτυρίαν</span> <span class='ocrx_word' id='word_1_305' title='bbox 1139 2491 1338 2558; x_wconf 80' lang='grc' dir='ltr'>αὐτῶν,</span> <span class='ocrx_word' id='word_1_306' title='bbox 1366 2492 1420 2546; x_wconf 87' lang='grc' dir='ltr'><strong>τί</strong></span> <span class='ocrx_word' id='word_1_307' title='bbox 1446 2510 1607 2564; x_wconf 80' lang='grc' dir='ltr'>φησιν</span> <span class='ocrx_word' id='word_1_308' title='bbox 1628 2494 1657 2546; x_wconf 87' lang='grc' dir='ltr'>ὁ</span> <span class='ocrx_word' id='word_1_309' title='bbox 1683 2494 1966 2564; x_wconf 79' lang='grc' dir='ltr'>προφήτης</span> <span class='ocrx_word' id='word_1_310' title='bbox 1988 2509 2002 2559; x_wconf 90' lang='grc'><strong>;</strong></span> 
     </span>
    </p>
   </div>
   <div class='ocr_carea' id='block_1_42' title="bbox 414 2582 2003 2656">
    <p class='ocr_par' dir='ltr' id='par_1_42' title="bbox 414 2582 2003 2656">
     <span class='ocr_line' id='line_1_42' title="bbox 414 2582 2003 2656; baseline 0 -19"><span class='ocrx_word' id='word_1_311' title='bbox 414 2603 456 2637; x_wconf 78' lang='grc'>.‹</span> <span class='ocrx_word' id='word_1_312' title='bbox 487 2586 560 2638; x_wconf 89' lang='grc' dir='ltr'><strong>Τὸ</strong></span> <span class='ocrx_word' id='word_1_313' title='bbox 585 2584 770 2656; x_wconf 84' lang='grc' dir='ltr'>θηρίον</span> <span class='ocrx_word' id='word_1_314' title='bbox 819 2583 882 2636; x_wconf 76' lang='grc' dir='ltr'>τὸ</span> <span class='ocrx_word' id='word_1_315' title='bbox 926 2582 1212 2637; x_wconf 87' lang='grc' dir='ltr'>ἀναϐαῖνον</span> <span class='ocrx_word' id='word_1_316' title='bbox 1240 2584 1305 2636; x_wconf 86' lang='grc' dir='ltr'><strong>ἐκ</strong></span> <span class='ocrx_word' id='word_1_317' title='bbox 1358 2583 1460 2654; x_wconf 85' lang='grc' dir='ltr'>τῆς</span> <span class='ocrx_word' id='word_1_318' title='bbox 1504 2583 1740 2638; x_wconf 83' lang='grc' dir='ltr'>ἀϐύσσου</span> <span class='ocrx_word' id='word_1_319' title='bbox 1789 2586 2003 2656; x_wconf 86' lang='grc' dir='ltr'>ποιήσει</span> 
     </span>
    </p>
   </div>
   <div class='ocr_carea' id='block_1_43' title="bbox 405 2675 2006 2746">
    <p class='ocr_par' dir='ltr' id='par_1_43' title="bbox 405 2675 2006 2746">
     <span class='ocr_line' id='line_1_43' title="bbox 405 2675 2006 2746; baseline 0.001 -17"><span class='ocrx_word' id='word_1_320' title='bbox 405 2690 408 2692; x_wconf 64' lang='grc'>⁷</span> <span class='ocrx_word' id='word_1_321' title='bbox 436 2677 551 2746; x_wconf 86' lang='grc' dir='ltr'>μετ’</span> <span class='ocrx_word' id='word_1_322' title='bbox 579 2676 757 2729; x_wconf 79' lang='grc' dir='ltr'>αὐτῶν</span> <span class='ocrx_word' id='word_1_323' title='bbox 799 2675 1061 2746; x_wconf 79' lang='grc' dir='ltr'>πόλεμον,</span> <span class='ocrx_word' id='word_1_324' title='bbox 1089 2677 1183 2729; x_wconf 80' lang='grc' dir='ltr'>καὶ</span> <span class='ocrx_word' id='word_1_325' title='bbox 1214 2677 1424 2746; x_wconf 86' lang='grc' dir='ltr'>νικήσει</span> <span class='ocrx_word' id='word_1_326' title='bbox 1467 2677 1663 2739; x_wconf 77' lang='grc' dir='ltr'>αὐτοὺς</span> <span class='ocrx_word' id='word_1_327' title='bbox 1687 2717 1701 2739; x_wconf 84' lang='grc'><strong>,</strong></span> <span class='ocrx_word' id='word_1_328' title='bbox 1743 2676 1838 2730; x_wconf 80' lang='grc' dir='ltr'>καὶ</span> <span class='ocrx_word' id='word_1_329' title='bbox 1872 2678 2006 2731; x_wconf 88' lang='grc' dir='ltr'>ἀπο-</span> 
     </span>
    </p>
   </div>
   <div class='ocr_carea' id='block_1_44' title="bbox 431 2755 2004 2838">
    <p class='ocr_par' dir='ltr' id='par_1_44' title="bbox 431 2755 2004 2838">
     <span class='ocr_line' id='line_1_44' title="bbox 431 2755 2004 2838; baseline 0.001 -18"><span class='ocrx_word' id='word_1_330' title='bbox 431 2770 610 2821; x_wconf 84' lang='grc' dir='ltr'>κτενεῖ</span> <span class='ocrx_word' id='word_1_331' title='bbox 623 2755 848 2833; x_wconf 66' lang='grc' dir='ltr'>αὐτοὺς,</span> <span class='ocrx_word' id='word_1_332' title='bbox 870 2786 897 2831; x_wconf 58' lang='grc' dir='ltr'>,υ</span> <span class='ocrx_word' id='word_1_333' title='bbox 929 2767 1105 2821; x_wconf 83' lang='grc' dir='ltr'>διά“τὸ</span> <span class='ocrx_word' id='word_1_334' title='bbox 1139 2768 1213 2838; x_wconf 83' lang='grc' dir='ltr'>μὴ</span> <span class='ocrx_word' id='word_1_335' title='bbox 1245 2766 1416 2821; x_wconf 76' lang='grc' dir='ltr'>θέλειν</span> <span class='ocrx_word' id='word_1_336' title='bbox 1434 2769 1630 2832; x_wconf 83' lang='grc' dir='ltr'>αὐτοὺς</span> <span class='ocrx_word' id='word_1_337' title='bbox 1645 2769 1798 2833; x_wconf 82' lang='grc' dir='ltr'>δόξαν</span> <span class='ocrx_word' id='word_1_338' title='bbox 1820 2767 2004 2823; x_wconf 89' lang='grc' dir='ltr'>δοῦναι</span> 
     </span>
    </p>
   </div>
   <div class='ocr_carea' id='block_1_45' title="bbox 254 2838 2000 2934">
    <p class='ocr_par' dir='ltr' id='par_1_45' title="bbox 254 2838 2000 2934">
     <span class='ocr_line' id='line_1_45' title="bbox 254 2838 2000 2934; baseline 0.006 -27"><span class='ocrx_word' id='word_1_339' title='bbox 254 2881 261 2913; x_wconf 87' lang='lat'><strong>_-</strong></span> <span class='ocrx_word' id='word_1_340' title='bbox 319 2866 338 2886; x_wconf 76' lang='lat'><em>’</em></span> <span class='ocrx_word' id='word_1_341' title='bbox 428 2858 506 2929; x_wconf 85' lang='grc' dir='ltr'>τῷ</span> <span class='ocrx_word' id='word_1_342' title='bbox 547 2859 917 2931; x_wconf 84' lang='grc' dir='ltr'>Ἀντιχρίστῳ.</span> <span class='ocrx_word' id='word_1_343' title='bbox 939 2838 1220 2924; x_wconf 64' lang='grc' dir='ltr'>Τουτέᾶτι,</span> <span class='ocrx_word' id='word_1_344' title='bbox 1245 2858 1306 2912; x_wconf 81' lang='grc' dir='ltr'>τὸ</span> <span class='ocrx_word' id='word_1_345' title='bbox 1330 2859 1565 2928; x_wconf 76' lang='grc' dir='ltr'>ἀναφύον</span> <span class='ocrx_word' id='word_1_346' title='bbox 1590 2862 1786 2932; x_wconf 74' lang='grc' dir='ltr'>μικρὸν</span> <span class='ocrx_word' id='word_1_347' title='bbox 1813 2862 2000 2934; x_wconf 80' lang='grc' dir='ltr'>κέρας.</span> 
     </span>
    </p>
   </div>
   <div class='ocr_carea' id='block_1_46' title="bbox 277 2945 2004 3024">
    <p class='ocr_par' dir='ltr' id='par_1_46' title="bbox 277 2945 2004 3024">
     <span class='ocr_line' id='line_1_46' title="bbox 277 2945 2004 3024; baseline 0.005 -23"><span class='ocrx_word' id='word_1_348' title='bbox 277 2946 281 2948; x_wconf 66' lang='grc'><strong>’</strong></span> <span class='ocrx_word' id='word_1_349' title='bbox 395 3007 399 3011; x_wconf 93' lang='lat'>_</span> <span class='ocrx_word' id='word_1_350' title='bbox 433 2949 531 3013; x_wconf 81' lang='grc' dir='ltr'>’ος</span> <span class='ocrx_word' id='word_1_351' title='bbox 557 2945 814 3020; x_wconf 74' lang='grc' dir='ltr'>ἐπαρθεὶς</span> <span class='ocrx_word' id='word_1_352' title='bbox 839 2949 1022 3004; x_wconf 79' lang='grc' dir='ltr'>λοιπὸν</span> <span class='ocrx_word' id='word_1_353' title='bbox 1042 2952 1108 3020; x_wconf 80' lang='grc' dir='ltr'>τῇ</span> <span class='ocrx_word' id='word_1_354' title='bbox 1137 2950 1352 3021; x_wconf 73' lang='grc' dir='ltr'>καρδία,</span> <span class='ocrx_word' id='word_1_355' title='bbox 1373 2951 1597 3022; x_wconf 83' lang='grc' dir='ltr'>ἄρχεται</span> <span class='ocrx_word' id='word_1_356' title='bbox 1623 2954 1810 3007; x_wconf 76' lang='grc' dir='ltr'>ἑαυτὸν</span> <span class='ocrx_word' id='word_1_357' title='bbox 1838 2954 2004 3024; x_wconf 72' lang='grc' dir='ltr'>ὑψοῦν</span> 
     </span>
    </p>
   </div>
   <div class='ocr_carea' id='block_1_47' title="bbox 407 3028 2002 3120">
    <p class='ocr_par' dir='ltr' id='par_1_47' title="bbox 407 3028 2002 3120">
     <span class='ocr_line' id='line_1_47' title="bbox 407 3028 2002 3120; baseline 0.005 -26"><span class='ocrx_word' id='word_1_358' title='bbox 407 3041 525 3094; x_wconf 74' lang='grc' dir='ltr'>ικαὶ</span> <span class='ocrx_word' id='word_1_359' title='bbox 551 3028 792 3109; x_wconf 81' lang='grc' dir='ltr'>δοξάζειν</span> <span class='ocrx_word' id='word_1_360' title='bbox 816 3041 893 3120; x_wconf 71' lang='grc' dir='ltr'><strong>ὡς</strong></span> <span class='ocrx_word' id='word_1_361' title='bbox 915 3042 1073 3106; x_wconf 61' lang='grc' dir='ltr'><strong>ΘεὸνδΙ</strong></span> <span class='ocrx_word' id='word_1_362' title='bbox 1095 3041 1304 3097; x_wconf 85' lang='grc' dir='ltr'>διώκων</span> <span class='ocrx_word' id='word_1_363' title='bbox 1330 3044 1454 3106; x_wconf 79' lang='grc' dir='ltr'>τοὺς</span> <span class='ocrx_word' id='word_1_364' title='bbox 1485 3045 1675 3113; x_wconf 81' lang='grc' dir='ltr'>ἁγίους</span> <span class='ocrx_word' id='word_1_365' title='bbox 1693 3084 1707 3109; x_wconf 90' lang='grc'><strong>,</strong></span> <span class='ocrx_word' id='word_1_366' title='bbox 1737 3047 1831 3100; x_wconf 74' lang='grc' dir='ltr'>καὶ</span> <span class='ocrx_word' id='word_1_367' title='bbox 1871 3047 2002 3117; x_wconf 84' lang='grc' dir='ltr'>βλα-</span> 
     </span>
    </p>
   </div>
   <div class='ocr_carea' id='block_1_48' title="bbox 432 3128 2001 3213">
    <p class='ocr_par' dir='ltr' id='par_1_48' title="bbox 432 3128 2001 3213">
     <span class='ocr_line' id='line_1_48' title="bbox 432 3128 2001 3213; baseline 0.004 -27"><span class='ocrx_word' id='word_1_368' title='bbox 432 3134 660 3205; x_wconf 76' lang='grc' dir='ltr'>σφημῶν</span> <span class='ocrx_word' id='word_1_369' title='bbox 687 3128 1049 3213; x_wconf 63' lang='grc' dir='ltr'>τὺνΧριστὺν,</span> <span class='ocrx_word' id='word_1_370' title='bbox 1084 3132 1265 3202; x_wconf 86' lang='grc' dir='ltr'>καθὼς</span> <span class='ocrx_word' id='word_1_371' title='bbox 1297 3135 1443 3202; x_wconf 75' lang='grc' dir='ltr'>λέγει</span> <span class='ocrx_word' id='word_1_372' title='bbox 1472 3137 1670 3209; x_wconf 89' lang='grc' dir='ltr'>Δανιήλ</span> <span class='ocrx_word' id='word_1_373' title='bbox 1693 3154 1707 3168; x_wconf 78' lang='grc' dir='ltr'><strong>ο</strong></span> <span class='ocrx_word' id='word_1_374' title='bbox 1745 3156 1763 3190; x_wconf 74' lang='grc' dir='ltr'><strong>ι</strong></span> <span class='ocrx_word' id='word_1_375' title='bbox 1793 3140 2001 3210; x_wconf 91' lang='grc' dir='ltr'>Προσε-</span> 
     </span>
    </p>
   </div>
   <div class='ocr_carea' id='block_1_49' title="bbox 2103 2036 3684 2108">
    <p class='ocr_par' dir='ltr' id='par_1_49' title="bbox 2103 2036 3684 2108">
     <span class='ocr_line' id='line_1_49' title="bbox 2103 2036 3684 2108; baseline 0.003 -18"><span class='ocrx_word' id='word_1_376' title='bbox 2103 2036 2254 2106; x_wconf 91' lang='lat' dir='ltr'><strong>pluat</strong></span> <span class='ocrx_word' id='word_1_377' title='bbox 2282 2037 2473 2093; x_wconf 91' lang='lat' dir='ltr'><strong>diebus</strong></span> <span class='ocrx_word' id='word_1_378' title='bbox 2501 2039 2799 2108; x_wconf 68' lang='lat' dir='ltr'><strong>prophetiae</strong></span> <span class='ocrx_word' id='word_1_379' title='bbox 2833 2038 3113 2108; x_wconf 90' lang='lat' dir='ltr'><strong>ipsorum:</strong></span> <span class='ocrx_word' id='word_1_380' title='bbox 3151 2046 3206 2093; x_wconf 91' lang='lat' dir='ltr'><strong>et</strong></span> <span class='ocrx_word' id='word_1_381' title='bbox 3234 2047 3552 2108; x_wconf 89' lang='lat' dir='ltr'><strong>potestatem</strong></span> <span class='ocrx_word' id='word_1_382' title='bbox 3586 2039 3684 2094; x_wconf 88' lang='lat' dir='ltr'><strong>ha-</strong></span> 
     </span>
    </p>
   </div>
   <div class='ocr_carea' id='block_1_50' title="bbox 2104 2129 3683 2200">
    <p class='ocr_par' dir='ltr' id='par_1_50' title="bbox 2104 2129 3683 2200">
     <span class='ocr_line' id='line_1_50' title="bbox 2104 2129 3683 2200; baseline 0 -16"><span class='ocrx_word' id='word_1_383' title='bbox 2104 2129 2233 2184; x_wconf 89' lang='lat' dir='ltr'><strong>bent</strong></span> <span class='ocrx_word' id='word_1_384' title='bbox 2259 2144 2422 2200; x_wconf 84' lang='lat' dir='ltr'><strong>super</strong></span> <span class='ocrx_word' id='word_1_385' title='bbox 2449 2145 2642 2200; x_wconf 87' lang='lat' dir='ltr'><strong>aquas,</strong></span> <span class='ocrx_word' id='word_1_386' title='bbox 2671 2131 2912 2186; x_wconf 89' lang='lat' dir='ltr'><strong>vertendi</strong></span> <span class='ocrx_word' id='word_1_387' title='bbox 2948 2146 3041 2186; x_wconf 87' lang='lat' dir='ltr'><strong>eas</strong></span> <span class='ocrx_word' id='word_1_388' title='bbox 3074 2131 3130 2185; x_wconf 92' lang='lat' dir='ltr'><strong>in</strong></span> <span class='ocrx_word' id='word_1_389' title='bbox 3161 2131 3504 2200; x_wconf 74' lang='lat' dir='ltr'><strong>sanguinem,</strong></span> <span class='ocrx_word' id='word_1_390' title='bbox 3539 2139 3595 2186; x_wconf 89' lang='lat' dir='ltr'><strong>et</strong></span> <span class='ocrx_word' id='word_1_391' title='bbox 3623 2139 3683 2184; x_wconf 92' lang='lat' dir='ltr'><strong>ut</strong></span> 
     </span>
    </p>
   </div>
   <div class='ocr_carea' id='block_1_51' title="bbox 2104 2219 3686 2292">
    <p class='ocr_par' dir='ltr' id='par_1_51' title="bbox 2104 2219 3686 2292">
     <span class='ocr_line' id='line_1_51' title="bbox 2104 2219 3686 2292; baseline 0.002 -21"><span class='ocrx_word' id='word_1_392' title='bbox 2104 2226 2304 2274; x_wconf 88' lang='lat' dir='ltr'><strong>terram</strong></span> <span class='ocrx_word' id='word_1_393' title='bbox 2345 2219 2651 2289; x_wconf 90' lang='lat' dir='ltr'><strong>percutiant</strong></span> <span class='ocrx_word' id='word_1_394' title='bbox 2691 2221 2838 2275; x_wconf 90' lang='lat' dir='ltr'><strong>omni</strong></span> <span class='ocrx_word' id='word_1_395' title='bbox 2878 2221 3068 2292; x_wconf 87' lang='lat' dir='ltr'><strong>plaga,</strong></span> <span class='ocrx_word' id='word_1_396' title='bbox 3112 2220 3545 2291; x_wconf 90' lang='lat' dir='ltr'><strong>quotiescunque</strong></span> <span class='ocrx_word' id='word_1_397' title='bbox 3588 2236 3686 2274; x_wconf 87' lang='lat' dir='ltr'><strong>vo-</strong></span> 
     </span>
    </p>
   </div>
   <div class='ocr_carea' id='block_1_52' title="bbox 2103 2311 3686 2384">
    <p class='ocr_par' dir='ltr' id='par_1_52' title="bbox 2103 2311 3686 2384">
     <span class='ocr_line' id='line_1_52' title="bbox 2103 2311 3686 2384; baseline 0.002 -19"><span class='ocrx_word' id='word_1_398' title='bbox 2103 2311 2305 2367; x_wconf 89' lang='lat' dir='ltr'><strong>luerint</strong></span> <span class='ocrx_word' id='word_1_399' title='bbox 2342 2313 2412 2368; x_wconf 82' lang='grc'><strong>⁸⁹.</strong></span> <span class='ocrx_word' id='word_1_400' title='bbox 2464 2331 2484 2364; x_wconf 75' lang='grc' dir='ltr'><strong>ι</strong></span> <span class='ocrx_word' id='word_1_401' title='bbox 2541 2311 2643 2368; x_wconf 90' lang='lat' dir='ltr'><strong>Ubi</strong></span> <span class='ocrx_word' id='word_1_402' title='bbox 2671 2321 2851 2367; x_wconf 88' lang='lat' dir='ltr'><strong>autem</strong></span> <span class='ocrx_word' id='word_1_403' title='bbox 2889 2329 3110 2368; x_wconf 90' lang='lat' dir='ltr'><strong>cursum</strong></span> <span class='ocrx_word' id='word_1_404' title='bbox 3157 2329 3315 2368; x_wconf 92' lang='lat' dir='ltr'><strong>suum</strong></span> <span class='ocrx_word' id='word_1_405' title='bbox 3354 2313 3686 2384; x_wconf 89' lang='lat' dir='ltr'><strong>perfecerint</strong></span> 
     </span>
    </p>
   </div>
   <div class='ocr_carea' id='block_1_53' title="bbox 2104 2389 3684 2474">
    <p class='ocr_par' dir='ltr' id='par_1_53' title="bbox 2104 2389 3684 2474">
     <span class='ocr_line' id='line_1_53' title="bbox 2104 2389 3684 2474; baseline -0.001 -18"><span class='ocrx_word' id='word_1_406' title='bbox 2104 2417 2374 2473; x_wconf 90' lang='lat' dir='ltr'><strong>suumque</strong></span> <span class='ocrx_word' id='word_1_407' title='bbox 2425 2403 2795 2458; x_wconf 91' lang='lat' dir='ltr'><strong>testimonium</strong></span> <span class='ocrx_word' id='word_1_408' title='bbox 2820 2444 2836 2471; x_wconf 92' lang='lat'><strong>,</strong></span> <span class='ocrx_word' id='word_1_409' title='bbox 2896 2404 3156 2474; x_wconf 89' lang='lat' dir='ltr'><strong>quidnam</strong></span> <span class='ocrx_word' id='word_1_410' title='bbox 3201 2403 3333 2458; x_wconf 85' lang='lat' dir='ltr'><strong>dicit</strong></span> <span class='ocrx_word' id='word_1_411' title='bbox 3375 2389 3684 2473; x_wconf 65' lang='lat' dir='ltr'><strong>propheta?</strong></span> 
     </span>
    </p>
   </div>
   <div class='ocr_carea' id='block_1_54' title="bbox 2111 2497 3684 2570">
    <p class='ocr_par' dir='ltr' id='par_1_54' title="bbox 2111 2497 3684 2570">
     <span class='ocr_line' id='line_1_54' title="bbox 2111 2497 3684 2570; baseline 0 -19"><span class='ocrx_word' id='word_1_412' title='bbox 2111 2517 2132 2551; x_wconf 87' lang='grc'><em>‹</em></span> <span class='ocrx_word' id='word_1_413' title='bbox 2167 2498 2347 2554; x_wconf 84' lang='lat' dir='ltr'><strong>Bestia</strong></span> <span class='ocrx_word' id='word_1_414' title='bbox 2383 2514 2506 2569; x_wconf 83' lang='lat' dir='ltr'><strong>quae</strong></span> <span class='ocrx_word' id='word_1_415' title='bbox 2547 2499 2791 2554; x_wconf 85' lang='lat' dir='ltr'><strong>ascendit</strong></span> <span class='ocrx_word' id='word_1_416' title='bbox 2831 2499 2898 2553; x_wconf 92' lang='lat' dir='ltr'><strong>de</strong></span> <span class='ocrx_word' id='word_1_417' title='bbox 2928 2499 3146 2570; x_wconf 90' lang='lat' dir='ltr'><strong>abysso,</strong></span> <span class='ocrx_word' id='word_1_418' title='bbox 3206 2497 3368 2553; x_wconf 82' lang='lat' dir='ltr'><strong>faciet</strong></span> <span class='ocrx_word' id='word_1_419' title='bbox 3421 2498 3684 2552; x_wconf 87' lang='lat' dir='ltr'><strong>adversus</strong></span> 
     </span>
    </p>
   </div>
   <div class='ocr_carea' id='block_1_55' title="bbox 2104 2589 3678 2658">
    <p class='ocr_par' dir='ltr' id='par_1_55' title="bbox 2104 2589 3678 2658">
     <span class='ocr_line' id='line_1_55' title="bbox 2104 2589 3678 2658; baseline -0.007 -7"><span class='ocrx_word' id='word_1_420' title='bbox 2104 2609 2198 2650; x_wconf 88' lang='lat' dir='ltr'><strong>eos</strong></span> <span class='ocrx_word' id='word_1_421' title='bbox 2239 2593 2462 2658; x_wconf 88' lang='lat' dir='ltr'><strong>bellum,</strong></span> <span class='ocrx_word' id='word_1_422' title='bbox 2498 2600 2554 2646; x_wconf 90' lang='lat' dir='ltr'><strong>et</strong></span> <span class='ocrx_word' id='word_1_423' title='bbox 2583 2592 2765 2646; x_wconf 82' lang='lat' dir='ltr'><strong>vincet</strong></span> <span class='ocrx_word' id='word_1_424' title='bbox 2810 2592 2966 2655; x_wconf 89' lang='lat' dir='ltr'><strong>illos,</strong></span> <span class='ocrx_word' id='word_1_425' title='bbox 3018 2601 3072 2647; x_wconf 87' lang='lat' dir='ltr'><strong>et</strong></span> <span class='ocrx_word' id='word_1_426' title='bbox 3113 2590 3326 2645; x_wconf 81' lang='lat' dir='ltr'><strong>occidet</strong></span> <span class='ocrx_word' id='word_1_427' title='bbox 3377 2590 3499 2644; x_wconf 91' lang='lat' dir='ltr'><strong>illos</strong></span> <span class='ocrx_word' id='word_1_428' title='bbox 3548 2589 3624 2652; x_wconf 73' lang='grc' dir='ltr'><strong>θος</strong></span> <span class='ocrx_word' id='word_1_429' title='bbox 3659 2607 3678 2640; x_wconf 72' lang='grc' dir='ltr'><strong>ι</strong></span> 
     </span>
    </p>
   </div>
   <div class='ocr_carea' id='block_1_56' title="bbox 2103 2683 3680 2757">
    <p class='ocr_par' dir='ltr' id='par_1_56' title="bbox 2103 2683 3680 2757">
     <span class='ocr_line' id='line_1_56' title="bbox 2103 2683 3680 2757; baseline -0.002 -16"><span class='ocrx_word' id='word_1_430' title='bbox 2103 2686 2246 2757; x_wconf 92' lang='lat' dir='ltr'><strong>quod</strong></span> <span class='ocrx_word' id='word_1_431' title='bbox 2278 2686 2536 2740; x_wconf 89' lang='lat' dir='ltr'><strong>nimirum</strong></span> <span class='ocrx_word' id='word_1_432' title='bbox 2585 2685 2876 2739; x_wconf 90' lang='lat' dir='ltr'><strong>noluerunt</strong></span> <span class='ocrx_word' id='word_1_433' title='bbox 2901 2685 3030 2740; x_wconf 90' lang='lat' dir='ltr'><strong>dare</strong></span> <span class='ocrx_word' id='word_1_434' title='bbox 3064 2683 3290 2754; x_wconf 83' lang='lat' dir='ltr'><strong>gloriam</strong></span> <span class='ocrx_word' id='word_1_435' title='bbox 3323 2683 3680 2738; x_wconf 83' lang='lat' dir='ltr'><strong>Antichristo.</strong></span> 
     </span>
    </p>
   </div>
   <div class='ocr_carea' id='block_1_57' title="bbox 2105 2777 3681 2846">
    <p class='ocr_par' dir='ltr' id='par_1_57' title="bbox 2105 2777 3681 2846">
     <span class='ocr_line' id='line_1_57' title="bbox 2105 2777 3681 2846; baseline -0.001 -13"><span class='ocrx_word' id='word_1_436' title='bbox 2105 2779 2218 2834; x_wconf 82' lang='lat' dir='ltr'><strong>Hoc</strong></span> <span class='ocrx_word' id='word_1_437' title='bbox 2260 2778 2402 2832; x_wconf 92' lang='lat' dir='ltr'><strong>enim</strong></span> <span class='ocrx_word' id='word_1_438' title='bbox 2466 2790 2552 2832; x_wconf 89' lang='lat' dir='ltr'><strong>est</strong></span> <span class='ocrx_word' id='word_1_439' title='bbox 2607 2793 2775 2832; x_wconf 88' lang='lat' dir='ltr'><strong>cornu</strong></span> <span class='ocrx_word' id='word_1_440' title='bbox 2830 2777 2958 2831; x_wconf 91' lang='lat' dir='ltr'><strong>illud</strong></span> <span class='ocrx_word' id='word_1_441' title='bbox 3022 2791 3248 2846; x_wconf 88' lang='lat' dir='ltr'><strong>parvum</strong></span> <span class='ocrx_word' id='word_1_442' title='bbox 3313 2791 3681 2831; x_wconf 87' lang='lat' dir='ltr'><strong>succrescens.</strong></span> 
     </span>
    </p>
   </div>
   <div class='ocr_carea' id='block_1_58' title="bbox 2103 2862 3684 2935">
    <p class='ocr_par' dir='ltr' id='par_1_58' title="bbox 2103 2862 3684 2935">
     <span class='ocr_line' id='line_1_58' title="bbox 2103 2862 3684 2935; baseline -0.003 -15"><span class='ocrx_word' id='word_1_443' title='bbox 2103 2865 2155 2922; x_wconf 87' lang='lat' dir='ltr'><strong>Is</strong></span> <span class='ocrx_word' id='word_1_444' title='bbox 2203 2880 2438 2935; x_wconf 90' lang='lat' dir='ltr'><strong>namque</strong></span> <span class='ocrx_word' id='word_1_445' title='bbox 2461 2864 2575 2934; x_wconf 91' lang='lat' dir='ltr'><strong>jam</strong></span> <span class='ocrx_word' id='word_1_446' title='bbox 2606 2865 2780 2919; x_wconf 89' lang='lat' dir='ltr'><strong>elatus</strong></span> <span class='ocrx_word' id='word_1_447' title='bbox 2827 2864 3018 2930; x_wconf 91' lang='lat' dir='ltr'><strong>corde,</strong></span> <span class='ocrx_word' id='word_1_448' title='bbox 3052 2862 3291 2933; x_wconf 82' lang='lat' dir='ltr'><strong>seipsum</strong></span> <span class='ocrx_word' id='word_1_449' title='bbox 3323 2863 3562 2917; x_wconf 79' lang='lat' dir='ltr'><strong>exaltare</strong></span> <span class='ocrx_word' id='word_1_450' title='bbox 3596 2862 3684 2916; x_wconf 89' lang='lat' dir='ltr'><strong>in-</strong></span> 
     </span>
    </p>
   </div>
   <div class='ocr_carea' id='block_1_59' title="bbox 2104 2956 3684 3028">
    <p class='ocr_par' dir='ltr' id='par_1_59' title="bbox 2104 2956 3684 3028">
     <span class='ocr_line' id='line_1_59' title="bbox 2104 2956 3684 3028; baseline -0.003 -14"><span class='ocrx_word' id='word_1_451' title='bbox 2104 2958 2265 3028; x_wconf 90' lang='lat' dir='ltr'><strong>cipiet</strong></span> <span class='ocrx_word' id='word_1_452' title='bbox 2291 2967 2344 3012; x_wconf 91' lang='lat' dir='ltr'><strong>et</strong></span> <span class='ocrx_word' id='word_1_453' title='bbox 2371 2965 2428 3012; x_wconf 90' lang='lat' dir='ltr'><strong>ut</strong></span> <span class='ocrx_word' id='word_1_454' title='bbox 2456 2957 2624 3011; x_wconf 89' lang='lat' dir='ltr'><strong>Deum</strong></span> <span class='ocrx_word' id='word_1_455' title='bbox 2650 2956 2974 3026; x_wconf 80' lang='lat' dir='ltr'><strong>gloriﬁcare,</strong></span> <span class='ocrx_word' id='word_1_456' title='bbox 3010 2971 3339 3026; x_wconf 87' lang='lat' dir='ltr'><strong>persequens</strong></span> <span class='ocrx_word' id='word_1_457' title='bbox 3369 2963 3588 3010; x_wconf 91' lang='lat' dir='ltr'><strong>sanctos</strong></span> <span class='ocrx_word' id='word_1_458' title='bbox 3621 2970 3684 3009; x_wconf 91' lang='lat' dir='ltr'><strong>ac</strong></span> 
     </span>
    </p>
   </div>
   <div class='ocr_carea' id='block_1_60' title="bbox 2103 3043 3678 3117">
    <p class='ocr_par' dir='ltr' id='par_1_60' title="bbox 2103 3043 3678 3117">
     <span class='ocr_line' id='line_1_60' title="bbox 2103 3043 3678 3117; baseline -0.004 -13"><span class='ocrx_word' id='word_1_459' title='bbox 2103 3048 2384 3104; x_wconf 85' lang='lat' dir='ltr'><strong>Christum</strong></span> <span class='ocrx_word' id='word_1_460' title='bbox 2411 3047 2828 3117; x_wconf 89' lang='lat' dir='ltr'><strong>blasphemans,</strong></span> <span class='ocrx_word' id='word_1_461' title='bbox 2860 3045 3318 3115; x_wconf 88' lang='lat' dir='ltr'><strong>quemadmodum</strong></span> <span class='ocrx_word' id='word_1_462' title='bbox 3349 3045 3424 3098; x_wconf 88' lang='lat' dir='ltr'><strong>ait</strong></span> <span class='ocrx_word' id='word_1_463' title='bbox 3457 3043 3678 3099; x_wconf 85' lang='lat' dir='ltr'><strong>Daniel:</strong></span> 
     </span>
    </p>
   </div>
   <div class='ocr_carea' id='block_1_61' title="bbox 2109 3135 3683 3204">
    <p class='ocr_par' dir='ltr' id='par_1_61' title="bbox 2109 3135 3683 3204">
     <span class='ocr_line' id='line_1_61' title="bbox 2109 3135 3683 3204; baseline -0.002 -13"><span class='ocrx_word' id='word_1_464' title='bbox 2109 3157 2129 3191; x_wconf 81' lang='grc' dir='ltr'><strong>ι</strong></span> <span class='ocrx_word' id='word_1_465' title='bbox 2164 3138 2230 3193; x_wconf 85' lang='grc' dir='ltr'><strong>Ει</strong></span> <span class='ocrx_word' id='word_1_466' title='bbox 2270 3137 2683 3192; x_wconf 84' lang='lat' dir='ltr'><strong>considerabam</strong></span> <span class='ocrx_word' id='word_1_467' title='bbox 2731 3151 2936 3201; x_wconf 89' lang='lat' dir='ltr'><strong>cornu;</strong></span> <span class='ocrx_word' id='word_1_468' title='bbox 2977 3144 3030 3190; x_wconf 88' lang='lat' dir='ltr'><strong>et</strong></span> <span class='ocrx_word' id='word_1_469' title='bbox 3071 3150 3196 3190; x_wconf 89' lang='lat' dir='ltr'><strong>ecce</strong></span> <span class='ocrx_word' id='word_1_470' title='bbox 3235 3135 3378 3190; x_wconf 90' lang='lat' dir='ltr'><strong>oculi</strong></span> <span class='ocrx_word' id='word_1_471' title='bbox 3422 3143 3683 3204; x_wconf 88' lang='lat' dir='ltr'><strong>tanquam</strong></span> 
     </span>
    </p>
   </div>
   <div class='ocr_carea' id='block_1_62' title="bbox 429 3221 2003 3328">
    <p class='ocr_par' dir='ltr' id='par_1_62' title="bbox 429 3221 2001 3301">
     <span class='ocr_line' id='line_1_62' title="bbox 429 3221 2001 3301; baseline 0.005 -26"><span class='ocrx_word' id='word_1_472' title='bbox 429 3223 581 3276; x_wconf 90' lang='grc' dir='ltr'>νόουν</span> <span class='ocrx_word' id='word_1_473' title='bbox 609 3224 936 3296; x_wconf 76' lang='grc' dir='ltr'>τῷκὲρατι,</span> <span class='ocrx_word' id='word_1_474' title='bbox 967 3225 1061 3278; x_wconf 81' lang='grc' dir='ltr'>καὶ</span> <span class='ocrx_word' id='word_1_475' title='bbox 1090 3225 1198 3279; x_wconf 83' lang='grc' dir='ltr'>ίδοὺ</span> <span class='ocrx_word' id='word_1_476' title='bbox 1239 3221 1506 3298; x_wconf 61' lang='grc' dir='ltr'>ὀᾷθαλμοὶ</span> <span class='ocrx_word' id='word_1_477' title='bbox 1535 3227 1668 3281; x_wconf 82' lang='grc' dir='ltr'>ὡσεὶ</span> <span class='ocrx_word' id='word_1_478' title='bbox 1713 3228 2001 3301; x_wconf 86' lang='grc' dir='ltr'>ἀνθρώπου</span> 
     </span>
    </p>
   </div>
   <div class='ocr_carea' id='block_1_63' title="bbox 2102 3221 3686 3328">
    <p class='ocr_par' dir='ltr' id='par_1_63' title="bbox 2105 3229 3686 3299">
     <span class='ocr_line' id='line_1_63' title="bbox 2105 3229 3686 3299; baseline -0.004 -11"><span class='ocrx_word' id='word_1_479' title='bbox 2105 3233 2343 3288; x_wconf 89' lang='lat' dir='ltr'><strong>hominis</strong></span> <span class='ocrx_word' id='word_1_480' title='bbox 2373 3233 2425 3286; x_wconf 93' lang='lat' dir='ltr'><strong>in</strong></span> <span class='ocrx_word' id='word_1_481' title='bbox 2461 3248 2652 3296; x_wconf 90' lang='lat' dir='ltr'><strong>cornu,</strong></span> <span class='ocrx_word' id='word_1_482' title='bbox 2681 3239 2735 3285; x_wconf 90' lang='lat' dir='ltr'><strong>et</strong></span> <span class='ocrx_word' id='word_1_483' title='bbox 2761 3246 2825 3285; x_wconf 90' lang='lat' dir='ltr'><strong>os</strong></span> <span class='ocrx_word' id='word_1_484' title='bbox 2850 3231 3077 3299; x_wconf 90' lang='lat' dir='ltr'><strong>loquens</strong></span> <span class='ocrx_word' id='word_1_485' title='bbox 3100 3229 3343 3298; x_wconf 80' lang='lat' dir='ltr'><strong>grandia.</strong></span> <span class='ocrx_word' id='word_1_486' title='bbox 3381 3229 3443 3281; x_wconf 90' lang='lat' dir='ltr'><strong>Et</strong></span> <span class='ocrx_word' id='word_1_487' title='bbox 3472 3229 3686 3297; x_wconf 87' lang='lat' dir='ltr'><strong>aperuit</strong></span> 
     </span>
    </p>
   </div>
   <div class='ocr_carea' id='block_1_64' title="bbox 428 3484 2003 3572">
    <p class='ocr_par' dir='ltr' id='par_1_64' title="bbox 428 3484 2003 3572">
     <span class='ocr_line' id='line_1_64' title="bbox 428 3484 2003 3572; baseline 0.005 -24"><span class='ocrx_word' id='word_1_488' title='bbox 428 3494 494 3572; x_wconf 63' lang='grc' dir='ltr'><strong>τρ</strong></span> <span class='ocrx_word' id='word_1_489' title='bbox 510 3495 684 3567; x_wconf 84' lang='grc' dir='ltr'>-κέρας</span> <span class='ocrx_word' id='word_1_490' title='bbox 712 3487 887 3549; x_wconf 81' lang='grc' dir='ltr'>ἐκεῖνο</span> <span class='ocrx_word' id='word_1_491' title='bbox 918 3496 1090 3552; x_wconf 80' lang='grc' dir='ltr'>ἐποίει</span> <span class='ocrx_word' id='word_1_492' title='bbox 1119 3496 1352 3568; x_wconf 85' lang='grc' dir='ltr'>πόλεμον</span> <span class='ocrx_word' id='word_1_493' title='bbox 1383 3484 1653 3570; x_wconf 61' lang='grc' dir='ltr'>μετᾶσῶν</span> <span class='ocrx_word' id='word_1_494' title='bbox 1685 3501 1877 3569; x_wconf 87' lang='grc' dir='ltr'>ἁγίων,</span> <span class='ocrx_word' id='word_1_495' title='bbox 1907 3502 2003 3557; x_wconf 65' lang='grc' dir='ltr'><strong>καὶ⁴</strong></span> 
     </span>
    </p>
   </div>
   <div class='ocr_carea' id='block_1_65' title="bbox 389 3587 2003 3667">
    <p class='ocr_par' dir='ltr' id='par_1_65' title="bbox 389 3587 2003 3667">
     <span class='ocr_line' id='line_1_65' title="bbox 389 3587 2003 3667; baseline 0.004 -27"><span class='ocrx_word' id='word_1_496' title='bbox 389 3620 399 3626; x_wconf 60' lang='grc' dir='ltr'><em>α</em></span> <span class='ocrx_word' id='word_1_497' title='bbox 429 3587 628 3662; x_wconf 42' lang='grc' dir='ltr'>ῐσχυσε,</span> <span class='ocrx_word' id='word_1_498' title='bbox 643 3589 780 3661; x_wconf 82' lang='grc' dir='ltr'>πρὸς</span> <span class='ocrx_word' id='word_1_499' title='bbox 797 3589 1015 3655; x_wconf 78' lang='grc' dir='ltr'>αὐτοὺς,</span> <span class='ocrx_word' id='word_1_500' title='bbox 1042 3589 1160 3654; x_wconf 76' lang='grc' dir='ltr'>ἕως</span> <span class='ocrx_word' id='word_1_501' title='bbox 1174 3589 1240 3644; x_wconf 85' lang='grc' dir='ltr'>ἂν</span> <span class='ocrx_word' id='word_1_502' title='bbox 1269 3591 1511 3663; x_wconf 85' lang='grc' dir='ltr'>ἀνῃρέθη</span> <span class='ocrx_word' id='word_1_503' title='bbox 1539 3593 1601 3646; x_wconf 85' lang='grc' dir='ltr'>τὸ</span> <span class='ocrx_word' id='word_1_504' title='bbox 1629 3594 1818 3667; x_wconf 83' lang='grc' dir='ltr'>θηρίον</span> <span class='ocrx_word' id='word_1_505' title='bbox 1841 3636 1856 3662; x_wconf 92' lang='grc'><strong>,</strong></span> <span class='ocrx_word' id='word_1_506' title='bbox 1909 3596 2003 3649; x_wconf 78' lang='grc' dir='ltr'>καὶ</span> 
     </span>
    </p>
   </div>
   <div class='ocr_carea' id='block_1_66' title="bbox 428 3677 2002 3759">
    <p class='ocr_par' dir='ltr' id='par_1_66' title="bbox 428 3677 2002 3759">
     <span class='ocr_line' id='line_1_66' title="bbox 428 3677 2002 3759; baseline 0.004 -25"><span class='ocrx_word' id='word_1_507' title='bbox 428 3680 708 3746; x_wconf 82' lang='grc' dir='ltr'>ἀπώλετο,</span> <span class='ocrx_word' id='word_1_508' title='bbox 736 3681 830 3736; x_wconf 75' lang='grc' dir='ltr'>καὶ</span> <span class='ocrx_word' id='word_1_509' title='bbox 855 3681 920 3734; x_wconf 83' lang='grc' dir='ltr'>τὸ</span> <span class='ocrx_word' id='word_1_510' title='bbox 949 3680 1109 3753; x_wconf 87' lang='grc' dir='ltr'>σῶμα</span> <span class='ocrx_word' id='word_1_511' title='bbox 1136 3681 1301 3735; x_wconf 83' lang='grc' dir='ltr'>αὐτοῦ</span> <span class='ocrx_word' id='word_1_512' title='bbox 1347 3683 1502 3754; x_wconf 84' lang='grc' dir='ltr'>ἐδόθη</span> <span class='ocrx_word' id='word_1_513' title='bbox 1525 3677 1637 3750; x_wconf 68' lang='grc' dir='ltr'>,είς</span> <span class='ocrx_word' id='word_1_514' title='bbox 1670 3685 1866 3759; x_wconf 80' lang='grc' dir='ltr'>καῦσιν</span> <span class='ocrx_word' id='word_1_515' title='bbox 1898 3705 2002 3740; x_wconf 76' lang='grc' dir='ltr'>πυο</span> 
     </span>
    </p>
   </div>
   <div class='ocr_carea' id='block_1_67' title="bbox 288 3770 678 3857">
    <p class='ocr_par' dir='ltr' id='par_1_67' title="bbox 288 3770 678 3857">
     <span class='ocr_line' id='line_1_67' title="bbox 288 3770 678 3857; baseline 0.013 -37"><span class='ocrx_word' id='word_1_516' title='bbox 288 3799 294 3820; x_wconf 86' lang='grc' dir='ltr'><strong>ι</strong></span> <span class='ocrx_word' id='word_1_517' title='bbox 429 3770 540 3857; x_wconf 75' lang='grc' dir='ltr'>ρός.</span> <span class='ocrx_word' id='word_1_518' title='bbox 581 3789 600 3822; x_wconf 72' lang='grc' dir='ltr'><strong>ι</strong></span> <span class='ocrx_word' id='word_1_519' title='bbox 674 3816 678 3825; x_wconf 97' lang='grc'>.</span> 
     </span>
    </p>
   </div>
   <div class='ocr_carea' id='block_1_68' title="bbox 508 3861 2003 3941">
    <p class='ocr_par' dir='ltr' id='par_1_68' title="bbox 508 3861 2003 3941">
     <span class='ocr_line' id='line_1_68' title="bbox 508 3861 2003 3941; baseline 0.037 -29"><span class='ocrx_word' id='word_1_520' title='bbox 508 3861 646 3941; x_wconf 60' lang='grc' dir='ltr'>Ἀλλ’</span> <span class='ocrx_word' id='word_1_521' title='bbox 678 3862 799 3915; x_wconf 80' lang='grc' dir='ltr'>ἐπεὶ</span> <span class='ocrx_word' id='word_1_522' title='bbox 827 3863 908 3916; x_wconf 82' lang='grc' dir='ltr'><strong>δεῖ</strong></span> <span class='ocrx_word' id='word_1_523' title='bbox 933 3861 1426 3937; x_wconf 78' lang='grc' dir='ltr'>λεπτομερέστερον</span> <span class='ocrx_word' id='word_1_524' title='bbox 1463 3866 1590 3938; x_wconf 67' lang='grc' dir='ltr'><strong>περ’ι</strong></span> <span class='ocrx_word' id='word_1_525' title='bbox 1617 3866 1781 3922; x_wconf 65' lang='grc' dir='ltr'>αὐτοῦ</span> <span class='ocrx_word' id='word_1_526' title='bbox 1812 3868 2003 3941; x_wconf 68' lang='grc' dir='ltr'><strong>διηγή“</strong></span> 
     </span>
    </p>
   </div>
   <div class='ocr_carea' id='block_1_69' title="bbox 382 3935 2003 4029">
    <p class='ocr_par' dir='ltr' id='par_1_69' title="bbox 382 3935 2003 4029">
     <span class='ocr_line' id='line_1_69' title="bbox 382 3935 2003 4029; baseline 0.004 -23"><span class='ocrx_word' id='word_1_527' title='bbox 382 4002 386 4006; x_wconf 82' lang='lat'><strong>.</strong></span> <span class='ocrx_word' id='word_1_528' title='bbox 429 3935 644 4015; x_wconf 60' lang='grc' dir='ltr'>σασθαί,</span> <span class='ocrx_word' id='word_1_529' title='bbox 671 3952 789 4016; x_wconf 85' lang='grc' dir='ltr'><strong>πῶς</strong></span> <span class='ocrx_word' id='word_1_530' title='bbox 807 3969 867 4006; x_wconf 87' lang='grc' dir='ltr'><strong>τε</strong></span> <span class='ocrx_word' id='word_1_531' title='bbox 889 3952 950 4005; x_wconf 84' lang='grc' dir='ltr'>τὸ</span> <span class='ocrx_word' id='word_1_532' title='bbox 979 3953 1130 4021; x_wconf 80' lang='grc' dir='ltr'>ἀγιον</span> <span class='ocrx_word' id='word_1_533' title='bbox 1150 3935 1392 4026; x_wconf 69' lang='grc' dir='ltr'>ίΠνεῦμα</span> <span class='ocrx_word' id='word_1_534' title='bbox 1423 3955 1488 4009; x_wconf 87' lang='grc' dir='ltr'><strong>δι’</strong></span> <span class='ocrx_word' id='word_1_535' title='bbox 1525 3935 1759 4029; x_wconf 86' lang='grc' dir='ltr'>ἀριθμοῦ</span> <span class='ocrx_word' id='word_1_536' title='bbox 1801 3935 2003 4013; x_wconf 28' lang='grc' dir='ltr'>καί-τὺ</span> 
     </span>
    </p>
   </div>
   <div class='ocr_carea' id='block_1_70' title="bbox 425 4031 2004 4122">
    <p class='ocr_par' dir='ltr' id='par_1_70' title="bbox 425 4031 2004 4122">
     <span class='ocr_line' id='line_1_70' title="bbox 425 4031 2004 4122; baseline 0.006 -28"><span class='ocrx_word' id='word_1_537' title='bbox 425 4041 596 4112; x_wconf 71' lang='grc' dir='ltr'>ὄνομα</span> <span class='ocrx_word' id='word_1_538' title='bbox 617 4042 779 4096; x_wconf 88' lang='grc' dir='ltr'>αὐτοῦ</span> <span class='ocrx_word' id='word_1_539' title='bbox 811 4043 1088 4115; x_wconf 73' lang='grc' dir='ltr'>μυστικῷς</span> <span class='ocrx_word' id='word_1_540' title='bbox 1113 4043 1370 4115; x_wconf 91' lang='grc' dir='ltr'>ἐδήλωσε,</span> <span class='ocrx_word' id='word_1_541' title='bbox 1403 4031 1738 4119; x_wconf 79' lang='grc' dir='ltr'>σαφέστερον</span> <span class='ocrx_word' id='word_1_542' title='bbox 1781 4048 1849 4102; x_wconf 84' lang='grc' dir='ltr'>τὰ</span> <span class='ocrx_word' id='word_1_543' title='bbox 1876 4049 2004 4122; x_wconf 81' lang='grc' dir='ltr'>περὶ</span> 
     </span>
    </p>
   </div>
   <div class='ocr_carea' id='block_1_71' title="bbox 426 4133 2004 4210">
    <p class='ocr_par' dir='ltr' id='par_1_71' title="bbox 426 4133 2004 4210">
     <span class='ocr_line' id='line_1_71' title="bbox 426 4133 2004 4210; baseline 0.004 -24"><span class='ocrx_word' id='word_1_544' title='bbox 426 4133 592 4187; x_wconf 85' lang='grc' dir='ltr'>αὑτοῦ</span> <span class='ocrx_word' id='word_1_545' title='bbox 611 4133 996 4206; x_wconf 84' lang='grc' dir='ltr'>διηγησόμεθα.</span> <span class='ocrx_word' id='word_1_546' title='bbox 1023 4135 1184 4205; x_wconf 80' lang='grc' dir='ltr'>Λέγει</span> <span class='ocrx_word' id='word_1_547' title='bbox 1215 4136 1324 4208; x_wconf 82' lang='grc' dir='ltr'><strong>γὰρ</strong></span> <span class='ocrx_word' id='word_1_548' title='bbox 1347 4136 1599 4210; x_wconf 86' lang='grc' dir='ltr'>Ἰωάννης</span> <span class='ocrx_word' id='word_1_549' title='bbox 1621 4137 1790 4204; x_wconf 81' lang='grc' dir='ltr'>οὕτως</span> <span class='ocrx_word' id='word_1_550' title='bbox 1808 4156 1822 4170; x_wconf 89' lang='grc'><strong>·</strong></span> <span class='ocrx_word' id='word_1_551' title='bbox 1849 4158 1867 4192; x_wconf 77' lang='grc' dir='ltr'><strong>ι</strong></span> <span class='ocrx_word' id='word_1_552' title='bbox 1892 4140 2004 4194; x_wconf 76' lang='grc' dir='ltr'><strong>Καὶ</strong></span> 
     </span>
    </p>
   </div>
   <div class='ocr_carea' id='block_1_72' title="bbox 425 4220 2004 4304">
    <p class='ocr_par' dir='ltr' id='par_1_72' title="bbox 425 4220 2004 4304">
     <span class='ocr_line' id='line_1_72' title="bbox 425 4220 2004 4304; baseline 0.004 -26"><span class='ocrx_word' id='word_1_553' title='bbox 425 4220 566 4278; x_wconf 79' lang='grc' dir='ltr'>εἶδον</span> <span class='ocrx_word' id='word_1_554' title='bbox 592 4224 721 4280; x_wconf 74' lang='grc' dir='ltr'>ἄλλο</span> <span class='ocrx_word' id='word_1_555' title='bbox 749 4224 936 4298; x_wconf 87' lang='grc' dir='ltr'>θηρίον</span> <span class='ocrx_word' id='word_1_556' title='bbox 963 4225 1251 4281; x_wconf 87' lang='grc' dir='ltr'>ἀναϐαῖνον</span> <span class='ocrx_word' id='word_1_557' title='bbox 1279 4229 1345 4282; x_wconf 92' lang='grc' dir='ltr'><strong>ἐκ</strong></span> <span class='ocrx_word' id='word_1_558' title='bbox 1367 4229 1466 4304; x_wconf 80' lang='grc' dir='ltr'>τῆς</span> <span class='ocrx_word' id='word_1_559' title='bbox 1493 4229 1620 4301; x_wconf 80' lang='grc' dir='ltr'>γῆς,</span> <span class='ocrx_word' id='word_1_560' title='bbox 1646 4230 1741 4284; x_wconf 87' lang='grc' dir='ltr'>καὶ</span> <span class='ocrx_word' id='word_1_561' title='bbox 1771 4226 1886 4303; x_wconf 84' lang='grc' dir='ltr'>εῐχε</span> <span class='ocrx_word' id='word_1_562' title='bbox 1911 4231 2004 4286; x_wconf 88' lang='grc' dir='ltr'>κέ-</span> 
     </span>
    </p>
   </div>
   <div class='ocr_carea' id='block_1_73' title="bbox 429 4316 2004 4392">
    <p class='ocr_par' dir='ltr' id='par_1_73' title="bbox 429 4316 2004 4392">
     <span class='ocr_line' id='line_1_73' title="bbox 429 4316 2004 4392; baseline 0.004 -22"><span class='ocrx_word' id='word_1_563' title='bbox 429 4333 568 4388; x_wconf 87' lang='grc' dir='ltr'>ρατα</span> <span class='ocrx_word' id='word_1_564' title='bbox 596 4316 690 4371; x_wconf 83' lang='grc' dir='ltr'>δύο</span> <span class='ocrx_word' id='word_1_565' title='bbox 713 4355 731 4382; x_wconf 91' lang='grc'><strong>,</strong></span> <span class='ocrx_word' id='word_1_566' title='bbox 779 4317 942 4390; x_wconf 83' lang='grc' dir='ltr'>ὃμοια</span> <span class='ocrx_word' id='word_1_567' title='bbox 967 4318 1158 4392; x_wconf 83' lang='grc' dir='ltr'>ἀρνίῳ,</span> <span class='ocrx_word' id='word_1_568' title='bbox 1190 4320 1288 4374; x_wconf 81' lang='grc' dir='ltr'>καὶ</span> <span class='ocrx_word' id='word_1_569' title='bbox 1307 4319 1487 4375; x_wconf 83' lang='grc' dir='ltr'>ἐλάλει</span> <span class='ocrx_word' id='word_1_570' title='bbox 1515 4321 1591 4386; x_wconf 89' lang='grc' dir='ltr'>ὡς</span> <span class='ocrx_word' id='word_1_571' title='bbox 1614 4321 1850 4392; x_wconf 86' lang='grc' dir='ltr'>δράκων.</span> <span class='ocrx_word' id='word_1_572' title='bbox 1891 4323 2004 4378; x_wconf 80' lang='lat' dir='ltr'><strong>Kal</strong></span> 
     </span>
    </p>
   </div>
   <div class='ocr_carea' id='block_1_74' title="bbox 425 4407 2002 4482">
    <p class='ocr_par' dir='ltr' id='par_1_74' title="bbox 425 4407 2002 4482">
     <span class='ocr_line' id='line_1_74' title="bbox 425 4407 2002 4482; baseline 0.003 -21"><span class='ocrx_word' id='word_1_573' title='bbox 425 4408 524 4480; x_wconf 79' lang='grc' dir='ltr'><strong>τήν</strong></span> <span class='ocrx_word' id='word_1_574' title='bbox 544 4407 792 4476; x_wconf 79' lang='grc' dir='ltr'>ἐξουσίαν</span> <span class='ocrx_word' id='word_1_575' title='bbox 815 4407 910 4462; x_wconf 89' lang='grc' dir='ltr'><strong>τοῦ</strong></span> <span class='ocrx_word' id='word_1_576' title='bbox 927 4409 1142 4482; x_wconf 86' lang='grc' dir='ltr'>πρώτου</span> <span class='ocrx_word' id='word_1_577' title='bbox 1165 4409 1355 4482; x_wconf 86' lang='grc' dir='ltr'>θηρίου</span> <span class='ocrx_word' id='word_1_578' title='bbox 1381 4412 1561 4465; x_wconf 78' lang='grc' dir='ltr'>πᾶσαν</span> <span class='ocrx_word' id='word_1_579' title='bbox 1577 4411 1750 4466; x_wconf 86' lang='grc' dir='ltr'>ἐποίει</span> <span class='ocrx_word' id='word_1_580' title='bbox 1773 4411 2002 4466; x_wconf 85' lang='grc' dir='ltr'>ἐνώπιον</span> 
     </span>
    </p>
   </div>
   <div class='ocr_carea' id='block_1_75' title="bbox 411 4487 2004 4575">
    <p class='ocr_par' dir='ltr' id='par_1_75' title="bbox 411 4487 2004 4575">
     <span class='ocr_line' id='line_1_75' title="bbox 411 4487 2004 4575; baseline 0.004 -24"><span class='ocrx_word' id='word_1_581' title='bbox 411 4487 614 4564; x_wconf 80' lang='grc' dir='ltr'>ἀὺτοῦ,</span> <span class='ocrx_word' id='word_1_582' title='bbox 643 4498 737 4553; x_wconf 75' lang='grc' dir='ltr'>καὶ</span> <span class='ocrx_word' id='word_1_583' title='bbox 763 4497 937 4552; x_wconf 83' lang='grc' dir='ltr'>ἐποίει</span> <span class='ocrx_word' id='word_1_584' title='bbox 967 4500 1071 4572; x_wconf 82' lang='grc' dir='ltr'><strong>τὴν</strong></span> <span class='ocrx_word' id='word_1_585' title='bbox 1100 4500 1204 4571; x_wconf 83' lang='grc' dir='ltr'>γῆν</span> <span class='ocrx_word' id='word_1_586' title='bbox 1219 4487 1343 4555; x_wconf 75' lang='grc' dir='ltr'>’καὶ</span> <span class='ocrx_word' id='word_1_587' title='bbox 1383 4501 1510 4566; x_wconf 72' lang='grc' dir='ltr'>τοὺς</span> <span class='ocrx_word' id='word_1_588' title='bbox 1546 4503 1605 4556; x_wconf 85' lang='grc' dir='ltr'><strong>ἐν</strong></span> <span class='ocrx_word' id='word_1_589' title='bbox 1645 4503 1781 4575; x_wconf 78' lang='grc' dir='ltr'>αὐτῇ</span> <span class='ocrx_word' id='word_1_590' title='bbox 1821 4521 2004 4562; x_wconf 88' lang='grc' dir='ltr'>κατοι-</span> 
     </span>
    </p>
   </div>
   <div class='ocr_carea' id='block_1_76' title="bbox 413 4673 2004 4754">
    <p class='ocr_par' dir='ltr' id='par_1_76' title="bbox 413 4673 2004 4754">
     <span class='ocr_line' id='line_1_76' title="bbox 413 4673 2004 4754; baseline 0.006 -24"><span class='ocrx_word' id='word_1_591' title='bbox 413 4673 764 4752; x_wconf 64' lang='grc' dir='ltr'>’ἐθεραπεύθη</span> <span class='ocrx_word' id='word_1_592' title='bbox 798 4679 1040 4754; x_wconf 79' lang='grc' dir='ltr'>ήπληγὴ</span> <span class='ocrx_word' id='word_1_593' title='bbox 1062 4678 1156 4734; x_wconf 87' lang='grc' dir='ltr'><strong>τοῦ</strong></span> <span class='ocrx_word' id='word_1_594' title='bbox 1201 4680 1433 4736; x_wconf 86' lang='grc' dir='ltr'>θανάτου</span> <span class='ocrx_word' id='word_1_595' title='bbox 1473 4681 1660 4737; x_wconf 82' lang='grc' dir='ltr'>αὐτοῦί</span> <span class='ocrx_word' id='word_1_596' title='bbox 1695 4684 1807 4739; x_wconf 75' lang='grc' dir='ltr'><strong>Καὶ</strong></span> <span class='ocrx_word' id='word_1_597' title='bbox 1831 4685 2004 4739; x_wconf 83' lang='grc' dir='ltr'>ἐποίει</span> 
     </span>
    </p>
   </div>
   <div class='ocr_carea' id='block_1_77' title="bbox 429 4772 2003 4848">
    <p class='ocr_par' dir='ltr' id='par_1_77' title="bbox 429 4772 2003 4848">
     <span class='ocr_line' id='line_1_77' title="bbox 429 4772 2003 4848; baseline 0.002 -20"><span class='ocrx_word' id='word_1_598' title='bbox 429 4776 629 4845; x_wconf 84' lang='grc' dir='ltr'>σημεῖα</span> <span class='ocrx_word' id='word_1_599' title='bbox 653 4774 898 4846; x_wconf 86' lang='grc' dir='ltr'>μεγάλα,</span> <span class='ocrx_word' id='word_1_600' title='bbox 921 4775 1010 4828; x_wconf 84' lang='grc' dir='ltr'><strong>ἴνα</strong></span> <span class='ocrx_word' id='word_1_601' title='bbox 1047 4773 1145 4828; x_wconf 74' lang='grc' dir='ltr'><strong>καὶ</strong></span> <span class='ocrx_word' id='word_1_602' title='bbox 1175 4772 1288 4847; x_wconf 89' lang='grc' dir='ltr'><strong>πῦρ</strong></span> <span class='ocrx_word' id='word_1_603' title='bbox 1309 4776 1436 4846; x_wconf 80' lang='grc' dir='ltr'>ποιῇ</span> <span class='ocrx_word' id='word_1_604' title='bbox 1462 4775 1767 4848; x_wconf 81' lang='grc' dir='ltr'>καταϐῆναι</span> <span class='ocrx_word' id='word_1_605' title='bbox 1804 4777 1870 4831; x_wconf 86' lang='grc' dir='ltr'><strong>ἐκ</strong></span> <span class='ocrx_word' id='word_1_606' title='bbox 1906 4777 2003 4831; x_wconf 87' lang='grc' dir='ltr'><strong>τοῦ</strong></span> 
     </span>
    </p>
   </div>
   <div class='ocr_carea' id='block_1_78' title="bbox 425 4845 2005 4941">
    <p class='ocr_par' dir='ltr' id='par_1_78' title="bbox 425 4845 2005 4941">
     <span class='ocr_line' id='line_1_78' title="bbox 425 4845 2005 4941; baseline 0.005 -24"><span class='ocrx_word' id='word_1_607' title='bbox 425 4863 656 4938; x_wconf 84' lang='grc' dir='ltr'>οὐρανοῦ</span> <span class='ocrx_word' id='word_1_608' title='bbox 685 4866 767 4929; x_wconf 86' lang='grc' dir='ltr'><strong>είς</strong></span> <span class='ocrx_word' id='word_1_609' title='bbox 791 4864 890 4936; x_wconf 83' lang='grc' dir='ltr'><strong>τὴν</strong></span> <span class='ocrx_word' id='word_1_610' title='bbox 917 4865 1022 4937; x_wconf 84' lang='grc' dir='ltr'>γῆν</span> <span class='ocrx_word' id='word_1_611' title='bbox 1047 4845 1382 4920; x_wconf 80' lang='grc' dir='ltr'>κατενώπιον</span> <span class='ocrx_word' id='word_1_612' title='bbox 1541 4845 1864 4941; x_wconf 85' lang='grc' dir='ltr'>ἀνθρώπων.</span> <span class='ocrx_word' id='word_1_613' title='bbox 1894 4871 2005 4925; x_wconf 79' lang='grc' dir='ltr'>Καὶ</span> 
     </span>
    </p>
   </div>
   <div class='ocr_carea' id='block_1_79' title="bbox 429 4955 2028 5034">
    <p class='ocr_par' dir='ltr' id='par_1_79' title="bbox 429 4955 2028 5034">
     <span class='ocr_line' id='line_1_79' title="bbox 429 4955 2028 5034; baseline 0.004 -25"><span class='ocrx_word' id='word_1_614' title='bbox 429 4957 606 5027; x_wconf 85' lang='grc' dir='ltr'>πλανᾷ</span> <span class='ocrx_word' id='word_1_615' title='bbox 630 4957 756 5021; x_wconf 82' lang='grc' dir='ltr'>τοὺς</span> <span class='ocrx_word' id='word_1_616' title='bbox 786 4955 1174 5023; x_wconf 80' lang='grc' dir='ltr'>κατοικοῦντας</span> <span class='ocrx_word' id='word_1_617' title='bbox 1199 4961 1292 5014; x_wconf 76' lang='grc' dir='ltr'>ἐπὶ</span> <span class='ocrx_word' id='word_1_618' title='bbox 1321 4961 1420 5032; x_wconf 79' lang='grc' dir='ltr'><strong>τῆς</strong></span> <span class='ocrx_word' id='word_1_619' title='bbox 1444 4961 1551 5032; x_wconf 82' lang='grc' dir='ltr'><strong>γῆς</strong></span> <span class='ocrx_word' id='word_1_620' title='bbox 1563 4961 1651 5015; x_wconf 85' lang='grc' dir='ltr'><strong>διά</strong></span> <span class='ocrx_word' id='word_1_621' title='bbox 1677 4962 1745 5017; x_wconf 80' lang='grc' dir='ltr'><strong>τὰ</strong></span> <span class='ocrx_word' id='word_1_622' title='bbox 1778 4965 2028 5034; x_wconf 87' lang='grc' dir='ltr'>σημεῖα,-</span> 
     </span>
    </p>
   </div>
   <div class='ocr_carea' id='block_1_80' title="bbox 426 5045 2002 5125">
    <p class='ocr_par' dir='ltr' id='par_1_80' title="bbox 426 5045 2002 5125">
     <span class='ocr_line' id='line_1_80' title="bbox 426 5045 2002 5125; baseline 0.004 -23"><span class='ocrx_word' id='word_1_623' title='bbox 426 5047 646 5120; x_wconf 69' lang='grc' dir='ltr'>ἃέδόθη</span> <span class='ocrx_word' id='word_1_624' title='bbox 678 5049 826 5121; x_wconf 84' lang='grc' dir='ltr'>αὐτῷ</span> <span class='ocrx_word' id='word_1_625' title='bbox 841 5045 1063 5122; x_wconf 75' lang='grc' dir='ltr'>ποιῆσαι</span> <span class='ocrx_word' id='word_1_626' title='bbox 1086 5051 1316 5106; x_wconf 89' lang='grc' dir='ltr'>ἐνώπιον</span> <span class='ocrx_word' id='word_1_627' title='bbox 1347 5051 1441 5107; x_wconf 89' lang='grc' dir='ltr'><strong>τοῦ</strong></span> <span class='ocrx_word' id='word_1_628' title='bbox 1469 5052 1680 5125; x_wconf 88' lang='grc' dir='ltr'>θηρίου,</span> <span class='ocrx_word' id='word_1_629' title='bbox 1713 5053 1872 5123; x_wconf 83' lang='grc' dir='ltr'>λέγον</span> <span class='ocrx_word' id='word_1_630' title='bbox 1891 5057 2002 5118; x_wconf 86' lang='grc' dir='ltr'>τοῖς</span> 
     </span>
    </p>
   </div>
   <div class='ocr_carea' id='block_1_81' title="bbox 332 5139 2002 5216">
    <p class='ocr_par' dir='ltr' id='par_1_81' title="bbox 332 5139 2002 5216">
     <span class='ocr_line' id='line_1_81' title="bbox 332 5139 2002 5216; baseline 0.004 -24"><span class='ocrx_word' id='word_1_631' title='bbox 332 5143 334 5146; x_wconf 77' lang='grc'><em>’</em></span> <span class='ocrx_word' id='word_1_632' title='bbox 428 5139 741 5193; x_wconf 88' lang='grc' dir='ltr'>κατοικοῦσι</span> <span class='ocrx_word' id='word_1_633' title='bbox 760 5140 857 5212; x_wconf 82' lang='grc' dir='ltr'><strong>τὴν</strong></span> <span class='ocrx_word' id='word_1_634' title='bbox 886 5142 1008 5213; x_wconf 80' lang='grc' dir='ltr'>γῆν,</span> <span class='ocrx_word' id='word_1_635' title='bbox 1040 5144 1264 5215; x_wconf 83' lang='grc' dir='ltr'>ποιῆσαι</span> <span class='ocrx_word' id='word_1_636' title='bbox 1293 5143 1478 5198; x_wconf 82' lang='grc' dir='ltr'>εἰκόνα</span> <span class='ocrx_word' id='word_1_637' title='bbox 1506 5143 1584 5214; x_wconf 81' lang='grc' dir='ltr'><strong>τῷ</strong></span> <span class='ocrx_word' id='word_1_638' title='bbox 1613 5143 1804 5216; x_wconf 86' lang='grc' dir='ltr'>θηρίῳ,</span> <span class='ocrx_word' id='word_1_639' title='bbox 1833 5144 1862 5197; x_wconf 85' lang='grc' dir='ltr'>ὃ</span> <span class='ocrx_word' id='word_1_640' title='bbox 1891 5144 2002 5215; x_wconf 73' lang='grc' dir='ltr'>ἔχει</span> 
     </span>
    </p>
   </div>
   <div class='ocr_carea' id='block_1_82' title="bbox 427 5226 2002 5308">
    <p class='ocr_par' dir='ltr' id='par_1_82' title="bbox 427 5226 2002 5308">
     <span class='ocr_line' id='line_1_82' title="bbox 427 5226 2002 5308; baseline 0.002 -23"><span class='ocrx_word' id='word_1_641' title='bbox 427 5230 524 5302; x_wconf 77' lang='grc' dir='ltr'>τὴν</span> <span class='ocrx_word' id='word_1_642' title='bbox 553 5230 764 5304; x_wconf 77' lang='grc' dir='ltr'>πληγὴν</span> <span class='ocrx_word' id='word_1_643' title='bbox 783 5232 892 5303; x_wconf 83' lang='grc' dir='ltr'><strong>τῆς</strong></span> <span class='ocrx_word' id='word_1_644' title='bbox 911 5234 1182 5306; x_wconf 87' lang='grc' dir='ltr'>μαχαίρας</span> <span class='ocrx_word' id='word_1_645' title='bbox 1214 5235 1308 5288; x_wconf 68' lang='grc' dir='ltr'>καὶ</span> <span class='ocrx_word' id='word_1_646' title='bbox 1332 5235 1512 5306; x_wconf 77' lang='grc' dir='ltr'>ἔζησε.</span> <span class='ocrx_word' id='word_1_647' title='bbox 1542 5226 1653 5289; x_wconf 80' lang='lat' dir='ltr'><strong>Kal</strong></span> <span class='ocrx_word' id='word_1_648' title='bbox 1676 5236 1828 5308; x_wconf 85' lang='grc' dir='ltr'>ἐδόθη</span> <span class='ocrx_word' id='word_1_649' title='bbox 1855 5237 2002 5308; x_wconf 84' lang='grc' dir='ltr'>αὐτῷ</span> 
     </span>
    </p>
   </div>
   <div class='ocr_carea' id='block_1_83' title="bbox 428 5319 2003 5401">
    <p class='ocr_par' dir='ltr' id='par_1_83' title="bbox 428 5319 2003 5401">
     <span class='ocr_line' id='line_1_83' title="bbox 428 5319 2003 5401; baseline 0.003 -27"><span class='ocrx_word' id='word_1_650' title='bbox 428 5319 646 5393; x_wconf 85' lang='grc' dir='ltr'>πνεῦμα</span> <span class='ocrx_word' id='word_1_651' title='bbox 669 5320 862 5375; x_wconf 75' lang='grc' dir='ltr'>,δοῦναι</span> <span class='ocrx_word' id='word_1_652' title='bbox 887 5323 954 5393; x_wconf 83' lang='grc' dir='ltr'><strong>τῇ</strong></span> <span class='ocrx_word' id='word_1_653' title='bbox 972 5323 1139 5401; x_wconf 84' lang='grc' dir='ltr'>είκόνι</span> <span class='ocrx_word' id='word_1_654' title='bbox 1167 5324 1260 5378; x_wconf 86' lang='grc' dir='ltr'><strong>τοῦ</strong></span> <span class='ocrx_word' id='word_1_655' title='bbox 1291 5323 1480 5397; x_wconf 90' lang='grc' dir='ltr'>θηρίου</span> <span class='ocrx_word' id='word_1_656' title='bbox 1507 5323 1632 5397; x_wconf 80' lang='grc' dir='ltr'>[ἵνα</span> <span class='ocrx_word' id='word_1_657' title='bbox 1664 5325 1758 5378; x_wconf 75' lang='grc' dir='ltr'>καὶ</span> <span class='ocrx_word' id='word_1_658' title='bbox 1794 5325 2003 5399; x_wconf 84' lang='grc' dir='ltr'>λαλήσῃ</span> 
     </span>
    </p>
   </div>
   <div class='ocr_carea' id='block_1_84' title="bbox 428 5412 1994 5490">
    <p class='ocr_par' dir='ltr' id='par_1_84' title="bbox 428 5412 1994 5490">
     <span class='ocr_line' id='line_1_84' title="bbox 428 5412 1994 5490; baseline 0.003 -24"><span class='ocrx_word' id='word_1_659' title='bbox 428 5413 779 5483; x_wconf 30' lang='grc' dir='ltr'>ήείκὼνλτοῦ</span> <span class='ocrx_word' id='word_1_660' title='bbox 821 5412 1072 5485; x_wconf 69' lang='grc' dir='ltr'>θηρίου];</span> <span class='ocrx_word' id='word_1_661' title='bbox 1114 5415 1208 5470; x_wconf 76' lang='grc' dir='ltr'>καὶ</span> <span class='ocrx_word' id='word_1_662' title='bbox 1244 5417 1444 5488; x_wconf 80' lang='grc' dir='ltr'>ποιήσῃ</span> <span class='ocrx_word' id='word_1_663' title='bbox 1475 5456 1490 5480; x_wconf 94' lang='grc'><strong>,</strong></span> <span class='ocrx_word' id='word_1_664' title='bbox 1532 5417 1619 5470; x_wconf 85' lang='grc' dir='ltr'>ἴνα</span> <span class='ocrx_word' id='word_1_665' title='bbox 1661 5417 1774 5470; x_wconf 84' lang='grc' dir='ltr'>ὅσοι</span> <span class='ocrx_word' id='word_1_666' title='bbox 1793 5418 1888 5471; x_wconf 87' lang='grc' dir='ltr'><strong>ἐάν</strong></span> <span class='ocrx_word' id='word_1_667' title='bbox 1920 5417 1994 5490; x_wconf 81' lang='grc' dir='ltr'>μὴ</span> 
     </span>
    </p>
   </div>
   <div class='ocr_carea' id='block_1_85' title="bbox 312 5505 1991 5581">
    <p class='ocr_par' dir='ltr' id='par_1_85' title="bbox 312 5505 1991 5581">
     <span class='ocr_line' id='line_1_85' title="bbox 312 5505 1991 5581; baseline 0.004 -26"><span class='ocrx_word' id='word_1_668' title='bbox 312 5575 316 5581; x_wconf 29' lang='grc' dir='ltr'><strong>Ι</strong></span> <span class='ocrx_word' id='word_1_669' title='bbox 377 5542 379 5544; x_wconf 87' lang='grc'><strong>-</strong></span> <span class='ocrx_word' id='word_1_670' title='bbox 431 5505 842 5576; x_wconf 82' lang='grc' dir='ltr'>προσκυνήσωσι</span> <span class='ocrx_word' id='word_1_671' title='bbox 883 5508 950 5577; x_wconf 84' lang='grc' dir='ltr'><strong>τῇ</strong></span> <span class='ocrx_word' id='word_1_672' title='bbox 1001 5505 1168 5559; x_wconf 78' lang='grc' dir='ltr'>εἰκόνι</span> <span class='ocrx_word' id='word_1_673' title='bbox 1212 5505 1306 5560; x_wconf 88' lang='grc' dir='ltr'><strong>τοῦ</strong></span> <span class='ocrx_word' id='word_1_674' title='bbox 1333 5507 1553 5579; x_wconf 79' lang='grc' dir='ltr'>θηρίου,</span> <span class='ocrx_word' id='word_1_675' title='bbox 1593 5507 1991 5562; x_wconf 84' lang='grc' dir='ltr'>ἀποκτανθῶσι.</span> 
     </span>
    </p>
   </div>
   <div class='ocr_carea' id='block_1_86' title="bbox 429 5590 1995 5672">
    <p class='ocr_par' dir='ltr' id='par_1_86' title="bbox 429 5590 1995 5672">
     <span class='ocr_line' id='line_1_86' title="bbox 429 5590 1995 5672; baseline 0.004 -25"><span class='ocrx_word' id='word_1_676' title='bbox 429 5597 535 5649; x_wconf 79' lang='lat' dir='ltr'><strong>Kal</strong></span> <span class='ocrx_word' id='word_1_677' title='bbox 564 5590 708 5672; x_wconf 77' lang='grc' dir='ltr'>ποιεῖ</span> <span class='ocrx_word' id='word_1_678' title='bbox 739 5597 964 5664; x_wconf 88' lang='grc' dir='ltr'>πάντας,</span> <span class='ocrx_word' id='word_1_679' title='bbox 991 5599 1116 5662; x_wconf 83' lang='grc' dir='ltr'>τοὺς</span> <span class='ocrx_word' id='word_1_680' title='bbox 1147 5600 1371 5670; x_wconf 82' lang='grc' dir='ltr'>μικροὺς</span> <span class='ocrx_word' id='word_1_681' title='bbox 1411 5601 1507 5662; x_wconf 74' lang='grc' dir='ltr'>καὶ</span> <span class='ocrx_word' id='word_1_682' title='bbox 1544 5601 1669 5665; x_wconf 78' lang='grc' dir='ltr'>τοὺς</span> <span class='ocrx_word' id='word_1_683' title='bbox 1709 5601 1995 5672; x_wconf 86' lang='grc' dir='ltr'>μεγάλους,</span> 
     </span>
    </p>
   </div>
   <div class='ocr_carea' id='block_1_87' title="bbox 430 5684 1998 5776">
    <p class='ocr_par' dir='ltr' id='par_1_87' title="bbox 430 5684 1998 5759">
     <span class='ocr_line' id='line_1_87' title="bbox 430 5684 1998 5759; baseline 0.005 -25"><span class='ocrx_word' id='word_1_684' title='bbox 430 5684 668 5750; x_wconf 70' lang='grc' dir='ltr'>καὶτοὺς</span> <span class='ocrx_word' id='word_1_685' title='bbox 699 5685 986 5751; x_wconf 87' lang='grc' dir='ltr'>πλουσίους</span> <span class='ocrx_word' id='word_1_686' title='bbox 1015 5687 1251 5751; x_wconf 71' lang='grc' dir='ltr'>καὶτοὺς</span> <span class='ocrx_word' id='word_1_687' title='bbox 1280 5691 1546 5759; x_wconf 81' lang='grc' dir='ltr'>πτωχοὺς,</span> <span class='ocrx_word' id='word_1_688' title='bbox 1575 5691 1668 5743; x_wconf 77' lang='grc' dir='ltr'><strong>καὶ</strong></span> <span class='ocrx_word' id='word_1_689' title='bbox 1693 5691 1819 5754; x_wconf 80' lang='grc' dir='ltr'>τοὺς</span> <span class='ocrx_word' id='word_1_690' title='bbox 1847 5691 1998 5744; x_wconf 85' lang='grc' dir='ltr'>ἐλευ-</span> 
     </span>
    </p>
   </div>
   <div class='ocr_carea' id='block_1_88' title="bbox 1511 5801 1578 5858">
    <p class='ocr_par' dir='ltr' id='par_1_88' title="bbox 1511 5801 1578 5858">
     <span class='ocr_line' id='line_1_88' title="bbox 1511 5801 1578 5858; baseline 0 -22"><span class='ocrx_word' id='word_1_691' title='bbox 1511 5801 1578 5858; x_wconf 46' lang='grc' dir='ltr'><strong>φ</strong></span> 
     </span>
    </p>
   </div>
   <div class='ocr_carea' id='block_1_89' title="bbox 310 3312 2003 3394">
    <p class='ocr_par' dir='ltr' id='par_1_89' title="bbox 310 3312 2000 3394">
     <span class='ocr_line' id='line_1_89' title="bbox 310 3312 2000 3394; baseline 0.006 -28"><span class='ocrx_word' id='word_1_692' title='bbox 310 3315 317 3325; x_wconf 82' lang='grc'><strong><em>“</em></strong></span> <span class='ocrx_word' id='word_1_693' title='bbox 429 3317 487 3367; x_wconf 86' lang='grc' dir='ltr'>ὲν</span> <span class='ocrx_word' id='word_1_694' title='bbox 510 3312 587 3394; x_wconf 73' lang='grc' dir='ltr'>τῷ</span> <span class='ocrx_word' id='word_1_695' title='bbox 609 3314 833 3386; x_wconf 74' lang='grc' dir='ltr'>κέρατι,“</span> <span class='ocrx_word' id='word_1_696' title='bbox 857 3316 952 3369; x_wconf 80' lang='grc' dir='ltr'>καὶ</span> <span class='ocrx_word' id='word_1_697' title='bbox 980 3315 1155 3386; x_wconf 86' lang='grc' dir='ltr'>στόμα</span> <span class='ocrx_word' id='word_1_698' title='bbox 1191 3315 1385 3391; x_wconf 85' lang='grc' dir='ltr'>λαλοῦν</span> <span class='ocrx_word' id='word_1_699' title='bbox 1414 3317 1654 3388; x_wconf 85' lang='grc' dir='ltr'>μεγάλα,</span> <span class='ocrx_word' id='word_1_700' title='bbox 1686 3319 1781 3372; x_wconf 74' lang='grc' dir='ltr'><strong>καὶ</strong></span> <span class='ocrx_word' id='word_1_701' title='bbox 1825 3321 2000 3392; x_wconf 73' lang='grc' dir='ltr'>ἤνοιξε</span> 
     </span>
    </p>
   </div>
   <div class='ocr_carea' id='block_1_90' title="bbox 2102 3312 3682 3394">
    <p class='ocr_par' dir='ltr' id='par_1_90' title="bbox 2105 3315 3682 3388">
     <span class='ocr_line' id='line_1_90' title="bbox 2105 3315 3682 3388; baseline -0.006 -10"><span class='ocrx_word' id='word_1_702' title='bbox 2105 3337 2168 3378; x_wconf 88' lang='lat' dir='ltr'><strong>os</strong></span> <span class='ocrx_word' id='word_1_703' title='bbox 2199 3337 2360 3376; x_wconf 91' lang='lat' dir='ltr'><strong>suum</strong></span> <span class='ocrx_word' id='word_1_704' title='bbox 2392 3321 2446 3374; x_wconf 89' lang='lat' dir='ltr'><strong>in</strong></span> <span class='ocrx_word' id='word_1_705' title='bbox 2481 3319 2875 3388; x_wconf 87' lang='lat' dir='ltr'><strong>blasphemiam</strong></span> <span class='ocrx_word' id='word_1_706' title='bbox 2909 3319 3166 3372; x_wconf 85' lang='lat' dir='ltr'><strong>adversus</strong></span> <span class='ocrx_word' id='word_1_707' title='bbox 3198 3315 3391 3370; x_wconf 86' lang='lat' dir='ltr'><strong>Deum.</strong></span> <span class='ocrx_word' id='word_1_708' title='bbox 3424 3315 3492 3369; x_wconf 88' lang='lat' dir='ltr'><strong>Et</strong></span> <span class='ocrx_word' id='word_1_709' title='bbox 3513 3330 3682 3369; x_wconf 90' lang='lat' dir='ltr'><strong>cornu</strong></span> 
     </span>
    </p>
   </div>
   <div class='ocr_carea' id='block_1_91' title="bbox 333 3404 2003 3490">
    <p class='ocr_par' dir='ltr' id='par_1_91' title="bbox 333 3404 2003 3490">
     <span class='ocr_line' id='line_1_91' title="bbox 333 3404 2003 3490; baseline 0.007 -34"><span class='ocrx_word' id='word_1_710' title='bbox 333 3412 342 3420; x_wconf 87' lang='lat'>&#39;</span> <span class='ocrx_word' id='word_1_711' title='bbox 373 3484 379 3490; x_wconf 30' lang='lat'>.</span> <span class='ocrx_word' id='word_1_712' title='bbox 427 3405 488 3457; x_wconf 75' lang='grc' dir='ltr'>τὸ</span> <span class='ocrx_word' id='word_1_713' title='bbox 519 3404 691 3475; x_wconf 83' lang='grc' dir='ltr'>στόμα</span> <span class='ocrx_word' id='word_1_714' title='bbox 717 3404 881 3490; x_wconf 80' lang='grc' dir='ltr'>αὐτοῦ</span> <span class='ocrx_word' id='word_1_715' title='bbox 910 3408 989 3470; x_wconf 88' lang='grc' dir='ltr'><strong>εἰς</strong></span> <span class='ocrx_word' id='word_1_716' title='bbox 1018 3406 1364 3478; x_wconf 78' lang='grc' dir='ltr'>βλασφημίαν</span> <span class='ocrx_word' id='word_1_717' title='bbox 1395 3408 1535 3490; x_wconf 73' lang='grc' dir='ltr'>πρὸς</span> <span class='ocrx_word' id='word_1_718' title='bbox 1567 3410 1659 3464; x_wconf 87' lang='grc' dir='ltr'>τὸν</span> <span class='ocrx_word' id='word_1_719' title='bbox 1690 3410 1854 3465; x_wconf 72' lang='grc' dir='ltr'>Θεόψ</span> <span class='ocrx_word' id='word_1_720' title='bbox 1910 3415 2003 3467; x_wconf 81' lang='grc' dir='ltr'>καὶ</span> 
     </span>
    </p>
   </div>
   <div class='ocr_carea' id='block_1_92' title="bbox 2093 3406 3686 3474">
    <p class='ocr_par' dir='ltr' id='par_1_92' title="bbox 2093 3406 3686 3474">
     <span class='ocr_line' id='line_1_92' title="bbox 2093 3406 3686 3474; baseline -0.006 -7"><span class='ocrx_word' id='word_1_721' title='bbox 2093 3413 2234 3468; x_wconf 74' lang='lat' dir='ltr'><strong>illud</strong></span> <span class='ocrx_word' id='word_1_722' title='bbox 2264 3410 2496 3466; x_wconf 82' lang='lat' dir='ltr'><strong>faciebat</strong></span> <span class='ocrx_word' id='word_1_723' title='bbox 2525 3410 2720 3464; x_wconf 91' lang='lat' dir='ltr'><strong>bellum</strong></span> <span class='ocrx_word' id='word_1_724' title='bbox 2753 3409 3015 3464; x_wconf 88' lang='lat' dir='ltr'><strong>adversus</strong></span> <span class='ocrx_word' id='word_1_725' title='bbox 3044 3415 3259 3462; x_wconf 89' lang='lat' dir='ltr'><strong>sanctos</strong></span> <span class='ocrx_word' id='word_1_726' title='bbox 3279 3448 3292 3471; x_wconf 89' lang='lat'><strong>,</strong></span> <span class='ocrx_word' id='word_1_727' title='bbox 3325 3415 3376 3459; x_wconf 91' lang='lat' dir='ltr'><strong>et</strong></span> <span class='ocrx_word' id='word_1_728' title='bbox 3403 3406 3686 3474; x_wconf 76' lang='lat' dir='ltr'><strong>praevaluit</strong></span> 
     </span>
    </p>
   </div>
   <div class='ocr_carea' id='block_1_93' title="bbox 2084 3498 3684 3573">
    <p class='ocr_par' dir='ltr' id='par_1_93' title="bbox 2084 3498 3684 3573">
     <span class='ocr_line' id='line_1_93' title="bbox 2084 3498 3684 3573; baseline -0.007 -11"><span class='ocrx_word' id='word_1_729' title='bbox 2084 3504 2364 3562; x_wconf 76' lang='lat' dir='ltr'><strong>adversus</strong></span> <span class='ocrx_word' id='word_1_730' title='bbox 2407 3520 2535 3572; x_wconf 91' lang='lat' dir='ltr'><strong>eos;</strong></span> <span class='ocrx_word' id='word_1_731' title='bbox 2569 3504 2924 3573; x_wconf 90' lang='lat' dir='ltr'><strong>quoadusque</strong></span> <span class='ocrx_word' id='word_1_732' title='bbox 2955 3500 3236 3555; x_wconf 86' lang='lat' dir='ltr'><strong>interfecta</strong></span> <span class='ocrx_word' id='word_1_733' title='bbox 3267 3507 3350 3554; x_wconf 89' lang='lat' dir='ltr'><strong>est</strong></span> <span class='ocrx_word' id='word_1_734' title='bbox 3395 3498 3564 3553; x_wconf 88' lang='lat' dir='ltr'><strong>bestia</strong></span> <span class='ocrx_word' id='word_1_735' title='bbox 3585 3538 3600 3564; x_wconf 91' lang='lat'><strong>,</strong></span> <span class='ocrx_word' id='word_1_736' title='bbox 3627 3507 3684 3553; x_wconf 93' lang='lat' dir='ltr'><strong>et</strong></span> 
     </span>
    </p>
   </div>
   <div class='ocr_carea' id='block_1_94' title="bbox 2102 3590 3683 3668">
    <p class='ocr_par' dir='ltr' id='par_1_94' title="bbox 2102 3590 3683 3668">
     <span class='ocr_line' id='line_1_94' title="bbox 2102 3590 3683 3668; baseline -0.006 -16"><span class='ocrx_word' id='word_1_737' title='bbox 2102 3597 2282 3668; x_wconf 87' lang='lat' dir='ltr'><strong>periit,</strong></span> <span class='ocrx_word' id='word_1_738' title='bbox 2313 3607 2368 3650; x_wconf 90' lang='lat' dir='ltr'><strong>et</strong></span> <span class='ocrx_word' id='word_1_739' title='bbox 2407 3610 2605 3664; x_wconf 87' lang='lat' dir='ltr'><strong>corpus</strong></span> <span class='ocrx_word' id='word_1_740' title='bbox 2626 3594 2746 3664; x_wconf 88' lang='lat' dir='ltr'><strong>ejus</strong></span> <span class='ocrx_word' id='word_1_741' title='bbox 2772 3593 3027 3648; x_wconf 90' lang='lat' dir='ltr'><strong>traditum</strong></span> <span class='ocrx_word' id='word_1_742' title='bbox 3050 3601 3132 3646; x_wconf 85' lang='lat' dir='ltr'><strong>est</strong></span> <span class='ocrx_word' id='word_1_743' title='bbox 3161 3591 3217 3645; x_wconf 93' lang='lat' dir='ltr'><strong>in</strong></span> <span class='ocrx_word' id='word_1_744' title='bbox 3249 3590 3683 3646; x_wconf 88' lang='lat' dir='ltr'><strong>combustionem</strong></span> 
     </span>
    </p>
   </div>
   <div class='ocr_carea' id='block_1_95' title="bbox 2102 3689 2395 3761">
    <p class='ocr_par' dir='ltr' id='par_1_95' title="bbox 2102 3689 2395 3761">
     <span class='ocr_line' id='line_1_95' title="bbox 2102 3689 2395 3761; baseline -0.01 -17"><span class='ocrx_word' id='word_1_745' title='bbox 2102 3689 2246 3761; x_wconf 80' lang='lat' dir='ltr'><strong>ignis</strong></span> <span class='ocrx_word' id='word_1_746' title='bbox 2272 3690 2337 3744; x_wconf 80' lang='lat'><strong>“.</strong></span> <span class='ocrx_word' id='word_1_747' title='bbox 2375 3708 2395 3741; x_wconf 75' lang='grc' dir='ltr'><strong>ι</strong></span> 
     </span>
    </p>
   </div>
   <div class='ocr_carea' id='block_1_96' title="bbox 2135 3856 3687 3939">
    <p class='ocr_par' dir='ltr' id='par_1_96' title="bbox 2135 3856 3687 3939">
     <span class='ocr_line' id='line_1_96' title="bbox 2135 3856 3687 3939; baseline -0.005 -21"><span class='ocrx_word' id='word_1_748' title='bbox 2135 3936 2156 3939; x_wconf 81' lang='lat'><em>_</em></span> <span class='ocrx_word' id='word_1_749' title='bbox 2173 3861 2408 3919; x_wconf 78' lang='lat' dir='ltr'><strong>XLVIII.</strong></span> <span class='ocrx_word' id='word_1_750' title='bbox 2452 3860 2555 3917; x_wconf 88' lang='lat' dir='ltr'><strong>Sed</strong></span> <span class='ocrx_word' id='word_1_751' title='bbox 2583 3862 2711 3932; x_wconf 91' lang='lat' dir='ltr'><strong>quia</strong></span> <span class='ocrx_word' id='word_1_752' title='bbox 2749 3875 2972 3917; x_wconf 89' lang='lat' dir='ltr'><strong>necesse</strong></span> <span class='ocrx_word' id='word_1_753' title='bbox 3007 3867 3093 3915; x_wconf 93' lang='lat' dir='ltr'><strong>est</strong></span> <span class='ocrx_word' id='word_1_754' title='bbox 3126 3860 3380 3915; x_wconf 88' lang='lat' dir='ltr'><strong>subtilius</strong></span> <span class='ocrx_word' id='word_1_755' title='bbox 3409 3858 3476 3914; x_wconf 89' lang='lat' dir='ltr'><strong>de</strong></span> <span class='ocrx_word' id='word_1_756' title='bbox 3493 3871 3559 3914; x_wconf 90' lang='lat' dir='ltr'><strong>eo</strong></span> <span class='ocrx_word' id='word_1_757' title='bbox 3583 3856 3687 3912; x_wconf 87' lang='lat' dir='ltr'><strong>dis-</strong></span> 
     </span>
    </p>
   </div>
   <div class='ocr_carea' id='block_1_97' title="bbox 2077 3936 3683 4027">
    <p class='ocr_par' dir='ltr' id='par_1_97' title="bbox 2077 3936 3683 4027">
     <span class='ocr_line' id='line_1_97' title="bbox 2077 3936 3683 4027; baseline -0.004 -20"><span class='ocrx_word' id='word_1_758' title='bbox 2077 3936 2328 4027; x_wconf 78' lang='lat' dir='ltr'><strong>‘putare,</strong></span> <span class='ocrx_word' id='word_1_759' title='bbox 2408 3961 2462 4008; x_wconf 90' lang='lat' dir='ltr'><strong>et</strong></span> <span class='ocrx_word' id='word_1_760' title='bbox 2495 3952 2766 4023; x_wconf 91' lang='lat' dir='ltr'><strong>quomodo</strong></span> <span class='ocrx_word' id='word_1_761' title='bbox 2810 3951 3046 4021; x_wconf 89' lang='lat' dir='ltr'><strong>Spiritus</strong></span> <span class='ocrx_word' id='word_1_762' title='bbox 3083 3960 3304 4006; x_wconf 85' lang='lat' dir='ltr'><strong>sanctus</strong></span> <span class='ocrx_word' id='word_1_763' title='bbox 3351 3964 3416 4003; x_wconf 83' lang='lat' dir='ltr'><strong>ex</strong></span> <span class='ocrx_word' id='word_1_764' title='bbox 3455 3963 3683 4003; x_wconf 91' lang='lat' dir='ltr'><strong>numero</strong></span> 
     </span>
    </p>
   </div>
   <div class='ocr_carea' id='block_1_98' title="bbox 2102 4038 3681 4114">
    <p class='ocr_par' dir='ltr' id='par_1_98' title="bbox 2102 4038 3681 4114">
     <span class='ocr_line' id='line_1_98' title="bbox 2102 4038 3681 4114; baseline -0.005 -15"><span class='ocrx_word' id='word_1_765' title='bbox 2102 4046 2266 4100; x_wconf 88' lang='lat' dir='ltr'><strong>etiam</strong></span> <span class='ocrx_word' id='word_1_766' title='bbox 2305 4043 2424 4114; x_wconf 89' lang='lat' dir='ltr'><strong>ejus</strong></span> <span class='ocrx_word' id='word_1_767' title='bbox 2475 4058 2674 4097; x_wconf 88' lang='lat' dir='ltr'><strong>nomen</strong></span> <span class='ocrx_word' id='word_1_768' title='bbox 2723 4040 3148 4110; x_wconf 82' lang='lat' dir='ltr'><strong>significaverit,</strong></span> <span class='ocrx_word' id='word_1_769' title='bbox 3210 4055 3334 4110; x_wconf 63' lang='lat' dir='ltr'><strong>quae</strong></span> <span class='ocrx_word' id='word_1_770' title='bbox 3381 4039 3448 4093; x_wconf 92' lang='lat' dir='ltr'><strong>ad</strong></span> <span class='ocrx_word' id='word_1_771' title='bbox 3504 4038 3681 4108; x_wconf 91' lang='lat' dir='ltr'><strong>ipsum</strong></span> 
     </span>
    </p>
   </div>
   <div class='ocr_carea' id='block_1_99' title="bbox 2103 4129 3679 4200">
    <p class='ocr_par' dir='ltr' id='par_1_99' title="bbox 2103 4129 3679 4200">
     <span class='ocr_line' id='line_1_99' title="bbox 2103 4129 3679 4200; baseline -0.006 -8"><span class='ocrx_word' id='word_1_772' title='bbox 2103 4137 2366 4200; x_wconf 87' lang='lat' dir='ltr'><strong>attinent,</strong></span> <span class='ocrx_word' id='word_1_773' title='bbox 2415 4133 2617 4190; x_wconf 89' lang='lat' dir='ltr'><strong>clarius</strong></span> <span class='ocrx_word' id='word_1_774' title='bbox 2658 4134 3042 4189; x_wconf 89' lang='lat' dir='ltr'><strong>edisseremus.</strong></span> <span class='ocrx_word' id='word_1_775' title='bbox 3094 4132 3186 4187; x_wconf 88' lang='lat' dir='ltr'><strong>Sic</strong></span> <span class='ocrx_word' id='word_1_776' title='bbox 3211 4131 3356 4186; x_wconf 91' lang='lat' dir='ltr'><strong>enim</strong></span> <span class='ocrx_word' id='word_1_777' title='bbox 3393 4130 3470 4184; x_wconf 87' lang='lat' dir='ltr'><strong>ait</strong></span> <span class='ocrx_word' id='word_1_778' title='bbox 3512 4129 3679 4184; x_wconf 88' lang='lat' dir='ltr'><strong>Joan-</strong></span> 
     </span>
    </p>
   </div>
   <div class='ocr_carea' id='block_1_100' title="bbox 2103 4220 3679 4284">
    <p class='ocr_par' dir='ltr' id='par_1_100' title="bbox 2103 4220 3679 4284">
     <span class='ocr_line' id='line_1_100' title="bbox 2103 4220 3679 4284; baseline -0.007 0"><span class='ocrx_word' id='word_1_779' title='bbox 2103 4243 2238 4284; x_wconf 90' lang='lat' dir='ltr'><strong>nes:</strong></span> <span class='ocrx_word' id='word_1_780' title='bbox 2278 4245 2298 4280; x_wconf 74' lang='grc' dir='ltr'><strong>ι</strong></span> <span class='ocrx_word' id='word_1_781' title='bbox 2333 4225 2402 4280; x_wconf 89' lang='grc' dir='ltr'>Ει</span> <span class='ocrx_word' id='word_1_782' title='bbox 2419 4225 2527 4281; x_wconf 91' lang='lat' dir='ltr'><strong>vidi</strong></span> <span class='ocrx_word' id='word_1_783' title='bbox 2552 4225 2712 4279; x_wconf 90' lang='lat' dir='ltr'><strong>aliam</strong></span> <span class='ocrx_word' id='word_1_784' title='bbox 2747 4223 2976 4277; x_wconf 90' lang='lat' dir='ltr'><strong>bestiam</strong></span> <span class='ocrx_word' id='word_1_785' title='bbox 3005 4223 3383 4276; x_wconf 90' lang='lat' dir='ltr'><strong>ascendentem</strong></span> <span class='ocrx_word' id='word_1_786' title='bbox 3420 4220 3486 4275; x_wconf 86' lang='lat' dir='ltr'><strong>de</strong></span> <span class='ocrx_word' id='word_1_787' title='bbox 3516 4229 3679 4284; x_wconf 87' lang='lat' dir='ltr'><strong>terra,</strong></span> 
     </span>
    </p>
   </div>
   <div class='ocr_carea' id='block_1_101' title="bbox 2101 4311 3682 4380">
    <p class='ocr_par' dir='ltr' id='par_1_101' title="bbox 2101 4311 3682 4380">
     <span class='ocr_line' id='line_1_101' title="bbox 2101 4311 3682 4380; baseline -0.008 -5"><span class='ocrx_word' id='word_1_788' title='bbox 2101 4328 2157 4375; x_wconf 91' lang='lat' dir='ltr'><strong>et</strong></span> <span class='ocrx_word' id='word_1_789' title='bbox 2199 4318 2432 4373; x_wconf 88' lang='lat' dir='ltr'><strong>habebat</strong></span> <span class='ocrx_word' id='word_1_790' title='bbox 2469 4330 2675 4371; x_wconf 85' lang='lat' dir='ltr'><strong>cornua</strong></span> <span class='ocrx_word' id='word_1_791' title='bbox 2720 4315 2830 4369; x_wconf 94' lang='lat' dir='ltr'><strong>duo</strong></span> <span class='ocrx_word' id='word_1_792' title='bbox 2885 4314 3084 4368; x_wconf 87' lang='lat' dir='ltr'><strong>similia</strong></span> <span class='ocrx_word' id='word_1_793' title='bbox 3125 4312 3282 4380; x_wconf 85' lang='lat' dir='ltr'><strong>agni,</strong></span> <span class='ocrx_word' id='word_1_794' title='bbox 3326 4320 3380 4365; x_wconf 90' lang='lat' dir='ltr'><strong>et</strong></span> <span class='ocrx_word' id='word_1_795' title='bbox 3427 4311 3682 4380; x_wconf 87' lang='lat' dir='ltr'><strong>loqueba-</strong></span> 
     </span>
    </p>
   </div>
   <div class='ocr_carea' id='block_1_102' title="bbox 2103 4401 3680 4475">
    <p class='ocr_par' dir='ltr' id='par_1_102' title="bbox 2103 4401 3680 4475">
     <span class='ocr_line' id='line_1_102' title="bbox 2103 4401 3680 4475; baseline -0.008 -11"><span class='ocrx_word' id='word_1_796' title='bbox 2103 4418 2194 4464; x_wconf 90' lang='lat' dir='ltr'><strong>tur</strong></span> <span class='ocrx_word' id='word_1_797' title='bbox 2211 4409 2352 4464; x_wconf 90' lang='lat' dir='ltr'><strong>sicut</strong></span> <span class='ocrx_word' id='word_1_798' title='bbox 2378 4407 2563 4462; x_wconf 90' lang='lat' dir='ltr'><strong>draco.</strong></span> <span class='ocrx_word' id='word_1_799' title='bbox 2591 4404 2658 4460; x_wconf 83' lang='lat' dir='ltr'><strong>Et</strong></span> <span class='ocrx_word' id='word_1_800' title='bbox 2683 4413 2998 4475; x_wconf 90' lang='lat' dir='ltr'><strong>potestatem</strong></span> <span class='ocrx_word' id='word_1_801' title='bbox 3023 4402 3224 4474; x_wconf 85' lang='lat' dir='ltr'><strong>prioris</strong></span> <span class='ocrx_word' id='word_1_802' title='bbox 3253 4401 3438 4456; x_wconf 69' lang='lat' dir='ltr'><strong>bestia:</strong></span> <span class='ocrx_word' id='word_1_803' title='bbox 3463 4414 3680 4455; x_wconf 90' lang='lat' dir='ltr'><strong>omnem</strong></span> 
     </span>
    </p>
   </div>
   <div class='ocr_carea' id='block_1_103' title="bbox 2102 4493 3685 4569">
    <p class='ocr_par' dir='ltr' id='par_1_103' title="bbox 2102 4493 3685 4569">
     <span class='ocr_line' id='line_1_103' title="bbox 2102 4493 3685 4569; baseline -0.008 -11"><span class='ocrx_word' id='word_1_804' title='bbox 2102 4502 2336 4558; x_wconf 83' lang='lat' dir='ltr'><strong>faciebat</strong></span> <span class='ocrx_word' id='word_1_805' title='bbox 2378 4501 2436 4555; x_wconf 92' lang='lat' dir='ltr'><strong>in</strong></span> <span class='ocrx_word' id='word_1_806' title='bbox 2478 4507 2770 4569; x_wconf 88' lang='lat' dir='ltr'><strong>conspectu</strong></span> <span class='ocrx_word' id='word_1_807' title='bbox 2813 4497 2973 4566; x_wconf 87' lang='lat' dir='ltr'><strong>ejus:</strong></span> <span class='ocrx_word' id='word_1_808' title='bbox 3024 4503 3078 4551; x_wconf 91' lang='lat' dir='ltr'><strong>et</strong></span> <span class='ocrx_word' id='word_1_809' title='bbox 3115 4493 3347 4549; x_wconf 82' lang='lat' dir='ltr'><strong>faciebat</strong></span> <span class='ocrx_word' id='word_1_810' title='bbox 3386 4503 3586 4548; x_wconf 86' lang='lat' dir='ltr'><strong>terram</strong></span> <span class='ocrx_word' id='word_1_811' title='bbox 3626 4500 3685 4546; x_wconf 89' lang='lat' dir='ltr'><strong>et</strong></span> 
     </span>
    </p>
   </div>
   <div class='ocr_carea' id='block_1_104' title="bbox 313 4583 2003 4666">
    <p class='ocr_par' dir='ltr' id='par_1_104' title="bbox 313 4587 1998 4666">
     <span class='ocr_line' id='line_1_104' title="bbox 313 4587 1998 4666; baseline 0.002 -20"><span class='ocrx_word' id='word_1_812' title='bbox 313 4637 323 4646; x_wconf 84' lang='lat'><strong>.</strong></span> <span class='ocrx_word' id='word_1_813' title='bbox 425 4587 678 4654; x_wconf 83' lang='grc' dir='ltr'>κοῦντας,</span> <span class='ocrx_word' id='word_1_814' title='bbox 711 4589 805 4644; x_wconf 74' lang='grc' dir='ltr'><strong>ἵνα</strong></span> <span class='ocrx_word' id='word_1_815' title='bbox 826 4591 1246 4663; x_wconf 86' lang='grc' dir='ltr'>προσκυνήσωσι</span> <span class='ocrx_word' id='word_1_816' title='bbox 1273 4591 1334 4645; x_wconf 85' lang='grc' dir='ltr'>τὸ</span> <span class='ocrx_word' id='word_1_817' title='bbox 1362 4591 1550 4664; x_wconf 87' lang='grc' dir='ltr'>θηρίον</span> <span class='ocrx_word' id='word_1_818' title='bbox 1575 4593 1636 4647; x_wconf 86' lang='grc' dir='ltr'><strong>τὺ</strong></span> <span class='ocrx_word' id='word_1_819' title='bbox 1664 4594 1898 4666; x_wconf 88' lang='grc' dir='ltr'>πρῶτον,</span> <span class='ocrx_word' id='word_1_820' title='bbox 1936 4587 1998 4649; x_wconf 80' lang='grc' dir='ltr'><strong>οῦ</strong></span> 
     </span>
    </p>
   </div>
   <div class='ocr_carea' id='block_1_105' title="bbox 2102 4583 3682 4666">
    <p class='ocr_par' dir='ltr' id='par_1_105' title="bbox 2103 4583 3682 4657">
     <span class='ocr_line' id='line_1_105' title="bbox 2103 4583 3682 4657; baseline -0.005 -9"><span class='ocrx_word' id='word_1_821' title='bbox 2103 4593 2409 4648; x_wconf 87' lang='lat' dir='ltr'><strong>habitantes</strong></span> <span class='ocrx_word' id='word_1_822' title='bbox 2453 4590 2510 4646; x_wconf 91' lang='lat' dir='ltr'><strong>in</strong></span> <span class='ocrx_word' id='word_1_823' title='bbox 2555 4605 2619 4646; x_wconf 89' lang='lat' dir='ltr'><strong>ea</strong></span> <span class='ocrx_word' id='word_1_824' title='bbox 2658 4589 2886 4644; x_wconf 90' lang='lat' dir='ltr'><strong>adorare</strong></span> <span class='ocrx_word' id='word_1_825' title='bbox 2922 4587 3156 4657; x_wconf 89' lang='lat' dir='ltr'><strong>primam</strong></span> <span class='ocrx_word' id='word_1_826' title='bbox 3207 4585 3473 4652; x_wconf 88' lang='lat' dir='ltr'><strong>bestiam,</strong></span> <span class='ocrx_word' id='word_1_827' title='bbox 3523 4583 3682 4653; x_wconf 87' lang='lat' dir='ltr'><strong>cujus</strong></span> 
     </span>
    </p>
   </div>
   <div class='ocr_carea' id='block_1_106' title="bbox 2099 4676 3682 4754">
    <p class='ocr_par' dir='ltr' id='par_1_106' title="bbox 2099 4676 3682 4754">
     <span class='ocr_line' id='line_1_106' title="bbox 2099 4676 3682 4754; baseline -0.008 -12"><span class='ocrx_word' id='word_1_828' title='bbox 2099 4695 2287 4742; x_wconf 89' lang='lat' dir='ltr'><strong>curata</strong></span> <span class='ocrx_word' id='word_1_829' title='bbox 2324 4691 2409 4740; x_wconf 90' lang='lat' dir='ltr'><strong>est</strong></span> <span class='ocrx_word' id='word_1_830' title='bbox 2434 4683 2590 4754; x_wconf 83' lang='lat' dir='ltr'><strong>plaga</strong></span> <span class='ocrx_word' id='word_1_831' title='bbox 2629 4680 2820 4736; x_wconf 90' lang='lat' dir='ltr'><strong>mortis</strong></span> <span class='ocrx_word' id='word_1_832' title='bbox 2855 4679 2994 4749; x_wconf 89' lang='lat' dir='ltr'><strong>ejus.</strong></span> <span class='ocrx_word' id='word_1_833' title='bbox 3026 4678 3095 4733; x_wconf 93' lang='lat' dir='ltr'><strong>Et</strong></span> <span class='ocrx_word' id='word_1_834' title='bbox 3122 4677 3353 4733; x_wconf 83' lang='lat' dir='ltr'><strong>faciebat</strong></span> <span class='ocrx_word' id='word_1_835' title='bbox 3379 4676 3534 4748; x_wconf 86' lang='lat' dir='ltr'><strong>signa</strong></span> <span class='ocrx_word' id='word_1_836' title='bbox 3565 4691 3682 4730; x_wconf 88' lang='lat' dir='ltr'><strong>ma-</strong></span> 
     </span>
    </p>
   </div>
   <div class='ocr_carea' id='block_1_107' title="bbox 2099 4768 3681 4851">
    <p class='ocr_par' dir='ltr' id='par_1_107' title="bbox 2099 4768 3681 4851">
     <span class='ocr_line' id='line_1_107' title="bbox 2099 4768 3681 4851; baseline -0.007 -18"><span class='ocrx_word' id='word_1_837' title='bbox 2099 4794 2224 4851; x_wconf 88' lang='lat' dir='ltr'><strong>gna,</strong></span> <span class='ocrx_word' id='word_1_838' title='bbox 2267 4785 2328 4832; x_wconf 92' lang='lat' dir='ltr'><strong>ut</strong></span> <span class='ocrx_word' id='word_1_839' title='bbox 2355 4777 2520 4832; x_wconf 90' lang='lat' dir='ltr'><strong>etiam</strong></span> <span class='ocrx_word' id='word_1_840' title='bbox 2551 4776 2729 4846; x_wconf 86' lang='lat' dir='ltr'><strong>ignem</strong></span> <span class='ocrx_word' id='word_1_841' title='bbox 2768 4773 2970 4829; x_wconf 88' lang='lat' dir='ltr'><strong>faceret</strong></span> <span class='ocrx_word' id='word_1_842' title='bbox 2997 4773 3064 4828; x_wconf 91' lang='lat' dir='ltr'><strong>de</strong></span> <span class='ocrx_word' id='word_1_843' title='bbox 3090 4772 3229 4828; x_wconf 88' lang='lat' dir='ltr'><strong>coelo</strong></span> <span class='ocrx_word' id='word_1_844' title='bbox 3261 4770 3594 4826; x_wconf 86' lang='lat' dir='ltr'><strong>descendere</strong></span> <span class='ocrx_word' id='word_1_845' title='bbox 3625 4768 3681 4822; x_wconf 91' lang='lat' dir='ltr'><strong>in</strong></span> 
     </span>
    </p>
   </div>
   <div class='ocr_carea' id='block_1_108' title="bbox 2096 4859 3682 4936">
    <p class='ocr_par' dir='ltr' id='par_1_108' title="bbox 2096 4859 3682 4936">
     <span class='ocr_line' id='line_1_108' title="bbox 2096 4859 3682 4936; baseline -0.008 -11"><span class='ocrx_word' id='word_1_846' title='bbox 2096 4879 2299 4925; x_wconf 87' lang='lat' dir='ltr'><strong>terram</strong></span> <span class='ocrx_word' id='word_1_847' title='bbox 2331 4867 2386 4921; x_wconf 91' lang='lat' dir='ltr'><strong>in</strong></span> <span class='ocrx_word' id='word_1_848' title='bbox 2419 4873 2714 4936; x_wconf 85' lang='lat' dir='ltr'><strong>conspectu</strong></span> <span class='ocrx_word' id='word_1_849' title='bbox 2745 4863 3052 4919; x_wconf 89' lang='lat' dir='ltr'><strong>hominum.</strong></span> <span class='ocrx_word' id='word_1_850' title='bbox 3095 4861 3161 4930; x_wconf 74' lang='lat' dir='ltr'><strong>Et</strong></span> <span class='ocrx_word' id='word_1_851' title='bbox 3188 4861 3397 4916; x_wconf 88' lang='lat' dir='ltr'><strong>seducit</strong></span> <span class='ocrx_word' id='word_1_852' title='bbox 3429 4859 3682 4914; x_wconf 89' lang='lat' dir='ltr'><strong>habitan-</strong></span> 
     </span>
    </p>
   </div>
   <div class='ocr_carea' id='block_1_109' title="bbox 2098 4947 3680 5028">
    <p class='ocr_par' dir='ltr' id='par_1_109' title="bbox 2098 4947 3680 5028">
     <span class='ocr_line' id='line_1_109' title="bbox 2098 4947 3680 5028; baseline -0.009 -13"><span class='ocrx_word' id='word_1_853' title='bbox 2098 4969 2179 5016; x_wconf 88' lang='lat' dir='ltr'><strong>tes</strong></span> <span class='ocrx_word' id='word_1_854' title='bbox 2210 4961 2265 5012; x_wconf 90' lang='lat' dir='ltr'><strong>in</strong></span> <span class='ocrx_word' id='word_1_855' title='bbox 2298 4970 2460 5024; x_wconf 88' lang='lat' dir='ltr'><strong>terra,</strong></span> <span class='ocrx_word' id='word_1_856' title='bbox 2495 4966 2716 5028; x_wconf 88' lang='lat' dir='ltr'><strong>pr0pter</strong></span> <span class='ocrx_word' id='word_1_857' title='bbox 2748 4955 2909 5025; x_wconf 87' lang='lat' dir='ltr'><strong>signa</strong></span> <span class='ocrx_word' id='word_1_858' title='bbox 2929 4969 3048 5024; x_wconf 77' lang='lat' dir='ltr'><strong>qua:</strong></span> <span class='ocrx_word' id='word_1_859' title='bbox 3086 4951 3212 5006; x_wconf 86' lang='lat' dir='ltr'><strong>data</strong></span> <span class='ocrx_word' id='word_1_860' title='bbox 3241 4959 3368 5006; x_wconf 92' lang='lat' dir='ltr'><strong>sunt</strong></span> <span class='ocrx_word' id='word_1_861' title='bbox 3396 4949 3474 5003; x_wconf 91' lang='lat' dir='ltr'><strong>illi</strong></span> <span class='ocrx_word' id='word_1_862' title='bbox 3502 4947 3680 5002; x_wconf 88' lang='lat' dir='ltr'><strong>facere</strong></span> 
     </span>
    </p>
   </div>
   <div class='ocr_carea' id='block_1_110' title="bbox 2099 5040 3676 5117">
    <p class='ocr_par' dir='ltr' id='par_1_110' title="bbox 2099 5040 3676 5117">
     <span class='ocr_line' id='line_1_110' title="bbox 2099 5040 3676 5117; baseline -0.007 -14"><span class='ocrx_word' id='word_1_863' title='bbox 2099 5049 2155 5104; x_wconf 90' lang='lat' dir='ltr'><strong>in</strong></span> <span class='ocrx_word' id='word_1_864' title='bbox 2187 5055 2480 5117; x_wconf 87' lang='lat' dir='ltr'><strong>conspectu</strong></span> <span class='ocrx_word' id='word_1_865' title='bbox 2520 5045 2734 5110; x_wconf 57' lang='lat' dir='ltr'><strong>bestia,</strong></span> <span class='ocrx_word' id='word_1_866' title='bbox 2778 5044 2965 5099; x_wconf 90' lang='lat' dir='ltr'><strong>dicens</strong></span> <span class='ocrx_word' id='word_1_867' title='bbox 3005 5041 3374 5097; x_wconf 89' lang='lat' dir='ltr'><strong>habitantibus</strong></span> <span class='ocrx_word' id='word_1_868' title='bbox 3414 5040 3469 5092; x_wconf 89' lang='lat' dir='ltr'><strong>in</strong></span> <span class='ocrx_word' id='word_1_869' title='bbox 3513 5047 3676 5102; x_wconf 89' lang='lat' dir='ltr'><strong>terra,</strong></span> 
     </span>
    </p>
   </div>
   <div class='ocr_carea' id='block_1_111' title="bbox 2100 5127 3678 5208">
    <p class='ocr_par' dir='ltr' id='par_1_111' title="bbox 2100 5127 3678 5208">
     <span class='ocr_line' id='line_1_111' title="bbox 2100 5127 3678 5208; baseline -0.011 -13"><span class='ocrx_word' id='word_1_870' title='bbox 2100 5150 2162 5195; x_wconf 92' lang='lat' dir='ltr'><strong>ut</strong></span> <span class='ocrx_word' id='word_1_871' title='bbox 2188 5139 2390 5195; x_wconf 84' lang='lat' dir='ltr'><strong>faciant</strong></span> <span class='ocrx_word' id='word_1_872' title='bbox 2418 5137 2711 5208; x_wconf 80' lang='lat' dir='ltr'><strong>imaginem</strong></span> <span class='ocrx_word' id='word_1_873' title='bbox 2743 5135 2932 5191; x_wconf 66' lang='lat' dir='ltr'><strong>bestiae</strong></span> <span class='ocrx_word' id='word_1_874' title='bbox 2967 5148 3090 5204; x_wconf 67' lang='lat' dir='ltr'><strong>qua:</strong></span> <span class='ocrx_word' id='word_1_875' title='bbox 3131 5131 3293 5185; x_wconf 86' lang='lat' dir='ltr'><strong>habet</strong></span> <span class='ocrx_word' id='word_1_876' title='bbox 3320 5129 3532 5199; x_wconf 87' lang='lat' dir='ltr'><strong>plagam</strong></span> <span class='ocrx_word' id='word_1_877' title='bbox 3563 5127 3678 5196; x_wconf 86' lang='lat' dir='ltr'><strong>gla-</strong></span> 
     </span>
    </p>
   </div>
   <div class='ocr_carea' id='block_1_112' title="bbox 2098 5220 3680 5299">
    <p class='ocr_par' dir='ltr' id='par_1_112' title="bbox 2098 5220 3680 5299">
     <span class='ocr_line' id='line_1_112' title="bbox 2098 5220 3680 5299; baseline -0.009 -13"><span class='ocrx_word' id='word_1_878' title='bbox 2098 5231 2195 5299; x_wconf 91' lang='lat' dir='ltr'><strong>dii,</strong></span> <span class='ocrx_word' id='word_1_879' title='bbox 2225 5240 2280 5286; x_wconf 89' lang='lat' dir='ltr'><strong>et</strong></span> <span class='ocrx_word' id='word_1_880' title='bbox 2307 5231 2460 5284; x_wconf 81' lang='lat' dir='ltr'><strong>vixit.</strong></span> <span class='ocrx_word' id='word_1_881' title='bbox 2493 5229 2560 5282; x_wconf 87' lang='lat' dir='ltr'><strong>Et</strong></span> <span class='ocrx_word' id='word_1_882' title='bbox 2581 5228 2767 5282; x_wconf 91' lang='lat' dir='ltr'><strong>datum</strong></span> <span class='ocrx_word' id='word_1_883' title='bbox 2797 5234 2881 5281; x_wconf 91' lang='lat' dir='ltr'><strong>est</strong></span> <span class='ocrx_word' id='word_1_884' title='bbox 2906 5226 2983 5279; x_wconf 90' lang='lat' dir='ltr'><strong>illi</strong></span> <span class='ocrx_word' id='word_1_885' title='bbox 3013 5234 3073 5278; x_wconf 91' lang='lat' dir='ltr'><strong>ut</strong></span> <span class='ocrx_word' id='word_1_886' title='bbox 3093 5224 3246 5278; x_wconf 90' lang='lat' dir='ltr'><strong>daret</strong></span> <span class='ocrx_word' id='word_1_887' title='bbox 3264 5221 3513 5292; x_wconf 84' lang='lat' dir='ltr'><strong>spiritum</strong></span> <span class='ocrx_word' id='word_1_888' title='bbox 3547 5220 3680 5272; x_wconf 81' lang='lat' dir='ltr'><strong>ima-</strong></span> 
     </span>
    </p>
   </div>
   <div class='ocr_carea' id='block_1_113' title="bbox 2099 5309 3673 5393">
    <p class='ocr_par' dir='ltr' id='par_1_113' title="bbox 2099 5309 3673 5393">
     <span class='ocr_line' id='line_1_113' title="bbox 2099 5309 3673 5393; baseline -0.009 -17"><span class='ocrx_word' id='word_1_889' title='bbox 2099 5322 2208 5393; x_wconf 82' lang='lat' dir='ltr'><strong>gini</strong></span> <span class='ocrx_word' id='word_1_890' title='bbox 2239 5322 2459 5386; x_wconf 67' lang='lat' dir='ltr'><strong>bestize,</strong></span> <span class='ocrx_word' id='word_1_891' title='bbox 2496 5327 2559 5375; x_wconf 89' lang='lat' dir='ltr'><strong>ut</strong></span> <span class='ocrx_word' id='word_1_892' title='bbox 2594 5328 2647 5374; x_wconf 93' lang='lat' dir='ltr'><strong>et</strong></span> <span class='ocrx_word' id='word_1_893' title='bbox 2677 5320 2932 5388; x_wconf 89' lang='lat' dir='ltr'><strong>loquatur</strong></span> <span class='ocrx_word' id='word_1_894' title='bbox 2961 5317 3138 5385; x_wconf 84' lang='lat' dir='ltr'><strong>imago</strong></span> <span class='ocrx_word' id='word_1_895' title='bbox 3162 5313 3372 5378; x_wconf 62' lang='lat' dir='ltr'><strong>bestiae,</strong></span> <span class='ocrx_word' id='word_1_896' title='bbox 3407 5317 3459 5365; x_wconf 90' lang='lat' dir='ltr'><strong>et</strong></span> <span class='ocrx_word' id='word_1_897' title='bbox 3493 5309 3673 5375; x_wconf 84' lang='lat' dir='ltr'><strong>faciat,</strong></span> 
     </span>
    </p>
   </div>
   <div class='ocr_carea' id='block_1_114' title="bbox 2099 5400 3674 5483">
    <p class='ocr_par' dir='ltr' id='par_1_114' title="bbox 2099 5400 3674 5483">
     <span class='ocr_line' id='line_1_114' title="bbox 2099 5400 3674 5483; baseline -0.01 -15"><span class='ocrx_word' id='word_1_898' title='bbox 2099 5422 2162 5468; x_wconf 93' lang='lat' dir='ltr'><strong>ut</strong></span> <span class='ocrx_word' id='word_1_899' title='bbox 2205 5414 2521 5483; x_wconf 89' lang='lat' dir='ltr'><strong>quicunque</strong></span> <span class='ocrx_word' id='word_1_900' title='bbox 2560 5427 2668 5466; x_wconf 90' lang='lat' dir='ltr'><strong>non</strong></span> <span class='ocrx_word' id='word_1_901' title='bbox 2716 5407 3060 5465; x_wconf 89' lang='lat' dir='ltr'><strong>adoraverint</strong></span> <span class='ocrx_word' id='word_1_902' title='bbox 3107 5404 3396 5474; x_wconf 88' lang='lat' dir='ltr'><strong>imaginem</strong></span> <span class='ocrx_word' id='word_1_903' title='bbox 3450 5400 3674 5465; x_wconf 72' lang='lat' dir='ltr'><strong>bestiae,</strong></span> 
     </span>
    </p>
   </div>
   <div class='ocr_carea' id='block_1_115' title="bbox 2101 5497 3674 5566">
    <p class='ocr_par' dir='ltr' id='par_1_115' title="bbox 2101 5497 3674 5566">
     <span class='ocr_line' id='line_1_115' title="bbox 2101 5497 3674 5566; baseline -0.011 -5"><span class='ocrx_word' id='word_1_904' title='bbox 2101 5505 2440 5561; x_wconf 89' lang='lat' dir='ltr'><strong>occidantur.</strong></span> <span class='ocrx_word' id='word_1_905' title='bbox 2486 5502 2554 5556; x_wconf 87' lang='lat' dir='ltr'><strong>Et</strong></span> <span class='ocrx_word' id='word_1_906' title='bbox 2591 5502 2750 5557; x_wconf 86' lang='lat' dir='ltr'><strong>faciet</strong></span> <span class='ocrx_word' id='word_1_907' title='bbox 2791 5515 3014 5564; x_wconf 89' lang='lat' dir='ltr'><strong>omnes,</strong></span> <span class='ocrx_word' id='word_1_908' title='bbox 3050 5497 3276 5566; x_wconf 89' lang='lat' dir='ltr'><strong>pusillos</strong></span> <span class='ocrx_word' id='word_1_909' title='bbox 3316 5502 3370 5549; x_wconf 91' lang='lat' dir='ltr'><strong>et</strong></span> <span class='ocrx_word' id='word_1_910' title='bbox 3411 5506 3674 5561; x_wconf 85' lang='lat' dir='ltr'><strong>magnos,</strong></span> 
     </span>
    </p>
   </div>
   <div class='ocr_carea' id='block_1_116' title="bbox 2102 5585 3676 5666">
    <p class='ocr_par' dir='ltr' id='par_1_116' title="bbox 2102 5585 3676 5666">
     <span class='ocr_line' id='line_1_116' title="bbox 2102 5585 3676 5666; baseline -0.008 -14"><span class='ocrx_word' id='word_1_911' title='bbox 2102 5597 2297 5652; x_wconf 91' lang='lat' dir='ltr'><strong>divites</strong></span> <span class='ocrx_word' id='word_1_912' title='bbox 2332 5606 2389 5651; x_wconf 93' lang='lat' dir='ltr'><strong>et</strong></span> <span class='ocrx_word' id='word_1_913' title='bbox 2435 5610 2732 5666; x_wconf 88' lang='lat' dir='ltr'><strong>pauperes,</strong></span> <span class='ocrx_word' id='word_1_914' title='bbox 2774 5593 2973 5646; x_wconf 88' lang='lat' dir='ltr'><strong>liberos</strong></span> <span class='ocrx_word' id='word_1_915' title='bbox 3011 5597 3064 5643; x_wconf 90' lang='lat' dir='ltr'><strong>et</strong></span> <span class='ocrx_word' id='word_1_916' title='bbox 3103 5603 3326 5653; x_wconf 83' lang='lat' dir='ltr'><strong>servos,</strong></span> <span class='ocrx_word' id='word_1_917' title='bbox 3365 5593 3426 5639; x_wconf 93' lang='lat' dir='ltr'><strong>ut</strong></span> <span class='ocrx_word' id='word_1_918' title='bbox 3466 5585 3554 5640; x_wconf 88' lang='lat' dir='ltr'><strong>det</strong></span> <span class='ocrx_word' id='word_1_919' title='bbox 3594 5585 3676 5640; x_wconf 88' lang='lat' dir='ltr'><strong>eis</strong></span> 
     </span>
    </p>
   </div>
   <div class='ocr_carea' id='block_1_117' title="bbox 2107 5679 3677 5758">
    <p class='ocr_par' dir='ltr' id='par_1_117' title="bbox 2107 5679 3677 5758">
     <span class='ocr_line' id='line_1_117' title="bbox 2107 5679 3677 5758; baseline -0.008 -12"><span class='ocrx_word' id='word_1_920' title='bbox 2107 5691 2481 5746; x_wconf 88' lang='lat' dir='ltr'><strong>characterem</strong></span> <span class='ocrx_word' id='word_1_921' title='bbox 2525 5688 2643 5758; x_wconf 91' lang='lat' dir='ltr'><strong>ejus</strong></span> <span class='ocrx_word' id='word_1_922' title='bbox 2683 5687 2737 5741; x_wconf 93' lang='lat' dir='ltr'><strong>in</strong></span> <span class='ocrx_word' id='word_1_923' title='bbox 2778 5699 2940 5740; x_wconf 89' lang='lat' dir='ltr'><strong>manu</strong></span> <span class='ocrx_word' id='word_1_924' title='bbox 2973 5697 3161 5738; x_wconf 91' lang='lat' dir='ltr'><strong>eorum</strong></span> <span class='ocrx_word' id='word_1_925' title='bbox 3195 5682 3450 5746; x_wconf 83' lang='lat' dir='ltr'><strong>dextera,</strong></span> <span class='ocrx_word' id='word_1_926' title='bbox 3489 5688 3581 5734; x_wconf 90' lang='lat' dir='ltr'><strong>aut</strong></span> <span class='ocrx_word' id='word_1_927' title='bbox 3620 5679 3677 5733; x_wconf 89' lang='lat' dir='ltr'><strong>in</strong></span> 
     </span>
    </p>
   </div>
   <div class='ocr_carea' id='block_1_118' title="bbox 503 5880 2003 5964">
    <p class='ocr_par' dir='ltr' id='par_1_118' title="bbox 503 5886 2003 5963">
     <span class='ocr_line' id='line_1_118' title="bbox 503 5886 2003 5963; baseline 0.005 -23"><span class='ocrx_word' id='word_1_928' title='bbox 503 5887 547 5917; x_wconf 70' lang='lat'>&quot;</span> <span class='ocrx_word' id='word_1_929' title='bbox 570 5886 698 5944; x_wconf 86' lang='lat' dir='ltr'><strong>Luc.</strong></span> <span class='ocrx_word' id='word_1_930' title='bbox 737 5905 775 5958; x_wconf 83' lang='grc' dir='ltr'><strong>ι,</strong></span> <span class='ocrx_word' id='word_1_931' title='bbox 813 5889 895 5944; x_wconf 85' lang='lat' dir='ltr'><strong>l7.</strong></span> <span class='ocrx_word' id='word_1_932' title='bbox 971 5889 1018 5922; x_wconf 81' lang='grc'><strong>⁸⁷</strong></span> <span class='ocrx_word' id='word_1_933' title='bbox 1044 5891 1209 5962; x_wconf 80' lang='lat' dir='ltr'><strong>Apoc.</strong></span> <span class='ocrx_word' id='word_1_934' title='bbox 1244 5909 1320 5956; x_wconf 70' lang='grc' dir='ltr'>χι,</span> <span class='ocrx_word' id='word_1_935' title='bbox 1346 5893 1397 5946; x_wconf 82' lang='grc'>5.</span> <span class='ocrx_word' id='word_1_936' title='bbox 1475 5894 1520 5924; x_wconf 71' lang='grc'><strong>⁸⁸</strong></span> <span class='ocrx_word' id='word_1_937' title='bbox 1549 5893 1680 5948; x_wconf 90' lang='lat' dir='ltr'><strong>Dan.</strong></span> <span class='ocrx_word' id='word_1_938' title='bbox 1714 5911 1787 5963; x_wconf 56' lang='grc' dir='ltr'>Ἰ,</span> <span class='ocrx_word' id='word_1_939' title='bbox 1823 5894 1888 5949; x_wconf 67' lang='lat'><strong>“27</strong></span> <span class='ocrx_word' id='word_1_940' title='bbox 1989 5894 2003 5926; x_wconf 88' lang='lat'>&#39;</span> 
     </span>
    </p>
   </div>
   <div class='ocr_carea' id='block_1_119' title="bbox 2102 5880 3430 5964">
    <p class='ocr_par' dir='ltr' id='par_1_119' title="bbox 2102 5880 3430 5964">
     <span class='ocr_line' id='line_1_119' title="bbox 2102 5880 3430 5964; baseline -0.011 -13"><span class='ocrx_word' id='word_1_941' title='bbox 2102 5909 2222 5964; x_wconf 58' lang='lat' dir='ltr'><strong>pori-</strong></span> <span class='ocrx_word' id='word_1_942' title='bbox 2261 5912 2334 5962; x_wconf 51' lang='lat' dir='ltr'><strong>xi,</strong></span> <span class='ocrx_word' id='word_1_943' title='bbox 2366 5894 2484 5952; x_wconf 68' lang='lat'><strong>4-6.</strong></span> <span class='ocrx_word' id='word_1_944' title='bbox 2560 5880 2602 5925; x_wconf 67' lang='grc' dir='ltr'><strong>εδ</strong></span> <span class='ocrx_word' id='word_1_945' title='bbox 2633 5894 2765 5951; x_wconf 86' lang='lat' dir='ltr'><strong>Ibid.</strong></span> <span class='ocrx_word' id='word_1_946' title='bbox 2798 5893 2847 5946; x_wconf 91' lang='lat'><strong>7.</strong></span> <span class='ocrx_word' id='word_1_947' title='bbox 2929 5891 2968 5920; x_wconf 86' lang='grc'><strong>⁶¹</strong></span> <span class='ocrx_word' id='word_1_948' title='bbox 2998 5887 3133 5943; x_wconf 87' lang='lat' dir='ltr'><strong>Dan.</strong></span> <span class='ocrx_word' id='word_1_949' title='bbox 3161 5903 3252 5954; x_wconf 84' lang='lat' dir='ltr'><strong>vn,</strong></span> <span class='ocrx_word' id='word_1_950' title='bbox 3293 5884 3347 5951; x_wconf 80' lang='lat'><strong>8,</strong></span> <span class='ocrx_word' id='word_1_951' title='bbox 3376 5885 3430 5938; x_wconf 84' lang='lat'><strong>9.</strong></span> 
     </span>
    </p>
   </div>
  </div>
