4134 6418
459 428 562 485 ⁸167

1101 427 1161 485 S.
1204 426 1567 484 HIPPOLYTI
1605 427 1759 486 OPP.
1798 426 1983 484 PARS
2020 428 2085 484 ll.
2128 461 2196 472 —
2233 425 2538 485 DOGMAT.
2580 424 2668 481 ET
2709 422 3053 482 HISTORIC.

3610 418 3717 478 768

458 547 640 601 fronte
667 561 858 601 eorum
885 563 900 601 :
926 552 988 600 ut
1012 559 1080 599 ne
1104 545 1229 615 quis
1252 546 1429 615 possit
1455 560 1635 600 emere
1667 553 1762 599 aut
1791 544 2043 610 vendere,

2158 543 2341 617 θέρους
2368 543 2462 597 καὶ
2491 543 2618 605 τοὺς
2641 539 2879 603 δούλους,
2911 538 2998 593 ἴνα
3221 537 3406 601 αὐτοῖς
3454 536 3720 609 χάραγμα

459 638 567 693 nisi
596 638 692 708 qui
732 638 895 692 habet
925 637 1319 702 characterem,
1362 652 1559 691 nomen
1596 636 1803 692 scilicet
1835 636 2041 703 bestiae,

458 729 578 784 sive
608 744 896 784 numerum
923 728 1160 782 nominis
1190 726 1330 797 ejus.
1373 726 1472 782 Hic
1508 728 1773 799 sapientia
1804 737 1907 783 est.
1939 725 2044 793 Qui

462 822 627 877 habet
654 822 984 878 intellectum
1006 859 1022 881 .
1068 832 1340 891 computet
1369 838 1658 877 numerum
1689 822 1892 877 bestiae.
1933 819 2046 875 Nu-

464 931 650 971 merus
685 918 831 970 enim
862 914 1102 970 hominis
1131 924 1244 983 est,
1278 926 1335 971 et
1365 930 1626 971 numerus
1650 915 1769 986 ejus
1801 915 2045 972 sexcenti

465 1006 745 1077 sexaginta
774 1021 869 1061 sex
902 1005 969 1060 “.
1006 1023 1026 1057 ι

536 1278 727 1337 XLIX.
783 1280 1017 1338 Bestiam
1070 1282 1235 1352 igitur
1288 1283 1672 1339 ascendentem
1733 1283 1803 1339 de
1858 1291 2002 1338 terra
2027 1322 2043 1348 ,

466 1370 710 1426 futurum
738 1382 896 1426 vocat
917 1371 1237 1427 Antichristi
1266 1387 1516 1444 regnum.
1561 1371 1679 1427 Duo
1709 1380 1890 1427 autem
1917 1386 2045 1427 cor-

467 1480 609 1531 nua,
646 1465 823 1534 ipsum
845 1506 860 1531 ,
898 1480 963 1520 ac
992 1466 1085 1535 qui
1117 1465 1192 1519 illi
1235 1480 1454 1530 comes,
1494 1466 2042 1536 pseudoprophetam.

466 1555 623 1619 Quod
664 1565 844 1610 autem
890 1556 1010 1625 ejus
1056 1575 1074 1607 ι
1117 1572 1357 1622 cornua,
1408 1559 1533 1629 agni
1575 1558 1771 1613 similia
1810 1576 1829 1609 ι
1878 1557 2043 1624 dicit;

466 1648 573 1702 hoc
598 1647 889 1717 signiﬁcat,
929 1648 1044 1703 fore
1074 1658 1134 1703 ut
1166 1650 1254 1704 ille
1281 1650 1512 1704 similem
1539 1664 1599 1704 se
1628 1650 1719 1704 Dei
1748 1649 1885 1704 Filio
1912 1663 2047 1719 prae-

468 1736 641 1806 lerat,
686 1753 853 1810 seque
894 1755 1075 1809 regem
1116 1740 1390 1795 exhibeat.
1418 1738 1573 1806 Quod
1618 1758 1637 1791 ι
1690 1741 1831 1798 sicut
1880 1741 2046 1795 draco

468 1830 730 1900 loquitur,
769 1850 788 1885 ι
825 1833 927 1885 hoc
949 1842 1052 1898 est,
1080 1835 1222 1902 quod
1256 1834 1512 1888 seductor
1538 1843 1623 1888 est
1652 1843 1705 1889 et
1726 1849 1831 1897 non
1859 1850 2041 1890 verax.

467 1894 628 1984 Quod
664 1894 844 1975 autem
882 1894 1262 1991 «potestatem
1306 1924 1506 1993 prioris
1547 1924 1731 1978 bestia:
1776 1922 2008 1981 faciebat
2033 1969 2050 1994 ,
2083 1894 2123 1949 Β

467 2008 708 2080 facitque
758 2021 816 2066 ut
858 2021 999 2066 terra
1032 2021 1083 2066 et
1135 2012 1228 2082 qui
1272 2014 1323 2067 in
1387 2029 1450 2067 ea
1498 2014 1785 2082 hahitant,
1830 2017 2052 2072 adorent

468 2102 702 2172 primam
741 2104 1002 2168 bestiam,
1041 2105 1199 2174 cujus
1237 2106 1392 2176 plaga
1431 2108 1621 2161 mortis
1647 2117 1833 2161 curata
1871 2118 1993 2172 est;
2028 2130 2048 2163 ι

472 2195 577 2249 hoc
621 2194 924 2264 signiﬁcat,
959 2211 1027 2251 ex
1061 2196 1292 2269 Augusti
1339 2199 1517 2268 legum
1567 2199 1911 2267 rationibus,
1959 2217 2056 2272 per

469 2302 631 2357 quem
677 2288 984 2342 Romanum
1031 2290 1313 2344 conditum
1367 2291 1654 2360 imperium
1703 2301 1822 2359 est,
1874 2293 2053 2363 ipsum

468 2393 690 2449 quoque
741 2380 1133 2450 imperaturum
1188 2397 1312 2437 esse
1370 2383 1626 2454 legesque
1674 2385 2052 2454 sanciturum;

468 2486 577 2541 qua
640 2472 863 2528 solertia
918 2474 1203 2529 conﬁrmet
1260 2476 1485 2544 omnia,
1529 2477 1904 2549 majoremque
1951 2480 2054 2535 sibi

467 2565 771 2621 claritatem
818 2565 1070 2621 asciscat.
1117 2566 1242 2621 Hch
1290 2568 1435 2623 enim
1477 2580 1672 2637 quarta
1717 2570 1886 2626 bestia
1934 2582 2053 2635 est,

470 2658 633 2728 cujus
665 2658 829 2729 capiti
859 2659 1068 2713 illatum
1101 2660 1321 2727 vulnus,
1356 2673 1409 2717 et
1441 2677 1633 2717 rursus
1668 2671 1916 2717 curatum
1936 2672 2051 2731 est;

467 2752 617 2821 quod
654 2753 863 2808 scilicet
898 2768 1067 2823 prope
1091 2754 1395 2810 conciderit
1435 2755 1723 2825 imperium
1768 2756 1900 2822 hoc,
1942 2756 2055 2812 sive

467 2844 635 2898 etiam
660 2844 714 2898 in
742 2853 1113 2915 contemptum
1143 2846 1357 2914 abierit,
1382 2857 1435 2902 et
1458 2848 1511 2901 in
1541 2847 1727 2902 decem
1748 2848 2054 2903 diademata

469 2935 777 2991 resolutum
808 2938 908 2992 sit:
942 2948 1073 2992 tunc
1095 2953 1223 2993 vero
1246 2939 1617 2995 Antichristus
1644 2941 1855 3010 sagacis
1888 2941 2054 2996 homo

474 3027 675 3097 ingenii
710 3043 774 3083 ac
816 3037 1091 3096 versutus,
1138 3031 1285 3085 velut
1332 3032 1509 3101 ipsum
1541 3040 1833 3087 curaturus
1862 3048 1928 3088 ac
1965 3047 2053 3088 re-

474 3127 778 3175 novaturus
812 3121 904 3175 sit.
938 3120 1055 3177 lloc
1078 3123 1221 3177 enim
1245 3133 1328 3179 est
1348 3124 1493 3193 quod
1517 3124 1724 3178 dictum
1755 3134 1838 3180 est
1869 3140 1898 3179 a
1927 3140 2056 3195 ιιι-θα

2145 637 2239 689 ἐπὶ
2264 635 2364 707 τῆς
2385 634 2564 705 χειρὸς
2600 634 2779 688 αὐτῶν
2819 634 2918 704 τῆς
2948 630 3146 695 δεξιᾶς,
3176 630 3211 701 ἦ
3241 630 3334 684 ἐπὶ
3370 629 3431 684 τὸ
3471 630 3720 701 μέτωπον

2143 724 2355 779 αὐτῶν
2385 708 2472 779 ἶνα
2499 725 2574 796 μή
2609 742 2692 788 τις
2729 723 2949 794 δύνηται
2974 719 3300 791 ἀγοράσαιῆ
3336 719 3622 791 πωλῆσαι,
3669 721 3719 774 εί

2146 813 2223 886 μὴ
2249 816 2279 868 ὀ
2310 813 2448 885 ἔχων
2471 813 2534 867 τὸ
2562 813 2845 885 χάραγμα,
2877 811 2940 865 τὸ
2961 810 3133 882 ὄνομα
3164 808 3258 864 τοῦ
3293 808 3483 881 θηρίου
3515 812 3657 883 (97),
3683 812 3719 884 ἢ

2141 908 2234 959 τὸν
2260 904 2492 977 ἀριθμὸν
2519 905 2615 959 τοῦ
2643 905 2905 975 ὀνόματος
2931 902 3120 959 αὐτοῦ.
3150 897 3280 957 Ὧδε
3301 904 3335 974 ή
3359 902 3520 973 σοφία
3547 904 3717 959 ἐστίν.

2155 998 2214 1052 '0
2240 998 2379 1069 ἔχων
2423 996 2548 1051 νοῦν
2570 1036 2587 1062 ,
2628 996 2921 1069 ψηφισάτω
2947 995 3041 1050 τὸν
3082 994 3314 1068 ἀριθμὸν
3353 994 3448 1049 τοῦ
3491 994 3717 1067 θηρίου·

2144 1090 2375 1163 ἀριθμὸς
2428 1091 2538 1165 γὰρ
2592 1089 2878 1162 ἀνθρώπου
2924 1088 3061 1156 ἐστὶ,
3110 1089 3204 1142 καὶ
3241 1088 3270 1141 ὁ
3298 1086 3720 1160 ἀριθμὺςαύτοῦ

2143 1185 2293 1238 ἐστιν
2326 1182 2471 1255 χξς¹.

2215 1276 2289 1330 Τὸ
2318 1276 2415 1348 μὲν
2442 1269 2537 1331 οὖν
2564 1274 2754 1347 θηρίον
2778 1274 3066 1330 ἀναϐαῖνον
3093 1275 3158 1328 ὲκ
3187 1273 3287 1345 τῆς
3328 1272 3454 1344 γῆς,
3484 1272 3586 1345 τὴν
3621 1271 3721 1343 βα-
3802 1328 3807 1331 ,

2146 1368 2353 1423 σιλείαν
2373 1367 2474 1440 τήν
2512 1366 2609 1420 τοῦ
2651 1366 3021 1438 ’Δντιχρίστου
3048 1364 3313 1435 ἐσομένην
3335 1363 3515 1433 λέγει’
3562 1364 3633 1416 τὰ
3664 1363 3723 1417 δὲ

2143 1461 2238 1515 δύο
2264 1462 2497 1533 κέρατα,
2522 1461 2619 1515 καὶ
2637 1460 2730 1514 τὸν
2766 1460 2882 1531 μετ’
2911 1459 3074 1515 αὑτὸν
3102 1458 3214 1528 (98)
3242 1456 3720 1537 ψευδοπροφήτην

2145 1554 2205 1608 τὸ
2235 1555 2290 1607 δὲ
2319 1556 2521 1608 εἰπεῖν’
2556 1572 2575 1605 ι
2611 1552 2679 1606 τὰ
2706 1554 2912 1625 κέρατα
2938 1552 3105 1606 αὐτοῦ
3133 1552 3298 1621 ὃμοια
3333 1550 3538 1623 ἀρνίῳ·
3575 1569 3594 1602 ι
3640 1551 3723 1603 ὅτι

2145 1645 2520 1717 ἐξομοιοῦσθαι
2550 1644 2731 1717 μέλλει
2750 1644 2829 1716 τῷ
2850 1643 2964 1715 Υἱῷ
2982 1642 3074 1697 τοῦ
3103 1642 3261 1705 Θεοῦ,
3291 1644 3385 1697 καὶ
3400 1643 3562 1705 αὐτὸς
3598 1643 3726 1696 ἑαυ-

2144 1739 2235 1792 τὸν
2261 1737 2481 1809 βασιλέα
2502 1737 2864 1791 ἐπιδεικνύειν
2882 1754 2896 1768 ν
2935 1736 2996 1791 τὸ
3019 1736 3077 1789 δὲ
3098 1754 3117 1785 ι
3147 1734 3328 1789 λαλεῖν
3354 1734 3429 1798 ὡς
3453 1733 3719 1805 δράκων,ι

2147 1832 2232 1884 ὅτι
2279 1830 2478 1894 πλάνος
2515 1830 2634 1882 ἐστὶ
2681 1829 2774 1883 καὶ
2815 1829 2915 1882 οὐκ
2947 1827 3183 1899 ἀληθής’
3224 1826 3287 1880 τὸ
3338 1826 3394 1878 δὲ
3435 1827 3530 1879 καὶ
3573 1845 3593 1877 ι
3626 1826 3727 1899 τὴν

2158 1922 2403 1988 ἐξουσίαν
2436 1919 2531 1974 τοῦ
2567 1919 2781 1993 πρώτου
2806 1918 2994 1993 θηρίου
3010 1917 3121 1989 (99)
3151 1916 3346 1980 ἐποίει,
3364 1918 3458 1971 καὶ
3476 1916 3729 1988 ποιεῖτὴν
3816 1950 3819 1953 -

2157 2017 2262 2086 γῆν
2288 2016 2381 2067 καὶ
2408 2013 2535 2078 τοὺς
2568 2015 2627 2067 ἔν
2655 2013 2792 2083 αὐτῇ
2820 2009 3207 2074 κατοικοῦντας
3224 2047 3240 2073 ,
3287 2009 3374 2062 ἵνα
3421 2017 3733 2083 προσκυνή-

2158 2124 2291 2161 σωσι
2311 2105 2373 2159 τὸ
2396 2105 2585 2177 θηρίον
2610 2102 2941 2196 τδιπρῶτονῌ,
2976 2094 3039 2155 οὗ
3078 2100 3419 2196 ἐθεραπεύθη
3469 2103 3503 2169 ή
3548 2101 3735 2196 πληγή

2154 2197 2247 2251 τοῦ
2270 2197 2500 2251 θανάτου
2548 2194 2747 2251 αὑτοῦ·
2779 2213 2799 2247 ι
2842 2192 2999 2246 τοῦτο
3028 2192 3301 2264 σημαίνει,
3349 2193 3431 2246 ὅτι
3456 2191 3597 2246 κατὰ
3639 2191 3731 2245 τὸν

2155 2289 2465 2359 Αὐγούστου
2498 2288 2686 2358 νόμον,
2739 2287 2830 2357 ἀφ’
2862 2278 2924 2339 οὗ
2948 2285 3041 2338 καὶ
3077 2287 3110 2353 τί)
3158 2284 3400 2367 βασιλεία
3449 2285 3731 2357 Ῥωμαίων

2156 2383 2387 2452 συνέστη
2408 2422 2424 2447 ,
2474 2380 2618 2435 οὕτω
2661 2380 2757 2434 καὶ
2826 2379 2990 2442 αὐτὸς
3031 2376 3277 2431 κελεύσει
3321 2378 3418 2431 καὶ
3472 2375 3731 2453 διατάξει,

2156 2476 2374 2530 ἅπαντα
2422 2472 2702 2545 ὲπικυρῶν
2757 2472 2847 2526 διὰ
2897 2470 3090 2525 τούτου
3114 2510 3129 2535 ,
3175 2470 3270 2524 καὶ
3326 2469 3482 2537 δόξαν
3537 2467 3731 2539 ἑαυτοῦ
3838 2476 3843 2479 ’

2154 2568 2379 2622 πλείονα
2411 2565 2885 2640 περιποιούμενος.
2916 2563 3087 2617 Τοῦτο
3109 2563 3218 2636 γάρ
3241 2564 3358 2615 ἐστι
3381 2562 3444 2615 τὸ
3470 2561 3657 2633 θηρίον
3672 2560 3735 2615 τὺ

2154 2660 2440 2733 τέταρτον,
2474 2652 2541 2725 ,οὗ
2586 2658 2797 2730 ἐπλήγη
2840 2660 2874 2729 ή
2922 2656 3132 2729 κεφαλὴ
3156 2650 3303 2720 ,ίκαὶ
3337 2655 3498 2710 πάλιν
3538 2653 3732 2724 ὲθεραι

2154 2752 2332 2825 πεύθη
2352 2769 2366 2785 ο
2392 2751 2481 2805 διὰ
2507 2751 2568 2805 τὸ
2601 2749 2969 2821 καταλυθῆναι
2996 2750 3168 2820 αὐτὴν
3200 2748 3295 2820 (l),
3327 2748 3360 2819 ή
3394 2750 3490 2802 καὶ
3534 2747 3735 2819 ἀτιμωρ-

2156 2847 2367 2918 σθῆναι,
2396 2845 2490 2900 καὶ
2514 2845 2593 2909 είς
2619 2843 2752 2897 δέκα
2774 2842 3082 2915 διαδήματα
3112 2841 3445 2911 άναλυθῆναι
3464 2857 3478 2871 ·
3512 2839 3572 2904 ὃς
3608 2839 3731 2893 τότε

2154 2937 2460 3009 πανοῦργος
2486 2935 2584 3004 ὣν,
2607 2934 2794 3008 ὥσπερ
2818 2934 3146 3007 θεραπεύσει
3174 2935 3344 3006 αὐτὴν
3367 2935 3460 2988 καὶ
3491 2933 3730 2989 ἀνανεώ-

2156 3048 2256 3085 σει.
2286 3030 2456 3083 Τοῦτο
2482 3030 2592 3102 γάρ
2618 3031 2736 3083 ἐστι
2757 3028 2819 3082 τὸ
2844 3028 3131 3100 εἰρημένον
3162 3028 3267 3083 ὑπὸ
3288 3027 3380 3082 τοῦ
3427 3030 3728 3101 προφήτου,

2154 3121 2235 3176 ὅτι
2265 3141 2283 3174 ι
2307 3120 2478 3176 Δώσει
2507 3121 2724 3193 πνεῦμα
2743 3122 2811 3192 τῇ
2841 3119 3033 3187 εἰκόνι,
3083 3121 3178 3174 καὶ
3223 3119 3449 3191 λαλήσει
3487 3121 3521 3191 ἡ
3566 3119 3730 3173 είκὼν

475 3208 670 3277 pheta:
708 3229 727 3262 ι
774 3209 1035 3266 Daturum
1064 3213 1272 3268 scilicet
1306 3229 1433 3268 eum
1477 3215 1727 3283 spiritum
1759 3214 2054 3285 [latumque

2158 3217 2249 3272 τοῦ
2280 3216 2489 3289 θηρίου.
2524 3236 2544 3268 ι
2588 3216 2904 3288 Ἐνεργήσει
2926 3213 3036 3286 γὰρ
3064 3214 3157 3268 καὶ
3196 3214 3403 3285 ἰσχύσει
3444 3213 3604 3269 πάλιν
3645 3213 3733 3269 διὰ

474 3298 717 3369 imagini,
749 3316 815 3356 ac
844 3302 1151 3357 locuturam
1183 3317 1306 3359 esse
1339 3304 1527 3360 bestiae
1553 3304 1866 3376 imaginem.
1910 3326 1929 3359 ι
1960 3305 2052 3361 Vi-

474 3392 622 3462 gebit
663 3395 807 3448 enim
840 3403 896 3450 et
935 3396 1229 3452 invalescet
1259 3412 1472 3464 rursus,
1515 3398 1585 3453 ob
1617 3398 1856 3453 sancilas
1886 3400 1954 3455 ab
1986 3414 2052 3454 eo

473 3485 658 3558 leges:
709 3485 979 3555 facietque
1032 3496 1092 3541 ut
1149 3504 1342 3544 omnes
1392 3490 1486 3559 qui
1543 3506 1649 3545 non
1709 3492 2055 3548 adoraverint

476 3574 768 3645 imaginem
798 3578 1007 3641 bestiae,
1034 3578 1373 3633 occidantur.
1411 3579 1510 3635 Hie
1540 3580 1672 3637 ﬁdes
1703 3597 1767 3636 ac
1792 3584 2053 3652 patientia

478 3675 793 3721 sanctorum
834 3669 1111 3724 clarescet.
1156 3669 1245 3723 Ait
1271 3671 1451 3725 enim:
1489 3690 1508 3723 ι
1547 3671 1613 3727 Et
1652 3672 1812 3729 faciet
1840 3683 1902 3729 ut
1937 3692 2057 3731 om-

480 3774 601 3824 nes,
631 3759 810 3828 pusilli
839 3769 892 3815 et
929 3762 1132 3832 magni,
1169 3763 1361 3818 divites
1395 3772 1449 3818 et
1491 3780 1777 3835 pauperes,
1811 3768 1965 3823 liberi
2002 3776 2058 3824 et

480 3852 657 3915 servi,
690 3851 877 3907 bestia:
902 3853 1271 3909 characterem
1307 3856 1360 3909 iu
1394 3871 1559 3911 manu
1590 3874 1688 3912 sua
1716 3858 1936 3914 dextera
1965 3868 2060 3915 aut

478 3943 534 3999 in
567 3943 745 4001 fronte
775 3947 1076 4017 accipiant;
1122 3958 1180 4003 ut
1207 3966 1369 4006 nemo
1394 3954 1565 4023 possit
1599 3968 1780 4007 emere
1808 3963 1902 4007 aut
1928 3964 2059 4008 ven-

477 4035 629 4104 dere,
657 4038 760 4092 nisi
795 4041 888 4108 qui
927 4039 1114 4095 bestia:
1141 4042 1480 4112 signaculum
1525 4044 1752 4108 babeat;
1792 4043 1911 4114 ejus
1953 4045 2061 4100 sci-

476 4125 605 4181 licet
639 4142 868 4195 nomen,
915 4145 1010 4185 seu
1052 4146 1343 4186 numerum
1393 4134 1631 4189 nominis
1671 4133 1835 4190 illius.
1875 4154 1896 4187 ι
1923 4135 2060 4189 Cum

476 4219 625 4274 enim
649 4219 789 4276 dolis
813 4232 1078 4279 consutus
1109 4222 1212 4289 sit,
1251 4232 1303 4279 et
1327 4223 1588 4281 adversus
1617 4222 1713 4281 Dei
1748 4240 1935 4281 servos
1964 4241 2062 4281 su-

556 4368 602 4401 "
632 4367 856 4439 Apocal.
893 4384 1015 4436 xui,
1049 4368 1236 4423 ll-l8.
1313 4364 1339 4383 ‘

552 4480 664 4551 (9'1)
709 4480 780 4534 Τὸ
804 4480 991 4551 ὄνομα
1012 4484 1116 4538 τοῦ
1138 4483 1365 4551 θηρίου.
1393 4482 1485 4540 Sic
1512 4486 1674 4540 etiam
1703 4486 1871 4541 codex
1900 4484 2054 4542 Alex.

481 4554 600 4608 sine
626 4552 1334 4626 particulaautidividente
1378 4565 1472 4610 aut
1506 4556 1824 4626 copulante:
1868 4565 1928 4611 ut
1962 4573 2061 4611 no-

483 4599 604 4698 .'.‘.‘e'.'_.
625 4599 2057 4698 ιέὗίιῑὖὲὲῐιεξῖίίῆἰεὶιιίέᾶἰῦπἰ’ρἒἷπῖἷὲῖἇὲ”ἱάὶρᾶξεὶῖ,
2094 4599 2138 4658 ί)

489 4711 509 4744 ι
547 4693 868 4757 character,
922 4693 1262 4762 obsignatio,
1326 4697 1545 4769 i__velut
1592 4693 1701 4769 fere
1745 4693 2062 4769 obsignatur

484 4777 782 4838 nummus,
833 4777 1146 4838 quanquam
1206 4765 1446 4838 neeilli
1506 4768 1701 4836 saepius
1749 4765 1891 4836 ipsa'
1919 4769 2063 4838 regis

485 4833 666 4902 imago
699 4832 870 4907 deest.
904 4834 1180 4907 Χάραγμα
1215 4833 1427 4905 θηρίου,
1466 4832 1611 4907 quod
1641 4832 1920 4893 Barborita
1948 4832 2065 4892 vult

483 4919 607 4977 esse
640 4904 950 4957 unctionem
990 4904 1044 4977 in
1080 4904 1258 4977 fronte
1291 4904 1350 4960 et
1384 4904 1559 4977 manu
1606 4924 1771 4977 quam
1820 4907 2065 4964 Ecclesia

485 4973 831 5049 frequentat,
858 4975 1072 5049 egregie
1106 4974 1353 5049 confutat
1384 4975 1538 5049 Hugo
1571 4973 1793 5034 Grotius
1825 4980 2061 5049 Append.

486 5059 588 5119 sua
615 5045 677 5098 de
704 5045 1065 5119 Antichristi);
1100 5046 1190 5099 uhi
1224 5045 1497 5119 suorum,
1529 5049 1642 5103 sive
1676 5050 1730 5103 in
1768 5045 1883 5104 suis
1908 5045 2066 5119 capi-

484 5114 750 5188 tosiorum
773 5154 787 5179 ,
839 5115 1098 5188 ineptiam
1130 5116 1275 5171 serio
1316 5118 1581 5187 exagitat:
1613 5120 1706 5188 qui
1744 5114 2065 5175 Antichristi

486 5185 826 5258 imaginem,
855 5201 962 5240 non
990 5187 1057 5258 ad
1086 5186 1312 5240 llomam
1359 5185 1720 5251 idololatram,
1754 5191 1932 5258 qualis
1967 5191 2068 5244 fuit

487 5254 972 5328 subA’Domitiano,
1015 5256 1282 5328 Trajano,
1312 5258 1607 5328 Aureliano
1649 5254 1878 5328 aliisque
1919 5260 2068 5328 prin-

488 5325 742 5400 cipibus;
797 5328 897 5400 sed
925 5329 992 5381 ad
1025 5325 1253 5400 Romam
1293 5327 1658 5383 Christianam
1683 5370 1699 5396 ,
1736 5325 1839 5400 sub
1870 5325 2066 5400 papatu

513 5411 730 5467 summo
781 5397 990 5452 scilicet
1034 5397 1175 5451 Petri
1227 5400 1576 5454 successione
1621 5397 1960 5467 sacerdotio,
2013 5410 2070 5455 et

539 5466 693 5520 liristi
731 5468 1153 5538 peculiarijure
1197 5467 1424 5538 vicario)
1459 5477 1567 5523 tam
1612 5469 1912 5538 procaciter
1958 5478 2070 5526 tra-

496 5537 650 5608 iiunt,
681 5552 844 5608 quam
881 5537 1118 5604 insulse;
1154 5547 1213 5592 ut
1240 5536 1645 5608 cujus‘laudem
1677 5536 1951 5604 ambiunt,
1985 5557 2072 5596 re-

492 5605 597 5659 bus
630 5607 802 5659 sacris
840 5615 895 5663 et
940 5605 1324 5663 ecclesiasticis
1359 5610 1805 5667 eruditiuneulze.
1855 5611 1935 5665 vel
1984 5612 2072 5666 hic

494 5676 1000 5749 maximecaecante
1040 5678 1232 5733 aﬂ'ectu
1257 5686 1367 5749 ,κει
1414 5687 1474 5733 ιιι
1505 5680 1694 5734 rudem
1734 5680 2070 5749 plebeculam

497 5760 683 5799 Secum
726 5745 1036 5801 dementem
1086 5762 1151 5803 ac
1200 5748 1490 5805 seditionis
1517 5745 1835 5804 taedam—illi
1879 5765 2072 5807 accen-

497 5814 651 5888 dant,
680 5814 790 5869 vim
812 5831 1039 5888 omnem
1064 5817 1337 5888 depulisse
1361 5820 1671 5888 ostendant.
1702 5820 1939 5876 Couasr.

432 5894 442 5923 ³
568 5884 681 5957 (98)
718 5885 829 5941 Καὶ
860 5884 1359 5956 writer/"aura.
1392 5887 1519 5961 Leg.
1558 5888 1651 5944 καὶ
1683 5891 1845 5948 αὐτόν
1873 5908 1933 5947 τε
1976 5891 2070 5947 καὶ

2151 3313 2243 3367 τὸν
2272 3313 2365 3367 ὑπ’
2399 3308 2566 3365 αὐτοῦ
2589 3308 2907 3381 ὁριζόμενον
2931 3308 3094 3379 νόμον
3115 3326 3130 3340 ·
3151 3306 3246 3363 καὶ
3260 3309 3489 3379 ’ποιήσει
3513 3308 3599 3362 ἵνα
3619 3308 3732 3362 ὅσοι

2153 3404 2247 3459 ἐὰν
2279 3403 2352 3476 μὴ
2379 3404 2803 3475 προσκυνήσωσι
2820 3404 2886 3473 τῇ
2914 3401 3082 3455 εικόνι
3101 3399 3194 3454 τοῦ
3220 3399 3435 3473 θηρίου,
3456 3401 3733 3455 ἀποκταν-

2154 3493 2339 3548 θῶσιν.
2377 3488 2508 3547 ⁷οδε
2538 3493 2571 3564 ἡ
2596 3492 2779 3557 πίστις
2800 3490 2895 3545 καὶ
2918 3492 2952 3561 ή
2982 3490 3229 3563 ὑπομονὴ
3263 3489 3373 3543 τῶν
3412 3490 3581 3560 άγίων
3633 3506 3737 3560 φα-

2155 3586 2409 3659 νήσεται·
2445 3583 2581 3655 φησὶ
2603 3584 2713 3657 γάρ
2736 3600 2750 3616 ο
2793 3604 2815 3637 ι
2852 3584 2964 3637 Καὶ
2984 3584 3202 3655 ποιήσει
3228 3583 3462 3650 πάντας,
3494 3582 3621 3645 τοὺς
3642 3599 3736 3652 μι-

2158 3680 2327 3750 κροὺς
2357 3678 2452 3731 καὶ
2501 3678 2628 3740 τοὺς
2657 3676 2925 3748 μεγάλους
2949 3716 2964 3741 ,
3009 3674 3106 3729 καὶ
3141 3677 3269 3741 τοὺς
3314 3674 3598 3737 πλουσίους
3642 3673 3738 3726 καὶ

2160 3769 2286 3832 τοὺς
2309 3769 2579 3839 πτωχοὺς,
2607 3768 2701 3823 καὶ
2729 3769 2855 3833 τοὺς
2882 3767 3199 3839 ἐλευθέρους
3229 3767 3323 3821 καὶ
3343 3766 3466 3831 τοὺς
3498 3764 3735 3831 δούλους,

2161 3861 2250 3915 ἵνα
2276 3860 2423 3935 δώσῃ
2452 3860 2635 3923 αὐτοῖς
2672 3859 2935 3931 χάραγμα
2966 3860 3060 3913 ἐπὶ
3090 3855 3191 3930 τῆς
3220 3858 3400 3931 χειρὸς
3429 3856 3608 3912 αὐτῶν
3638 3856 3741 3927 τῆς

2162 3950 2361 4018 δεξιᾶς,
2390 3953 2423 4023 ἢ
2446 3950 2548 4006 ’ἐπὶ
2572 3952 2631 4006 τὸ
2655 3952 2905 4023 μέτωπον
2923 3968 2937 3981 ·
2973 3951 3063 4005 ἵνα
3092 3951 3165 4022 μή
3185 3968 3268 4015 τις
3293 3950 3517 4023 δύνηται
3538 3948 3743 4021 ἀγορά-

2165 4060 2256 4097 σαι
2284 4044 2317 4115 ἣ
2345 4044 2613 4117 πωλῆσαι,
2641 4045 2689 4098 εί
2724 4045 2799 4117 μὴ
2826 4046 2854 4098 ὁ
2888 4044 3027 4116 ἔχων
3052 4044 3111 4097 τὸ
3139 4044 3402 4116 χάραγμα
3424 4084 3439 4108 ,
3472 4040 3532 4095 τὺ
3571 4042 3743 4114 ὄνομα

2161 4134 2255 4190 τοῦ
2288 4135 2499 4208 θηρίου,
2526 4137 2560 4209 ἢ
2587 4137 2679 4190 τὸν
2704 4136 2934 4209 ἀριθμὸν
2963 4136 3057 4191 τοῦ
3086 4136 3349 4207 ὀνόματος
3380 4132 3562 4189 αὑτοῦ.
3598 4152 3619 4186 ι
3642 4133 3743 4186 Δό-

2162 4226 2277 4294 λιος
2304 4226 2413 4299 γὰρ
2454 4226 2529 4281 ὢν
2562 4228 2659 4284 καλ⁸
2690 4228 3045 4301 ἐπαιρόμενος
3087 4227 3228 4282 κατὰ
3269 4226 3376 4282 τῶν
3411 4225 3613 4281 δούλων
3645 4225 3739 4280 τοῦ

2542 4386 2585 4410 /

2162 4487 2257 4559 τὸν
2289 4486 2618 4559 μετάύτδν,
2657 4486 2739 4541 vel
2757 4485 2961 4559 potius?
2978 4482 3316 4559 μετῗαύτοῦ,
3363 4483 3592 4559 ηιιοάει
3630 4483 3744 4559 Gu-

2165 4555 2300 4636 dius
2314 4558 2685 4636 conjiciehatL
2696 4555 2827 4611 mihi
2857 4555 3037 4625 aptius
3065 4556 3306 4636 videtur,_
3323 4565 3382 4611 ut
3409 4555 3745 4636 Antichrisio

2165 4631 2257 4698 qui
2301 4626 2459 4699 quasi
2506 4644 2599 4683 rex
2646 4627 3016 4699 Romanorum
3064 4635 3258 4699 teneat
3295 4626 3616 4699 imperium,
3666 4626 3745 4699 illi

2165 4694 2332 4754 adsit‘
2358 4699 2860 4768 pseudOpropheta,
2910 4697 3001 4768 qui
3039 4711 3205 4766 regno
3246 4696 3430 4768 bestiae
3470 4694 3746 4768 consiabi—

2164 4769 2345 4823 liendo
2360 4765 2587 4824 omnem
2619 4765 2840 4837 operam
2870 4765 3141 4831 conferat;
3174 4767 3459 4837 utscilicet
3485 4766 3587 4837 ille_
3602 4765 3745 4822 Deus

2166 4839 2464 4909 habeatur;
2520 4834 2672 4895 velut
2715 4836 2829 4893 fere
2877 4837 3197 4907 Apollonius
3240 4835 3515 4909 Tyameus
3562 4834 3747 4909 Domi:

2166 4909 2333 4964 tiano.
2389 4905 2462 4965 Ut
2493 4911 2675 4966 omnia
2718 4923 2839 4978 qua:
2858 4905 3224 4978 contigerunt
3271 4905 3356 4961 vel
3397 4909 3453 4962 in
3490 4905 3746 4978 Antiochi

2166 4982 2576 5049 persecutione,
2633 4980 2717 5035 vel
2737 4976 2808 5033 ‘in
2857 4976 3118 5031 Romanis
3150 4977 3487 5049 principibus
3529 4977 3747 5049 Christo

2166 5046 2433 5130 infensis,
2482 5052 2673 5107 eadem
2696 5050 2836 5130 __ipsa
2885 5046 3267 5130 exspectentur
3311 5046 3366 5101 in
3412 5046 3748 5130 Aniichristo

2166 5123 2426 5196 extremis
2480 5118 2844 5196 temporibus,
2898 5118 3094 5196 majori
3126 5118 3289 5196 etiam
3329 5118 3552 5173 cumulo
3587 5118 3746 5196 e_x_hi-

2168 5191 2367 5256 benda,
2397 5208 2508 5263 quo
2529 5188 2887 5263 illé_absolu_te
2906 5188 3281 5263 Antichristus
3306 5199 3410 5255 est,
3436 5188 3746 5263 mortalium

2168 5255 2559 5330 nequissimus.
2611 5261 2783 5315 Etiam
2817 5258 3155 5313 Diocletiano
3182 5259 3523 5330 imperatore
3562 5255 3749 5330 Romae

2167 5328 2502 5401 prohibitum
2531 5346 2708 5387 emere
2733 5339 2829 5401 aut
2858 5330 3106 5401 vendere,
3138 5329 3242 5383 nisi
3282 5328 3439 5383 thure
3468 5328 3608 5401 iocis
3631 5329 3747 5401 im-

2167 5398 2383 5472 posito,
2417 5420 2512 5458 seu
2551 5403 2656 5456 alia
2696 5402 2748 5454 in
2788 5400 3002 5471 signum
3042 5400 3364 5455 idololatrici
3398 5398 3597 5472 cultus
3628 5398 3751 5451 lita-

2168 5468 2343 5543 tione,
2384 5489 2507 5543 qua:
2549 5472 2745 5543 bestia:
2776 5468 3038 5543 χάραγμα
3071 5481 3219 5525 esset
3255 5486 3320 5525 ac
3358 5468 3695 5543 signaculum
3727 5484 3745 5522 :

2169 5540 2355 5598 Romae
2395 5539 2616 5598 Christo
2664 5539 3215 5611 inleiisie,‘ejusque
3268 5539 3487 5597 omnem
3541 5539 3749 5594 cultum

2169 5613 2317 5667 omni
2350 5628 2511 5683 opera
2540 5613 2805 5683 studentis
2838 5611 3070 5665 abolere.
3108 5613 3261 5683 lusit.

2241 5683 2354 5753 (99)
2387 5680 2509 5737 ’Τοῦ
2554 5680 2788 5751 ὲτρώτου
2832 5683 3061 5753 θηρίου.
3115 5683 3193 5735 lla
3237 5680 3619 5753 Combelisius,
3669 5686 3751 5753 te—

2170 5749 2757 5879 Etu‘in'Apocalypseos
2786 5749 2916 5820 xui,
2947 5752 3017 5807 12
3045 5760 3290 5808 secutus.
3318 5750 3530 5808 Omittit
3558 5749 3751 5822 θηρίου

2222 5840 2252 5878 ιι
2295 5839 2398 5878 ius.

2222 5839 2398 5878 UGIUS.

2242 5893 2319 5966 (ι)
2350 5892 2571 5964 Αὐτὴν.
2615 5890 2862 5951 Combel‘.
2883 5933 2899 5962 ,
2935 5891 3160 5963 ταύτην.
