4134 6384
515 365 613 420 771

1161 367 1218 422 S.
1260 364 1620 422 HIPPOLYTI
1659 367 1810 422 OPP.
1847 367 2133 435 PARS".
2172 400 2243 412 —
2279 367 2586 426 DOGMAT.
2631 369 2718 425 ET
2758 369 3100 427 HISTORIC.

3659 373 3766 428 77‘}.

507 488 702 556 gratia,
736 495 820 542 est
851 501 1044 542 nomen
1077 485 1255 554 Titan,
1301 485 1444 558 quod
1474 503 1669 542 nomen
1698 490 1983 558 antiquum
2021 507 2063 544 at

2186 491 2348 563 ψήφῳ
2391 493 2819 563 ἐμπεριέχεται,
2867 492 2961 543 καὶ
3001 491 3166 560 ἕτερα
3209 487 3430 544 πλείονα
3475 489 3764 562 εὑρεθῆναι

505 577 716 632 illustre
748 588 858 644 est;
911 579 994 632 vel
1028 577 1332 644 Evanthas;
1379 595 1505 632 nam
1556 580 1660 634 hoc
1699 596 1916 651 quoque
1963 582 2079 651 pari

504 669 982 738 comprehenditur
1021 677 1312 737 computo,
1361 669 1576 740 aliaque
1609 685 1718 724 non
1760 687 1932 742 pauca
1959 688 2082 742 qua:

508 761 636 815 licet
677 763 938 816 invenire.
973 762 1110 828 Quia
1156 771 1338 817 tamen
1391 763 1504 832 jam
1548 763 1828 828 diximus,
1880 763 2080 834 prioris

510 854 694 908 bestiae
721 855 932 924 plagam
967 861 1210 908 curatam
1235 869 1377 918 esse,
1412 870 1476 909 ac
1499 854 1648 924 loqui
1680 854 1970 924 imaginem
1997 853 2079 910 fe-

506 945 680 1010 cisse,
714 944 860 1013 quod
891 955 973 999 est
1002 945 1169 999 robur
1201 945 1278 998 illi
1306 945 1558 1014 viresque
1582 945 1866 1000 tribuisse:
1898 945 2080 1016 palam

501 1035 755 1089 omnibus
774 1042 876 1098 est,
900 1035 993 1105 qui
1018 1035 1317 1089 etiamnum
1345 1050 1526 1090 rerum
1551 1036 1842 1106 potiantur,
1862 1035 2082 1092 Latinos

498 1138 643 1180 esse.
683 1124 741 1178 Si
790 1127 955 1196 igitur
985 1135 1042 1180 ut
1071 1127 1234 1182 unius
1271 1126 1508 1182 hominis
1551 1143 1752 1183 nomen
1787 1129 2081 1183 transfera-

499 1226 619 1284 tur,
656 1218 880 1273 Latinus
924 1219 1202 1274 eﬂicietur.
1255 1217 1436 1284 Quare
1483 1234 1585 1273 nec
1634 1219 2035 1290 praedicandum
2061 1259 2077 1286 ,

499 1312 659 1382 quasi
685 1313 789 1366 hoc
817 1313 887 1367 sit
921 1312 1066 1368 illius
1098 1327 1317 1376 nomen,
1348 1327 1447 1366 nec
1479 1329 1672 1369 rursus
1703 1313 2076 1382 nesciendum,

498 1417 660 1472 posse
682 1417 806 1456 eum
833 1402 988 1456 aliter
1009 1405 1341 1474 nuncupari:
1373 1405 1467 1459 sed
1491 1420 1614 1459 cum
1639 1403 1734 1458 Dei
1761 1404 2076 1474 mysterium

498 1492 554 1546 in
584 1492 748 1546 corde
771 1493 1092 1559 habeamus,
1126 1510 1250 1558 cum
1279 1495 1475 1549 timore
1511 1495 1613 1549 [ide
1639 1496 1925 1564 servanda,
1958 1510 2080 1567 qua:

496 1597 529 1636 a
567 1584 740 1638 beatis
771 1585 1049 1654 prophetis
1072 1587 1330 1656 praedicta
1361 1597 1520 1654 sunt;
1556 1595 1614 1641 ut
1643 1603 1768 1642 cum
1809 1590 1898 1645 illa
1926 1591 2077 1660 ﬁent,

494 1675 880 1744 prospiciendo
903 1677 1130 1732 solerter
1159 1693 1266 1732 non
1299 1677 1655 1747 decipiamur.
1687 1677 2081 1750 Supervenien-

494 1766 568 1819 tia
610 1765 756 1819 enim
802 1776 1082 1836 tempora,
1134 1767 1298 1822 etiam
1349 1768 1496 1824 hunc
1533 1768 1601 1824 de
1643 1785 1753 1839 quo
1782 1771 1898 1827 hcce
1934 1773 2077 1828 dicta

494 1869 642 1921 sunt,
674 1859 1120 1915 manifestabuut.

567 1947 652 2002 Ll.
692 1949 796 2003 Sed
827 1965 894 2004 ne
924 1950 1009 2004 his
1040 1950 1304 2006 duntaxat
1339 1954 1621 2008 sententiis
1648 1955 1916 2026 dictisque
1957 1957 2076 2014 illos

495 2038 854 2104 inducamus,
891 2042 983 2110 qui
1031 2041 1341 2096 divinorum
1371 2044 1713 2113 cloquiorum
1755 2049 1900 2102 cultu
1933 2049 2078 2104 dele-

495 2138 735 2194 ctantur,
781 2131 901 2185 aliis
946 2131 1194 2200 pluribus
1224 2134 1783 2190 demonstrationibus
1825 2140 2075 2193 ostende-

494 2234 639 2271 mus.
689 2218 778 2273 Ait
823 2221 967 2273 enim
1019 2220 1236 2274 Daniel:
1289 2239 1308 2273 ι
1359 2221 1424 2276 Ει
1472 2222 1563 2275 isti
1609 2223 1962 2278 salvabuntur
2007 2226 2074 2280 de

492 2324 660 2362 manu
689 2310 808 2379 ejus
827 2353 841 2377 ,
879 2310 1048 2365 Edoni
1077 2321 1131 2366 et
1164 2311 1320 2366 Moab
1341 2352 1355 2376 ,
1398 2323 1450 2366 et
1478 2313 1804 2384 principium
1836 2317 2071 2370 liliorum

490 2401 724 2457 Ammon
764 2403 830 2456 ⁶⁸.
882 2422 898 2454 ι
933 2409 1162 2458 Ammon
1204 2416 1256 2458 et
1293 2404 1450 2460 Moab
1491 2407 1587 2460 tilii
1617 2405 1722 2461 Lot
1757 2423 1821 2461 ex
1859 2409 2072 2466 ﬁliabus

490 2494 758 2562 progeniti
807 2495 851 2524 ⁶⁶
877 2535 891 2560 ,
936 2511 1170 2564 quorum
1205 2497 1504 2551 etiamnum
1539 2514 1709 2568 genus
1738 2512 2068 2568 perseverat.

488 2587 581 2638 Ait
627 2587 772 2639 enim
815 2587 1018 2641 Isaias:
1057 2606 1074 2637 ι
1118 2586 1180 2640 Ει
1213 2587 1472 2643 volabunt
1506 2589 1560 2643 in
1608 2592 1837 2646 navibus
1877 2595 2068 2646 alieni—

489 2694 782 2747 genarum;
822 2694 971 2734 mare
1016 2679 1180 2732 simul
1223 2680 1649 2748 praedabantur,
1692 2692 1746 2736 ct
1781 2698 1876 2738 eos
1905 2686 1998 2754 qui
2036 2702 2064 2740 a

487 2769 622 2822 solis
667 2780 812 2824 ortu.
855 2769 920 2823 Et
968 2771 1022 2823 in
1070 2769 1226 2824 Moab
1266 2771 1503 2839 primum
1549 2788 1744 2828 manus
1786 2775 2064 2845 injicient;

488 2861 582 2914 lilii
632 2871 812 2915 autem
843 2863 1075 2916 Ammon
1109 2865 1264 2931 primi
1292 2865 1548 2918 obedient
1575 2866 1640 2920 ⁵⁷.
1668 2885 1688 2917 ι

557 2952 666 3005 Lll.
716 2953 814 3008 llic
858 2955 1022 3024 igitur
1061 2956 1168 3010 illis
1199 2959 1536 3026 temporibus
1563 2974 1845 3030 emergens
1874 2976 2066 3016 occur-

486 3054 596 3099 ret:
638 3047 915 3116 triumque
957 3064 1223 3102 cornuum
1254 3065 1319 3104 ex
1347 3050 1533 3104 decem
1567 3067 1761 3121 pugna:
1806 3055 1922 3109 acie
1966 3071 2064 3124 po-

486 3139 656 3205 titus,
696 3139 910 3208 illisque
952 3141 1213 3197 radicitus
1249 3143 1486 3209 evulsis,
1537 3143 1772 3216 IEgypto
1816 3147 2060 3213 scilicet,
2092 3185 2133 3243 Ο

483 3230 651 3301 Libya
681 3241 735 3286 et
773 3231 1070 3302 Aithiopia,
1119 3235 1355 3303 acceptis
1401 3251 1591 3290 eorum
1621 3237 1807 3306 spoliis
1844 3254 1908 3294 ac
1945 3255 2064 3293 ma-

484 3324 688 3387 nubiis,
718 3325 942 3394 reliquis
967 3325 1131 3379 etiam
1161 3327 1420 3383 cornibus
1451 3345 1572 3397 quae
1603 3345 1702 3383 nec
1729 3330 1844 3400 ipsa
1874 3331 2069 3386 immu-

483 3416 573 3469 nia
600 3418 882 3480 exsistant,
907 3418 1228 3488 oblzcsisque
1252 3419 1450 3474 ﬁnibus
1469 3419 1569 3489 (δ’)
1593 3436 1650 3475 se
1680 3420 1755 3474 illi
1780 3421 2066 3491 subjicicn-

482 3509 665 3575 tibus,
714 3510 944 3564 exaltari
991 3511 1174 3565 animo
1227 3513 1450 3582 incipiet
1496 3523 1550 3568 et
1583 3515 1844 3569 adversus
1891 3513 2060 3569 Deum

478 3598 688 3664 eﬂ‘erri,
743 3600 836 3667 qui
887 3601 1051 3655 totius
1103 3601 1250 3655 orbis
1300 3609 1571 3656 terrarum
1620 3604 1876 3672 potiatur.
1932 3603 2062 3674 Ejus

478 3689 655 3757 prima
689 3691 965 3760 aggressio
1001 3691 1103 3745 erit
1149 3693 1408 3747 adversus
1437 3692 1641 3763 Tyrum
1673 3703 1727 3748 et
1768 3694 2020 3766 Berytum
2042 3739 2057 3762 ,

479 3795 546 3833 ac
571 3780 1017 3835 circumvicinam
1060 3783 1358 3852 regionem.
1393 3783 1489 3839 llis
1515 3785 1661 3838 enim
1692 3785 1919 3841 urbibus
1948 3787 2060 3856 pri-’

480 3887 632 3925 mum
679 3874 1026 3944 expugnatis,
1065 3875 1185 3929 aliis
1231 3884 1494 3929 terrorem
1542 3876 1767 3945 injiciet,
1797 3878 2059 3947 quemad-

478 3965 699 4019 modum
731 3965 897 4021 Isaias
932 3967 1037 4021 ait:
1093 3985 1112 4018 ‹
1160 3966 1465 4033 Erubesce,
1506 3966 1694 4035 Sidon,
1720 3969 1858 4024 dixit
1886 3985 2054 4025 mare.

473 4053 756 4111 Fortitudo
792 4072 922 4112 vero
951 4059 1118 4114 maris
1155 4059 1323 4114 dixit:
1371 4058 1491 4114 Non
1532 4061 1830 4129 parturivi,
1881 4075 2057 4132 neque

475 4149 695 4218 peperi,
732 4164 832 4203 nec
859 4150 1082 4204 educavi
1109 4151 1370 4221 juvenes,
1403 4167 1502 4205 nec
1538 4152 1768 4206 exaltavi
1797 4152 2054 4224 virgines.

475 4238 706 4304 Quando
735 4249 915 4293 autem
946 4240 1191 4294 auditum
1227 4240 1388 4295 fuerit
1419 4239 1654 4311 ,κεδνοῖο
1674 4278 1690 4305 ,
1735 4240 1911 4311 capiet
1959 4254 2054 4295 eos

472 4328 629 4383 dolor
664 4344 764 4399 pro
795 4327 938 4400 Tyro
970 4330 1033 4384 "'.
1073 4348 1094 4382 ι

544 4419 680 4474 Llll.
709 4418 806 4474 llis
837 4421 910 4475 ita
941 4418 1170 4485 futuris,
1198 4418 1550 4474 dilectissime
1571 4457 1587 4484 ,
1620 4433 1684 4474 ac
1719 4418 1895 4473 tribus
1924 4433 2052 4472 cor-

473 4511 636 4565 nibus
664 4512 732 4566 ab
760 4527 825 4566 eo
857 4512 1054 4567 excisis
1077 4553 1090 4579 ,
1134 4511 1397 4582 posthaec
1430 4527 1489 4566 se
1524 4521 1582 4565 ut
1608 4510 1772 4565 Deum
1798 4509 2055 4565 exhibere

473 4601 1236 4672 incipiet,-quemadmodum
1282 4604 1530 4674 praedixrt
1563 4603 1844 4660 Ezechiel:
1890 4620 1908 4654 ι
1947 4601 2053 4658 Pro

471 4707 538 4746 eo
565 4693 712 4763 quod
739 4694 1034 4747 exaltatum
1068 4703 1152 4750 est
1181 4710 1274 4749 cor
1305 4703 1458 4749 tuum
1486 4738 1499 4763 ,
1551 4705 1606 4750 et
1635 4695 1822 4750 dixisti
1846 4713 1860 4750 :
1906 4694 2052 4752 Deus

472 4799 592 4837 sum
623 4799 722 4853 ego
747 4783 811 4836 ⁸9.
853 4803 870 4836 ι
908 4783 1168 4840 Similiter
1205 4802 1422 4856 quoque
1451 4787 1650 4842 Isaias:
1689 4805 1708 4840 ι
1746 4785 1826 4842 Τυ
1868 4798 2050 4864 autem

542 4897 587 4929 ⁶⁸
609 4895 745 4952 Dan.
779 4915 856 4968 xt,
888 4899 975 4953 41.

467 5015 616 5092 enim
648 5032 872 5092 nomen,
919 5018 1085 5092 habet
1134 5036 1424 5075 numerum
1477 5021 1544 5092 de
1588 5037 1699 5092 quo
1742 5023 2040 5092 quaeritur:

470 5087 564 5162 sed
609 5087 743 5162 nihil
786 5089 1339 5162 dereoiallirmamus.
1400 5087 1777 5162 sistati'mqué
1809 5093 2035 5148 subdit:

471 5174 498 5210 tl
531 5155 634 5212 Sed
677 5167 732 5213 et
775 5160 1115 5214 ΛΛΤΕΙΝΟΣ
1161 5177 1358 5216 nomen
1385 5200 1401 5226 ,
1443 5161 1608 5216 habet
1655 5155 2038 5218 sescentorum

469 5228 751 5297 sexaginta
795 5245 890 5284 sex
939 5246 1264 5296 numerum;
1315 5242 1370 5286 et
1401 5233 1555 5286 valde
1592 5233 1890 5288 verisimile
1931 5242 2038 5300 est,

467 5301 726 5372 quoniam
753 5302 1108 5355 novissimum
1139 5317 1366 5372 regnum
1385 5303 1488 5357 hoc
1512 5302 1673 5356 habet
1687 5303 2036 5358 vocabulum.

2180 582 2472 654 δυνάμενα.
2555 584 2692 636 Ἀλλ’
2735 585 2920 655 ἐπειδὴ
2971 584 3325 656 προέφθημεν
3358 582 3432 652 (9)
3473 581 3762 651 λέγοντες,

2180 673 2262 726 ὅτι
2291 673 2682 746 ἐθεραπεύθηὴ
2715 673 2896 746 πληγὴ
2916 676 3010 728 τοῦ
3038 675 3227 746 θηρίου
3263 672 3356 727 τοῦ
3391 672 3631 744 πρώτου,
3664 674 3764 728 καὶ

2181 765 2398 834 ποιήσει
2414 764 2524 834 (10)
2551 764 2729 818 λαλεῖν
2751 765 2850 836 τὴν
2877 765 3395 830 εἰκόνα,τουτέστιν,
3417 764 3601 836 ἴσχυσε
3625 763 3758 836 (11)·

2181 855 2414 926 φανερὸν
2439 855 2485 908 δ’
2517 858 2636 910 ἐστὶ
2667 859 2854 921 πᾶσιν,
2880 858 2961 910 ὅτι
2992 857 3041 910 οἱ
3070 857 3396 927 κρατοῦντες
3423 856 3503 910 ἔτι
3529 857 3624 911 νῦν
3655 859 3762 912 είσι

2182 948 2432 1001 Λατῖνοι·
2467 948 2694 1021 είςΑένὸς
2719 945 2811 1002 οὖν
2832 947 3120 1020 ἀνθρώπου
3161 948 3332 1021 ὄνομα
3370 950 3759 1020 μεταγόμενον,

2178 1038 2389 1107 γίνεται
2423 1007 2724 1107 Λατὲῖνοξε.
2773 1007 2948 1093 Ὥστε
2974 1038 3098 1094 οὔτε
3145 1007 3664 1114 προκηρύσσειν-δεῖ
3686 1040 3761 1105 ὡς

2178 1130 2330 1194 ὄντος
2372 1131 2562 1184 τούτου
2603 1131 2865 1202 ὀνόματος
2884 1171 2900 1196 ,
2931 1131 3056 1185 οὗτε
3085 1131 3246 1186 πάλιν
3283 1133 3497 1202 ἀγνοεῖν
3520 1171 3536 1197 ,
3566 1133 3648 1186 ὅτι
3684 1132 3759 1204 μὴ

2179 1224 2352 1288 ἄλλως
2382 1223 2602 1278 δύναται
2624 1224 2876 1294 λέγεσθαι
2897 1243 2910 1255 ·
2949 1225 3166 1296 ἔχοντες
3193 1226 3250 1279 δέ
3267 1226 3329 1280 τὸ
3350 1225 3644 1298 μυστήριον
3665 1225 3759 1279 τοῦ

2178 1314 2312 1368 Θεοῦ
2344 1319 2400 1370 ἐν
2423 1319 2489 1388 τῇ
2522 1317 2737 1388 καρδία,
2775 1319 2912 1390 μετὰ
2939 1318 3104 1388 φόϐου
3135 1317 3430 1388 φυλάσσειν
3457 1317 3663 1380 πιστῶς
3686 1316 3758 1371 τὰ

2178 1407 2284 1461 ὑπὸ
2309 1409 2417 1462 τῶν
2451 1409 2734 1480 μακαρίων
2762 1410 3056 1482 προφητῶν
3071 1409 3463 1482 προειρημένα,
3497 1410 3585 1463 ῐνα
3612 1426 3758 1479 γινο-

2181 1499 2358 1569 μένων
2390 1500 2588 1563 αύτῶν,
2627 1501 2938 1571 προϊδόντες
2973 1501 3047 1572 μὴ
3078 1500 3460 1572 σφαλλώμεθα.
3491 1500 3612 1552 Τῶν
3644 1501 3756 1571 γὰρ

2178 1579 2384 1664 καιρῶν
2413 1592 2826 1659 ἐπιγινομένων,
2860 1592 2952 1646 καὶ
2974 1592 3138 1655 αὐτὸς
3161 1609 3225 1644 πε
3233 1592 3288 1663 ρὶ
3313 1584 3374 1644 οὗ
3396 1591 3570 1645 ταῦτα
3602 1591 3756 1662 εἴρη-

2177 1701 2285 1749 ται,
2315 1682 2772 1804 φανεροιξήσεται.

2263 1940 2402 1993 ’Λλλ’
2435 1941 2520 1993 ἵνα
2559 1941 2632 2012 μὴ
2672 1941 2852 2011 μόνοις
2887 1942 2998 2003 τοῖς
3027 1942 3210 2011 ῥητοῖς
3240 1939 3447 2001 τούτοις
3479 1939 3753 2008 πείσωμεν

2175 2035 2301 2098 τοὺς
2345 2034 2412 2087 τὰ
2453 2034 2546 2099 τοῦ
2579 2034 2712 2086 Θεοῦ
2746 2034 2901 2103 λόγια
2931 2020 3380 2102 φιλοπονοῦντας,
3409 2033 3652 2102 δείξομεν
3684 2031 3750 2083 δι’

2176 2127 2378 2198 ἐτέρων
2417 2127 2742 2192 ἀποδείξεων
2794 2127 3075 2179 πλειόνων.
3135 2125 3297 2193 Λέγει
3362 2125 3473 2196 γὰρ
3518 2125 3748 2196 Δανιὴλ·

2180 2241 2198 2272 ι
2243 2221 2350 2274 Καὶ
2377 2213 2520 2272 οὗτοι
2548 2217 2880 2289 σωθήσονται
2910 2217 3178 2301 ἐκίχειρὸς
3214 2215 3400 2279 αὐτοῦ,
3440 2214 3619 2286 ΪΕδὼμ
3655 2217 3751 2268 καὶ

2173 2313 2366 2379 Μωὰϐ,
2393 2312 2488 2365 καὶ
2517 2311 2658 2382 ἀρχὴ
2677 2310 2808 2363 υἱῶν
2850 2309 3092 2380 Ἄμμων.
3120 2328 3137 2360 ›
3177 2308 3401 2380 ’Λμμὼν
3430 2309 3524 2364 καὶ
3553 2307 3748 2370 Μωὰϐ,

2171 2405 2219 2457 οἱ
2253 2406 2317 2457 ἐκ
2344 2403 2450 2460 τῶν
2493 2401 2806 2472 θυγατέρων
2840 2403 2931 2454 τοῦ
2961 2400 3084 2454 Λὼτ
3122 2401 3226 2454 υἱοὶ
3271 2400 3655 2471 γεγενημένοι,
3691 2399 3749 2467 ἐξ

2171 2487 2246 2546 ὧν
2276 2493 2337 2545 τὸ
2363 2493 2518 2560 γένος
2541 2493 2641 2554 ἓως
2656 2491 2750 2544 τοῦ
2780 2491 2873 2545 νῦν
2895 2490 3159 2561 διαμένει.
3179 2492 3340 2558 Λέγει
3359 2489 3468 2562 γὰρ
3504 2491 3744 2554 Ἠσαίας·

2177 2605 2196 2637 ι
2235 2586 2344 2638 Καὶ
2373 2585 2804 2654 πετασθήσονται
2839 2585 2897 2636 ἐν
2929 2583 3132 2646 πλοίοις
3165 2583 3516 2651 ἀλλοφύλων,
3551 2581 3749 2635 θάλασ-

2170 2694 2268 2730 σαν
2303 2677 2417 2747 ἅμα
2443 2675 2903 2745 προνομεύοντες,
2952 2677 3045 2728 καὶ
3077 2677 3201 2747 τοὺς
3230 2676 3321 2744 ἀφ’
3356 2674 3506 2745 ἡλίου
3553 2677 3747 2729 ἀνατο-

2168 2769 2294 2833 λῶν,
2331 2769 2424 2823 καὶ
2452 2769 2542 2820 ἐπὶ
2575 2768 2748 2821 Μωὰϐ
2782 2767 2997 2840 πρῶτον
3016 2768 3118 2830 τὰς
3154 2771 3342 2838 χεῖρας
3375 2766 3743 2822 ἐπιϐαλοῦσιν*

2167 2863 2216 2916 οἰ
2248 2861 2304 2914 δὲ
2336 2861 2440 2914 υἱοὶ
2484 2859 2711 2930 ’Λμμὼν
2744 2860 2948 2930 πρῶτοι
2978 2860 3396 2932 ὑπακούςονται.
3441 2877 3460 2912 ι
3563 2895 3568 2900 ι

2237 2948 2406 3017 Οὗτος
2461 2949 2555 3007 οὖν
2610 2957 2720 3016 τοῖς
2773 2954 2892 3006 τότε
2937 2945 3148 3023 δῖαιρρίς
3195 2951 3530 3022 ἀναδειχθεὶς
3577 2952 3749 3005 ὑπαν-

2164 3047 2248 3098 τεῖ
2281 3046 2429 3115 (12)·
2478 3045 2570 3098 καὶ
2613 3045 2894 3114 κρατήσας
2939 3045 2996 3096 ἐν
3025 3043 3326 3114 παρατάξει
3369 3043 3604 3113 πολέμου
3637 3043 3746 3117 τῶν

2165 3136 2331 3206 τριῶν
2374 3137 2620 3208 κεράτων
2649 3139 2712 3188 ἐκ
2750 3135 2857 3188 τῶν
2889 3135 3071 3214 δέκα,
3094 3135 3190 3189 καὶ
3237 3135 3542 3206 ἐκριζώσας
3581 3134 3743 3196 αὐτὰ,

2167 3228 2302 3298 ὅπερ
2333 3227 2479 3280 ἐστὶν
2509 3227 2784 3294 Αίγύπτου
2809 3267 2824 3290 ,
2869 3227 2963 3280 καὶ
3005 3227 3219 3280 Λιϐύων
3235 3267 3260 3292 .,
3314 3227 3408 3280 καὶ
3447 3226 3740 3286 Αἰθιόπων,

2165 3316 2345 3371 λαϐὼν
2378 3316 2446 3368 τὰ
2475 3316 2656 3388 σκύλα.
2677 3317 2770 3388 καξι
2799 3315 2866 3369 τὰ
2893 3315 3110 3388 λάφυρα
3130 3356 3145 3381 ,
3183 3316 3564 3384 ὑποταγέντων
3595 3317 3744 3386 αύτῴ

2165 3409 2260 3462 καὶ
2289 3407 2398 3462 τῶν
2425 3407 2626 3462 λοιπῶν
2647 3373 2902 3478 1κερῗιτων
2927 3409 3034 3462 τῶν
3061 3408 3577 3478 περιϐλαπτομένων
3599 3449 3614 3473 ,
3643 3409 3744 3480 ἅρ-

2165 3502 2245 3568 ξει
2287 3500 2550 3571 ὑψοῦσθαι
2588 3503 2654 3571 τῇ
2699 3501 2930 3573 καρδία,
2976 3502 3071 3556 καὶ
3108 3501 3427 3574 ἐπαίρεσθαι
3468 3508 3607 3554 κατα
3644 3500 3740 3553 τοῦ

2163 3593 2321 3657 Θεοῦ,
2356 3585 2535 3663 πάσης
2562 3595 2659 3664 τῆς
2691 3586 3264 3672 οίκουμένηςίκρατῶν
3284 3608 3298 3623 °
3330 3593 3389 3645 τὸ
3416 3587 3473 3646 δὲ
3512 3594 3741 3665 ὅρμημα

2161 3685 2324 3740 αὑτοῦ
2347 3681 2560 3756 πρῶτον
2587 3684 2737 3738 ἔσται
2771 3682 2864 3738 ἐπὶ
2897 3685 3070 3755 Τύρον
3103 3686 3198 3737 καὶ
3230 3685 3493 3757 Βήρυτον,
3513 3684 3607 3737 καὶ
3638 3684 3740 3753 τὴν

2161 3776 2320 3850 πέριξ
2351 3777 2553 3907 ξὼραν.
2590 3775 2805 3839 Ταύτας
2835 3775 2942 3846 γὰρ
2963 3776 3178 3848 πρῶτον
3209 3775 3309 3839 τὰς
3333 3775 3513 3840 πόλεις
3539 3777 3741 3848 ἐκπορ-

2161 3869 2333 3907 Ωὖηηρ
2391 3871 2512 3907 ρηῗρ
2546 3868 2758 3907 ἓτ-έηηυκ·
2784 3869 2946 3907 ρήἧιῖηυ
2970 3869 3282 3907 ὶννσυυῆρτςι
3351 3869 3530 3907 wantin-
3575 3887 3739 3907 M'nrnu

2161 3861 2512 3941 θήσαςδταίς
2544 3868 2758 3940 ἑτέραις
2784 3869 2946 3938 φόϐον
2969 3861 3314 3940 ἐγγεννήσει,
3351 3869 3530 3933 καθώς
3575 3887 3739 3940 φησιν

2171 3963 2430 4024 Ἡσαΐας·
2465 3980 2482 4012 ι
2511 3960 2857 4032 Αἰσχύνθητι,
2885 3959 3080 4024 Σιδὼν,
3115 3956 3270 4013 εἶπεν
3318 3963 3351 4032 ἡ
3387 3960 3629 4016 θάλασσα
3653 3978 3667 3992 ⁸
3702 3963 3736 4033 ἡ

2157 4051 2213 4104 δὲ
2249 4052 2400 4122 ἰσχὺς
2425 4051 2526 4121 τῆς
2558 4051 2832 4123 Θαλάσσης
2864 4045 3047 4102 εἶπεν
3081 4051 3194 4102 Ούκ
3224 4050 3409 4104 ὢδινον
3434 4089 3450 4115 ,
3485 4051 3593 4104 οὐδ’
3623 4050 3737 4110 ἐτε-

2158 4161 2251 4196 κον
2274 4185 2288 4209 ,
2341 4143 2447 4196 οὐδ’
2478 4142 2740 4214 ἐξέθρεψα
2763 4142 3096 4207 νεανίσκους,
3129 4140 3251 4195 οὐδὲ
3289 4140 3481 4211 ὒψωσα
3528 4141 3735 4212 παρθέο

2155 4250 2296 4298 νους.
2350 4233 2516 4286 Ὅταν
2549 4233 2604 4286 δὲ
2641 4233 2904 4287 ἀκουστὸν
2938 4231 3162 4302 γένηται
3180 4231 3441 4303 Αἰγύπτῳ
3462 4270 3478 4296 ,
3507 4231 3735 4304 λήψεται

2155 4326 2353 4388 αὐτοὺς
2385 4324 2546 4396 ὀδύνη
2577 4325 2707 4396 περ).
2736 4323 2934 4395 Τύρου.
2977 4343 2996 4376 ι

2225 4418 2445 4472 Τούτων
2464 4415 2637 4479 οὕτως
2666 4416 2960 4487 ἐσομένων,
2993 4414 3264 4485 ἀγαπητὲ,
3301 4413 3534 4468 καὶντῶν
3565 4411 3734 4486 τριῶν

2159 4512 2405 4582 κεράτων
2437 4509 2529 4561 ὑπ’
2558 4507 2723 4562 αὐτοῦ
2753 4508 3116 4572 ἐκκοπέντων,
3144 4506 3282 4579 μετᾶ
3307 4506 3479 4591 ταῦτα
3506 4505 3730 4578 ἄρξεται
3789 4550 3805 4566 ,

2158 4602 2234 4666 ὡς
2261 4600 2391 4654 Θεὸν
2423 4600 2615 4653 ἐαυτὸν
2640 4599 3023 4666 ἐπιδεικνύναι,
3048 4601 3123 4664 ὡς
3150 4601 3411 4672 προεῖπεν
3449 4597 3726 4670 Ἰεζεκιηλο

2163 4712 2182 4746 ι
2231 4693 2370 4748 Ἀνθ’
2391 4685 2466 4746 ὧν
2499 4691 2686 4763 ὑψώθη
2712 4694 2746 4764 ἠ
2773 4693 2969 4763 καρδία
2988 4711 3102 4757 σου,
3136 4692 3228 4746 καὶ
3249 4688 3427 4755 εἴπας,
3463 4691 3596 4755 Θεός
3614 4693 3728 4761 είμι

2155 4784 2484 4856 ἐγώ..›Καὶ
2541 4785 2767 4850 Ἡσαΐας
2808 4787 3038 4858 ὁμοίως⁸
3088 4803 3107 4838 t
3143 4786 3214 4838 Σὺ
3244 4783 3301 4838 δὲ
3351 4780 3510 4849 εἶπας
3555 4787 3613 4839 ἐν
3657 4787 3726 4855 τῇ

1055 4901 1101 4933 ⁶⁶
1138 4900 1274 4958 Gen.
1307 4918 1436 4968 xix,
1472 4903 1561 4972 57,
1591 4904 1682 4960 58.
1759 4905 1802 4936 ⁸⁷
1828 4903 1934 4960 lsa.
1959 4919 2038 4973 xl,

2233 4903 2278 4934 ⁸⁸
2313 4900 2418 4957 lsa.
2450 4917 2612 4966 xxm,
2645 4903 2700 4967 4,
2733 4903 2786 4957 5.
2862 4902 2908 4934 ⁸⁸
2938 4901 3134 4957 Ezecb.
3166 4917 3362 4967 xxvnt,
3387 4899 3439 4955 6.

2152 5018 2561 5092 apocalypticus
2581 5017 2698 5092 ϐίξϐΔ
2711 5018 2835 5073 inde
2849 5033 3140 5092 exsurgere
3153 5027 3340 5092 potest
3358 5036 3378 5092 ξ
3390 5026 3475 5092 ait
3495 5016 3722 5092 proinde

2149 5087 2231 5144 sic
2246 5087 2598 5160 exprimenda
2625 5089 2877 5160 fuissent,
2911 5087 3185 5160 ΤΕΙΤΑΝ,
3218 5087 3567 5160 ΕΥΑΝΒΑΑΣ,
3605 5090 3724 5139 ΛΔ-

2147 5157 2428 5230 ΤΕΙΝΟΣε
2485 5174 2594 5227 quo
2637 5159 2856 5230 quidem
2913 5159 3076 5214 modo
3119 5159 3210 5213 illa
3265 5157 3530 5228 expressit
3562 5167 3717 5210 vetus

2141 5229 2328 5285 Irenaai
2361 5229 2667 5298 interpres.
2730 5296 2751 5298 ξ
3048 5297 3053 5298 γ
3563 5255 3574 5266 ς

2715 5296 2905 5372 Graeco
2921 5297 3193 5372 κεράτων
3221 5299 3366 5353 unde
3399 5266 3604 5352 videtur
3629 5296 3716 5353 in-

469 5367 649 5442 Latini
679 5373 823 5442 enim
855 5381 984 5426 sunt
1003 5367 1275 5442 quinunc
1307 5381 1563 5442 regnant;
1586 5373 1678 5426 sed
1711 5389 1819 5426 non
1855 5373 1908 5427 in
1938 5374 2041 5427 hoc

2168 5367 2354 5442 erpres
2385 5371 2583 5442 legisse
2612 5369 2884 5442 ’περάτωνΪ
2918 5367 3075 5442 Eutr.
3117 5367 3359 5423 Pyram“

469 5452 570 5512 nos
601 5439 974 5512 gloriabimur.
1020 5439 1037 5492 ἱ
1071 5441 1196 5497 Haec
1215 5439 1392 5496 autem
1415 5451 1694 5512 propterea
1728 5443 2038 5512 inmedium

2214 5437 2290 5510 (9)
2321 5437 2729 5509 Προέεθθημεκ.
2762 5440 2837 5494 lta
2871 5439 3154 5508 legendum
3176 5479 3190 5503 ,
3239 5454 3337 5509 pro
3373 5437 3715 5510 προέφημεν.

471 5506 827 5582 adduximus,
873 5521 927 5565 ut
970 5513 1142 5582 magis
1184 5513 1309 5566 inde
1339 5506 1570 5582 constet,
1605 5512 1790 5568 Irenaai
1837 5509 2037 5582 scripta
2139 5506 2360 5566 Fiam.

471 5575 816 5648 Hippolytum
858 5597 969 5650 prae
1002 5575 1178 5637 oculis
1211 5583 1491 5638 habuisse.
1529 5581 1666 5637 Hinc
1695 5584 1861 5636 etiam
1889 5575 2040 5637 co'm-

467 5650 767 5722 permitti“
792 5691 807 5716 ,
843 5653 946 5705 tria
972 5653 1074 5706 ista
1098 5653 1318 5706 nomina
1341 5668 1622 5722 perperam
1643 5653 1814 5708 fuisse
1841 5655 1894 5706 in
1921 5668 2041 5706 ver-

467 5719 623 5794 sione
647 5718 793 5774 hisce
816 5722 1006 5776 litteris
1053 5718 1402 5791 consignata,
1434 5718 1625 5794 Titan,
1669 5723 1937 5778 Evanthas
1987 5731 2042 5776 et

469 5787 730 5844 Latinus:
757 5808 932 5863 neque
958 5794 1101 5849 enim
1124 5795 1189 5849 ad
1208 5787 1442 5851 mentem
1467 5791 1738 5867 Hippolyti
1767 5810 2027 5850 numerus

2240 5582 2325 5652 10)
2361 5579 2625 5645 Ποιήσει.
2655 5577 2926 5652 (lombeli,
2950 5579 3193 5652 ἐποίησε.

2240 5589 2325 5652 lU)
2361 5589 2625 5645 Ποιησει.
2655 5589 2926 5642 Uptnbel‘.,
2950 5589 3193 5651 εποίησε.

2211 5589 2328 5721 lli)
2368 5653 2635 5721 "Iazvo'e.
2671 5648 2830 5721 forte
2859 5649 3086 5718 ἰσχύσει.
3117 5650 3254 5704 Gun.

2209 5717 2322 5792 (12)
2350 5717 2654 5792 imam;
2681 5717 2990 5792 Legendqu
3023 5721 3344 5792 ὑπαντήσει,
3368 5719 3512 5776 unde
3529 5717 3713 5789 sequi-

2138 5788 2248 5862 tur,
2279 5788 2370 5846 καὶ
2403 5791 2575 5863 ἄρξει.
2614 5789 2743 5845 Tan.
2782 5788 2907 5844 FAB.
