4134 6444
458 388 567 445 775

1136 385 1594 445 SIHEPPOLYTI
1635 385 1786 455 ΟΡΡ.
1829 386 2018 443 PARS
2056 386 2122 443 11.
2162 416 2231 430 ——
2266 382 2571 443 DOGMATL
2614 384 2704 441 ET
2744 383 3097 442 HISTORIC.

3626 384 3731 441 776

455 514 739 579 parentem
773 519 893 560 eam
944 504 1358 571 existimantes,
1413 503 1483 559 ad
1526 505 1673 559 illam
1727 513 2040 560 accurrunt.

2153 505 2238 559 τὸν
2291 504 2422 559 ἴδιον
2454 504 2670 576 πατέρα
2727 504 2907 559 αὐτῶν
2964 504 3258 574 ὑπάρχειν,
3304 500 3735 575 προστρέχουσιν

457 599 845 668 Gloriaturque
885 596 977 651 illa
1028 611 1093 651 ac
1145 595 1247 649 sibi
1288 597 1468 667 placet
1510 596 1564 650 in
1608 596 1801 651 alienis
1846 595 2041 665 pullis,

457 689 618 760 quasi
656 691 715 743 in
757 688 893 743 suis.
928 685 1167 742 Reverso
1204 695 1385 741 autem
1422 701 1551 742 vero
1579 695 1804 757 parente
1836 700 2046 755 suaque

461 781 635 852 ipsius
666 794 797 835 voce
830 779 1191 843 inclamante,
1236 793 1300 832 ea
1341 778 1473 848 pulli
1503 779 1715 849 agnita,
1754 779 2046 848 relictoque

462 874 769 936 seductore,
801 872 868 927 ad
898 887 1086 926 verum
1112 886 1171 926 se
1193 876 1471 941 parentem
1503 870 1811 925 conferunt.
1842 869 2045 947 Eodem

458 965 711 1020 similiter
738 974 896 1034 tropo
925 980 1061 1019 usus
1089 973 1172 1020 est
1200 964 1485 1033 propheta,
1511 962 1774 1018 translata
1801 963 1854 1016 in
1884 961 2047 1016 Anti-

458 1057 725 1112 ehristum
759 1056 965 1111 fabula.
1010 1055 1062 1111 ls
1092 1071 1331 1125 namque
1356 1058 1425 1111 ad
1482 1071 1541 1111 se
1568 1055 1684 1125 ipse
1740 1056 2045 1111 humanum

456 1150 884 1220 vocabitgenus,
906 1164 1000 1206 eos
1030 1150 1136 1205 sibi
1160 1150 1411 1205 addicere
1438 1150 1699 1206 studens:
1728 1166 1920 1218 nempe
1949 1150 2047 1205 abs

457 1256 517 1296 se
550 1256 741 1297 omnes
774 1242 1064 1297 liberatum
1096 1243 1161 1297 iri
1198 1244 1476 1313 pollicitus
1497 1284 1513 1310 ,
1543 1244 1637 1315 qui
1674 1242 1777 1298 sibi
1810 1241 1915 1313 ipsi
1959 1256 2049 1298 sa-

457 1333 624 1389 lutem
659 1347 916 1405 praestare
942 1351 1049 1391 non
1079 1345 1277 1407 potest.

529 1425 663 1481 LVI.
703 1425 753 1483 Is
787 1428 952 1499 igitur
979 1428 1325 1499 congregatis
1355 1427 1421 1483 ad
1454 1442 1533 1492 se,
1557 1426 1650 1497 qui
1679 1426 1882 1497 ubique
1918 1442 2050 1498 geu-

455 1519 595 1574 tium
628 1519 697 1575 de
720 1521 921 1591 populo
952 1521 1220 1576 exsistent
1263 1519 1822 1586 increduli,.illorum
1854 1527 2048 1590 rogatu

457 1627 525 1668 ac
558 1613 815 1667 suasione
852 1612 1054 1677 veniet,
1086 1623 1145 1667 ut
1185 1620 1429 1678 sanctos,
1470 1625 1661 1665 eorum
1703 1608 1954 1664 inimicos
1983 1623 2050 1663 ac

457 1704 804 1760 adversarios
830 1703 1150 1771 ulciscatur,
1177 1701 1641 1773 quemadmodum
1669 1700 1744 1755 ait
1768 1700 2048 1770 apostolus

2146 597 2315 670 αύτῷ.
2356 599 2414 652 Ὁ
2439 598 2497 652 δὲ
2528 600 2732 671 γαυριᾷ
2762 600 2819 652 ἐν
2854 600 2966 662 τοῖς
2992 595 3296 668 ἀλλοτρίοις
3317 593 3549 658 τέκνοις,
3582 594 3659 657 ὡς
3675 595 3733 647 ἐν

2149 690 2300 754 ίδίοις
2322 706 2337 721 ο
2393 684 2781 754 ἐπανελθόντος
2833 689 2891 743 δὲ
2923 687 3017 742 τοῦ
3057 684 3321 758 ἀληθινοῦ
3359 686 3602 759 πατρὸς,
3637 685 3733 739 καὶ

2149 783 2442 855 βοήσαντος
2469 784 2537 853 τῇ
2562 782 2676 854 ίδίᾳ
2702 784 2875 853 φωνῇ,
2895 780 3209 849 ἐπιγνόντες
3230 779 3280 832 οἱ
3304 778 3539 840 νεοσσοὶ,
3563 794 3732 831 κατα-

2147 874 2428 945 λείψαντες
2472 874 2563 927 τὸν
2607 874 2806 928 πλάνον
2843 874 3165 945 πορεύονται
3202 871 3294 924 ἐπὶ
3347 870 3439 923 τὸν
3480 870 3734 941 ἀληθινὸν

2147 966 2380 1039 πατέρα.
2412 965 2503 1036 Τῷ
2534 965 2682 1035 αὐτῷ
2712 959 2912 1036 ὁμοίως
2962 964 3338 1035 μετεχρήσατσ
3372 963 3401 1014 ὁ
3447 964 3734 1033 προφήτης

2146 1061 2334 1133 τρόπῳ
2358 1061 2486 1132 περὶ
2513 1058 2609 1113 τοῦ
2626 1059 2994 1130 Ἀντιχρίστου
3011 1074 3025 1087 ο
3051 1057 3127 1120 ὡς
3141 1055 3572 1128 προσκαλέσεται
3598 1056 3736 1126 πρὸς

2149 1152 2339 1205 ἑαυτὸν
2367 1152 2467 1223 τὴν
2495 1150 2910 1224 ἀνθρωπότητα,
2935 1146 3586 1219 ἀλλότριαίδιοποιεϊσθαι
3606 1146 3732 1217 βου-

2147 1244 2409 1317 λόμενος,
2448 1244 2716 1316 λύτρωσιν
2777 1243 2944 1296 πᾶσιν
2987 1240 3517 1311 ἐπαγγελλόμενος,
3542 1240 3734 1293 ἑαυτὸν
3818 1243 3828 1249 ’

2140 1337 2323 1390 -σῶσαι
2360 1337 2435 1407 μὴ
2467 1335 2782 1407 δυνάμενος.

2150 1439 2157 1465 ⁵
2219 1424 2387 1493 Οὗτος
2428 1425 2521 1483 οὖν
2573 1420 2903 1496 ἐπισυνάξας
2957 1426 3094 1500 πρὸς
3135 1425 3325 1481 ἐαυτὸν
3368 1426 3459 1479 τὸν
3501 1423 3733 1477 πάντοτε

2148 1521 2351 1592 ἀπειθῆ
2389 1522 2517 1577 λαὸν
2549 1522 2915 1593 γεγενημένον
2935 1561 2949 1585 ,
2991 1519 3210 1591 ἔρχεται
3244 1515 3735 1588 παρακαλούμενος

2151 1615 2242 1668 ὑπ’
2278 1587 2459 1669 αὐτῶν
2488 1587 2702 1689 διώκειν
2736 1587 2866 1689 τοὺς
2895 1587 3105 1680 ἁγίους,
3152 1607 3380 1687 ἐχθιροῦς
3412 1608 3507 1678 καὶ
3533 1605 3737 1660 ἀντιδί-

2149 1726 2279 1772 κους
2312 1706 2492 1761 αὺτῶν
2532 1687 2908 1778 ὑπάρχοντας,
2944 1703 3127 1766 καθώς
3159 1719 3330 1773 ,φησιν
3361 1703 3389 1754 ό
3437 1700 3737 1762 ἀπόστολος

460 1808 516 1853 et
539 1799 912 1869 evangelista:
956 1816 976 1849 ι
1021 1796 1194 1852 Judex
1231 1805 1351 1852 erat
1380 1796 1434 1851 in
1471 1794 1708 1862 civitate,
1742 1793 1835 1863 qui
1875 1791 2046 1846 Deum

2153 1802 2247 1857 καὶ
2273 1799 2666 1870 εύαγγελιστής
2686 1816 2699 1828 ·
2735 1818 2753 1849 ι
2774 1796 2981 1870 Κριτής
3007 1792 3074 1869 ἣν
3105 1792 3161 1849 ἐν
3196 1792 3466 1867 πόλειπὸν
3501 1792 3634 1846 Θεὸν
3662 1791 3736 1863 μὴ

457 1904 569 1945 non
607 1889 851 1955 timebat,
877 1903 987 1969 nec
1011 1888 1290 1943 hominem
1332 1888 1709 1955 reverebatur.‘
1744 1884 1919 1941 Vidua
1950 1899 2051 1939 au-

2154 1862 2510 1965 φοϐούμενοξ,
2545 1862 2642 1945 καί.
2683 1862 2970 1962 ἄνθρωπον
3129 1862 3540 1958 ἐντρεπόμενος.
3577 1884 3752 1971 Χήραθ

459 1990 569 2036 tem
605 1982 854 2052 quaedam
888 1990 1008 2037 erat
1039 1981 1095 2035 in
1138 1980 1230 2035 illa
1263 1980 1481 2035 civitate
1517 1994 1642 2049 qua:
1674 1976 2053 2048 interpellabat

460 2088 613 2139 eum,
656 2074 883 2130 dicens:
930 2071 1159 2128 Vindica
1196 2088 1285 2128 me
1327 2073 1394 2127 de
1436 2072 1751 2127 adversario
1796 2084 1937 2125 meo.
1982 2067 2052 2123 At

463 2167 555 2223 ille
586 2167 804 2223 nolebat
834 2183 930 2238 per
976 2167 1205 2222 multum
1253 2174 1493 2236 tempus.
1534 2165 1665 2222 Post
1706 2166 1825 2220 haec
1867 2173 2051 2219 autem

460 2261 600 2317 dixit
630 2261 772 2316 intra
805 2276 864 2316 se
893 2279 905 2315 :
934 2259 1047 2316 Etsi
1078 2258 1248 2315 Deum
1283 2276 1391 2315 non
1428 2261 1615 2327 timeo,
1644 2274 1745 2315 nec
1770 2259 2051 2313 hominem

462 2367 736 2417 revereor,
775 2360 956 2407 tamen
985 2351 1112 2421 quia
1147 2351 1376 2407 molesta
1409 2359 1494 2408 est
1540 2350 1675 2406 mihi
1718 2349 1833 2405 haec
1864 2349 2049 2417 vidua,

462 2443 753 2497 vindicabo
779 2442 927 2497 illam
948 2442 1015 2498 ⁷⁸.
1050 2461 1069 2496 ι
1087 2487 1103 2505 .

533 2533 692 2588 LVII.
732 2533 981 2591 Iudicem
1014 2534 1344 2605 iniquitatis,
1378 2533 1475 2605 qui
1502 2548 1604 2590 nec
1637 2532 1804 2589 Deum
1839 2533 2049 2601 timeat,

462 2642 642 2697 neque
685 2626 968 2683 hominem
1003 2637 1334 2695 revereatur,
1370 2628 1506 2682 citra
1550 2626 1717 2681 ullam
1750 2626 2051 2681 dubitatio-

463 2735 589 2775 nem
622 2719 1020 2776 Antichristum
1051 2730 1230 2783 vocat,
1263 2731 1325 2776 ut
1354 2721 1447 2789 qui
1480 2719 1626 2774 ﬁlius
1652 2720 1854 2774 diaboli
1888 2721 1960 2775 sit
1998 2728 2054 2775 et

463 2827 561 2866 vas
601 2811 838 2867 Satanae.
865 2812 1113 2885 Regnum
1145 2811 1292 2868 enim
1321 2811 1570 2881 adeptus,
1593 2810 1856 2866 adversus
1879 2809 2050 2864 Deum

463 2902 641 2957 eﬂerri
676 2902 920 2972 incipiet,
956 2903 1050 2972 qui
1084 2916 1185 2957 nec
1231 2916 1358 2955 vere
1402 2899 1572 2956 Deum
1617 2901 1828 2966 timeat,
1875 2914 2054 2970 neque

463 2992 663 3048 Filium
708 2992 802 3049 Dei
839 2994 1084 3048 omnium
1132 3006 1259 3046 vere
1300 2992 1542 3062 judicem
1579 3001 1912 3048 revereatur.
1960 2992 2055 3047 Di-

465 3085 639 3139 cendo
665 3093 846 3140 autem
876 3101 999 3141 esse
1026 3085 1246 3141 viduam
1292 3088 1348 3139 in
1395 3084 1638 3150 civitate,
1676 3086 1851 3155 ipsam
1893 3084 2055 3141 Jeru-

2150 1989 2208 2042 δέ
2248 2006 2333 2052 τις
2362 1984 2431 2060 ἦν
2484 1988 2541 2040 ἐν
2581 1988 2648 2057 τῇ
2682 1985 2834 2038 πόλει
2881 1980 3159 2077 ὲκείνῃζρῆ
3204 1979 3498 2054 παρεκάλει
3551 1978 3733 2041 αὐτὸν,
3820 2016 3823 2019 λ

2150 2079 2400 2151 λέγουσαο
2449 2079 2767 2152 Ἐκδίκησόν
2804 2094 2871 2150 με
2908 2076 3015 2133 ἀπὸ
3049 2068 3139 2151 τοῦ
3184 2072 3453 2128 ἀντιδίκου
3504 2087 3625 2142 μου.
3674 2068 3735 2121 ὐ
3831 2142 3837 2151 δ

2151 2172 2209 2227 δὲ
2234 2175 2335 2228 οὐκ
2373 2172 2563 2247 ήθελεν
2591 2174 2685 2228 ἐπὶ
2729 2172 2952 2245 χρόνον·
2992 2168 3216 2241 ὕστερον
3263 2167 3445 2238 μέντοι
3480 2159 3634 2216 εἶπεν
3676 2163 3736 2243 ἐν

2153 2268 2334 2342 ἐαυτῷ
2378 2268 2590 2338 λέγων·
2626 2267 2806 2321 Είκαὶ
2854 2264 2943 2318 τὸν
2973 2263 3104 2316 Θεὸν
3138 2261 3199 2315 οὐ
3256 2258 3567 2329 φοϐοῦμαι,
3614 2254 3736 2308 οὐδὲ

2152 2362 2438 2435 ἄνθρωπον
2463 2359 2818 2433 ἐντρέπομαι,
2842 2357 2978 2411 ἀλλά
2999 2372 3062 2425 γε
3089 2350 3178 2407 διά
3204 2352 3264 2407 τὸ
3290 2348 3641 2425 παρενοχλεῖν
3667 2363 3735 2419 με

2151 2454 2250 2527 τὴν
2284 2454 2462 2527 χήραν
2486 2453 2710 2523 ταύτην,
2741 2451 3015 2521 ἐκδικήσω
3036 2449 3226 2519 αύτήν.
3253 2464 3273 2497 ι

2224 2548 2435 2620 Κριτὴν
2458 2548 2556 2619 μὲν
2586 2541 2680 2600 οὖν
2708 2543 2942 2608 ἀδικίας,
2971 2541 3063 2594 τὸν
3090 2542 3225 2612 μήτε
3250 2537 3342 2591 τὸν
3374 2535 3506 2589 Θεὸν
3542 2530 3740 2603 φοϐού-

2157 2659 2336 2715 μενον,
2364 2641 2499 2711 μήτε
2525 2637 2812 2710 ἄνθρωπον
2838 2633 3251 2707 ἐντρεπόμενον,
3276 2628 3614 2689 ἀδιστάκτως
3644 2625 3737 2677 τὸν

2166 2734 2531 2806 ’Δντίχριστον
2563 2730 2734 2800 λέγει,
2772 2728 2848 2793 ὡς
2892 2727 3005 2780 υἱὸν
3044 2725 3174 2778 ὄντα
3206 2722 3298 2776 τοῦ
3333 2718 3610 2785 διαϐόλου,
3642 2716 3726 2770 κατ

2156 2828 2349 2892 σκεῦος
2391 2825 2485 2880 τοῦ
2533 2824 2776 2879 Σατανᾶ·
2827 2819 3054 2893 ἄρξεται
3087 2818 3196 2887 γὰρ
3229 2812 3549 2887 βασιλεύσας
3594 2827 3725 2864 κατι

2153 2921 2248 2976 τοῦ
2276 2920 2409 2975 Θεοῦ
2444 2908 2785 2989 ἐπαίρεσθαι,
2824 2916 2962 2987 μήτε
2998 2910 3213 2984 ἀληθῶς
3243 2907 3496 2962 τὸνιΘεὸν
3539 2902 3738 2974 φοϐούο

2159 3029 2339 3085 μενος,
2366 3012 2504 3082 μήτε
2534 3006 2624 3063 τὸν
2652 2996 2781 3061 Ῡίὸν
2818 3006 2912 3060 τοῦ
2953 3003 3087 3059 Θεοῦ
3123 3001 3318 3074 κριτὴν
3346 2998 3561 3052 πάντων
3607 2995 3737 3048 liv-ra.

2155 3095 2569 3176 ἐντρεπόμενος.
2629 3101 2820 3172 Χήραν
2863 3098 2920 3152 δὲ
2960 3096 3134 3165 λέγων
3173 3091 3311 3148 εἶναι
3344 3091 3402 3145 ἐν
3444 3093 3510 3161 τῇ
3561 3088 3734 3176 πόλει,

464 3177 636 3231 salem
667 3176 938 3247 designat,
968 3192 1089 3246 quae
1123 3177 1287 3247 plane
1316 3175 1481 3231 vidua
1509 3186 1614 3244 est,
1649 3192 1680 3232 a
1717 3175 1960 3248 perfecto
1989 3193 2053 3234 ac

2156 3174 2326 3266 αὐτὴν
2371 3194 2469 3265 τὴν
2513 3188 2869 3261 Ἰερουσαλὴμ
2912 3187 3203 3265 σημαίνει,
3251 3184 3374 3254 ἥτις
3407 3179 3576 3243 ὅντως
3620 3174 3736 3231 ἐστὶ

465 3268 673 3324 οωιεειί
695 3284 900 3338 sponso
918 3267 1032 3324 Deo
1052 3269 1334 3327 derelicta.
1353 3267 1481 3325 Haec
1502 3270 1653 3325 illum
1677 3270 2051 3326 adversarium

463 3376 627 3418 suum
650 3372 838 3420 etnon
868 3363 1218 3421 Servatorem
1241 3375 1422 3432 vocat,
1445 3381 1555 3420 non
1578 3365 1887 3436 intelligens
1907 3365 2054 3436 quod
2112 3372 2116 3380 ‘

464 3455 676 3510 dictum
702 3465 787 3511 est
811 3471 843 3511 a
871 3454 1106 3512 Ieremia
1133 3459 1429 3529 propheta:
1462 3478 1481 3511 ‹
1522 3456 1629 3514 Pro
1657 3473 1725 3513 eo
1760 3457 1906 3529 quod
1944 3474 2055 3514 non

464 3546 818 3603 crediderunt
849 3549 1097 3617 veritati,
1126 3558 1258 3605 tunc
1302 3551 1558 3621 loquetur
1595 3551 1798 3621 populo
1832 3551 1963 3605 huic
2001 3556 2057 3605 et

463 3637 768 3695 Jerusalem
799 3641 1027 3710 spiritus
1052 3644 1259 3698 erroris
1280 3644 1349 3699 ⁷⁵.
1383 3662 1402 3696 ›
1446 3642 1552 3699 Sed
1582 3652 1637 3699 et
1662 3644 1829 3699 Isaias
1860 3643 2056 3699 simili-

465 3741 591 3787 ter:
624 3750 643 3782 ι
673 3731 751 3787 Eo
773 3733 920 3813 quod
951 3734 1183 3790 noluerit
1210 3736 1445 3806 populus
1485 3736 1590 3793 iste
1624 3736 1809 3791 bibere
1854 3750 2053 3807 aquam

471 3824 619 3880 Sitne
644 3840 767 3894 quae
797 3826 949 3881 vadit
974 3842 1100 3882 cum
1130 3828 1370 3892 silentio,
1395 3829 1490 3884 sed
1519 3829 1634 3883 vult
1660 3828 1861 3883 habere
1885 3827 2056 3883 Rasin

464 3923 522 3969 et
553 3913 723 3969 ﬁlium
759 3916 1016 3971 Romelia:
1043 3932 1221 3988 regem
1253 3933 1420 3987 super
1447 3933 1578 3985 vos;
1613 3926 1898 3988 propterea
1927 3933 2056 3975 ecce

469 4004 739 4062 Dominus
768 4007 1004 4063 adducet
1027 4023 1192 4079 super
1218 4024 1318 4064 vos
1347 4025 1544 4080 aquam
1571 4009 1832 4078 ﬂuminis,
1860 4009 2054 4065 fortem

465 4107 520 4153 et
556 4100 807 4165 multam,
844 4115 1027 4171 regem
1066 4101 1416 4174 Assyriorum
1441 4102 1511 4157 ⁷⁸.
1548 4120 1565 4154 ι
1612 4101 1774 4175 Regis
1810 4101 2056 4174 symbolo

464 4191 868 4248 Antichristutn
900 4193 1194 4264 signiﬁcat,
1225 4193 1691 4263 quemadmodum
1719 4194 1882 4247 etiam
1913 4192 2056 4247 alius

465 4284 731 4352 propheta
762 4283 934 4339 dicit:
975 4302 995 4337 ι
1040 4282 1109 4338 Ει
1148 4285 1253 4341 erit
1293 4286 1409 4341 haec
1458 4301 1490 4339 a
1540 4300 1628 4338 me
1666 4299 1793 4354 pax,
1833 4284 2055 4353 quando

465 4376 730 4448 Assyrius
754 4376 1132 4446 supervenerit
1155 4377 1207 4430 in
1240 4387 1440 4431 terram
1472 4387 1732 4445 vestram,
1759 4385 1813 4431 et
1834 4376 2057 4448 quando

467 4468 778 4525 ascenderit
808 4484 971 4540 super
1000 4478 1212 4525 montes
1238 4478 1452 4526 vestros
1473 4468 1542 4522 τ’.
1574 4488 1593 4521 ι

538 4873 719 4932 LVlll.
761 4874 903 4942 Quin
949 4883 1005 4929 et
1046 4874 1260 4946 Moyses
1291 4875 1564 4942 similiter,
1604 4890 1728 4930 cum
1767 4876 2070 4945 praesciret'

468 4970 583 5025 fore
617 4979 675 5024 ut
700 4969 931 5040 populus
962 4985 1149 5023 verum
1176 4969 1366 5025 mundi
1394 4967 1729 5024 Salvatorcm
1762 4969 2048 5038 repelleret

542 5175 586 5212 "‘
615 5174 748 5233 Luc.
778 5190 934 5242 xvm,
958 5173 1075 5230 2-5.
1151 5174 1199 5206 "
1227 5171 1338 5229 Jer.
1367 5188 1440 5239 Iv,
1468 5173 1555 5228 ll.
1630 5173 1679 5206 "
1710 5175 1815 5230 Isa.
1847 5187 1966 5239 vm,
1999 5172 2053 5239 6,
2081 5173 2133 5227 7.

569 5316 652 5386 15)
690 5315 934 5386 Σιλωάμ.
959 5313 1232 5386 Combel'.,
1260 5313 1503 5386 Σιλωάμ.
1529 5312 1624 5386 Sic
1644 5312 1785 5386 apud
1819 5308 1984 5386 LXX,

566 5379 652 5454 Hi)
689 5387 799 5441 Kal
833 5379 1005 5441 ἐᾶται
1040 5385 1203 5454 αὕτη
1229 5386 1268 5453 ἡ
1301 5379 1453 5454 παρέξ
1481 5382 1627 5454 ἐμοῦ
1660 5379 1890 5454 έίρήνη.
1932 5401 1950 5454 ι
1979 5379 2045 5437 Ει

467 5452 573 5512 erit
613 5452 727 5513 haec
769 5473 800 5512 a
844 5473 931 5512 me
961 5472 1085 5526 pax.
1121 5476 1138 5508 ι
1175 5452 1364 5511 Graeca
1410 5452 1784 5526 “ligasti-cii
1828 5453 2041 5526 εἰρίῃδη,

469 5530 552 5597 vel
586 5537 646 5582 ut
685 5542 787 5582 ms.
836 5524 1012 5589 Alex},
1045 5527 1183 5597 αὐτῇ
1218 5529 1251 5597 ή
1284 5528 1395 5597 εἱρ·
1428 5543 1446 5575 ι
1478 5526 1582 5578 erit
1621 5524 1696 5577 illi
1718 5540 1852 5597 pag.
1882 5542 1913 5597 ιλ
1938 5524 2041 5577 Sed

470 5596 736 5652 Hehraiea
768 5599 1074 5653 masculino
1098 5592 1293 5668 genere
1323 5592 1376 5650 et
1417 5604 1624 5668 rectum
1666 5592 1739 5668 ad
1764 5592 2041 5648 Christum

472 5669 734 5730 referunt,
763 5668 830 5723 de
859 5683 967 5737 quo
995 5665 1304 5737 superiores
1329 5665 1603 5729 versrculi,
1625 5666 2044 5737 quibusnostra

471 5737 645 5807 magis
687 5735 969 5794 accedunt.
1004 5735 1207 5804 Nempe
1244 5738 1358 5805 ipse
1408 5752 1507 5805 pax
1558 5743 1742 5807 nostra
1780 5735 2044 5807 adversus

469 5805 668 5874 Assur,
700 5818 755 5862 et
802 5822 911 5877 quo
956 5808 1101 5862 illius
1149 5807 1444 5876 potentiam
1497 5805 1878 5875 inl'ringamns,
1927 5806 2045 5858 sive

474 5889 560 5937 est
597 5880 986 5946 Antichristns,
1031 5879 1145 5933 sive
1193 5878 1373 5945 quivis
1408 5877 1549 5932 alius
1590 5885 1851 5944 tyrannus
1882 5894 1895 5930 :
1933 5890 2042 5943 quo

2085 4564 2131 4620 D

2156 3290 2322 3361 χήρα,
2356 3283 2779 3352 καταλειφθεῖσα
2801 3281 2904 3335 ὑπὸ
2930 3280 3024 3334 τοῦ
3059 3277 3267 3332 τελείου
3296 3276 3391 3329 καὶ
3416 3271 3737 3345 ἐπουρανίου

2154 3378 2290 3433 Θεοῦ
2334 3378 2601 3448 νυμφίουο
2645 3375 2768 3446 ἥτις
2818 3362 3010 3426 τοῦτον
3058 3369 3325 3429 ἀντίδικον
3363 3366 3593 3436 ἑαυτῆς,
3645 3361 3739 3415 καὶ

2154 3474 2216 3527 οὐ
2245 3471 2476 3545 Σωτῆρα
2509 3466 2879 3531 ἀποκαλοῦσα,
2906 3467 2980 3539 μὴ
3015 3462 3311 3533 ἐπιγνοῦσα
3352 3460 3412 3513 τὸ
3450 3457 3740 3530 εἰρημένον

2156 3566 2261 3620 ὑπὸ
2294 3563 2560 3636 Ἱερεμίου
2586 3561 2679 3616 τοῦ
2716 3562 2995 3634 προφήτου
3015 3575 3028 3587 ⁸
3061 3577 3080 3608 ι
3117 3554 3257 3609 Ἀνθ’
3288 3548 3361 3608 ὧν
3401 3550 3746 3635 ῂπείσθησαν

2154 3662 2221 3731 τῇ
2266 3657 2492 3730 ἀληθείᾳ
2511 3696 2526 3721 ,
2573 3656 2695 3710 τότε
2737 3654 2960 3723 λαλήσει
3017 3649 3095 3721 τῷ
3150 3647 3265 3720 λαῷ
3310 3645 3484 3730 τούτῳ
3530 3643 3625 3696 καὶ
3670 3644 3738 3713 τῇ

2166 3727 2521 3822 Ἰερουσαλὴμ
2563 3747 2781 3819 πνεῦμα
2825 3746 3161 3816 πλανήσεως.
3192 3763 3209 3794 ι
3257 3727 3637 3801 ΚανἮσ-αἳας
3680 3738 3737 3790 δὲ
3848 3766 3857 3771 ~

2155 3840 2385 3913 ὁμοίωςο
2422 3859 2441 3891 ι
2470 3838 2570 3893 Διὰ
2597 3837 2656 3891 τὸ
2698 3838 2772 3909 μὴ
2824 3834 3152 3907 βουληθῆναι
3190 3833 3281 3886 τὸν
3314 3831 3442 3885 λαὸν
3487 3829 3546 3883 τὸ
3593 3827 3740 3898 ὕδωρ

2154 3932 2248 3989 τοῦ
2281 3932 2487 4002 Σιλοὰμ
2523 3930 2656 4003 (15),
2689 3930 2751 3984 τὸ
2782 3928 3144 3999 πορευόμενον
3181 3925 3361 3998 ἡσυχῆ
3406 3925 3570 3985 πιεῖν,
3603 3918 3738 3975 ἀλλὰ

2157 4025 2467 4099 (βούλεσθαι
2490 4024 2649 4095 ’ἔχειν
2681 4023 2773 4076 τὸν
2812 4022 2997 4075 Ῥασὶν
3033 4020 3128 4073 καὶ
3172 4019 3263 4071 τὸν
3301 4017 3415 4071 υἱὸν
3458 4013 3737 4086 Ῥομελίυυ

2158 4118 2379 4191 βασιλέα
2425 4107 2509 4188 ἐφ’
2560 4116 2747 4188 ὑμῶν’
2803 4114 2892 4168 διὰ
2941 4113 3123 4171 τοῦτο,
3151 4112 3258 4167 ἰδοὺ
3293 4110 3499 4182 Κύριος
3544 4107 3738 4175 ἀνάγει

2155 4212 2241 4282 ἐφ’
2276 4212 2419 4283 ὑμᾶς
2450 4209 2511 4264 τὸ
2555 4209 2701 4281 ὕδωρ
2730 4206 2824 4262 τοῦ
2869 4204 3113 4277 ποταμοῦ
3133 4245 3149 4271 ,
3191 4204 3253 4258 τὸ
3301 4202 3519 4274 ἰσχυρὸν
3551 4200 3645 4254 καὶ
3674 4197 3741 4256 τὸ

2155 4308 2316 4372 πολὺ,
2361 4306 2486 4378 τὸν)
2524 4304 2745 4377 βασιλέα
2787 4284 2895 4356 τῶν
2955 4300 3274 4374 Ἀσσυρίων.
3319 4318 3337 4350 ι
3389 4297 3621 4353 Βασιλέα
3677 4299 3736 4349 ἐν

2156 4400 2411 4473 συμϐόλῳ
2456 4399 2547 4452 τὸν
2588 4397 2955 4473 Ἀντίχριστον
2998 4394 3175 4463 λέγει,
3205 4390 3385 4455 καθὼς
3420 4390 3511 4446 καὶ
3548 4389 3737 4459 ἔτερος

2156 4471 2445 4569 προφήτης
2478 4491 2642 4564 φησι·
2680 4471 2834 4544 (Καὶ
2859 4489 3013 4545 ἐσται
3046 4487 3188 4559 αὕτη
3236 4488 3269 4558 ή
3318 4485 3447 4557 παρ’
3480 4482 3613 4555 ἐμοῦ
3658 4483 3736 4534 εί-

2164 4591 2299 4661 ρήνη
2320 4588 2452 4657 (16),
2469 4588 2596 4640 ὅταν
2619 4585 2648 4637 ὁ
2663 4583 2941 4655 Ἀσσύριος
2963 4581 3163 4653 ἐπέλθῃ
3186 4581 3281 4633 ἐπὶ
3306 4580 3406 4656 τῂν
3422 4578 3524 4650 γῆν
3546 4574 3700 4650 ὑμῶν
3714 4616 3732 4639 ,

2161 4684 2254 4737 καὶ
2281 4681 2445 4753 ἐπιϐῇ
2475 4680 2566 4732 ἐπὶ
2594 4678 2664 4734 τὰ
2697 4678 2800 4749 ὄρη
2835 4677 3039 4748 ὑμῶν.»

2223 4869 2333 4921 Καὶ
2354 4863 2593 4934 Μωῡσῆς
2614 4861 2671 4914 δὲ
2701 4857 2924 4929 ὁμοίως,
2950 4847 3340 4927 προγινώσκων
3369 4850 3452 4902 ὅτι
3481 4843 3733 4934 μελλήσει

2153 4962 2183 5015 ὁ
2213 4960 2341 5023 λαὸς
2384 4931 2846 5012 ἀπωθεῖσθαίκαὶ
2884 4941 3282 5002 ἀποϐάλλεσθαι
3320 4941 3413 4993 τὸν
3435 4937 3607 5008 ἀληθῆ
3638 4931 3734 4987 τοῦ

2243 5172 2291 5203 ’⁷⁷
2322 5170 2487 5223 Mich.
2517 5180 2571 5231 v,
2606 5162 2661 5219 5.

2153 5309 2360 5365 scilicet
2379 5305 2537 5361 nobis
2559 5320 2588 5358 a
2611 5303 2744 5366 Deo,
2762 5301 2828 5356 de
2844 5298 2938 5354 illo
2954 5294 3180 5351 victoria
3200 5282 3730 5366 praestatur.-_-’E:rl

2151 5357 2697 5449 ϐξῆίᾘέθτᾶἰοέ,
2730 5357 2990 5449 ἧδοηιμεν
3017 5376 3127 5449 ἠθί
3146 5357 3366 5449 mild?”
3387 5357 3731 5449 ξδθῳῗθδ.

2159 5424 2801 5520 δᾞᾶἷξι”ίὶοί’ἶ”ᾲῆοῆιόύο
2840 5424 3004 5495 etiam
3040 5424 3598 5520 Syr.‘yulg.g(gir.rc_a_,
3630 5424 3733 5520 τήν

2152 5505 2357 5592 χῶραν,
2389 5505 2706 5592 (regionem
2735 5520 3036 5592 vestram,»
3060 5505 3231 5592 quod
3250 5505 3731 5592 (ligonlglltll‘ullES‘PASf,

2153 5567 2726 5662 artas“;1535mm
2755 5567 3110 5661 Septuaginta
3142 5567 3732 5662 regllinisslgzﬁgﬁpg:

2151 5639 2420 5732 ᾇὶζὲἑΐίἰξι
2469 5639 2810 5732 Hippolytus,
2830 5639 3002 5732 :quas’i
3023 5647 3317 5732 ‘mon‘tium
3339 5639 3738 5732 “altitudini?

2155 5720 2299 5786 {note
2332 5732 2422 5785 illa
2458 5720 2743 5799 pal'a'tia'et
2778 5720 3263 5799 aedes‘viderentur
3286 5754 3301 5782 ,
3339 5728 3434 5784 per
3484 5722 3733 5763 auxesnn

2156 5793 2593 5874 Seripturis'non
2627 5793 2940 5852 insuetam?
2972 5793 3208 5848 Count-3r.
