4134 6384
424 395 525 447 ’ἷΓΙ

1511 392 1598 447 DE
1637 389 1936 448 CHRISTO
1976 391 2063 447 ET
2110 389 2593 448 ANTlCllRlSTO.

3576 402 3676 458 773

437 508 646 580 κόσμου
675 509 930 579 Σωτῆρα,
966 508 1307 580 συναίρεσθαι
1339 509 1394 562 δὲ
1425 512 1487 581 τῇ
1519 505 1727 580 πλάνῃ,
1758 509 1986 577 hil/sm

2102 525 2164 564 ac
2195 510 2474 579 abjiceret,
2501 511 2673 565 errori
2702 526 2830 567 vero
2862 514 3214 580 consentiret,
3249 525 3523 572 terrenum
3552 521 3678 574 dili-

425 602 647 673 βασιλέα
673 597 1031 671 αἱρούμενος,
1067 601 1160 654 τὸν
1195 601 1250 652 δὲ
1284 602 1601 674 ἐπουράνιον
1632 602 1864 666 ἀθετεῖν,
1901 619 2007 670 φη·

425 693 543 746 σίν·
602 710 621 743 ‹
661 693 775 744 Οὐκ
811 691 917 743 ἰδοὺ
971 690 1141 743 ταῦτα
1195 691 1453 762 συνῆκται
1504 693 1634 764 παρ’
1687 693 1820 764 ἐμοῦ
1851 732 1866 755 ,
1903 696 2003 746 καὶ

420 783 780 852 ἐσφράγισται
814 782 869 833 ἐν
901 784 1011 845 τοῖς
1043 781 1502 856 θησαυροῖςκμους
1549 785 1606 838 ἐν
1633 786 1814 856 ἡμέρᾳ
1851 786 1995 838 ἐκδι-

421 874 634 942 κήσεως
670 871 1052 938 ἀνταποδώσω,
1093 874 1187 928 καὶ
1231 875 1288 929 ἐν
1321 874 1530 945 καιρῷ,
1573 877 1702 929 ὅταν
1755 877 1928 948 σφα-λῇ
1973 879 2002 930 ό

423 960 556 1024 ποῦς
587 961 786 1016 αὐτῶν.
812 981 830 1014 ι
881 963 1221 1034 Ἑσφάλησαν
1245 961 1338 1018 οῦν
1374 965 1514 1018 κατά
1553 965 1748 1028 πάντα,
1785 967 1842 1020 ὲν
1890 984 1995 1036 μη-

422 1051 534 1104 δενὶ
575 1049 854 1122 σύμφωνοι
889 1057 953 1125 τῇ
982 1055 1214 1126 ,ἀληθεία
1241 1055 1645 1127 εὑρισκόμενοι·
1684 1059 1821 1128 μήτε
1858 1057 1999 1111 κατά

420 1143 511 1195 τὸν
543 1143 725 1214 νόμον,
763 1145 853 1196 διὰ
885 1145 947 1198 τὸ
983 1147 1307 1218 παραϐάτας
1339 1149 1536 1211 αὐτοὺς
1571 1149 1680 1219 (l7)
1707 1148 1959 1216 γενέσθαι
1980 1167 1994 1180 ο

422 1235 558 1306 μήτε
584 1235 727 1288 κατὰ
771 1238 898 1300 τοὺς
928 1240 1245 1311 προφήτας,
1283 1238 1371 1293 διὰ
1400 1241 1462 1292 τὸ
1503 1239 1597 1293 καὶ
1632 1239 1828 1303 αὐτοὺς
1869 1242 1996 1304 τοὺς

419 1326 700 1398 προφήτας
730 1327 1090 1401 ἀνῃρηκέναι·
1138 1332 1273 1402 μήτε
1315 1331 1455 1384 κατά
1485 1331 1583 1402 τὴν
1614 1333 1721 1385 τῶν
1766 1332 1997 1400 εύαγγε-

417 1414 544 1468 λίων
571 1417 772 1488 φωνὴν,
808 1417 991 1472 διὰτὸ
1021 1419 1116 1472 καὶ
1153 1419 1313 1472 αὐτὸν
1353 1419 1446 1473 τὸν
1480 1419 1712 1490 Σωτῆρα
1746 1437 1994 1492 σταυρω-

419 1504 577 1575 θῆναι
597 1522 611 1534 ·
653 1507 790 1578 μήτε
832 1510 946 1570 τοῖς
973 1508 1286 1572 ἀποστόλοις
1323 1509 1652 1579 πειθόμενοι,
1688 1507 1778 1562 διὰ
1807 1509 1870 1561 τὸ
1902 1511 1996 1562 καὶ

416 1597 612 1660 αὐτοὺς
640 1585 996 1670 ἐκδιωχθῆναι
1016 1617 1031 1630 ³
1057 1599 1286 1654 πάντοτε
1315 1601 1589 1654 ἐπίϐουλοι
1612 1582 1990 1672 καὶτπροδόται

391 1689 515 1756 ’τῆς
569 1689 825 1761 ἀληθείας
854 1691 1161 1764 γενόμενοι,
1202 1692 1439 1764 μισόθεοι
1485 1692 1578 1746 καὶ
1629 1695 1703 1764 μὴ
1752 1693 1988 1762 φιλόθεοι

413 1769 812 1852 εὑρισκόμενοι,
841 1775 934 1836 καὶ
959 1785 1009 1836 oi
1034 1784 1154 1836 τότε
1178 1784 1461 1855 λαϐόμενοι
1500 1784 1688 1856 καιρόν
1707 1801 1720 1814 '
1747 1785 1991 1839 ἐκδικίαν

2110 616 2240 671 gens
2262 617 2470 672 regem,
2512 619 2575 658 ac
2623 603 2895 659 caelestem
2938 621 3238 676 spernens:
3271 628 3289 660 ι
3322 608 3511 664 Nonne.
3545 615 3678 675 haec,

2109 690 2302 760 inquit,
2335 693 2549 747 condita
2579 702 2707 748 sunt
2739 695 2877 762 apud
2903 709 3010 761 me,
3048 704 3102 748 et
3132 696 3343 766 signata
3379 699 3434 751 in
3460 699 3679 753 thesau-

2106 782 2182 835 ris
2214 784 2388 838 meis?
2417 783 2474 837 ln
2509 784 2596 837 die
2639 785 2862 838 ultionis
2890 786 3208 852 retribuam,
3236 797 3289 842 et
3319 789 3369 842 in
3412 798 3676 860 tempore,

2105 890 2227 929 cum
2259 875 2470 928 labetur
2495 891 2589 944 pes
2618 892 2805 930 eorum
2832 877 2898 929 7“.
2933 897 2950 927 ι
2988 876 3088 931 Per
3111 881 3294 933 omnia
3324 880 3506 950 itaque
3539 882 3674 951 lapsi

2104 975 2230 1020 sunt
2256 976 2308 1020 et
2340 975 2682 1030 erraverunt,
2707 968 2802 1037 qui
2847 967 2900 1021 in
2945 970 3094 1024 nullo
3128 971 3343 1026 veritati
3375 975 3680 1028 concordes

2099 1050 2458 1114 exstiterunt:
2490 1075 2588 1113 nec
2612 1061 2664 1114 in
2690 1061 2825 1130 lege,
2850 1063 2995 1131 quod
3020 1078 3138 1116 eam
3167 1066 3490 1134 transgressi
3516 1077 3674 1133 sunt;

2100 1148 2279 1202 necin
2309 1149 2620 1218 pr0phetis,
2667 1149 2812 1218 quod
2856 1149 3144 1218 pr0phetas
3191 1167 3410 1221 quoque
3456 1155 3678 1208 occide-

2099 1247 2254 1304 runt;
2279 1254 2376 1292 nec
2400 1239 2450 1292 in
2474 1237 2886 1308 Evangeliorum
2909 1255 3061 1302 voce,
3079 1242 3222 1310 quod
3254 1251 3308 1297 et
3337 1243 3672 1299 Salvatorem

2095 1331 2275 1398 ipsum
2304 1330 2729 1396 crucifixerunt;
2758 1346 2857 1384 nec
2890 1332 3154 1398 apostolis
3183 1333 3486 1398 credentes,
3527 1337 3671 1404 quod

2093 1430 2148 1475 et
2177 1422 2299 1477 illos
2333 1425 2605 1493 persecuti
2639 1432 2795 1486 sunt;
2831 1424 3030 1492 ubique
3068 1426 3280 1481 veritati
3317 1427 3546 1483 insidias
3578 1443 3674 1481 neu

2093 1521 2298 1568 ctentes
2343 1514 2570 1583 ejusque
2613 1515 2942 1584 proditores,
2983 1515 3074 1568 Dei
3112 1518 3283 1586 magis
3321 1518 3446 1572 odio
3497 1519 3668 1582 ducti,

2091 1620 2258 1676 quam
2284 1605 2403 1676 ejus
2435 1606 2545 1660 ullo
2568 1621 2754 1660 amore
2793 1607 3006 1673 devoti;
3043 1608 3133 1676 qui
3173 1619 3226 1662 et
3257 1609 3358 1678 ipsi
3401 1620 3530 1665 tunc
3577 1611 3669 1664 ubi

2093 1704 2256 1752 erunt
2301 1697 2448 1752 nacti
2497 1698 2874 1762 occasionem,
2923 1699 3207 1753 mortalem
3255 1703 3531 1756 hominem
3581 1704 3668 1758 sui

2091 1789 2321 1844 ultorem
2353 1789 2468 1844 fore
2505 1791 2798 1858 rogabunt,
2833 1791 3094 1847 adversus
3114 1792 3210 1847 Dei
3243 1808 3430 1848 servos
3468 1795 3668 1850 animis

412 1871 521 1943 γὰρ
571 1872 722 1943 παρὰ
768 1873 1053 1945 ἀνθρώπου
1087 1875 1279 1946 θνητοῦ
1325 1879 1506 1946 τυχεῖν
1548 1876 1798 1946 εὔχονται
1845 1877 1986 1930 κατὰ

2088 1881 2316 1936 incitati.
2347 1879 2554 1944 Quibus
2590 1882 2679 1936 ille
2713 1879 2856 1936 fastu
2887 1890 3127 1950 tumens,
3153 1883 3367 1938 libellos
3392 1886 3445 1938 in
3477 1901 3668 1940 omnes

412 1964 522 2017 τῶν
566 1964 767 2018 δούλων
806 1965 900 2019 τοῦ
945 1953 1080 2020 θεοῦ
1131 1969 1490 2040 ἐγειρόμενοι.
1542 1970 1640 2031 Ὃς
1695 1968 1987 2037 φυσιωθεὶς

360 2110 365 2114 .
414 2059 508 2111 ὑπ’
557 2057 738 2112 αὐτῶν
781 2059 891 2130 (l8)
939 2060 1164 2130 ἄρχεται
1208 2059 1422 2130 βίϐλους
1471 2060 1610 2114 κατά
1657 2061 1767 2114 τῶν
1819 2061 1989 2130 ἁγίων

380 2215 384 2220 .
414 2150 734 2220 ἐκπέμπειν
765 2153 891 2228 τοὶς
920 2151 1128 2215 πάντας
1168 2151 1440 2224 πανταχοῦ
1472 2152 1830 2223 ἀναιρεῖσθαι,
1863 2154 1990 2218 τοὺς

316 2302 320 2304 _
366 2231 371 2239 ’
418 2241 492 2311 μὴ
527 2240 778 2305 θέλοντας
803 2241 962 2301 αύτδν
997 2234 1357 2308 σεϐάζειηῖκαὶ
1382 2247 1706 2316 προσκυνεῖν
1728 2244 1804 2308 ὡς
1834 2244 1985 2309 Θεὸν,

381 2393 384 2397 1
410 2330 591 2395 καθώς
625 2349 789 2403 φησιν
827 2334 1052 2398 Ἡσαΐας
1073 2352 1086 2366 ·
1120 2353 1138 2386 ι
1169 2336 1305 2388 Οὐαὶ
1334 2336 1438 2406 γῆς
1472 2336 1670 2390 πλοίων
1699 2336 1986 2408 πτέρυγες,

410 2422 662 2497 ἐπέκεινα
678 2425 936 2496 ποταμῶν
948 2421 1250 2490 Αἰθιοπίαςε
1268 2429 1296 2478 ό
1314 2428 1654 2482 ἀποστέλλων
1673 2430 1730 2482 ἐν
1747 2427 1990 2502 θαλάσσῃ

410 2514 612 2587 ὅμηρα,
655 2516 750 2570 καὶ
772 2517 1056 2581 ἐπιστολὰς
1093 2517 1334 2588 βιϐλίνας
1373 2519 1582 2590 (ἐπάνω
1623 2520 1716 2573 τοῦ
1761 2519 1949 2583 ὓδατος
1972 2537 1984 2550 ·

409 2608 766 2680 πορεύσονται
812 2610 921 2684 γὰρ
967 2611 1184 2681 ἄγγελοι
1233 2612 1462 2682 κοῦφοι)
1511 2614 1649 2686 πρὸς
1695 2614 1845 2677 ἔθνος
1893 2633 1990 2686 με-

408 2701 610 2772 τέωρον
639 2701 770 2772 (19),
799 2702 894 2756 καὶ
926 2697 1076 2764 ξένον
1100 2702 1226 2756 λαὸν
1254 2705 1348 2756 καὶ
1383 2703 1620 2776 χαλεπὸν
1652 2707 1733 2769 εἰς
1770 2707 1986 2771 αὐτοὺς,

410 2791 562 2855 ἔθνος
596 2792 915 2846 ἀνέλπιστον
958 2795 1055 2847 καὶ
1088 2796 1635 2868 καταπεπατημένον.

493 2889 633 2960 Ἀλλ’
675 2891 836 2960 ἡμεῖς
874 2891 1068 2954 οἵτινες
1109 2891 1416 2956 ἐλπίζοντες
1469 2893 1550 2955 είς
1605 2891 1694 2946 τὸν
1724 2893 1851 2947 Υίδν
1893 2893 1990 2948 τοῦ

410 2980 544 3034 Θεοῦ
566 3020 582 3044 ,
635 2971 956 3052 διωκόμεθσῖ
995 2981 1464 3052 καταπατούμενοι
1517 2981 1610 3035 ὑπ’
1653 2982 1833 3036 αὐτῶν
1883 2984 1991 3038 τῶν

405 3074 670 3128 ἀπίστων.
707 3071 914 3127 Πλοίων
945 3073 1053 3145 γὰρ
1087 3073 1354 3145 πτέρυγές
1385 3076 1523 3128 εἰσιν
1547 3077 1602 3129 αί
1643 3075 1988 3146 Ἐκκλησίαιο

408 3166 648 3220 θάλασσα
670 3165 733 3240 ,δέ
773 3169 919 3219 ἐστιν
947 3166 976 3219 ό
1023 3167 1257 3238 κόσμος,
1303 3165 1360 3220 ἐν
1410 3160 1516 3238 ᾧή
1552 3166 1870 3238 Ἐκκλησία,
1912 3169 1988 3233 ὡς

406 3257 620 3321 ναῦςέν
651 3257 874 3326 πελάγει
897 3258 1216 3329 χειμάζεται
1249 3258 1368 3329 μὲν,
1391 3257 1507 3311 ἀλλ’
1527 3257 1626 3311 οὐκ
1651 3258 1947 3312 ἀπόλλυται
1963 3275 1978 3289 ο

407 3348 520 3420 ἔχει
572 3350 680 3422 γὰρ
741 3349 858 3421 μεθ’
916 3351 1114 3422 ἑαυτῆς
1169 3352 1260 3404 τὸν
1318 3349 1582 3422 ἔμπειρον
1644 3350 1980 3422 κυϐερνήτην

376 3420 672 3510 ’Χριστόνγο
707 3425 863 3511 φέρει
887 3440 944 3492 δὲ
967 3441 1024 3494 ἐν
1059 3420 1210 3512 μέσῳ
1242 3420 1420 3494 καὶτὸ
1446 3420 1725 3510 τρόπαιον,
1757 3420 1816 3493 τό
1843 3420 1984 3494 κατά

405 3531 502 3584 τοῦ
536 3531 784 3595 θανάτου,
807 3533 882 3596 ὼς
913 3533 1003 3586 τὸν
1035 3532 1265 3605 σταυρὸν
1291 3531 1384 3585 τοῦ
1407 3532 1612 3605 Κυρίου
1645 3531 1762 3602 μεθ’
1783 3532 1981 3603 ἐαυτῆς

409 3622 772 3694 βαστάζουσα.
802 3622 958 3678 Ἔστι
994 3608 1116 3696 γὰρ.
1153 3625 1326 3695 αὐτῆς
1361 3623 1718 3697 μένκπρὼρα,
1753 3627 1785 3696 ἡ
1827 3626 1981 3678 Ἀνα-

407 3707 532 3787 τολή
551 3732 567 3746 ο
599 3715 821 3786 πρύμνα
843 3715 922 3779 δὲ,
951 3715 987 3786 ἡ
1010 3715 1204 3778 Δύσιςο
1233 3716 1296 3768 τὸ
1321 3715 1376 3784 δὲ
1404 3715 1565 3780 κύτος
1589 3715 1722 3787 (20),
1751 3717 1983 3786 Μεσημ-

411 3808 570 3880 ϐρία·
600 3810 783 3872 οἵακες
829 3809 907 3872 δὲ,
942 3811 998 3862 αἱ
1044 3808 1138 3862 δύο
1176 3809 1475 3880 Διαθῆκαι·
1513 3811 1720 3882 σχοινία
1751 3810 1807 3864 δὲ
1835 3825 1991 3880 περι-

406 3900 749 3972 τεταμένα,,
778 3901 812 3970 ἡ
863 3901 1056 3971 ἀγάπη
1105 3902 1199 3954 τοῦ
1245 3899 1484 3972 Χριστοῦ
1533 3902 1835 3994 σφίγγουσα
1882 3901 1986 3972 τὴν

408 3996 778 4068 ,Εκκλησίανο
835 3995 981 4049 λίνον
1020 3997 1148 4065 (21)
1193 3995 1251 4048 δέ
1298 3996 1327 4049 ὃ
1365 3997 1520 4067 φέρει
1581 3997 1696 4066 μεθ’
1744 3998 1978 4067 ἑαυτῆς,

407 4082 471 4135 τὺ
510 4082 732 4154 Λουτρὸν
767 4082 866 4152 τῆς
902 4082 1323 4152 παλιγγενεσίας
1359 4083 1689 4154 ἀνανεούσης
1726 4085 1852 4149 τοὺς
1887 4103 1982 4139 πι-

489 4216 534 4248 ⁷⁸
559 4215 715 4274 Deut.
741 4223 1052 4289 xxx1v,,54,
1096 4223 1186 4278 '55.
1266 4224 1312 4256 "
1337 4223 1440 4279 lsa.
1481 4239 1638 4288 xvm,
1667 4225 1719 4290 1,
1742 4225 1798 4280 2.

480 4339 528 4416 (
632 4340 980 4416 ῌαρᾳόᾀτᾳς
1003 4343 1351 4416 a1?_zoei¢._ld.
1385 4343 1702 4416 παραϐάτας
1735 4343 1929 4398 αὑτοῦ.

640 4412 1018 4488 ᾉΥετίαύτῶν.
1052 4413 1320 4488 Combef.,
1352 4411 1480 4488 παρ⁵
1507 4414 1706 4488 αύτῶν.

481 4481 1976 4577 £192ﬂeteﬁﬁtesﬂsiéeee..Pefilel'isfieeﬁie:
2008 4523 2053 4577 n

410 4552 639 4624 ronymo
665 4552 1052 4624 difﬁcillimus,
1093 4569 1254 4623 quem
1289 4554 1576 4624 allegorice
1610 4555 1677 4619 de
1706 4555 1976 4624 rhazreticis

409 4623 653 4695 exponit.
686 4623 994 4695 Μετέωρον,
1027 4624 1174 4692 quod
1203 4642 1222 4674 ι
1248 4623 1515 4695 excelsam
1539 4643 1562 4695 ν»
1589 4623 1786 4688 reddit,
1817 4625 1976 4694 quasi

409 4693 566 4750 obvia
595 4693 1007 4760 signifieatibne,
1031 4703 1085 4748 et
1111 4702 1234 4762 post
1262 4710 1387 4749 eum
1414 4693 1849 4762 Nobilius,mihi
1867 4710 1976 4748 non

411 4762 961 4834 satisfacitaPutandi
1001 4761 1259 4834 Septuag.
1290 4764 1527 4819 voluisse
1557 4765 1665 4818 vim
1695 4761 1978 4819 llebraicze

342 4864 346 4868 ~
409 4835 563 4890 v0cis
591 4833 836 4904 reddere,
867 4849 988 4902 qua'
1018 4835 1166 4888 velut
1193 4833 1548 4889 (distractum
1577 4842 1921 4904 tractumque
1952 4853 1971 4886 ι

411 4913 594 4962 sonat.
637 4903 799 4974 hujus
828 4903 1200 4972 amplitudinis
1228 4918 1380 4968 voce,
1414 4919 1480 4959 ac
1522 4919 1630 4974 qua
1661 4903 1800 4958 forte
1828 4903 1977 4959 nulla

409 4973 748 5045 commodior
775 4974 1024 5045 exsistat.
1041 4974 1122 5028 Sit
1144 4989 1295 5045 ergo,
1320 4974 1444 5045 (Ad
1471 4973 1685 5044 gentem
1713 4983 1974 5045 erectam,

410 5041 674 5115 suspensi
716 5042 919 5115 animi,
963 5044 1189 5098 consilia
1205 5041 1570 5112 fmolientcm,
1599 5061 1620 5096 ι
1664 5058 1729 5099 ac
1768 5044 1815 5100 si
1844 5044 1976 5115 quid

410 5111 677 5182 ejusmodi
699 5121 811 5182 est.
835 5112 1072 5170 Couasr.
1130 5171 1167 5182 ν,
1555 5111 1559 5112 “
1808 5127 1827 5160 :

482 5181 593 5252 (20)
638 5181 705 5252 Td
754 5180 822 5252 δὲ
867 5184 1065 5249 κύτος.
1119 5181 1212 5238 Sic
1249 5183 1568 5250 emendavi,
1611 5199 1736 5238 cum
1777 5198 1980 5252 reprae-

412 5250 640 5308 sentarit
667 5250 898 5324 Gudius,
919 5252 982 5304 τὸ
1012 5252 1068 5307 δὲ
1099 5253 1292 5308 κύκλον
1311 5271 1323 5283 ·
1351 5269 1652 5324 parumque
1683 5253 1821 5324 felici
1842 5250 1977 5324 eon-

407 5323 653 5397 jectura,
703 5313 891 5397 κοῖλον
926 5324 1322 5397 emendandum
1351 5313 1668 5397 .putavérit.
1695 5313 1811 5397 Est
1861 5323 1978 5376 hare

412 5391 567 5454 navis
613 5391 908 5461 descriptio
927 5391 951 5451 ,’
1001 5393 1114 5460 ipsa
1145 5391 1539 5463 _accurata,cui
1587 5394 1818 5463 proinde
1857 5401 1980 5460 post

411 5478 624 5534 proram
649 5471 702 5516 et
731 5460 986 5534 puppim,
1006 5463 1068 5515 τὸ
1093 5460 1253 5529 κύτος
1279 5460 1669 5534 assignandum
1701 5475 1838 5527 erat,
1864 5471 1976 5534 tota

412 5533 587 5587 media
615 5535 891 5602 capacitas
939 5533 1022 5587 his
1069 5534 1362 5602 intercepta
1407 5545 1462 5587 et
1503 5535 1730 5588 laterum
1779 5533 1977 5598 ampli-

411 5603 563 5684 tudo,
592 5619 758 5688 quam
791 5602 1079 5688 sic‘Grzeei
1117 5614 1349 5688 vocant;
1376 5605 1600 5685 Athenz,
1635 5603 1776 5655 κατὰ
1815 5602 1979 5672 μέσον

407 5672 506 5741 τῆς
535 5672 670 5744 νεὼς
695 5672 854 5738 κύτος
883 5673 940 5725 ἐν
968 5673 1141 5744 κοίλῃ,
1166 5690 1185 5724 ι
1211 5674 1609 5744 ιιιεάἰυδίηανίξ
1640 5681 1861 5744 venter,
1881 5687 1976 5725 seu

410 5743 748 5797 ventricosus
788 5744 992 5799 alveus.
1016 5762 1034 5795 ι
1072 5742 1181 5798 Nec
1215 5745 1369 5806 aliter
1423 5743 1535 5798 Jul.
1580 5743 1773 5797 Pollux
1810 5742 1903 5796 lib.
1935 5757 1974 5806 I,

411 5824 530 5879 Cap.
559 5812 620 5879 4,
656 5814 790 5880 Περὶ
816 5813 1017 5882 μερῶν
1037 5812 1172 5876 νεώς
1194 5828 1208 5842 ·
1255 5813 1365 5866 Keil
1411 5814 1472 5867 τὸ
1511 5813 1608 5885 μὲν
1653 5812 1848 5880 ἔδαφος
1878 5811 1977 5880 τῆς

725 5912 1000 5971 ΡΑτιιοι..
1030 5911 1148 5972 Gn.
1188 5909 1270 5972 X.

2089 1982 2271 2041 partes
2313 1975 2577 2029 adveréus
2618 1982 2838 2028 sanctos
2877 1975 3153 2029 destinare
3202 1976 3443 2046 incipiet,
3482 1987 3541 2032 ut
3573 1979 3668 2047 qui

2088 2080 2211 2119 eum
2236 2058 2414 2122 colere
2438 2076 2492 2120 et
2516 2067 2671 2136 quasi
2699 2066 2866 2122 Deum
2890 2073 3135 2123 venerari
3158 2070 3452 2134 noluerint,
3478 2087 3669 2126 omnes

2090 2156 2293 2225 ubique
2337 2157 2764 2224 inter'ficianlur;
2815 2161 3272 2228 quemadmodum
3319 2162 3396 2216 ait
3442 2160 3614 2217 Isaias
3651 2180 3665 2215 :

2095 2265 2113 2296 ι
2146 2245 2238 2300 Va:
2283 2255 2438 2301 terrae
2478 2249 2696 2302 navium
2741 2251 2860 2311 alze,
2888 2259 3041 2305 trans
3083 2250 3308 2306 flumina
3352 2249 3668 2322 Aithiopite.

2090 2337 2192 2405 Qui
2229 2339 2396 2394 mittit
2437 2341 2491 2394 in
2539 2356 2688 2395 mare
2733 2341 2982 2408 obsides,
3033 2353 3087 2398 et
3132 2345 3390 2414 epistolas
3432 2344 3670 2400 biblinas

2091 2448 2253 2502 super
2286 2449 2505 2503 aquam.
2552 2433 2710 2489 lbunt
2753 2437 2900 2490 enim
2949 2439 3124 2492 nuntii
3164 2439 3309 2494 leves
3347 2441 3414 2494 ad
3449 2449 3666 2510 gentem

2090 2534 2323 2580 erectam
2354 2526 2714 2596 suspensique
2734 2528 2924 2592 animi,
2950 2537 3006 2584 et
3029 2529 3374 2599 peregrinum
3404 2533 3664 2600 populum

2091 2629 2404 2685 saavumque
2429 2617 2484 2670 in
2510 2631 2627 2680 eos,
2663 2626 2876 2687 gentem
2909 2617 3237 2688 insperatam
3281 2627 3336 2674 et
3375 2621 3669 2676 conculca-

2091 2715 2200 2761 tam
2225 2708 2290 2762 7°.
2324 2726 2343 2760 ι

2161 2886 2296 2943 LIX.
2338 2887 2532 2943 Verum
2563 2903 2663 2944 nos
2689 2888 2782 2959 qui
2810 2889 2862 2942 in
2892 2888 3087 2942 Filium
3129 2888 3224 2944 Dei
3258 2905 3564 2960 speramus,
3594 2893 3664 2947 ab

2092 2980 2397 3036 infidelibus
2444 2996 2474 3034 a
2520 2981 2721 3051 quibus
2767 2980 3190 3046 conculeamur,
3227 2983 3661 3051 persecutionem

2090 3073 2348 3143 patimur.
2395 3073 2508 3127 Ala:
2547 3075 2691 3127 enim
2732 3073 2975 3136 navium,
3019 3071 3278 3128 Ecclesia:
3315 3084 3475 3142 sunt;
3512 3091 3665 3130 mare

2092 3180 2242 3231 vero,
2278 3165 2537 3229 mundus,
2573 3167 2629 3219 in
2679 3181 2789 3235 quo
2817 3165 3084 3231 Ecclesia,
3129 3167 3276 3222 velut
3301 3168 3454 3222 navis
3487 3167 3663 3238 pelagi

2087 3257 2226 3323 salo,
2255 3256 2510 3311 fluctibus
2539 3256 2798 3326 jactatur,
2832 3273 2931 3312 nec
2965 3267 3144 3312 tamen
3177 3257 3464 3329 naufragio
3484 3259 3656 3328 perit;

2090 3349 2289 3419 quippe
2308 3364 2432 3404 eum
2456 3348 2708 3404 solertem
2739 3349 3152 3418 gubernatorem
3175 3349 3452 3404 Christum
3475 3365 3661 3406 secum

2089 3441 2309 3496 habeat.
2335 3440 2462 3495 Fert
2487 3455 2618 3496 vero
2647 3441 2810 3496 etiam
2840 3441 2895 3495 in
2928 3441 3109 3496 medio
3136 3450 3374 3496 erectum
3399 3443 3662 3497 adversus

2089 3544 2319 3590 mortem
2353 3543 2634 3604 tropaeum,
2659 3549 2779 3603 quae
2801 3533 3049 3588 videlicet
3084 3549 3298 3588 erucem
3327 3532 3541 3588 Domini
3575 3549 3663 3589 se-

2090 3641 2216 3682 cum
2242 3634 2436 3696 portet.
2485 3624 2582 3680 Est
2619 3625 2764 3679 enim
2803 3624 2924 3694 ejus
2968 3639 3152 3694 prora,
3206 3623 3432 3690 Oriens;
3465 3625 3663 3694 puppis

2089 3733 2240 3785 vero,
2277 3715 2575 3784 Occidens;
2609 3717 2814 3772 cavitas
2855 3717 3141 3787 mediaque
3169 3718 3460 3788 capacitas,
3500 3718 3665 3772 Meri-

2089 3807 2234 3875 dies;
2275 3807 2436 3872 clavi,
2469 3808 2578 3862 duo
2609 3805 2982 3872 Testamenta;
3023 3807 3436 3862 circurnextenti
3478 3806 3657 3872 funes,

2088 3899 2290 3954 Christi
2307 3899 2547 3954 ebaritas
2572 3914 2694 3966 quae
2706 3898 3004 3954 Ecclesiam
3029 3899 3301 3969 astringit;
3319 3900 3488 3954 linum
3512 3901 3659 3969 quod

2086 4004 2272 4046 secum
2302 3988 2427 4053 fert,
2458 3990 2734 4044 lavacrum
2758 3998 2842 4046 est
2867 3991 3296 4060 regenerationis
3324 4006 3445 4060 quae
3472 3991 3658 4046 ﬁdeles

2084 4090 2330 4147 renovat,
2360 4081 2502 4136 unde
2538 4089 2666 4137 sunt
2698 4081 2788 4135 illa
2816 4082 3092 4151 przeclara.
3135 4080 3292 4136 Venti
3343 4082 3462 4136 loco
3505 4080 3658 4136 adest

2083 4342 2246 4409 νεὼς,
2277 4345 2439 4413 κύτος
2485 4341 2583 4394 καὶ
2630 4341 2988 4413 γάστριακαὶ
3039 4341 3411 4413 ἀμφιμήτριον
3453 4343 3653 4413 ὀνομά-

2083 4413 2252 4478 ζεται.
2285 4411 2385 4467 Ubi
2414 4427 2520 4464 non
2556 4412 2692 4465 bene
2721 4410 3035 4480 Redolphus
3070 4410 3419 4475 Gualtherus,
3447 4430 3465 4462 ι
3491 4410 3656 4465 Pavi-

2082 4495 2356 4543 mentum,
2401 4482 2666 4544 fundum,
2712 4483 2925 4542 alvum,
2968 4482 3364 4551 ἀμφιμήτριον.
3398 4499 3418 4532 ι
3450 4480 3656 4536 Domus

2083 4555 2299 4622 quidem
2323 4552 2538 4622 ἔδαφος,
2567 4569 2585 4601 ι
2608 4552 2972 4622 pavimentum
2994 4570 3014 4602 ι
3042 4562 3185 4622 recte
3206 4553 3447 4622 dicatur;
3474 4554 3653 4614 navis,

2081 4619 2340 4686 minime;
2383 4621 2498 4686 sed,
2534 4622 2677 4689 quod
2725 4619 2958 4692 Hesycb.
2992 4630 3044 4692 et
3085 4620 3238 4673 Suid.
3269 4620 3526 4692 χώρημα,
3560 4622 3657 4692 βά-

2079 4694 2198 4758 θος,
2224 4692 2447 4756 πλάτος,
2489 4710 2508 4743 c
2559 4691 2865 4759 capacitas,
2918 4691 3291 4760 profunditas,
3327 4691 3594 4756 latitudo,
3631 4713 3650 4743 ι

2077 4771 2226 4818 totus
2261 4763 2495 4830 denique
2536 4763 2746 4816 medius
2781 4761 2934 4815 navis
2961 4763 3115 4815 sinus
3141 4773 3196 4814 et
3234 4770 3455 4828 venter;
3493 4762 3656 4830 ὄγκος

2079 4832 2234 4888 Suid.
2271 4848 2382 4886 non
2435 4832 2611 4886 solum
2655 4831 2798 4902 quod
2849 4832 2958 4902 imo
3004 4831 3307 4902 sternitur,
3367 4833 3524 4902 quasi
3581 4835 3649 4884 ad

2078 4902 2282 4957 carinae
2315 4904 2518 4966 locum,
2557 4898 2832 4969 quomodo
2877 4901 3090 4954 videtur
3117 4898 3450 4956 Gualtherus
3496 4916 3652 4956 acce-

2079 4973 2257 5042 pisse.
2307 4972 2452 5042 quod
2489 4979 2688 5034 vocat,
2720 4972 3109 5042 pavimentum.
3146 4969 3329 5042 Κύτος
3357 4973 3412 5025 in
3453 4973 3650 5039 capite,

2079 5041 2194 5098 tota
2223 5041 2472 5111 illa’pars
2502 5055 2625 5110 quae
2666 5041 2876 5108 capillis
2909 5043 3140 5111 tegitur,
3185 5041 3540 5108 contiuetque
3587 5055 3653 5090 ac

2079 5114 2286 5181 obtegit
2323 5110 2643 5176 cerebrum;
2683 5125 2850 5180 quam
2886 5110 2986 5181 qui
3027 5112 3394 5177 pavimentum
3425 5111 3650 5173 diceret,

2079 5198 2164 5236 na:
2195 5178 2242 5235 is
2268 5182 2440 5237 scitus
2470 5178 2738 5248 interpres
2767 5191 2934 5234 esset.
2972 5178 3046 5232 lu.

2150 5251 2265 5322 (2|)
2304 5252 2508 5305 Λίνον.
2551 5246 2629 5322 *Εἰ
2679 5253 2766 5322 hic
2809 5250 2992 5302 πλοῖον
3028 5256 3216 5322 erat;
3269 5255 3326 5300 at
3377 5246 3652 5322 quomodo

2079 5315 2255 5376 navis'
2281 5319 2691 5378 εοουωπλοῖον
2722 5319 2848 5383 fert,
2887 5320 3041 5384 quasi
3073 5317 3226 5372 navis
3257 5315 3486 5370 navem?
3523 5332 3652 5370 nam

2079 5391 2261 5444 πλοῖον
2308 5391 2464 5444 navis
2508 5398 2628 5452 est,
2674 5391 2816 5444 haud
2860 5403 3018 5442 secus
3061 5402 3126 5441 ac
3171 5386 3320 5448 ναῦς.
3374 5384 3654 5454 Mirorque

2079 5461 2258 5516 Gudio
2299 5475 2406 5514 non
2437 5459 2765 5524 subaluisse.
2809 5458 2964 5524 Quod
2997 5457 3078 5511 sic
3114 5457 3332 5511 lavacro
3365 5469 3655 5524 regenera-

2080 5478 2258 5516 UUUIO
2299 5478 2406 5514 non
2437 5478 2594 5514 SUDJI
2620 5478 2765 5514 tisse.
2809 5478 2964 5524 ullou
2997 5478 3078 5511 διο
3114 5478 3332 5511 lavacro
3366 5478 3652 5524 regenera-

2080 5532 2248 5585 tionis
2273 5540 2554 5599 comparet
2585 5478 2932 5599 l'lippolytus,
2970 5526 3105 5579 nihil
3135 5524 3284 5599 aliud
3309 5526 3652 5599 commodius

2079 5601 2193 5653 lino
2240 5596 2512 5665 occurrit,
2543 5596 2669 5667 quoi
2691 5596 2798 5652 'sie
2820 5597 3109 5667 capiuntur
3153 5596 3366 5667 pisces,
3408 5605 3461 5648 et
3489 5596 3653 5667 cujus

2079 5670 2435 5738 metaphora,
2480 5664 3146 5738 prauiicatio_evangeliea
3196 5665 3425 5738 Proclo,
3475 5664 3654 5738 Chry-

2079 5734 2242 5803 sost.,
2271 5750 2401 5804 etc.,
2423 5734 2762 5794 declaratur.
2794 5735 2926 5804 Ejus
2969 5737 3153 5802 itaque
3185 5736 3521 5803 navis,‘qua3
3551 5734 3656 5786 Ec-

2079 5810 2243 5864 clesia
2281 5817 2386 5873 est,
2438 5809 2611 5862 linum
2663 5803 2941 5876 capiendis
2984 5804 3401 5874 pisciculis,'ct
3435 5813 3493 5857 ut
3542 5803 3652 5872 jam

3257 5901 3336 5960 οδ
