4134 6400
443 375 546 429 779

1143 370 1198 426 S.
1239 366 1599 424 HIPPOLYTI
1638 367 1793 423 OPP.
1837 364 2019 419 PARS
2058 363 2123 419 ll.
2165 394 2234 405 —
2273 363 2577 421 DOGMAT.
2622 365 2711 420 ΕΤ
2752 363 3098 422 HISTORIC.

3583 366 3694 421 780

441 492 790 563 Spiritusille
822 506 851 545 e
885 490 1061 553 cmlis,
1098 504 1207 558 quo
1245 488 1429 543 ﬁdeles
1459 488 1850 557 consignantur
1884 484 2014 538 Deo.

2124 484 2440 547 στεύοντας,
2492 483 2614 537 ὅθεν
2668 484 2731 556 δὴ
2784 484 2956 538 ταῦτα
3007 482 3263 554 λαμπρά·
3318 484 3582 556 πάρεστιν
3625 487 3703 550 ὼς

440 585 615 639 liabet
643 584 842 654 pariter
864 583 941 637 illi
963 582 1192 636 comites
1212 588 1266 635 et
1284 578 1490 634 ferreas
1514 580 1803 643 anchoras,
1828 588 2014 634 sancta

439 671 930 729 niniiruerhristi
975 670 1260 733 mandata,
1306 685 1428 739 quae
1473 668 1604 723 ferri
1638 669 1803 723 robur
1835 670 2014 738 ipsum

438 764 751 836 prmferant.
777 762 921 828 Quin
956 768 1011 816 et
1040 768 1236 815 nautas
1262 760 1530 817 adextris
1563 772 1727 830 atque
1775 759 2014 815 sinistris

435 858 618 920 habet,
650 862 964 911 sanctorum
993 853 1308 924 angelorum
1341 868 1493 908 more
1513 854 1850 916 assistentes,
1876 867 2016 922 quo-

436 963 560 1003 rum
592 960 693 1015 ope
724 944 1037 999 continetur
1063 953 1226 1013 atque
1261 943 1505 997 munitur
1542 941 1804 997 Ecclesia.
1835 940 1895 995 In
1925 957 2010 1006 ea,

436 1038 584 1094 scala
616 1050 737 1106 quae
782 1035 837 1089 in
877 1035 1043 1089 altum
1087 1034 1153 1089 ad
1193 1043 1486 1089 antennam
1530 1034 1800 1101 subvehit,
1836 1033 2014 1103 imago

435 1137 519 1184 est
546 1127 807 1183 salutaris
834 1125 1038 1181 Christi
1065 1126 1356 1195 passionis,
1387 1125 1572 1180 ﬁdeles
1611 1125 1832 1180 trahens
1868 1132 1930 1179 ut
1959 1126 2014 1178 in

436 1221 605 1274 euelos
627 1218 1018 1274 conscendant.
1051 1215 1215 1287 Signa
1247 1232 1411 1287 super
1438 1225 1729 1271 antennam
1760 1217 1815 1269 in
1844 1215 2012 1269 altum

436 1312 668 1375 sublata,
698 1310 1108 1381 prophetarum,
1140 1317 1444 1379 martyrum
1476 1315 1530 1362 et
1562 1306 1933 1377 apostolorum
1958 1305 2012 1359 in

433 1405 636 1459 Christi
671 1419 840 1474 regno
869 1401 1268 1472 quicscentium
1298 1399 1532 1470 stipatus
1557 1400 1718 1455 ordo.

508 1672 621 1730 LX.
664 1673 735 1728 De
763 1672 1159 1744 persecutionis
1184 1686 1313 1726 vero
1343 1685 1608 1732 aerumna,
1633 1682 1796 1737 quam
1830 1665 2015 1721 adver-

432 1769 612 1825 sarius
642 1767 895 1823 Ecclesiae
947 1766 1187 1829 inducet,
1218 1764 1381 1819 etiam
1416 1761 1657 1817 Joannes
1716 1760 1955 1830 loquitur
1978 1774 2008 1809 ’z

438 1880 457 1913 ι
491 1860 558 1915 Ει
611 1858 721 1913 vidi
758 1858 976 1928 signum
1014 1871 1270 1927 magnum
1304 1863 1361 1909 et
1400 1852 1648 1908 mirabile
1673 1891 1688 1915 ,
1723 1849 2005 1905 mulierem
2040 1831 2080 1886 Β

437 1953 696 2007 amictam
723 1948 857 2010 sole,
892 1956 945 2001 et
967 1947 1096 2001 luna
1121 1947 1224 2000 sub
1240 1945 1469 2015 pedibus
1498 1943 1638 2013 ejus,
1661 1951 1716 1997 et
1746 1941 1803 1995 in
1834 1940 2010 2010 capite

432 2044 555 2113 ejus
579 2055 784 2098 corona
807 2039 1087 2095 stellarum
1112 2037 1421 2093 duodecim.
1456 2035 1521 2090 Et
1548 2037 1601 2091 in
1635 2046 1788 2091 utero
1803 2035 2010 2091 habens

435 2135 635 2191 clamat
691 2131 1021 2204 parturiens,
1076 2138 1131 2184 et
1186 2130 1537 2185 cruciabatur
1587 2136 1648 2183 ut
1683 2135 1915 2197 pareret.
1945 2125 2012 2181 Et

433 2228 599 2281 draco
641 2225 792 2280 stetit
835 2233 960 2279 ante
1011 2223 1292 2277 mulierem
1328 2237 1449 2291 quae
1492 2230 1608 2275 erat
1644 2221 1919 2291 paritura,
1952 2227 2014 2274 ut

434 2335 558 2374 cum
595 2317 913 2388 peperisset,
960 2316 1133 2370 ﬁlium
1166 2314 1286 2384 ejus
1320 2313 1626 2368 devoraret.
1682 2310 1749 2367 Et
1803 2312 2013 2382 peperit

435 2410 608 2463 ﬁlium
648 2407 988 2481 masculum,
1022 2405 1115 2476 qui
1151 2412 1268 2459 erat
1300 2413 1551 2458 recturus
1586 2417 1777 2458 omnes
1801 2410 2008 2472 gentes.

433 2501 499 2556 Et
529 2510 716 2567 raptus
740 2509 821 2555 est
843 2498 985 2553 ﬁlius
1020 2499 1086 2551 ad
1117 2495 1285 2551 Deum
1314 2504 1368 2550 et
1402 2495 1467 2549 ad
1499 2495 1755 2549 thronum
1774 2494 1913 2564 ejus.
1946 2494 2013 2549 Et

434 2593 634 2647 mulier
662 2591 801 2661 fugit
832 2591 891 2645 in
917 2588 1284 2651 solitudinem,
1325 2588 1417 2641 ubi
1449 2586 1680 2641 habebat
1708 2585 1887 2640 locum
1916 2600 2014 2655 pa-

433 2694 612 2739 ratum
653 2700 684 2739 a
726 2683 859 2748 Deo,
894 2690 955 2735 ut
984 2680 1057 2735 ibi
1089 2694 1210 2733 eam
1250 2686 1474 2748 pascant
1519 2676 1709 2732 diebus
1741 2676 1889 2731 mille
1911 2675 2013 2731 du-

432 2776 606 2831 centis
626 2773 905 2843 sexaginta
928 2773 996 2825 '°.
1049 2771 1115 2826 Et
1154 2782 1280 2827 tunc
1312 2771 1502 2825 videns
1534 2770 1724 2836 draco,
1759 2785 2013 2841 persecu-

431 2873 523 2919 tus
564 2871 650 2919 est
691 2863 977 2916 mulierem
1013 2876 1137 2930 quae
1179 2860 1388 2929 peperit
1424 2860 1753 2916 masculum.
1786 2858 1853 2915 Et
1875 2860 2012 2916 datae

434 2965 561 3013 sunt
595 2954 810 3010 mulieri
843 2953 943 3007 alae.
966 2952 1088 3007 duae
1122 2953 1319 3022 aquila:
1350 2967 1581 3022 magnae,
1630 2961 1690 3006 ut
1718 2952 1924 3008 volaret
1956 2953 2013 3008 in

432 3050 742 3112 desertum;
776 3047 879 3100 ubi
915 3044 1080 3099 alitur
1113 3058 1210 3115 per
1235 3052 1449 3113 tempus
1487 3054 1541 3097 et
1569 3052 1810 3113 tempora
1845 3052 1900 3099 et
1930 3043 2014 3099 di-

2122 574 2374 646 πνεῦμα,
2421 575 2483 629 τὸ
2519 576 2614 628 ἀπ’
2666 576 2945 647 οὐρανῶν,
2995 576 3061 629 δι’
3100 570 3162 630 οῦ
3221 573 3607 646 σφραγίζονται
3649 577 3702 629 oi
3792 638 3795 641 ν

2121 667 2468 732 πιστεύοντες
2534 667 2613 738 τῷ
2659 668 2836 739 θεῷ·
2895 668 3229 740 παρέπονται
3280 668 3339 722 δὲ
3397 669 3535 741 αὐτῇ
3606 670 3702 723 κα.)⁹

2118 759 2354 830 ἄγκυραι
2390 760 2624 830 σιδηραῖ,
2653 760 2816 813 αὑτοῦ
2843 751 2937 813 τοῦ
2976 758 3212 832 Χριστοῦ
3243 761 3297 814 αἱ
3361 759 3515 828 ἆγιαι
3556 762 3704 814 ἐντο-

2118 850 2228 913 λαὶ,
2267 850 2490 903 δυναταὶ
2519 845 2673 904 οὖσαι
2700 850 2776 914 ὠς
2808 851 3047 922 σίδηρος.
3080 853 3232 921 Ἔχει
3258 850 3327 902 ’δὲ
3372 852 3467 903 καὶ
3500 851 3704 916 ναύτας

2118 941 2325 1008 δεξιοὺς
2354 942 2449 995 καὶ
2489 926 2822 1014 εὐωνύμους,
2863 943 2941 1011 ὼς
2984 942 3175 1012 ἁγίους
3217 942 3481 1010 ἀγγέλους
3531 941 3704 1013 παρέ-

2117 1034 2275 1106 δρους
2296 1035 2362 1088 δι’
2393 1029 2468 1089 ὧν
2490 1036 2576 1089 ἀεὶ
2605 1038 2886 1107 κρατεῖται
2923 1037 3017 1090 καὶ
3052 1038 3367 1107 φρουρεῖται
3396 1036 3429 1106 ἡ
3476 1034 3704 1106 Ἐκκλη-

2120 1126 2212 1181 σία
2228 1143 2240 1156 ·
2268 1126 2471 1197 κλίμαξ
2498 1128 2556 1179 ἐν
2580 1126 2716 1197 αὐτῇ
2747 1127 2827 1190 εἰς
2856 1126 2988 1195 ὕψος
3011 1127 3289 1195 ἀνάγουσα
3308 1125 3402 1179 ἐπὶ
3425 1125 3487 1179 τὸ
3508 1125 3698 1195 κέρας,

2116 1217 2280 1272 είκὼν
2306 1218 2537 1289 σημείου
2560 1217 2765 1282 πάθους
2789 1218 3048 1289 Χριστοῦ,
3074 1217 3308 1271 ἕλκουσα
3327 1219 3454 1280 τοὺς
3478 1217 3703 1280 πιστοὺς

2116 1314 2196 1376 εἰς
2228 1311 2490 1366 ἀνάϐασιν
2517 1310 2761 1382 οὐρανῶν
2778 1328 2792 1342 ·
2822 1311 3066 1382 ψηφαροὶ
3093 1310 3151 1363 δὲ
3183 1308 3294 1380 (22)
3330 1309 3424 1362 ὲπὶ
3449 1307 3510 1361 τὸ
3532 1308 3703 1380 κέρας

2116 1404 2200 1474 ἐφ’
2229 1388 2431 1474 ὑψηλοῦ
2461 1402 2766 1474 αἰνούμενοι
2791 1402 2925 1473 (25),
2957 1402 3109 1469 τάξις
3137 1400 3460 1472 προφητῶν,
3491 1397 3701 1471 μαρτύ-
3804 1444 3815 1456 .

2120 1514 2225 1568 ρων
2257 1515 2316 1550 τε
2347 1496 2443 1550 καὶ
2486 1496 2799 1550 ἀποστόλων
2818 1535 2833 1559 ,
2857 1498 2954 1559 είς
2983 1495 3257 1565 βασιλείαν
3305 1490 3541 1565 Χριστοῦ
3571 1493 3702 1547 ἀνα·-

2116 1588 2460 1659 παυομένων.
3106 1620 3117 1627 -

2186 1678 2323 1747 Περὶ
2359 1676 2471 1747 μὲν.
2499 1672 2593 1729 οὖν
2620 1667 2719 1746 τῆς
2758 1675 2990 1746 θλίψεως
3033 1675 3128 1729 τοῦ
3160 1672 3428 1745 διωγμοῦ,
3450 1673 3553 1743 τῆς
3579 1674 3699 1727 ἐσο-

2120 1770 2289 1840 μένης
2337 1770 2428 1821 ὲπὶ
2473 1770 2575 1839 τὴν
2629 1768 2952 1839 Ἐκκλησίαν
3000 1768 3105 1821 ὑπὸ
3149 1767 3242 1820 τοῦ
3298 1765 3695 1836 ἀντικειμένου,

2112 1859 2205 1913 καὶ
2251 1857 2502 1928 Ἰωάννης
2550 1858 2717 1927 φησί·
2781 1876 2799 1908 ι
2849 1858 2958 1910 Kal
2997 1852 3138 1910 εἶδον
3176 1858 3397 1927 σημεῖον
3431 1855 3570 1926 μέγα
3602 1854 3698 1907 καὶ

2113 1948 2445 2020 θαυμαστὸν,
2474 1951 2713 2016 γυναῖκα
2738 1946 3030 2019 περιϐεϐλη
3039 1947 3207 2018 μένην
3230 1945 3321 2000 τὸν
3350 1945 3521 2016 ἥλιον,
3544 1946 3641 1997 καὶ
3661 1946 3696 2016 ἡ

2113 2039 2307 2111 σελήνη
2338 2039 2595 2092 ὑποκάτω
2625 2038 2735 2092 τῶν
2771 2036 2947 2092 ποδῶν
2986 2037 3181 2108 αὐτῆς,
3217 2036 3313 2090 καὶ
3351 2036 3445 2089 ἐπὶ
3477 2035 3576 2107 τῆς
3603 2052 3698 2089 κε-

2112 2132 2286 2204 φαλῆς
2313 2132 2485 2202 αὐτῆς
2528 2132 2789 2200 στέφανος
2821 2131 3068 2202 ἀστέρων
3099 2129 3353 2184 δεκαδύο·
3386 2129 3481 2183 καὶ
3511 2130 3569 2183 ἐν
3592 2144 3698 2197 γα-

2114 2226 2235 2297 στρὶ
2270 2224 2465 2295 ἔχουσα
2505 2223 2696 2296 κράζει
2736 2223 3000 2277 ὠδίνουσα
3038 2223 3133 2276 καὶ
3176 2221 3576 2292 βασανιζομένη
3604 2237 3698 2273 τε·-

2112 2320 2246 2371 κεῐν.
2287 2317 2395 2370 Kal
2437 2317 2467 2369 6
2495 2316 2710 2388 δράκων
2740 2316 2968 2386 ἕστηκεν
3011 2313 3240 2368 ἐνώπιον
3280 2314 3380 2384 τῆς
3419 2312 3696 2382 γυναικὸς,

2113 2410 2213 2480 τῆς
2246 2408 2547 2480 μελλούσης
2576 2409 2801 2471 τίκτειν,
2832 2409 2917 2461 ἵνα
2945 2408 3070 2461 ὅταν
3097 2407 3255 2480 τέκῃ,
3285 2405 3348 2459 τὺ
3385 2404 3574 2459 τέκνον
3597 2404 3697 2475 αὐ-

2112 2503 2213 2572 τῆς
2252 2503 2567 2574 καταφάγῃ.
2604 2501 2716 2554 Kal
2754 2500 2937 2553 ἔτεκεν
2980 2499 3094 2553 υἱὸν
3123 2499 3327 2572 ἄρρενα
3355 2537 3372 2564 ,
3417 2497 3477 2561 ὃς
3517 2495 3699 2568 μέλλει

2114 2594 2420 2665 ποιμαίνειν
2451 2594 2628 2647 πάντα
2650 2592 2718 2645 τά
2747 2591 2897 2663 ἔθνη,
2930 2590 3024 2646 καὶ
3052 2591 3277 2663 ἡρπάγη
3303 2590 3366 2643 τὸ
3384 2589 3571 2643 τέκνον
3603 2590 3701 2643 αὑ·-

2113 2685 2212 2755 τῆς
2254 2685 2391 2756 πρὸς
2429 2685 2521 2738 τὸν
2549 2684 2681 2755 Θεὸν
2717 2687 2811 2737 καὶ
2841 2700 2866 2735 ε
2899 2700 2928 2747 ς
2967 2682 3057 2736 τὸν
3093 2680 3280 2753 θρόνον
3303 2680 3502 2735 αὐτοῦ·
3535 2680 3629 2734 καὶ
3660 2680 3697 2750 ή

2113 2776 2249 2847 γυνὴ
2290 2775 2486 2844 ἔφυγεν
2525 2776 2603 2837 εἰς
2640 2774 2740 2845 τὴν
2786 2772 3013 2846 ἔρημον,
3063 2774 3196 2827 ὅπου
3248 2772 3362 2843 ἔχει
3409 2772 3502 2825 τὸν
3532 2770 3699 2825 τόπον

2114 2869 2230 2921 ἐκεῖ
2260 2866 2656 2937 ἡτοιμασμένον
2689 2865 2796 2919 ἀπὸ
2830 2865 2923 2918 τοῦ
2952 2864 3109 2929 Θεοῦ,
3147 2866 3236 2919 ἵνα
3271 2867 3388 2919 ἐκεῖ
3425 2865 3699 2935 τρέφωσιν

2115 2960 2284 3030 αὐτὴν
2328 2959 2539 3029 ἡμέρας
2576 2957 2750 3029 χιλίας
2785 2956 3062 3020 διακοσίας
3103 2956 3383 3027 ἑξήκοντα.
3431 2957 3540 3010 Kal
3578 2948 3699 3009 τότε

2119 3049 2243 3105 ἰδὼν
2283 3052 2312 3104 ό
2348 3049 2562 3121 δράκων
2604 3048 2791 3113 ἐδίωξε
2837 3049 2937 3118 τὴν
2977 3050 3229 3117 γυναῖκα,
3275 3049 3397 3118 ἥτις
3427 3048 3580 3102 ἔτεκε
3606 3046 3700 3100 τὸν

432 3139 660 3195 midium
696 3139 979 3208 temporis,
1030 3152 1060 3191 a
1091 3135 1249 3191 ‘facie
1281 3134 1573 3205 serpentis.
1620 3134 1688 3188 Et
1728 3135 1872 3190 misit
1898 3150 2011 3191 sero

2117 3143 2321 3215 ἄρρενα
2340 3157 2354 3171 ·
2387 3140 2482 3194 καὶ
2523 3139 2781 3210 ἐδόθησαν
2821 3143 2887 3211 τῇ
2931 3140 3150 3208 γυναικὶ
3182 3141 3275 3195 δύο
3303 3141 3571 3215 πτέρυγες
3601 3141 3697 3194 τοῦ

407 3232 661 3301 ,pens’ex
691 3245 786 3284 ore
808 3235 911 3284 suo
940 3237 1066 3299 post
1082 3227 1365 3282 mulierem
1396 3240 1594 3295 aquam
1622 3234 1878 3296 tanquam
1906 3226 2009 3282 ﬁu-

434 3312 581 3387 men‘,
609 3329 670 3375 ut
693 3335 814 3375 eam
844 3319 1047 3374 faceret
1071 3316 1188 3387 rapi
1219 3332 1251 3371 a
1281 3316 1527 3372 ﬂumine.
1555 3316 1621 3373 Et
1642 3317 1848 3387 adjuvit
1868 3327 2008 3374 terra

434 3413 742 3477 mulierem,
773 3420 827 3466 et
861 3409 1074 3481 aperuit
1103 3424 1167 3466 os
1190 3424 1373 3473 suum,
1397 3420 1450 3464 et
1480 3408 1764 3464 absorbuit
1788 3409 2011 3479 ﬁumen,

433 3506 583 3575 quod
625 3505 853 3560 miserat
901 3516 1126 3572 serpens
1179 3516 1246 3557 ex
1297 3516 1393 3557 ore
1439 3516 1561 3555 suo.
1624 3500 1692 3554 Et
1729 3501 1900 3557 iratus
1931 3512 2015 3558 est

433 3595 602 3650 draco
634 3595 689 3665 in
716 3593 1002 3649 mulierem
1023 3632 1039 3657 ,
1079 3601 1133 3646 et
1164 3591 1298 3646 abiit
1331 3601 1392 3645 ut
1426 3589 1629 3645 faceret
1661 3591 1860 3646 bellum
1887 3606 2011 3646 cum

434 3682 640 3744 sanctis
674 3688 741 3743 de
761 3670 881 3758 ejus
905 3688 1130 3747 semine,
1158 3685 1252 3756 qui
1283 3682 1602 3740 custodiunt
1628 3685 1886 3739 mandata
1916 3684 2011 3740 Dei

434 3789 490 3835 et
514 3779 1112 3851 habengtcstimonium
1137 3777 1269 3853 Jesgu
1296 3776 1364 3830 εί.
1397 3795 1417 3828 ι

2111 3232 2272 3288 ἀετοῦ
2320 3230 2416 3285 τοῦ
2466 3231 2724 3302 μεγάλου,
2780 3231 2867 3286 ἵνα
2913 3232 3140 3302 πέτηται
3192 3234 3273 3296 είς
3324 3233 3421 3305 τὴν
3472 3232 3696 3305 ἔρημον,
3790 3272 3795 3277 .

2112 3327 2245 3379 ὅπου
2277 3321 2537 3396 τρέφεται
2583 3324 2701 3375 ἐκεῖ
2734 3323 2921 3394 καιρὸν
2967 3322 3061 3376 καὶ
3111 3325 3338 3395 καιροὺς
3408 3325 3502 3379 καὶ
3526 3325 3696 3395 ἥμισυ

2114 3416 2307 3489 καιροῦ
2329 3413 2437 3469 ἀπὸ
2459 3413 2751 3485 πρωσόπου
2784 3413 2878 3466 τοῦ
2904 3415 3098 3484 όιρεως.
3145 3416 3255 3469 Kal
3297 3415 3486 3469 ἔϐαλεν
3513 3418 3542 3469 ὁ
3574 3415 3698 3486 ὄφις

2114 3507 2313 3576 (ὀπίσω
2351 3504 2451 3574 τῆς
2484 3505 2738 3573 γυναικὸς
2763 3506 2828 3558 ὲκ
2857 3505 2950 3558 τοῦ
2972 3505 3237 3577 στόματος
3268 3505 3432 3560 αὑτοῦ
3455 3506 3596 3579 ὕδωρ
3622 3506 3699 3569 ὡς

2118 3596 2396 3670 ποταμόν·
2445 3596 2531 3650 ἴνα
2568 3594 2770 3666 ταύτην
2822 3586 3293 3669 ποταμοφόρητον,
3319 3598 3554 3671 ποιήσῃ·
3603 3598 3699 3651 καὶ

2118 3688 2414 3762 ἐϐοήθησεν
2454 3690 2489 3759 ἡ
2536 3688 2606 3758 γῆ
2649 3691 2715 3759 τῇ
2757 3688 3013 3757 γυναικὶ,
3048 3689 3145 3743 καὶ
3167 3689 3398 3771 μιξεν
3432 3689 3495 3742 τὸ
3526 3690 3701 3760 στόμα

2119 3782 2311 3851 αὐτῆς,
2357 3780 2451 3833 καὶ
2492 3779 2721 3839 κατέπιε
2764 3780 2855 3833 τὸν
2879 3781 3241 3851 ποταμὸν,.ὃν
3283 3781 3473 3834 ἔϐαλεν
3499 3782 3529 3836 ὁ
3555 3774 3743 3849 lique)"

4131 2068 4134 2117 ,

435 3879 514 3931 ὲκ
550 3873 646 3928 τοῦ
684 3872 950 3945 στόματος
987 3870 1172 3927 αὑτοῦ.
1207 3871 1320 3925 Kal
1377 3869 1622 3943 ὠργίσθη
1662 3874 1691 3925 ό
1732 3872 1949 3943 δράκων
1982 3879 2077 3931 ὲπὶ
2111 3880 2177 3949 τῇ
2219 3875 2461 3945 γυναικὶ,
2499 3876 2590 3928 καὶ
2617 3874 2826 3945 ἀπῆλθε
2872 3876 3095 3946 ποιῆσαι
3126 3876 3361 3947 πόλεμον
3413 3875 3551 3948 μετὰ
3590 3875 3723 3927 τῶν·

437 3972 608 4040 ἁγίων
648 3969 743 4023 τοῦ
796 3968 1107 4040 σπέρματος
1148 3966 1316 4038 αὐτῆς
1338 4005 1353 4029 ,
1408 3965 1516 4032 τῶν
1557 3966 1868 4038 τηρούντων
1914 3970 2014 4037 τὰς
2048 3972 2266 4035 ἐντολὰς
2302 3969 2397 4024 τοῦ
2438 3968 2594 4035 Θεοῦ,
2615 3970 2706 4023 καὶ
2722 3970 2950 4040 ἐχόντων
2980 3970 3079 4042 τὴν
3115 3958 3414 4044 μαρτυρίαν
3446 3968 3640 4043 Ἰησοῦ.
3671 3987 3692 4021 ο
3746 3954 3749 3959 ’

507 4063 642 4119 LXI.
694 4063 976 4118 Mulierem
1023 4062 1284 4117 amictam
1317 4060 1430 4115 sole
1469 4056 1771 4118 clarissime
1824 4064 2013 4122 Eccle-

2184 4068 2298 4138 Τὴν
2328 4066 2424 4137 μὲν
2444 4060 2535 4118 οὖν
2558 4064 2790 4134 γυναῖκα
2810 4064 2906 4134 τὴν
2922 4066 3390 4138 περιϐεϐλημένην
3409 4066 3500 4119 τὸν
3526 4064 3694 4137 ἥλιον,

436 4158 575 4214 siam
620 4156 962 4226 signiﬁcavit,
1017 4164 1264 4224 paterno.
1296 4153 1540 4207 indutam
1605 4153 1804 4221 Verbo,
1867 4159 2014 4227 quod

2123 4157 2435 4227 σαφέστατα
2488 4156 2586 4227 τὴν
2657 4148 2982 4230 Ἐκκλησίαν
3025 4157 3291 4230 ἐδήλωσεν
3348 4156 3701 4229 ὲνδεδυμένην

437 4249 555 4305 sole
601 4248 896 4303 micantius
957 4247 1224 4316 splendet.
1263 4242 1505 4299 Dicendo
1535 4261 1664 4301 vero
1709 4286 1726 4313 ,
1764 4264 1782 4298 ι
1821 4247 2012 4303 lunam

2120 4250 2212 4302 τὸν
2241 4247 2411 4317 Λόγον
2429 4247 2519 4300 τὸν
2545 4248 2802 4320 Πατρῷον
2835 4249 2977 4321 ὑπὲρ
3014 4248 3165 4319 ἣλιον
3194 4248 3507 4321 λάμποντα·
3544 4250 3566 4300 'c
3605 4265 3695 4301 σε·

438 4342 542 4396 sub
571 4339 802 4409 pedibus
828 4337 967 4407 ejus,
1002 4356 1021 4389 ο
1052 4335 1694 4392 ρσειθειίοιιιτίιαῑοιιιηω
1718 4339 1774 4393 in
1807 4355 2014 4394 morem

2123 4341 2287 4414 λήνην
2330 4361 2356 4402 »γ
2386 4341 2442 4393 δὲ
2474 4340 2646 4410 λέγων
2694 4362 2712 4393 ι
2754 4337 3012 4397 ὑποκάτω
3048 4340 3157 4395 τῶν
3191 4341 3382 4395 ’ποδῶν
3429 4341 3621 4412 αὐτῆς,
3673 4357 3692 4391 ι
3715 4327 3726 4334 ’
3758 4336 3761 4337 ⁷

427 4437 688 4483 ornatam
716 4427 972 4484 ostendit.
1006 4426 1162 4492 Quod
1186 4436 1366 4481 autem
1395 4427 1470 4480 ait
1500 4458 1517 4485 ν
1556 4445 1574 4479 ι
1608 4429 1667 4483 in
1693 4429 1869 4499 capite
1896 4430 2014 4500 ejus

2118 4434 2246 4508 δόξῃ
2294 4434 2601 4506 ἐπουρανίῳ
2641 4433 2717 4497 ὡς
2760 4434 2985 4506 σελήνην
3032 4420 3608 4506 κεκοσμημένην·’τῷ
3642 4431 3700 4484 δὲ
3748 4486 3775 4505 ._
3840 4422 3854 4440 λ

438 4532 643 4575 corona
671 4518 952 4573 stellarum
984 4517 1307 4580 duodecim,
1361 4537 1380 4568 ι
1423 4518 1709 4574 duodecim
1739 4521 2017 4590 apostolos

437 4609 707 4678 designat,
732 4624 826 4679 per
857 4625 994 4678 quos
1018 4609 1241 4664 fundata
1261 4618 1345 4665 est
1367 4608 1623 4665 Ecclesia.
1658 4629 1681 4662 ι
1718 4611 1785 4666 Ει
1812 4613 2018 4669 habens

438 4700 493 4754 in
530 4708 688 4754 utero
719 4701 922 4754 clamat
955 4701 1288 4771 parturiens,
1328 4711 1385 4756 et
1409 4702 1756 4758 cruciabatur
1778 4711 1835 4758 ut
1857 4719 2017 4774 pare-

436 4801 552 4859 ret;
595 4811 614 4843 ι
663 4792 793 4863 quia
829 4807 939 4848 non
972 4805 1152 4849 cessat
1180 4793 1422 4851 Ecclesia
1455 4811 1523 4850 ex
1567 4797 1733 4851 corde
1771 4794 2011 4851 Verbum

436 4886 680 4955 gignere,
712 4884 858 4955 quod
880 4885 934 4939 in
948 4886 1150 4942 mundo
1165 4887 1233 4940 ab
1252 4886 1557 4943 inﬁdelibus
1579 4888 2010 4957 persecutionem

438 4977 659 5048 patitur.
703 4996 722 5029 ι
762 4976 829 5031 Ει
852 4977 1091 5048 peperit,
1128 4979 1322 5051 inquit,
1356 4976 1525 5035 ﬁlium
1557 4980 1884 5047 masculum,
1919 4980 2015 5051 qui

511 5091 559 5125 ⁸ο
587 5093 755 5162 Apoc.
788 5108 886 5159 xu,
918 5092 1036 5147 1-6.
1115 5093 1158 5125 εί
1180 5092 1315 5148 Ibid.
1385 5095 1473 5161 i3,
1501 5095 1587 5148 i7.

440 5208 729 5291 (.Jhristiac
751 5210 1017 5291 Ecclesiae
1048 5212 1290 5268 membra
1322 5213 1452 5277 sint,
1479 5223 1632 5268 extra
1667 5214 1852 5291 mutuli
1884 5229 2009 5283 pro-

444 5279 940 5357 fanihs‘alsedinem,
990 5283 1268 5337 lavacrum
1292 5294 1397 5357 est.
1424 5279 2015 5353 rcgenerationisfquo

444 5351 524 5404 sic
544 5350 779 5421 ⁸(ᾷΙιι-ἱειο
813 5351 1250 5421 incorporamur.
1283 5350 1518 5407 Consus.
1748 5389 1752 5393 -

514 5419 626 5498 (22)
673 5419 1183 5498 Ψηφαροιίγοιίιη
1231 5423 1457 5498 discere_
1493 5421 1635 5498 quid
1655 5423 1798 5477 istud
1824 5422 1898 5498 in
1956 5437 2015 5478 re

445 5492 702 5569 nautica,
760 5492 956 5559 quidve
1011 5492 1087 5569 ita
1130 5503 1381 5569 antennfe
1445 5493 1759 5569 impositum
1824 5493 2012 5569 illique

397 5581 407 5600 -
445 5563 760 5637 imminens,
794 5577 859 5616 ac
886 5564 1045 5637 quasi
1073 5563 1493 5637 supervolitans,
1521 5564 1666 5637 quod
1706 5573 1925 5618 sanctos
1956 5565 2010 5637 in

446 5626 651 5706 gliristi
698 5644 863 5698 regno
905 5626 1294 5706 quiescentes,
1328 5626 1577 5706 symbolo
1624 5632 2012 5706 reparante}?

452 5695 717 5779 Videntur
749 5695 898 5779 esse,
928 5717 1049 5779 quae
1091 5700 1297 5779 Polluci
1332 5695 1425 5757 lib:
1454 5720 1492 5768 ι,
1536 5718 1654 5773 cap.
1686 5695 1763 5779 '9,
1801 5701 2015 5779 ἀμϐολᾳ.

447 5766 539 5823 καὶ
576 5766 834 5837 σύμϐολα,
863 5766 985 5839 quae
1017 5772 1074 5826 in
1101 5773 1282 5855 medio
1306 5766 1557 5829 antennae
1589 5766 1760 5844 ponit,
1789 5766 1928 5827 κατὰ
1952 5773 2014 5825 τὸ

2117 4525 2294 4594 λέγειν
2327 4524 2463 4596 (24),
2497 4543 2516 4575 ι
2542 4525 2634 4577 ἐπὶ
2661 4525 2761 4595 τῆς
2789 4524 3030 4594 κεφαλῆς
3050 4525 3218 4594 αὐτῆς
3244 4524 3515 4592 ,στέφανος
3544 4521 3701 4576 ἀστέε-
3764 4536 3772 4547 ⁸

2119 4634 2229 4688 ρων
2262 4616 2507 4682 δεκαδύο,
2530 4601 2560 4667 ἰ
2593 4616 2742 4687 δῆλοι
2774 4617 2901 4680 τοὺς
2927 4616 3132 4672 δώδεκα
3160 4615 3509 4679 ἀποστόλους,
3537 4614 3605 4667 δι’
3623 4613 3701 4667 ὧν

2114 4708 2435 4779 καθίδρυται
2476 4710 2510 4779 ἡ
2546 4707 2871 4779 Ἐκκλησία.
2921 4727 2939 4759 ι
2985 4710 3095 4768 Kal
3142 4708 3200 4761 ὲν
3250 4709 3448 4779 γαστρὶ
3503 4707 3702 4778 ἔχουσα

2113 4799 2304 4871 κράζει
2336 4798 2601 4854 ὠδίνουσα
2639 4800 2732 4853 καὶ
2769 4800 3166 4871 βασανιζομένη
3218 4802 3427 4853 τεκεῖν·
3471 4818 3490 4851 ›
3523 4798 3605 4851 ὃτι
3637 4797 3699 4848 οὐ

2118 4890 2386 4944 παύσεται
2430 4891 2463 4961 ὴ
2518 4890 2815 4959 Ἐκκλησία
2847 4889 3092 4959 γεννῶσα
3123 4892 3187 4943 ὲκ
3218 4889 3450 4960 καρδίας
3482 4888 3573 4941 τὸν
3602 4886 3702 4939 Λό-

2116 4998 2232 5050 γον,
2272 4980 2372 5034 ’τὸν
2403 4982 2460 5033 ὲν
2491 4979 2682 5052 κόσμῳ
2711 4980 2816 5034 ὑπὸ
2855 4969 3102 5041 ἀπίστων
3138 4979 3486 5051 διωκόμενον.
3536 4996 3555 5030 ι
3589 4974 3702 5029 Kal

2118 5213 2354 5276 ίστόν,”‹
2387 5229 2494 5282 qua
2528 5221 2684 5283 parte
2720 5188 2977 5282 reli‘galur
3024 5210 3167 5283 malo
3190 5227 3211 5283 ;A
3239 5229 3257 5261 ι
3287 5210 3515 5283 sintque
3539 5205 3697 5283 quasi

2123 5295 2303 5338 rostra
2342 5279 2706 5351 etdnsignia,
2746 5279 2905 5352 quasi
2956 5281 3215 5352 tessellati
3249 5279 3452 5352 aliquid
3490 5279 3694 5352 dperis,

2123 5354 2270 5422 quod
2299 5346 2577 5423 pratcipué
2613 5367 2719 5406 Vox
2762 5346 2861 5406 illa
2896 5359 3071 5407 sonat.
3109 5351 3235 5423 Τὸ,
3260 5346 3433 5419 ψηφὶν
3463 5351 3559 5402 καὶ
3595 5346 3703 5423 ψητ

2124 5417 2269 5492 ᾡίον,
2300 5417 2318 5473 ἱ
2353 5417 2591 5477 rostrum
2619 5424 2827 5484 avium,
2854 5441 2873 5473 ι
2908 5417 3388 5490 οτηοοευριιίυ“ηι“.
3409 5427 3502 5492 est
3542 5417 3702 5488 quasi

2119 5490 2359 5555 corona,
2416 5508 2538 5561 qua:
2606 5492 2916 5546 istiusmodi
2981 5490 3594 5561 ornamentaiadmittit
3646 5496 3723 5541 et,
3835 5498 3840 5503 ‘

2119 5563 2406 5618 icunculas
2429 5558 2494 5616 ac
2524 5562 2703 5632 signa,
2735 5561 3005 5631 superiori
3033 5562 3145 5632 jam
3178 5561 3307 5614 sede
3333 5560 3530 5632 locata.
3551 5558 3629 5632 lo.

2190 5634 2301 5704 (2'5)
2337 5625 2727 5704 Alrodjtéjroi.
2752 5625 2914 5704 Forte
2964 5625 3301 5704 αίρούμενοι.
3343 5629 3481 5684 Guu.
3512 5657 3583 5669 --
3608 5625 3706 5682 Vel

2118 5701 2432 5774 ᾐωρημένοι
2462 5704 2531 5774 ab
2562 5701 2959 5774 αίωρέωκΤιιΝ.
2986 5701 3114 5774 λιι.

2126 5740 2432 5844 ²¹Ἱ²Ξίῗ⁹ι³ᾇὶ
2448 5740 3159 5842 5e".z'Zﬁi-ThBﬁiiiérIZe
3179 5769 3234 5824 δι
3258 5768 3457 5838 λέγειν.
