4134 6376
428 345 534 402 785

428 556 632 626 templo
680 555 777 612 Dei
829 556 1036 620 sedeat,
1087 565 1370 612 ostentans
1413 572 1471 612 se
1503 572 1625 612 esse
1654 557 1846 613 Deum.
1889 556 2007 611 Non

392 649 779 717 ,meministis,
813 649 956 718 quod
986 663 1110 703 eum
1143 648 1325 703 adhuc
1352 664 1530 704 essem
1562 650 1707 719 apud
1739 665 1858 714 vos,
1895 649 2011 704 hac

427 741 673 796 dicebam
707 741 897 794 vobis?
924 739 987 793 Et
1035 756 1180 795 nunc
1210 740 1552 795 obstaculum
1614 742 1788 805 scitis,
1822 750 1884 795 ut
1920 741 2009 796 ille

427 833 697 888 reveletur
751 832 804 886 in
854 848 954 887 suo
1024 841 1285 901 tempore.
1347 831 1482 886 Nam
1535 832 1850 904 mysterium
1895 832 2008 902 jam

425 930 682 994 operatur
713 922 1052 993 iniquitatis;
1082 930 1298 975 tantum
1323 921 1416 991 qui
1448 930 1596 977 tenet
1618 938 1786 989 nunc,
1806 930 2008 1001 teneat,

423 1016 598 1071 donec
620 1015 686 1069 de
706 1015 885 1069 medio
905 1017 1018 1069 tiat.
1046 1012 1111 1067 Et
1137 1023 1264 1070 tunc
1286 1015 1616 1070 revelabitur
1643 1015 1733 1069 ille
1762 1015 2005 1085 iniquus,

422 1124 585 1180 quem
615 1107 879 1163 Dominus
906 1106 1068 1163 Iesus
1098 1107 1391 1163 interﬁciet
1433 1107 1628 1179 spiritu
1664 1107 1779 1163 oris
1811 1107 1918 1174 sui,
1952 1117 2011 1162 et

422 1201 665 1255 destruet
696 1199 1064 1255 illustratione
1084 1199 1350 1255 adventus
1374 1202 1463 1254 sui
1500 1220 1513 1255 :
1550 1199 1712 1271 cujus
1742 1200 2010 1256 adventus

424 1292 726 1348 secundum
768 1292 1142 1362 operationem
1193 1289 1430 1359 Satanae,
1462 1292 1518 1347 in
1545 1294 1696 1348 omni
1724 1294 1927 1348 virtute
1957 1302 2011 1347 et

423 1386 594 1457 signis
633 1394 685 1440 ct
729 1384 992 1457 prodigiis
1028 1385 1406 1454 mendacibus,
1457 1396 1513 1442 et
1555 1387 1608 1441 in
1659 1386 1809 1441 omni
1847 1386 2007 1442 dece-

421 1480 606 1549 ptione
630 1478 927 1549 injustitiae,
952 1478 1006 1532 in
1036 1478 1104 1534 iis
1119 1479 1209 1550 qui
1231 1488 1478 1549 pereunt,
1507 1494 1572 1534 eo
1598 1479 1744 1549 quod
1772 1478 2011 1534 Charita-

424 1580 529 1628 tem
549 1573 795 1627 veritatis
817 1586 926 1628 non
939 1580 1278 1642 receperunt.
1296 1570 1361 1626 Et
1382 1578 1603 1643 propter
1616 1572 1725 1627 hoc
1755 1573 1930 1627 mittet
1953 1572 2008 1626 il-

422 1666 490 1721 lis
508 1664 652 1720 Deus
671 1665 1044 1735 operationem
1064 1664 1353 1730 erroris,ut
1370 1664 1596 1720 credant
1610 1663 1955 1719 mendacium
1987 1682 2003 1731 ;

421 1768 485 1814 ut
526 1758 840 1830 judicentur
869 1773 1063 1814 omnes
1091 1758 1186 1828 qui
1221 1771 1329 1812 non
1374 1757 1722 1813 crediderunt
1760 1757 1994 1823 veritati,

1102 346 1160 400 S.
1201 344 1559 402 IIIPPOLYTI
1597 346 1745 402 OPP.
1782 346 1961 401 PARS
1993 346 2059 402 11.
2099 378 2170 389 -—
2207 347 2509 403 DDGMAT.
2550 347 2640 403 ET
2676 346 3021 404 HlSTORlC.

329 474 335 479 ‘
428 478 593 533 super
618 478 835 518 omnem
869 463 961 533 qui
990 454 1187 518 dicitur
1219 464 1361 520 Deus
1391 474 1485 519 aut
1513 481 1739 531 numen,
1778 467 1927 521 itaut
1948 465 1997 519 in

2104 467 2398 532 ἀπωλείας,
2428 467 2460 519 6
2491 466 2865 537 ἀντικείμενος
2892 466 2984 520 καὶ
3015 464 3377 536 ἐπαιρόμενος
3393 465 3484 518 ἐπὶ
3513 465 3692 520 πάντα

3582 351 3690 407 πει

2108 557 2398 628 λεγόμενον
2437 557 2568 611 Θεὸν
2608 557 2644 626 ἢ
2688 556 2973 628 σέϐασμα,
3030 555 3171 610 ὥστε
3220 557 3413 610 ἐαυτὸν
3471 558 3552 621 είς
3595 555 3690 611 τὸν

2110 649 2236 702 ναὸν
2258 648 2350 702 τοῦ
2383 647 2520 703 Θεοῦ
2550 646 2792 713 καθίσαι,
2831 648 3220 703 ἀποδεικνύντα
3248 646 3437 700 ἐαυτὸν
3463 648 3544 701 ὅτι
3577 646 3691 718 (27)

2110 741 2227 793 ἐστὶ
2279 739 2430 804 Θεός.
2467 740 2543 794 Οὐ
2581 740 2978 813 μνημονεύετε,
3011 739 3214 797 ὃτι.ἔτι
3253 739 3330 792 ὣν
3358 737 3495 810 πρὸς
3521 739 3689 810 ὑμᾶς,

2108 832 2281 888 ταῦτα
2318 833 2502 903 ελεγον
2543 834 2707 906 ὑμῖν,
2758 835 2870 888 Καὶ
2902 832 2996 888 νῦν
3023 834 3085 888 τὸ
3112 832 3340 905 κατέχον
3384 832 3580 896 οἴδατε,
3607 832 3690 897 είς

2109 924 2169 977 τὸ
2206 924 2654 996 ἀποκαλυφθῆναι
2691 925 2852 979 αὑτὸν
2888 925 2967 996 τῷ
3004 924 3199 980 ἐαυτοῦ
3234 924 3429 997 καιρῷ.
3470 924 3545 978 Τὸ
3580 923 3691 997 γάρ

2106 1019 2409 1089 μυστήριον
2445 1017 2546 1089 ήδη
2574 1020 2877 1090 ἐνεργεῖται
2895 1019 2995 1088 τῆς
3018 1017 3246 1089 ἀνομίας
3264 1034 3278 1047 ³
3312 1018 3469 1089 μόνον
3499 1017 3528 1070 6
3556 1033 3690 1071 κατ-

2110 1104 2248 1181 έχων
2282 1110 2407 1182 ἄρτι
2442 1108 2546 1174 ἕως
2583 1112 2647 1163 ἐκ
2692 1110 2856 1181 μέσου
2885 1104 3129 1184 γένηται.
3165 1111 3278 1164 Καὶ
3304 1109 3426 1163 τότε
3482 1109 3685 1164 ἀποκαο

2109 1201 2439 1274 λυφθήσεται
2466 1204 2494 1256 6
2520 1203 2721 1273 ἄνομος
2738 1244 2754 1269 ,
2787 1202 2846 1257 ὃν
2868 1203 2896 1256 6
2927 1201 3131 1274 Κύριος
3173 1200 3379 1273 Ἰησοῦς
3406 1200 3588 1254 ἀνελεῖ
3611 1199 3689 1271 τῷ

2109 1293 2381 1363 πνεύματι
2428 1291 2522 1345 τοῦ
2570 1292 2836 1363 στόματος
2879 1291 3065 1356 αὑτοῦ,
3103 1291 3198 1344 καὶ
3242 1291 3581 1361 καταργήσει
3618 1292 3697 1362 τῇ-
3748 1275 3777 1298 ’⁷

2109 1384 2400 1456 ἐπιφανείᾳ
2440 1385 2541 1455 τῆς
2581 1385 2884 1457 παρουσίας
2912 1371 3109 1438 αὑτοῦ-
3146 1377 3206 1438 οὗ
3240 1384 3387 1436 ἐστιν
3421 1384 3454 1453 ἡ
3486 1372 3688 1454 παρου-

2110 1474 2201 1528 σία
2235 1476 2354 1529 κατ’
2386 1476 2668 1546 ἐνέργειαν
2706 1476 2802 1529 τοῦ
2836 1476 3050 1529 Σατανᾶ
3079 1476 3137 1528 ἐν
3166 1475 3315 1547 πάσῃ
3340 1473 3563 1544 δυνάμει
3596 1473 3690 1527 καὶ

2111 1567 2358 1641 σημείοις
2382 1570 2475 1622 καὶ
2503 1568 2693 1640 τέρασι
2709 1567 2959 1638 ψεύδους,
2993 1567 3087 1621 καὶ
3113 1568 3170 1619 ἐν
3196 1567 3345 1637 πάσῃ
3374 1566 3559 1639 ἀπάτῃ
3587 1548 3709 1636 τῆξ

2107 1657 2320 1724 ἀδικίας
2339 1661 2397 1714 ἐν
2422 1662 2532 1735 τοῖς
2551 1659 2941 1731 ἀπολλυμένοις
2957 1675 2972 1689 ’
2991 1657 3108 1718 ἀνθῖ
3127 1651 3202 1713 ὧν
3234 1658 3331 1735 τὴν
3352 1652 3571 1735 ἀγάπην
3586 1656 3686 1735 τῆς

2109 1748 2366 1821 ἀληθείας
2394 1726 2783 1815 οὺκὲδέξαντοζ
2808 1749 2919 1805 Καὶ
2941 1748 3029 1803 διὰ
3057 1747 3214 1802 τοῦτο
3238 1726 3442 1820 πέμψει
3461 1726 3688 1839 neces

424 1816 812 1921 sedinjustitiae
833 1859 1024 1919 sponte
1044 1816 1389 1904 adhzeserunt
1416 1850 1482 1904 ⁸⁷.
1499 1850 1617 1905 »Αἰι
1640 1865 1769 1906 vero
1789 1850 1987 1906 Isaias:

2095 1816 2225 1906 Θεὸς
2241 1843 2520 1915 ἐνέργειαν
2537 1843 2762 1914 πλάνης,
2777 1844 2855 1907 είς
2870 1842 2931 1894 τδ
2943 1838 3233 1896 πιστεῦσαι
3258 1816 3455 1905 adeas;
3472 1841 3533 1895 τὸ
3555 1816 3687 1910 ψεῦ-

425 1961 449 1995 ι
489 1941 734 1999 Tollatur
765 1941 997 2012 impius,
1030 1955 1099 1996 ne
1130 1940 1311 1995 videat
1347 1939 1577 2012 gloriam
1611 1940 1829 1995 Domini
1850 1941 1918 1994 ⁸⁸.
1964 1961 1984 1993 ι

2095 1931 2202 1997 ξος,
2220 1933 2307 1987 ἵνα
2325 1933 2555 2006 κριθῶσι
2573 1935 2771 1999 πάντες
2784 1935 2834 1987 οἱ
2850 1933 2926 2005 μὴ
2946 1933 3335 1999 πιστεύσαντες
3350 1935 3417 2004 τῇ
3434 1932 3686 2003 ἀληθείᾳ,

490 2220 675 2276 LXIV.
724 2219 821 2277 His
869 2220 1073 2291 itaque,
1129 2219 1474 2287 charissime,
1522 2217 1743 2301 futuris,
1778 2235 1996 2290 unaque

422 2317 479 2370 in
508 2322 646 2387 duas
670 2315 843 2370 divisa
870 2315 1198 2384 septimana,
1224 2327 1289 2369 ac
1311 2321 1441 2368 tunc
1470 2322 1765 2383 apparente
1789 2313 1997 2369 abomi-

419 2405 641 2460 natione
672 2403 1026 2459 desolationis
1054 2401 1335 2472 duumque
1359 2401 1576 2459 Domini
1608 2403 1995 2473 prophetarum

418 2508 484 2548 ac
509 2506 908 2562 praeursorum
948 2507 1114 2547 cursu
1145 2500 1553 2559 consummato,
1584 2506 1649 2548 ac
1667 2491 1781 2563 jam
1806 2493 1997 2548 mundi

417 2581 656 2637 universi
694 2589 979 2651 appetente
1011 2581 1521 2648 consummatione;
1566 2581 1695 2653 quid
1724 2581 1997 2652 reliquum

417 2682 521 2738 est,
569 2689 734 2745 quam
783 2680 841 2728 ut
886 2671 1151 2727 Dominus
1207 2681 1262 2728 et
1305 2670 1558 2727 Salvator
1608 2681 1795 2749 noster
1838 2671 1999 2729 Iesus

415 2765 671 2823 Christus
701 2764 845 2821 Deus
885 2780 916 2820 e
944 2764 1099 2821 caelis
1126 2774 1418 2836 appareat,
1458 2765 1513 2819 in
1542 2780 1705 2837 quem
1752 2768 1998 2837 speravi-

420 2856 581 2911 mus?
607 2855 703 2927 qui
733 2853 1213 2926 conﬂagrationem
1233 2855 1559 2926 justumque
1579 2856 1847 2929 judicium
1873 2874 1999 2914 cun-

416 2949 521 3004 ctis
553 2946 876 3003 inducturus
922 2947 1013 3012 sit,
1060 2948 1155 3018 qui
1206 2947 1261 3003 in
1298 2962 1423 3002 eum
1469 2962 1579 3003 non
1628 2948 1996 3007 crediderunt.

416 3040 508 3094 Ait
538 3039 685 3094 enim
713 3036 979 3095 Dominus
1024 3057 1034 3070 -
1077 3060 1094 3091 ι
1138 3037 1252 3094 His.
1274 3039 1387 3112 jam
1422 3039 1539 3096 ﬁeri
1590 3041 1997 3113 incipientibus,

2091 2024 2206 2079 ἀλλ’
2246 2025 2636 2098 εὐδοκήσαντες
2683 2029 2750 2098 τῇ
2784 2025 2986 2098 ἀδικίᾳ.
3038 2045 3058 2080 ι
3109 2025 3334 2090 Ἡσαΐας
3375 2024 3434 2080 δέ
3484 2023 3668 2093 λέγει’

2114 2136 2133 2169 ι
2172 2117 2418 2189 Ἀρθήτω
2445 2119 2474 2171 6
2497 2118 2720 2190 ἀσεϐὴς,
2752 2118 2839 2173 ἵνα
2868 2121 2943 2191 μὴ
2979 2118 3063 2190 ἴδῃ
3090 2119 3191 2190 τὴν
3219 2116 3375 2183 δόξαν
3417 2117 3680 2190 Κυρίου.»

2164 2209 2382 2264 Τούτων
2408 2205 2502 2265 οῦν
2527 2210 2801 2282 ἐσομένων
2819 2253 2834 2277 ,
2862 2211 3133 2283 ἀγαπητὲ,
3160 2212 3256 2265 καὶ
3284 2209 3385 2281 τῆς
3429 2212 3560 2282 μιᾶς
3592 2210 3684 2264 £6-

2093 2300 2353 2373 6opd60q‘
2372 2304 2451 2367 είς
2491 2301 2584 2357 δύο
2629 2301 3011 2375 μερισθείσης,
3052 2302 3148 2357 καὶ
3182 2301 3276 2355 τοῦ
3315 2301 3684 2372 βδελύγματος

2094 2394 2196 2465 τῆς
2235 2392 2568 2466 ἐρημώσεως
2594 2395 2716 2448 τότε
2747 2395 3132 2465 ἀναφανέντος.
3168 2396 3263 2451 καὶ
3296 2394 3404 2448 τῶν
3422 2393 3516 2448 δύο
3544 2411 3683 2467 προ-

2098 2485 2284 2557 φητῶν
2313 2486 2426 2559 (28)
2456 2486 2549 2539 καὶ⁵
2569 2486 2890 2560 προδρόμων
2920 2486 3013 2540 τοῦ
3046 2485 3253 2559 Κυρίου
3273 2486 3685 2541 τελειωσάντων

2095 2579 2187 2632 τὸν
2218 2578 2347 2632 ἴδιον
2376 2578 2596 2650 δρόμον,
2631 2579 2726 2633 καὶ
2752 2578 2845 2633 τοῦ
2871 2578 3184 2650 σύμπαντος
3206 2579 3412 2681 κόσμου
3443 2580 3525 2642 είς
3557 2596 3683 2632 συν-

2096 2670 2307 2724 τέλειαν
2344 2670 2528 2724 λοιπὸν
2571 2671 2867 2743 ἐρχομένου
2893 2686 2909 2701 '
2950 2670 3007 2741 τί
3050 2669 3443 2741 περιλείπεται,
3489 2669 3604 2723 ἀλλ’
3646 2669 3681 2741 ἦ

2098 2764 2133 2834 ή
2171 2761 2462 2832 ἐπιφάνεια
2505 2763 2600 2816 τοῦ
2642 2762 2847 2835 Κυρίου
2886 2763 2978 2815 καὶ
3003 2761 3252 2833 Σωτῆρος
3289 2760 3449 2832 ήμῶν
3504 2759 3681 2833 Ἰησοῦ

2099 2853 2337 2927 Χριστοῦ
2383 2855 2479 2908 τοῦ
2520 2852 2655 2907 Θεοῦ
2686 2854 2783 2907 ἀπ’
2809 2852 3077 2926 οὐρανῶν,
3112 2855 3192 2917 είς
3229 2853 3288 2906 ὃν
3336 2852 3678 2925 ἠλπίκαμενς
3760 2924 3769 2931 ,

2099 2944 2159 3010 ὃς
2187 2945 2375 3010 ἐπάξει
2404 2945 2505 3016 τὴν
2537 2945 2846 3017 ἐκπύρωσιν
2873 2940 2964 2999 κὰὶ
2994 2945 3093 3017 τὴν
3125 2944 3518 3026 διχαιοκρισίαν
3546 2945 3685 3027 πᾶσι

2100 3040 2212 3100 τοῖς
2243 3036 2602 3109 ἀπειθήσασιν
2631 3037 2797 3108 αὐτῷ.
2827 3037 2991 3105 Λέγει
3022 3035 3130 3108 γάρ
3160 3038 3189 3090 ὁ
3217 3035 3450 3109 Κύριος⁸
3491 3054 3510 3089 ι
3562 3034 3684 3108 Ἀρ‹

418 3132 674 3202 respicite
697 3142 753 3189 et
785 3132 959 3187 levate
981 3132 1163 3204 capita
1189 3141 1394 3200 vestra,
1419 3133 1680 3204 quoniam
1707 3135 1997 3206 appropin-

2101 3128 2347 3201 χομένων
2392 3128 2576 3182 λοιπὸν
2621 3128 2826 3182 τούτων
2882 3128 3165 3196 γίνεσθαι,
3219 3127 3532 3198 ἀνακύψατε
3583 3128 3680 3182 καὶ

415 3226 606 3294 quavit
652 3224 952 3295 redempzio
989 3233 1169 3279 vestra
1218 3224 1285 3278 ⁸⁸.
1333 3223 1398 3279 Ει
1440 3226 1669 3297 capillus
1715 3227 1782 3283 de
1820 3227 1997 3298 capite

2098 3223 2338 3297 ἐπάρατε
2383 3221 2483 3286 τάς
2514 3221 2753 3292 κεφαλὰς
2794 3222 2967 3293 ὑμῶν,
3017 3223 3098 3301 ὅτι
3144 3224 3370 3294 ἤγγισεν
3405 3225 3438 3295 ἡ
3475 3222 3677 3277 ἀπολύ-

415 3328 597 3373 vestro
646 3333 755 3374 non
784 3318 985 3387 peribit
1031 3318 1101 3371 ’°.
1147 3315 1299 3373 Sicut
1352 3318 1499 3374 enim
1545 3318 1726 3391 fulgur
1769 3321 1885 3376 exit
1927 3322 1997 3377 ab

415 3408 658 3475 Oriente,
683 3421 739 3465 et
768 3410 938 3483 fulget
970 3425 1145 3481 usque
1172 3411 1239 3466 ad
1268 3409 1629 3478 occidentem,
1658 3413 1739 3468 sic
1760 3412 1866 3468 erit
1899 3415 1997 3469 ad-

414 3511 611 3559 ventus
652 3502 775 3557 Filii
834 3502 1094 3557 hominis.
1154 3500 1477 3573 Ubicunque
1532 3501 1696 3560 fuerit
1740 3505 1993 3572 cadaver,

416 3594 527 3648 illic
556 3594 1035 3664 congregabuntur
1067 3603 1121 3648 et
1149 3595 1348 3664 aquilae
1372 3595 1438 3650 ⁹¹.
1483 3613 1504 3648 ι
1538 3594 1664 3651 Fuit
1686 3607 1869 3653 autem
1902 3614 1996 3656 ca-

415 3685 583 3742 daver
627 3684 764 3756 (26⁸)
798 3684 852 3738 in
879 3685 1167 3755 paradiso;
1199 3685 1271 3739 ibi
1289 3685 1434 3740 enim
1482 3686 1727 3744 Adamus
1774 3691 1991 3747 cecidit.

413 3779 613 3850 Aitque
636 3792 861 3833 rursus:
888 3796 906 3828 ο
931 3775 1085 3833 Tunc
1125 3778 1305 3832 mittet
1320 3776 1495 3833 Filius
1512 3779 1751 3835 hominis
1771 3785 1994 3852 angelos

414 3887 568 3937 suos,
597 3882 652 3928 et
695 3870 1053 3943 congregabit
1103 3871 1307 3927 electos
1331 3885 1463 3927 suos
1496 3887 1528 3927 a
1552 3881 1790 3943 quatuor
1816 3863 1994 3932 ventis

413 3967 540 4022 θεοιὶ
567 3968 637 4021 θ’.
677 3986 697 4020 ι
732 3964 899 4019 David
935 3978 1156 4035 quoque
1184 3964 1559 4035 prtenuntians
1584 3963 1854 4036 judicium
1880 3967 1991 4025 Do-

348 4110 355 4119 ,
412 4061 658 4130 minique
700 4056 1096 4128 apparitionem
1144 4075 1156 4111 :
1196 4075 1214 4109 ι
1252 4057 1296 4110 Α
1328 4072 1546 4113 summo
1580 4059 1722 4114 coelo
1746 4063 1992 4133 egressio

411 4153 552 4222 ejus,
597 4152 793 4222 inquit,
842 4158 899 4207 et
940 4165 1205 4206 occursus
1233 4150 1356 4221 ejus
1403 4165 1577 4220 usque
1608 4150 1677 4205 ad
1713 4152 1991 4225 summum

411 4246 558 4312 cmli,
577 4254 632 4299 et
646 4259 755 4300 non
773 4243 965 4313 estqui
982 4256 1041 4297 se
1065 4242 1405 4297 ahseondata
1419 4242 1602 4298 calore
1621 4243 1740 4313 ejus
1753 4244 1819 4298 “.
1847 4263 1866 4297 ι
1888 4243 1993 4300 Ca-

409 4339 583 4395 lorem
597 4334 1231 4405 veru,conﬂagrationem
1254 4342 1434 4390 vocat.
1462 4332 1554 4391 Sic
1576 4342 1758 4390 autem
1778 4333 1949 4394 Isaias
1973 4354 1988 4391 :

416 4448 435 4480 ι
478 4428 659 4494 Vade,
703 4426 936 4503 populus
977 4441 1163 4493 meus,
1205 4426 1351 4481 intra
1380 4425 1435 4480 in
1457 4426 1770 4481 cubiculum
1802 4436 1985 4498 tuum;

2095 3333 2298 3388 τρωσις
2326 3314 2499 3387 ὑμῶν.
2533 3313 2645 3368 Καὶ
2677 3313 2799 3387 θρὶξ
2828 3317 2892 3368 ἐκ
2920 3314 3021 3386 τῆς
3053 3315 3292 3388 κεφαλῆς
3321 3315 3474 3387 ὑμῶν
3506 3317 3567 3370 οὐ
3603 3315 3679 3388 μὴ

2094 3409 2408 3463 ἀπόλλυται.
2457 3408 2669 3480 ’Ὥσπερ
2721 3402 2831 3481 γάρ
2872 3410 2905 3480 ἡ
2948 3408 3203 3481 ἀστραπὴ
3252 3409 3524 3486 ἐγείρεται
3570 3408 3678 3461 ἀπὸ

2093 3499 2400 3564 ἀνατολῶν,
2437 3500 2529 3553 καὶ
2570 3500 2827 3569 φαίνεταί
2856 3501 2984 3574 ἄχρι
3021 3499 3271 3572 δυσμῶν,
3304 3500 3477 3565 οὕτως
3523 3500 3676 3554 ἔσται

2095 3593 2189 3647 καὶ
2227 3594 2260 3664 ή
2296 3592 2564 3664 παρουσία
2586 3590 2680 3644 τοῦ
2700 3591 2827 3645 Υίοῦ
2858 3590 2951 3645 τοῦ
2989 3574 3299 3664 ἀνθρώπου.
3318 3593 3492 3646 Ὅπου
3525 3593 3590 3647 ἂν

2093 3685 2157 3740 τὸ
2189 3684 2411 3757 πτῶμα,
2442 3684 2560 3738 ἐκεῖ
2591 3683 3015 3757 συναχθήσονται
3043 3684 3139 3739 καὶ
3171 3686 3220 3738 οί
3250 3684 3420 3739 ἀετοί.
3458 3704 3476 3736 ι
3516 3683 3674 3749 Πτῶ-

2097 3796 2175 3851 μα
2205 3778 2261 3831 δὲ
2293 3777 2584 3849 γεγένηται
2618 3779 2674 3831 ἐν
2706 3762 3019 3849 παραδείσῳ
3038 3818 3052 3843 ,
3091 3778 3212 3830 ἐκεῖ
3237 3776 3346 3849 γὰρ
3387 3775 3557 3848 Ἀδάμ
3580 3777 3681 3829 πέ-

2093 3889 2310 3928 πτωκεν
2337 3890 2351 3903 ·
2387 3871 2445 3937 ὃς
2496 3873 2589 3926 καὶ
2640 3871 2801 3926 πάλιν
2858 3870 3035 3939 λέγει·
3072 3888 3091 3922 ι
3150 3870 3283 3924 Τότε
3316 3870 3605 3925 ἀποστελεί
3646 3872 3676 3925 6

2091 3965 2221 4030 Υἱὸς
2250 3964 2345 4019 τοῦ
2375 3963 2660 4036 ἀνθρώπου
2686 3964 2813 4028 τοὺς
2831 3962 3094 4032 ἀγγέλους
3121 3961 3310 4028 αὐτοῦ,
3330 3962 3423 4016 καὶ
3454 3965 3678 4016 ἐπισυν-

2089 4058 2214 4126 άξει
2263 4059 2391 4122 τοὺς
2422 4056 2711 4119 ἐκλεκτοὺς
2744 4054 2908 4109 αὑτοῦ
2953 4057 3016 4108 ἐκ
3065 4055 3171 4107 τῶν
3220 4055 3502 4127 τεσσάρων
3550 4054 3674 4109 ἀνέ-

2094 4140 2212 4253 μιξν
2245 4149 2341 4204 τοῦ
2379 4147 2628 4223 ούρανοῦ.
2670 4167 2688 4199 ι
2722 4147 2833 4201 Καὶ
2861 4145 3028 4199 Δαϐὶδ
3060 4146 3392 4253 προμηνύων
3420 4147 3519 4217 τὴν
3548 4144 3671 4218 κρί-

2094 4236 2177 4298 σιν
2220 4243 2314 4298 καὶ
2343 4241 2441 4313 τὴν
2475 4239 2795 4317 ἐπιφάνειαν
2831 4237 2926 4292 τοῦ
2968 4236 3196 4309 Κυρίου,
3232 4238 3396 4309 φησίν
3417 4254 3429 4267 ·
3470 4257 3488 4289 ι
3549 4238 3670 4290 Ἀπ’

2090 4336 2260 4409 ἄκρου
2280 4334 2372 4388 τοῦ
2404 4332 2633 4405 οὐρανοῦ
2661 4334 2694 4403 ἡ
2726 4330 2899 4396 ἔξοδος
2931 4328 3118 4395 αὑτοῦ,
3150 4329 3320 4383 καὶτὸ
3350 4328 3673 4399 κατάντημα

2091 4423 2258 4479 αὐτοῦ
2291 4425 2394 4488 ἕως
2417 4424 2585 4494 ἄκρου
2618 4421 2713 4475 τοῦ
2746 4419 2977 4492 οὐρανοῦ
2997 4437 3009 4450 ·
3035 4420 3129 4473 καὶ
3159 4420 3259 4472 οὐκ
3288 4418 3521 4482 ἔστιν.ὃς
3541 4420 3672 4472 ἀπο-

409 4518 602 4577 claude
622 4517 822 4572 ostium
848 4527 1034 4583 tuum;
1067 4516 1405 4571 abscondere
1435 4516 1709 4573 modicum
1732 4517 1987 4589 aliquan-

2095 4517 2428 4590 κρυϐήσεται
2451 4516 2549 4585 τῆς
2580 4514 2793 4585 θέρμης
2819 4511 3003 4566 αὐτοῦ.
3019 4531 3035 4563 ι
3071 4511 3295 4583 Θέρμην
3320 4510 3375 4563 δὲ
3396 4501 3546 4579 λέγει
3568 4511 3668 4581 τὴν

410 4610 610 4687 tulum,
662 4605 838 4662 donec
888 4616 1229 4678 pertranseat
1276 4608 1358 4663 ira
1394 4606 1635 4665 Domini.
1659 4608 1705 4642 ⁸⁵
1730 4627 1749 4660 ο
1780 4608 1978 4669 Paulus

2095 4610 2425 4683 ἐκπύρωσιν.
2471 4608 2700 4670 Ἡσαΐας
2752 4607 2807 4660 δὲ
2853 4606 3025 4660 οὕτω·
3078 4623 3096 4655 ι
3127 4604 3491 4669 Βάδιξε,λαός
3539 4620 3666 4675 μου,

407 4702 585 4757 item:
628 4720 648 4753 ι
699 4699 986 4757 Revelatur
1029 4700 1174 4755 enim
1225 4701 1306 4755 ira
1364 4699 1458 4756 Dei
1515 4700 1584 4757 de
1633 4701 1771 4756 ccelo
1817 4718 1983 4772 super

407 4809 627 4850 omnem
655 4793 985 4863 impietatem
1011 4802 1066 4848 et
1088 4792 1421 4863 injustitiam
1452 4792 1738 4849 hominum
1757 4796 1878 4862 ,qui
1897 4807 1990 4849 ve-

403 4888 621 4943 ritatem
652 4885 747 4942 Dei
775 4886 829 4941 in
857 4885 1125 4956 injustitia
1150 4885 1396 4941 detinent
1425 4887 1491 4940 ”.
1530 4905 1550 4938 ι

477 5030 522 5063 ⁸⁷
562 5028 608 5084 Il
637 5028 830 5085 Thess.
887 5047 964 5093 ιι,
1010 5029 1151 5086 1-11.
1224 5031 1270 5063 ⁸⁸
1303 5030 1409 5085 lsa.
1454 5046 1612 5098 xxvi,
1665 5031 1750 5086 10.

1854 5032 1901 5069 ”
1933 5033 2072 5090 Luc.
2107 5049 2222 5097 xxi,
2261 5029 2353 5085 28.

2087 4702 2295 4757 εἴσελθε
2334 4704 2415 4765 είς
2454 4702 2516 4754 τὸ
2559 4699 2781 4770 ταμεῖόν
2825 4714 2917 4751 σου
2941 4738 2956 4760 ,
3010 4695 3331 4749 ἀπόκλεισον
3358 4695 3458 4766 τὴν
3498 4695 3668 4766 θύραν

2086 4811 2204 4857 σου,
2234 4790 2576 4863 ἁποκρύϐηθι
2610 4789 2807 4862 μικρὸν
2825 4792 2947 4844 ὅσον
2968 4789 3082 4858 ,ἕως
3112 4789 3176 4844 ἂν
3196 4790 3439 4867 παρέλθῃ
3471 4790 3504 4863 ή
3529 4791 3670 4869 ὀργὴ

2083 4885 2309 4957 Κυρίου.
2340 4903 2360 4936 ι
2398 4884 2609 4948 Παῦλος
2639 4883 2696 4938 δέ
2726 4882 2957 4955 ὁμοίως·
2996 4900 3016 4933 ι
3066 4880 3534 4935 ’Λποκαλύπτεται
3557 4884 3668 4955 γὰρ
3779 4906 3784 4915 ~

2462 5028 2509 5061 ⁹⁰
2538 5027 2699 5095 lbid.,
2741 5025 2827 5081 18.
2866 5075 2871 5080 .
2938 5025 2985 5057 ⁹¹
3017 5023 3208 5081 Matth.
3261 5040 3411 5090 μιν,
3442 5021 3535 5089 27,
3569 5023 3664 5078 28.

404 5104 450 5183 ’τ’
483 5100 673 5157 Matth.
698 5117 848 5167 xxxv,
877 5102 966 5156 5i.
1043 5101 1089 5133 °'
1116 5099 1387 5193 Ps._xvnt,
1417 5100 1469 5170 7_.
1544 5103 1592 5135 ⁸⁸
1621 5100 1725 5158 lsa.
1754 5119 1905 5170 xxvi,
1940 5104 2030 5159 20.
2104 5104 2150 5137 "
2190 5104 2347 5156 Rom.
2374 5116 2413 5165 ι,
2451 5099 2536 5184 Π..

477 5244 609 5316 (26‘)
646 5244 703 5300 In
746 5245 936 5302 Graeco
990 5246 1075 5301 bis
1139 5244 1257 5300 πτῶ

1370 5256 1688 5319 usurpatur,
1723 5258 1783 5303 ut
1827 5250 1971 5319 apud
2052 5251 2371 5311 adventus,
2395 5232 2635 5302 Joannes
2660 5244 2961 5319 asseritu‘r;
2996 5244 3141 5314 quod
3160 5243 3344 5319 minus
3371 5242 3658 5319 probatum

406 5314 719 5370 Matthaeum
763 5316 1019 5391 cadaver,
1055 5314 1667 5391 inAexplicatione’vero
1702 5314 1972 5391 Hippolyti
2078 5332 2185 5385 est,
2238 5332 2299 5375 ut
2327 5330 2381 5375 et
2421 5319 2628 5391 opinio.
2660 5331 2782 5385 qua:
2815 5316 2997 5370 adhuc
3028 5315 3376 5391 superstitem
3412 5315 3464 5391 i_n
3495 5325 3662 5391 carne

401 5399 583 5456 casum
606 5401 700 5440 seu
725 5388 937 5441 ruinam
968 5382 1258 5455 significet.
1289 5386 1461 5453 Quem
1496 5389 1549 5442 in
1584 5382 1973 5445 verbis-lusum
2079 5382 2298 5447 mortali
2337 5382 2477 5445 eum'
2500 5382 2763 5453 afﬁrmat;
2797 5382 3114 5456 quanquam
3146 5401 3261 5456 non
3302 5385 3381 5439 sic
3411 5383 3548 5436 dura
3576 5382 3663 5456 dif

402 5452 593 5510 Latine
608 5465 1000 5525 repraesentare
1022 5452 1192 5527 penes
1223 5452 1574 5528 interpretem
1609 5475 1716 5513 non
1742 5456 1864 5513 fuit.

418 5558 423 5561 -
1452 5530 1613 5584 Eon.
1658 5529 1906 5585 Ρλτιιοι..

473 5591 588 5663 (2?)
616 5593 763 5663 "Qu.
799 5595 965 5663 Gud.,
1001 5598 1077 5662 ὡς
1113 5598 1217 5653 ὅτι.

414 5702 449 5739 ς
476 5660 590 5739 (28)
626 5661 748 5739 Ίζῶν
770 5665 881 5739 δύο
909 5660 1249 5738 προφητῶν.
1288 5667 1345 5723 ln
1388 5668 1578 5739 spurio
1613 5669 1705 5725 illo
1742 5676 1985 5725 tractatu

404 5729 491 5794 De,
540 5729 865 5788 Amic/triste
910 5729 964 5791 et
1016 5729 1202 5792 nidndi
1258 5729 1706 5794 consummatione
1764 5754 1796 5793 a
1847 5739 1980 5793 Pico

407 5790 646 5873 vulgato,
693 5807 884 5861 tertius
914 5790 1068 5862 testis
1094 5790 1734 5880 et'braécui-édi-"giaéiiiéi
1763 5790 1981 5865 Domini

2080 5478 2186 5532 gna
2219 5475 2450 5532 censura
2485 5458 2720 5519 videtur,
2748 5451 3178 5532 ac—inuritjdem
3210 5454 3471 5532 Picus_.__et
3501 5451 3660 5532 quasi

2076 5522 2143 5587 Ea
2172 5548 2259 5587 res
2288 5530 2355 5585 ad
2386 5530 2543 5584 [idem
2582 5535 2807 5595 spectet.
2843 5525 2982 5580 Nam
3012 5526 3332 5595 Ephrmmus
3366 5522 3664 5591 Theopoli-

1983 5653 1987 5657 .
2081 5611 2243 5657 Ianus
2285 5602 2577 5670 episcopus
2602 5597 2744 5665 apud
2766 5596 3236 5670 _Photi_u_m,_inter
3279 5610 3373 5651 cas
3414 5598 3669 5670 recenset

2081 5662 2433 5743 quaestiones,
2467 5662 2670 5738 Quibus
2723 5668 2861 5723 nihil
2910 5668 3043 5723 ﬁdes
3075 5666 3341 5733 laedatur,
3392 5662 3659 5734 quidquid

2082 5740 2310 5802 statuas.
2357 5740 2594 5797 Consus.
2964 5766 2969 5773 -
