4134 6382
439 388 540 445 ἹΒἹ

1168 386 1530 442 illPPULYTl
1578 385 1728 442 OPP.
1770 386 1953 442 PARS
1993 385 2058 455 ll.
2101 417 2172 430 ——
2220 385 2529 443 DOGMAT.
2586 386 2672 442 ΕΤ
2710 381 3060 442 HlSTORlGi

3564 389 3666 444 788

437 531 572 569 voce
593 523 646 568 et
675 515 804 571 tuba
843 505 939 568 Dei
965 511 1252 566 descendet
1279 512 1346 566 de
1387 511 1547 575 caelo,
1597 519 1653 566 et
1694 509 1893 565 mortui
1936 510 1992 564 iu

2112 511 2191 564 ια).
2218 509 2476 578 σάλπιγγι
2507 508 2640 564 Θεοῦ
2676 509 3042 580 καταϐήσεται
3075 508 3169 562 ἀπ’
3201 507 3449 582 οὐρανοῦ,
3485 528 3578 566 και
3621 515 3670 566 οἱ

436 608 658 663 Christo
688 614 970 676 resurgent
989 605 1247 674 primum.
1272 603 1475 658 Deinde
1497 617 1596 656 nos
1627 602 1721 672 qui
1749 602 2000 666 vivimus,

437 702 531 770 qui
563 699 763 754 residui
792 712 1005 762 sumus,
1047 696 1209 750 simul
1251 711 1374 750 cum
1413 695 1494 750 eis
1523 694 1799 766 rapiemur
1831 696 1888 749 in
1911 709 2003 750 oc-

437 807 659 846 cursum
693 789 908 843 Domini
938 789 991 842 in
1020 803 1174 855 aera;
1204 798 1256 842 ct
1281 787 1360 843 sic
1379 803 1594 858 semper
1617 802 1742 842 cum
1775 785 2004 842 Domino

437 883 640 936 erimus
673 881 714 935 ⁸.
753 905 770 932 ι

504 972 710 1027 LVV’II.
755 972 880 1028 Haec
909 973 1005 1027 tibi
1037 973 1226 1042 paucis
1247 973 1494 1043 exposui,
1527 987 1560 1026 o
1590 971 1906 1042 Theophile,
1934 987 2001 1026 ex

435 1066 636 1121 divinis
694 1063 990 1135 Scripturis
1041 1065 1275 1129 hausta,
1336 1074 1397 1118 ut
1441 1065 1706 1118 servando
1749 1063 1852 1119 ﬁde
1885 1079 2004 1132 quae

437 1159 639 1226 scripta
671 1165 819 1219 sunt,
866 1155 1312 1226 prospiciensque
1358 1153 1560 1220 futura,
1597 1154 1919 1210 inoffensum
1953 1163 2003 1209 te

437 1249 548 1302 Deo
571 1262 636 1302 ac
661 1247 974 1302 hominibus
996 1263 1200 1312 serves,
1231 1256 1552 1316 exspectans
1576 1246 1790 1300 beatam
1826 1261 1998 1316 spem,

437 1351 490 1393 et
511 1338 930 1394 illustrationem
961 1337 1078 1402 Dei,
1101 1347 1156 1393 et
1192 1337 1491 1393 Salvatoris
1525 1339 1761 1404 nostri",
1795 1337 1852 1392 in
1894 1353 2004 1408 qua

438 1431 718 1486 suscitatis
749 1431 953 1486 sanctis
979 1430 1203 1494 nostris,
1238 1447 1362 1485 cum
1386 1430 1467 1485 eis
1503 1429 1771 1485 laetabitur
1800 1429 2001 1500 gloriﬁ-

437 1537 570 1577 cans
595 1521 829 1576 Patrem.
853 1521 957 1592 Ipsi
979 1521 1154 1593 gloria.
1181 1522 1235 1576 in
1263 1523 1592 1590 sempiterna
1613 1521 1810 1577 saecula
1833 1536 2004 1577 saecu-

437 1615 635 1669 lorum.
669 1614 860 1668 Amen.

2108 603 2290 672 νεκροὶ
2309 605 2363 656 ὲν
2389 601 2605 673 Χριστῷ
2624 603 3012 672 ἀναστήσονται
3040 603 3273 673 πρῶτον
3301 602 3488 657 ἔπειτα
3512 606 3671 675 ἡμεῖς
3717 624 3721 625 ⁷

2108 697 2158 748 oi.
2187 695 2387 760 ζῶντες
2413 696 2463 748 οἱ
2492 695 2926 766 περιλειπόμενοι
2959 697 3074 767 ἃμα
3092 697 3186 749 σὺν
3211 695 3392 760 αὐτοῖς
3423 698 3669 769 ἁρπαγηη

2111 787 2311 858 σόμεθα
2334 789 2390 840 ὲν
2409 787 2656 856 νεφέλαις
2690 789 2769 851 εἰς
2799 787 3096 858 ἀπάντησιν
3124 788 3216 842 τοῦ
3250 791 3451 860 Κυρίου
3479 792 3557 854 είς
3577 792 3671 844 ἀέ-

2112 896 2198 951 ρα·
2225 879 2317 931 καὶ
2353 877 2495 932 οὕτω
2528 879 2750 933 πάντοτε
2775 879 2871 934 σὺν
2891 879 3078 952 Κυρίῳ
3105 880 3386 952 ἐσόμεθα.»

2178 968 2362 1022 Ταῦτά
2415 968 2868 1039 σοιζπαρέστησα
2939 968 3027 1022 διὰ
3095 969 3340 1040 βραχέων
3402 971 3674 1042 ἀρυσάμε-
3784 965 3794 973 ’

2107 1077 2228 1124 νος,
2286 1059 2542 1128 Θεόφιλε,
2585 1062 2734 1124 ὅπως
2796 1060 3079 1130 φυλάσσων
3105 1065 3108 1070 “
3135 1061 3272 1131 μετὰ
3314 1060 3546 1124 πίστεως
3604 1061 3673 1116 τὰ

2107 1151 2483 1222 γεγραμμένα,
2509 1152 2602 1204 καὶ
2630 1150 2946 1223 προϐλέπων
2968 1152 3036 1205 τὰ
3056 1152 3306 1224 ἐσόμενα,
3331 1152 3672 1224 ἀπρόσκοπον

2109 1243 2296 1298 ἑαυτὸν
2325 1245 2418 1297 καὶ
2439 1241 2554 1313 Θεῷ
2583 1244 2676 1296 καὶ
2698 1242 3001 1315 ἀνθρώποις
3023 1243 3280 1318 φυλάξῃς,
3317 1244 3675 1316 προσδεχόμε-

2110 1353 2197 1400 νος
2225 1335 2320 1406 τὴν
2343 1335 2614 1406 μακαρίαν
2639 1335 2826 1390 ἐλπίδα
2857 1338 2950 1390 καὶ
2969 1339 3284 1407 ἐπιφάνειαν
3308 1336 3399 1390 τοῦ
3424 1337 3557 1390 Θεοῦ
3581 1339 3674 1391 καὶ

2108 1427 2354 1500 Σωτῆρος
2384 1428 2559 1499 ήμῶν,
2597 1430 2653 1481 ὲν
2731 1429 3036 1500 ἀναστήσας
3049 1430 3174 1493 τοὺς
3194 1431 3377 1498 ἁγίους
3404 1428 3555 1500 ἡμῶν
3581 1429 3676 1482 σὺν

2109 1520 2289 1582 αὐτοῖς
2315 1519 2766 1590 εὐφρανθήσεται,
2799 1520 3033 1587 δοξάζων
3055 1521 3290 1591 Πατέραο
3323 1520 3520 1592 αὐτῷή
3551 1519 3675 1586 δόξα

2113 1611 2191 1674 εἰς
2217 1611 2341 1673 τοὺς
2361 1609 2743 1682 ἁτελευτήτους
2772 1610 2972 1675 αἰῶνας
2996 1611 3103 1665 τῶν
3137 1610 3364 1668 αἰώνων.
3409 1612 3598 1682 Ἀμήν.

468 1792 3670 1824 W

2373 1813 2990 1822 _.__.__—..————

705 1952 1152 2126 ΤΟΥ
1238 1883 1973 2126 ΑΓΙΟΥ
2088 1955 3416 2130 ΙΠΠΟΑΥΤΟΥ
3548 2103 3558 2110 .

1561 2219 1959 2276 ΕΠΙΣΚΟΙΙΟΥ
2012 2223 2138 2277 ΚΑΙ
2179 2223 2550 2277 ΜΑΡΤΥΡΟΣ

1173 2385 1951 2473 ΑΠΟΔΕΙΚΤΙΚΗ
2018 2385 2304 2473 ΠΡΟΣ
2359 2387 2958 2477 ΙΟΥΔΑΙΟΥΣ

1145 2744 1820 2901 SANCTI
1937 2747 2981 2905 HIPPOLYTI

1241 3115 1246 3120 .
1336 3029 1882 3123 EPISCOPI
1960 3033 2112 3122 ET
2182 3033 2788 3124 MARTYRIS

640 3243 1868 3377 DEMONSTRATIO
1961 3245 2792 3380 ADVERSUS
2881 3251 3518 3409 JUDfEOS

1428 3480 1810 3537 FRANCISCO
1851 3481 2216 3540 TURRIANO
2253 3483 2712 3541 INTERPBETE.

2044 3663 2123 3681 ..α

515 3791 556 3846 l.
595 3784 795 3844 inclina
819 3803 1006 3845 aurem
1029 3797 1197 3856 tuam,
1221 3788 1423 3858 Judzee,
1447 3798 1500 3846 et
1525 3791 1652 3846 audi
1679 3793 1840 3848 verba
1865 3808 2005 3860 mea,

2179 3793 2386 3848 Οὐκοῦν
2407 3793 2583 3848 κλῖνον
2607 3792 2668 3847 τὸ
2703 3784 2794 3857 οὖς
2827 3805 2918 3846 σου
2952 3793 3094 3865 ἐμοὶ,
3118 3794 3214 3848 καί
3237 3795 3549 3848 εἰσάκουσον
3572 3793 3679 3848 τῶν

444 3893 500 3940 et
523 3884 757 3940 attende.
792 3883 945 3954 Sa’pe
975 3883 1225 3954 gloriaris
1257 3893 1338 3951 tu,
1368 3885 1515 3954 quod
1557 3882 1741 3939 Jesum
1773 3884 2008 3941 Nazare-

443 3992 572 4032 num
604 3977 796 4032 mortis
827 3976 1220 4043 condemnasti,
1251 3985 1306 4032 et
1335 3976 1480 4046 quod
1521 3986 1733 4031 acetum
1773 3986 1826 4032 et
1863 3979 1933 4032 fel
1962 3979 2009 4032 ei

443 4071 510 4124 ad
541 4065 835 4126 bibendum
863 4069 1182 4141 porrexisti;
1237 4080 1292 4125 et
1334 4070 1440 4126 hoc
1487 4070 1783 4141 gloriosum
1827 4080 2006 4143 putas.

440 4160 648 4218 Accede
665 4161 847 4232 igitur,
871 4170 926 4217 et
951 4162 1364 4218 consideremus
1386 4164 1769 4229 communiter,
1805 4173 2012 4218 utrum-

442 4269 511 4308 ne
543 4253 748 4322 injuste
775 4254 1052 4325 gloriaris,
1079 4269 1113 4309 ο
1151 4253 1337 4317 Israel,
1378 4262 1433 4308 et
1475 4255 1608 4309 illud
1644 4270 1836 4324 parum
1871 4258 2010 4311 aceti

442 4355 497 4398 et
539 4345 679 4399 fellis
717 4345 818 4401 bas
862 4346 1152 4401 horribiles
1189 4346 1366 4400 minas
1398 4346 1491 4400 tibi
1520 4347 1730 4414 intulit;
1758 4357 2011 4403 utrumne

440 4445 660 4507 propter
691 4437 826 4492 illud
853 4438 907 4492 in
932 4438 1052 4494 istis
1086 4438 1313 4493 inlinitis
1337 4439 1737 4493 calamitatibus
1759 4454 1838 4494 es.

509 4614 574 4669 ll.
611 4614 874 4672 Procedat
905 4617 1067 4687 igitur
1105 4617 1161 4670 in
1200 4618 1460 4679 medium.
1495 4620 1586 4688 qui
1620 4635 1714 4689 per
1748 4619 2008 4690 Spiritum

371 4705 374 4707 λ
439 4716 690 4761 sanctum
729 4707 990 4776 loquitur,
1035 4716 1089 4762 et
1123 4723 1285 4762 verax
1318 4719 1424 4776 est,
1450 4708 1617 4765 David
1655 4710 1798 4766 [ilius
1832 4711 2004 4768 Jesse.

439 4793 562 4862 Hic,
603 4814 728 4854 cum
774 4799 1021 4868 quaedam
1056 4799 1367 4869 proplietice
1400 4801 1467 4855 de
1499 4816 1629 4855 vero
1659 4801 1880 4859 Christo
1912 4820 2006 4860 ca-

436 4897 614 4954 neret,
645 4898 700 4943 et
721 4887 889 4943 Deum
927 4899 1172 4945 nostrum
1206 4907 1300 4961 per
1345 4890 1604 4962 Spiritum
1640 4904 1885 4949 sanctum
1917 4911 2010 4950 ca-

437 4981 620 5038 nendo
647 4982 966 5047 celebraret,
996 4983 1182 5037 omnia
1217 4999 1341 5054 quae
1370 4999 1400 5039 a
1431 4983 1634 5041 Judaeis
1660 4985 1714 5040 in
1752 4987 2008 5055 passione

434 5073 555 5143 ejus
581 5071 722 5127 facta
747 5082 894 5139 sunt,
924 5074 1072 5129 clare
1111 5073 1474 5142 denuntiavit;
1514 5077 1603 5132 ubi
1636 5077 1887 5134 Christus
1911 5081 2002 5147 qui

435 5176 497 5216 se
524 5163 846 5230 humiliavit,
878 5173 934 5218 et
967 5163 1198 5236 formam
1241 5165 1383 5222 servi
1417 5165 1590 5222 Adam
1637 5167 1832 5234 induit,
1885 5177 2006 5223 tan-
2034 5149 2076 5206 θ

435 5267 600 5320 quam
626 5268 692 5307 ex
720 5267 954 5323 persona
982 5262 1189 5320 nostra,
1223 5255 1441 5310 invocat
1472 5255 1646 5309 Deum
1674 5256 1886 5311 Patrem
1909 5259 2002 5326 qui

435 5342 490 5394 in
515 5343 667 5398 caelis
699 5352 802 5409 est,
823 5353 876 5399 et
903 5344 1193 5414 aitpsalm.
1220 5360 1427 5399 vam:
1458 5364 1476 5396 ι
1514 5344 1677 5399 Serva
1705 5362 1809 5413 me,
1840 5345 2003 5414 Deus,

439 5437 697 5506 quoniam
765 5441 1106 5495 intraverunt
1175 5455 1330 5510 aquae
1397 5455 1572 5510 usque
1639 5442 1705 5496 ad
1766 5442 2004 5499 animam

507 5552 528 5584 ‘
559 5553 576 5606 l
610 5523 909 5624 Thessatv,
945 5555 1029 5609 12.
1103 5556 1122 5585 ⁷
1156 5554 1261 5610 Tit.
1297 5570 1358 5621 ιι,
1387 5555 1470 5608 15.

471 5668 620 5747 ,(51)
683 5672 778 5724 Ἐν
814 5671 894 5736 τῷ
931 5672 1019 5740 ξη⁹
1052 5669 1296 5747 ψαλμῷ.
1323 5673 1698 5747 Annumerare
1752 5675 2001 5732 Psalmon

437 5743 551 5816 sive
580 5752 781 5816 eorum.
800 5743 1369 5816 numerumallegare,
1391 5743 1633 5816 solemne
1662 5747 1748 5800 illa
1776 5748 2004 5816 jampri-

441 5806 561 5862 dem
582 5818 736 5865 male
757 5809 858 5866 fuit
887 5806 1246 5882 scriptoribus
1282 5830 1294 5867 :
1324 5806 1379 5867 ut
1407 5829 1472 5870 ex
1499 5812 1748 5888 Origene,
1776 5806 1999 5890 Cypria~

2111 3887 2370 3958 ῥημάτων
2416 3903 2540 3957 μου,
2583 3885 2677 3938 καὶ
2707 3881 2961 3954 πρόσεχε,
2993 3879 3038 3938 ὦ
3081 3885 3321 3939 ’Ῑουδαῖε.
3362 3886 3432 3938 Σὺ
3461 3886 3517 3938 δὲ
3548 3885 3678 3938 πολ-

2109 3974 2264 4040 λάκις
2298 3975 2730 4047 ὲκκαυχὼμενος,
2761 3976 2842 4028 ὅτι
2860 3973 2954 4028 τὸν
2998 3976 3202 4048 Ἰησοῦν
3231 3979 3320 4031 τὸν
3361 3975 3678 4046 Ναζωραῖον

2110 4068 2322 4138 θανάτῳ
2362 4068 2702 4138 κατέκρινας,
2739 4068 2835 4120 καὶ
2865 4067 2984 4132 ὅξος
3009 4067 3102 4121 καὶ
3133 4068 3291 4140 χολήν
3320 4069 3479 4122 αὐτὸν
3499 4068 3680 4120 ἐπότι-

2112 4175 2226 4222 σας·
2263 4159 2358 4212 καὶ¹
2391 4157 2624 4229 σεμνύνῃ
2671 4157 2762 4210 ἐπὶ
2801 4157 2993 4229 τούτῳ.
3028 4158 3196 4230 Δεῦρο
3223 4155 3316 4212 οὖν
3353 4158 3542 4221 κοινῶς
3563 4159 3684 4214 ἐπιδ

2111 4246 2438 4321 σκεψώμεθα
2469 4253 2663 4323 μήπως
2698 4252 2896 4316 ἀδίκως
2921 4253 3210 4320 καυχᾶσαι,
3235 4245 3278 4304 ὧ
3319 4251 3549 4322 Ἰσραὴλ,
3580 4251 3684 4321 μή-

2109 4358 2228 4404 πως
2254 4357 2335 4394 σοι
2354 4340 2415 4394 τὸ
2452 4341 2643 4413 μικρὸν
2674 4342 2847 4394 ἐκεῖνο
2879 4340 2998 4408 ὅξος
3025 4341 3118 4394 καὶ
3147 4343 3179 4412 ή
3214 4339 3340 4411 χολὴ
3381 4340 3480 4410 τὴν
3519 4339 3680 4408 φοϐε-

2111 4432 2212 4502 ράν
2235 4449 2315 4485 σοι
2344 4431 2549 4503 ταύτην
2586 4434 2864 4506 ἐπήγαγεν
2897 4432 3142 4504 ἀπειλήψ
3193 4434 3388 4504 μήπως
3417 4432 3482 4484 δι’
3517 4431 3680 4486 αὑτοῦ

2108 4525 2167 4578 ἐν
2191 4527 2302 4588 τοῖς
2330 4525 2544 4596 μυρίοις
2570 4525 2776 4591 τούτοις
2802 4527 3067 4598 ὑπάρχεις
3097 4526 3307 4590 δεινοῖς.

2181 4615 2507 4688 Προαγέσθω
2536 4617 2712 4671 τοίνυν
2736 4618 2816 4682 εἰς
2841 4617 3003 4689 μέσον
3023 4619 3052 4670 ὁ
3074 4616 3161 4670 διὰ
3185 4615 3500 4686 Πνεύματος
3526 4614 3680 4683 ἁγίου

2109 4710 2302 4773 λαλῶν,
2347 4708 2581 4780 ἀψευδὴς
2615 4709 2894 4781 ὑπάρχων,
2930 4709 3092 4763 Δαυὶδ
3120 4710 3148 4760 ὁ
3185 4706 3278 4760 τοῦ
3319 4706 3533 4760 Ἰεσσαί.
3575 4698 3681 4758 Οὗ-

2109 4821 2198 4868 τος
2221 4803 2437 4874 ψάλλων
2463 4805 2584 4858 τινὰ
2619 4803 2969 4876 προφητικῶς
2990 4803 3068 4865 είς
3094 4800 3183 4855 τὸν
3211 4800 3383 4871 ἀληθῆ
3425 4798 3681 4880 Χριστὸν,

2109 4898 2200 4950 τὶν
2225 4897 2357 4951 Θεὸν
2388 4898 2547 4970 ήμῶν
2575 4899 2881 4970 ὲμελῲδήσε
2920 4896 3006 4950 διὰ
3041 4894 3135 4948 τοῦ
3161 4893 3316 4962 ἁγίου
3344 4892 3678 4963 Πνεύματος.

2111 4989 2287 5042 πάντα
2323 4989 2392 5042 τὰ
2431 4990 2536 5042 ὑπὸ
2582 4991 2848 5044 Ἰουδαίων
2874 4989 2952 5052 εἰς
2978 4987 3138 5040 αὑτὸν
3165 4989 3222 5039 ὲν
3252 4985 3329 5056 τῷ
3353 4984 3512 5038 πάθει
3538 4983 3683 5052 γινόο

2113 5098 2250 5151 μενα
2275 5080 2461 5151 σαφῶς
2482 5082 2889 5153 κατηγγείλατο·
2927 5083 2984 5133 ὲν
3009 5072 3053 5147 ᾧ
3083 5082 3112 5133 ό
3135 5078 3367 5150 Χριστὸς
3409 5078 3436 5129 ὁ
3490 5093 3680 5128 ταπει-

2110 5172 2286 5237 νώσας
2309 5173 2498 5227 ἑαυτὸν
2525 5175 2614 5228 καὶ
2644 5175 2743 5245 τὴν
2775 5171 2986 5245 μορφήν
3017 5170 3112 5224 τοῦ
3139 5171 3323 5225 δούλου
3372 5170 3541 5240 ’Δδὰμ
3588 5172 3675 5222 ὲν-

2110 5264 2427 5336 δυσάμενος,
2459 5266 2535 5330 ὡς
2575 5269 2640 5320 ὲκ
2682 5265 2971 5338 προσώπου
3009 5265 3165 5337 ήμῶν
3211 5264 3546 5320 ἐπικαλεῖται
3584 5261 3678 5322 τὸν

2112 5359 2170 5410 ὲν
2202 5358 2449 5428 οὐρανοῖς
2473 5361 2604 5414 Θεὸν
2643 5360 2883 5432 Πατέρα,
2929 5360 3022 5413 καὶ
3057 5359 3202 5427 λέγει
3237 5362 3293 5412 ὲν
3339 5359 3416 5430 τῷ
3443 5357 3520 5427 ξη⁹
3550 5353 3681 5426 ψαλ-

2115 5447 2201 5518 μῷ
2227 5450 2355 5519 (5l)'
2395 5470 2412 5502 ι
2445 5452 2624 5506 Σῶσόν
2657 5470 2744 5523 με,
2783 5455 2811 5506 ό
2843 5451 2995 5514 Θεὸς,
3037 5452 3116 5504 ὃτι
3163 5451 3480 5523 εἰσήλθοσαν
3514 5449 3682 5503 ὕδατα

2108 5701 2201 5811 £0,
2235 5687 2538 5758 Lactantio,
2570 5689 2800 5762 aliisque
2825 5689 2987 5747 etiam
3012 5686 3412 5757 antiquioribus
3445 5686 3681 5738 constat.

2156 5773 2323 5811 ABRlC.

2156 5773 2323 5814 ADRlC.
