4134 6378
433 419 538 474 797

1556 413 1756 468 LIBER
1795 410 2165 469 ADVERSUS
2203 407 2525 466 GRA‘JCOS.

3559 386 3663 440 798

431 548 593 602 φασις
641 533 737 604 μία
785 535 948 588 πᾶσιν
991 533 1156 600 ἀξίως
1197 533 1598 605 προσενεχθείη.
1640 535 1750 589 Καὶ
1792 535 1841 588 οι
1893 534 1983 606 μὲν

2095 548 2200 587 una
2231 531 2494 588 sententia
2521 526 2653 598 justi
2683 523 2873 596 judicii
2903 521 2969 578 de
2991 517 3406 588 omnibusjuste
3432 515 3653 570 feretur.

429 621 601 675 ἄδικοι
635 623 728 676 καὶ
771 620 888 692 Θεῷ
934 621 1363 692 ἀπειθήσαντες,
1411 623 1480 676 τά
1528 639 1588 674 τε
1627 623 1826 693 μάταια
1856 621 1994 694 ἔργα

429 713 628 785 χειρῶν
665 711 962 785 ἀνθρώπων
1000 713 1476 785 κατεσκευασμένα
1517 713 1706 766 εἴδωλα
1757 712 1831 776 ὼς
1863 711 1993 765 Θεὸν

428 803 758 873 τιμήσαντες
777 842 792 866 ,
823 802 1022 874 ταύτης
1051 803 1151 872 τῆς
1183 804 1350 858 ἀϊδίου
1380 804 1684 869 κολάσεως,
1721 802 1797 867 ὡς
1833 803 1994 855 αίτιοι

436 894 756 964 μιασμάτων
786 895 1099 964 γενόμενοι,
1149 895 1515 967 προσκριθῶσι
1552 894 1700 965 (42)·
1733 895 1782 947 oi
1821 893 1878 947 δὲ
1917 893 1994 946 δί-

430 998 576 1036 καιοι
611 984 710 1055 τῆς
748 983 1023 1056 ἀφθάρτου
1057 985 1154 1039 καὶ
1193 984 1540 1038 ἀνεκλείπτου
1585 983 1855 1055 βασιλείας
1897 983 1992 1036 τύ-

431 1091 616 1142 χωσιν,
651 1075 699 1127 οἳ
728 1076 785 1130 ἐν
813 1075 888 1147 τῷ
919 1076 1020 1150 ᾄδῃ
1045 1076 1153 1149 (45)
1180 1077 1274 1131 νῦν
1309 1077 1406 1148 μὲν
1436 1078 1762 1148 συνέχονται,
1780 1076 1892 1130 ἀλλ’
1927 1078 1989 1129 οὐ

431 1165 508 1236 τῷ
537 1165 683 1237 αὐτῷ
714 1167 880 1238 τόπῳ,
923 1162 966 1235 ᾧ
1007 1169 1101 1221 καὶ
1135 1170 1185 1221 οί
1225 1167 1396 1224 ἄδικοι
1431 1169 1567 1241 (44).
1610 1169 1724 1223 Μία
1763 1168 1872 1241 γὰρ
1911 1169 1991 1232 εἰς

429 1255 586 1310 τοῦτο
627 1256 687 1310 τὸ
739 1257 934 1328 χωρίον
975 1257 1244 1324 κάθοδος,
1291 1251 1352 1312 οῦ
1400 1262 1465 1330 τῇ
1522 1257 1662 1329 πύλῃ
1712 1258 1990 1327 ἐφεστῶτα

403 1348 767 1428 ¹όιρχάγγελον
796 1349 909 1420 ἃμα
932 1352 1174 1428 στρατιᾷ
1205 1350 1644 1422 πεπιστεύκαμεν
1664 1367 1677 1380 ·
1709 1351 1776 1421 ἢν
1815 1350 1990 1420 πύλην

425 1439 722 1503 διελθόντες
769 1440 878 1510 (45)
927 1427 983 1494 οἱ
1034 1441 1392 1512 καταγόμενοι
1445 1441 1548 1494 ὐπὸ
1603 1441 1711 1493 τῶν
1757 1441 1850 1494 ἐπὶ
1891 1440 1991 1504 τὰς

426 1529 607 1601 ψυχὰς
649 1549 804 1601 τετατ
820 1534 993 1603 μένων
1036 1534 1278 1603 ἀγγέλων
1316 1535 1455 1605 (46),
1498 1535 1558 1588 οὐ
1610 1536 1706 1605 μιᾷ
1749 1533 1854 1604 ὁδῷ
1891 1551 1989 1587 πο-

433 1618 679 1705 ρεύονται
697 1637 711 1652 ·
740 1622 862 1675 ἀλλ”
887 1625 934 1692 oi
963 1623 1059 1695 μὲν
1089 1624 1317 1692 δίκαιοι,
1347 1626 1427 1688 είς
1455 1624 1600 1689 δεξιά
1626 1623 1987 1693 φωταγωγού-

432 1728 602 1782 μενοι,
636 1714 729 1767 καὶ
754 1713 859 1767 ὐπὸ
884 1713 992 1768 τῶν
1018 1715 1334 1784 ἐφεστώτων
1372 1716 1510 1770 κατά
1553 1717 1716 1771 τόπον
1747 1715 1989 1785 ἀγγέλων

427 1803 775 1874 ὑμνούμενοι,
821 1803 1044 1875 ἄγονται
1074 1808 1153 1870 εἰς
1204 1807 1398 1878 χωρίον
1429 1808 1718 1877 φωτεινόν’
1765 1809 1823 1862 ἐν
1858 1802 1902 1876 ᾧ
1938 1809 1988 1862 οἱ

2093 620 2161 675 Et
2183 619 2368 690 injusti
2391 619 2608 690 quidem
2630 624 2684 670 et
2701 613 2809 668 Deo
2832 610 3115 673 increduli,
3141 609 3378 663 colentes
3402 616 3460 660 ut
3486 607 3652 659 Deum

2092 713 2235 768 idola
2262 726 2401 766 vana
2432 709 2716 764 hominum
2749 705 3001 760 manibus
3025 716 3188 771 opera
3219 709 3536 771 praeparata,
3561 697 3648 751 isti

2090 812 2293 859 aaterno
2325 800 2609 871 supplicio,
2642 807 2701 852 ut
2730 796 2896 850 variis
2931 794 3186 850 sordibus
3222 789 3521 862 inquinati,
3557 787 3652 841 ad.

2087 891 2516 962 iudicabuntur;
2551 888 2683 956 justi
2720 900 2882 949 vero,
2935 883 3084 954 regni
3127 879 3552 950 incorruptibilis
3596 887 3652 934 et

2091 984 2376 1040 indesituri
2412 983 2706 1052 potientur.
2731 979 2834 1045 Qui
2868 991 3012 1030 nunc
3043 974 3263 1044 quidem
3291 973 3344 1026 in
3367 971 3650 1026 hadecon-

2089 1074 2348 1140 tinentur,
2381 1072 2473 1128 sed
2530 1086 2638 1126 non
2688 1071 2742 1124 in
2801 1069 2990 1124 eodem
3040 1067 3160 1120 loco
3212 1066 3266 1120 in
3308 1079 3416 1134 quo
3459 1063 3648 1131 injusti

2089 1165 2506 1221 concluduntur.
2548 1162 2702 1217 Unus
2731 1169 2814 1216 est
2843 1161 3040 1230 quippe
3069 1159 3362 1214 descensus
3401 1157 3469 1210 ad
3502 1155 3645 1210 istud

2089 1256 2514 1326 receptaculum,
2547 1255 2615 1310 ad
2655 1254 2813 1324 cujus
2857 1262 3068 1323 portam
3105 1249 3488 1318 archangelum
3521 1262 3647 1302 cum

2088 1350 2328 1406 exercitu
2364 1349 2684 1403 collocatum
2715 1345 3005 1402 credimus.
3055 1343 3228 1409 Quam
3266 1350 3476 1412 portam
3510 1355 3648 1410 prze-

2088 1447 2361 1495 tereuntes
2406 1438 2446 1492 ii
2489 1436 2580 1507 qui
2617 1434 2954 1490 deducuntur
2986 1432 3054 1486 ab
3097 1430 3301 1500 angelis
3340 1427 3643 1481 animarum

2087 1529 2430 1599 praesidibus,
2454 1542 2561 1581 non
2585 1541 2690 1580 una
2715 1533 2769 1580 et
2795 1524 2982 1579 eadem
3008 1522 3094 1576 via
3114 1529 3362 1591 pergunt.
3389 1518 3494 1573 Sed
3510 1519 3645 1588 justi

2089 1620 2157 1675 ad
2189 1621 2433 1675 dextram
2467 1624 2750 1688 pergentes
2783 1631 2876 1684 per
2920 1615 3151 1668 mediam
3187 1613 3383 1675 lucem,
3421 1619 3475 1665 et
3506 1610 3646 1664 mul-

2090 1721 2175 1766 tos
2205 1711 2615 1765 circumstantes
2643 1707 2865 1776 angelos
2899 1705 2988 1775 qui
3035 1705 3156 1759 illos
3194 1703 3411 1774 hymnis
3457 1715 3645 1771 prose-

2088 1810 2349 1872 quuntur,
2371 1799 2584 1854 tandem
2600 1799 2664 1853 ad
2683 1799 2861 1853 locum
2884 1795 3279 1850 lucidissimum
3301 1793 3641 1863 perveniunt.

410 1887 738 1966 ’ἀπ⁵.ἀρχῆς
777 1894 972 1950 δίκαιοι
1028 1897 1430 1965 πολιτεύονται,
1481 1899 1580 1969 οὐχ
1619 1899 1708 1952 ὑπ’
1745 1898 1983 1970 ἀνάγκης

2089 1893 2146 1948 In
2176 1909 2286 1964 quo
2305 1893 2437 1964 justi
2465 1892 2532 1946 ab
2563 1891 2718 1945 initio
2747 1896 3160 1952 conversantur,
3185 1901 3291 1941 non
3322 1884 3646 1940 necessitate

427 1985 818 2056 κρατούμενοι,
883 1989 1018 2043 ἀλλά
1091 1991 1191 2061 τῆς
1259 1989 1369 2044 τῶν
1426 1990 1714 2061 ὁρωμένων
1768 1989 1986 2058 ἀγαθῶν

427 2074 554 2146 θέας
597 2075 708 2148 (47)
760 2079 846 2132 ἀεὶ
877 2079 1274 2148 ἀπολαύοντες,
1323 2082 1414 2134 καὶ
1457 2083 1522 2152 τῇ
1573 2080 1681 2134 τῶν
1731 2081 1986 2135 ἑκάστοτε

429 2166 628 2221 καινῶν
671 2170 970 2242 προσδοκίᾳ
1025 2170 1137 2242 (48)
1188 2171 1464 2243 ἡδόμενοι,
1514 2172 1741 2226 κάκεῖνα
1784 2171 1986 2226 τούτων

429 2254 622 2325 βελτίω
653 2257 966 2328 ἡγούμενοι.
986 2255 1080 2323 Οἷς
1105 2261 1135 2312 ό
1164 2261 1324 2324 τόπος
1343 2261 1402 2314 οὐ
1427 2260 1814 2334 καματηφόρος
1844 2261 1987 2329 γίνε-

424 2364 538 2400 ται·
585 2348 646 2401 οὐ
680 2349 927 2413 καύσων,
959 2351 1019 2403 οὐ
1067 2351 1264 2423 κρύος,
1315 2352 1376 2406 οὐ
1421 2352 1663 2424 τρίϐολος
1707 2353 1766 2405 ἐν
1801 2351 1982 2423 αὐτῷ,

422 2432 539 2486 ἀλλ’
577 2434 611 2505 ἡ
645 2434 752 2488 τῶν
787 2429 1048 2510 πατέρων
1072 2437 1295 2493 δικαίων
1330 2457 1390 2493 τε
1427 2439 1676 2511 ὁρωμένη
1710 2441 1820 2512 (49)
1865 2440 1984 2510 ὄψις

425 2524 653 2578 πάντοτε
696 2527 872 2598 μειδιᾷ
893 2569 908 2594 ,
969 2529 1342 2599 ἀναμενόντων
1385 2528 1482 2601 τὴν
1538 2530 1674 2601 μετὰ
1717 2529 1872 2584 τοῦτο
1925 2531 1986 2584 τὸ

423 2615 620 2686 χωρίον
642 2616 953 2672 ἀνάπαυσιν
977 2619 1070 2672 καὶ
1097 2619 1317 2673 αίωνίαν
1343 2619 1636 2673 ἀναϐίωσιν
1668 2621 1725 2674 ἐν
1747 2620 1978 2692 οὐρανῷ.

423 2705 611 2777 Τούτῳ
632 2707 689 2763 δὲ
712 2707 882 2779 ὄνομα
906 2709 1271 2781 κικλήσκομεν
1296 2711 1529 2764 κόλπον
1555 2709 1820 2778 Ἀϐραάμ.
1842 2711 1904 2763 Οἱ
1925 2710 1982 2764 δὲ

421 2797 596 2851 ἄδικοι
621 2799 700 2862 είς
723 2799 984 2872 ἀριστερά
1009 2801 1255 2855 ἕλκονται
1285 2801 1390 2856 ὐπὸ
1413 2801 1658 2871 ἀγγέλων
1686 2801 1980 2869 κολαστῶν,

417 2888 600 2959 οὐκέτι
633 2889 894 2954 ἑκουσίως
947 2891 1330 2963 πορευόμενοι,
1381 2892 1517 2946 ἀλλά
1569 2891 1708 2963 μετά
1743 2891 1860 2962 βίας
1907 2892 1983 2958 ὡς

419 2974 629 3048 δέσμιοι
660 2977 936 3050 ἑλκόμενοι
955 2996 969 3010 ·
999 2976 1080 3044 οἷς
1101 2981 1151 3034 οί
1182 2981 1483 3051 ἐφεστῶτες
1511 2981 1728 3052 ἄγγελοι
1752 2982 1983 3054 διαπέμ-

418 3083 609 3156 πονται
639 3070 982 3156 ὀνειδίζοντες
1005 3071 1136 3144 (50),
1166 3073 1260 3128 καὶ
1290 3072 1504 3146 φοϐερῷ
1527 3075 1733 3145 ὄμματι
1757 3076 1983 3130 ἐπαπει-

419 3155 798 3226 λοῦντες,⁷είς
841 3161 912 3215 τὰ
960 3162 1244 3235 κατώτερα
1285 3157 1582 3227 ὠθοῦντες·
1635 3162 1730 3228 οὓς
1779 3164 1982 3236 ἀγομέ-

2086 1983 2282 2048 coacti,
2331 1982 2422 2037 sed
2475 1979 2928 2050 contemplatione
2976 1977 3244 2032 bonorum
3293 1991 3414 2046 quae
3463 1974 3648 2029 vident

2086 2090 2300 2145 semper
2333 2073 2606 2140 fruuntur,
2630 2082 2684 2128 et
2710 2085 2974 2127 novorum
3005 2070 3223 2125 cuilibet
3251 2069 3642 2124 destinatorum

2086 2182 2183 2238 spe
2212 2176 2266 2223 et
2294 2166 2693 2236 exspectatione
2708 2174 3039 2231 recreantur,
3057 2163 3148 2218 illa
3166 2163 3336 2216 multo
3355 2161 3574 2216 meliora
3591 2166 3646 2214 et

2085 2261 2296 2332 potiora
2323 2259 2680 2330 praesentibus
2708 2257 2847 2328 apud
2880 2273 2938 2312 se
2961 2265 3294 2326 reputantes.
3324 2252 3531 2319 Quibus
3558 2251 3642 2305 lo—

2084 2369 2182 2409 cus
2216 2353 2302 2408 ille
2333 2353 2516 2408 nullos
2541 2352 2755 2407 labores
2781 2360 2836 2405 et
2873 2349 3151 2405 molestias
3193 2347 3353 2417 parit.
3398 2344 3517 2398 Non
3566 2344 3642 2398 ibi

2085 2446 2265 2509 ardor,
2301 2460 2409 2499 non
2443 2443 2634 2515 frigus,
2665 2458 2773 2496 non
2805 2442 3036 2497 tribulus
3066 2481 3082 2507 ,
3113 2440 3204 2495 sed
3236 2447 3448 2508 patrum
3469 2437 3644 2505 justo-

2085 2537 2529 2607 rumquevultus
2569 2533 2832 2598 subridet,
2867 2530 3294 2602 exspectantium
3342 2537 3464 2598 post
3511 2526 3642 2580 illud

2084 2625 2477 2694 receptaculum
2500 2665 2513 2689 ,
2544 2623 2778 2693 quietem
2821 2630 2876 2676 et
2915 2630 3168 2676 aeternam
3199 2621 3362 2672 vitam
3396 2617 3447 2670 in
3481 2617 3638 2672 cado.

2083 2714 2288 2770 Locum
2329 2730 2458 2770 vero
2500 2715 2660 2770 istum
2694 2729 2956 2768 vocamus
3002 2712 3174 2765 sinum
3201 2709 3509 2762 Abra/zami.
3554 2706 3642 2762 ln-

2078 2808 2211 2878 justi
2243 2821 2370 2862 vero
2411 2806 2478 2862 ad
2509 2806 2783 2861 sinistram
2815 2804 3104 2859 trahuntur
3143 2803 3210 2857 ab
3242 2800 3444 2870 angelis
3475 2808 3644 2855 torto-

2081 2896 2255 2963 ribus,
2285 2911 2393 2950 non
2422 2905 2613 2964 sponte
2650 2893 2978 2960 incedentes,
3007 2892 3099 2948 scd
3126 2893 3177 2946 vi
3213 2899 3270 2945 et
3301 2889 3555 2944 violentia
3586 2898 3645 2943 ut

2080 2983 2248 3041 vincti
2281 2985 2598 3055 rapiuntur;
2629 3000 2766 3055 quos
2796 2984 2970 3054 angeli
3002 2984 3269 3038 instantes
3292 2989 3344 3036 et
3389 2988 3642 3051 urgentes

2081 3074 2432 3140 comitantur,
2463 3073 2585 3129 illos
2618 3073 2870 3128 convitiis
2894 3075 3242 3136 lacessentes,
3272 3072 3442 3127 torvis
3469 3070 3643 3126 oculis

2081 3166 2396 3222 minitantes
2434 3174 2488 3221 et
2519 3166 2588 3220 ad
2632 3165 2889 3221 inferiora
2934 3164 3299 3221 detrudentes.
3344 3161 3434 3218 Sic
3479 3175 3642 3230 porro

419 3267 543 3316 νους
572 3252 694 3326 (51)
723 3254 968 3309 ἕλκουσιν
1009 3257 1059 3309 oi
1109 3231 1418 3326 ἐφεστῶτες
1461 3255 1569 3319 ἕως
1608 3255 1834 3327 πλησίον

2083 3257 2342 3314 deductas
2371 3259 2580 3314 animas
2607 3257 2864 3328 praesides
2903 3257 3077 3326 angeli
3110 3257 3328 3310 trahunt
3366 3268 3538 3323 usque
3573 3251 3643 3306 ad

397 3330 657 3415 ’γεέννηςο
683 3349 730 3400 οἱ
755 3347 934 3417 ἔγγιον
956 3347 1106 3413 ὄντες
1122 3347 1217 3403 τοῦ
1244 3349 1340 3419 μὲν
1363 3347 1606 3420 βρασμοῦ
1629 3347 1982 3414 ἀδιαλείπτως

359 3471 362 3474 ~
417 3436 904 3510 ὑπακούουσι-(52)
931 3480 946 3505 ,
985 3442 1079 3494 καὶ
1125 3439 1218 3493 τοῦ
1266 3440 1364 3511 τῆς
1415 3439 1624 3512 θέρμης
1665 3439 1838 3510 ἀτμοῦ
1883 3440 1982 3493 οὐκ

415 3530 752 3602 ἀμοιροῦσιν.
771 3531 948 3603 Αὐτῆς
967 3532 1024 3586 δὲ
1045 3532 1141 3603 τῆς
1159 3531 1398 3602 ἐγγίονος
1419 3533 1614 3602 ὅψεως,
1632 3531 1729 3603 τὴν
1747 3531 1980 3604 φοϐερὰν

292 3659 305 3670 .
415 3623 511 3676 και
555 3607 995 3696 ὑπερϐαλλόντως
1045 3623 1170 3678 θέαν
1215 3625 1326 3696 (55)
1375 3623 1467 3677 τοῦ
1508 3624 1680 3695 πυρὸς
1723 3623 1978 3688 ὁοῶντες,

417 3710 874 3786 καταπεπήγασι,
923 3701 1339 3787 τῇ.προσδοκίᾳη
1362 3715 1462 3785 τῆς
1516 3714 1814 3786 μελλούσης
1863 3715 1980 3786 κρί-

419 3805 694 3875 σεως,ἧδη
717 3804 941 3875 δυνάμει
962 3805 1328 3876 κολαζόμενοι.
1361 3805 1519 3858 Ἀλλά
1540 3807 1635 3859 καὶ
1669 3799 1728 3859 οῦ
1759 3805 1848 3858 τὸν
1869 3805 1978 3876 (54)

416 3893 522 3946 τῶν
550 3896 799 3966 πατέρων
847 3898 1022 3968 χωρὸν
1053 3897 1302 3962 καὶτοὺς
1347 3896 1587 3961 δικαίους
1631 3897 1834 3970 ὁρῶσι,
1885 3898 1979 3952 καὶ

406 4088 416 4099 ’
488 4091 602 4231 (ἃ)
638 4089 1069 4171 Προσφξρίθῶσι.
1102 4091 1384 4157 Parallel.,
1410 4107 1611 4166 προκρ.

487 4161 580 4231 ,45
646 4161 740 4215 Ἐν
771 4179 850 4226 τῳ
877 4161 1010 4230 ᾅδῃ.
1038 4161 1201 4231 ᾍδης
1245 4177 1310 4215 ex
1337 4172 1575 4217 veterum

512 4161 602 4230 45)
646 4161 740 4215 Ἐν
771 4161 850 4226 τῷ
877 4161 1010 4230 ᾅδῃ.
1038 4161 1201 4232 ’ᾍδης
1245 4177 1310 4215 ex
1337 4161 1575 4217 veterum
1611 4171 1789 4217 mente
1818 4179 1979 4233 gene-

415 4223 530 4313 rare
555 4223 1284 4313 receptaculu_m"a.nii_narurn
1315 4242 1437 4313 post
1463 4233 1676 4285 illarum
1699 4223 1980 4313 {corpore

415 4301 743 4364 discessum,
777 4302 867 4355 ubi
899 4301 1056 4371 bonis
1085 4301 1221 4371 bene
1261 4302 1314 4354 in
1353 4303 1474 4371 loco
1519 4302 1782 4371 φωτεινῷ,
1821 4301 1979 4360 malis

417 4372 560 4426 male
614 4371 667 4442 in
729 4369 1106 4442 σκοτιωτέρῳζ
1151 4369 1280 4442 Vide
1335 4369 1624 4442 Colomesii
1691 4369 1980 4442 Κοιμήλια

415 4440 702 4511 titterar‘ia,
731 4456 850 4510 cap.
874 4442 964 4506 28,
990 4439 1050 4495 et
1075 4439 1354 4495 Svicerum
1385 4442 1437 4494 in
1475 4441 1677 4511 ᾍδης.
1710 4441 1848 4495 Hinc
1895 4453 1980 4498 est

415 4512 561 4580 quod
593 4510 773 4564 sinum
800 4511 1035 4580 Abrahae
1059 4520 1110 4565 et
1142 4511 1452 4578 paradisum
1485 4510 1705 4580 quidam
1737 4512 1971 4566 colloca-

415 4569 544 4661 r'unt
575 4581 635 4632 ἐν
671 4580 747 4651 τῷ
930 4569 1342 4650 Olympiodorus
1381 4582 1434 4634 in
1468 4569 1630 4649 caput
1669 4596 1730 4634 tu
1785 4580 1975 4636 Eccle-
2007 4569 2055 4628 ι)

415 4659 757 4705 suastaamasz.
783 4651 852 4704 6‘2
907 4670 920 4704 :
963 4651 1028 4704 Ἦ
1049 4652 1144 4705 μὲν
1178 4650 1385 4705 ἱστορία
1415 4651 1505 4703 τὸν
1529 4650 1853 4705 παράδεισον
1885 4653 1977 4705 ἐπὶ

415 4636 920 4722 εἰίεεῐαξηηέγθίῆε
963 4636 1028 4704 ἹῘ
1049 4636 1144 4722 μέν
1178 4650 1385 4722 ἱστορία
1415 4651 1505 4703 τὸν
1529 4636 1853 4722 παράδεισον
1885 4653 1977 4706 ἐπὶ

413 4721 519 4841 gi];
547 4717 684 4773 εἶναι
712 4717 972 4802 διδάσκει.
1012 4717 1166 4784 Τινὲς
1197 4720 1266 4790 δὲ’
1285 4717 1492 4792 ἔφησαν
1514 4717 1720 4788 ὅτιῘκαὶ
1748 4723 1775 4772 ὁ
1803 4723 1978 4793 παρά-

447 4806 589 4841 εισος
640 4793 697 4841 ἐν
741 4809 819 4841 τω
863 4791 962 4841 ᾶδη
1011 4790 1299 4841 τυγνάνει’
1345 4791 1552 4841 ἐτέοοιε
1601 4789 1657 4841 δὲ
1703 4789 1848 4841 ἔδοξε
1886 4793 1977 4841 τὸν

423 4789 589 4852 Βεισος
640 4793 697 4843 ἐν
741 4790 819 4862 τῷ
863 4791 965 4863 ᾄδῃ
1011 4790 1299 4872 τυγχάνεν
1345 4789 1552 4872 ἑτέροις
1601 4789 1657 4844 δὲ
1703 4789 1848 4857 ἔδοξε
1883 4789 1977 4845 τὸν

423 4859 738 4927 παράδεισον
781 4863 839 4914 ἐν
885 4863 1096 4927 οὐρανῳ
1144 4860 1300 4914 εἶναι.
1349 4863 1489 4927 Qum
1531 4870 1584 4914 et
1630 4861 1682 4914 in
1732 4861 1977 4916 oratione

414 4877 738 4932 παραοεισον
781 4877 839 4914 εν
885 4877 1096 4932 ουρανῳ
1144 4877 1300 4914 ειναι.
1349 4877 1489 4927 Qum
1531 4877 1584 4914 et
1630 4877 1682 4914 m
1732 4877 1978 4916 oratione

415 4929 696 4998 Dominica
731 4933 933 4998 precati
975 4931 1448 4992 suntMacedones
1487 4929 1805 4993 Christiani,
1841 4940 1978 4987 teste

415 4997 660 5070 Hqgonq
673 4997 984 5070 Brugh‘tono
1011 5019 1024 5054 :
1057 4999 1244 5070 Πατὴρ
1273 5001 1433 5070 ἡμῶν
1457 5001 1484 5052 ὁ
1516 5002 1572 5052 ὲν
1603 4999 1724 5070 ᾄδῃ.
1755 5000 1972 5056 ΡΑΒιιιο.

511 5057 600 5138 44)
632 5057 834 5137 ’ᾳκᾶί
866 5073 918 5122 οἱ
944 5070 1152 5124 ἄδικοι.
1190 5057 1470 5136 Ραιίὰίίείη
1495 5069 1568 5133 ὡς
1594 5057 1646 5122 ὀί
1671 5057 1886 5124 δίκαιοι.

414 5138 600 5264 eis?)
638 5138 999 5205 Διελθόντες.
1049 5158 1068 5191 ι
1095 5139 1460 5196 Transeuntes
1492 5159 1510 5192 ι
1556 5142 1732 5228 reddit
1785 5141 1976 5196 Fabri-

485 5278 598 5350 (46)
640 5276 1015 5350 Τεταγμένων
1053 5279 1338 5350 ἀγγέλων.
1385 5277 1694 5335 Constitutt.
1748 5280 1973 5349 apostol.

413 5345 639 5422 Iiblyiit
660 5345 827 5422 ,_cap.
854 5348 918 5422 41
947 5345 1292 5422 ε-Ἁγγέλους
1333 5350 1581 5422 εὐμενεῖς
1627 5345 1976 5422 παράστησον

413 5417 592 5488 αὐτῷ,
620 5417 718 5491 καὶ
750 5416 1051 5491 κατάταξον
1079 5416 1238 5491 αὐτὸν
1275 5422 1333 5473 ἐν
1383 5416 1481 5491 τῷγ
1508 5416 1836 5491 κόλπῳ’τῶν
1866 5416 1974 5474 πα·-

413 5487 685 5569 τριαρχῶν
702 5487 948 5569 ,καὶιτῶν
971 5489 1272 5569 ,προφητῶν
1298 5491 1391 5569 καὶ
1416 5487 1522 5542 τῶν
1543 5487 1850 5569 ἀποστόλων
1873 5491 1974 5569 καὶ

415 5558 635 5632 πάντων
660 5558 902 5632 τῶν-’ἀπ’
926 5558 1122 5632 αἰῶνός
1152 5558 1246 5612 ’σοι
1271 5560 1765 5632 εὐαρεστησάντων.
1807 5579 1826 5612 ‹
1857 5561 1974 5614 An--

415 5629 566 5702 gelos
588 5626 858 5702 ei‘egthibe
888 5628 1162 5702 placidos,
1208 5626 1442 5700 eumque
1486 5626 1686 5702 colloca
1739 5631 1795 5684 in
1847 5630 1968 5684 sinu

416 5697 1369 5779 patriarcharum,‘prophetarum,
1397 5699 1816 5779 apostolorum,
1849 5714 1971 5779 orn:

415 5767 676 5846 niumque
712 5767 803 5836 qui
827 5767 984 5848 tibia
1041 5767 1240 5823 Saeculo
1285 5767 1622 5836 placuerunt.
1659 5787 1678 5848 ρ
1719 5769 1852 5824 Vide
1897 5769 1972 5823 ibi

413 5836 764 5904 Coteierium,
787 5847 839 5893 et
869 5846 1185 5909 interpretes
1217 5840 1282 5895 ad
1309 5838 1467 5896 Lucae
1486 5855 1596 5908 xu,
1622 5839 1713 5911 ‘22,
1742 5856 1838 5897 nec
1861 5853 1972 5898 nou

2082 3350 2315 3406 conlinia
2347 3350 2623 3420 gehennae.
2666 3348 2731 3402 Et
2765 3349 2858 3418 qui
2889 3355 2996 3402 tam
3031 3362 3196 3417 prope
3225 3353 3372 3411 sunt,
3417 3343 3645 3398 audiunt

2080 3456 2293 3512 semper
2317 3436 2666 3511 agitationem
2692 3448 2745 3495 et
2767 3447 2979 3504 aestum,
3009 3450 3062 3491 et
3092 3452 3198 3490 non
3238 3444 3365 3490 sunt
3396 3441 3644 3504 expertes

2077 3535 2294 3602 vaporis
2318 3541 2373 3588 et
2396 3533 2560 3599 fumi,
2593 3532 2662 3586 ab
2691 3531 2801 3586 isto
2843 3531 3020 3584 calore
3062 3529 3334 3583 manantis
3375 3535 3428 3580 et
3456 3539 3645 3579 assur—

2079 3624 2274 3695 gentis.
2305 3622 2557 3677 Proxima
2592 3632 2771 3677 autem
2804 3621 2909 3676 ista
2945 3621 3173 3684 visione,
3202 3619 3442 3672 videntes
3487 3615 3646 3670 terri-

2077 3716 2186 3772 bile
2205 3727 2258 3771 et
2279 3716 2629 3771 immodicum
2660 3711 3029 3784 spectaculum
3058 3711 3216 3782 ignis,
3243 3711 3463 3764 horrent
3485 3705 3641 3776 quasi

2077 3809 2197 3878 gelu
2227 3807 2506 3864 constricti
2543 3815 2764 3877 propter
2801 3804 3259 3875 exspectationem
3292 3801 3462 3855 futuri
3498 3799 3645 3868 judi-

2077 3899 2170 3967 cii,
2196 3899 2355 3970 quasi
2381 3899 2541 3954 modo
2562 3899 2676 3969 jam
2707 3897 2972 3966 supplicio
2999 3893 3195 3949 aﬂ‘ecti.
3232 3891 3335 3947 Sed
3362 3901 3414 3946 et
3435 3891 3508 3945 ibi
3533 3903 3643 3944 non

2079 4094 2407 4157 Macarium,
2443 4095 2571 4164 περὶ
2620 4092 2800 4158 ἐξόδου
2845 4091 3022 4162 ψυχῆς
3059 4088 3283 4142 δικαίων
3331 4090 3422 4142 καὶ
3463 4090 3642 4161 ἀμαρ-

2075 4165 2280 4219 τωλῶν.
2311 4164 2528 4218 FABRIC.

2065 4257 2078 4268 κ
2169 4236 2258 4306 47)
2301 4234 2466 4298 Θέας.
2515 4231 2792 4296 Parallel.,
2827 4230 3075 4302 θεωρίας.

2145 4235 2261 4428 Ξ48)
2318 4303 2631 4356 Ἱςκάστοτε
2677 4299 2898 4354 καινῶν
2950 4317 3075 4366 προς

2079 4375 2142 4427 ἐκ
2183 4392 2334 4428 στοτε
2354 4372 2554 4427 καινῶν
2580 4371 2869 4428 ὁρωμένων
2896 4369 3075 4428 προσᾶ

2171 4297 2261 4376 48)
2318 4297 2631 4376 Ἱςκάσςοτε
2677 4299 2898 4376 καινῶν
2938 4297 3326 4376 προσδοκίᾳ..
3357 4298 3640 4365 ParaHel.,

2079 4367 2334 4428 ἑκάστοτε
2354 4372 2554 4427 καινῶν
2580 4371 2869 4442 ὁρωμένων
2896 4369 3208 4441 προσδοκίᾳ.
3243 4386 3259 4417 ι
3288 4367 3355 4442 Et
3375 4385 3640 4442 novorum

2078 4459 2200 4512 qua:
2227 4444 2552 4500 creberrime
2575 4440 3038 4512 contemplantur,
3067 4440 3468 4507 erspectatione
3496 4440 3642 4496 dele-

2078 4510 2258 4568 ctati.»
2289 4514 2411 4567 Mox
2445 4513 2596 4576 ibid.,
2628 4510 2890 4576 βελτίονα.

2153 4585 2265 4654 (49)
2303 4582 2578 4654 Πατέρων
2614 4577 2856 4654 δικαίων
2902 4595 2989 4654 τε-
3023 4582 3302 4647 ὁρωμένη.
3357 4577 3640 4646 Parallel.,

2081 4647 2332 4726 πατέρων
2365 4647 2884 4726 δ-ικαίων-ῥρωμένη.
2923 4667 2940 4700 ι
2964 4647 3242 4704 Justorum
3271 4658 3483 4718 patrum
3513 4667 3644 4705 con-

2078 4721 2262 4799 Spect'a
2288 4721 2737 4799 iaciesundique
2763 4721 2918 4774 ridet.
2950 4738 2969 4771 ι

2149 4794 2264 4867 (50)
2287 4787 2987 4867 Ἄγγελοι-ᾣιίπέμξοντᾳι
3005 4787 3650 4867 ὀνειδίζοντεςφτίτοίίη

2081 4859 2741 4935 Ἀγγελοιέπιγελῶντες
2797 4859 3192 4935 διαπέμπονται
3212 4899 3242 4935 ,_
3288 4863 3641 4935 ἐπονειδίζον-

2075 4930 2211 5000 τες.⁷
2242 4955 2260 4986 ι
2287 4933 2436 5000 Quos
2477 4930 2734 5001 praesides
2785 4931 2982 5001 angeli
3006 4930 3282 4985 irridendo
3325 4931 3638 5001 dimittunt,

2075 4998 2280 5076 eosque
2308 4998 2734 5076 exprobrantes,
2759 4998 2873 5055 etc.
2899 5021 2918 5052 ι
2967 4999 3090 5055 Mox
3122 5001 3310 5055 eadem
3341 4998 3638 5066 Parallela,

2077 5077 2158 5139 είς
2187 5071 2258 5130 τά
2289 5071 2572 5144 κατώτερα
2609 5071 2771 5144 μέρη.

2147 5136 2260 5215 (5|)
2305 5144 2421 5215 Οὓς
2450 5136 2806 5215 ἀγομένους.
2849 5140 2940 5215 Sic
2974 5139 3150 5215 codex
3196 5136 3548 5208 Rupei‘ucald.
3582 5138 3636 5192 in

2075 5208 2364 5269 Pa'ral'lelis
2391 5208 2641 5268 Damasc.
2673 5212 2837 5275 Editi,
2869 5211 2933 5274 ἀς
2961 5208 3252 5280 ἀγομένας.

2147 5287 2262 5354 (52)
2297 5287 2596 5354 Ἔπιον...
2630 5274 3027 5336 ὑπακούουσι.
3069 5274 3301 5343 Parall.,
3328 5274 3634 5344 ἐγγίονες...

2074 5356 2420 5410 ἐπακούουσι.

2146 5427 2262 5496 (55)
2304 5422 2814 5496 ξΥπερϐψόντοζς
2840 5419 3000 5496 θέαις.
3048 5415 3328 5496 Ροναίιεί..
3363 5417 3637 5496 ὑπερϐαλ-

2073 5486 2269 5560 λόντως
2302 5486 2498 5564 ξανθὴν
2534 5491 2680 5544 θέαν.
2721 5511 2740 5544 ι
2768 5486 3058 5544 immodice
3097 5490 3290 5540 ﬂavum
3333 5502 3426 5541 seu
3452 5486 3636 5543 rufum

2074 5566 2525 5706 Spfgiiuiain
2572 5627 3016 5706 ro'r._Parq_lle!.,
3066 5622 3336 5706 manducet
3391 5627 3482 5682 τὸν
3524 5627 3635 5682 τῶν

2071 5699 2293 5760 δικαίων
2321 5703 2520 5774 χῶρον.
2555 5719 2613 5774 κ.
2637 5719 2686 5755 τ.
2712 5701 2765 5754 λ.
2814 5720 2832 5752 ι
2861 5700 2964 5774 Sed
2993 5715 3090 5756 nec
3124 5699 3196 5754 illi
3239 5699 3509 5770 justorutn
3546 5715 3634 5752 re-

2074 5769 2364 5846 gionem")
2409 5769 2550 5838 Mox,
2587 5773 2661 5837 ὡς
2701 5774 2834 5844 μήτε
2867 5769 2972 5824 δικ.
