4134 6408
538 376 643 447 ’ζον

1200 381 1258 437 S.
1299 382 1662 437 lllPPOLYTl
1700 383 1850 438 OPP.
1890 385 2070 441 PARS
2110 384 2174 441 ll.
2210 418 2278 427 -—
2309 385 2610 443 DOGMAT.
2653 388 2740 443 ΕΤ
2778 385 3116 445 HISTORIC.

3669 393 3788 447 800

538 478 723 547 vident
761 504 970 565 patrum
998 497 1222 554 chorum
1257 497 1391 569 (54⁸)
1428 514 1527 556 nec
1550 501 1749 572 iustos,
1778 509 1834 556 et
1864 502 1966 556 hoc
1990 501 2090 571 ipsr

2209 502 2295 554 ἐπ’
2342 502 2492 574 αὐτῷ
2532 505 2705 576 τούτῳ
2754 507 3123 579 κολαζόμενοι,
3168 506 3312 569 Χάος
3341 505 3450 578 γὰρ
3495 505 3629 578 βαθὺ
3680 507 3786 561 καὶ

536 591 878 653 torquentur.
897 587 1032 641 Nam
1066 588 1119 641 in
1150 589 1329 643 medio
1358 590 1525 648 chaos
1542 604 1794 663 magnum
1811 599 1865 646 et
1879 590 2105 661 profun-

536 673 668 728 dum
700 678 1012 733 extenditur
1055 691 1109 735 et
1137 680 1471 749 ﬁrmatur“,
1517 685 1654 740 adeo
1695 693 1755 739 ut
1808 684 1991 739 nullus
2032 684 2105 739 sit

533 781 601 820 ex
619 766 785 836 justis
815 769 1188 827 misericordia
1203 773 1399 829 ductus
1415 775 1507 845 qui
1541 776 1669 832 illuc
1684 776 1916 831 transire
1927 783 1981 829 et
2007 790 2103 831 ex-

535 860 644 928 cipi
666 862 873 930 possit;
900 878 998 918 nec
1036 864 1179 920 ullus
1197 865 1436 936 injustus
1451 866 1546 937 qui
1580 868 1781 923 audeat
1804 865 2098 938 praeterire.

603 949 665 1006 ll.
706 950 771 1006 Et
804 954 920 1010 haec
960 955 1027 1011 de
1054 955 1191 1011 hade
1222 956 1451 1013 dicenda
1490 967 1666 1025 erant,
1705 959 1758 1011 in
1790 972 1900 1028 quo
1928 957 2103 1011 conti-

534 1051 734 1097 nentur
758 1046 1002 1101 omnium
1031 1048 1248 1115 animae,
1268 1064 1443 1119 usque
1464 1050 1531 1105 ad
1558 1059 1772 1120 tempus
1789 1048 1936 1119 quod
1959 1047 2101 1103 Deus

530 1131 947 1203 determinavit,
981 1145 1110 1193 tunc
1152 1138 1397 1193 omnium
1436 1140 1885 1196 resurrectionem
1922 1138 2099 1194 factu-

530 1238 647 1292 rus,
672 1242 782 1281 non
816 1229 1030 1284 animas
1051 1246 1118 1285 ex
1147 1245 1376 1301 corpore
1403 1232 1461 1287 in
1501 1247 1702 1303 corpus
1736 1231 1883 1287 aliud
1915 1230 2101 1287 detru-

528 1318 728 1383 dendo,
767 1320 863 1374 sed
906 1320 1096 1375 eadem
1132 1321 1249 1391 ipsa
1286 1337 1514 1394 corpora
1563 1324 1759 1378 iterum
1787 1322 2095 1379 excitando.

529 1410 661 1476 Quae
681 1410 947 1466 dissoluta
968 1413 1233 1480 videntes,
1263 1415 1307 1469 si
1334 1414 1491 1469 [idem
1519 1415 1882 1485 denegatis,'o
1902 1413 2096 1480 Graaci,

527 1502 720 1556 discite
752 1517 859 1557 non
890 1517 1014 1559 esse
1037 1504 1322 1561 increduli.
1348 1506 1601 1561 Animam
1628 1507 1774 1560 enim
1815 1506 2098 1562 credentes

527 1591 749 1660 factam,
782 1601 836 1648 et
869 1594 1228 1652 immortalem
1260 1613 1292 1652 a
1319 1596 1430 1652 Deo
1461 1597 1760 1662 conditam,
1796 1595 2097 1652 secundum

526 1683 849 1739 sententiam
876 1683 1139 1752 Platonis,
1175 1688 1229 1742 in
1269 1698 1546 1759 tempore;
1594 1704 1703 1743 non
1739 1689 1947 1744 debetis
1986 1703 2097 1744 non

524 1772 769 1839 credere,
811 1775 957 1845 quod
1000 1775 1142 1832 Deus
1184 1788 1377 1847 potens
1416 1786 1502 1833 est
1543 1794 1743 1848 corpus
1787 1794 1854 1835 ex
1902 1779 2095 1834 iisdem

2208 594 2351 664 μέγα
2376 594 2478 650 ἀνὰ
2512 595 2676 668 μέσον
2709 600 3047 670 ἐστήρικται,
3081 597 3220 653 ὥστε
3264 597 3340 668 μὴ
3384 596 3589 652 δίκαιον
3635 614 3782 670 συμ-

2203 686 2524 758 παθήσαντα
2557 691 2984 762 προσδέξασθαι,
3024 692 3160 763 μήτε
3202 690 3384 747 ἄδικον
3429 690 3780 763 τολμήσαντα

2201 778 2442 834 διελθεῖν.

2272 945 2441 1017 Οὗτος
2478 955 2508 1006 ὁ
2540 956 2665 1025 περὶ
2698 955 2826 1027 ᾅδου
2868 956 3053 1025 λόγος,
3087 957 3145 1009 ἐν
3185 948 3230 1023 ᾧ
3258 955 3315 1007 αἱ
3346 954 3515 1026 ψυχαὶ
3552 956 3775 1011 πάντων

2200 1044 2550 1115 κατέχονται,
2584 1046 2710 1119 ἄχρι
2760 1045 2952 1117 καιροῦ
3005 1044 3065 1101 ὃν
3115 1048 3144 1101 ό
3185 1044 3317 1109 Θεὸς
3371 1045 3589 1118 ὥρισεν,
3638 1047 3776 1101 ἀνά-

2203 1152 2391 1190 στασιν
2429 1137 2551 1190 τότε
2592 1138 2806 1192 πάντων
2850 1138 3237 1209 ποιησόμενος,
3270 1139 3330 1192 ού
3374 1137 3552 1208 ψυχὰς
3584 1155 3774 1210 μετεν-

2199 1228 2469 1299 σωματῶν
2515 1229 2681 1301 (55),“
2709 1229 2823 1284 ἀλλ’
2854 1228 2992 1288 αὐτὰ
3038 1229 3109 1283 τὰ
3142 1228 3367 1301 σώματα
3410 1229 3662 1284 άνιστῶν.
3701 1232 3772 1283 Ἃ

2194 1319 2464 1391 ,λελυμένα
2513 1320 2745 1393 ὁρῶντες
2804 1323 2854 1374 ει
2900 1323 3176 1376 ἀπιστεῖτε
3221 1321 3376 1393 (56),
3438 1320 3640 1392 μάθετε
3692 1321 3768 1393 μὴ

2198 1413 2467 1466 άπιστεῖν.
2503 1412 2613 1484 Τὴν
2643 1412 2752 1485 γὰρ
2776 1412 2951 1484 ψυχὴν
2981 1412 3219 1485 γενητὴν
3245 1414 3340 1469 καὶ
3368 1412 3635 1469 ἀθάνατον
3663 1413 3767 1467 ὑπὸ

2198 1501 2335 1557 Θεοῦ
2368 1503 2648 1572 γεγονέναι
2683 1503 3071 1567 πιστεύσαντες
3093 1543 3106 1570 ,
3158 1502 3299 1558 κατὰ
3345 1502 3437 1558 τὸν
3483 1504 3766 1568 Πλάτωνος

2197 1596 2353 1665 λόγον
2378 1594 2513 1666 (57),
2546 1595 2751 1670 χρόνῳο
2792 1594 2866 1668 μὴ
2890 1596 3248 1667 ἀπιστήσητε,
3278 1594 3355 1660 ὼς
3385 1596 3482 1649 καὶ
3510 1596 3572 1650 τὸ
3607 1596 3764 1667 σῶμα

2197 1686 2263 1740 ἐκ
2292 1685 2401 1739 τῶν
2430 1686 2609 1740 αὐτῶν
2640 1686 2918 1756 στοιχείων
2947 1685 3198 1740 σύνθετον
3222 1686 3513 1757 γενόμενον
3542 1686 3761 1751 δυνατὸς

2197 1779 2225 1830 ὁ
2254 1777 2385 1841 Θεὸς
2415 1776 2724 1842 άναδιώσας
2763 1776 3028 1832 ἀθάνατον
3072 1780 3252 1833 ποιεῖν
3294 1777 3427 1849 (58).
3459 1772 3534 1831 OB
3565 1778 3626 1831 τὸ
3660 1778 3761 1847 μὲν

522 1863 807 1919 elementis
838 1869 1200 1936 compositum
1228 1877 1281 1923 et
1305 1866 1530 1934 factum,
1568 1870 1636 1924 ad
1664 1870 1829 1925 vitam
1855 1870 1988 1925 illud
2010 1885 2090 1925 re-

2197 1869 2437 1933 δυνατὺς,
2463 1868 2525 1923 τὸ
2543 1869 2599 1923 δὲ
2622 1869 2900 1937 ᾁδύνατος,
2928 1868 3221 1942 ῥηθήσεται
3248 1870 3377 1941 περὶ
3392 1868 3550 1957 Θεοῦ.
3567 1869 3760 1957 Ἡμεῖς

522 1969 749 2023 vocans,
794 1957 1101 2015 immortale
1150 1960 1396 2017 reddere.
1450 1960 1582 2017 Illud
1628 1963 1773 2017 enim
1812 1963 2092 2033 possibile,

523 2045 628 2101 hoc
650 2062 778 2102 vero
808 2048 1161 2119 impossibile,
1196 2066 1303 2105 non
1330 2051 1542 2108 dicetur
1569 2054 1638 2110 de
1669 2053 1799 2109 Deo.
1831 2053 1944 2111 Nos
1964 2070 2093 2125 ergo

522 2137 796 2193 credimus
839 2149 894 2194 et
933 2155 1130 2212 corpus
1171 2154 1627 2199 resurrecturum.
1688 2143 1747 2200 Si
1786 2146 1931 2201 enim
1970 2160 2096 2201 cor-

452 2248 465 2261 κ
520 2230 812 2298 rumpitur,
856 2247 963 2286 non
1000 2234 1224 2290 omnino
1272 2237 1543 2306 perditur;
1585 2245 1730 2292 terra
1769 2237 1915 2293 enim
1953 2237 2093 2293 reci-

520 2321 676 2390 piens
723 2323 871 2380 illius
905 2325 1184 2396 reliquias,
1231 2328 1353 2385 illas
1394 2338 1605 2399 servat;
1645 2338 1701 2385 et
1747 2330 2092 2386 eﬂlorescuut

520 2411 677 2469 factae
698 2416 872 2471 instar
906 2420 1133 2474 seminis
1161 2429 1216 2475 et
1248 2430 1404 2478 terrae
1445 2422 1760 2494 pinguedini
1801 2422 2090 2493 implicatae

516 2518 571 2560 et
600 2508 888 2566 immersae.
919 2510 984 2567 Et
1011 2514 1334 2569 seminatum
1361 2516 1579 2585 quidem
1603 2521 1851 2587 granum,
1876 2516 2086 2570 nudum

517 2599 855 2669 seminatur;
884 2603 951 2657 ad
982 2604 1268 2675 imperium
1300 2623 1430 2662 vero
1454 2607 1549 2663 Dei
1573 2609 1838 2665 creatoris
1859 2608 2102 2673 ﬂorens...

518 2690 767 2758 indutum
796 2701 850 2748 et
878 2695 1174 2765 gloriosum
1199 2699 1461 2769 exsurgit,
1492 2714 1600 2754 non
1643 2710 1931 2770 antequam
1966 2712 2086 2754 rno-

515 2782 663 2838 riens
699 2784 1027 2841 dissolvatur
1061 2798 1117 2843 et
1161 2797 1316 2845 terra:
1351 2791 1791 2847 commisceatur.
1836 2791 1986 2847 Adeo
2026 2800 2085 2847 ut

504 2866 626 2928 non
648 2890 786 2930 vane
813 2878 1099 2934 credamus
1130 2881 1578 2937 resurrectionem
1608 2897 1919 2953 corporum.
1945 2881 2081 2937 Nam

514 2965 732 3020 etiamsi
761 2966 829 3021 ad
860 2975 1074 3038 tempus
1101 2972 1348 3026 solvatur
1368 2986 1585 3043 corpus,
1608 2981 1828 3042 propter
1848 2973 2079 3043 primam

515 3057 585 3111 ab
612 3056 765 3113 initio
795 3062 1283 3130 transgressionem
1316 3073 1710 3135 perpetratam;
1738 3073 1994 3135 tanquam
2023 3065 2079 3118 in

512 3149 830 3207 conﬂatorio
866 3162 1023 3209 terrae
1058 3155 1362 3222 mandatur,
1405 3171 1623 3211 rursum
1664 3154 1954 3225 aliquando
1994 3171 2082 3211 re-
2105 3160 2171 3257 ε’

509 3241 857 3311 formandum
883 3265 897 3301 :
924 3262 1033 3302 non
1064 3249 1172 3304 tale
1203 3249 1366 3320 quale
1404 3264 1569 3313 nunc,
1615 3255 2074 3313 resurrecturum,

509 3336 603 3389 sed
629 3352 827 3405 purum
866 3345 921 3391 et
962 3353 1070 3393 non
1114 3339 1347 3410 amplius
1374 3338 1709 3409 corruptioni
1753 3337 2072 3393 obnoxium.

506 3422 575 3481 Et
596 3428 816 3483 cuilibet
856 3431 1071 3500 corpori
1107 3445 1206 3485 sua
1235 3431 1451 3502 propria
1490 3432 1669 3485 anima
1699 3429 1988 3497 reddetur;
2023 3437 2078 3484 et

502 3512 602 3567 illo
640 3517 850 3586 induta,
898 3535 1007 3573 non
1060 3536 1291 3575 maerore
1327 3527 1644 3585 marcescet,
1677 3519 1769 3574 sed
1813 3534 1937 3575 cum
1984 3517 2078 3572 illo

506 3606 791 3674 gaudebit,
847 3625 983 3677 pura
1032 3626 1227 3681 purum
1276 3612 1609 3667 inhabitans.
1662 3609 1765 3666 Cui
1822 3625 1968 3665 nunc
2016 3609 2075 3663 in

504 3695 710 3750 mundo
733 3696 879 3766 juste
908 3713 1093 3754 comes
1123 3697 1287 3768 facta,
1318 3709 1373 3756 et
1396 3716 1507 3755 non
1544 3701 1750 3756 habens
1783 3700 1837 3754 in
1867 3699 1975 3754 ulla
2012 3713 2073 3754 re

504 3785 656 3842 illum
694 3788 1094 3856 insidiatorem,
1127 3790 1234 3847 hoc
1255 3809 1447 3849 rursus
1480 3794 1712 3865 accipiet
1751 3808 1878 3850 cum
1920 3792 2070 3847 omni

501 3877 721 3947 gaudio.
736 3879 932 3951 Injusti
949 3897 1076 3937 vero
1091 3889 1197 3939 non
1216 3884 1497 3941 immutata
1516 3894 1797 3943 assument
1816 3898 2067 3955 corpora,

499 3985 601 4024 nec
634 3970 859 4028 liberata
887 3974 1171 4032 aﬂ‘ectibUs
1206 3986 1262 4034 et
1302 3979 1529 4043 morbis,
1558 3994 1735 4048 neque
1773 3979 1865 4033 illa
1905 3975 2069 4049 glori-

2193 1957 2286 2014 οὖν
2332 1963 2423 2015 καὶ
2467 1961 2627 2032 σῶμα
2671 1940 2992 2017 ἀνίστασθαι
3035 1940 3496 2033 πεπιστεύκαμεν.
3537 1962 3602 2015 Et
3644 1940 3775 2033 ira;

2195 2052 2511 2124 φθείρεται,
2561 2053 2674 2107 ἀλλ’
2742 2054 2843 2107 οὐκ
2900 2053 3229 2107 άπόλλυταιυ
3293 2054 3483 2109 τούτου
3533 2054 3640 2127 γὰρ
3691 2055 3763 2125 τᾷ

2191 2140 2417 2212 λείψανα
2454 2141 2822 2213 ὑποδεχομένη
2853 2143 2886 2213 ή
2920 2143 3014 2214 γῆ,
3037 2147 3221 2214 τηρεῖ·
3258 2144 3351 2197 κα).
3374 2143 3529 2213 δίκην
3562 2144 3762 2217 σπόρου
3826 2142 3831 2146 ’

2189 2233 2454 2304 γενόμενα
2476 2273 2491 2296 ,
2534 2233 2627 2287 καὶ
2664 2232 2743 2303 τῷ
2782 2233 2887 2304 γῆς
2918 2233 3275 2307 λιπαρωτέρῳ
3319 2225 3793 2310 συμπλεκόμενα,⁸
3818 2254 3833 2261 ‘

2189 2322 2360 2377 άνθεῖ.
2386 2325 2496 2377 Καὶ
2531 2323 2592 2377 τὸ
2625 2325 2722 2395 μὲν
2743 2326 2949 2398 σπαρὲν
2980 2326 3178 2390 κόκκος
3219 2326 3424 2398 γυμνὸς
3456 2328 3753 2398 σπείρεται,

2189 2415 2516 2487 κελεύσματι
2540 2416 2649 2488 (59)
2674 2416 2730 2469 δὲ
2748 2417 2842 2471 τοῦ
2869 2417 2932 2489 δη
2941 2398 3368 2490 μιουρξήσαντος
3395 2419 3531 2473 Θεοῦ
3554 2420 3756 2473 θάλλων

2187 2507 2554 2577 ἠμφιεσμένος
2585 2508 2679 2562 καὶ
2726 2507 2932 2573 ἔνδοξος
2963 2509 3266 2581 ἐγείρεται,
3304 2510 3366 2563 ού
3395 2512 3680 2583 πρότερον,
3713 2513 3760 2563 εἰ

2190 2603 2265 2676 μὴ
2318 2603 2602 2659 ἀποθανὼν
2644 2603 2778 2676 λυθῇ
2830 2605 2922 2659 καὶ
2963 2607 3231 2677 συμμιγῇ.
3258 2605 3457 2679 ’Ὥστεὶ
3484 2604 3583 2679 τὴν
3630 2590 3759 2659 dvi-

2188 2711 2376 2748 στασιν
2398 2694 2493 2748 τοῦ
2525 2693 2774 2765 σώματος
2802 2696 2863 2749 οὺ
2899 2695 3074 2766 μάτην
3104 2664 3569 2767 πεπιστεύκαμεν.
3618 2694 3758 2748 Ἀλλ’

2185 2790 2233 2842 εἰ
2265 2788 2359 2842 κα).
2389 2786 2570 2841 λύεται
2602 2787 2738 2859 πρὸς
2767 2787 2977 2858 καιρὸν,
3006 2787 3095 2840 διὰ
3119 2787 3219 2858 τὴν
3256 2788 3352 2842 ἀπ’
3382 2787 3581 2863 άρχὴςξ
3599 2803 3755 2856 γενο-

2188 2879 2356 2951 μένην
2383 2879 2685 2951 παρακοὴν,
2712 2878 2787 2942 ὡς
2814 2879 2894 2941 εἰς
2923 2878 3306 2951 χωνευτήριον,
3346 2879 3429 2942 εἰς
3458 2872 3757 2981 γῆνθιαθί-

2164 2978 2396 3035 σταται,
2431 2971 2592 3024 πάλιν
2616 2964 3214 3043 ’ἀναπλασθησόμενοψ
3257 2971 3319 3023 οὐ
3359 2964 3597 3023 τοιοῦτον
3639 2971 3759 3024 άνι-
3848 3009 3857 3021 .

2162 3061 2482 3132 στάμενον,
2527 3061 2663 3116 ἀλλὰ
2701 3061 2939 3134 καθαρὸν
2983 3063 3077 3116 καὶ
3137 3062 3331 3133 μηκέτι
3373 3060 3749 3133 φθειρόμενον-
3862 3118 3871 3123 _

2182 3151 2293 3206 Καὶ
2335 3152 2550 3222 ἑκάστῳ
2578 3149 2787 3224 σώματι
2821 3150 2996 3222 ηἰδία
3019 3149 3164 3222 ψυχὴ
3193 3138 3614 3222 ἁποδοθήσεταύ,
3657 3151 3753 3203 κα)⁵

2181 3243 2339 3300 τοῦτο
2379 3243 2784 3317 ὲπενδυσαμένη
2815 3244 2915 3297 οὐκ
2957 3243 3349 3315 άνιαθήσεται,
3376 3242 3511 3319 ἀλλὰ
3541 3253 3752 3319 ’συγχα-

2185 3337 2410 3411 ρήσεται
2466 3335 2682 3408 καθαρά
2736 3314 2962 3407 καθαρῷ
3010 3314 3512 3407 παραμείνασα·ίῷ
3560 3314 3624 3388 ’ἐν
3673 3333 3752 3405 τῷ

2181 3428 2371 3500 κόσμῳ
2397 3426 2492 3482 νῦν
2518 3427 2739 3491 δικαίως
2786 3426 3173 3494 συνοδεύσασα,
3216 3427 3310 3482 καὶ
3345 3427 3419 3500 μὴ
3469 3426 3749 3480 ἐπίϐουλον

2182 3519 2241 3573 ἐν
2267 3519 2431 3571 πᾶσιν
2459 3517 2685 3589 ἔχουσα,
2732 3516 2869 3589 μετὰ
2911 3518 3090 3588 πάσης
3136 3512 3507 3587 ἀγαλλιάσεως
3547 3518 3751 3590 ἀπολήν-

2179 3608 2361 3679 ψεται.
2406 3610 2469 3663 Oi
2521 3609 2579 3663 δὲ
2625 3609 2797 3664 ἄδικοι
2850 3610 2950 3662 οὐκ
2994 3609 3350 3664 άλλοιωθέντα
3400 3610 3468 3664 τὰ
3498 3596 3746 3681 σώματα,

2178 3688 2299 3752 οῦδὲ
2331 3698 2535 3762 πάθους
2564 3698 2598 3771 ἢ
2641 3698 2797 3752 νόσου
2833 3698 3191 3769 μεταστάντα,
3217 3700 3338 3753 οὐδὲ
3367 3699 3748 3764 ἐνδοξασθέντα

2177 3790 2562 3861 ἀπολήψονται,
2596 3789 2709 3855 ἀλλ’
2749 3790 2808 3845 ἐν
2836 3784 2919 3853 οἷς
2957 3780 3258 3862 νοσήμασιν
3289 3791 3609 3845 ἐτελεύτων*
3650 3793 3747 3846 καὶ

2174 3870 2353 3936 όποῖοῖ
2380 3884 2440 3935 ἐν
2484 3882 2712 3955 ἀπιστίᾳ
2736 3881 3054 3953 γεγένηνται
3074 3881 3350 3948 ,⁸τοιοῦτοι
3392 3883 3597 3948 πιστῶς
3626 3883 3746 3956 κρι-

2176 3974 2451 4046 θήσονται.

498 4061 656 4117 licata
688 4066 985 4135 accipient;
1030 4068 1123 4124 sed
1153 4069 1209 4124 in
1242 4069 1310 4126 iis
1358 4071 1557 4141 quibus
1611 4070 1871 4126 ﬁnierunt
1902 4071 2067 4125 vitam
2122 4065 2447 4121 morbiszct
2475 4066 2664 4138 quales
2708 4066 2780 4137 lin
2833 4065 3210 4122 incredulitate
3275 4067 3560 4134 vixerunt,
3609 4070 3745 4126 tales

495 4163 642 4209 certe
665 4155 1076 4224 judicabuntur.
3294 4212 3299 4215 λ

566 4245 653 4300 Ill.
688 4248 892 4305 Omnes
932 4252 1100 4318 enim,
1143 4252 1257 4309 sive
1278 4252 1436 4323 justi,
1472 4253 1584 4308 sive
1610 4252 1823 4322 injusti,
1853 4253 2061 4308 ducen»

2241 4245 2449 4310 Πάντες
2490 4246 2621 4318 γὰρ,
2662 4247 2863 4301 δίκαιοί
2904 4265 2963 4301 τε
3008 4248 3102 4302 καὶ
3138 4248 3331 4313 ἄδικοι,
3378 4247 3607 4302 ἐνώπιον
3646 4244 3741 4301 τοῦ

497 4344 585 4390 tur
610 4352 793 4416 coram
838 4339 950 4395 Deo
981 4340 1182 4401 Verbo.
1223 4342 1304 4398 llli
1347 4345 1493 4399 enim
1537 4342 1697 4399 Pater
1725 4360 1887 4399 omne
1916 4343 2065 4414 judi—

2188 4337 2302 4392 9305
2346 4339 2519 4407 Λόγου
2565 4339 2911 4411 άχθήσονται.
2960 4340 3146 4414 Τούτῳ
3186 4342 3295 4413 γὰρ
3333 4342 3363 4394 ὁ
3406 4341 3599 4413 Πατὴρ
3639 4342 3739 4412 τὴν

496 4428 644 4482 cium
688 4429 834 4485 dedit
858 4434 924 4486 ”.
963 4433 1029 4487 Et
1067 4435 1156 4490 ille
1191 4437 1523 4491 voluntatem
1566 4435 1748 4491 Patris
1795 4437 2062 4506 implens,

2188 4427 2348 4499 ιρίσιν
2382 4430 2560 4483 πᾶσαν
2585 4429 2802 4497 δέδωκε,
2833 4431 2924 4485 καὶ
2951 4433 3110 4496 αὐτὸς
3144 4433 3337 4505 βουλὴν
3365 4433 3579 4506 Πατρὸς
3615 4435 3737 4485 ἐπι-

488 4520 659 4592 judex
703 4524 984 4591 adveniet;
1032 4528 1141 4592 ille,
1177 4529 1423 4597 inquam,
1463 4545 1625 4599 quem
1659 4545 1758 4585 nos
1784 4529 2065 4584 Christum

2188 4520 2358 4585 τελῶν,
2405 4519 2598 4592 κριτὴς
2637 4523 3029 4593 παραγίνεται,
3082 4499 3155 4581 ὅν⁷
3187 4499 3423 4597 Χριστὸν
3466 4499 3736 4597 προσαγο-

492 4625 774 4666 vocamus.
823 4612 1009 4683 Neque
1060 4619 1204 4672 enim
1256 4618 1431 4676 Minos
1485 4632 1579 4676 aut
1619 4620 2064 4677 Rhadamanthus

2188 4613 2417 4681 ›εύομεν.
2463 4614 2596 4668 Οὐδὲ
2636 4615 2746 4685 γὰρ
2785 4618 2971 4687 Μίνως
3010 4619 3103 4673 καὶ
3144 4618 3519 4690 Ῥαδάμανθυς
3551 4619 3735 4691 κριταὶ

492 4714 633 4768 quos
686 4716 782 4757 vos
826 4704 1048 4773 tlngitis,
1094 4707 1286 4773 Graeci,
1336 4710 1551 4779 judices
1599 4720 1787 4776 erunt;
1830 4710 1926 4765 sed
1973 4709 2065 4765 ille

2188 4703 2215 4757 ιι
2248 4703 2369 4757 καθ’
2404 4706 2567 4775 ὑμᾶς,
2600 4705 2855 4780 Ἕλληνες
2885 4708 3025 4780 (60)·
3048 4709 3168 4764 ἀλλ’Δ
3193 4711 3251 4766 ὃν
3278 4714 3307 4766 ό
3338 4711 3472 4776 Θεὸς
3498 4713 3590 4765 καὶ
3622 4714 3735 4769 Πα-

491 4806 653 4860 quem
689 4791 835 4848 Deus
865 4804 918 4849 et
938 4795 1097 4850 Pater
1128 4799 1467 4868 gloriﬁcavit,
1503 4802 1570 4857 de
1595 4818 1706 4872 quo
1743 4802 1870 4857 alibi
1896 4801 2064 4872 parti-

2188 4794 2267 4867 τὴρ
2308 4795 2547 4861 ὲδόξασε,
2598 4800 2726 4871 περὶ
2773 4793 2835 4854 οὗ
2881 4803 2940 4857 ἐν
2989 4803 3197 4875 ἑτέροις
3235 4804 3733 4878 λεπτομερέστερον

489 4879 714 4937 culatim
764 4883 1147 4954 disseruimus,
1199 4887 1253 4941 in
1289 4892 1518 4960 gratiam
1563 4908 1755 4948 eorum
1788 4892 1883 4963 qui
1921 4907 2065 4963 qua:-

2188 4886 2553 4959 ὶιεληλύθαμεν
2583 4889 2694 4962 (Gl)
2726 4892 2861 4964 πρὸς
2886 4895 3010 4958 τοὺς
3040 4894 3429 4963 ἐπιζητοῦντας
3459 4897 3558 4970 τὴν
3597 4899 3730 4972 ἁλή-

560 5037 608 5070 "
643 5035 778 5093 Luc.
813 5053 925 5104 am,
959 5037 1049 5093 26.
1126 5040 1171 5074 ³⁸
1199 5038 1357 5095 Joan.
1397 5058 1451 5109 ν,
1481 5042 1572 5097 22.

560 5173 999 5265 (ξιξῃιι-ςναεοο
1049 5175 1250 5265 χίδρον,
1285 5178 1565 5265 regionem.
1613 5180 1893 5251 lnterpret.
1931 5182 2060 5252 legit
2158 5182 2336 5265 ζουσι.
2389 5185 2566 5257 Atque
2615 5185 2706 5241 hic
2775 5186 2981 5265 desinit
3032 5189 3391 5265 fragmentum
3463 5197 3719 5265 primum.

486 5244 838 5336 ﬁnirat?!)
877 5244 1254 5326 rev...')(o"pov.
1282 5244 1448 5336 gon:
1492 5244 1778 5336 Parum":
1982 5244 2020 5336 ἶ

2188 5253 2349 5336 sttat
2377 5244 2555 5336 autem
2584 5259 2883 5336 secundum
2919 5274 3041 5336 pag.
3068 5244 3199 5327 75⁷5,
3216 5244 3513 5336 incipitque

561 5314 673 5397 (55)
722 5314 1222 5397 Μεζενονωμάζῷν.
1280 5318 1473 5397 chic_i_t
1517 5331 1707 5374 auctor
1748 5322 1943 5390 dogma
1989 5323 2057 5377 de

2189 5326 2355 5397 erbis,
2393 5328 2595 5388 πάντες
2618 5318 2748 5397 γάρ,
2776 5343 2895 5397 cap.
2919 5314 2985 5383 ’5.

561 5343 673 5381 (σοι
722 5343 1222 5385 ωσιενυωμαῐων.
1280 5343 1473 5388 nunc".
1517 5343 1707 5374 aucwr
1748 5343 1943 5390 uogma
1989 5343 2057 5377 ue

488 5387 967 5475 gietempsychosi,
1017 5403 1048 5441 a
1096 5388 1320 5445 Platone
1370 5392 1599 5461 aliisque
1633 5403 2050 5463 propugnatum.

2189 5343 2355 5391 erms,
2393 5343 2595 5388 παντες
2618 5343 2748 5397 γαρ,
2776 5343 2838 5381 ca
2883 5367 2895 5381 .
2932 5343 2985 5383 ο.

2227 5396 2341 5475 (59)
2380 5397 2771 5475 Ιςελεύςμᾳτί.
2804 5343 2943 5475 δὲ,
2958 5399 3277 5475 κελεύοιμὸν
3297 5404 3678 5461 τι.11(ι;εοιιει.

487 5451 706 5508 Ρηιιιο.

562 5523 671 5549 [Bm
717 5524 989 5549 'n-.‘.--_-,
1049 5531 1093 5549 με
1134 5529 1421 5549 )_.,___,~A_
1481 5530 1534 5549 ο·
1604 5532 1643 5549 I,
1748 5548 1773 5549 ,,
1813 5533 1963 5549 μελε.
2012 5534 2022 5544 -

2224 5451 2338 5549 ζσοὶ
2391 5470 2458 5549 οι
2480 5451 2826 5549 οςαθςόμᾶς,
2878 5451 3719 5549 Lsxxnh'g'fiuélb'iii—“633%

561 5523 672 5589 (56)
717 5524 1013 5596 Ὡρῶν-τες,
1043 5531 1095 5582 εὶ
1121 5529 1443 5583 ἀπιστεῖτε.
1481 5530 1573 5586 Sic
1604 5532 1781 5585 locum
1812 5533 2053 5587 restitui-

2188 5523 2255 5590 ub
2290 5523 2383 5589 ti'n.
2411 5545 2466 5589 et
2497 5537 2548 5589 in
2580 5523 2836 5592 Antiocho.
2880 5523 3099 5596 Fannia.

489 5593 1042 5683 mugnex'l’ar‘alle‘lis.
1235 5600 1801 5683 deivrsgﬁma‘rei‘cs.
1852 5672 1863 5683 _
1958 5672 2016 5683 ,Ι

2223 5605 2347 5683 (61)
2386 5606 2483 5659 ’Er
2523 5604 2746 5683 ἑτέροις
2781 5593 3326 5680 λεπτομερέστερον
3366 5614 3719 5683 διεληλύθας

560 5661 874 5754 (ἓἩΠΙξιιξξί
907 5667 1015 5721 τὸν
1054 5661 1371 5747 Πλάτιιξὶὀς
1407 5661 1611 5742 λόγον.
1652 5673 1805 5726 Plato
1851 5672 1904 5726 in
1956 5672 1998 5726 Τ
1999 5674 2050 5727 i-

2191 5661 2562 5754 siafortasse
2597 5661 2651 5729 ih
2686 5661 2753 5732 iis
2778 5661 3712 5754 qua:15393};[itfcb'ntiszHéIJti

487 5726 898 5817 mm3‘.thsntc.
1237 5738 1267 5817 _"
1492 5726 1504 5742 ’
1655 5813 1670 5817 Α
1842 5815 1852 5817 _
1950 5726 2009 5817 *ί
2142 5726 2559 5803 Biti‘rdsiséiuifé
2574 5726 3376 5808 e'i'eiiiéiéék‘ii

560 5801 671 5875 (53)
710 5803 1071 5861 Σύνθετον...
1103 5809 1311 5881 ποιεῖν.
1348 5809 1505 5868 Deest
1552 5811 1800 5867 σύνθετον
1839 5815 1893 5869 in
1936 5812 2047 5869 Pa-
