4134 6406
415 398 509 456 801

1534 390 1736 448 LIBER
1773 388 2143 447 ADVERSUS
2179 388 2498 449 GRAECOS.

3545 402 3652 455 80‘2

416 522 584 576 θειαν.
602 514 769 585 Οὗτος
782 520 881 591 τὴν
896 518 1108 591 Πατρὸς
1132 518 1214 577 εἲς
1239 515 1445 580 πάντας
1458 514 1850 588 δικαιοκρισίαν
1866 511 1976 585 (62)

2079 520 2211 567 runt
2236 512 2543 568 veritatem.
2576 512 2670 568 Ille
2709 513 2823 584 ipse
2844 513 3052 584 justum
3081 513 3348 585 judicium
3392 514 3569 573 Patris
3596 521 3654 574 in

414 613 754 683 ποιούμενος,
796 611 1010 681 ἑκάστῳ
1046 607 1187 662 κατὰ
1222 606 1294 660 τά
1326 607 1463 680 ἔργα
1499 605 1876 680 παρεσκεύασε
1917 605 1979 658 τὸ

411 704 638 760 δίκαιον.
672 699 745 758 0³5
775 705 841 774 τῇ
881 701 1059 773 κρίσει
1095 698 1471 772 παραστάντες
1502 698 1734 765 πάντες,
1769 696 1979 769 ἀνθρω-

413 795 505 848 ποί
540 812 598 847 τε
636 794 730 848 καὶ
761 792 999 861 ἄγγελοι,
1039 789 1134 843 καὶ
1163 787 1414 860 δαίμονες
1451 786 1581 861 μίαν
1620 785 1982 857 ἀποφθέγξον-
2016 781 2021 786 ’

411 904 500 940 ται
531 884 731 955 φωνὴν,
756 882 928 946 οὓτως
949 881 1224 951 λέγοντεςο
1265 899 1284 933 ι
1320 879 1514 935 Δικαία
1539 896 1633 934 σου
1666 881 1700 950 ή
1726 877 1930 949 κρίσις.
1955 895 1974 929 ι

410 969 520 1038 Ἧς
545 974 726 1045 φωνῆς
756 971 817 1025 τὸ
843 972 1190 1043 ἀνταπόδομα
1220 971 1308 1025 ἐπ’
1343 970 1671 1044 ἀμφοτέροις
1700 969 1895 1039 ἐπάγει
1920 968 1981 1023 τὸ

409 1063 646 1116 δίκαιον·
696 1063 807 1125 τοῖς
856 1061 954 1131 μὲν
999 1056 1058 1115 εὖ
1097 1060 1356 1133 πράξασι,
1404 1060 1631 1124 δικαίως
1671 1058 1771 1131 τὴν
1804 1058 1981 1115 ’ἀΐδιον

409 1154 707 1207 ἀπόλαυσιν
748 1153 1156 1225 παρασχόντος,
1213 1156 1326 1216 τοῖς
1367 1152 1424 1205 δὲ
1457 1151 1567 1206 τῶν
1598 1151 1817 1233 φαύλων
1854 1153 1982 1224 ἐρα-

411 1248 563 1308 σταῖς
587 1245 685 1316 τὴν
711 1244 927 1299 αἰώνιον
959 1244 1177 1298 κόλασιν
1202 1244 1612 1316 άπονείμαντος.
1644 1245 1755 1298 Καὶ
1773 1243 1982 1307 τούτοις

412 1335 509 1405 μὲν
534 1334 595 1388 τὸ
625 1334 737 1406 πῦρ
761 1333 1020 1388 ἄσϐεστον
1048 1333 1290 1405 διαμένει
1313 1334 1407 1388 καὶ
1429 1334 1805 1406 ἀτελεύτητον,
1841 1333 1981 1387 σκώ-

408 1425 508 1495 ληξ
539 1425 596 1478 δέ
626 1442 712 1489 τις
757 1424 1021 1497 ἔμπυρος,
1058 1425 1132 1497 μὴ
1169 1424 1453 1489 τελευτῶν,
1496 1425 1633 1497 μηδὲ
1677 1426 1839 1497 σῶμα
1875 1426 1983 1480 δια-

409 1517 666 1589 φθείρων,
702 1516 964 1589 ἀπαύστῳ
994 1517 1039 1570 δ’
1072 1517 1231 1591 ὀδύνῃ
1275 1519 1339 1570 ὲκ
1370 1516 1618 1589 σώματος
1661 1518 1980 1592 ἐκδράσσων

304 1628 307 1631 ·
410 1608 734 1678 παραμένει.
783 1608 1016 1671 Τούτους
1053 1607 1153 1677 οὐχ
1195 1605 1365 1671 ὕπνος
1410 1606 1738 1674 ἀναπαύσει,
1780 1608 1842 1661 οὐ
1887 1607 1983 1674 νὺξ

298 1758 303 1761 _
408 1701 808 1771 παρηγορήσει,
851 1699 911 1752 οὐ
965 1698 1193 1764 θάνατος
1228 1700 1327 1771 τῆς
1365 1699 1640 1764 κολάσεως
1689 1698 1978 1763 ἀπολύσει,

398 1794 467 1847 οὐ
500 1792 846 1865 παράκλησις
878 1789 1155 1863 συγγενῶν
1190 1792 1619 1863 μεσιτευσάντων
1657 1791 1858 1864 ὀνήσει.
1903 1792 1977 1845 υύ

381 1886 514 1958 ’γὰρ
546 1886 624 1941 ἔτι
656 1887 853 1941 δίκαιοι
886 1888 976 1940 ὑπ’
1010 1887 1187 1940 αὐτῶν
1219 1882 1469 1961 ὁρῶνται,
1499 1882 1619 1938 οὐδὲ
1653 1885 1872 1956 μνήμης
1895 1884 1979 1953 γί-

404 1991 584 2029 νονται
618 1973 776 2040 ἄξιοι.
819 1976 987 2030 Μόνοι
1016 1975 1075 2029 δὲ
1109 1977 1157 2030 οἱ
1187 1975 1385 2029 δίκαιοι
1418 1974 1641 2029 δικαίων
1679 1975 1984 2045 μεμνήσον-

403 2086 492 2122 ται
524 2066 719 2139 ἔργων,
754 2068 821 2121 δι’
852 2061 930 2122 ὧν
960 2068 1055 2120 ἐπὶ
1083 2067 1180 2139 τὴν
1208 2067 1457 2139 οὐράνιον
1484 2065 1759 2138 βασιλείαν
1785 2066 1983 2137 κατήν-

390 2137 575 2231 ⁸τησαν
596 2176 610 2190 ο
647 2162 705 2219 ὲν
792 2160 890 2230 οὐχ
912 2158 1100 2226 ὕπνος,
1127 2137 1190 2213 οὐ
1221 2137 1386 2229 λύπη,
1418 2137 1697 2231 οὐφθορά,
1730 2158 1790 2211 οὐ
1818 2174 1983 2230 φρον-

403 2250 689 2333 τ“ις’(63),ι
705 2252 826 2305 οὐδὲ
857 2252 989 2318 νὺξ,
1032 2252 1152 2305 οὐδὲ
1181 2252 1361 2324 ἡμέρα
1401 2251 1579 2323 χρόνῳ
1621 2251 1981 2323 μετρουμένη,
2019 2312 2022 2321 ,

403 2343 502 2413 οὐχ
525 2342 677 2413 ήλιος
729 2343 943 2417 ἀνάγκη
982 2341 1178 2397 κύκλον
1221 2341 1452 2413 οὐρανοῦ
1479 2341 1663 2414 δρόμῳ
1692 2341 1985 2413 ἐλαυνόμε-

374 2426 515 2497 ’νος,
544 2433 701 2504 ὡρῶν
750 2431 922 2504 μέτρα
958 2432 989 2504 ἢ
1035 2433 1236 2509 κέντρα
1272 2430 1408 2503 πρὸς
1436 2430 1738 2500 εὔγνωστον
1775 2429 1985 2503 ἀνθρώ-

406 2541 524 2576 πων
577 2522 691 2593 βξον
735 2524 1173 2597 διαμετρούμενα
1216 2522 1639 2597 ώροθετοῦντος·
1690 2525 1751 2578 οὐ
1786 2521 1981 2594 σελήνη

405 2616 664 2687 φθίνουσα
703 2617 743 2689 ἢ
766 2616 1031 2681 αὔξουσα,
1086 2617 1119 2688 ἢ
1158 2617 1365 2688 τροπὰς
1397 2614 1607 2689 καιρῶν
1656 2614 1934 2684 ἐπάγουσα
1964 2632 1978 2647 ·

403 2707 501 2776 οὐχ
531 2697 859 2789 ὑγραίνουσα
883 2707 1023 2777 γῆν,⁹
1069 2706 1189 2760 οὐδὲ
1208 2705 1359 2777 ἥλιος
1392 2705 1677 2768 ἐπικαίων,
1712 2704 1808 2759 οὐκ
1847 2705 1982 2777 ’Δρ-

403 2816 531 2864 κτος
552 2799 916 2871 στρεφομένη,
933 2799 1241 2872 οὐκὮρίων
1260 2797 1614 2869 γεννώμενος,
1641 2797 1741 2851 οὐκ
1767 2796 1983 2869 ἄστρων

403 2888 576 2961 πλάνη
615 2887 927 2971 ἐνάριθμος,
966 2889 1028 2942 οὐ
1066 2888 1328 2953 δύσϐατος
1353 2889 1427 2960 γῆ
1449 2928 1463 2953 ,
1497 2887 1617 2942 οὐδὲ
1656 2888 1983 2960 δυσεύρετος

407 2978 735 3059 παραδείσου
760 2977 919 3050 αὐλὴ,
945 2975 1066 3032 οὐδὲ
1085 2978 1257 3033 δεινὸν
1287 2977 1561 3048 θαλάσσης
1589 2977 1853 3050 φρύαγμα
1880 2993 1982 3029 κω-

404 3069 529 3124 λύον
558 3062 1040 3127 ἐπιϐάνταπατείν
1059 3088 1073 3101 ο
1107 3070 1334 3136 εῠὸατος
1365 3071 1420 3125 δὲ
1451 3072 1542 3125 καὶ
1591 3069 1732 3142 αὕτη
1763 3072 1873 3135 τοῖς
1904 3069 1981 3122 δι-

2082 618 2274 660 omnes
2303 620 2584 673 exercens,
2618 606 2765 678 quod
2791 622 3007 677 aequum
3038 617 3092 661 et
3115 607 3323 676 justum
3368 609 3490 676 erit,
3528 610 3657 665 uni-

2081 697 2278 768 cuique
2323 699 2628 754 secundum
2672 715 2836 770 opera
2869 700 3211 769 praeparavit.
3241 698 3412 770 Cujus
3447 702 3654 773 judicio

2081 792 2323 846 astantes
2363 806 2573 855 omnes,
2609 784 2881 856 homines,
2916 791 3116 861 angeli,
3150 790 3446 857 daemones,
3486 808 3652 848 unam

2081 882 2223 937 hanc
2247 896 2432 939 vocem
2467 885 2735 949 emittent,
2768 883 2849 940 sic
2877 883 3120 940 dicentes
3152 901 3165 937 :
3206 902 3226 936 ‹
3258 882 3473 951 Justum
3510 884 3657 955 judi-

2081 970 2226 1026 cium
2259 980 2410 1027 tuum
2438 974 2508 1029 ¹⁶.
2545 991 2564 1026 ι
2599 972 2770 1045 Cujus
2806 974 2958 1030 vocis
2989 975 3220 1045 aequitas
3245 986 3468 1046 apparet
3495 977 3547 1031 in
3572 992 3656 1033 re-

2083 1062 2378 1119 tributione
2405 1063 2461 1118 in
2496 1074 2798 1135 utrosque:
2826 1081 2949 1121 cum
2986 1066 3124 1121 bene
3160 1067 3482 1123 facientibus
3503 1068 3653 1136 justo

2082 1155 2269 1211 fruitio
2314 1165 2515 1212 aeterna
2564 1158 2900 1228 praebeatur,
2944 1158 3212 1213 malorum
3259 1175 3388 1215 vero
3442 1158 3652 1230 cupidis

2075 1261 2345 1306 aeternum
2386 1250 2714 1321 supplicium
2758 1251 3140 1306 distribuatur.
3198 1249 3267 1305 Et
3316 1251 3417 1307 hos
3468 1259 3654 1307 manet

2082 1342 2223 1413 ignis
2254 1342 2736 1415 inexstinguibilis,
2768 1352 2823 1400 et
2882 1345 2977 1415 qui
3012 1359 3290 1415 nunquam
3328 1345 3571 1412 ﬁnietur,
3598 1355 3654 1401 et

2081 1433 2283 1489 vermis
2328 1434 2520 1504 igneus
2558 1451 2667 1490 non
2713 1437 2974 1500 moriens,
3012 1450 3123 1490 non
3166 1451 3366 1506 corpus
3395 1452 3651 1491 corrum-

2081 1544 2235 1598 pens,
2285 1529 2381 1585 sed
2412 1529 2739 1600 iri-requieta
2784 1530 2972 1586 dolore
3013 1545 3082 1585 ex
3135 1544 3366 1600 corpore
3399 1529 3654 1585 efferves-

2081 1635 2210 1675 cens
2236 1626 2291 1675 et
2316 1619 2602 1675 ebulliens.
2637 1619 2748 1675 Illis
2776 1635 2894 1675 non
2938 1634 3165 1676 somnus
3197 1619 3562 1675 cessationem
3596 1628 3664 1689 et.

2081 1710 2321 1780 quietem
2372 1712 2720 1780 conciliabit;
2778 1727 2888 1767 non
2940 1727 3047 1767 nox
3098 1712 3260 1767 leniet
3301 1720 3354 1767 et
3390 1712 3650 1768 mulcebit

2083 1799 2330 1863 dolores;
2366 1816 2478 1856 non
2526 1817 2676 1857 mors
2723 1802 2987 1873 supplicia
3039 1801 3243 1864 solvet;
3288 1818 3398 1857 non
3438 1801 3651 1872 juvabit

2085 1892 2396 1948 exhortatio
2437 1892 2679 1948 aﬂinium
2724 1892 3171 1949 intercessorum.
3201 1891 3338 1947 Nam
3367 1894 3501 1963 justi
3539 1907 3650 1947 non

2044 2024 2047 2027 .
2082 1980 2317 2050 amplius
2344 1980 2413 2036 ab
2444 1981 2552 2036 illis
2581 1980 2924 2047 videbuntur,
2950 1996 3052 2036 nec
3080 1980 3188 2034 ulla
3222 1988 3350 2035 sunt
3388 1978 3652 2033 memoria

2082 2069 2252 2140 digni.
2285 2068 2391 2125 Sed
2421 2072 2565 2126 enim
2595 2069 2731 2140 justi
2781 2086 3005 2141 cperum
3035 2070 3309 2140 justorum
3342 2078 3502 2124 erunt
3533 2082 3653 2123 me-

2081 2174 2284 2225 mores,
2315 2174 2412 2230 per
2445 2176 2568 2231 quae
2603 2168 2967 2230 pervenerunt
2996 2161 3062 2215 ad
3096 2169 3322 2229 regnum
3371 2159 3595 2214 caeleste
3633 2176 3650 2213 :

2082 2250 2136 2304 in
2168 2264 2280 2319 quo
2310 2265 2414 2331 nec
2444 2266 2693 2317 somnus,
2734 2265 2835 2306 nec
2876 2251 3053 2313 dolor,
3088 2265 3191 2304 nec
3218 2249 3520 2319 corruptio,
3552 2263 3654 2304 nec

2082 2340 2420 2417 sollicitudo,
2462 2356 2563 2396 nec
2609 2356 2716 2396 nox
2736 2342 2815 2408 ",
2852 2356 2954 2397 nec
2987 2341 3105 2396 dies
3135 2349 3376 2410 tempore
3425 2356 3652 2395 mensu-

2082 2441 2233 2498 rata,
2269 2446 2370 2487 nec
2423 2433 2507 2487 sol
2554 2431 2889 2487 necessitate
2946 2430 3183 2501 quadam
3237 2446 3335 2500 per
3385 2430 3653 2486 circulum

2082 2523 2209 2578 caeli
2253 2532 2477 2576 Cursum
2525 2537 2688 2576 suum
2733 2521 2946 2593 agitans
2988 2528 3044 2574 et
3078 2520 3382 2589 impellens,
3428 2521 3482 2574 in
3520 2520 3654 2575 hora

2082 2613 2247 2668 natali
2273 2613 2511 2669 notantis
2531 2621 2585 2667 et
2603 2612 2942 2682 disponentis
2965 2612 3318 2667 terminorum
3343 2625 3652 2677 mensuras,

2082 2710 2137 2756 et
2187 2702 2437 2758 cardines
2477 2710 2950 2757 commensuratos
2995 2701 3063 2756 ad
3105 2699 3266 2756 facile
3313 2714 3656 2772 cegnoscen-

2082 2792 2207 2848 dam
2257 2793 2542 2853 hominum
2589 2794 2796 2861 vitam;
2833 2809 2942 2848 non
2982 2792 3126 2849 luna
3166 2792 3433 2847 decursus
3473 2799 3529 2846 et
3569 2791 3656 2847 in-

2083 2864 2444 2951 crementuin,
2474 2901 2596 2955 quae
2635 2893 2942 2956 temporum
2982 2883 3313 2940 mutationes
3344 2883 3574 2950 inducit,
3600 2891 3656 2941 et

2082 2985 2288 3033 terram
2327 2977 2600 3033 madidam
2628 2977 2834 3046 reddit,
2862 2992 2972 3032 non
3003 2978 3085 3033 sol
3117 2977 3338 3043 ardens,
3372 2992 3480 3031 non
3512 2975 3653 3032 Ursa

2081 3069 2380 3135 versatilis,
2427 3085 2538 3125 non
2568 3067 2789 3125 Orionis
2819 3081 2994 3134 ortus,
3034 3084 3144 3124 non
3178 3077 3452 3124 astrorum
3497 3084 3653 3123 erro—

404 3164 582 3226 καίοις
611 3165 946 3249 γενήσεται,
978 3162 1103 3218 οὔτε
1127 3163 1221 3220 τοῦ
1255 3163 1424 3237 ὐγροῦ
1459 3161 1793 3235 στερουμένη
1816 3179 1832 3193 ·
1872 3162 1976 3217 οὐκ

2087 3176 2175 3216 res
2206 3160 2500 3230 innumeri,
2538 3178 2646 3217 non
2676 3161 2826 3217 invia
2855 3169 3023 3227 terra,
3060 3176 3170 3216 non
3214 3161 3435 3215 inventu
3464 3158 3654 3215 dilIici-

400 3255 626 3328 οὐρανὺς
652 3244 909 3328 ἀοίκητος
929 3253 1263 3327 ἀνθρώποις,
1285 3255 1404 3309 οὐδὲ
1430 3253 1619 3308 τούτου
1642 3253 1741 3325 τῆς
1770 3251 1975 3308 ἀναϐά-

2081 3250 2149 3306 lis
2168 3251 2408 3322 paradisi
2441 3252 2587 3318 aula,
2618 3268 2727 3308 non
2755 3252 3021 3308 molestus
3052 3250 3221 3306 maris
3253 3250 3505 3304 fremitus
3549 3250 3657 3305 im-

404 3362 540 3410 σεως
570 3348 602 3417 ἡ
630 3346 751 3410 ὁδὸς
781 3345 1066 3419 ἀνεύρετος
1085 3362 1098 3376 ’
1130 3346 1190 3399 οὐ
1221 3345 1295 3416 γῆ
1326 3345 1693 3416 ἀνέργαστος,
1726 3342 1848 3397 οὐδὲ
1879 3342 1976 3397 ἀν-

402 3437 638 3509 θρώποις
687 3437 973 3503 ἐπίπονος,
1030 3438 1311 3510 αὐτομάτη
1357 3438 1415 3491 δὲ
1467 3435 1674 3506 φύουσα
1731 3435 1976 3506 καρποὺς

402 3528 537 3600 πρὸς
577 3528 903 3599 εὐκοσμίανδ
950 3528 1011 3582 οὐ
1069 3528 1274 3600 θηρίων
1317 3527 1561 3598 γενέσεις
1612 3526 1810 3590 πάλιν,
1852 3527 1974 3581 οὐδὲ

400 3617 510 3671 τῶν
554 3617 754 3671 λοιπῶν
802 3616 954 3681 ζώων
993 3617 1404 3688 ὲκὸρασσομένη
1449 3617 1626 3671 οὐσία.
1686 3616 1819 3670 Οὐδὲ
1865 3615 1974 3689 γὰρ

298 3731 307 3766 ﬁ
399 3708 707 3782 ἀνθρώποις
757 3709 918 3763 πάλιν
968 3704 1131 3780 γεννᾷ
1164 3706 1307 3780 (64)·
1352 3706 1468 3761 ἀλλ’
1512 3708 1541 3760 ὁ
1591 3705 1701 3760 τῶν
1750 3704 1975 3759 δικαίων

400 3799 632 3871 ἀριθμὸς
663 3798 1288 3870 διαμένειεινέκλειπτος
1313 3797 1431 3869 ἃμα
1459 3796 1688 3861 δικαίοις
1722 3796 1978 3867 ἀγγέλοις

402 3891 497 3945 καὶ
527 3890 824 3961 πνεύμασι.
861 3891 1082 3954 Τούτοις
1113 3891 1164 3944 οἱ
1193 3890 1507 3954 πεισθέντες
1535 3891 1647 3954 τοῖς
1675 3888 1855 3959 λόγοις
1886 3887 1979 3942 ἆν-

402 3982 632 4055 θρωποι,
681 3982 871 4036 ἔσεσθε
914 3982 1142 4037 καὶτῶν
1174 3982 1398 4036 δικαίων
1426 3982 1694 4046 κοινωνοὶ,
1731 3983 1825 4035 καὶ
1870 3981 1980 4036 τῶν

406 4073 705 4143 μελλόντων
726 4056 1053 4137 ἐντεύξεσθε
1070 4072 1312 4141 ἀγαθῶν,
1340 4071 1378 4126 ἀ
1407 4090 1425 4123 ι
1449 4069 1574 4125 οὔτε
1609 4070 1885 4144 ὀφθαλμὸς
1904 4066 1983 4125 εἷο

403 4164 512 4232 δεν,
546 4163 668 4218 οὐτε
699 4160 792 4228 οὖς
831 4156 1084 4237 ήκουσεν,
1130 4163 1254 4218 οὐτε
1283 4164 1378 4217 ἐπὶ
1423 4163 1649 4235 καρδίαν
1688 4162 1977 4236 ἀνθρώπου

390 4258 591 4346 ρνἐϐη,
625 4257 725 4311 ὅσα
769 4259 798 4311 ὁ
829 4257 962 4320 Θεὸς
990 4242 1251 4336 ἡτοίμασε
1277 4256 1390 4319 τοῖς
1429 4254 1714 4346 ἀγαπῶσιν
1742 4254 1924 4308 αὐτόν.
1953 4273 1973 4306 ι

402 4344 562 4421 Αὐτῷ
606 4351 641 4422 ή
685 4349 812 4416 δόξα
852 4349 945 4402 καὶ
987 4348 1050 4402 τὸ
1087 4348 1285 4420 κράτος
1327 4348 1407 4410 εἰς
1458 4346 1584 4410 τοὺς
1623 4344 1824 4410 αἰῶνας
1870 4346 1978 4399 τῶν

403 4441 631 4496 αἰώνων.
683 4442 874 4513 Ἀμήν.

2081 3343 2305 3415 pediens
2323 3343 2619 3413 quominus
2642 3359 2673 3398 a
2702 3351 2917 3400 vectore
2938 3342 3167 3413 pedibus
3193 3341 3460 3408 calcetur;
3485 3340 3653 3411 justis

2079 3434 2226 3489 enim
2268 3436 2373 3490 erit
2403 3442 2457 3491 et
2491 3436 2671 3505 ipsqu
2714 3435 2987 3506 pervium,
3018 3433 3234 3491 etiamsi
3276 3433 3500 3487 humido
3541 3448 3651 3486 non

2078 3527 2341 3597 privetur.
2383 3526 2595 3583 Ctelum
2631 3541 2740 3582 non
2789 3527 2893 3582 erit
2923 3525 3264 3582 inaccessum
3308 3523 3655 3590 hominibus;

2078 3627 2132 3673 et
2160 3618 2245 3673 via
2278 3633 2387 3689 qua
2425 3617 2647 3679 ascendi
2684 3627 2739 3673 et
2768 3618 2955 3673 scandi
2986 3617 3177 3688 possit,
3223 3631 3333 3671 non
3395 3615 3518 3671 talis
3551 3615 3657 3670 erit

2076 3724 2200 3780 quae
2229 3725 2339 3765 non
2361 3711 2539 3781 possit
2565 3709 2821 3766 inveniri.
2845 3707 2965 3765 Non
2988 3721 3135 3765 terra
3161 3707 3315 3764 rudis
3338 3719 3394 3764 et
3422 3705 3656 3773 inculta,

2077 3810 2134 3856 et
2178 3801 2492 3858 hominibus
2535 3801 2777 3858 laborem
2827 3809 2883 3857 et
2926 3799 3231 3856 molestiam
3284 3814 3512 3866 creans,
3557 3799 3653 3854 sed

2079 3900 2273 3963 sponte
2299 3892 2513 3949 fructus
2538 3892 2956 3966 progerminans
2980 3893 3047 3946 ad
3072 3892 3278 3947 cultum
3304 3899 3358 3946 et
3374 3899 3652 3946 ornatum.

2080 3981 2203 4038 Non
2242 3976 2449 4040 iteratae
2497 3983 2737 4039 ferarum
2768 3984 3168 4056 generationes,
3212 3997 3388 4052 neque
3418 3981 3655 4036 aliorum

2080 4076 2400 4131 animalium
2424 4075 2793 4131 eﬂ‘errescens
2821 4084 2876 4131 et
2901 4075 3168 4130 ebulliens
3198 4072 3522 4128 substantia.
3548 4056 3654 4126 Ne;

2081 4182 2188 4237 que
2217 4167 2363 4221 enim
2401 4167 2655 4222 homines
2696 4178 2826 4223 tunc
2866 4182 3061 4236 rursus
3091 4173 3376 4237 generant,
3404 4163 3501 4220 sed
3537 4178 3654 4216 ma-

2081 4264 2176 4312 net
2203 4256 2572 4313 indesinenter
2602 4273 2864 4314 numerus
2890 4257 3186 4328 iustorum,
3219 4271 3342 4311 cum
3369 4255 3536 4326 justis
3561 4271 3657 4309 an-

2083 4348 2218 4419 gelis
2249 4358 2302 4405 et
2332 4350 2637 4420 spiritibus.
2673 4349 2768 4408 His
2801 4351 2985 4406 verbis
3028 4349 3419 4419 obtemperate,
3461 4356 3519 4404 et
3559 4348 3655 4402 illa

2008 4428 2054 4483 Β
2083 4438 2387 4505 credentes,
2422 4455 2455 4496 ο
2482 4440 2754 4509 homines,
2783 4441 2936 4497 eritis
2969 4440 3247 4512 iustorum
3279 4448 3654 4508 consortes,et

402 4539 711 4594 futurorum
753 4538 1021 4593 bonorum
1053 4533 1334 4606 patiemini
1379 4549 1501 4604 qua:
1551 4551 1572 4585 ι
1617 4547 1792 4602 neque
1837 4532 1979 4603 vidit
2009 4534 2224 4602 oculus,
2286 4552 2458 4607 neque
2509 4537 2660 4593 auris
2697 4539 2925 4608 audivit,
2965 4552 3144 4608 neque
3175 4537 3537 4594 ascenderunt
3595 4537 3652 4592 in

392 4641 488 4684 cor
525 4634 782 4698 hominis,
813 4648 935 4705 qua:
968 4632 1110 4688 Deus
1138 4631 1463 4702 praeparavit
1501 4629 1571 4684 iis
1607 4629 1700 4699 qui
1748 4626 1986 4698 diligunt
2022 4630 2177 4686 illum
2201 4632 2267 4687 ’⁸.
2300 4652 2319 4686 ι
2353 4633 2436 4688 Illi
2464 4634 2540 4690 sit
2566 4634 2743 4706 gloria
2799 4643 2854 4690 et
2902 4633 3144 4706 potentia
3170 4632 3227 4688 in
3262 4632 3461 4689 saecula
3488 4648 3658 4690 saccu-

404 4726 604 4782 lornm.
622 4727 817 4783 Amen.

475 4881 522 4914 ¹⁶
545 4879 689 4936 Psal.
732 4896 923 4948 cxvm,
958 4879 1080 4937 157.
1154 4879 1200 4911 ’⁷
1232 4881 1401 4951 Apoc.
1434 4893 1572 4947 χιιι,
1599 4874 1651 4933 5.
1730 4876 1777 4911 '°
1799 4877 1823 4931 Ι
1849 4877 1980 4933 Cor.
2008 4895 2082 4949 ιι,
2111 4880 2166 4937 9.

502 5022 593 5082 62)
632 5021 1090 5091 Δικαιοκρισίακ.
1124 5016 1623 5091 Ραναιιειηδικαίαν
1662 5015 1863 5091 κρίσιν.

502 5023 593 5082 62)
632 5023 1090 5091 Δικαιοκρισίαν.
1124 5023 1623 5081 Ραναιιει.,δικαῐαν
1662 5023 1863 5088 κρίσιν.

480 5023 591 5164 ἕϐδ)
623 5095 715 5164 4οὺ
734 5092 996 5162 φροντίς.
1026 5089 1125 5147 Hic
1152 5090 1353 5148 desinit
1391 5089 1688 5144 secundum
1721 5085 1978 5144 Paratia-

406 5162 581 5221 lorunt
612 5162 997 5232 fragmentum.
1024 5206 1029 5212 .

2157 5021 2270 5096 (64)
2326 5022 2697 5096 ,Ἀνθρώποις
2743 5023 2932 5096 πάλιν
2979 5024 3180 5095 γεννᾷ.
3238 5023 3382 5082 Edit.
3448 5021 3660 5078 ﬂavera-

2084 5093 2286 5164 canlp.,
2312 5093 2718 5166 ἀνθρώπους...
2752 5095 2934 5167 γεννᾷ.
