  <div class='ocr_page' id='page_1' title='image "/cluster/home/n/w/nwhite01/storage/ocr_20150623/10/coo.31924054872894/414.png"; bbox 0 0 4134 6382; ppageno 0'>
   <div class='ocr_carea' id='block_1_1' title="bbox 238 2426 253 2479">
    <p class='ocr_par' dir='ltr' id='par_1_1' title="bbox 238 2426 253 2479">
     <span class='ocr_line' id='line_1_1' title="bbox 238 2426 253 2479; baseline 0 0"><span class='ocrx_word' id='word_1_1' title='bbox 238 2426 253 2479; x_wconf 68' lang='grc' dir='ltr'><strong>ι</strong></span> 
     </span>
    </p>
   </div>
   <div class='ocr_carea' id='block_1_2' title="bbox 361 384 490 438">
    <p class='ocr_par' dir='ltr' id='par_1_2' title="bbox 361 384 490 438">
     <span class='ocr_line' id='line_1_2' title="bbox 361 384 490 438; baseline 0.023 -3"><span class='ocrx_word' id='word_1_2' title='bbox 361 384 490 438; x_wconf 61' lang='grc'><strong>’³805</strong></span> 
     </span>
    </p>
   </div>
   <div class='ocr_carea' id='block_1_3' title="bbox 385 596 1955 670">
    <p class='ocr_par' dir='ltr' id='par_1_3' title="bbox 385 596 1955 670">
     <span class='ocr_line' id='line_1_3' title="bbox 385 596 1955 670; baseline 0 -19"><span class='ocrx_word' id='word_1_3' title='bbox 385 614 469 670; x_wconf 90' lang='grc' dir='ltr'><strong>ροι</strong></span> <span class='ocrx_word' id='word_1_4' title='bbox 487 615 503 630; x_wconf 74' lang='grc'><strong>⁸</strong></span> <span class='ocrx_word' id='word_1_5' title='bbox 540 599 651 653; x_wconf 77' lang='grc' dir='ltr'><strong>Καὶ</strong></span> <span class='ocrx_word' id='word_1_6' title='bbox 682 601 842 670; x_wconf 79' lang='grc' dir='ltr'>ἡμεῖς</span> <span class='ocrx_word' id='word_1_7' title='bbox 872 599 968 655; x_wconf 73' lang='grc' dir='ltr'><strong>ἕνα</strong></span> <span class='ocrx_word' id='word_1_8' title='bbox 992 599 1123 669; x_wconf 69' lang='grc' dir='ltr'>Θεὸν</span> <span class='ocrx_word' id='word_1_9' title='bbox 1154 598 1263 669; x_wconf 72' lang='grc'>(71)</span> <span class='ocrx_word' id='word_1_10' title='bbox 1293 597 1513 667; x_wconf 85' lang='grc' dir='ltr'>οἴδαμεν</span> <span class='ocrx_word' id='word_1_11' title='bbox 1541 596 1783 667; x_wconf 75' lang='grc' dir='ltr'><strong>ἀληθῶς⁸</strong></span> <span class='ocrx_word' id='word_1_12' title='bbox 1809 596 1955 651; x_wconf 78' lang='grc' dir='ltr'>οἴδα-</span> 
     </span>
    </p>
   </div>
   <div class='ocr_carea' id='block_1_4' title="bbox 375 687 1954 762">
    <p class='ocr_par' dir='ltr' id='par_1_4' title="bbox 375 687 1954 762">
     <span class='ocr_line' id='line_1_4' title="bbox 375 687 1954 762; baseline -0.001 -20"><span class='ocrx_word' id='word_1_13' title='bbox 375 688 486 761; x_wconf 77' lang='grc' dir='ltr'>’μεν</span> <span class='ocrx_word' id='word_1_14' title='bbox 514 691 746 762; x_wconf 87' lang='grc' dir='ltr'>Χριστόν</span> <span class='ocrx_word' id='word_1_15' title='bbox 766 707 778 720; x_wconf 91' lang='grc'><strong>·</strong></span> <span class='ocrx_word' id='word_1_16' title='bbox 815 689 1037 760; x_wconf 83' lang='grc' dir='ltr'>οἴδαμεν</span> <span class='ocrx_word' id='word_1_17' title='bbox 1054 689 1147 742; x_wconf 90' lang='grc' dir='ltr'><strong>τὸν</strong></span> <span class='ocrx_word' id='word_1_18' title='bbox 1168 689 1295 742; x_wconf 86' lang='grc' dir='ltr'>Υἱὸν</span> <span class='ocrx_word' id='word_1_19' title='bbox 1323 687 1580 752; x_wconf 84' lang='grc' dir='ltr'>παθόντα,</span> <span class='ocrx_word' id='word_1_20' title='bbox 1614 687 1797 751; x_wconf 85' lang='grc' dir='ltr'>καθὼς</span> <span class='ocrx_word' id='word_1_21' title='bbox 1822 687 1954 740; x_wconf 58' lang='lat' dir='ltr'><strong>grta-</strong></span> 
     </span>
    </p>
   </div>
   <div class='ocr_carea' id='block_1_5' title="bbox 378 780 1953 851">
    <p class='ocr_par' dir='ltr' id='par_1_5' title="bbox 378 780 1953 851">
     <span class='ocr_line' id='line_1_5' title="bbox 378 780 1953 851; baseline -0.003 -16"><span class='ocrx_word' id='word_1_22' title='bbox 378 781 496 843; x_wconf 85' lang='grc' dir='ltr'>θεν,</span> <span class='ocrx_word' id='word_1_23' title='bbox 526 781 862 835; x_wconf 76' lang='grc' dir='ltr'>ἀποθανόντα</span> <span class='ocrx_word' id='word_1_24' title='bbox 893 780 1072 844; x_wconf 87' lang='grc' dir='ltr'>καθὼς</span> <span class='ocrx_word' id='word_1_25' title='bbox 1096 780 1387 846; x_wconf 84' lang='grc' dir='ltr'>ἀπέθανεν,</span> <span class='ocrx_word' id='word_1_26' title='bbox 1423 781 1518 835; x_wconf 75' lang='grc' dir='ltr'><strong>καὶ</strong></span> <span class='ocrx_word' id='word_1_27' title='bbox 1550 780 1855 834; x_wconf 81' lang='grc' dir='ltr'><strong>ἀναστάντα</strong></span> <span class='ocrx_word' id='word_1_28' title='bbox 1886 782 1953 851; x_wconf 78' lang='grc' dir='ltr'>τῇ</span> 
     </span>
    </p>
   </div>
   <div class='ocr_carea' id='block_1_6' title="bbox 382 851 1957 949">
    <p class='ocr_par' dir='ltr' id='par_1_6' title="bbox 382 851 1957 949">
     <span class='ocr_line' id='line_1_6' title="bbox 382 851 1957 949; baseline 0.006 -35"><span class='ocrx_word' id='word_1_29' title='bbox 382 870 541 941; x_wconf 80' lang='grc' dir='ltr'>τρίτῃ</span> <span class='ocrx_word' id='word_1_30' title='bbox 572 851 772 949; x_wconf 56' lang='grc' dir='ltr'>ἡμέρα,</span> <span class='ocrx_word' id='word_1_31' title='bbox 807 870 901 924; x_wconf 75' lang='grc' dir='ltr'>κα).</span> <span class='ocrx_word' id='word_1_32' title='bbox 933 869 1062 924; x_wconf 74' lang='grc' dir='ltr'>ὅντα</span> <span class='ocrx_word' id='word_1_33' title='bbox 1094 873 1150 924; x_wconf 83' lang='grc' dir='ltr'>ὲν</span> <span class='ocrx_word' id='word_1_34' title='bbox 1183 868 1330 941; x_wconf 81' lang='grc' dir='ltr'>δεξιᾷ</span> <span class='ocrx_word' id='word_1_35' title='bbox 1354 870 1447 923; x_wconf 78' lang='grc' dir='ltr'>τοῦ</span> <span class='ocrx_word' id='word_1_36' title='bbox 1475 870 1712 940; x_wconf 85' lang='grc' dir='ltr'>Πατρὸς,</span> <span class='ocrx_word' id='word_1_37' title='bbox 1743 869 1834 922; x_wconf 78' lang='grc' dir='ltr'><strong>καὶ</strong></span> <span class='ocrx_word' id='word_1_38' title='bbox 1867 868 1957 939; x_wconf 75' lang='grc' dir='ltr'>ἕρ-</span> 
     </span>
    </p>
   </div>
   <div class='ocr_carea' id='block_1_7' title="bbox 385 957 1956 1030">
    <p class='ocr_par' dir='ltr' id='par_1_7' title="bbox 385 957 1956 1030">
     <span class='ocr_line' id='line_1_7' title="bbox 385 957 1956 1030; baseline 0 -19"><span class='ocrx_word' id='word_1_39' title='bbox 385 958 611 1028; x_wconf 83' lang='grc' dir='ltr'>χόμενον</span> <span class='ocrx_word' id='word_1_40' title='bbox 656 960 835 1028; x_wconf 84' lang='grc' dir='ltr'>κρῖναι</span> <span class='ocrx_word' id='word_1_41' title='bbox 873 957 1078 1021; x_wconf 77' lang='grc' dir='ltr'>ζῶντας</span> <span class='ocrx_word' id='word_1_42' title='bbox 1112 958 1207 1011; x_wconf 76' lang='grc' dir='ltr'><strong>καὶ</strong></span> <span class='ocrx_word' id='word_1_43' title='bbox 1240 957 1483 1030; x_wconf 84' lang='grc' dir='ltr'>νεκρούς.</span> <span class='ocrx_word' id='word_1_44' title='bbox 1519 960 1628 1011; x_wconf 69' lang='grc' dir='ltr'><strong>Καὶ</strong></span> <span class='ocrx_word' id='word_1_45' title='bbox 1655 957 1826 1011; x_wconf 73' lang='grc' dir='ltr'>ταῦτα</span> <span class='ocrx_word' id='word_1_46' title='bbox 1867 958 1956 1011; x_wconf 82' lang='grc' dir='ltr'>λέ-</span> 
     </span>
    </p>
   </div>
   <div class='ocr_carea' id='block_1_8' title="bbox 1538 378 3621 436">
    <p class='ocr_par' dir='ltr' id='par_1_8' title="bbox 1538 378 3621 436">
     <span class='ocr_line' id='line_1_8' title="bbox 1538 378 3621 436; baseline -0.002 0"><span class='ocrx_word' id='word_1_47' title='bbox 1538 378 1837 436; x_wconf 64' lang='grc' dir='ltr'><strong>λΟΟΝΤΒΑ</strong></span> <span class='ocrx_word' id='word_1_48' title='bbox 1872 378 2198 435; x_wconf 64' lang='grc' dir='ltr'><strong>ΠεΕΒΕδίΝ</strong></span> <span class='ocrx_word' id='word_1_49' title='bbox 2242 379 2467 436; x_wconf 75' lang='grc' dir='ltr'><strong>ΝΟΕἹΊ.</strong></span> <span class='ocrx_word' id='word_1_50' title='bbox 3516 380 3621 433; x_wconf 66' lang='grc'><strong>8011</strong></span> 
     </span>
    </p>
   </div>
   <div class='ocr_carea' id='block_1_9' title="bbox 366 503 1964 580">
    <p class='ocr_par' dir='ltr' id='par_1_9' title="bbox 366 505 1954 580">
     <span class='ocr_line' id='line_1_9' title="bbox 366 505 1954 580; baseline -0.003 -19"><span class='ocrx_word' id='word_1_51' title='bbox 366 508 473 561; x_wconf 66' lang='grc' dir='ltr'>’τὸν</span> <span class='ocrx_word' id='word_1_52' title='bbox 507 505 768 580; x_wconf 80' lang='grc' dir='ltr'>Χριστόν;</span> <span class='ocrx_word' id='word_1_53' title='bbox 809 508 952 580; x_wconf 89' lang='grc' dir='ltr'>Πρὸς</span> <span class='ocrx_word' id='word_1_54' title='bbox 983 507 1040 562; x_wconf 77' lang='grc' dir='ltr'>ὃν</span> <span class='ocrx_word' id='word_1_55' title='bbox 1066 506 1547 577; x_wconf 83' lang='grc' dir='ltr'>ἀνταποκρινονται</span> <span class='ocrx_word' id='word_1_56' title='bbox 1582 507 1631 558; x_wconf 79' lang='grc' dir='ltr'><strong>οἱ</strong></span> <span class='ocrx_word' id='word_1_57' title='bbox 1656 505 1954 577; x_wconf 74' lang='grc' dir='ltr'>πρεσϐύτε-</span> 
     </span>
    </p>
   </div>
   <div class='ocr_carea' id='block_1_10' title="bbox 2064 503 3623 580">
    <p class='ocr_par' dir='ltr' id='par_1_10' title="bbox 2064 504 3623 577">
     <span class='ocr_line' id='line_1_10' title="bbox 2064 504 3623 577; baseline 0.006 -22"><span class='ocrx_word' id='word_1_58' title='bbox 2064 504 2251 559; x_wconf 79' lang='lat' dir='ltr'><strong>Filium</strong></span> <span class='ocrx_word' id='word_1_59' title='bbox 2286 519 2530 575; x_wconf 85' lang='lat' dir='ltr'><strong>passum.</strong></span> <span class='ocrx_word' id='word_1_60' title='bbox 2567 505 2709 562; x_wconf 86' lang='lat' dir='ltr'><strong>sicut</strong></span> <span class='ocrx_word' id='word_1_61' title='bbox 2751 522 2946 577; x_wconf 84' lang='lat' dir='ltr'><strong>passus</strong></span> <span class='ocrx_word' id='word_1_62' title='bbox 2974 517 3091 576; x_wconf 78' lang='lat' dir='ltr'><strong>est;</strong></span> <span class='ocrx_word' id='word_1_63' title='bbox 3127 519 3402 565; x_wconf 88' lang='lat' dir='ltr'><strong>mortuum</strong></span> <span class='ocrx_word' id='word_1_64' title='bbox 3426 549 3440 575; x_wconf 94' lang='lat'><strong>,</strong></span> <span class='ocrx_word' id='word_1_65' title='bbox 3480 509 3623 564; x_wconf 89' lang='lat' dir='ltr'><strong>sicut</strong></span> 
     </span>
    </p>
   </div>
   <div class='ocr_carea' id='block_1_11' title="bbox 2060 598 3620 667">
    <p class='ocr_par' dir='ltr' id='par_1_11' title="bbox 2060 598 3620 667">
     <span class='ocr_line' id='line_1_11' title="bbox 2060 598 3620 667; baseline 0.004 -19"><span class='ocrx_word' id='word_1_66' title='bbox 2060 607 2307 651; x_wconf 83' lang='lat' dir='ltr'><strong>mortuus</strong></span> <span class='ocrx_word' id='word_1_67' title='bbox 2333 605 2451 661; x_wconf 91' lang='lat' dir='ltr'><strong>est;</strong></span> <span class='ocrx_word' id='word_1_68' title='bbox 2493 606 2547 651; x_wconf 85' lang='lat' dir='ltr'><strong>et</strong></span> <span class='ocrx_word' id='word_1_69' title='bbox 2579 598 2901 654; x_wconf 89' lang='lat' dir='ltr'><strong>suscitatum</strong></span> <span class='ocrx_word' id='word_1_70' title='bbox 2936 601 3093 657; x_wconf 86' lang='lat' dir='ltr'><strong>tertia</strong></span> <span class='ocrx_word' id='word_1_71' title='bbox 3125 601 3231 667; x_wconf 92' lang='lat' dir='ltr'><strong>die,</strong></span> <span class='ocrx_word' id='word_1_72' title='bbox 3269 610 3323 656; x_wconf 90' lang='lat' dir='ltr'><strong>et</strong></span> <span class='ocrx_word' id='word_1_73' title='bbox 3344 600 3620 656; x_wconf 87' lang='lat' dir='ltr'><strong>sedentem</strong></span> 
     </span>
    </p>
   </div>
   <div class='ocr_carea' id='block_1_12' title="bbox 2059 686 3619 763">
    <p class='ocr_par' dir='ltr' id='par_1_12' title="bbox 2059 686 3619 763">
     <span class='ocr_line' id='line_1_12' title="bbox 2059 686 3619 763; baseline 0.004 -23"><span class='ocrx_word' id='word_1_74' title='bbox 2059 686 2127 740; x_wconf 87' lang='lat' dir='ltr'><strong>ad</strong></span> <span class='ocrx_word' id='word_1_75' title='bbox 2173 687 2451 741; x_wconf 74' lang='lat' dir='ltr'><strong>dexteram</strong></span> <span class='ocrx_word' id='word_1_76' title='bbox 2490 687 2696 755; x_wconf 88' lang='lat' dir='ltr'><strong>Patris,</strong></span> <span class='ocrx_word' id='word_1_77' title='bbox 2729 699 3126 763; x_wconf 80' lang='lat' dir='ltr'><strong>venturumque</strong></span> <span class='ocrx_word' id='word_1_78' title='bbox 3155 693 3222 747; x_wconf 91' lang='lat' dir='ltr'><strong>ad</strong></span> <span class='ocrx_word' id='word_1_79' title='bbox 3260 692 3619 763; x_wconf 88' lang='lat' dir='ltr'><strong>judicandum</strong></span> 
     </span>
    </p>
   </div>
   <div class='ocr_carea' id='block_1_13' title="bbox 2059 777 3624 854">
    <p class='ocr_par' dir='ltr' id='par_1_13' title="bbox 2059 777 3624 854">
     <span class='ocr_line' id='line_1_13' title="bbox 2059 777 3624 854; baseline 0.005 -23"><span class='ocrx_word' id='word_1_80' title='bbox 2059 777 2211 831; x_wconf 86' lang='lat' dir='ltr'><strong>vivos</strong></span> <span class='ocrx_word' id='word_1_81' title='bbox 2233 789 2286 832; x_wconf 87' lang='lat' dir='ltr'><strong>et</strong></span> <span class='ocrx_word' id='word_1_82' title='bbox 2314 789 2582 835; x_wconf 90' lang='lat' dir='ltr'><strong>mortuos.</strong></span> <span class='ocrx_word' id='word_1_83' title='bbox 2625 780 2801 851; x_wconf 82' lang='lat' dir='ltr'><strong>Atque</strong></span> <span class='ocrx_word' id='word_1_84' title='bbox 2831 783 2946 839; x_wconf 67' lang='lat' dir='ltr'><strong>haec</strong></span> <span class='ocrx_word' id='word_1_85' title='bbox 2986 784 3242 846; x_wconf 87' lang='lat' dir='ltr'><strong>dicimus.</strong></span> <span class='ocrx_word' id='word_1_86' title='bbox 3280 800 3402 854; x_wconf 63' lang='lat' dir='ltr'><strong>quae</strong></span> <span class='ocrx_word' id='word_1_87' title='bbox 3431 784 3624 839; x_wconf 87' lang='lat' dir='ltr'><strong>didici-</strong></span> 
     </span>
    </p>
   </div>
   <div class='ocr_carea' id='block_1_14' title="bbox 2058 866 3621 944">
    <p class='ocr_par' dir='ltr' id='par_1_14' title="bbox 2058 866 3621 944">
     <span class='ocr_line' id='line_1_14' title="bbox 2058 866 3621 944; baseline 0.006 -25"><span class='ocrx_word' id='word_1_88' title='bbox 2058 882 2203 920; x_wconf 89' lang='lat' dir='ltr'><strong>mus.</strong></span> <span class='ocrx_word' id='word_1_89' title='bbox 2236 866 2391 922; x_wconf 89' lang='lat' dir='ltr'><strong>Tunc</strong></span> <span class='ocrx_word' id='word_1_90' title='bbox 2420 869 2583 923; x_wconf 91' lang='lat' dir='ltr'><strong>istum</strong></span> <span class='ocrx_word' id='word_1_91' title='bbox 2615 872 2925 928; x_wconf 88' lang='lat' dir='ltr'><strong>convictum</strong></span> <span class='ocrx_word' id='word_1_92' title='bbox 2947 874 3226 944; x_wconf 83' lang='lat' dir='ltr'><strong>ejecerunt</strong></span> <span class='ocrx_word' id='word_1_93' title='bbox 3251 890 3314 929; x_wconf 77' lang='lat' dir='ltr'><strong>ex</strong></span> <span class='ocrx_word' id='word_1_94' title='bbox 3354 874 3621 943; x_wconf 79' lang='lat' dir='ltr'><strong>ecclesia;</strong></span> 
     </span>
    </p>
   </div>
   <div class='ocr_carea' id='block_1_15' title="bbox 2061 959 3449 1028">
    <p class='ocr_par' dir='ltr' id='par_1_15' title="bbox 2061 959 3449 1028">
     <span class='ocr_line' id='line_1_15' title="bbox 2061 959 3449 1028; baseline 0.009 -17"><span class='ocrx_word' id='word_1_95' title='bbox 2061 959 2244 1028; x_wconf 79' lang='lat' dir='ltr'><strong>quieo</strong></span> <span class='ocrx_word' id='word_1_96' title='bbox 2274 960 2570 1017; x_wconf 85' lang='lat' dir='ltr'><strong>inﬂationis</strong></span> <span class='ocrx_word' id='word_1_97' title='bbox 2594 963 2762 1026; x_wconf 84' lang='lat' dir='ltr'><strong>venit,</strong></span> <span class='ocrx_word' id='word_1_98' title='bbox 2798 973 2858 1019; x_wconf 92' lang='lat' dir='ltr'><strong>ut</strong></span> <span class='ocrx_word' id='word_1_99' title='bbox 2891 965 3086 1022; x_wconf 90' lang='lat' dir='ltr'><strong>docere</strong></span> <span class='ocrx_word' id='word_1_100' title='bbox 3119 967 3449 1023; x_wconf 82' lang='lat' dir='ltr'><strong>institueret.</strong></span> 
     </span>
    </p>
   </div>
   <div class='ocr_carea' id='block_1_16' title="bbox 385 1048 3629 1137">
    <p class='ocr_par' dir='ltr' id='par_1_16' title="bbox 385 1048 3629 1137">
     <span class='ocr_line' id='line_1_16' title="bbox 385 1048 3629 1137; baseline 0.003 -38"><span class='ocrx_word' id='word_1_101' title='bbox 385 1065 551 1118; x_wconf 87' lang='grc' dir='ltr'>γομεν</span> <span class='ocrx_word' id='word_1_102' title='bbox 579 1048 613 1100; x_wconf 85' lang='grc' dir='ltr'>ἃ</span> <span class='ocrx_word' id='word_1_103' title='bbox 643 1048 937 1119; x_wconf 77' lang='grc' dir='ltr'>ἐμάθομεν.</span> <span class='ocrx_word' id='word_1_104' title='bbox 973 1049 1105 1136; x_wconf 82' lang='grc' dir='ltr'>Τότε</span> <span class='ocrx_word' id='word_1_105' title='bbox 1143 1049 1331 1103; x_wconf 76' lang='grc' dir='ltr'>τοῦτον</span> <span class='ocrx_word' id='word_1_106' title='bbox 1358 1050 1673 1119; x_wconf 79' lang='grc' dir='ltr'>ἐλέγξαντες</span> <span class='ocrx_word' id='word_1_107' title='bbox 1714 1049 1953 1116; x_wconf 76' lang='grc' dir='ltr'>ἐξέωσαν</span> <span class='ocrx_word' id='word_1_108' title='bbox 1988 1049 2092 1119; x_wconf 71' lang='grc' dir='ltr'>τῆς</span> <span class='ocrx_word' id='word_1_109' title='bbox 2120 1051 2412 1137; x_wconf 50' lang='grc' dir='ltr'>ἐκκλησίας</span> <span class='ocrx_word' id='word_1_110' title='bbox 2440 1052 2550 1123; x_wconf 70' lang='grc'>(72)</span> <span class='ocrx_word' id='word_1_111' title='bbox 2586 1070 2600 1083; x_wconf 91' lang='grc'><strong>·</strong></span> <span class='ocrx_word' id='word_1_112' title='bbox 2648 1054 2706 1119; x_wconf 84' lang='grc' dir='ltr'>ὃς</span> <span class='ocrx_word' id='word_1_113' title='bbox 2726 1057 2805 1119; x_wconf 83' lang='grc' dir='ltr'><strong>είς</strong></span> <span class='ocrx_word' id='word_1_114' title='bbox 2830 1055 3053 1110; x_wconf 78' lang='grc' dir='ltr'>τοσοῦτο</span> <span class='ocrx_word' id='word_1_115' title='bbox 3112 1056 3369 1128; x_wconf 87' lang='grc' dir='ltr'>φυσίωμα</span> <span class='ocrx_word' id='word_1_116' title='bbox 3403 1054 3629 1127; x_wconf 78' lang='grc' dir='ltr'>ἠνέχθη,</span> 
     </span>
    </p>
   </div>
   <div class='ocr_carea' id='block_1_17' title="bbox 386 1130 1171 1209">
    <p class='ocr_par' dir='ltr' id='par_1_17' title="bbox 386 1130 1171 1209">
     <span class='ocr_line' id='line_1_17' title="bbox 386 1130 1171 1209; baseline 0.005 -20"><span class='ocrx_word' id='word_1_117' title='bbox 386 1138 463 1201; x_wconf 85' lang='grc' dir='ltr'>ὠς</span> <span class='ocrx_word' id='word_1_118' title='bbox 489 1136 858 1191; x_wconf 80' lang='grc' dir='ltr'>διδασκαλεῖον</span> <span class='ocrx_word' id='word_1_119' title='bbox 887 1130 1171 1209; x_wconf 73' lang='grc' dir='ltr'>συστῆσαι.</span> 
     </span>
    </p>
   </div>
   <div class='ocr_carea' id='block_1_18' title="bbox 455 1232 1957 1307">
    <p class='ocr_par' dir='ltr' id='par_1_18' title="bbox 455 1232 1957 1307">
     <span class='ocr_line' id='line_1_18' title="bbox 455 1232 1957 1307; baseline 0.003 -22"><span class='ocrx_word' id='word_1_120' title='bbox 455 1235 516 1285; x_wconf 84' lang='grc' dir='ltr'><strong>Οἱ</strong></span> <span class='ocrx_word' id='word_1_121' title='bbox 548 1232 641 1286; x_wconf 82' lang='grc' dir='ltr'><strong>καὶ</strong></span> <span class='ocrx_word' id='word_1_122' title='bbox 670 1232 837 1297; x_wconf 78' lang='grc' dir='ltr'>δεῖξαι</span> <span class='ocrx_word' id='word_1_123' title='bbox 870 1233 1143 1304; x_wconf 81' lang='grc' dir='ltr'>βούλονται</span> <span class='ocrx_word' id='word_1_124' title='bbox 1186 1233 1441 1288; x_wconf 89' lang='grc' dir='ltr'>σύστασιν</span> <span class='ocrx_word' id='word_1_125' title='bbox 1472 1233 1550 1306; x_wconf 81' lang='grc' dir='ltr'><strong>τῷ</strong></span> <span class='ocrx_word' id='word_1_126' title='bbox 1590 1235 1838 1307; x_wconf 80' lang='grc' dir='ltr'><strong>δόγματι,</strong></span> <span class='ocrx_word' id='word_1_127' title='bbox 1872 1236 1957 1290; x_wconf 51' lang='grc' dir='ltr'>λέ,</span> 
     </span>
    </p>
   </div>
   <div class='ocr_carea' id='block_1_19' title="bbox 386 1314 1959 1397">
    <p class='ocr_par' dir='ltr' id='par_1_19' title="bbox 386 1314 1959 1397">
     <span class='ocr_line' id='line_1_19' title="bbox 386 1314 1959 1397; baseline 0.004 -23"><span class='ocrx_word' id='word_1_128' title='bbox 386 1340 591 1392; x_wconf 63' lang='grc' dir='ltr'>γοντεςι</span> <span class='ocrx_word' id='word_1_129' title='bbox 620 1314 785 1392; x_wconf 51' lang='grc' dir='ltr'>Εἶπεν</span> <span class='ocrx_word' id='word_1_130' title='bbox 812 1326 869 1377; x_wconf 84' lang='grc' dir='ltr'>ὲν</span> <span class='ocrx_word' id='word_1_131' title='bbox 900 1324 1068 1397; x_wconf 80' lang='grc' dir='ltr'>νόμῳ·</span> <span class='ocrx_word' id='word_1_132' title='bbox 1108 1345 1127 1378; x_wconf 76' lang='grc' dir='ltr'><strong>ι</strong></span> <span class='ocrx_word' id='word_1_133' title='bbox 1171 1324 1311 1394; x_wconf 88' lang='grc' dir='ltr'><strong>Ἑγώ</strong></span> <span class='ocrx_word' id='word_1_134' title='bbox 1343 1328 1457 1397; x_wconf 86' lang='grc' dir='ltr'>εἰμι</span> <span class='ocrx_word' id='word_1_135' title='bbox 1494 1328 1522 1380; x_wconf 98' lang='lat'><strong>6</strong></span> <span class='ocrx_word' id='word_1_136' title='bbox 1551 1327 1682 1391; x_wconf 86' lang='grc' dir='ltr'>Θεὸς</span> <span class='ocrx_word' id='word_1_137' title='bbox 1713 1328 1822 1381; x_wconf 85' lang='grc' dir='ltr'><strong>τῶν</strong></span> <span class='ocrx_word' id='word_1_138' title='bbox 1855 1345 1959 1381; x_wconf 86' lang='grc' dir='ltr'>πα-</span> 
     </span>
    </p>
   </div>
   <div class='ocr_carea' id='block_1_20' title="bbox 386 1415 1960 1493">
    <p class='ocr_par' dir='ltr' id='par_1_20' title="bbox 386 1415 1960 1493">
     <span class='ocr_line' id='line_1_20' title="bbox 386 1415 1960 1493; baseline 0.004 -26"><span class='ocrx_word' id='word_1_139' title='bbox 386 1415 560 1486; x_wconf 83' lang='grc' dir='ltr'>τέρων</span> <span class='ocrx_word' id='word_1_140' title='bbox 615 1415 799 1487; x_wconf 79' lang='grc' dir='ltr'>ὑμῶν·</span> <span class='ocrx_word' id='word_1_141' title='bbox 850 1417 951 1471; x_wconf 80' lang='grc' dir='ltr'><strong>οὐκ</strong></span> <span class='ocrx_word' id='word_1_142' title='bbox 1001 1417 1210 1471; x_wconf 79' lang='grc' dir='ltr'>ἔσονται</span> <span class='ocrx_word' id='word_1_143' title='bbox 1257 1419 1386 1489; x_wconf 80' lang='grc' dir='ltr'>ὑμῖν</span> <span class='ocrx_word' id='word_1_144' title='bbox 1420 1418 1546 1473; x_wconf 75' lang='grc' dir='ltr'>θεοὶ</span> <span class='ocrx_word' id='word_1_145' title='bbox 1590 1419 1768 1492; x_wconf 73' lang='grc' dir='ltr'>ἕτεροι</span> <span class='ocrx_word' id='word_1_146' title='bbox 1819 1420 1960 1493; x_wconf 77' lang='grc' dir='ltr'>πλὴν</span> 
     </span>
    </p>
   </div>
   <div class='ocr_carea' id='block_1_21' title="bbox 388 1506 1958 1585">
    <p class='ocr_par' dir='ltr' id='par_1_21' title="bbox 388 1506 1958 1585">
     <span class='ocr_line' id='line_1_21' title="bbox 388 1506 1958 1585; baseline 0.005 -27"><span class='ocrx_word' id='word_1_147' title='bbox 388 1506 544 1577; x_wconf 81' lang='grc' dir='ltr'>ἐμοῦ.</span> <span class='ocrx_word' id='word_1_148' title='bbox 578 1509 731 1563; x_wconf 73' lang='grc' dir='ltr'>»Καὶ</span> <span class='ocrx_word' id='word_1_149' title='bbox 760 1509 920 1563; x_wconf 85' lang='grc' dir='ltr'>πάλιν</span> <span class='ocrx_word' id='word_1_150' title='bbox 947 1511 1004 1563; x_wconf 83' lang='grc' dir='ltr'>ὲν</span> <span class='ocrx_word' id='word_1_151' title='bbox 1036 1512 1224 1583; x_wconf 80' lang='grc' dir='ltr'><strong>ἑτέρῳ·</strong></span> <span class='ocrx_word' id='word_1_152' title='bbox 1253 1531 1272 1564; x_wconf 77' lang='grc' dir='ltr'><strong>ι</strong></span> <span class='ocrx_word' id='word_1_153' title='bbox 1318 1510 1479 1581; x_wconf 85' lang='grc' dir='ltr'>Ἐγὼ,</span> <span class='ocrx_word' id='word_1_154' title='bbox 1511 1513 1695 1584; x_wconf 75' lang='grc' dir='ltr'>φησὶν,</span> <span class='ocrx_word' id='word_1_155' title='bbox 1724 1513 1958 1585; x_wconf 83' lang='grc' dir='ltr'>πρῶτος,</span> 
     </span>
    </p>
   </div>
   <div class='ocr_carea' id='block_1_22' title="bbox 387 1598 1961 1675">
    <p class='ocr_par' dir='ltr' id='par_1_22' title="bbox 387 1598 1961 1675">
     <span class='ocr_line' id='line_1_22' title="bbox 387 1598 1961 1675; baseline 0.004 -24"><span class='ocrx_word' id='word_1_156' title='bbox 387 1600 484 1652; x_wconf 74' lang='grc' dir='ltr'>καὶ</span> <span class='ocrx_word' id='word_1_157' title='bbox 517 1598 762 1671; x_wconf 77' lang='grc' dir='ltr'>ἔσχατος,</span> <span class='ocrx_word' id='word_1_158' title='bbox 797 1603 892 1654; x_wconf 75' lang='grc' dir='ltr'><strong>καὶ</strong></span> <span class='ocrx_word' id='word_1_159' title='bbox 945 1603 1058 1674; x_wconf 89' lang='grc' dir='ltr'>μετ’</span> <span class='ocrx_word' id='word_1_160' title='bbox 1083 1604 1182 1675; x_wconf 78' lang='grc' dir='ltr'>ἐμὲ</span> <span class='ocrx_word' id='word_1_161' title='bbox 1214 1603 1312 1657; x_wconf 83' lang='grc' dir='ltr'><strong>οὐκ</strong></span> <span class='ocrx_word' id='word_1_162' title='bbox 1353 1604 1498 1658; x_wconf 77' lang='grc' dir='ltr'>ἔστιν</span> <span class='ocrx_word' id='word_1_163' title='bbox 1537 1604 1726 1668; x_wconf 78' lang='grc' dir='ltr'>οὐδείς.</span> <span class='ocrx_word' id='word_1_164' title='bbox 1760 1623 1779 1656; x_wconf 76' lang='grc' dir='ltr'><strong>ι</strong></span> <span class='ocrx_word' id='word_1_165' title='bbox 1805 1603 1961 1658; x_wconf 79' lang='grc' dir='ltr'>Οὕτω</span> 
     </span>
    </p>
   </div>
   <div class='ocr_carea' id='block_1_23' title="bbox 391 1689 1963 1765">
    <p class='ocr_par' dir='ltr' id='par_1_23' title="bbox 391 1689 1963 1765">
     <span class='ocr_line' id='line_1_23' title="bbox 391 1689 1963 1765; baseline 0.004 -24"><span class='ocrx_word' id='word_1_166' title='bbox 391 1689 686 1758; x_wconf 83' lang='grc' dir='ltr'>φάσκουσιν</span> <span class='ocrx_word' id='word_1_167' title='bbox 731 1694 985 1763; x_wconf 81' lang='grc' dir='ltr'>συνιστᾷν</span> <span class='ocrx_word' id='word_1_168' title='bbox 1030 1693 1125 1746; x_wconf 74' lang='grc' dir='ltr'>ἕνα</span> <span class='ocrx_word' id='word_1_169' title='bbox 1158 1692 1310 1747; x_wconf 86' lang='grc' dir='ltr'>Θεόν.</span> <span class='ocrx_word' id='word_1_170' title='bbox 1344 1693 1406 1747; x_wconf 79' lang='grc' dir='ltr'><strong>Οἳ</strong></span> <span class='ocrx_word' id='word_1_171' title='bbox 1458 1694 1838 1765; x_wconf 74' lang='grc' dir='ltr'>ἀποκρίνονται</span> <span class='ocrx_word' id='word_1_172' title='bbox 1875 1693 1963 1747; x_wconf 87' lang='grc' dir='ltr'>λέ-</span> 
     </span>
    </p>
   </div>
   <div class='ocr_carea' id='block_1_24' title="bbox 386 1748 2010 1853">
    <p class='ocr_par' dir='ltr' id='par_1_24' title="bbox 386 1748 2010 1853">
     <span class='ocr_line' id='line_1_24' title="bbox 386 1748 2010 1853; baseline 0.004 -24"><span class='ocrx_word' id='word_1_173' title='bbox 386 1748 593 1845; x_wconf 74' lang='grc' dir='ltr'>γοντεςο</span> <span class='ocrx_word' id='word_1_174' title='bbox 639 1779 702 1831; x_wconf 81' lang='grc' dir='ltr'><strong>Εἰ</strong></span> <span class='ocrx_word' id='word_1_175' title='bbox 741 1774 834 1832; x_wconf 81' lang='grc' dir='ltr'><strong>οὖν</strong></span> <span class='ocrx_word' id='word_1_176' title='bbox 880 1748 1112 1853; x_wconf 75' lang='grc' dir='ltr'>Χριστὸν</span> <span class='ocrx_word' id='word_1_177' title='bbox 1158 1781 1403 1852; x_wconf 78' lang='grc' dir='ltr'>ὁμολογῶ</span> <span class='ocrx_word' id='word_1_178' title='bbox 1447 1748 1618 1845; x_wconf 76' lang='grc' dir='ltr'><strong>Θεὸν,⁸</strong></span> <span class='ocrx_word' id='word_1_179' title='bbox 1653 1782 1814 1853; x_wconf 82' lang='grc' dir='ltr'>αὐτὸς</span> <span class='ocrx_word' id='word_1_180' title='bbox 1853 1783 1958 1852; x_wconf 80' lang='grc' dir='ltr'>ἄρα</span> <span class='ocrx_word' id='word_1_181' title='bbox 1993 1748 2010 1804; x_wconf 59' lang='grc' dir='ltr'><strong>ί</strong></span> 
     </span>
    </p>
   </div>
   <div class='ocr_carea' id='block_1_25' title="bbox 384 1862 1961 1946">
    <p class='ocr_par' dir='ltr' id='par_1_25' title="bbox 384 1862 1961 1946">
     <span class='ocr_line' id='line_1_25' title="bbox 384 1862 1961 1946; baseline 0.004 -26"><span class='ocrx_word' id='word_1_182' title='bbox 384 1866 538 1920; x_wconf 70' lang='grc' dir='ltr'>ἐστὶν</span> <span class='ocrx_word' id='word_1_183' title='bbox 562 1869 599 1920; x_wconf 65' lang='lat'>‘6</span> <span class='ocrx_word' id='word_1_184' title='bbox 629 1866 835 1940; x_wconf 65' lang='grc' dir='ltr'>Πατεερ,</span> <span class='ocrx_word' id='word_1_185' title='bbox 867 1871 914 1922; x_wconf 80' lang='grc' dir='ltr'>εξ</span> <span class='ocrx_word' id='word_1_186' title='bbox 945 1870 1051 1943; x_wconf 84' lang='grc' dir='ltr'><strong>γάρ</strong></span> <span class='ocrx_word' id='word_1_187' title='bbox 1079 1873 1227 1925; x_wconf 79' lang='grc' dir='ltr'>ἐστιν</span> <span class='ocrx_word' id='word_1_188' title='bbox 1268 1876 1297 1927; x_wconf 91' lang='lat'><strong>6</strong></span> <span class='ocrx_word' id='word_1_189' title='bbox 1323 1874 1475 1938; x_wconf 88' lang='grc' dir='ltr'>Θεός·</span> <span class='ocrx_word' id='word_1_190' title='bbox 1508 1862 1705 1927; x_wconf 75' lang='grc' dir='ltr'>ἔπαθεν</span> <span class='ocrx_word' id='word_1_191' title='bbox 1743 1874 1800 1927; x_wconf 82' lang='grc' dir='ltr'>δὲ</span> <span class='ocrx_word' id='word_1_192' title='bbox 1828 1875 1961 1946; x_wconf 85' lang='grc' dir='ltr'>Χρι-</span> 
     </span>
    </p>
   </div>
   <div class='ocr_carea' id='block_1_26' title="bbox 393 1955 1960 2034">
    <p class='ocr_par' dir='ltr' id='par_1_26' title="bbox 393 1955 1960 2034">
     <span class='ocr_line' id='line_1_26' title="bbox 393 1955 1960 2034; baseline 0.005 -26"><span class='ocrx_word' id='word_1_193' title='bbox 393 1955 538 2019; x_wconf 82' lang='grc' dir='ltr'>στὸς,</span> <span class='ocrx_word' id='word_1_194' title='bbox 566 1957 729 2021; x_wconf 80' lang='grc' dir='ltr'>αὐτὸς</span> <span class='ocrx_word' id='word_1_195' title='bbox 757 1956 832 2011; x_wconf 83' lang='grc' dir='ltr'>ὢν</span> <span class='ocrx_word' id='word_1_196' title='bbox 859 1959 1010 2023; x_wconf 83' lang='grc' dir='ltr'>Θεὸς,</span> <span class='ocrx_word' id='word_1_197' title='bbox 1043 1962 1149 2031; x_wconf 87' lang='grc' dir='ltr'>ἄρα</span> <span class='ocrx_word' id='word_1_198' title='bbox 1179 1959 1271 2016; x_wconf 77' lang='grc' dir='ltr'><strong>οὖν</strong></span> <span class='ocrx_word' id='word_1_199' title='bbox 1303 1963 1499 2018; x_wconf 74' lang='grc' dir='ltr'>ἔπαθεν</span> <span class='ocrx_word' id='word_1_200' title='bbox 1529 1964 1736 2034; x_wconf 84' lang='grc' dir='ltr'>Πατήρ’</span> <span class='ocrx_word' id='word_1_201' title='bbox 1769 1963 1960 2034; x_wconf 80' lang='grc' dir='ltr'>Πατὴρ</span> 
     </span>
    </p>
   </div>
   <div class='ocr_carea' id='block_1_27' title="bbox 384 2042 1961 2125">
    <p class='ocr_par' dir='ltr' id='par_1_27' title="bbox 384 2042 1961 2125">
     <span class='ocr_line' id='line_1_27' title="bbox 384 2042 1961 2125; baseline 0.003 -27"><span class='ocrx_word' id='word_1_202' title='bbox 384 2047 500 2116; x_wconf 83' lang='grc' dir='ltr'>γὰρ</span> <span class='ocrx_word' id='word_1_203' title='bbox 531 2047 692 2111; x_wconf 84' lang='grc' dir='ltr'>αὐτὸς</span> <span class='ocrx_word' id='word_1_204' title='bbox 715 2042 803 2119; x_wconf 84' lang='grc' dir='ltr'>ἦν.</span> <span class='ocrx_word' id='word_1_205' title='bbox 842 2049 980 2102; x_wconf 83' lang='grc' dir='ltr'>Ἀλλ’</span> <span class='ocrx_word' id='word_1_206' title='bbox 1011 2051 1108 2122; x_wconf 81' lang='grc' dir='ltr'><strong>οὐχ</strong></span> <span class='ocrx_word' id='word_1_207' title='bbox 1140 2050 1311 2116; x_wconf 74' lang='grc' dir='ltr'>οὕτως</span> <span class='ocrx_word' id='word_1_208' title='bbox 1348 2052 1479 2123; x_wconf 79' lang='grc' dir='ltr'>ἔχει·</span> <span class='ocrx_word' id='word_1_209' title='bbox 1507 2053 1627 2105; x_wconf 82' lang='grc' dir='ltr'>οὐδὲ</span> <span class='ocrx_word' id='word_1_210' title='bbox 1653 2051 1760 2125; x_wconf 84' lang='grc' dir='ltr'><strong>γὰρ</strong></span> <span class='ocrx_word' id='word_1_211' title='bbox 1788 2049 1961 2114; x_wconf 80' lang='grc' dir='ltr'>οὕτως</span> 
     </span>
    </p>
   </div>
   <div class='ocr_carea' id='block_1_28' title="bbox 384 2138 1963 2216">
    <p class='ocr_par' dir='ltr' id='par_1_28' title="bbox 384 2138 1963 2216">
     <span class='ocr_line' id='line_1_28' title="bbox 384 2138 1963 2216; baseline 0.003 -25"><span class='ocrx_word' id='word_1_212' title='bbox 384 2139 450 2191; x_wconf 75' lang='grc' dir='ltr'><strong>ἀἱ</strong></span> <span class='ocrx_word' id='word_1_213' title='bbox 480 2138 694 2209; x_wconf 78' lang='grc' dir='ltr'>Γραφαὶ</span> <span class='ocrx_word' id='word_1_214' title='bbox 720 2139 1050 2210; x_wconf 83' lang='grc' dir='ltr'>διηγοῦνται.</span> <span class='ocrx_word' id='word_1_215' title='bbox 1082 2143 1332 2215; x_wconf 87' lang='grc' dir='ltr'>Χρῶνται</span> <span class='ocrx_word' id='word_1_216' title='bbox 1362 2145 1419 2198; x_wconf 84' lang='grc' dir='ltr'>δὲ</span> <span class='ocrx_word' id='word_1_217' title='bbox 1456 2145 1549 2199; x_wconf 74' lang='grc' dir='ltr'><strong>καὶ</strong></span> <span class='ocrx_word' id='word_1_218' title='bbox 1584 2145 1795 2216; x_wconf 78' lang='grc' dir='ltr'>ἑτέραις</span> <span class='ocrx_word' id='word_1_219' title='bbox 1825 2160 1963 2215; x_wconf 70' lang='grc' dir='ltr'>μαρο</span> 
     </span>
    </p>
   </div>
   <div class='ocr_carea' id='block_1_29' title="bbox 384 2227 1964 2307">
    <p class='ocr_par' dir='ltr' id='par_1_29' title="bbox 384 2227 1964 2307">
     <span class='ocr_line' id='line_1_29' title="bbox 384 2227 1964 2307; baseline 0.005 -28"><span class='ocrx_word' id='word_1_220' title='bbox 384 2227 628 2299; x_wconf 71' lang='grc' dir='ltr'>τυρίαις,</span> <span class='ocrx_word' id='word_1_221' title='bbox 660 2229 930 2298; x_wconf 85' lang='grc' dir='ltr'>λέγοντες·</span> <span class='ocrx_word' id='word_1_222' title='bbox 961 2233 1118 2287; x_wconf 78' lang='grc' dir='ltr'>Οὕτω</span> <span class='ocrx_word' id='word_1_223' title='bbox 1168 2234 1486 2307; x_wconf 72' lang='grc' dir='ltr'>γέγραπται*</span> <span class='ocrx_word' id='word_1_224' title='bbox 1524 2254 1545 2287; x_wconf 71' lang='grc' dir='ltr'><strong>ι</strong></span> <span class='ocrx_word' id='word_1_225' title='bbox 1585 2228 1754 2298; x_wconf 76' lang='grc' dir='ltr'>Οὗτος</span> <span class='ocrx_word' id='word_1_226' title='bbox 1775 2236 1805 2288; x_wconf 90' lang='lat'><strong>6</strong></span> <span class='ocrx_word' id='word_1_227' title='bbox 1833 2234 1964 2299; x_wconf 88' lang='grc' dir='ltr'>Θεὸς</span> 
     </span>
    </p>
   </div>
   <div class='ocr_carea' id='block_1_30' title="bbox 390 2319 1962 2399">
    <p class='ocr_par' dir='ltr' id='par_1_30' title="bbox 390 2319 1962 2399">
     <span class='ocr_line' id='line_1_30' title="bbox 390 2319 1962 2399; baseline 0.003 -27"><span class='ocrx_word' id='word_1_228' title='bbox 390 2319 571 2389; x_wconf 74' lang='grc' dir='ltr'>ἡμῶν,</span> <span class='ocrx_word' id='word_1_229' title='bbox 601 2321 661 2373; x_wconf 82' lang='grc' dir='ltr'><strong>οὐ</strong></span> <span class='ocrx_word' id='word_1_230' title='bbox 689 2321 1068 2395; x_wconf 83' lang='grc' dir='ltr'>λογισθήσεται</span> <span class='ocrx_word' id='word_1_231' title='bbox 1101 2326 1291 2397; x_wconf 73' lang='grc' dir='ltr'>ἔτερος</span> <span class='ocrx_word' id='word_1_232' title='bbox 1324 2326 1460 2399; x_wconf 90' lang='grc' dir='ltr'>πρὸς</span> <span class='ocrx_word' id='word_1_233' title='bbox 1491 2327 1671 2387; x_wconf 73' lang='grc' dir='ltr'>αὐτόν.</span> <span class='ocrx_word' id='word_1_234' title='bbox 1715 2325 1962 2398; x_wconf 83' lang='grc' dir='ltr'>Ἐξεῦρεν</span> 
     </span>
    </p>
   </div>
   <div class='ocr_carea' id='block_1_31' title="bbox 390 2414 1964 2492">
    <p class='ocr_par' dir='ltr' id='par_1_31' title="bbox 390 2414 1964 2492">
     <span class='ocr_line' id='line_1_31' title="bbox 390 2414 1964 2492; baseline 0.003 -27"><span class='ocrx_word' id='word_1_235' title='bbox 390 2415 574 2466; x_wconf 79' lang='grc' dir='ltr'>πᾶσαν</span> <span class='ocrx_word' id='word_1_236' title='bbox 618 2414 736 2468; x_wconf 82' lang='grc' dir='ltr'>ὁδὸν</span> <span class='ocrx_word' id='word_1_237' title='bbox 789 2417 1116 2487; x_wconf 79' lang='grc' dir='ltr'>ἐπιστήμης,</span> <span class='ocrx_word' id='word_1_238' title='bbox 1169 2420 1263 2473; x_wconf 80' lang='grc' dir='ltr'><strong>καὶ</strong></span> <span class='ocrx_word' id='word_1_239' title='bbox 1308 2419 1503 2473; x_wconf 74' lang='grc' dir='ltr'>ἔδωκεν</span> <span class='ocrx_word' id='word_1_240' title='bbox 1553 2419 1722 2492; x_wconf 81' lang='grc' dir='ltr'>αὐτὴν</span> <span class='ocrx_word' id='word_1_241' title='bbox 1773 2416 1964 2472; x_wconf 78' lang='grc' dir='ltr'>Ἰακὼϐ</span> 
     </span>
    </p>
   </div>
   <div class='ocr_carea' id='block_1_32' title="bbox 396 2497 1964 2583">
    <p class='ocr_par' dir='ltr' id='par_1_32' title="bbox 396 2497 1964 2583">
     <span class='ocr_line' id='line_1_32' title="bbox 396 2497 1964 2583; baseline 0.002 -25"><span class='ocrx_word' id='word_1_242' title='bbox 396 2504 473 2575; x_wconf 83' lang='grc' dir='ltr'><strong>τῷ</strong></span> <span class='ocrx_word' id='word_1_243' title='bbox 521 2506 672 2558; x_wconf 73' lang='grc' dir='ltr'>παιδὶ</span> <span class='ocrx_word' id='word_1_244' title='bbox 722 2507 909 2570; x_wconf 83' lang='grc' dir='ltr'>αὐτοῦ,</span> <span class='ocrx_word' id='word_1_245' title='bbox 960 2497 1055 2563; x_wconf 70' lang='grc' dir='ltr'><strong>καὶ</strong></span> <span class='ocrx_word' id='word_1_246' title='bbox 1110 2509 1322 2583; x_wconf 79' lang='grc' dir='ltr'>Ἰσραὴλ</span> <span class='ocrx_word' id='word_1_247' title='bbox 1364 2510 1442 2583; x_wconf 83' lang='grc' dir='ltr'>τῷ</span> <span class='ocrx_word' id='word_1_248' title='bbox 1486 2509 1826 2581; x_wconf 71' lang='grc' dir='ltr'>ἠγαπημένῳ</span> <span class='ocrx_word' id='word_1_249' title='bbox 1871 2508 1964 2563; x_wconf 82' lang='grc' dir='ltr'><strong>ὑπ’</strong></span> 
     </span>
    </p>
   </div>
   <div class='ocr_carea' id='block_1_33' title="bbox 397 2595 1967 2673">
    <p class='ocr_par' dir='ltr' id='par_1_33' title="bbox 397 2595 1967 2673">
     <span class='ocr_line' id='line_1_33' title="bbox 397 2595 1967 2673; baseline 0.001 -23"><span class='ocrx_word' id='word_1_250' title='bbox 397 2595 584 2650; x_wconf 78' lang='grc' dir='ltr'>αὐτοῦ’</span> <span class='ocrx_word' id='word_1_251' title='bbox 639 2597 775 2668; x_wconf 83' lang='grc' dir='ltr'>μετὰ</span> <span class='ocrx_word' id='word_1_252' title='bbox 806 2598 976 2651; x_wconf 81' lang='grc' dir='ltr'>ταῦτα</span> <span class='ocrx_word' id='word_1_253' title='bbox 1020 2600 1111 2673; x_wconf 67' lang='grc' dir='ltr'>ἐπὶ</span> <span class='ocrx_word' id='word_1_254' title='bbox 1139 2601 1242 2671; x_wconf 81' lang='grc' dir='ltr'>γῆς</span> <span class='ocrx_word' id='word_1_255' title='bbox 1279 2600 1454 2673; x_wconf 82' lang='grc' dir='ltr'>ὤφθη,</span> <span class='ocrx_word' id='word_1_256' title='bbox 1488 2601 1581 2654; x_wconf 82' lang='grc' dir='ltr'><strong>καὶ</strong></span> <span class='ocrx_word' id='word_1_257' title='bbox 1622 2603 1736 2663; x_wconf 85' lang='grc' dir='ltr'>τοῖς</span> <span class='ocrx_word' id='word_1_258' title='bbox 1758 2598 1967 2671; x_wconf 81' lang='grc' dir='ltr'>ἀνθρὼ-</span> 
     </span>
    </p>
   </div>
   <div class='ocr_carea' id='block_1_34' title="bbox 393 2664 1968 2763">
    <p class='ocr_par' dir='ltr' id='par_1_34' title="bbox 393 2664 1968 2763">
     <span class='ocr_line' id='line_1_34' title="bbox 393 2664 1968 2763; baseline 0.003 -23"><span class='ocrx_word' id='word_1_259' title='bbox 393 2702 520 2761; x_wconf 65' lang='grc' dir='ltr'>ποις</span> <span class='ocrx_word' id='word_1_260' title='bbox 561 2664 989 2761; x_wconf 79' lang='grc' dir='ltr'>συνανεστράφη.</span> <span class='ocrx_word' id='word_1_261' title='bbox 1046 2664 1083 2741; x_wconf 60' lang='grc' dir='ltr'>ι’</span> <span class='ocrx_word' id='word_1_262' title='bbox 1111 2664 1273 2763; x_wconf 68' lang='grc' dir='ltr'>Ὁρᾷς</span> <span class='ocrx_word' id='word_1_263' title='bbox 1303 2664 1658 2763; x_wconf 43' lang='grc' dir='ltr'>ούνξφησὶν,</span> <span class='ocrx_word' id='word_1_264' title='bbox 1702 2691 1784 2744; x_wconf 81' lang='grc' dir='ltr'><strong>ὅτι</strong></span> <span class='ocrx_word' id='word_1_265' title='bbox 1813 2664 1968 2754; x_wconf 65' lang='grc' dir='ltr'>ούτός</span> 
     </span>
    </p>
   </div>
   <div class='ocr_carea' id='block_1_35' title="bbox 220 2764 1970 2854">
    <p class='ocr_par' dir='ltr' id='par_1_35' title="bbox 220 2764 1970 2854">
     <span class='ocr_line' id='line_1_35' title="bbox 220 2764 1970 2854; baseline 0.002 -24"><span class='ocrx_word' id='word_1_266' title='bbox 220 2764 227 2777; x_wconf 40' lang='grc'>⁸</span> <span class='ocrx_word' id='word_1_267' title='bbox 300 2834 303 2835; x_wconf 25' lang='grc' dir='ltr'><em>ν</em></span> <span class='ocrx_word' id='word_1_268' title='bbox 398 2780 546 2831; x_wconf 72' lang='grc' dir='ltr'>ἐστιν</span> <span class='ocrx_word' id='word_1_269' title='bbox 585 2780 613 2831; x_wconf 92' lang='lat'><strong>6</strong></span> <span class='ocrx_word' id='word_1_270' title='bbox 644 2777 795 2843; x_wconf 85' lang='grc' dir='ltr'>Θεὸς,</span> <span class='ocrx_word' id='word_1_271' title='bbox 822 2780 851 2832; x_wconf 92' lang='lat'><strong>6</strong></span> <span class='ocrx_word' id='word_1_272' title='bbox 898 2780 1054 2851; x_wconf 82' lang='grc' dir='ltr'>μόνος</span> <span class='ocrx_word' id='word_1_273' title='bbox 1093 2780 1187 2845; x_wconf 86' lang='grc' dir='ltr'>ὣν,</span> <span class='ocrx_word' id='word_1_274' title='bbox 1230 2781 1325 2835; x_wconf 68' lang='grc' dir='ltr'><strong>καὶ</strong></span> <span class='ocrx_word' id='word_1_275' title='bbox 1363 2780 1587 2854; x_wconf 76' lang='grc' dir='ltr'>ὕστερον</span> <span class='ocrx_word' id='word_1_276' title='bbox 1624 2780 1843 2850; x_wconf 71' lang='grc' dir='ltr'>ὼφθεὶς,</span> <span class='ocrx_word' id='word_1_277' title='bbox 1875 2779 1970 2834; x_wconf 77' lang='grc' dir='ltr'>καὶ</span> 
     </span>
    </p>
   </div>
   <div class='ocr_carea' id='block_1_36' title="bbox 398 2867 1970 2943">
    <p class='ocr_par' dir='ltr' id='par_1_36' title="bbox 398 2867 1970 2943">
     <span class='ocr_line' id='line_1_36' title="bbox 398 2867 1970 2943; baseline 0.003 -22"><span class='ocrx_word' id='word_1_278' title='bbox 398 2871 510 2932; x_wconf 80' lang='grc' dir='ltr'>τοῖς</span> <span class='ocrx_word' id='word_1_279' title='bbox 536 2867 840 2940; x_wconf 85' lang='grc' dir='ltr'>ἀνθρώποις</span> <span class='ocrx_word' id='word_1_280' title='bbox 869 2870 1348 2941; x_wconf 82' lang='grc' dir='ltr'>συναναστραφείς.</span> <span class='ocrx_word' id='word_1_281' title='bbox 1380 2870 1527 2943; x_wconf 84' lang='grc' dir='ltr'><strong>[Ἐν]</strong></span> <span class='ocrx_word' id='word_1_282' title='bbox 1557 2872 1728 2942; x_wconf 80' lang='grc' dir='ltr'>ἑτέρῳ</span> <span class='ocrx_word' id='word_1_283' title='bbox 1760 2870 1837 2934; x_wconf 87' lang='grc' dir='ltr'><strong>δὲ,</strong></span> <span class='ocrx_word' id='word_1_284' title='bbox 1865 2886 1970 2941; x_wconf 86' lang='grc' dir='ltr'>φη-</span> 
     </span>
    </p>
   </div>
   <div class='ocr_carea' id='block_1_37' title="bbox 405 2960 1971 3034">
    <p class='ocr_par' dir='ltr' id='par_1_37' title="bbox 405 2960 1971 3034">
     <span class='ocr_line' id='line_1_37' title="bbox 405 2960 1971 3034; baseline 0.002 -19"><span class='ocrx_word' id='word_1_285' title='bbox 405 2964 511 3025; x_wconf 75' lang='grc' dir='ltr'>σὶν,</span> <span class='ocrx_word' id='word_1_286' title='bbox 559 2962 725 3031; x_wconf 86' lang='grc' dir='ltr'>λέγει·</span> <span class='ocrx_word' id='word_1_287' title='bbox 760 2981 777 3013; x_wconf 78' lang='grc' dir='ltr'><strong>ι</strong></span> <span class='ocrx_word' id='word_1_288' title='bbox 802 2960 1122 3017; x_wconf 85' lang='grc' dir='ltr'>Ἐκοπίασεν</span> <span class='ocrx_word' id='word_1_289' title='bbox 1160 2963 1452 3032; x_wconf 62' lang='grc' dir='ltr'>Αἴγυπτος,</span> <span class='ocrx_word' id='word_1_290' title='bbox 1487 2964 1582 3017; x_wconf 73' lang='grc' dir='ltr'><strong>καὶ</strong></span> <span class='ocrx_word' id='word_1_291' title='bbox 1611 2962 1847 3034; x_wconf 80' lang='grc' dir='ltr'>ἐμπόρια</span> <span class='ocrx_word' id='word_1_292' title='bbox 1875 2965 1971 3018; x_wconf 78' lang='lat' dir='ltr'><strong>Ai-</strong></span> 
     </span>
    </p>
   </div>
   <div class='ocr_carea' id='block_1_38' title="bbox 2132 1230 3635 1313">
    <p class='ocr_par' dir='ltr' id='par_1_38' title="bbox 2132 1230 3635 1313">
     <span class='ocr_line' id='line_1_38' title="bbox 2132 1230 3635 1313; baseline 0.004 -28"><span class='ocrx_word' id='word_1_293' title='bbox 2132 1230 2195 1285; x_wconf 88' lang='lat' dir='ltr'><strong>ll.</strong></span> <span class='ocrx_word' id='word_1_294' title='bbox 2226 1230 2423 1288; x_wconf 79' lang='lat' dir='ltr'><strong>Volunt</strong></span> <span class='ocrx_word' id='word_1_295' title='bbox 2449 1242 2627 1289; x_wconf 90' lang='lat' dir='ltr'><strong>autem</strong></span> <span class='ocrx_word' id='word_1_296' title='bbox 2659 1236 2854 1313; x_wconf 80' lang='lat' dir='ltr'><strong>dogma</strong></span> <span class='ocrx_word' id='word_1_297' title='bbox 2880 1252 3039 1292; x_wconf 89' lang='lat' dir='ltr'><strong>suum</strong></span> <span class='ocrx_word' id='word_1_298' title='bbox 3063 1238 3393 1293; x_wconf 82' lang='lat' dir='ltr'><strong>constituere</strong></span> <span class='ocrx_word' id='word_1_299' title='bbox 3421 1245 3476 1293; x_wconf 87' lang='lat' dir='ltr'><strong>et</strong></span> <span class='ocrx_word' id='word_1_300' title='bbox 3503 1252 3635 1292; x_wconf 54' lang='lat' dir='ltr'><strong>con.</strong></span> 
     </span>
    </p>
   </div>
   <div class='ocr_carea' id='block_1_39' title="bbox 2062 1324 3625 1399">
    <p class='ocr_par' dir='ltr' id='par_1_39' title="bbox 2062 1324 3625 1399">
     <span class='ocr_line' id='line_1_39' title="bbox 2062 1324 3625 1399; baseline 0.003 -20"><span class='ocrx_word' id='word_1_301' title='bbox 2062 1324 2303 1388; x_wconf 81' lang='lat' dir='ltr'><strong>firmare,</strong></span> <span class='ocrx_word' id='word_1_302' title='bbox 2339 1325 2467 1394; x_wconf 88' lang='lat' dir='ltr'><strong>quia</strong></span> <span class='ocrx_word' id='word_1_303' title='bbox 2497 1333 2582 1381; x_wconf 86' lang='lat' dir='ltr'><strong>est</strong></span> <span class='ocrx_word' id='word_1_304' title='bbox 2609 1325 2663 1380; x_wconf 89' lang='lat' dir='ltr'><strong>in</strong></span> <span class='ocrx_word' id='word_1_305' title='bbox 2692 1327 2843 1398; x_wconf 81' lang='lat' dir='ltr'><strong>lege:</strong></span> <span class='ocrx_word' id='word_1_306' title='bbox 2883 1346 2901 1378; x_wconf 80' lang='grc' dir='ltr'><strong>ι</strong></span> <span class='ocrx_word' id='word_1_307' title='bbox 2933 1327 3045 1397; x_wconf 84' lang='lat' dir='ltr'><strong>Ego</strong></span> <span class='ocrx_word' id='word_1_308' title='bbox 3083 1344 3203 1383; x_wconf 82' lang='lat' dir='ltr'><strong>sum</strong></span> <span class='ocrx_word' id='word_1_309' title='bbox 3232 1328 3375 1384; x_wconf 91' lang='lat' dir='ltr'><strong>Deus</strong></span> <span class='ocrx_word' id='word_1_310' title='bbox 3410 1337 3625 1399; x_wconf 86' lang='lat' dir='ltr'><strong>patrum</strong></span> 
     </span>
    </p>
   </div>
   <div class='ocr_carea' id='block_1_40' title="bbox 2061 1417 3623 1489">
    <p class='ocr_par' dir='ltr' id='par_1_40' title="bbox 2061 1417 3623 1489">
     <span class='ocr_line' id='line_1_40' title="bbox 2061 1417 3623 1489; baseline 0.001 -20"><span class='ocrx_word' id='word_1_311' title='bbox 2061 1424 2282 1470; x_wconf 90' lang='lat' dir='ltr'><strong>tuorum</strong></span> <span class='ocrx_word' id='word_1_312' title='bbox 2312 1417 2389 1484; x_wconf 77' lang='lat'><strong>&quot;;</strong></span> <span class='ocrx_word' id='word_1_313' title='bbox 2415 1432 2524 1472; x_wconf 92' lang='lat' dir='ltr'><strong>non</strong></span> <span class='ocrx_word' id='word_1_314' title='bbox 2558 1426 2720 1472; x_wconf 87' lang='lat' dir='ltr'><strong>erunt</strong></span> <span class='ocrx_word' id='word_1_315' title='bbox 2745 1418 2900 1473; x_wconf 81' lang='lat' dir='ltr'><strong>vobis</strong></span> <span class='ocrx_word' id='word_1_316' title='bbox 2933 1419 3023 1472; x_wconf 84' lang='lat' dir='ltr'><strong>alii</strong></span> <span class='ocrx_word' id='word_1_317' title='bbox 3052 1419 3126 1473; x_wconf 90' lang='lat' dir='ltr'><strong>dii</strong></span> <span class='ocrx_word' id='word_1_318' title='bbox 3152 1428 3349 1489; x_wconf 60' lang='lat' dir='ltr'><strong>praeter</strong></span> <span class='ocrx_word' id='word_1_319' title='bbox 3380 1434 3467 1473; x_wconf 90' lang='lat' dir='ltr'><strong>me</strong></span> <span class='ocrx_word' id='word_1_320' title='bbox 3499 1418 3567 1473; x_wconf 84' lang='grc'><strong>³⁰.</strong></span> <span class='ocrx_word' id='word_1_321' title='bbox 3601 1437 3623 1471; x_wconf 73' lang='grc' dir='ltr'><strong>ι</strong></span> 
     </span>
    </p>
   </div>
   <div class='ocr_carea' id='block_1_41' title="bbox 2063 1496 3629 1580">
    <p class='ocr_par' dir='ltr' id='par_1_41' title="bbox 2063 1496 3629 1580">
     <span class='ocr_line' id='line_1_41' title="bbox 2063 1496 3629 1580; baseline 0.003 -20"><span class='ocrx_word' id='word_1_322' title='bbox 2063 1507 2131 1562; x_wconf 87' lang='lat' dir='ltr'><strong>Et</strong></span> <span class='ocrx_word' id='word_1_323' title='bbox 2171 1522 2363 1562; x_wconf 89' lang='lat' dir='ltr'><strong>rursus</strong></span> <span class='ocrx_word' id='word_1_324' title='bbox 2407 1508 2460 1561; x_wconf 90' lang='lat' dir='ltr'><strong>in</strong></span> <span class='ocrx_word' id='word_1_325' title='bbox 2490 1508 2598 1562; x_wconf 89' lang='lat' dir='ltr'><strong>alio</strong></span> <span class='ocrx_word' id='word_1_326' title='bbox 2625 1508 2791 1562; x_wconf 91' lang='lat' dir='ltr'><strong>loco:</strong></span> <span class='ocrx_word' id='word_1_327' title='bbox 2831 1527 2849 1560; x_wconf 83' lang='grc' dir='ltr'><strong>ι</strong></span> <span class='ocrx_word' id='word_1_328' title='bbox 2881 1508 2991 1580; x_wconf 86' lang='lat' dir='ltr'><strong>Ego</strong></span> <span class='ocrx_word' id='word_1_329' title='bbox 3027 1525 3147 1566; x_wconf 90' lang='lat' dir='ltr'><strong>sum</strong></span> <span class='ocrx_word' id='word_1_330' title='bbox 3182 1511 3415 1579; x_wconf 87' lang='lat' dir='ltr'><strong>primus,</strong></span> <span class='ocrx_word' id='word_1_331' title='bbox 3443 1496 3497 1565; x_wconf 69' lang='lat' dir='ltr'><strong>et</strong></span> <span class='ocrx_word' id='word_1_332' title='bbox 3527 1525 3629 1580; x_wconf 78' lang='lat' dir='ltr'><strong>ego</strong></span> 
     </span>
    </p>
   </div>
   <div class='ocr_carea' id='block_1_42' title="bbox 2064 1597 3629 1669">
    <p class='ocr_par' dir='ltr' id='par_1_42' title="bbox 2064 1597 3629 1669">
     <span class='ocr_line' id='line_1_42' title="bbox 2064 1597 3629 1669; baseline 0.002 -17"><span class='ocrx_word' id='word_1_333' title='bbox 2064 1597 2430 1664; x_wconf 70' lang='lat' dir='ltr'><strong>novissimus;</strong></span> <span class='ocrx_word' id='word_1_334' title='bbox 2481 1607 2536 1653; x_wconf 87' lang='lat' dir='ltr'><strong>et</strong></span> <span class='ocrx_word' id='word_1_335' title='bbox 2587 1607 2711 1669; x_wconf 92' lang='lat' dir='ltr'><strong>post</strong></span> <span class='ocrx_word' id='word_1_336' title='bbox 2759 1614 2846 1654; x_wconf 90' lang='lat' dir='ltr'><strong>me</strong></span> <span class='ocrx_word' id='word_1_337' title='bbox 2896 1614 3005 1654; x_wconf 90' lang='lat' dir='ltr'><strong>non</strong></span> <span class='ocrx_word' id='word_1_338' title='bbox 3057 1608 3139 1655; x_wconf 89' lang='lat' dir='ltr'><strong>est</strong></span> <span class='ocrx_word' id='word_1_339' title='bbox 3196 1600 3337 1656; x_wconf 87' lang='lat' dir='ltr'><strong>alius</strong></span> <span class='ocrx_word' id='word_1_340' title='bbox 3377 1601 3441 1654; x_wconf 73' lang='grc' dir='ltr'>ἰ.</span> <span class='ocrx_word' id='word_1_341' title='bbox 3480 1598 3629 1661; x_wconf 65' lang='lat' dir='ltr'><strong>»,Sic</strong></span> 
     </span>
    </p>
   </div>
   <div class='ocr_carea' id='block_1_43' title="bbox 2067 1688 3635 1761">
    <p class='ocr_par' dir='ltr' id='par_1_43' title="bbox 2067 1688 3635 1761">
     <span class='ocr_line' id='line_1_43' title="bbox 2067 1688 3635 1761; baseline 0.003 -20"><span class='ocrx_word' id='word_1_342' title='bbox 2067 1688 2218 1742; x_wconf 91' lang='lat' dir='ltr'><strong>aiunt</strong></span> <span class='ocrx_word' id='word_1_343' title='bbox 2248 1703 2308 1743; x_wconf 89' lang='lat' dir='ltr'><strong>se</strong></span> <span class='ocrx_word' id='word_1_344' title='bbox 2335 1688 2566 1758; x_wconf 86' lang='lat' dir='ltr'><strong>probare</strong></span> <span class='ocrx_word' id='word_1_345' title='bbox 2596 1705 2764 1744; x_wconf 90' lang='lat' dir='ltr'><strong>unum</strong></span> <span class='ocrx_word' id='word_1_346' title='bbox 2790 1704 2911 1745; x_wconf 86' lang='lat' dir='ltr'><strong>esse</strong></span> <span class='ocrx_word' id='word_1_347' title='bbox 2938 1689 3127 1744; x_wconf 91' lang='lat' dir='ltr'><strong>Deum.</strong></span> <span class='ocrx_word' id='word_1_348' title='bbox 3156 1689 3224 1745; x_wconf 84' lang='lat' dir='ltr'><strong>Et</strong></span> <span class='ocrx_word' id='word_1_349' title='bbox 3246 1690 3577 1761; x_wconf 87' lang='lat' dir='ltr'><strong>respondent</strong></span> <span class='ocrx_word' id='word_1_350' title='bbox 3611 1710 3635 1746; x_wconf 77' lang='grc' dir='ltr'><strong>ε-</strong></span> 
     </span>
    </p>
   </div>
   <div class='ocr_carea' id='block_1_44' title="bbox 2064 1778 3657 1852">
    <p class='ocr_par' dir='ltr' id='par_1_44' title="bbox 2064 1778 3657 1852">
     <span class='ocr_line' id='line_1_44' title="bbox 2064 1778 3657 1852; baseline 0.004 -20"><span class='ocrx_word' id='word_1_351' title='bbox 2064 1778 2121 1833; x_wconf 93' lang='lat' dir='ltr'><strong>Si</strong></span> <span class='ocrx_word' id='word_1_352' title='bbox 2161 1778 2436 1835; x_wconf 87' lang='lat' dir='ltr'><strong>Christum</strong></span> <span class='ocrx_word' id='word_1_353' title='bbox 2473 1782 2797 1835; x_wconf 80' lang='lat' dir='ltr'><strong>conﬁtemur</strong></span> <span class='ocrx_word' id='word_1_354' title='bbox 2835 1781 3028 1848; x_wconf 83' lang='lat' dir='ltr'><strong>Deum,</strong></span> <span class='ocrx_word' id='word_1_355' title='bbox 3056 1781 3221 1852; x_wconf 76' lang='lat' dir='ltr'><strong>igitur</strong></span> <span class='ocrx_word' id='word_1_356' title='bbox 3258 1782 3372 1851; x_wconf 86' lang='lat' dir='ltr'><strong>ipse</strong></span> <span class='ocrx_word' id='word_1_357' title='bbox 3411 1792 3495 1838; x_wconf 88' lang='lat' dir='ltr'><strong>est</strong></span> <span class='ocrx_word' id='word_1_358' title='bbox 3524 1781 3657 1838; x_wconf 85' lang='lat' dir='ltr'><strong>Pa-&#39;</strong></span> 
     </span>
    </p>
   </div>
   <div class='ocr_carea' id='block_1_45' title="bbox 2062 1867 3625 1939">
    <p class='ocr_par' dir='ltr' id='par_1_45' title="bbox 2062 1867 3625 1939">
     <span class='ocr_line' id='line_1_45' title="bbox 2062 1867 3625 1939; baseline 0.006 -18"><span class='ocrx_word' id='word_1_359' title='bbox 2062 1874 2164 1932; x_wconf 87' lang='lat' dir='ltr'><strong>ter,</strong></span> <span class='ocrx_word' id='word_1_360' title='bbox 2218 1868 2264 1924; x_wconf 90' lang='lat' dir='ltr'><strong>si</strong></span> <span class='ocrx_word' id='word_1_361' title='bbox 2309 1877 2393 1922; x_wconf 89' lang='lat' dir='ltr'><strong>est</strong></span> <span class='ocrx_word' id='word_1_362' title='bbox 2441 1867 2620 1936; x_wconf 89' lang='lat' dir='ltr'><strong>Deus;</strong></span> <span class='ocrx_word' id='word_1_363' title='bbox 2673 1884 2869 1939; x_wconf 86' lang='lat' dir='ltr'><strong>passus</strong></span> <span class='ocrx_word' id='word_1_364' title='bbox 2897 1884 3028 1925; x_wconf 84' lang='lat' dir='ltr'><strong>vero</strong></span> <span class='ocrx_word' id='word_1_365' title='bbox 3058 1880 3142 1926; x_wconf 81' lang='lat' dir='ltr'><strong>est</strong></span> <span class='ocrx_word' id='word_1_366' title='bbox 3165 1870 3417 1926; x_wconf 87' lang='lat' dir='ltr'><strong>Christus</strong></span> <span class='ocrx_word' id='word_1_367' title='bbox 3443 1871 3625 1932; x_wconf 86' lang='lat' dir='ltr'><strong>Deus.</strong></span> 
     </span>
    </p>
   </div>
   <div class='ocr_carea' id='block_1_46' title="bbox 2059 1960 3633 2033">
    <p class='ocr_par' dir='ltr' id='par_1_46' title="bbox 2059 1960 3633 2033">
     <span class='ocr_line' id='line_1_46' title="bbox 2059 1960 3633 2033; baseline 0.003 -19"><span class='ocrx_word' id='word_1_368' title='bbox 2059 1974 2260 2030; x_wconf 87' lang='lat' dir='ltr'><strong>passus</strong></span> <span class='ocrx_word' id='word_1_369' title='bbox 2306 1960 2471 2033; x_wconf 72' lang='lat' dir='ltr'><strong>igitur</strong></span> <span class='ocrx_word' id='word_1_370' title='bbox 2515 1972 2596 2016; x_wconf 86' lang='lat' dir='ltr'><strong>est</strong></span> <span class='ocrx_word' id='word_1_371' title='bbox 2626 1960 2805 2017; x_wconf 91' lang='lat' dir='ltr'><strong>Pater.</strong></span> <span class='ocrx_word' id='word_1_372' title='bbox 2836 1960 2998 2018; x_wconf 87' lang='lat' dir='ltr'><strong>Pater</strong></span> <span class='ocrx_word' id='word_1_373' title='bbox 3036 1963 3181 2017; x_wconf 89' lang='lat' dir='ltr'><strong>enim</strong></span> <span class='ocrx_word' id='word_1_374' title='bbox 3232 1971 3349 2018; x_wconf 88' lang='lat' dir='ltr'><strong>erat</strong></span> <span class='ocrx_word' id='word_1_375' title='bbox 3391 1963 3526 2033; x_wconf 89' lang='lat' dir='ltr'><strong>ipse.</strong></span> <span class='ocrx_word' id='word_1_376' title='bbox 3561 1965 3633 2018; x_wconf 82' lang='lat' dir='ltr'><strong>At</strong></span> 
     </span>
    </p>
   </div>
   <div class='ocr_carea' id='block_1_47' title="bbox 2060 2051 3628 2123">
    <p class='ocr_par' dir='ltr' id='par_1_47' title="bbox 2060 2051 3628 2123">
     <span class='ocr_line' id='line_1_47' title="bbox 2060 2051 3628 2123; baseline 0.002 -17"><span class='ocrx_word' id='word_1_377' title='bbox 2060 2067 2170 2106; x_wconf 94' lang='lat' dir='ltr'><strong>non</strong></span> <span class='ocrx_word' id='word_1_378' title='bbox 2219 2051 2299 2108; x_wconf 88' lang='lat' dir='ltr'><strong>sic</strong></span> <span class='ocrx_word' id='word_1_379' title='bbox 2331 2061 2415 2107; x_wconf 88' lang='lat' dir='ltr'><strong>est</strong></span> <span class='ocrx_word' id='word_1_380' title='bbox 2452 2069 2466 2106; x_wconf 91' lang='lat'><strong>:</strong></span> <span class='ocrx_word' id='word_1_381' title='bbox 2516 2059 2627 2107; x_wconf 84' lang='lat' dir='ltr'><strong>non</strong></span> <span class='ocrx_word' id='word_1_382' title='bbox 2666 2053 2810 2107; x_wconf 88' lang='lat' dir='ltr'><strong>enim</strong></span> <span class='ocrx_word' id='word_1_383' title='bbox 2863 2053 2943 2109; x_wconf 90' lang='lat' dir='ltr'><strong>sic</strong></span> <span class='ocrx_word' id='word_1_384' title='bbox 2991 2052 3287 2123; x_wconf 69' lang='lat' dir='ltr'><strong>Scriptum</strong></span> <span class='ocrx_word' id='word_1_385' title='bbox 3328 2062 3628 2123; x_wconf 78' lang='lat' dir='ltr'><strong>exponunt.</strong></span> 
     </span>
    </p>
   </div>
   <div class='ocr_carea' id='block_1_48' title="bbox 2062 2141 3632 2214">
    <p class='ocr_par' dir='ltr' id='par_1_48' title="bbox 2062 2141 3632 2214">
     <span class='ocr_line' id='line_1_48' title="bbox 2062 2141 3632 2214; baseline 0.002 -17"><span class='ocrx_word' id='word_1_386' title='bbox 2062 2141 2302 2198; x_wconf 88' lang='lat' dir='ltr'><strong>Utuntur</strong></span> <span class='ocrx_word' id='word_1_387' title='bbox 2326 2152 2582 2214; x_wconf 69' lang='lat' dir='ltr'><strong>praeterea</strong></span> <span class='ocrx_word' id='word_1_388' title='bbox 2616 2142 2739 2198; x_wconf 89' lang='lat' dir='ltr'><strong>aliis</strong></span> <span class='ocrx_word' id='word_1_389' title='bbox 2769 2143 3118 2199; x_wconf 88' lang='lat' dir='ltr'><strong>testimoniis.</strong></span> <span class='ocrx_word' id='word_1_390' title='bbox 3150 2144 3241 2199; x_wconf 81' lang='lat' dir='ltr'><strong>Sic</strong></span> <span class='ocrx_word' id='word_1_391' title='bbox 3286 2144 3432 2199; x_wconf 87' lang='lat' dir='ltr'><strong>enim</strong></span> <span class='ocrx_word' id='word_1_392' title='bbox 3476 2144 3632 2200; x_wconf 87' lang='lat' dir='ltr'><strong>aiunt</strong></span> 
     </span>
    </p>
   </div>
   <div class='ocr_carea' id='block_1_49' title="bbox 2061 2233 3631 2306">
    <p class='ocr_par' dir='ltr' id='par_1_49' title="bbox 2061 2233 3631 2306">
     <span class='ocr_line' id='line_1_49' title="bbox 2061 2233 3631 2306; baseline 0.001 -16"><span class='ocrx_word' id='word_1_393' title='bbox 2061 2234 2321 2304; x_wconf 84' lang='lat' dir='ltr'><strong>scriptum</strong></span> <span class='ocrx_word' id='word_1_394' title='bbox 2349 2250 2470 2290; x_wconf 90' lang='lat' dir='ltr'><strong>esse</strong></span> <span class='ocrx_word' id='word_1_395' title='bbox 2495 2250 2511 2288; x_wconf 87' lang='lat'><strong>:</strong></span> <span class='ocrx_word' id='word_1_396' title='bbox 2542 2253 2561 2286; x_wconf 79' lang='grc' dir='ltr'><strong>ι</strong></span> <span class='ocrx_word' id='word_1_397' title='bbox 2604 2233 2703 2289; x_wconf 84' lang='lat' dir='ltr'><strong>Hic</strong></span> <span class='ocrx_word' id='word_1_398' title='bbox 2733 2234 2878 2290; x_wconf 91' lang='lat' dir='ltr'><strong>Deus</strong></span> <span class='ocrx_word' id='word_1_399' title='bbox 2903 2243 3120 2302; x_wconf 86' lang='lat' dir='ltr'><strong>noster;</strong></span> <span class='ocrx_word' id='word_1_400' title='bbox 3147 2251 3259 2291; x_wconf 90' lang='lat' dir='ltr'><strong>non</strong></span> <span class='ocrx_word' id='word_1_401' title='bbox 3291 2236 3631 2306; x_wconf 88' lang='lat' dir='ltr'><strong>reputabitur</strong></span> 
     </span>
    </p>
   </div>
   <div class='ocr_carea' id='block_1_50' title="bbox 2062 2325 3633 2396">
    <p class='ocr_par' dir='ltr' id='par_1_50' title="bbox 2062 2325 3633 2396">
     <span class='ocr_line' id='line_1_50' title="bbox 2062 2325 3633 2396; baseline 0.003 -16"><span class='ocrx_word' id='word_1_402' title='bbox 2062 2325 2205 2381; x_wconf 86' lang='lat' dir='ltr'><strong>alius</strong></span> <span class='ocrx_word' id='word_1_403' title='bbox 2238 2325 2307 2380; x_wconf 87' lang='lat' dir='ltr'><strong>ad</strong></span> <span class='ocrx_word' id='word_1_404' title='bbox 2337 2340 2484 2390; x_wconf 77' lang='lat' dir='ltr'><strong>eum.</strong></span> <span class='ocrx_word' id='word_1_405' title='bbox 2528 2327 2820 2381; x_wconf 83' lang='lat' dir='ltr'><strong>Adinvenit</strong></span> <span class='ocrx_word' id='word_1_406' title='bbox 2852 2342 3068 2382; x_wconf 86' lang='lat' dir='ltr'><strong>omnem</strong></span> <span class='ocrx_word' id='word_1_407' title='bbox 3111 2327 3253 2382; x_wconf 87' lang='lat' dir='ltr'><strong>viam</strong></span> <span class='ocrx_word' id='word_1_408' title='bbox 3285 2328 3548 2396; x_wconf 68' lang='lat' dir='ltr'><strong>scientiae,</strong></span> <span class='ocrx_word' id='word_1_409' title='bbox 3576 2338 3633 2384; x_wconf 88' lang='lat' dir='ltr'><strong>et</strong></span> 
     </span>
    </p>
   </div>
   <div class='ocr_carea' id='block_1_51' title="bbox 2035 2417 3627 2488">
    <p class='ocr_par' dir='ltr' id='par_1_51' title="bbox 2035 2417 3627 2488">
     <span class='ocr_line' id='line_1_51' title="bbox 2035 2417 3627 2488; baseline 0.001 -14"><span class='ocrx_word' id='word_1_410' title='bbox 2035 2417 2214 2474; x_wconf 81' lang='lat' dir='ltr'><strong>dedit</strong></span> <span class='ocrx_word' id='word_1_411' title='bbox 2253 2433 2372 2473; x_wconf 88' lang='lat' dir='ltr'><strong>eam</strong></span> <span class='ocrx_word' id='word_1_412' title='bbox 2417 2417 2586 2473; x_wconf 83' lang='lat' dir='ltr'><strong>Jacob</strong></span> <span class='ocrx_word' id='word_1_413' title='bbox 2617 2432 2788 2487; x_wconf 85' lang='lat' dir='ltr'><strong>puero</strong></span> <span class='ocrx_word' id='word_1_414' title='bbox 2814 2433 2937 2483; x_wconf 89' lang='lat' dir='ltr'><strong>suo,</strong></span> <span class='ocrx_word' id='word_1_415' title='bbox 2966 2427 3022 2474; x_wconf 89' lang='lat' dir='ltr'><strong>et</strong></span> <span class='ocrx_word' id='word_1_416' title='bbox 3045 2418 3213 2473; x_wconf 82' lang='lat' dir='ltr'><strong>Israel</strong></span> <span class='ocrx_word' id='word_1_417' title='bbox 3258 2419 3457 2475; x_wconf 89' lang='lat' dir='ltr'><strong>dilecto</strong></span> <span class='ocrx_word' id='word_1_418' title='bbox 3492 2435 3627 2488; x_wconf 88' lang='lat' dir='ltr'><strong>suo;</strong></span> 
     </span>
    </p>
   </div>
   <div class='ocr_carea' id='block_1_52' title="bbox 2062 2510 3632 2579">
    <p class='ocr_par' dir='ltr' id='par_1_52' title="bbox 2062 2510 3632 2579">
     <span class='ocr_line' id='line_1_52' title="bbox 2062 2510 3632 2579; baseline 0.003 -16"><span class='ocrx_word' id='word_1_419' title='bbox 2062 2518 2187 2579; x_wconf 89' lang='lat' dir='ltr'><strong>post</strong></span> <span class='ocrx_word' id='word_1_420' title='bbox 2233 2511 2346 2565; x_wconf 60' lang='lat' dir='ltr'><strong>hac</strong></span> <span class='ocrx_word' id='word_1_421' title='bbox 2379 2510 2432 2564; x_wconf 89' lang='lat' dir='ltr'><strong>in</strong></span> <span class='ocrx_word' id='word_1_422' title='bbox 2485 2510 2644 2564; x_wconf 90' lang='lat' dir='ltr'><strong>terris</strong></span> <span class='ocrx_word' id='word_1_423' title='bbox 2695 2511 2846 2564; x_wconf 87' lang='lat' dir='ltr'><strong>visus</strong></span> <span class='ocrx_word' id='word_1_424' title='bbox 2890 2517 3007 2575; x_wconf 88' lang='lat' dir='ltr'><strong>est,</strong></span> <span class='ocrx_word' id='word_1_425' title='bbox 3042 2521 3097 2566; x_wconf 86' lang='lat' dir='ltr'><strong>et</strong></span> <span class='ocrx_word' id='word_1_426' title='bbox 3140 2526 3264 2565; x_wconf 88' lang='lat' dir='ltr'><strong>cum</strong></span> <span class='ocrx_word' id='word_1_427' title='bbox 3318 2511 3632 2567; x_wconf 88' lang='lat' dir='ltr'><strong>hominibus</strong></span> 
     </span>
    </p>
   </div>
   <div class='ocr_carea' id='block_1_53' title="bbox 2064 2600 3633 2673">
    <p class='ocr_par' dir='ltr' id='par_1_53' title="bbox 2064 2600 3633 2673">
     <span class='ocr_line' id='line_1_53' title="bbox 2064 2600 3633 2673; baseline 0.002 -18"><span class='ocrx_word' id='word_1_428' title='bbox 2064 2613 2420 2657; x_wconf 76' lang='lat' dir='ltr'><strong>conversatus</strong></span> <span class='ocrx_word' id='word_1_429' title='bbox 2465 2612 2550 2657; x_wconf 89' lang='lat' dir='ltr'><strong>est</strong></span> <span class='ocrx_word' id='word_1_430' title='bbox 2578 2602 2645 2657; x_wconf 83' lang='lat'><strong>&quot;.</strong></span> <span class='ocrx_word' id='word_1_431' title='bbox 2682 2621 2700 2653; x_wconf 74' lang='grc' dir='ltr'><strong>ι</strong></span> <span class='ocrx_word' id='word_1_432' title='bbox 2729 2600 2893 2656; x_wconf 76' lang='lat' dir='ltr'><strong>Vides</strong></span> <span class='ocrx_word' id='word_1_433' title='bbox 2922 2601 3107 2671; x_wconf 83' lang='lat' dir='ltr'><strong>igitur,</strong></span> <span class='ocrx_word' id='word_1_434' title='bbox 3142 2602 3338 2673; x_wconf 89' lang='lat' dir='ltr'><strong>inquit,</strong></span> <span class='ocrx_word' id='word_1_435' title='bbox 3366 2604 3510 2673; x_wconf 86' lang='lat' dir='ltr'><strong>quod</strong></span> <span class='ocrx_word' id='word_1_436' title='bbox 3541 2603 3633 2659; x_wconf 89' lang='lat' dir='ltr'><strong>hic</strong></span> 
     </span>
    </p>
   </div>
   <div class='ocr_carea' id='block_1_54' title="bbox 2065 2695 3633 2766">
    <p class='ocr_par' dir='ltr' id='par_1_54' title="bbox 2065 2695 3633 2766">
     <span class='ocr_line' id='line_1_54' title="bbox 2065 2695 3633 2766; baseline 0 -14"><span class='ocrx_word' id='word_1_437' title='bbox 2065 2705 2149 2752; x_wconf 90' lang='lat' dir='ltr'><strong>est</strong></span> <span class='ocrx_word' id='word_1_438' title='bbox 2177 2696 2341 2760; x_wconf 89' lang='lat' dir='ltr'><strong>Deus,</strong></span> <span class='ocrx_word' id='word_1_439' title='bbox 2370 2696 2464 2766; x_wconf 89' lang='lat' dir='ltr'><strong>qui</strong></span> <span class='ocrx_word' id='word_1_440' title='bbox 2490 2695 2640 2751; x_wconf 88' lang='lat' dir='ltr'><strong>solus</strong></span> <span class='ocrx_word' id='word_1_441' title='bbox 2666 2703 2769 2760; x_wconf 90' lang='lat' dir='ltr'><strong>est,</strong></span> <span class='ocrx_word' id='word_1_442' title='bbox 2800 2703 2854 2750; x_wconf 87' lang='lat' dir='ltr'><strong>et</strong></span> <span class='ocrx_word' id='word_1_443' title='bbox 2883 2705 3070 2765; x_wconf 88' lang='lat' dir='ltr'><strong>postea</strong></span> <span class='ocrx_word' id='word_1_444' title='bbox 3103 2696 3155 2749; x_wconf 91' lang='lat' dir='ltr'><strong>in</strong></span> <span class='ocrx_word' id='word_1_445' title='bbox 3184 2696 3347 2761; x_wconf 84' lang='lat' dir='ltr'><strong>terris</strong></span> <span class='ocrx_word' id='word_1_446' title='bbox 3380 2699 3552 2762; x_wconf 87' lang='lat' dir='ltr'><strong>visus,</strong></span> <span class='ocrx_word' id='word_1_447' title='bbox 3577 2704 3633 2752; x_wconf 87' lang='lat' dir='ltr'><strong>et</strong></span> 
     </span>
    </p>
   </div>
   <div class='ocr_carea' id='block_1_55' title="bbox 2065 2786 3627 2844">
    <p class='ocr_par' dir='ltr' id='par_1_55' title="bbox 2065 2786 3627 2844">
     <span class='ocr_line' id='line_1_55' title="bbox 2065 2786 3627 2844; baseline -0.002 -1"><span class='ocrx_word' id='word_1_448' title='bbox 2065 2803 2191 2843; x_wconf 88' lang='lat' dir='ltr'><strong>eum</strong></span> <span class='ocrx_word' id='word_1_449' title='bbox 2235 2788 2548 2843; x_wconf 91' lang='lat' dir='ltr'><strong>hominibus</strong></span> <span class='ocrx_word' id='word_1_450' title='bbox 2600 2788 2989 2843; x_wconf 86' lang='lat' dir='ltr'><strong>conversatus?</strong></span> <span class='ocrx_word' id='word_1_451' title='bbox 3016 2786 3083 2841; x_wconf 85' lang='lat' dir='ltr'><strong>Et</strong></span> <span class='ocrx_word' id='word_1_452' title='bbox 3113 2788 3167 2842; x_wconf 92' lang='lat' dir='ltr'><strong>in</strong></span> <span class='ocrx_word' id='word_1_453' title='bbox 3214 2789 3323 2843; x_wconf 89' lang='lat' dir='ltr'><strong>alio</strong></span> <span class='ocrx_word' id='word_1_454' title='bbox 3366 2789 3485 2844; x_wconf 89' lang='lat' dir='ltr'><strong>loco</strong></span> <span class='ocrx_word' id='word_1_455' title='bbox 3509 2788 3627 2843; x_wconf 84' lang='lat' dir='ltr'><strong>ait:</strong></span> 
     </span>
    </p>
   </div>
   <div class='ocr_carea' id='block_1_56' title="bbox 2073 2877 3635 2950">
    <p class='ocr_par' dir='ltr' id='par_1_56' title="bbox 2073 2877 3635 2950">
     <span class='ocr_line' id='line_1_56' title="bbox 2073 2877 3635 2950; baseline 0.002 -20"><span class='ocrx_word' id='word_1_456' title='bbox 2073 2897 2093 2930; x_wconf 81' lang='grc' dir='ltr'><strong>ι</strong></span> <span class='ocrx_word' id='word_1_457' title='bbox 2148 2878 2437 2934; x_wconf 89' lang='lat' dir='ltr'><strong>Laboravit</strong></span> <span class='ocrx_word' id='word_1_458' title='bbox 2479 2877 2777 2949; x_wconf 65' lang='lat' dir='ltr'><strong>Egyptus,</strong></span> <span class='ocrx_word' id='word_1_459' title='bbox 2809 2888 2862 2934; x_wconf 86' lang='lat' dir='ltr'><strong>et</strong></span> <span class='ocrx_word' id='word_1_460' title='bbox 2886 2887 3192 2935; x_wconf 83' lang='lat' dir='ltr'><strong>mercatura</strong></span> <span class='ocrx_word' id='word_1_461' title='bbox 3232 2878 3548 2950; x_wconf 65' lang='lat' dir='ltr'><strong>Ethiopum</strong></span> <span class='ocrx_word' id='word_1_462' title='bbox 3577 2887 3635 2933; x_wconf 87' lang='lat' dir='ltr'><strong>et</strong></span> 
     </span>
    </p>
   </div>
   <div class='ocr_carea' id='block_1_57' title="bbox 2070 2960 3630 3035">
    <p class='ocr_par' dir='ltr' id='par_1_57' title="bbox 2070 2960 3630 3035">
     <span class='ocr_line' id='line_1_57' title="bbox 2070 2960 3630 3035; baseline 0 -12"><span class='ocrx_word' id='word_1_463' title='bbox 2070 2967 2323 3034; x_wconf 78' lang='lat' dir='ltr'><strong>Sabaim;</strong></span> <span class='ocrx_word' id='word_1_464' title='bbox 2369 2960 2473 3022; x_wconf 81' lang='lat' dir='ltr'><strong>viri</strong></span> <span class='ocrx_word' id='word_1_465' title='bbox 2520 2968 2651 3023; x_wconf 90' lang='lat' dir='ltr'><strong>celsi</strong></span> <span class='ocrx_word' id='word_1_466' title='bbox 2694 2969 2751 3023; x_wconf 92' lang='lat' dir='ltr'><strong>in</strong></span> <span class='ocrx_word' id='word_1_467' title='bbox 2799 2977 2852 3024; x_wconf 88' lang='lat' dir='ltr'><strong>te</strong></span> <span class='ocrx_word' id='word_1_468' title='bbox 2898 2970 3226 3035; x_wconf 74' lang='lat' dir='ltr'><strong>traltsibunt,</strong></span> <span class='ocrx_word' id='word_1_469' title='bbox 3271 2979 3326 3026; x_wconf 86' lang='lat' dir='ltr'><strong>et</strong></span> <span class='ocrx_word' id='word_1_470' title='bbox 3367 2971 3444 3025; x_wconf 91' lang='lat' dir='ltr'><strong>tui</strong></span> <span class='ocrx_word' id='word_1_471' title='bbox 3488 2970 3630 3026; x_wconf 85' lang='lat' dir='ltr'><strong>servi</strong></span> 
     </span>
    </p>
   </div>
   <div class='ocr_carea' id='block_1_58' title="bbox 400 3051 1964 3155">
    <p class='ocr_par' dir='ltr' id='par_1_58' title="bbox 400 3051 1964 3127">
     <span class='ocr_line' id='line_1_58' title="bbox 400 3051 1964 3127; baseline 0.002 -23"><span class='ocrx_word' id='word_1_472' title='bbox 400 3051 603 3105; x_wconf 85' lang='grc' dir='ltr'>θιόπων</span> <span class='ocrx_word' id='word_1_473' title='bbox 635 3052 731 3106; x_wconf 76' lang='grc' dir='ltr'><strong>καὶ</strong></span> <span class='ocrx_word' id='word_1_474' title='bbox 761 3055 807 3106; x_wconf 84' lang='grc' dir='ltr'>οἱ</span> <span class='ocrx_word' id='word_1_475' title='bbox 839 3054 1106 3126; x_wconf 75' lang='grc' dir='ltr'>Σαὸαεὶμ,</span> <span class='ocrx_word' id='word_1_476' title='bbox 1146 3054 1334 3127; x_wconf 81' lang='grc' dir='ltr'>ἄνδρες</span> <span class='ocrx_word' id='word_1_477' title='bbox 1360 3054 1551 3127; x_wconf 77' lang='grc' dir='ltr'>ὑψηλοὶ</span> <span class='ocrx_word' id='word_1_478' title='bbox 1583 3056 1675 3109; x_wconf 80' lang='grc' dir='ltr'><strong>ἐπὶ</strong></span> <span class='ocrx_word' id='word_1_479' title='bbox 1703 3056 1763 3108; x_wconf 82' lang='grc' dir='ltr'>σὲ</span> <span class='ocrx_word' id='word_1_480' title='bbox 1793 3054 1964 3127; x_wconf 77' lang='grc' dir='ltr'>διαϐή-</span> 
     </span>
    </p>
   </div>
   <div class='ocr_carea' id='block_1_59' title="bbox 2064 3051 3634 3155">
    <p class='ocr_par' dir='ltr' id='par_1_59' title="bbox 2069 3057 3634 3130">
     <span class='ocr_line' id='line_1_59' title="bbox 2069 3057 3634 3130; baseline 0.003 -16"><span class='ocrx_word' id='word_1_481' title='bbox 2069 3068 2263 3126; x_wconf 84' lang='lat' dir='ltr'><strong>erunt;</strong></span> <span class='ocrx_word' id='word_1_482' title='bbox 2299 3068 2353 3114; x_wconf 90' lang='lat' dir='ltr'><strong>et</strong></span> <span class='ocrx_word' id='word_1_483' title='bbox 2383 3057 2547 3115; x_wconf 63' lang='lat' dir='ltr'><strong>ibunt‘</strong></span> <span class='ocrx_word' id='word_1_484' title='bbox 2565 3070 2689 3130; x_wconf 87' lang='lat' dir='ltr'><strong>post</strong></span> <span class='ocrx_word' id='word_1_485' title='bbox 2729 3069 2782 3116; x_wconf 89' lang='lat' dir='ltr'><strong>te</strong></span> <span class='ocrx_word' id='word_1_486' title='bbox 2806 3060 2971 3116; x_wconf 87' lang='lat' dir='ltr'><strong>vincti</strong></span> <span class='ocrx_word' id='word_1_487' title='bbox 2997 3061 3232 3118; x_wconf 85' lang='lat' dir='ltr'><strong>vinculis</strong></span> <span class='ocrx_word' id='word_1_488' title='bbox 3265 3078 3545 3130; x_wconf 89' lang='lat' dir='ltr'><strong>manuum,</strong></span> <span class='ocrx_word' id='word_1_489' title='bbox 3578 3071 3634 3118; x_wconf 90' lang='lat' dir='ltr'><strong>et</strong></span> 
     </span>
    </p>
   </div>
   <div class='ocr_carea' id='block_1_60' title="bbox 398 3139 1964 3220">
    <p class='ocr_par' dir='ltr' id='par_1_60' title="bbox 398 3139 1964 3218">
     <span class='ocr_line' id='line_1_60' title="bbox 398 3139 1964 3218; baseline 0.003 -23"><span class='ocrx_word' id='word_1_490' title='bbox 398 3158 583 3196; x_wconf 81' lang='grc' dir='ltr'>σονται</span> <span class='ocrx_word' id='word_1_491' title='bbox 631 3139 762 3214; x_wconf 83' lang='grc' dir='ltr'>[καὶ</span> <span class='ocrx_word' id='word_1_492' title='bbox 824 3145 907 3197; x_wconf 80' lang='grc' dir='ltr'><strong>σοὶ</strong></span> <span class='ocrx_word' id='word_1_493' title='bbox 956 3144 1167 3199; x_wconf 71' lang='grc' dir='ltr'>ἔσονται</span> <span class='ocrx_word' id='word_1_494' title='bbox 1216 3145 1425 3218; x_wconf 83' lang='grc' dir='ltr'>δοῦλοι]</span> <span class='ocrx_word' id='word_1_495' title='bbox 1473 3146 1566 3199; x_wconf 76' lang='grc' dir='ltr'><strong>καὶ</strong></span> <span class='ocrx_word' id='word_1_496' title='bbox 1615 3146 1964 3218; x_wconf 86' lang='grc' dir='ltr'>πορεύσονται</span> 
     </span>
    </p>
   </div>
   <div class='ocr_carea' id='block_1_61' title="bbox 2064 3139 3634 3220">
    <p class='ocr_par' dir='ltr' id='par_1_61' title="bbox 2071 3147 3634 3220">
     <span class='ocr_line' id='line_1_61' title="bbox 2071 3147 3634 3220; baseline 0.002 -18"><span class='ocrx_word' id='word_1_497' title='bbox 2071 3149 2127 3203; x_wconf 92' lang='lat' dir='ltr'><strong>in</strong></span> <span class='ocrx_word' id='word_1_498' title='bbox 2157 3156 2210 3204; x_wconf 90' lang='lat' dir='ltr'><strong>te</strong></span> <span class='ocrx_word' id='word_1_499' title='bbox 2232 3147 2570 3212; x_wconf 89' lang='lat' dir='ltr'><strong>adorabunt,</strong></span> <span class='ocrx_word' id='word_1_500' title='bbox 2602 3150 2729 3218; x_wconf 87' lang='lat' dir='ltr'><strong>quia</strong></span> <span class='ocrx_word' id='word_1_501' title='bbox 2759 3150 2813 3203; x_wconf 90' lang='lat' dir='ltr'><strong>in</strong></span> <span class='ocrx_word' id='word_1_502' title='bbox 2855 3158 2906 3203; x_wconf 88' lang='lat' dir='ltr'><strong>te</strong></span> <span class='ocrx_word' id='word_1_503' title='bbox 2934 3160 3019 3204; x_wconf 89' lang='lat' dir='ltr'><strong>est</strong></span> <span class='ocrx_word' id='word_1_504' title='bbox 3052 3148 3232 3217; x_wconf 79' lang='lat' dir='ltr'><strong>Deus;</strong></span> <span class='ocrx_word' id='word_1_505' title='bbox 3260 3156 3314 3205; x_wconf 88' lang='lat' dir='ltr'><strong>et</strong></span> <span class='ocrx_word' id='word_1_506' title='bbox 3345 3150 3399 3203; x_wconf 90' lang='lat' dir='ltr'><strong>in</strong></span> <span class='ocrx_word' id='word_1_507' title='bbox 3430 3159 3485 3205; x_wconf 89' lang='lat' dir='ltr'><strong>te</strong></span> <span class='ocrx_word' id='word_1_508' title='bbox 3511 3165 3634 3220; x_wconf 83' lang='lat' dir='ltr'><strong>pre-</strong></span> 
     </span>
    </p>
   </div>
   <div class='ocr_carea' id='block_1_62' title="bbox 390 3233 1971 3310">
    <p class='ocr_par' dir='ltr' id='par_1_62' title="bbox 390 3233 1971 3310">
     <span class='ocr_line' id='line_1_62' title="bbox 390 3233 1971 3310; baseline 0.004 -25"><span class='ocrx_word' id='word_1_509' title='bbox 390 3233 574 3287; x_wconf 84' lang='grc' dir='ltr'>-ὀπίσω</span> <span class='ocrx_word' id='word_1_510' title='bbox 604 3251 697 3287; x_wconf 86' lang='grc' dir='ltr'><strong>σου</strong></span> <span class='ocrx_word' id='word_1_511' title='bbox 728 3234 996 3306; x_wconf 81' lang='grc' dir='ltr'>δεδεμένοι</span> <span class='ocrx_word' id='word_1_512' title='bbox 1026 3237 1463 3308; x_wconf 81' lang='grc' dir='ltr'>ὲν,χειροπέδαις,</span> <span class='ocrx_word' id='word_1_513' title='bbox 1488 3238 1580 3291; x_wconf 73' lang='grc' dir='ltr'><strong>καὶ</strong></span> <span class='ocrx_word' id='word_1_514' title='bbox 1606 3239 1662 3291; x_wconf 79' lang='grc' dir='ltr'>ἐν</span> <span class='ocrx_word' id='word_1_515' title='bbox 1694 3239 1776 3292; x_wconf 69' lang='grc' dir='ltr'><strong>σοὶ</strong></span> <span class='ocrx_word' id='word_1_516' title='bbox 1803 3252 1971 3310; x_wconf 88' lang='grc' dir='ltr'>προσ-</span> 
     </span>
    </p>
   </div>
   <div class='ocr_carea' id='block_1_63' title="bbox 399 3325 1972 3407">
    <p class='ocr_par' dir='ltr' id='par_1_63' title="bbox 399 3325 1972 3407">
     <span class='ocr_line' id='line_1_63' title="bbox 399 3325 1972 3407; baseline 0.004 -29"><span class='ocrx_word' id='word_1_517' title='bbox 399 3325 842 3396; x_wconf 77' lang='grc' dir='ltr'>κυνήσουσιν-’ὃτι</span> <span class='ocrx_word' id='word_1_518' title='bbox 879 3328 937 3381; x_wconf 83' lang='grc' dir='ltr'>ὲν</span> <span class='ocrx_word' id='word_1_519' title='bbox 971 3327 1054 3380; x_wconf 85' lang='grc' dir='ltr'><strong>σοί</strong></span> <span class='ocrx_word' id='word_1_520' title='bbox 1080 3329 1109 3381; x_wconf 89' lang='lat'><strong>6</strong></span> <span class='ocrx_word' id='word_1_521' title='bbox 1138 3327 1270 3389; x_wconf 88' lang='grc' dir='ltr'>Θεός</span> <span class='ocrx_word' id='word_1_522' title='bbox 1294 3329 1460 3407; x_wconf 63' lang='grc' dir='ltr'>ἐστιν,</span> <span class='ocrx_word' id='word_1_523' title='bbox 1491 3330 1585 3382; x_wconf 75' lang='grc' dir='ltr'>καῖ</span> <span class='ocrx_word' id='word_1_524' title='bbox 1610 3331 1668 3393; x_wconf 78' lang='grc' dir='ltr'>ὲν</span> <span class='ocrx_word' id='word_1_525' title='bbox 1697 3329 1779 3383; x_wconf 78' lang='grc' dir='ltr'><strong>σοὶ</strong></span> <span class='ocrx_word' id='word_1_526' title='bbox 1802 3345 1972 3401; x_wconf 84' lang='grc' dir='ltr'>προσ-</span> 
     </span>
    </p>
   </div>
   <div class='ocr_carea' id='block_1_64' title="bbox 402 3414 1971 3489">
    <p class='ocr_par' dir='ltr' id='par_1_64' title="bbox 402 3414 1971 3489">
     <span class='ocr_line' id='line_1_64' title="bbox 402 3414 1971 3489; baseline 0.002 -22"><span class='ocrx_word' id='word_1_527' title='bbox 402 3414 666 3480; x_wconf 80' lang='grc' dir='ltr'>εύξονται·</span> <span class='ocrx_word' id='word_1_528' title='bbox 711 3416 806 3470; x_wconf 68' lang='grc' dir='ltr'><strong>καὶ</strong></span> <span class='ocrx_word' id='word_1_529' title='bbox 848 3417 950 3470; x_wconf 79' lang='grc' dir='ltr'><strong>οὐκ</strong></span> <span class='ocrx_word' id='word_1_530' title='bbox 980 3415 1128 3470; x_wconf 77' lang='grc' dir='ltr'>ἔστιν</span> <span class='ocrx_word' id='word_1_531' title='bbox 1155 3416 1286 3480; x_wconf 85' lang='grc' dir='ltr'>Θεὸς</span> <span class='ocrx_word' id='word_1_532' title='bbox 1330 3417 1468 3489; x_wconf 87' lang='grc' dir='ltr'>πλὴν</span> <span class='ocrx_word' id='word_1_533' title='bbox 1504 3416 1618 3470; x_wconf 81' lang='grc' dir='ltr'>σοῦ.</span> <span class='ocrx_word' id='word_1_534' title='bbox 1684 3418 1757 3470; x_wconf 80' lang='grc' dir='ltr'><strong>Σὺ</strong></span> <span class='ocrx_word' id='word_1_535' title='bbox 1788 3414 1971 3489; x_wconf 79' lang='grc' dir='ltr'>γὰρεϊ</span> 
     </span>
    </p>
   </div>
   <div class='ocr_carea' id='block_1_65' title="bbox 368 3504 1964 3580">
    <p class='ocr_par' dir='ltr' id='par_1_65' title="bbox 368 3504 1964 3580">
     <span class='ocr_line' id='line_1_65' title="bbox 368 3504 1964 3580; baseline -0.002 -17"><span class='ocrx_word' id='word_1_536' title='bbox 368 3504 555 3571; x_wconf 62' lang='grc' dir='ltr'><strong>⁸ιΘιῑὸς,</strong></span> <span class='ocrx_word' id='word_1_537' title='bbox 588 3510 684 3561; x_wconf 75' lang='grc' dir='ltr'><strong>καὶ</strong></span> <span class='ocrx_word' id='word_1_538' title='bbox 708 3508 808 3560; x_wconf 85' lang='grc' dir='ltr'><strong>οὐκ</strong></span> <span class='ocrx_word' id='word_1_539' title='bbox 838 3507 1056 3580; x_wconf 78' lang='grc' dir='ltr'>ᾔδειμεν</span> <span class='ocrx_word' id='word_1_540' title='bbox 1074 3511 1133 3562; x_wconf 66' lang='grc' dir='ltr'>εὸ</span> <span class='ocrx_word' id='word_1_541' title='bbox 1158 3507 1291 3571; x_wconf 88' lang='grc' dir='ltr'>Θεὸς</span> <span class='ocrx_word' id='word_1_542' title='bbox 1324 3508 1417 3560; x_wconf 80' lang='grc' dir='ltr'>τοῦ</span> <span class='ocrx_word' id='word_1_543' title='bbox 1457 3507 1670 3580; x_wconf 83' lang='grc' dir='ltr'>Ἰσραὴλ</span> <span class='ocrx_word' id='word_1_544' title='bbox 1699 3509 1912 3580; x_wconf 81' lang='grc' dir='ltr'>Σωτήρ.</span> <span class='ocrx_word' id='word_1_545' title='bbox 1944 3526 1964 3559; x_wconf 72' lang='grc' dir='ltr'><strong>ι</strong></span> 
     </span>
    </p>
   </div>
   <div class='ocr_carea' id='block_1_66' title="bbox 399 3597 1966 3672">
    <p class='ocr_par' dir='ltr' id='par_1_66' title="bbox 399 3597 1966 3672">
     <span class='ocr_line' id='line_1_66' title="bbox 399 3597 1966 3672; baseline 0.001 -21"><span class='ocrx_word' id='word_1_546' title='bbox 399 3597 598 3670; x_wconf 81' lang='grc' dir='ltr'>’Ὁρᾷς,</span> <span class='ocrx_word' id='word_1_547' title='bbox 617 3600 798 3671; x_wconf 80' lang='grc' dir='ltr'>φησὶν,</span> <span class='ocrx_word' id='word_1_548' title='bbox 826 3599 942 3663; x_wconf 83' lang='grc' dir='ltr'><strong>πῶς</strong></span> <span class='ocrx_word' id='word_1_549' title='bbox 967 3600 1063 3653; x_wconf 74' lang='grc' dir='ltr'>ἕνα</span> <span class='ocrx_word' id='word_1_550' title='bbox 1090 3599 1221 3653; x_wconf 82' lang='grc' dir='ltr'>Θεὸν</span> <span class='ocrx_word' id='word_1_551' title='bbox 1250 3598 1614 3672; x_wconf 83' lang='grc' dir='ltr'>κηρύσσουσιν</span> <span class='ocrx_word' id='word_1_552' title='bbox 1640 3601 1694 3653; x_wconf 78' lang='lat' dir='ltr'><strong>ai</strong></span> <span class='ocrx_word' id='word_1_553' title='bbox 1719 3600 1966 3672; x_wconf 86' lang='grc' dir='ltr'>Γραφαί;</span> 
     </span>
    </p>
   </div>
   <div class='ocr_carea' id='block_1_67' title="bbox 403 3689 1969 3764">
    <p class='ocr_par' dir='ltr' id='par_1_67' title="bbox 403 3689 1969 3764">
     <span class='ocr_line' id='line_1_67' title="bbox 403 3689 1969 3764; baseline 0.001 -22"><span class='ocrx_word' id='word_1_554' title='bbox 403 3689 605 3743; x_wconf 81' lang='grc' dir='ltr'>Τούτου</span> <span class='ocrx_word' id='word_1_555' title='bbox 635 3691 906 3762; x_wconf 76' lang='grc' dir='ltr'>ἐμφανοῦς</span> <span class='ocrx_word' id='word_1_556' title='bbox 926 3691 1272 3763; x_wconf 72' lang='grc' dir='ltr'>δεικνυμένου</span> <span class='ocrx_word' id='word_1_557' title='bbox 1289 3731 1305 3756; x_wconf 96' lang='grc'><strong>,</strong></span> <span class='ocrx_word' id='word_1_558' title='bbox 1332 3691 1440 3746; x_wconf 82' lang='grc' dir='ltr'><strong>τῶν</strong></span> <span class='ocrx_word' id='word_1_559' title='bbox 1462 3690 1633 3755; x_wconf 74' lang='grc' dir='ltr'>οὕτως</span> <span class='ocrx_word' id='word_1_560' title='bbox 1662 3708 1969 3764; x_wconf 83' lang='grc' dir='ltr'>μαρτυρου-</span> 
     </span>
    </p>
   </div>
   <div class='ocr_carea' id='block_1_68' title="bbox 394 3782 1967 3856">
    <p class='ocr_par' dir='ltr' id='par_1_68' title="bbox 394 3782 1967 3856">
     <span class='ocr_line' id='line_1_68' title="bbox 394 3782 1967 3856; baseline 0.001 -21"><span class='ocrx_word' id='word_1_561' title='bbox 394 3782 582 3853; x_wconf 78' lang='grc' dir='ltr'>μένων</span> <span class='ocrx_word' id='word_1_562' title='bbox 602 3823 616 3847; x_wconf 92' lang='grc'><strong>,</strong></span> <span class='ocrx_word' id='word_1_563' title='bbox 659 3785 928 3856; x_wconf 83' lang='grc' dir='ltr'>ἀνάγκην,</span> <span class='ocrx_word' id='word_1_564' title='bbox 965 3784 1151 3856; x_wconf 75' lang='grc' dir='ltr'>φησὶν,</span> <span class='ocrx_word' id='word_1_565' title='bbox 1199 3784 1308 3855; x_wconf 78' lang='grc' dir='ltr'>έχω</span> <span class='ocrx_word' id='word_1_566' title='bbox 1348 3785 1465 3849; x_wconf 78' lang='grc' dir='ltr'>ἑνὸς</span> <span class='ocrx_word' id='word_1_567' title='bbox 1507 3783 1932 3855; x_wconf 83' lang='grc' dir='ltr'>ὁμολογουμένου</span> <span class='ocrx_word' id='word_1_568' title='bbox 1951 3822 1967 3847; x_wconf 93' lang='grc'><strong>,</strong></span> 
     </span>
    </p>
   </div>
   <div class='ocr_carea' id='block_1_69' title="bbox 400 3869 1970 3945">
    <p class='ocr_par' dir='ltr' id='par_1_69' title="bbox 400 3869 1970 3945">
     <span class='ocr_line' id='line_1_69' title="bbox 400 3869 1970 3945; baseline 0.001 -21"><span class='ocrx_word' id='word_1_569' title='bbox 400 3871 588 3926; x_wconf 81' lang='grc' dir='ltr'>τοῦτον</span> <span class='ocrx_word' id='word_1_570' title='bbox 613 3873 715 3926; x_wconf 85' lang='grc' dir='ltr'><strong>ὑπὸ</strong></span> <span class='ocrx_word' id='word_1_571' title='bbox 746 3873 916 3938; x_wconf 85' lang='grc' dir='ltr'>πάθος</span> <span class='ocrx_word' id='word_1_572' title='bbox 955 3874 1158 3945; x_wconf 85' lang='grc' dir='ltr'>φέρειν.</span> <span class='ocrx_word' id='word_1_573' title='bbox 1188 3874 1421 3945; x_wconf 85' lang='grc' dir='ltr'>Χριστὸς</span> <span class='ocrx_word' id='word_1_574' title='bbox 1456 3873 1567 3944; x_wconf 84' lang='grc' dir='ltr'>γὰρ</span> <span class='ocrx_word' id='word_1_575' title='bbox 1602 3869 1671 3945; x_wconf 77' lang='grc' dir='ltr'>ἦν</span> <span class='ocrx_word' id='word_1_576' title='bbox 1701 3873 1853 3939; x_wconf 84' lang='grc' dir='ltr'>Θεὸς,</span> <span class='ocrx_word' id='word_1_577' title='bbox 1876 3873 1970 3928; x_wconf 80' lang='grc' dir='ltr'><strong>καὶ</strong></span> 
     </span>
    </p>
   </div>
   <div class='ocr_carea' id='block_1_70' title="bbox 403 3952 1970 4037">
    <p class='ocr_par' dir='ltr' id='par_1_70' title="bbox 403 3952 1970 4037">
     <span class='ocr_line' id='line_1_70' title="bbox 403 3952 1970 4037; baseline 0.003 -21"><span class='ocrx_word' id='word_1_578' title='bbox 403 3952 640 4035; x_wconf 76' lang='grc' dir='ltr'>ἔπασχεν</span> <span class='ocrx_word' id='word_1_579' title='bbox 670 3966 738 4018; x_wconf 87' lang='grc' dir='ltr'>δι’</span> <span class='ocrx_word' id='word_1_580' title='bbox 769 3967 936 4037; x_wconf 81' lang='grc' dir='ltr'>ἡμᾶς,</span> <span class='ocrx_word' id='word_1_581' title='bbox 968 3965 1131 4029; x_wconf 82' lang='grc' dir='ltr'>αὐτὸς</span> <span class='ocrx_word' id='word_1_582' title='bbox 1157 3965 1231 4019; x_wconf 81' lang='grc' dir='ltr'>ὢν</span> <span class='ocrx_word' id='word_1_583' title='bbox 1262 3968 1292 4018; x_wconf 88' lang='lat'><strong>6</strong></span> <span class='ocrx_word' id='word_1_584' title='bbox 1330 3967 1537 4036; x_wconf 75' lang='grc' dir='ltr'>Πατὴρ,</span> <span class='ocrx_word' id='word_1_585' title='bbox 1568 3967 1655 4019; x_wconf 82' lang='grc' dir='ltr'><strong>ἵνα</strong></span> <span class='ocrx_word' id='word_1_586' title='bbox 1677 3967 1770 4020; x_wconf 77' lang='grc' dir='ltr'><strong>καὶ</strong></span> <span class='ocrx_word' id='word_1_587' title='bbox 1800 3967 1970 4021; x_wconf 83' lang='grc' dir='ltr'>σῶσαι</span> 
     </span>
    </p>
   </div>
   <div class='ocr_carea' id='block_1_71' title="bbox 405 4055 1964 4130">
    <p class='ocr_par' dir='ltr' id='par_1_71' title="bbox 405 4055 1964 4130">
     <span class='ocr_line' id='line_1_71' title="bbox 405 4055 1964 4130; baseline -0.011 -3"><span class='ocrx_word' id='word_1_588' title='bbox 405 4055 553 4126; x_wconf 74' lang='grc' dir='ltr'>ἡμᾶς</span> <span class='ocrx_word' id='word_1_589' title='bbox 584 4056 803 4128; x_wconf 81' lang='grc' dir='ltr'>δυνηθῇ.</span> <span class='ocrx_word' id='word_1_590' title='bbox 840 4058 1001 4111; x_wconf 82' lang='grc' dir='ltr'>Ἀλλο</span> <span class='ocrx_word' id='word_1_591' title='bbox 1040 4059 1118 4123; x_wconf 83' lang='grc' dir='ltr'><strong>δὲ,</strong></span> <span class='ocrx_word' id='word_1_592' title='bbox 1153 4059 1335 4130; x_wconf 75' lang='grc' dir='ltr'>φησὶν,</span> <span class='ocrx_word' id='word_1_593' title='bbox 1365 4058 1426 4111; x_wconf 84' lang='grc' dir='ltr'><strong>οὐ</strong></span> <span class='ocrx_word' id='word_1_594' title='bbox 1465 4057 1736 4129; x_wconf 85' lang='grc' dir='ltr'>δυνάμεθα</span> <span class='ocrx_word' id='word_1_595' title='bbox 1770 4058 1964 4127; x_wconf 83' lang='grc' dir='ltr'>λέγειν·</span> 
     </span>
    </p>
   </div>
   <div class='ocr_carea' id='block_1_72' title="bbox 405 4146 1965 4220">
    <p class='ocr_par' dir='ltr' id='par_1_72' title="bbox 405 4146 1965 4220">
     <span class='ocr_line' id='line_1_72' title="bbox 405 4146 1965 4220; baseline 0.003 -22"><span class='ocrx_word' id='word_1_596' title='bbox 405 4147 500 4199; x_wconf 78' lang='grc' dir='ltr'><strong>καὶ</strong></span> <span class='ocrx_word' id='word_1_597' title='bbox 541 4146 648 4219; x_wconf 87' lang='grc' dir='ltr'><strong>γὰρ</strong></span> <span class='ocrx_word' id='word_1_598' title='bbox 688 4150 716 4202; x_wconf 90' lang='lat'><strong>6</strong></span> <span class='ocrx_word' id='word_1_599' title='bbox 769 4148 1086 4213; x_wconf 82' lang='grc' dir='ltr'>Ἀπόστολος</span> <span class='ocrx_word' id='word_1_600' title='bbox 1124 4150 1221 4204; x_wconf 70' lang='grc' dir='ltr'><strong>ἕνα</strong></span> <span class='ocrx_word' id='word_1_601' title='bbox 1268 4149 1402 4203; x_wconf 87' lang='grc' dir='ltr'>Θεὸν</span> <span class='ocrx_word' id='word_1_602' title='bbox 1455 4148 1725 4219; x_wconf 75' lang='grc' dir='ltr'>ὁμολογεῖ,</span> <span class='ocrx_word' id='word_1_603' title='bbox 1772 4149 1965 4220; x_wconf 74' lang='grc' dir='ltr'>λέγων’</span> 
     </span>
    </p>
   </div>
   <div class='ocr_carea' id='block_1_73' title="bbox 330 4224 1970 4312">
    <p class='ocr_par' dir='ltr' id='par_1_73' title="bbox 330 4224 1970 4312">
     <span class='ocr_line' id='line_1_73' title="bbox 330 4224 1970 4312; baseline 0.001 -21"><span class='ocrx_word' id='word_1_604' title='bbox 330 4284 341 4291; x_wconf 79' lang='lat'><strong>.</strong></span> <span class='ocrx_word' id='word_1_605' title='bbox 411 4253 432 4286; x_wconf 73' lang='grc' dir='ltr'><strong>ι</strong></span> <span class='ocrx_word' id='word_1_606' title='bbox 466 4231 567 4290; x_wconf 85' lang='grc' dir='ltr'>Ὧν</span> <span class='ocrx_word' id='word_1_607' title='bbox 601 4239 650 4290; x_wconf 88' lang='grc' dir='ltr'>οἱ</span> <span class='ocrx_word' id='word_1_608' title='bbox 696 4238 953 4311; x_wconf 82' lang='grc' dir='ltr'>πατέρες,</span> <span class='ocrx_word' id='word_1_609' title='bbox 983 4224 1041 4306; x_wconf 77' lang='grc' dir='ltr'><strong>ἐξ</strong></span> <span class='ocrx_word' id='word_1_610' title='bbox 1070 4233 1144 4292; x_wconf 83' lang='grc' dir='ltr'>ὧν</span> <span class='ocrx_word' id='word_1_611' title='bbox 1176 4238 1408 4310; x_wconf 87' lang='grc' dir='ltr'>Χριστὸς</span> <span class='ocrx_word' id='word_1_612' title='bbox 1446 4238 1507 4291; x_wconf 93' lang='grc' dir='ltr'><strong>τὸ</strong></span> <span class='ocrx_word' id='word_1_613' title='bbox 1534 4238 1676 4292; x_wconf 77' lang='grc' dir='ltr'>κατὰ</span> <span class='ocrx_word' id='word_1_614' title='bbox 1709 4238 1905 4312; x_wconf 83' lang='grc' dir='ltr'>σάρκα,</span> <span class='ocrx_word' id='word_1_615' title='bbox 1940 4241 1970 4293; x_wconf 93' lang='lat'><strong>6</strong></span> 
     </span>
    </p>
   </div>
   <div class='ocr_carea' id='block_1_74' title="bbox 404 4322 1893 4399">
    <p class='ocr_par' dir='ltr' id='par_1_74' title="bbox 404 4322 1893 4399">
     <span class='ocr_line' id='line_1_74' title="bbox 404 4322 1893 4399; baseline -0.001 -21"><span class='ocrx_word' id='word_1_616' title='bbox 404 4322 483 4380; x_wconf 85' lang='grc' dir='ltr'><strong>ὢν</strong></span> <span class='ocrx_word' id='word_1_617' title='bbox 516 4324 607 4380; x_wconf 71' lang='grc' dir='ltr'>ἐπὶ</span> <span class='ocrx_word' id='word_1_618' title='bbox 633 4326 846 4381; x_wconf 82' lang='grc' dir='ltr'>πάντων</span> <span class='ocrx_word' id='word_1_619' title='bbox 876 4326 1008 4389; x_wconf 89' lang='grc' dir='ltr'>Θεὸς</span> <span class='ocrx_word' id='word_1_620' title='bbox 1042 4326 1329 4399; x_wconf 82' lang='grc' dir='ltr'>εὐλογητὸς</span> <span class='ocrx_word' id='word_1_621' title='bbox 1354 4326 1432 4389; x_wconf 84' lang='grc' dir='ltr'>εἰς</span> <span class='ocrx_word' id='word_1_622' title='bbox 1455 4326 1578 4388; x_wconf 83' lang='grc' dir='ltr'>τοὺς</span> <span class='ocrx_word' id='word_1_623' title='bbox 1607 4323 1828 4388; x_wconf 78' lang='grc' dir='ltr'>αἰῶνας.</span> <span class='ocrx_word' id='word_1_624' title='bbox 1874 4343 1893 4376; x_wconf 77' lang='grc' dir='ltr'><strong>ι</strong></span> 
     </span>
    </p>
   </div>
   <div class='ocr_carea' id='block_1_75' title="bbox 2069 3239 3632 3312">
    <p class='ocr_par' dir='ltr' id='par_1_75' title="bbox 2069 3239 3632 3312">
     <span class='ocr_line' id='line_1_75' title="bbox 2069 3239 3632 3312; baseline 0 -17"><span class='ocrx_word' id='word_1_625' title='bbox 2069 3241 2371 3306; x_wconf 88' lang='lat' dir='ltr'><strong>cahuntur,</strong></span> <span class='ocrx_word' id='word_1_626' title='bbox 2422 3242 2550 3312; x_wconf 87' lang='lat' dir='ltr'><strong>quia</strong></span> <span class='ocrx_word' id='word_1_627' title='bbox 2595 3256 2703 3295; x_wconf 92' lang='lat' dir='ltr'><strong>non</strong></span> <span class='ocrx_word' id='word_1_628' title='bbox 2751 3249 2836 3297; x_wconf 90' lang='lat' dir='ltr'><strong>est</strong></span> <span class='ocrx_word' id='word_1_629' title='bbox 2868 3239 3010 3295; x_wconf 89' lang='lat' dir='ltr'><strong>Deus</strong></span> <span class='ocrx_word' id='word_1_630' title='bbox 3049 3250 3243 3310; x_wconf 80' lang='lat' dir='ltr'><strong>praeter</strong></span> <span class='ocrx_word' id='word_1_631' title='bbox 3277 3250 3347 3295; x_wconf 86' lang='lat' dir='ltr'><strong>te.</strong></span> <span class='ocrx_word' id='word_1_632' title='bbox 3377 3239 3458 3295; x_wconf 90' lang='lat' dir='ltr'><strong>Tu</strong></span> <span class='ocrx_word' id='word_1_633' title='bbox 3484 3243 3632 3295; x_wconf 88' lang='lat' dir='ltr'><strong>enim</strong></span> 
     </span>
    </p>
   </div>
   <div class='ocr_carea' id='block_1_76' title="bbox 2068 3324 3630 3396">
    <p class='ocr_par' dir='ltr' id='par_1_76' title="bbox 2068 3324 3630 3396">
     <span class='ocr_line' id='line_1_76' title="bbox 2068 3324 3630 3396; baseline 0.003 -16"><span class='ocrx_word' id='word_1_634' title='bbox 2068 3340 2129 3381; x_wconf 90' lang='lat' dir='ltr'><strong>es</strong></span> <span class='ocrx_word' id='word_1_635' title='bbox 2157 3324 2319 3393; x_wconf 88' lang='lat' dir='ltr'><strong>Deus,</strong></span> <span class='ocrx_word' id='word_1_636' title='bbox 2354 3336 2408 3382; x_wconf 90' lang='lat' dir='ltr'><strong>et</strong></span> <span class='ocrx_word' id='word_1_637' title='bbox 2453 3329 2811 3396; x_wconf 89' lang='lat' dir='ltr'><strong>nescivimus;</strong></span> <span class='ocrx_word' id='word_1_638' title='bbox 2844 3328 2987 3383; x_wconf 88' lang='lat' dir='ltr'><strong>Deus</strong></span> <span class='ocrx_word' id='word_1_639' title='bbox 3026 3328 3189 3384; x_wconf 88' lang='lat' dir='ltr'><strong>Israel</strong></span> <span class='ocrx_word' id='word_1_640' title='bbox 3233 3329 3482 3385; x_wconf 81' lang='lat' dir='ltr'><strong>Salvator</strong></span> <span class='ocrx_word' id='word_1_641' title='bbox 3507 3331 3573 3385; x_wconf 82' lang='grc'><strong>³³.</strong></span> <span class='ocrx_word' id='word_1_642' title='bbox 3609 3349 3630 3384; x_wconf 82' lang='grc' dir='ltr'><strong>ι</strong></span> 
     </span>
    </p>
   </div>
   <div class='ocr_carea' id='block_1_77' title="bbox 2069 3415 3634 3489">
    <p class='ocr_par' dir='ltr' id='par_1_77' title="bbox 2069 3415 3634 3489">
     <span class='ocr_line' id='line_1_77' title="bbox 2069 3415 3634 3489; baseline 0.002 -17"><span class='ocrx_word' id='word_1_643' title='bbox 2069 3415 2255 3478; x_wconf 81' lang='lat' dir='ltr'><strong>Vides.</strong></span> <span class='ocrx_word' id='word_1_644' title='bbox 2306 3419 2519 3489; x_wconf 91' lang='lat' dir='ltr'><strong>inquit,</strong></span> <span class='ocrx_word' id='word_1_645' title='bbox 2566 3420 2840 3489; x_wconf 89' lang='lat' dir='ltr'><strong>quomodo</strong></span> <span class='ocrx_word' id='word_1_646' title='bbox 2890 3417 3185 3489; x_wconf 68' lang='lat' dir='ltr'><strong>Scriptura:</strong></span> <span class='ocrx_word' id='word_1_647' title='bbox 3232 3436 3403 3474; x_wconf 90' lang='lat' dir='ltr'><strong>unum</strong></span> <span class='ocrx_word' id='word_1_648' title='bbox 3463 3419 3634 3476; x_wconf 84' lang='lat' dir='ltr'><strong>Deum</strong></span> 
     </span>
    </p>
   </div>
   <div class='ocr_carea' id='block_1_78' title="bbox 2067 3508 3634 3583">
    <p class='ocr_par' dir='ltr' id='par_1_78' title="bbox 2067 3508 3634 3583">
     <span class='ocr_line' id='line_1_78' title="bbox 2067 3508 3634 3583; baseline 0.003 -21"><span class='ocrx_word' id='word_1_649' title='bbox 2067 3508 2400 3578; x_wconf 77' lang='lat' dir='ltr'><strong>praedicant?</strong></span> <span class='ocrx_word' id='word_1_650' title='bbox 2428 3511 2565 3565; x_wconf 89' lang='lat' dir='ltr'><strong>Cum</strong></span> <span class='ocrx_word' id='word_1_651' title='bbox 2614 3511 2718 3565; x_wconf 89' lang='lat' dir='ltr'><strong>hoc</strong></span> <span class='ocrx_word' id='word_1_652' title='bbox 2761 3520 2946 3583; x_wconf 75' lang='lat' dir='ltr'><strong>aperte</strong></span> <span class='ocrx_word' id='word_1_653' title='bbox 2992 3512 3327 3567; x_wconf 87' lang='lat' dir='ltr'><strong>declaratum</strong></span> <span class='ocrx_word' id='word_1_654' title='bbox 3380 3512 3472 3578; x_wconf 88' lang='lat' dir='ltr'><strong>sit,</strong></span> <span class='ocrx_word' id='word_1_655' title='bbox 3507 3527 3634 3568; x_wconf 87' lang='lat' dir='ltr'><strong>cum</strong></span> 
     </span>
    </p>
   </div>
   <div class='ocr_carea' id='block_1_79' title="bbox 2068 3602 3638 3682">
    <p class='ocr_par' dir='ltr' id='par_1_79' title="bbox 2068 3602 3638 3682">
     <span class='ocr_line' id='line_1_79' title="bbox 2068 3602 3638 3682; baseline 0.003 -25"><span class='ocrx_word' id='word_1_656' title='bbox 2068 3603 2184 3658; x_wconf 69' lang='lat' dir='ltr'><strong>haec</strong></span> <span class='ocrx_word' id='word_1_657' title='bbox 2212 3602 2294 3658; x_wconf 92' lang='lat' dir='ltr'><strong>sic</strong></span> <span class='ocrx_word' id='word_1_658' title='bbox 2319 3610 2621 3682; x_wconf 82' lang='lat' dir='ltr'><strong>contestata</strong></span> <span class='ocrx_word' id='word_1_659' title='bbox 2656 3603 2804 3668; x_wconf 89' lang='lat' dir='ltr'><strong>sint;</strong></span> <span class='ocrx_word' id='word_1_660' title='bbox 2834 3617 3058 3659; x_wconf 85' lang='lat' dir='ltr'><strong>necesse</strong></span> <span class='ocrx_word' id='word_1_661' title='bbox 3100 3612 3203 3668; x_wconf 88' lang='lat' dir='ltr'><strong>est,</strong></span> <span class='ocrx_word' id='word_1_662' title='bbox 3235 3618 3346 3659; x_wconf 89' lang='lat' dir='ltr'><strong>uno</strong></span> <span class='ocrx_word' id='word_1_663' title='bbox 3372 3619 3470 3674; x_wconf 89' lang='lat' dir='ltr'><strong>per</strong></span> <span class='ocrx_word' id='word_1_664' title='bbox 3502 3620 3638 3661; x_wconf 90' lang='lat' dir='ltr'><strong>con-</strong></span> 
     </span>
    </p>
   </div>
   <div class='ocr_carea' id='block_1_80' title="bbox 2068 3694 3639 3766">
    <p class='ocr_par' dir='ltr' id='par_1_80' title="bbox 2068 3694 3639 3766">
     <span class='ocr_line' id='line_1_80' title="bbox 2068 3694 3639 3766; baseline 0.002 -17"><span class='ocrx_word' id='word_1_665' title='bbox 2068 3694 2359 3751; x_wconf 78' lang='lat' dir='ltr'><strong>fessionem</strong></span> <span class='ocrx_word' id='word_1_666' title='bbox 2382 3695 2697 3760; x_wconf 89' lang='lat' dir='ltr'><strong>constituto,</strong></span> <span class='ocrx_word' id='word_1_667' title='bbox 2726 3695 2873 3750; x_wconf 89' lang='lat' dir='ltr'><strong>hunc</strong></span> <span class='ocrx_word' id='word_1_668' title='bbox 2898 3696 3138 3766; x_wconf 87' lang='lat' dir='ltr'><strong>passioni</strong></span> <span class='ocrx_word' id='word_1_669' title='bbox 3166 3697 3454 3766; x_wconf 87' lang='lat' dir='ltr'><strong>subjicere.</strong></span> <span class='ocrx_word' id='word_1_670' title='bbox 3478 3697 3639 3752; x_wconf 88' lang='lat' dir='ltr'><strong>Chri-</strong></span> 
     </span>
    </p>
   </div>
   <div class='ocr_carea' id='block_1_81' title="bbox 2069 3783 3635 3855">
    <p class='ocr_par' dir='ltr' id='par_1_81' title="bbox 2069 3783 3635 3855">
     <span class='ocr_line' id='line_1_81' title="bbox 2069 3783 3635 3855; baseline 0.001 -15"><span class='ocrx_word' id='word_1_671' title='bbox 2069 3794 2188 3841; x_wconf 83' lang='lat' dir='ltr'><strong>stus</strong></span> <span class='ocrx_word' id='word_1_672' title='bbox 2209 3784 2352 3839; x_wconf 90' lang='lat' dir='ltr'><strong>enim</strong></span> <span class='ocrx_word' id='word_1_673' title='bbox 2382 3793 2498 3839; x_wconf 89' lang='lat' dir='ltr'><strong>erat</strong></span> <span class='ocrx_word' id='word_1_674' title='bbox 2526 3783 2688 3851; x_wconf 88' lang='lat' dir='ltr'><strong>Deus,</strong></span> <span class='ocrx_word' id='word_1_675' title='bbox 2715 3793 2770 3839; x_wconf 87' lang='lat' dir='ltr'><strong>et</strong></span> <span class='ocrx_word' id='word_1_676' title='bbox 2796 3793 3018 3854; x_wconf 87' lang='lat' dir='ltr'><strong>propter</strong></span> <span class='ocrx_word' id='word_1_677' title='bbox 3044 3799 3145 3840; x_wconf 90' lang='lat' dir='ltr'><strong>nos</strong></span> <span class='ocrx_word' id='word_1_678' title='bbox 3176 3800 3373 3855; x_wconf 87' lang='lat' dir='ltr'><strong>passus</strong></span> <span class='ocrx_word' id='word_1_679' title='bbox 3400 3796 3484 3841; x_wconf 77' lang='lat' dir='ltr'><strong>est</strong></span> <span class='ocrx_word' id='word_1_680' title='bbox 3507 3803 3635 3842; x_wconf 88' lang='lat' dir='ltr'><strong>cum</strong></span> 
     </span>
    </p>
   </div>
   <div class='ocr_carea' id='block_1_82' title="bbox 2068 3873 3635 3946">
    <p class='ocr_par' dir='ltr' id='par_1_82' title="bbox 2068 3873 3635 3946">
     <span class='ocr_line' id='line_1_82' title="bbox 2068 3873 3635 3946; baseline 0.003 -17"><span class='ocrx_word' id='word_1_681' title='bbox 2068 3883 2215 3931; x_wconf 88' lang='lat' dir='ltr'><strong>esset</strong></span> <span class='ocrx_word' id='word_1_682' title='bbox 2259 3873 2416 3930; x_wconf 88' lang='lat' dir='ltr'><strong>Pater</strong></span> <span class='ocrx_word' id='word_1_683' title='bbox 2440 3914 2457 3940; x_wconf 91' lang='lat'><strong>,</strong></span> <span class='ocrx_word' id='word_1_684' title='bbox 2511 3885 2574 3930; x_wconf 87' lang='lat' dir='ltr'><strong>ut</strong></span> <span class='ocrx_word' id='word_1_685' title='bbox 2610 3883 2794 3946; x_wconf 78' lang='lat' dir='ltr'><strong>posset</strong></span> <span class='ocrx_word' id='word_1_686' title='bbox 2839 3876 3022 3931; x_wconf 88' lang='lat' dir='ltr'><strong>salvos</strong></span> <span class='ocrx_word' id='word_1_687' title='bbox 3079 3890 3180 3930; x_wconf 82' lang='lat' dir='ltr'><strong>nos</strong></span> <span class='ocrx_word' id='word_1_688' title='bbox 3219 3875 3419 3932; x_wconf 81' lang='lat' dir='ltr'><strong>facere.</strong></span> <span class='ocrx_word' id='word_1_689' title='bbox 3471 3877 3635 3933; x_wconf 85' lang='lat' dir='ltr'><strong>Aliud</strong></span> 
     </span>
    </p>
   </div>
   <div class='ocr_carea' id='block_1_83' title="bbox 2067 3964 3637 4037">
    <p class='ocr_par' dir='ltr' id='par_1_83' title="bbox 2067 3964 3637 4037">
     <span class='ocr_line' id='line_1_83' title="bbox 2067 3964 3637 4037; baseline -0.002 -15"><span class='ocrx_word' id='word_1_690' title='bbox 2067 3967 2239 4031; x_wconf 90' lang='lat' dir='ltr'><strong>enim,</strong></span> <span class='ocrx_word' id='word_1_691' title='bbox 2265 3966 2459 4036; x_wconf 88' lang='lat' dir='ltr'><strong>inquit,</strong></span> <span class='ocrx_word' id='word_1_692' title='bbox 2495 3964 2674 4021; x_wconf 88' lang='lat' dir='ltr'><strong>dicere</strong></span> <span class='ocrx_word' id='word_1_693' title='bbox 2703 3980 2810 4020; x_wconf 90' lang='lat' dir='ltr'><strong>non</strong></span> <span class='ocrx_word' id='word_1_694' title='bbox 2833 3980 3128 4036; x_wconf 86' lang='lat' dir='ltr'><strong>possumus</strong></span> <span class='ocrx_word' id='word_1_695' title='bbox 3159 3985 3172 4022; x_wconf 88' lang='lat'><strong>:</strong></span> <span class='ocrx_word' id='word_1_696' title='bbox 3198 3967 3466 4037; x_wconf 81' lang='lat' dir='ltr'><strong>siquidem</strong></span> <span class='ocrx_word' id='word_1_697' title='bbox 3495 3968 3637 4037; x_wconf 78' lang='lat' dir='ltr'><strong>Apo-</strong></span> 
     </span>
    </p>
   </div>
   <div class='ocr_carea' id='block_1_84' title="bbox 2069 4055 3637 4125">
    <p class='ocr_par' dir='ltr' id='par_1_84' title="bbox 2069 4055 3637 4125">
     <span class='ocr_line' id='line_1_84' title="bbox 2069 4055 3637 4125; baseline 0.001 -13"><span class='ocrx_word' id='word_1_698' title='bbox 2069 4058 2240 4113; x_wconf 87' lang='lat' dir='ltr'><strong>stolus</strong></span> <span class='ocrx_word' id='word_1_699' title='bbox 2268 4072 2436 4111; x_wconf 89' lang='lat' dir='ltr'><strong>unum</strong></span> <span class='ocrx_word' id='word_1_700' title='bbox 2464 4055 2634 4111; x_wconf 89' lang='lat' dir='ltr'><strong>Deum</strong></span> <span class='ocrx_word' id='word_1_701' title='bbox 2666 4056 2982 4125; x_wconf 83' lang='lat' dir='ltr'><strong>conﬁtetur,</strong></span> <span class='ocrx_word' id='word_1_702' title='bbox 3014 4074 3140 4114; x_wconf 91' lang='lat' dir='ltr'><strong>cum</strong></span> <span class='ocrx_word' id='word_1_703' title='bbox 3185 4059 3299 4112; x_wconf 85' lang='lat' dir='ltr'><strong>ait:</strong></span> <span class='ocrx_word' id='word_1_704' title='bbox 3340 4076 3359 4108; x_wconf 81' lang='grc' dir='ltr'><strong>ι</strong></span> <span class='ocrx_word' id='word_1_705' title='bbox 3390 4056 3637 4123; x_wconf 85' lang='lat' dir='ltr'><strong>Quorum</strong></span> 
     </span>
    </p>
   </div>
   <div class='ocr_carea' id='block_1_85' title="bbox 2067 4145 3638 4219">
    <p class='ocr_par' dir='ltr' id='par_1_85' title="bbox 2067 4145 3638 4219">
     <span class='ocr_line' id='line_1_85' title="bbox 2067 4145 3638 4219; baseline 0.002 -18"><span class='ocrx_word' id='word_1_706' title='bbox 2067 4155 2282 4217; x_wconf 89' lang='lat' dir='ltr'><strong>patres,</strong></span> <span class='ocrx_word' id='word_1_707' title='bbox 2310 4163 2377 4203; x_wconf 75' lang='lat' dir='ltr'><strong>ex</strong></span> <span class='ocrx_word' id='word_1_708' title='bbox 2406 4146 2606 4218; x_wconf 88' lang='lat' dir='ltr'><strong>quibus</strong></span> <span class='ocrx_word' id='word_1_709' title='bbox 2641 4145 2895 4203; x_wconf 88' lang='lat' dir='ltr'><strong>Christus</strong></span> <span class='ocrx_word' id='word_1_710' title='bbox 2940 4149 3241 4204; x_wconf 88' lang='lat' dir='ltr'><strong>secundum</strong></span> <span class='ocrx_word' id='word_1_711' title='bbox 3275 4163 3516 4215; x_wconf 88' lang='lat' dir='ltr'><strong>carnem,</strong></span> <span class='ocrx_word' id='word_1_712' title='bbox 3543 4149 3638 4219; x_wconf 89' lang='lat' dir='ltr'><strong>qui</strong></span> 
     </span>
    </p>
   </div>
   <div class='ocr_carea' id='block_1_86' title="bbox 2068 4237 3103 4295">
    <p class='ocr_par' dir='ltr' id='par_1_86' title="bbox 2068 4237 3103 4295">
     <span class='ocr_line' id='line_1_86' title="bbox 2068 4237 3103 4295; baseline -0.002 -2"><span class='ocrx_word' id='word_1_713' title='bbox 2068 4249 2151 4293; x_wconf 88' lang='lat' dir='ltr'><strong>est</strong></span> <span class='ocrx_word' id='word_1_714' title='bbox 2171 4238 2314 4295; x_wconf 87' lang='lat' dir='ltr'><strong>Deus</strong></span> <span class='ocrx_word' id='word_1_715' title='bbox 2337 4238 2652 4294; x_wconf 87' lang='lat' dir='ltr'><strong>benedictus</strong></span> <span class='ocrx_word' id='word_1_716' title='bbox 2676 4237 2734 4293; x_wconf 90' lang='lat' dir='ltr'><strong>in</strong></span> <span class='ocrx_word' id='word_1_717' title='bbox 2765 4240 2961 4294; x_wconf 65' lang='lat' dir='ltr'><strong>saecula</strong></span> <span class='ocrx_word' id='word_1_718' title='bbox 2986 4239 3051 4294; x_wconf 65' lang='lat'><strong>“.</strong></span> <span class='ocrx_word' id='word_1_719' title='bbox 3082 4258 3103 4291; x_wconf 73' lang='grc' dir='ltr'><strong>ι</strong></span> 
     </span>
    </p>
   </div>
   <div class='ocr_carea' id='block_1_87' title="bbox 474 4408 1964 4489">
    <p class='ocr_par' dir='ltr' id='par_1_87' title="bbox 474 4414 1964 4489">
     <span class='ocr_line' id='line_1_87' title="bbox 474 4414 1964 4489; baseline -0.002 -17"><span class='ocrx_word' id='word_1_720' title='bbox 474 4418 585 4472; x_wconf 76' lang='grc' dir='ltr'><strong>Καὶ</strong></span> <span class='ocrx_word' id='word_1_721' title='bbox 626 4418 797 4472; x_wconf 74' lang='grc' dir='ltr'>ταῦτα</span> <span class='ocrx_word' id='word_1_722' title='bbox 835 4417 1110 4489; x_wconf 86' lang='grc' dir='ltr'>βούλονται</span> <span class='ocrx_word' id='word_1_723' title='bbox 1136 4417 1277 4471; x_wconf 79' lang='grc' dir='ltr'>οὕτω</span> <span class='ocrx_word' id='word_1_724' title='bbox 1319 4414 1619 4486; x_wconf 79' lang='grc' dir='ltr'>διηγεῖσθαι</span> <span class='ocrx_word' id='word_1_725' title='bbox 1666 4415 1763 4469; x_wconf 78' lang='grc' dir='ltr'><strong>καὶ</strong></span> <span class='ocrx_word' id='word_1_726' title='bbox 1788 4416 1964 4481; x_wconf 75' lang='grc' dir='ltr'>αὐτοῖς</span> 
     </span>
    </p>
   </div>
   <div class='ocr_carea' id='block_1_88' title="bbox 2064 4408 3641 4489">
    <p class='ocr_par' dir='ltr' id='par_1_88' title="bbox 2143 4408 3641 4482">
     <span class='ocr_line' id='line_1_88' title="bbox 2143 4408 3641 4482; baseline 0.001 -12"><span class='ocrx_word' id='word_1_727' title='bbox 2143 4413 2233 4470; x_wconf 88' lang='grc' dir='ltr'>ιιι.</span> <span class='ocrx_word' id='word_1_728' title='bbox 2262 4413 2355 4471; x_wconf 86' lang='lat' dir='ltr'><strong>Sic</strong></span> <span class='ocrx_word' id='word_1_729' title='bbox 2380 4414 2571 4469; x_wconf 89' lang='lat' dir='ltr'><strong>volunt</strong></span> <span class='ocrx_word' id='word_1_730' title='bbox 2596 4415 2698 4471; x_wconf 89' lang='lat' dir='ltr'><strong>ista</strong></span> <span class='ocrx_word' id='word_1_731' title='bbox 2725 4408 2974 4481; x_wconf 80' lang='lat' dir='ltr'><strong>recitare,</strong></span> <span class='ocrx_word' id='word_1_732' title='bbox 2998 4421 3052 4469; x_wconf 88' lang='lat' dir='ltr'><strong>et</strong></span> <span class='ocrx_word' id='word_1_733' title='bbox 3080 4413 3160 4469; x_wconf 85' lang='lat' dir='ltr'><strong>uti</strong></span> <span class='ocrx_word' id='word_1_734' title='bbox 3187 4414 3473 4482; x_wconf 88' lang='lat' dir='ltr'><strong>mutilatis,</strong></span> <span class='ocrx_word' id='word_1_735' title='bbox 3497 4414 3641 4472; x_wconf 88' lang='lat' dir='ltr'><strong>sicut</strong></span> 
     </span>
    </p>
   </div>
   <div class='ocr_carea' id='block_1_89' title="bbox 408 4503 1971 4584">
    <p class='ocr_par' dir='ltr' id='par_1_89' title="bbox 408 4503 1971 4584">
     <span class='ocr_line' id='line_1_89' title="bbox 408 4503 1971 4584; baseline -0.003 -18"><span class='ocrx_word' id='word_1_736' title='bbox 408 4510 684 4584; x_wconf 79' lang='grc' dir='ltr'>μονόκωλα</span> <span class='ocrx_word' id='word_1_737' title='bbox 717 4510 827 4582; x_wconf 84' lang='grc'>(75)</span> <span class='ocrx_word' id='word_1_738' title='bbox 872 4508 1165 4583; x_wconf 84' lang='grc' dir='ltr'>χρώμενοι,</span> <span class='ocrx_word' id='word_1_739' title='bbox 1195 4509 1254 4563; x_wconf 82' lang='grc' dir='ltr'>ὃν</span> <span class='ocrx_word' id='word_1_740' title='bbox 1298 4509 1496 4581; x_wconf 85' lang='grc' dir='ltr'>τρόπον</span> <span class='ocrx_word' id='word_1_741' title='bbox 1542 4503 1693 4561; x_wconf 79' lang='grc' dir='ltr'>εἶπεν</span> <span class='ocrx_word' id='word_1_742' title='bbox 1720 4506 1971 4572; x_wconf 87' lang='grc' dir='ltr'>Θεόδοτος</span> 
     </span>
    </p>
   </div>
   <div class='ocr_carea' id='block_1_90' title="bbox 2076 4503 3641 4575">
    <p class='ocr_par' dir='ltr' id='par_1_90' title="bbox 2076 4503 3641 4575">
     <span class='ocr_line' id='line_1_90' title="bbox 2076 4503 3641 4575; baseline 0.001 -14"><span class='ocrx_word' id='word_1_743' title='bbox 2076 4505 2205 4563; x_wconf 82' lang='lat' dir='ltr'><strong>fecit</strong></span> <span class='ocrx_word' id='word_1_744' title='bbox 2235 4506 2565 4574; x_wconf 85' lang='lat' dir='ltr'><strong>Theodotus,</strong></span> <span class='ocrx_word' id='word_1_745' title='bbox 2595 4521 2719 4563; x_wconf 90' lang='lat' dir='ltr'><strong>cum</strong></span> <span class='ocrx_word' id='word_1_746' title='bbox 2757 4506 2918 4560; x_wconf 88' lang='lat' dir='ltr'><strong>vellet</strong></span> <span class='ocrx_word' id='word_1_747' title='bbox 2951 4505 3179 4575; x_wconf 86' lang='lat' dir='ltr'><strong>probare</strong></span> <span class='ocrx_word' id='word_1_748' title='bbox 3208 4503 3488 4562; x_wconf 88' lang='lat' dir='ltr'><strong>Christum</strong></span> <span class='ocrx_word' id='word_1_749' title='bbox 3519 4521 3641 4563; x_wconf 85' lang='lat' dir='ltr'><strong>esse</strong></span> 
     </span>
    </p>
   </div>
   <div class='ocr_carea' id='block_1_91' title="bbox 474 4689 1964 4760">
    <p class='ocr_par' dir='ltr' id='par_1_91' title="bbox 474 4690 1964 4760">
     <span class='ocr_line' id='line_1_91' title="bbox 474 4690 1964 4760; baseline -0.001 -13"><span class='ocrx_word' id='word_1_750' title='bbox 474 4694 525 4727; x_wconf 62' lang='grc' dir='ltr'><strong>θ’</strong></span> <span class='ocrx_word' id='word_1_751' title='bbox 552 4691 721 4749; x_wconf 81' lang='lat' dir='ltr'><strong>Exod.</strong></span> <span class='ocrx_word' id='word_1_752' title='bbox 751 4708 835 4760; x_wconf 80' lang='grc' dir='ltr'>ιιι,</span> <span class='ocrx_word' id='word_1_753' title='bbox 881 4691 936 4747; x_wconf 88' lang='lat'>6.</span> <span class='ocrx_word' id='word_1_754' title='bbox 1014 4692 1058 4726; x_wconf 79' lang='lat'><strong>&#39;°</strong></span> <span class='ocrx_word' id='word_1_755' title='bbox 1087 4690 1257 4748; x_wconf 82' lang='lat' dir='ltr'><strong>Exod.</strong></span> <span class='ocrx_word' id='word_1_756' title='bbox 1292 4708 1385 4758; x_wconf 76' lang='lat' dir='ltr'><strong>xx,</strong></span> <span class='ocrx_word' id='word_1_757' title='bbox 1421 4692 1474 4745; x_wconf 94' lang='grc'><strong>5.</strong></span> <span class='ocrx_word' id='word_1_758' title='bbox 1554 4691 1598 4724; x_wconf 82' lang='grc'><strong>³¹</strong></span> <span class='ocrx_word' id='word_1_759' title='bbox 1628 4690 1732 4747; x_wconf 88' lang='lat' dir='ltr'><strong>lsa.</strong></span> <span class='ocrx_word' id='word_1_760' title='bbox 1783 4699 1964 4759; x_wconf 76' lang='lat' dir='ltr'><strong>xuv,l</strong></span> 
     </span>
    </p>
   </div>
   <div class='ocr_carea' id='block_1_92' title="bbox 2064 4689 3637 4760">
    <p class='ocr_par' dir='ltr' id='par_1_92' title="bbox 2090 4689 3637 4760">
     <span class='ocr_line' id='line_1_92' title="bbox 2090 4689 3637 4760; baseline 0 -14"><span class='ocrx_word' id='word_1_761' title='bbox 2090 4690 2135 4725; x_wconf 84' lang='grc'><strong>³²</strong></span> <span class='ocrx_word' id='word_1_762' title='bbox 2166 4690 2399 4748; x_wconf 90' lang='lat' dir='ltr'><strong>Baruch.</strong></span> <span class='ocrx_word' id='word_1_763' title='bbox 2435 4707 2530 4760; x_wconf 89' lang='grc' dir='ltr'>ιιι,</span> <span class='ocrx_word' id='word_1_764' title='bbox 2560 4689 2749 4747; x_wconf 81' lang='grc'>56-58.</span> <span class='ocrx_word' id='word_1_765' title='bbox 2825 4691 2871 4723; x_wconf 82' lang='grc'><strong>⁸³</strong></span> <span class='ocrx_word' id='word_1_766' title='bbox 2902 4689 3010 4747; x_wconf 87' lang='lat' dir='ltr'><strong>lsa.</strong></span> <span class='ocrx_word' id='word_1_767' title='bbox 3063 4707 3188 4759; x_wconf 74' lang='grc' dir='ltr'>χιν,</span> <span class='ocrx_word' id='word_1_768' title='bbox 3234 4692 3323 4748; x_wconf 64' lang='lat' dir='ltr'><strong>ll.</strong></span> <span class='ocrx_word' id='word_1_769' title='bbox 3402 4694 3446 4725; x_wconf 73' lang='lat'><strong>&quot;</strong></span> <span class='ocrx_word' id='word_1_770' title='bbox 3476 4692 3637 4750; x_wconf 79' lang='lat' dir='ltr'><strong>Rom.</strong></span> 
     </span>
    </p>
   </div>
   <div class='ocr_carea' id='block_1_93' title="bbox 409 4764 587 4828">
    <p class='ocr_par' dir='ltr' id='par_1_93' title="bbox 409 4764 587 4828">
     <span class='ocr_line' id='line_1_93' title="bbox 409 4764 587 4828; baseline -0.006 -10"><span class='ocrx_word' id='word_1_771' title='bbox 409 4779 500 4828; x_wconf 76' lang='grc' dir='ltr'>ιι,</span> <span class='ocrx_word' id='word_1_772' title='bbox 531 4764 587 4819; x_wconf 83' lang='lat'><strong>5.</strong></span> 
     </span>
    </p>
   </div>
   <div class='ocr_carea' id='block_1_94' title="bbox 480 4902 1966 4975">
    <p class='ocr_par' dir='ltr' id='par_1_94' title="bbox 480 4902 1966 4975">
     <span class='ocr_line' id='line_1_94' title="bbox 480 4902 1966 4975; baseline 0.001 -18"><span class='ocrx_word' id='word_1_773' title='bbox 480 4904 591 4975; x_wconf 88' lang='lat'><strong>(7|)</strong></span> <span class='ocrx_word' id='word_1_774' title='bbox 630 4905 773 4958; x_wconf 84' lang='grc' dir='ltr'><strong>Ἕνα</strong></span> <span class='ocrx_word' id='word_1_775' title='bbox 806 4904 975 4975; x_wconf 19' lang='grc' dir='ltr'>νΘεὰν,</span> <span class='ocrx_word' id='word_1_776' title='bbox 1007 4923 1059 4959; x_wconf 89' lang='grc' dir='ltr'><strong>κ.</strong></span> <span class='ocrx_word' id='word_1_777' title='bbox 1083 4913 1157 4958; x_wconf 86' lang='grc' dir='ltr'>’τ.</span> <span class='ocrx_word' id='word_1_778' title='bbox 1208 4904 1258 4969; x_wconf 86' lang='grc' dir='ltr'><strong>λ,</strong></span> <span class='ocrx_word' id='word_1_779' title='bbox 1296 4902 1428 4970; x_wconf 78' lang='lat' dir='ltr'><strong>Quze</strong></span> <span class='ocrx_word' id='word_1_780' title='bbox 1464 4910 1790 4975; x_wconf 85' lang='lat' dir='ltr'><strong>sequuntur,</strong></span> <span class='ocrx_word' id='word_1_781' title='bbox 1837 4913 1966 4958; x_wconf 89' lang='lat' dir='ltr'><strong>sunt</strong></span> 
     </span>
    </p>
   </div>
   <div class='ocr_carea' id='block_1_95' title="bbox 408 4974 1962 5046">
    <p class='ocr_par' dir='ltr' id='par_1_95' title="bbox 408 4974 1962 5046">
     <span class='ocr_line' id='line_1_95' title="bbox 408 4974 1962 5046; baseline -0.001 -18"><span class='ocrx_word' id='word_1_782' title='bbox 408 4974 528 5044; x_wconf 79' lang='lat' dir='ltr'><strong>ipsa</strong></span> <span class='ocrx_word' id='word_1_783' title='bbox 579 4975 742 5046; x_wconf 78' lang='lat' dir='ltr'><strong>verba</strong></span> <span class='ocrx_word' id='word_1_784' title='bbox 794 4974 1057 5046; x_wconf 86' lang='lat' dir='ltr'><strong>Symboli,</strong></span> <span class='ocrx_word' id='word_1_785' title='bbox 1102 4976 1261 5046; x_wconf 85' lang='lat' dir='ltr'><strong>quale</strong></span> <span class='ocrx_word' id='word_1_786' title='bbox 1301 4982 1479 5046; x_wconf 43' lang='lat' dir='ltr'><strong>esstat</strong></span> <span class='ocrx_word' id='word_1_787' title='bbox 1511 4974 1662 5046; x_wconf 70' lang='lat' dir='ltr'><strong>apud</strong></span> <span class='ocrx_word' id='word_1_788' title='bbox 1695 4975 1962 5027; x_wconf 68' lang='lat' dir='ltr'><strong>lrenmum</strong></span> 
     </span>
    </p>
   </div>
   <div class='ocr_carea' id='block_1_96' title="bbox 409 5043 1965 5112">
    <p class='ocr_par' dir='ltr' id='par_1_96' title="bbox 409 5043 1965 5112">
     <span class='ocr_line' id='line_1_96' title="bbox 409 5043 1965 5112; baseline -0.003 -13"><span class='ocrx_word' id='word_1_789' title='bbox 409 5043 504 5099; x_wconf 85' lang='lat' dir='ltr'><strong>lib.</strong></span> <span class='ocrx_word' id='word_1_790' title='bbox 535 5059 572 5108; x_wconf 87' lang='grc' dir='ltr'><strong>ι,</strong></span> <span class='ocrx_word' id='word_1_791' title='bbox 606 5059 651 5097; x_wconf 85' lang='lat' dir='ltr'><strong>c.</strong></span> <span class='ocrx_word' id='word_1_792' title='bbox 690 5044 726 5097; x_wconf 78' lang='grc'>2</span> <span class='ocrx_word' id='word_1_793' title='bbox 754 5043 893 5112; x_wconf 61' lang='lat' dir='ltr'><strong>seq,</strong></span> <span class='ocrx_word' id='word_1_794' title='bbox 922 5045 1017 5099; x_wconf 93' lang='lat' dir='ltr'><strong>lib.</strong></span> <span class='ocrx_word' id='word_1_795' title='bbox 1050 5043 1133 5107; x_wconf 72' lang='lat' dir='ltr'><strong>Ill,</strong></span> <span class='ocrx_word' id='word_1_796' title='bbox 1160 5061 1209 5099; x_wconf 91' lang='lat' dir='ltr'><strong>c.</strong></span> <span class='ocrx_word' id='word_1_797' title='bbox 1238 5044 1302 5106; x_wconf 61' lang='grc' dir='ltr'>ὥς</span> <span class='ocrx_word' id='word_1_798' title='bbox 1340 5043 1732 5098; x_wconf 86' lang='lat' dir='ltr'><strong>Tertullianum</strong></span> <span class='ocrx_word' id='word_1_799' title='bbox 1779 5054 1965 5096; x_wconf 81' lang='lat' dir='ltr'><strong>contra</strong></span> 
     </span>
    </p>
   </div>
   <div class='ocr_carea' id='block_1_97' title="bbox 410 5112 1963 5182">
    <p class='ocr_par' dir='ltr' id='par_1_97' title="bbox 410 5112 1963 5182">
     <span class='ocr_line' id='line_1_97' title="bbox 410 5112 1963 5182; baseline -0.001 -15"><span class='ocrx_word' id='word_1_800' title='bbox 410 5114 694 5174; x_wconf 62' lang='lat' dir='ltr'><strong>Pramum,</strong></span> <span class='ocrx_word' id='word_1_801' title='bbox 740 5128 790 5168; x_wconf 90' lang='lat' dir='ltr'><strong>c.</strong></span> <span class='ocrx_word' id='word_1_802' title='bbox 824 5116 880 5176; x_wconf 67' lang='grc' dir='ltr'>Ξ,</span> <span class='ocrx_word' id='word_1_803' title='bbox 913 5124 967 5169; x_wconf 88' lang='lat' dir='ltr'><strong>et</strong></span> <span class='ocrx_word' id='word_1_804' title='bbox 993 5114 1072 5169; x_wconf 85' lang='lat' dir='ltr'><strong>De</strong></span> <span class='ocrx_word' id='word_1_805' title='bbox 1101 5114 1432 5182; x_wconf 53' lang='lat' dir='ltr'><strong>Pragcript,</strong></span> <span class='ocrx_word' id='word_1_806' title='bbox 1461 5129 1511 5168; x_wconf 92' lang='lat' dir='ltr'><strong>c.</strong></span> <span class='ocrx_word' id='word_1_807' title='bbox 1542 5114 1632 5181; x_wconf 77' lang='grc'>15,</span> <span class='ocrx_word' id='word_1_808' title='bbox 1663 5121 1718 5168; x_wconf 88' lang='lat' dir='ltr'><strong>et</strong></span> <span class='ocrx_word' id='word_1_809' title='bbox 1753 5112 1825 5167; x_wconf 88' lang='lat' dir='ltr'><strong>De</strong></span> <span class='ocrx_word' id='word_1_810' title='bbox 1858 5114 1963 5167; x_wconf 81' lang='lat' dir='ltr'><strong>vir-</strong></span> 
     </span>
    </p>
   </div>
   <div class='ocr_carea' id='block_1_98' title="bbox 409 5180 1429 5255">
    <p class='ocr_par' dir='ltr' id='par_1_98' title="bbox 409 5180 1429 5255">
     <span class='ocr_line' id='line_1_98' title="bbox 409 5180 1429 5255; baseline 0.003 -16"><span class='ocrx_word' id='word_1_811' title='bbox 409 5184 616 5255; x_wconf 64' lang='lat' dir='ltr'><strong>ginibus</strong></span> <span class='ocrx_word' id='word_1_812' title='bbox 639 5182 895 5255; x_wconf 61' lang='lat' dir='ltr'><strong>vetandis,</strong></span> <span class='ocrx_word' id='word_1_813' title='bbox 921 5200 971 5238; x_wconf 92' lang='lat' dir='ltr'><strong>c.</strong></span> <span class='ocrx_word' id='word_1_814' title='bbox 1003 5186 1049 5255; x_wconf 82' lang='lat' dir='ltr'><strong>l_,</strong></span> <span class='ocrx_word' id='word_1_815' title='bbox 1076 5194 1180 5255; x_wconf 78' lang='lat' dir='ltr'><strong>etc.</strong></span> <span class='ocrx_word' id='word_1_816' title='bbox 1208 5180 1429 5242; x_wconf 68' lang='lat' dir='ltr'><strong>Faenio.</strong></span> 
     </span>
    </p>
   </div>
   <div class='ocr_carea' id='block_1_99' title="bbox 480 5247 1970 5325">
    <p class='ocr_par' dir='ltr' id='par_1_99' title="bbox 480 5247 1970 5325">
     <span class='ocr_line' id='line_1_99' title="bbox 480 5247 1970 5325; baseline -0.001 -20"><span class='ocrx_word' id='word_1_817' title='bbox 480 5253 590 5325; x_wconf 78' lang='grc'>(72)</span> <span class='ocrx_word' id='word_1_818' title='bbox 646 5247 1476 5325; x_wconf 52' lang='grc' dir='ltr'>ἘξέωσακῄτῆςἙκκληοξζας.</span> <span class='ocrx_word' id='word_1_819' title='bbox 1517 5249 1745 5325; x_wconf 73' lang='lat' dir='ltr'><strong>Nectum</strong></span> <span class='ocrx_word' id='word_1_820' title='bbox 1796 5249 1970 5325; x_wconf 38' lang='lat' dir='ltr'><strong>dam:</strong></span> 
     </span>
    </p>
   </div>
   <div class='ocr_carea' id='block_1_100' title="bbox 408 5321 1961 5392">
    <p class='ocr_par' dir='ltr' id='par_1_100' title="bbox 408 5321 1961 5392">
     <span class='ocr_line' id='line_1_100' title="bbox 408 5321 1961 5392; baseline -0.001 -15"><span class='ocrx_word' id='word_1_821' title='bbox 408 5321 595 5378; x_wconf 80' lang='lat' dir='ltr'><strong>natum</strong></span> <span class='ocrx_word' id='word_1_822' title='bbox 626 5338 657 5377; x_wconf 92' lang='lat' dir='ltr'><strong>a</strong></span> <span class='ocrx_word' id='word_1_823' title='bbox 686 5321 1004 5392; x_wconf 82' lang='lat' dir='ltr'><strong>Tranquillo</strong></span> <span class='ocrx_word' id='word_1_824' title='bbox 1031 5325 1284 5391; x_wconf 82' lang='lat' dir='ltr'><strong>episcopo</strong></span> <span class='ocrx_word' id='word_1_825' title='bbox 1324 5321 1814 5392; x_wconf 79' lang='lat' dir='ltr'><strong>Chalcedoniorum</strong></span> <span class='ocrx_word' id='word_1_826' title='bbox 1861 5321 1961 5392; x_wconf 86' lang='lat' dir='ltr'><strong>Sy-</strong></span> 
     </span>
    </p>
   </div>
   <div class='ocr_carea' id='block_1_101' title="bbox 410 5390 1962 5460">
    <p class='ocr_par' dir='ltr' id='par_1_101' title="bbox 410 5390 1962 5460">
     <span class='ocr_line' id='line_1_101' title="bbox 410 5390 1962 5460; baseline -0.003 -14"><span class='ocrx_word' id='word_1_827' title='bbox 410 5394 525 5459; x_wconf 82' lang='lat' dir='ltr'><strong>riae,</strong></span> <span class='ocrx_word' id='word_1_828' title='bbox 550 5393 738 5450; x_wconf 89' lang='lat' dir='ltr'><strong>scribit</strong></span> <span class='ocrx_word' id='word_1_829' title='bbox 760 5392 948 5447; x_wconf 72' lang='lat' dir='ltr'><strong>auc-tor</strong></span> <span class='ocrx_word' id='word_1_830' title='bbox 974 5390 1361 5449; x_wconf 63' lang='lat' dir='ltr'><strong>Pricdestinati.</strong></span> <span class='ocrx_word' id='word_1_831' title='bbox 1393 5407 1513 5460; x_wconf 87' lang='lat' dir='ltr'><strong>cap.</strong></span> <span class='ocrx_word' id='word_1_832' title='bbox 1551 5390 1639 5445; x_wconf 86' lang='grc'><strong>50.</strong></span> <span class='ocrx_word' id='word_1_833' title='bbox 1668 5392 1822 5460; x_wconf 83' lang='lat' dir='ltr'><strong>Quod</strong></span> <span class='ocrx_word' id='word_1_834' title='bbox 1860 5390 1962 5444; x_wconf 81' lang='lat' dir='ltr'><strong>au-</strong></span> 
     </span>
    </p>
   </div>
   <div class='ocr_carea' id='block_1_102' title="bbox 410 5459 1960 5533">
    <p class='ocr_par' dir='ltr' id='par_1_102' title="bbox 410 5459 1960 5533">
     <span class='ocr_line' id='line_1_102' title="bbox 410 5459 1960 5533; baseline -0.001 -18"><span class='ocrx_word' id='word_1_835' title='bbox 410 5471 516 5533; x_wconf 70' lang='lat' dir='ltr'><strong>tem</strong></span> <span class='ocrx_word' id='word_1_836' title='bbox 557 5464 610 5518; x_wconf 91' lang='lat' dir='ltr'><strong>in</strong></span> <span class='ocrx_word' id='word_1_837' title='bbox 647 5462 915 5533; x_wconf 83' lang='lat' dir='ltr'><strong>Synodico</strong></span> <span class='ocrx_word' id='word_1_838' title='bbox 950 5463 1129 5533; x_wconf 76' lang='lat' dir='ltr'><strong>libello</strong></span> <span class='ocrx_word' id='word_1_839' title='bbox 1170 5477 1289 5530; x_wconf 85' lang='lat' dir='ltr'><strong>cap.</strong></span> <span class='ocrx_word' id='word_1_840' title='bbox 1334 5460 1436 5533; x_wconf 73' lang='grc' dir='ltr'>ερ,</span> <span class='ocrx_word' id='word_1_841' title='bbox 1465 5459 1605 5533; x_wconf 71' lang='lat' dir='ltr'><strong>legis</strong></span> <span class='ocrx_word' id='word_1_842' title='bbox 1644 5461 1697 5514; x_wconf 91' lang='lat' dir='ltr'><strong>in</strong></span> <span class='ocrx_word' id='word_1_843' title='bbox 1739 5459 1960 5532; x_wconf 84' lang='lat' dir='ltr'><strong>Synodo</strong></span> 
     </span>
    </p>
   </div>
   <div class='ocr_carea' id='block_1_103' title="bbox 368 5529 1963 5600">
    <p class='ocr_par' dir='ltr' id='par_1_103' title="bbox 368 5529 1963 5600">
     <span class='ocr_line' id='line_1_103' title="bbox 368 5529 1963 5600; baseline -0.001 -15"><span class='ocrx_word' id='word_1_844' title='bbox 368 5541 373 5546; x_wconf 87' lang='lat'><strong><em>&#39;</em></strong></span> <span class='ocrx_word' id='word_1_845' title='bbox 409 5531 652 5587; x_wconf 78' lang='lat' dir='ltr'><strong>Romana</strong></span> <span class='ocrx_word' id='word_1_846' title='bbox 689 5529 1003 5587; x_wconf 82' lang='lat' dir='ltr'><strong>damnatum</strong></span> <span class='ocrx_word' id='word_1_847' title='bbox 1026 5530 1255 5600; x_wconf 81' lang='lat' dir='ltr'><strong>Noetum</strong></span> <span class='ocrx_word' id='word_1_848' title='bbox 1295 5537 1346 5584; x_wconf 84' lang='lat' dir='ltr'><strong>a‘</strong></span> <span class='ocrx_word' id='word_1_849' title='bbox 1377 5529 1796 5600; x_wconf 41' lang='lat' dir='ltr'><strong>Papa—Victore,</strong></span> <span class='ocrx_word' id='word_1_850' title='bbox 1824 5540 1963 5597; x_wconf 81' lang='lat' dir='ltr'><strong>tem-</strong></span> 
     </span>
    </p>
   </div>
   <div class='ocr_carea' id='block_1_104' title="bbox 411 5598 1959 5671">
    <p class='ocr_par' dir='ltr' id='par_1_104' title="bbox 411 5598 1959 5671">
     <span class='ocr_line' id='line_1_104' title="bbox 411 5598 1959 5671; baseline -0.001 -16"><span class='ocrx_word' id='word_1_851' title='bbox 411 5617 601 5669; x_wconf 86' lang='lat' dir='ltr'><strong>porum</strong></span> <span class='ocrx_word' id='word_1_852' title='bbox 622 5604 772 5671; x_wconf 87' lang='lat' dir='ltr'><strong>ratio</strong></span> <span class='ocrx_word' id='word_1_853' title='bbox 808 5617 915 5656; x_wconf 92' lang='lat' dir='ltr'><strong>non</strong></span> <span class='ocrx_word' id='word_1_854' title='bbox 949 5605 1169 5671; x_wconf 86' lang='lat' dir='ltr'><strong>patitur.</strong></span> <span class='ocrx_word' id='word_1_855' title='bbox 1209 5598 1312 5653; x_wconf 85' lang='lat' dir='ltr'><strong>Sed</strong></span> <span class='ocrx_word' id='word_1_856' title='bbox 1343 5598 1738 5669; x_wconf 64' lang='lat' dir='ltr'><strong>suntqumdam</strong></span> <span class='ocrx_word' id='word_1_857' title='bbox 1776 5608 1830 5654; x_wconf 89' lang='lat' dir='ltr'><strong>et</strong></span> <span class='ocrx_word' id='word_1_858' title='bbox 1853 5600 1959 5671; x_wconf 78' lang='lat' dir='ltr'><strong>alia</strong></span> 
     </span>
    </p>
   </div>
   <div class='ocr_carea' id='block_1_105' title="bbox 410 5670 1959 5752">
    <p class='ocr_par' dir='ltr' id='par_1_105' title="bbox 410 5670 1959 5752">
     <span class='ocr_line' id='line_1_105' title="bbox 410 5670 1959 5752; baseline -0.002 -27"><span class='ocrx_word' id='word_1_859' title='bbox 410 5673 466 5725; x_wconf 86' lang='lat' dir='ltr'><strong>in</strong></span> <span class='ocrx_word' id='word_1_860' title='bbox 487 5672 580 5725; x_wconf 91' lang='lat' dir='ltr'><strong>illo</strong></span> <span class='ocrx_word' id='word_1_861' title='bbox 608 5670 1091 5752; x_wconf 64' lang='lat' dir='ltr'><strong>Synodicopartnn</strong></span> <span class='ocrx_word' id='word_1_862' title='bbox 1127 5679 1380 5750; x_wconf 71' lang='lat' dir='ltr'><strong>accurate</strong></span> <span class='ocrx_word' id='word_1_863' title='bbox 1407 5672 1622 5729; x_wconf 78' lang='lat' dir='ltr'><strong>tradita,</strong></span> <span class='ocrx_word' id='word_1_864' title='bbox 1658 5671 1782 5752; x_wconf 79' lang='lat' dir='ltr'><strong>licet</strong></span> <span class='ocrx_word' id='word_1_865' title='bbox 1820 5670 1959 5723; x_wconf 83' lang='lat' dir='ltr'><strong>scri-</strong></span> 
     </span>
    </p>
   </div>
   <div class='ocr_carea' id='block_1_106' title="bbox 352 5739 1957 5811">
    <p class='ocr_par' dir='ltr' id='par_1_106' title="bbox 352 5739 1957 5811">
     <span class='ocr_line' id='line_1_106' title="bbox 352 5739 1957 5811; baseline -0.001 -18"><span class='ocrx_word' id='word_1_866' title='bbox 352 5755 367 5775; x_wconf 80' lang='grc'><strong>·</strong></span> <span class='ocrx_word' id='word_1_867' title='bbox 410 5751 562 5811; x_wconf 85' lang='lat' dir='ltr'><strong>ptum</strong></span> <span class='ocrx_word' id='word_1_868' title='bbox 602 5739 795 5811; x_wconf 2' lang='lat' dir='ltr'><strong>(ipsum</strong></span> <span class='ocrx_word' id='word_1_869' title='bbox 845 5739 1048 5811; x_wconf 84' lang='lat' dir='ltr'><strong>alioqui</strong></span> <span class='ocrx_word' id='word_1_870' title='bbox 1091 5749 1175 5795; x_wconf 86' lang='lat' dir='ltr'><strong>est</strong></span> <span class='ocrx_word' id='word_1_871' title='bbox 1238 5739 1551 5808; x_wconf 79' lang='lat' dir='ltr'><strong>neutiquam</strong></span> <span class='ocrx_word' id='word_1_872' title='bbox 1605 5747 1957 5795; x_wconf 85' lang='lat' dir='ltr'><strong>contemnen-</strong></span> 
     </span>
    </p>
   </div>
   <div class='ocr_carea' id='block_1_107' title="bbox 409 5809 667 5868">
    <p class='ocr_par' dir='ltr' id='par_1_107' title="bbox 409 5809 667 5868">
     <span class='ocr_line' id='line_1_107' title="bbox 409 5809 667 5868; baseline 0.012 -3"><span class='ocrx_word' id='word_1_873' title='bbox 409 5809 560 5865; x_wconf 76' lang='lat' dir='ltr'><strong>dum.</strong></span> <span class='ocrx_word' id='word_1_874' title='bbox 592 5809 667 5868; x_wconf 81' lang='lat' dir='ltr'><strong>lo.</strong></span> 
     </span>
    </p>
   </div>
   <div class='ocr_carea' id='block_1_108' title="bbox 2142 4899 3637 4975">
    <p class='ocr_par' dir='ltr' id='par_1_108' title="bbox 2142 4899 3637 4975">
     <span class='ocr_line' id='line_1_108' title="bbox 2142 4899 3637 4975; baseline -0.001 -19"><span class='ocrx_word' id='word_1_875' title='bbox 2142 4903 2255 4975; x_wconf 83' lang='lat'>(75)</span> <span class='ocrx_word' id='word_1_876' title='bbox 2284 4902 2504 4975; x_wconf 58' lang='grc' dir='ltr'>Μοῃόκ.</span> <span class='ocrx_word' id='word_1_877' title='bbox 2530 4901 2829 4975; x_wconf 81' lang='grc' dir='ltr'>Μονόκωλα</span> <span class='ocrx_word' id='word_1_878' title='bbox 2861 4909 3089 4975; x_wconf 72' lang='lat' dir='ltr'><strong>apparet</strong></span> <span class='ocrx_word' id='word_1_879' title='bbox 3111 4899 3637 4975; x_wconf 60' lang='lat' dir='ltr'><strong>adverbialitgrponi</strong></span> 
     </span>
    </p>
   </div>
   <div class='ocr_carea' id='block_1_109' title="bbox 2065 4968 3641 5044">
    <p class='ocr_par' dir='ltr' id='par_1_109' title="bbox 2065 4968 3641 5044">
     <span class='ocr_line' id='line_1_109' title="bbox 2065 4968 3641 5044; baseline -0.001 -17"><span class='ocrx_word' id='word_1_880' title='bbox 2065 4968 2165 5043; x_wconf 76' lang='lat' dir='ltr'><strong>pro</strong></span> <span class='ocrx_word' id='word_1_881' title='bbox 2191 4968 2508 5044; x_wconf 84' lang='grc' dir='ltr'>μονοκώλως</span> <span class='ocrx_word' id='word_1_882' title='bbox 2531 4982 2595 5044; x_wconf 66' lang='lat' dir='ltr'><strong>et</strong></span> <span class='ocrx_word' id='word_1_883' title='bbox 2618 4968 2955 5044; x_wconf 59' lang='grc' dir='ltr'>μονοτύως,</span> <span class='ocrx_word' id='word_1_884' title='bbox 2978 4973 3180 5044; x_wconf 78' lang='lat' dir='ltr'><strong>quibus</strong></span> <span class='ocrx_word' id='word_1_885' title='bbox 3205 4972 3382 5044; x_wconf 83' lang='lat' dir='ltr'><strong>verbis</strong></span> <span class='ocrx_word' id='word_1_886' title='bbox 3412 4968 3641 5044; x_wconf 76' lang='lat' dir='ltr'><strong>Epipha-</strong></span> 
     </span>
    </p>
   </div>
   <div class='ocr_carea' id='block_1_110' title="bbox 2060 5040 3635 5129">
    <p class='ocr_par' dir='ltr' id='par_1_110' title="bbox 2060 5040 3635 5129">
     <span class='ocr_line' id='line_1_110' title="bbox 2060 5040 3635 5129; baseline 0 -33"><span class='ocrx_word' id='word_1_887' title='bbox 2060 5040 2214 5129; x_wconf 43' lang='lat' dir='ltr'><strong>nius,</strong></span> <span class='ocrx_word' id='word_1_888' title='bbox 2244 5059 2368 5113; x_wconf 76' lang='lat' dir='ltr'><strong>pag.</strong></span> <span class='ocrx_word' id='word_1_889' title='bbox 2390 5043 2522 5129; x_wconf 43' lang='lat' dir='ltr'><strong>ﬁt&quot;:</strong></span> <span class='ocrx_word' id='word_1_890' title='bbox 2556 5040 2827 5129; x_wconf 68' lang='lat' dir='ltr'><strong>Hippolyti</strong></span> <span class='ocrx_word' id='word_1_891' title='bbox 2866 5040 3112 5129; x_wconf 57' lang='lat' dir='ltr'><strong>vestigiis</strong></span> <span class='ocrx_word' id='word_1_892' title='bbox 3155 5041 3635 5129; x_wconf 44' lang='lat' dir='ltr'><strong>insistens‘utitur.</strong></span> 
     </span>
    </p>
   </div>
   <div class='ocr_carea' id='block_1_111' title="bbox 2065 5108 3637 5183">
    <p class='ocr_par' dir='ltr' id='par_1_111' title="bbox 2065 5108 3637 5183">
     <span class='ocr_line' id='line_1_111' title="bbox 2065 5108 3637 5183; baseline -0.004 -18"><span class='ocrx_word' id='word_1_893' title='bbox 2065 5108 2353 5166; x_wconf 74' lang='grc' dir='ltr'>Βούλονται</span> <span class='ocrx_word' id='word_1_894' title='bbox 2385 5112 2443 5183; x_wconf 65' lang='grc' dir='ltr'>δὲ</span> <span class='ocrx_word' id='word_1_895' title='bbox 2483 5108 2787 5183; x_wconf 64' lang='grc' dir='ltr'>διηγεῖσθαι</span> <span class='ocrx_word' id='word_1_896' title='bbox 2824 5108 3140 5183; x_wconf 69' lang='grc' dir='ltr'>μονσκῶλῳς</span> <span class='ocrx_word' id='word_1_897' title='bbox 3170 5109 3358 5183; x_wconf 79' lang='grc' dir='ltr'>τοῦτον</span> <span class='ocrx_word' id='word_1_898' title='bbox 3386 5108 3479 5183; x_wconf 80' lang='grc' dir='ltr'><strong>τὸν</strong></span> <span class='ocrx_word' id='word_1_899' title='bbox 3508 5110 3637 5180; x_wconf 85' lang='grc' dir='ltr'>τρό-</span> 
     </span>
    </p>
   </div>
   <div class='ocr_carea' id='block_1_112' title="bbox 2064 5177 3636 5247">
    <p class='ocr_par' dir='ltr' id='par_1_112' title="bbox 2064 5177 3636 5247">
     <span class='ocr_line' id='line_1_112' title="bbox 2064 5177 3636 5247; baseline -0.001 -12"><span class='ocrx_word' id='word_1_900' title='bbox 2064 5199 2164 5236; x_wconf 84' lang='grc' dir='ltr'><strong>πον</strong></span> <span class='ocrx_word' id='word_1_901' title='bbox 2198 5183 2274 5246; x_wconf 84' lang='grc' dir='ltr'>ὡς</span> <span class='ocrx_word' id='word_1_902' title='bbox 2319 5177 2596 5245; x_wconf 67' lang='grc' dir='ltr'>Θεόδοτος.</span> <span class='ocrx_word' id='word_1_903' title='bbox 2638 5177 2845 5237; x_wconf 79' lang='lat' dir='ltr'><strong>Sensus</strong></span> <span class='ocrx_word' id='word_1_904' title='bbox 2889 5177 3003 5247; x_wconf 84' lang='lat' dir='ltr'><strong>est,</strong></span> <span class='ocrx_word' id='word_1_905' title='bbox 3038 5180 3343 5247; x_wconf 77' lang='lat' dir='ltr'><strong>Noetianos‘</strong></span> <span class='ocrx_word' id='word_1_906' title='bbox 3365 5177 3431 5231; x_wconf 90' lang='lat' dir='ltr'><strong>ad</strong></span> <span class='ocrx_word' id='word_1_907' title='bbox 3466 5177 3636 5247; x_wconf 80' lang='lat' dir='ltr'><strong>unum</strong></span> 
     </span>
    </p>
   </div>
   <div class='ocr_carea' id='block_1_113' title="bbox 2066 5245 3636 5327">
    <p class='ocr_par' dir='ltr' id='par_1_113' title="bbox 2066 5245 3636 5327">
     <span class='ocr_line' id='line_1_113' title="bbox 2066 5245 3636 5327; baseline -0.005 -21"><span class='ocrx_word' id='word_1_908' title='bbox 2066 5245 2898 5327; x_wconf 62' lang='lat' dir='ltr'><strong>tantummodojnexplicandis</strong></span> <span class='ocrx_word' id='word_1_909' title='bbox 2952 5245 3010 5305; x_wconf 4' lang='lat' dir='ltr'><strong>Si.</strong></span> <span class='ocrx_word' id='word_1_910' title='bbox 3058 5245 3449 5327; x_wconf 50' lang='lat' dir='ltr'><strong>Scripturzeﬁc</strong></span> <span class='ocrx_word' id='word_1_911' title='bbox 3476 5245 3636 5327; x_wconf 77' lang='lat' dir='ltr'><strong>Chri-</strong></span> 
     </span>
    </p>
   </div>
   <div class='ocr_carea' id='block_1_114' title="bbox 2064 5316 3637 5387">
    <p class='ocr_par' dir='ltr' id='par_1_114' title="bbox 2064 5316 3637 5387">
     <span class='ocr_line' id='line_1_114' title="bbox 2064 5316 3637 5387; baseline -0.004 -10"><span class='ocrx_word' id='word_1_912' title='bbox 2064 5332 2152 5377; x_wconf 89' lang='lat' dir='ltr'><strong>sto</strong></span> <span class='ocrx_word' id='word_1_913' title='bbox 2183 5321 2345 5376; x_wconf 89' lang='lat' dir='ltr'><strong>dictis</strong></span> <span class='ocrx_word' id='word_1_914' title='bbox 2385 5321 2550 5376; x_wconf 88' lang='lat' dir='ltr'><strong>veluti</strong></span> <span class='ocrx_word' id='word_1_915' title='bbox 2588 5316 2891 5375; x_wconf 78' lang='lat' dir='ltr'><strong>membrum</strong></span> <span class='ocrx_word' id='word_1_916' title='bbox 2931 5316 3222 5387; x_wconf 80' lang='lat' dir='ltr'><strong>respicere,</strong></span> <span class='ocrx_word' id='word_1_917' title='bbox 3256 5316 3492 5387; x_wconf 77' lang='lat' dir='ltr'><strong>divinam</strong></span> <span class='ocrx_word' id='word_1_918' title='bbox 3527 5318 3637 5371; x_wconf 83' lang='lat' dir='ltr'><strong>sci-</strong></span> 
     </span>
    </p>
   </div>
   <div class='ocr_carea' id='block_1_115' title="bbox 2063 5384 3636 5466">
    <p class='ocr_par' dir='ltr' id='par_1_115' title="bbox 2063 5384 3636 5466">
     <span class='ocr_line' id='line_1_115' title="bbox 2063 5384 3636 5466; baseline -0.003 -21"><span class='ocrx_word' id='word_1_919' title='bbox 2063 5391 2192 5446; x_wconf 90' lang='lat' dir='ltr'><strong>licet</strong></span> <span class='ocrx_word' id='word_1_920' title='bbox 2230 5400 2479 5447; x_wconf 89' lang='lat' dir='ltr'><strong>naturam</strong></span> <span class='ocrx_word' id='word_1_921' title='bbox 2511 5407 2526 5443; x_wconf 86' lang='lat'><strong>:</strong></span> <span class='ocrx_word' id='word_1_922' title='bbox 2560 5391 2637 5445; x_wconf 91' lang='lat' dir='ltr'><strong>uti</strong></span> <span class='ocrx_word' id='word_1_923' title='bbox 2671 5390 2910 5466; x_wconf 66' lang='lat' dir='ltr'><strong>vicissim</strong></span> <span class='ocrx_word' id='word_1_924' title='bbox 2941 5384 3259 5466; x_wconf 71' lang='lat' dir='ltr'><strong>Theodotus</strong></span> <span class='ocrx_word' id='word_1_925' title='bbox 3305 5385 3371 5438; x_wconf 89' lang='lat' dir='ltr'><strong>ad</strong></span> <span class='ocrx_word' id='word_1_926' title='bbox 3405 5384 3636 5466; x_wconf 74' lang='lat' dir='ltr'><strong>alterum</strong></span> 
     </span>
    </p>
   </div>
   <div class='ocr_carea' id='block_1_116' title="bbox 2064 5456 3638 5521">
    <p class='ocr_par' dir='ltr' id='par_1_116' title="bbox 2064 5456 3638 5521">
     <span class='ocr_line' id='line_1_116' title="bbox 2064 5456 3638 5521; baseline -0.003 -6"><span class='ocrx_word' id='word_1_927' title='bbox 2064 5476 2353 5516; x_wconf 88' lang='lat' dir='ltr'><strong>recurrens</strong></span> <span class='ocrx_word' id='word_1_928' title='bbox 2377 5469 2680 5515; x_wconf 80' lang='lat' dir='ltr'><strong>extremum</strong></span> <span class='ocrx_word' id='word_1_929' title='bbox 2709 5459 2765 5513; x_wconf 90' lang='lat' dir='ltr'><strong>in</strong></span> <span class='ocrx_word' id='word_1_930' title='bbox 2792 5458 2908 5514; x_wconf 91' lang='lat' dir='ltr'><strong>sola</strong></span> <span class='ocrx_word' id='word_1_931' title='bbox 2940 5457 3175 5512; x_wconf 58' lang='lat' dir='ltr'><strong>haerebat</strong></span> <span class='ocrx_word' id='word_1_932' title='bbox 3199 5456 3555 5521; x_wconf 85' lang='lat' dir='ltr'><strong>humanitate,</strong></span> <span class='ocrx_word' id='word_1_933' title='bbox 3583 5467 3638 5511; x_wconf 89' lang='lat' dir='ltr'><strong>et</strong></span> 
     </span>
    </p>
   </div>
   <div class='ocr_carea' id='block_1_117' title="bbox 2065 5523 3635 5585">
    <p class='ocr_par' dir='ltr' id='par_1_117' title="bbox 2065 5523 3635 5585">
     <span class='ocr_line' id='line_1_117' title="bbox 2065 5523 3635 5585; baseline -0.003 -1"><span class='ocrx_word' id='word_1_934' title='bbox 2065 5530 2343 5585; x_wconf 89' lang='lat' dir='ltr'><strong>Christum</strong></span> <span class='ocrx_word' id='word_1_935' title='bbox 2391 5530 2599 5583; x_wconf 86' lang='lat' dir='ltr'><strong>nudum</strong></span> <span class='ocrx_word' id='word_1_936' title='bbox 2656 5544 2780 5583; x_wconf 87' lang='lat' dir='ltr'><strong>esse</strong></span> <span class='ocrx_word' id='word_1_937' title='bbox 2827 5527 3105 5581; x_wconf 82' lang='lat' dir='ltr'><strong>hominem</strong></span> <span class='ocrx_word' id='word_1_938' title='bbox 3178 5524 3503 5579; x_wconf 74' lang='lat' dir='ltr'><strong>afﬁrmabat.</strong></span> <span class='ocrx_word' id='word_1_939' title='bbox 3556 5523 3635 5580; x_wconf 83' lang='lat' dir='ltr'><strong>De</strong></span> 
     </span>
    </p>
   </div>
   <div class='ocr_carea' id='block_1_118' title="bbox 2066 5592 3635 5667">
    <p class='ocr_par' dir='ltr' id='par_1_118' title="bbox 2066 5592 3635 5667">
     <span class='ocr_line' id='line_1_118' title="bbox 2066 5592 3635 5667; baseline -0.002 -13"><span class='ocrx_word' id='word_1_940' title='bbox 2066 5597 2347 5654; x_wconf 88' lang='lat' dir='ltr'><strong>Theodoto</strong></span> <span class='ocrx_word' id='word_1_941' title='bbox 2393 5607 2588 5667; x_wconf 69' lang='lat' dir='ltr'><strong>praeter</strong></span> <span class='ocrx_word' id='word_1_942' title='bbox 2634 5595 2771 5652; x_wconf 87' lang='lat' dir='ltr'><strong>alios</strong></span> <span class='ocrx_word' id='word_1_943' title='bbox 2821 5595 3070 5667; x_wconf 74' lang='lat' dir='ltr'><strong>meminit</strong></span> <span class='ocrx_word' id='word_1_944' title='bbox 3114 5593 3276 5647; x_wconf 88' lang='lat' dir='ltr'><strong>etiam</strong></span> <span class='ocrx_word' id='word_1_945' title='bbox 3311 5592 3635 5667; x_wconf 63' lang='lat' dir='ltr'><strong>Timotheus</strong></span> 
     </span>
    </p>
   </div>
   <div class='ocr_carea' id='block_1_119' title="bbox 2066 5663 3632 5737">
    <p class='ocr_par' dir='ltr' id='par_1_119' title="bbox 2066 5663 3632 5737">
     <span class='ocr_line' id='line_1_119' title="bbox 2066 5663 3632 5737; baseline -0.003 -15"><span class='ocrx_word' id='word_1_946' title='bbox 2066 5669 2349 5737; x_wconf 84' lang='lat' dir='ltr'><strong>presbyter</strong></span> <span class='ocrx_word' id='word_1_947' title='bbox 2393 5663 2424 5721; x_wconf 75' lang='lat' dir='ltr'><strong>a</strong></span> <span class='ocrx_word' id='word_1_948' title='bbox 2474 5664 2967 5737; x_wconf 60' lang='lat' dir='ltr'><strong>Coteleriqedjtus</strong></span> <span class='ocrx_word' id='word_1_949' title='bbox 3002 5663 3330 5737; x_wconf 54' lang='lat' dir='ltr'><strong>Monument.</strong></span> <span class='ocrx_word' id='word_1_950' title='bbox 3372 5671 3504 5737; x_wconf 71' lang='lat' dir='ltr'><strong>tom.</strong></span> <span class='ocrx_word' id='word_1_951' title='bbox 3538 5663 3632 5730; x_wconf 80' lang='grc' dir='ltr'>ΠΙ,</span> 
     </span>
    </p>
   </div>
   <div class='ocr_carea' id='block_1_120' title="bbox 2063 5730 3635 5807">
    <p class='ocr_par' dir='ltr' id='par_1_120' title="bbox 2063 5730 3635 5807">
     <span class='ocr_line' id='line_1_120' title="bbox 2063 5730 3635 5807; baseline -0.003 -16"><span class='ocrx_word' id='word_1_952' title='bbox 2063 5730 2186 5807; x_wconf 72' lang='lat' dir='ltr'><strong>pag.</strong></span> <span class='ocrx_word' id='word_1_953' title='bbox 2218 5730 2322 5791; x_wconf 76' lang='lat'><strong>389</strong></span> <span class='ocrx_word' id='word_1_954' title='bbox 2352 5753 2364 5788; x_wconf 92' lang='lat'><strong>:</strong></span> <span class='ocrx_word' id='word_1_955' title='bbox 2394 5736 2591 5807; x_wconf 79' lang='grc' dir='ltr'>Τοῦτον</span> <span class='ocrx_word' id='word_1_956' title='bbox 2622 5736 2712 5807; x_wconf 81' lang='grc' dir='ltr'><strong>τὸν</strong></span> <span class='ocrx_word' id='word_1_957' title='bbox 2739 5732 3175 5807; x_wconf 32' lang='grc' dir='ltr'>Θερδοτόν-φασιν</span> <span class='ocrx_word' id='word_1_958' title='bbox 3200 5730 3301 5807; x_wconf 74' lang='grc' dir='ltr'>τῆς</span> <span class='ocrx_word' id='word_1_959' title='bbox 3322 5731 3417 5786; x_wconf 84' lang='grc' dir='ltr'><strong>τοῦ</strong></span> <span class='ocrx_word' id='word_1_960' title='bbox 3441 5733 3635 5807; x_wconf 66' lang='grc' dir='ltr'>Σαμω-</span> 
     </span>
    </p>
   </div>
   <div class='ocr_carea' id='block_1_121' title="bbox 2067 5798 3633 5890">
    <p class='ocr_par' dir='ltr' id='par_1_121' title="bbox 2067 5798 3633 5890">
     <span class='ocr_line' id='line_1_121' title="bbox 2067 5798 3633 5890; baseline -0.004 -29"><span class='ocrx_word' id='word_1_961' title='bbox 2067 5798 2270 5869; x_wconf 66' lang='grc' dir='ltr'>σατέως</span> <span class='ocrx_word' id='word_1_962' title='bbox 2322 5803 2868 5876; x_wconf 79' lang='grc' dir='ltr'>αἱρέσεως“ἀρχηγὸν</span> <span class='ocrx_word' id='word_1_963' title='bbox 2925 5798 3038 5857; x_wconf 52' lang='grc' dir='ltr'><strong>καί</strong></span> <span class='ocrx_word' id='word_1_964' title='bbox 3070 5798 3302 5890; x_wconf 66' lang='grc' dir='ltr'>πατέρα</span> <span class='ocrx_word' id='word_1_965' title='bbox 3359 5798 3633 5873; x_wconf 75' lang='grc' dir='ltr'>γενέσθαι,</span> 
     </span>
    </p>
   </div>
  </div>
