4134 6430
483 379 584 432 807
1151 378 1211 434 S.
1252 375 1610 434 HIPPOLYTI
1647 374 1796 431 OPP.
1849 372 2028 429 PARS
2078 372 2143 428 Π.
2183 405 2252 416 -
2286 373 2587 431 DOGMAT.
2626 374 2714 430 ΕΤ
2751 375 3093 437 HISTORIC.
3629 381 3734 438 803

485 497 760 553 hominem
803 497 1030 552 nudum.
1068 495 1176 552 Sed
1225 513 1326 552 nec
1353 497 1452 563 illi,
1482 511 1581 552 nec
1625 496 1711 552 isti
1755 495 2024 566 quidquan

2155 493 2442 568 ἄνθρωπον
2490 482 2744 570 συνιστᾷν
2801 500 2954 571 ψιλὸν
3015 501 3354 574 βουλόμενος.
3414 506 3551 562 Ἀλλ’
3605 511 3730 566 οὕτε

484 590 894 657 intellexerunt;
927 599 987 644 ut
1033 590 1166 658 ipsa:
1208 589 1503 659 Scriptura:
1549 588 1818 643 inscitiam
1858 604 2024 644 eorun

2153 585 2353 640 ἐκεῖνοί
2392 606 2451 642 τε
2491 591 2804 660 νενοήκασιν
2833 592 3049 664 ἀληθὲς,
3085 593 3200 647 οὔθ’
3229 589 3398 663 οὗτοι,
3425 597 3608 665 καθὼς
3631 603 3726 655 αύ-

482 681 854 751 redarguuut,
899 697 1022 751 quae
1083 681 1454 736 testimonium
1515 681 1731 735 veritati
1784 681 2047 736 tribuunt.

481 769 692 835 Videte,
740 771 958 837 fratres,
1002 773 1274 841 quomodo
1304 786 1543 842 praeceps
1565 780 1619 826 et
1651 772 1829 827 audax
1856 771 2051 842 dogma

481 863 913 929 introduxerunt,
959 879 1083 919 cum
1119 864 1458 934 impudenter
1499 866 1654 920 aiunt
1685 877 1699 916 :
1730 863 1849 933 Ipse
1885 863 2050 919 Chri-

479 964 596 1011 stus
623 967 706 1011 est
727 955 904 1022 Pater,
932 956 1048 1025 ipse
1085 956 1286 1024 Filius;
1332 957 1448 1027 ipse
1479 972 1675 1026 passus
1704 967 1822 1024 est,
1845 957 1961 1027 ipse
1990 973 2050 1015 se

477 1047 731 1102 excitavit
756 1064 786 1102 a
821 1049 1075 1102 mortuis.
1105 1049 1176 1101 At
1210 1063 1316 1102 non
1348 1049 1429 1103 sic
1456 1057 1580 1104 est:
1614 1058 1761 1104 recte
1789 1051 1933 1104 enim
1965 1049 2046 1103 di-

475 1148 608 1193 cunt
642 1139 968 1210 Scripturae;
999 1140 1093 1196 sed
1143 1141 1270 1214 alia.
1291 1139 1496 1196 Noetus
1528 1142 1798 1213 intelligit.
1835 1141 1906 1196 At
1938 1158 2046 1197 non

473 1231 601 1300 quia
631 1231 834 1288 Noetus
867 1249 976 1287 non
1025 1232 1294 1302 intelligit,
1325 1233 1529 1288 idcirco
1561 1231 1854 1304 Scriptum
1886 1249 2046 1304 repu-

473 1323 684 1378 diandaz
728 1335 874 1378 sunt.
927 1325 1062 1390 Quis
1105 1325 1248 1380 enim
1297 1339 1406 1378 nou
1458 1325 1601 1380 dicet
1651 1342 1818 1380 unum
1874 1326 2043 1382 Deum

471 1418 627 1472 esse?
657 1416 774 1471 Non
817 1428 997 1473 tamen
1033 1420 1293 1473 continuo
1324 1419 1685 1474 oeconomiam
1723 1419 1798 1489 (id
1823 1429 1925 1486 est,
1959 1420 2044 1475 in-

471 1511 866 1581 carnatiouem)
908 1509 1144 1581 negabit.
1175 1510 1417 1565 Primum
1454 1511 1618 1582 igitur
1656 1521 1869 1582 oportet
1905 1528 2040 1568 con-

472 1599 647 1656 futare
675 1602 894 1671 quidem
951 1602 1066 1657 haec
1109 1603 1286 1671 capita
1319 1602 1622 1657 secundum
1655 1619 1877 1659 sensum
1914 1604 2038 1658 illo-

471 1710 625 1760 rum;
668 1695 946 1751 declarare
979 1710 1107 1750 vero
1149 1711 1213 1749 ea
1257 1697 1555 1750 secundum
1591 1695 1894 1751 veritatem.
1921 1694 2039 1750 Pri-

468 1800 618 1838 mum
644 1787 788 1840 enim
814 1801 998 1841 revera
1025 1795 1110 1842 est
1137 1801 1409 1856 exponere
1445 1785 1658 1841 Patrem
1701 1801 1823 1842 esse
1865 1801 2034 1841 unum

2149 678 2241 729 ml
2275 680 2329 731 αἱ
2360 678 2574 749 Γραφαῖ
2613 681 2924 753 ἐλέγχουσιν
2949 684 3127 739 αὐτῶν
3165 685 3263 758 τὴν
3293 688 3551 759 ἀμαθίαν,
3587 709 3725 763 μαρ-

2148 769 2409 842 τυροῦσαι
2433 773 2500 842 τῇ
2528 772 2774 845 ἀληθείᾳ.
2820 776 3267 848 Ὀρᾶτε,ἀδελφοὶ,
3304 781 3422 846 πῶς
3457 784 3731 854 προπετὲς

2148 862 2244 948 καῖ
2300 862 2569 936 τολμηρὸν
2624 865 2800 936 δόγμα
2845 871 3310 941 παρεισήνεγκαν,
3357 874 3724 944 ἀναισχύντως

2147 952 2417 1023 λέγοντεςο
2465 955 2637 1019 Αὐτός
2666 959 2780 1010 ἐστι
2815 959 3046 1028 Χριστὸς
3077 963 3105 1014 6
3150 962 3356 1035 Πατὴρ,
3391 965 3552 1029 αὐτὸς
3575 965 3722 1030 Υἱὸς,

2147 1044 2308 1109 αὐτὸς
2335 1048 2619 1118 ἐγεννήθη,
2648 1049 2808 1113 αὐτὸς
2832 1050 3051 1115 ἔπαθεν,
3080 1052 3235 1118 αὐτὸς
3269 1055 3456 1108 ἑαυτὸν
3482 1059 3721 1130 ἤγειρεν.

2157 1136 2296 1192 Ἀλλ’
2327 1139 2426 1210 οὐχ
2474 1139 2644 1204 οὕτως
2675 1141 2804 1210 ἔχει·
2854 1141 2912 1194 αἱ
2957 1142 3055 1212 μὲν
3087 1144 3300 1214 Γραφαὶ
3332 1147 3506 1216 ὀρθῶς
3537 1148 3724 1216 λέγου-

2147 1247 2251 1295 σιν,
2283 1231 2413 1285 ἄλλα
2437 1232 2501 1286 ἂν
2531 1233 2624 1286 καὶ¹
2659 1233 2867 1304 Νόητος
2903 1237 3034 1289 νοεῖ.
3072 1236 3185 1288 Οὐκ
3221 1237 3318 1308 ἤδη
3351 1239 3407 1291 δὲ
3443 1241 3490 1292 εἰ
3516 1241 3722 1311 Νόηητος

2146 1322 2222 1394 μὴ
2267 1327 2396 1387 νοεῖ,
2447 1324 2598 1397 παρά
2639 1325 2796 1378 τοῦτο
2839 1326 3090 1397 ἕκϐλητοι
3128 1329 3182 1381 αἰ
3215 1330 3448 1400 Γραφαί.
3480 1331 3574 1396 Τίς
3613 1332 3721 1405 γὰρ

2142 1415 2243 1469 οὐκ
2267 1417 2382 1486 ἐρεῖ
2406 1415 2501 1468 ’ένα
2523 1415 2651 1469 Θεὸν
2674 1414 2839 1482 εἷναι;
2879 1418 3016 1471 Ἀλλ’
3039 1419 3100 1472 ού
3131 1420 3229 1491 τὴν
3259 1423 3567 1494 οἰκονομίαν
3609 1425 3717 1496 (7/2)

2141 1505 2445 1579 ἀναιρήσει.
2499 1509 2704 1572 Ὄντως
2759 1510 2857 1580 μὲν
2897 1504 2988 1564 οὖν
3018 1511 3086 1564 τά
3119 1513 3386 1580 κεφάλαια
3428 1515 3512 1568 διὰ
3547 1517 3715 1571 ταῦτα

2140 1599 2404 1670 πρότερον
2448 1599 2530 1652 δεῖ
2573 1599 2949 1673 ἀνατραπῆναι
2993 1604 3133 1658 κατά
3178 1604 3270 1657 τὸν
3319 1607 3540 1661 ἐκείνων
3567 1611 3712 1671 νοῦν,

2140 1691 2283 1744 κατά
2316 1691 2373 1744 δὲ
2402 1691 2498 1762 τὴν
2526 1691 2785 1763 ἀλήθειαν
2808 1693 3104 1765 δειχθῆναι.
3129 1695 3396 1768 Πρότερον
3421 1699 3525 1768 γάρ
3549 1700 3714 1764 ὄντως

2140 1778 2286 1832 ἐστὶν
2318 1780 2713 1852 διηγήσασθαι,
2759 1783 2839 1836 ὅτι
2885 1780 2966 1848 εἷς
3010 1786 3140 1852 Θεὸς
3170 1789 3198 1840 6
3243 1789 3448 1860 Πατὴρ,
3491 1810 3509 1840 ι
3540 1791 3598 1858 ἐξ
3651 1786 3710 1845 οὗ

467 1873 676 1950 Deum,
717 1896 737 1929 ι
771 1892 839 1932 ex
885 1893 996 1948 quo
1042 1879 1222 1933 omnis
1267 1878 1568 1948 paternitas
1616 1879 1696 1946 '5;
1741 1893 1838 1948 per
1873 1893 2024 1948 quem

2141 1871 2289 1924 πᾶσα
2331 1873 2568 1945 πατριὰ,
2602 1870 2668 1927 δι’
2711 1869 2771 1930 οὗ
2812 1875 2880 1929 τὰ
2927 1876 3136 1944 πάντα,
3187 1879 3245 1946 ἐξ
3283 1872 3342 1933 οὗ
3381 1881 3449 1934 τὰ
3493 1882 3669 1936 πάντα
3693 1924 3708 1948 ,

466 1969 673 2031 omnia,
707 1974 762 2022 et
791 1983 858 2023 ex
893 1985 1004 2039 quo
1037 1970 1242 2037 omnia,
1274 1979 1328 2024 et
1364 1985 1463 2025 nos
1495 1970 1549 2024 in
1584 1969 1702 2039 ipso
1730 1970 1795 2024 ³⁸.
1837 1987 1857 2022 ι

539 2059 627 2114 lV.
648 2059 963 2126 Videamus,
995 2070 1054 2116 ut
1075 2062 1205 2125 dixi,
1231 2061 1350 2131 ejus
1375 2061 1820 2127 confutationem,
1845 2061 2039 2118 deinde

465 2149 746 2205 veritatem
775 2159 1126 2219 expdnemus.
1159 2150 1249 2204 Ait
1277 2151 1421 2204 enim
1461 2168 1474 2204 :
1511 2169 1528 2202 ι
1560 2149 1853 2204 Laboravit
1871 2150 2039 2221 Egy-

464 2251 623 2311 ptus,
658 2250 713 2295 et
756 2250 1061 2296 mercatura
1104 2240 1423 2312 Etliiopum
1469 2251 1523 2297 et
1573 2241 1793 2296 Sahaim
1818 2243 1894 2309 ³⁷;
1931 2263 1949 2294 ›
1984 2252 2037 2299 et

463 2349 586 2402 qua:
625 2343 927 2403 sequuntur
979 2349 1153 2402 usque
1191 2332 1258 2386 ad
1303 2349 1430 2388 eum
1473 2332 1653 2388 locum
1679 2373 1694 2398 ,
1724 2334 1816 2389 ubi
1851 2335 1984 2390 dicit
2017 2355 2030 2390 :

469 2442 488 2476 ι
530 2422 608 2476 Τιι
643 2439 702 2478 es
743 2423 904 2479 Deus-
935 2423 1100 2479 Israel
1151 2423 1421 2480 Salvator.
1459 2442 1478 2478 ι
1513 2423 1640 2482 Haec
1673 2425 1894 2493 recitat,
1923 2442 2032 2481 non

461 2511 774 2583 intelligens
812 2513 958 2582 quod
1004 2514 1157 2583 prius
1189 2513 1396 2569 dictum
1425 2523 1529 2570 est.
1578 2514 1713 2570 Cum
1743 2515 1889 2571 enim
1939 2531 2033 2570 vo-

459 2603 580 2658 lunt
627 2603 899 2660 malitiose
945 2619 1010 2660 ac
1045 2605 1170 2661 dolo
1216 2607 1359 2661 malo
1411 2621 1602 2677 agere,
1638 2607 2032 2663 circumcidunt

462 2693 797 2764 Scripturas.
829 2693 1039 2750 Recitet
1065 2706 1247 2752 autem
1288 2697 1518 2768 integre,
1548 2704 1604 2752 et
1635 2699 1869 2768 reperiet
1895 2714 2028 2754 cau-

459 2801 578 2840 sam
613 2796 835 2856 propter
863 2803 1026 2857 quam
1075 2788 1192 2844 haec
1233 2787 1512 2844 dicuntur.
1554 2787 1725 2846 Paulo
1751 2791 1898 2846 enim
1930 2805 2026 2846 su-

457 2890 557 2945 pra
579 2918 594 2940 ,
623 2878 951 2948 principium
985 2880 1178 2950 capitis
1203 2889 1322 2948 est;
1355 2881 1501 2936 unde
1539 2890 1752 2952 oportet
1791 2883 2030 2954 incipere

457 2968 528 3024 ad
567 2969 870 3024 docendum
918 2971 1007 3026 cui
1039 2981 1094 3027 et
1139 2970 1208 3027 de
1248 2987 1358 3041 quo
1389 2972 1540 3028 dicit.
1585 2971 1846 3044 Superius
1880 2975 2028 3030 enim

456 3059 786 3129 principium
839 3061 1032 3132 capitis
1077 3061 1158 3118 sic
1210 3061 1420 3117 habet:
1469 3081 1492 3114 ι
1547 3061 1877 3135 lnterrogate
1940 3078 2030 3120 me

2138 1963 2232 2016 καὶ
2260 1965 2422 2035 ἡμεῖς
2451 1966 2508 2018 ἐν
2531 1965 2700 2036 αὐτῷ.
2735 1985 2753 2019 ι

2212 2053 2459 2125 Ἰδωμεν,
2491 2055 2567 2119 ὡς
2589 2052 2761 2121 εἷπον,
2795 2058 2892 2130 τὴν
2927 2059 3090 2114 αὐτοῦ
3118 2060 3450 2134 ἀνατροπὴν,
3481 2059 3577 2117 εἷθ’
3621 2063 3711 2116 οῦ-

2135 2160 2244 2206 τως
2281 2142 2378 2215 τὴν
2419 2145 2676 2216 ἀλήθειαν
2721 2147 3126 2220 διηγησώμεθα.
3160 2151 3297 2221 Φησὶ
3330 2153 3458 2224 γάρ·
3491 2171 3512 2205 ι
3560 2154 3715 2207 Ἑκο-

2135 2232 2331 2285 πίασεν
2378 2232 2672 2302 Αἴγυπτος,
2720 2238 2815 2290 καὶ
2858 2239 3101 2312 ἐμπόρια
3154 2241 3463 2307 Αἰθιόπων,
3518 2244 3613 2297 καὶ
3659 2245 3709 2298 οἱ

2134 2323 2400 2394 Σαϐαεὶμ,
2436 2343 2454 2376 ι
2481 2325 2576 2379 καὶ
2606 2325 2674 2380 τὰ
2701 2327 2880 2381 λοιπά·
2912 2331 3000 2384 ἵνα
3032 2330 3182 2405 εῖπῃο
3219 2349 3239 2383 ι
3278 2333 3350 2384 Σὺ
3380 2334 3490 2405 γὰρ
3521 2336 3550 2389 6
3578 2336 3710 2401 Θεὸς

2129 2413 2226 2467 τοῦ
2287 2414 2498 2488 Ἰσραὴλ
2545 2419 2771 2492 Σωτήρο
2825 2439 2845 2473 ι
2887 2421 2947 2474 οὐ
2995 2423 3131 2477 νοῶν
3180 2426 3240 2478 τὸ
3286 2428 3701 2498 προειρημένον.

2144 2507 2376 2562 Ὀπὸταν
2425 2509 2532 2581 γὰρ
2577 2509 2875 2584 θελήσωσιν
2925 2517 3389 2586 πανουργεύεσθαι
3414 2558 3429 2581 ,
3483 2524 3706 2592 περικό-

2133 2617 2326 2654 πτουσι
2350 2601 2450 2664 τὰς
2481 2602 2721 2673 Γραφάς.
2761 2603 3100 2678 Ὁλοκλήρως
3128 2609 3184 2662 δὲ
3227 2611 3454 2676 εἰπάτω,
3490 2614 3584 2666 καὶ
3615 2617 3707 2667 εύ-

2131 2690 2289 2763 ρήσει
2313 2691 2411 2764 την
2439 2693 2617 2747 αἰτίαν
2660 2693 2797 2766 πρὸς
2835 2696 2960 2750 τίνα
3000 2697 3234 2766 λέγεται.
3281 2702 3560 2775 Ἀνωτέρω
3593 2705 3704 2777 γὰρ

2133 2781 2328 2854 μικρὸν
2369 2782 2512 2855 ἀρχὴ
2548 2783 2643 2838 τοῦ
2686 2785 2979 2856 κεφαλαίου
3011 2792 3288 2861 τυγχάνειο
3318 2792 3441 2848 ὅθεν
3484 2795 3564 2849 δεῖ
3603 2797 3704 2868 ἀρ-

2131 2871 2366 2943 ξάμενον
2413 2872 2614 2941 δεῖξαι,
2661 2876 2799 2948 πρὸς
2846 2879 2966 2932 τίνα
3019 2878 3166 2951 λέγει
3216 2884 3312 2937 καὶ
3361 2885 3490 2959 περὶ
3533 2886 3699 2953 τίνος.

2133 2966 2374 3020 Ἀνωθεν
2423 2967 2531 3038 γὰρ
2584 2969 2618 3039 ή
2670 2968 2813 3040 ἁρχὴ
2877 2971 2970 3024 τοῦ
3022 2973 3318 3042 κεφαλαίου
3374 2977 3523 3030 τοῦτ’
3566 2979 3698 3050 ἔχει·

2135 3073 2155 3108 ι
2208 3057 2548 3131 Ἑρωτήσατέ
2584 3077 2650 3131 με
2684 3061 2813 3132 περὶ
2839 3058 2951 3116 τῶν
2981 3064 3110 3117 υἱῶν
3155 3082 3290 3135 μου,
3324 3067 3417 3120 καὶ
3455 3068 3566 3122 τῶν
3603 3071 3699 3124 θυ-

453 3149 524 3203 de
572 3148 698 3206 ﬁliis
746 3151 883 3206 meis
928 3160 983 3206 et
1027 3151 1094 3207 de
1144 3151 1358 3207 ﬁliabus
1391 3153 1547 3218 meis,
1581 3162 1636 3208 et
1663 3154 1730 3209 de
1771 3155 2024 3225 operibus

2129 3149 2375 3221 γατέρων
2402 3168 2522 3222 μου,
2551 3152 2645 3205 καὶ
2684 3153 2792 3206 τῶν
2823 3154 2998 3227 ἔργων
3024 3154 3132 3208 τῶν
3165 3157 3366 3228 χειρῶν
3394 3176 3496 3231 μου
3523 3162 3698 3216 ἐντεί-

454 3256 714 3296 manuum
749 3257 994 3298 mearum
1046 3244 1300 3299 mandate
1338 3245 1491 3300 mihi.
1531 3245 1641 3315 Ego
1687 3245 1791 3302 feci
1823 3257 2022 3302 terram

2126 3242 2290 3296 λασθέ
2322 3259 2434 3314 μοι.
2484 3243 2624 3312 Ἐγὼ
2653 3245 2883 3316 ἐποίησα
2908 3247 3011 3316 γῆν
3038 3247 3134 3300 καὶ
3158 3249 3442 3321 ἄνθρωπον
3482 3253 3570 3308 ἐπ’
3601 3256 3700 3308 αὐ-

451 3346 508 3392 et
554 3336 829 3391 hominem
879 3354 1042 3408 super
1089 3354 1230 3393 eam.
1279 3337 1392 3409 Ego
1437 3355 1603 3394 manu
1645 3355 1766 3394 mea
1811 3340 2024 3398 ﬁrmavi

450 3433 674 3488 coelum.
708 3431 824 3502 Ego
866 3431 1118 3487 mandavi
1167 3433 1351 3486 astris.
1393 3431 1506 3502 Ego
1532 3433 1762 3488 excitavi
1789 3449 1935 3499 eum,
1969 3444 2024 3491 et

453 3539 646 3578 omnes
696 3524 798 3577 viae
837 3523 957 3592 ejus
1018 3532 1198 3582 rectm.
1257 3523 1355 3578 Hic
1407 3523 1696 3580 aediﬁcabit
1745 3525 2020 3581 civitatem

451 3629 652 3680 meam,
680 3622 736 3670 et
764 3613 1128 3684 captivitatem
1162 3627 1363 3677 meam,
1395 3621 1450 3668 et
1478 3614 1844 3684 captivitatem
1867 3615 2024 3670 redu-

451 3714 558 3770 cet,
593 3721 702 3759 non
750 3721 877 3760 eum
918 3705 1115 3776 pretio,
1159 3719 1335 3774 neque
1367 3719 1491 3760 cum
1536 3705 1714 3770 bonis,
1741 3705 1880 3760 dixit
1909 3703 2021 3760 Do-

449 3799 634 3854 minus
665 3796 923 3852 Sabaoth.
955 3795 1046 3852 Sic
1074 3797 1214 3852 dixit
1237 3794 1502 3852 Dominus
1531 3795 1766 3852 Sabaoth
1793 3813 1806 3848 :
1839 3797 2020 3853 Labo-

444 3892 590 3946 ravit
620 3889 907 3962 Egyptus,
936 3898 990 3945 et
1011 3896 1314 3944 mercatura
1338 3887 1656 3959 JEthiopum
1678 3897 1732 3945 ct
1759 3888 2016 3958 Sabaim;

445 3983 551 4038 viri
585 3982 715 4038 celsi
750 3982 807 4036 in
842 3991 894 4036 te
941 3980 1272 4045 transibunt,
1302 3988 1359 4034 et
1405 3979 1504 4034 tibi
1547 3988 1708 4035 erunt
1755 3981 1930 4048 servi;
1963 3991 2020 4037 et

445 4085 571 4144 post
601 4083 654 4128 te
695 4081 993 4144 sequentur
1024 4073 1173 4142 ligati
1223 4072 1453 4128 vinculis
1484 4087 1766 4142 manuum,
1798 4083 1854 4129 et
1881 4078 1938 4130 in
1965 4084 2019 4131 te

444 4165 766 4230 adorabunt,
798 4172 853 4220 et
881 4165 935 4218 in
964 4172 1019 4218 te
1053 4163 1453 4234 precabuntur;
1488 4165 1744 4234 quoniam
1776 4166 1830 4220 in
1859 4175 1912 4221 te
1933 4175 2018 4222 est

443 4255 609 4322 Deus,
641 4263 696 4311 et
721 4272 828 4310 non
859 4265 942 4312 est
971 4255 1118 4312 Deus
1146 4265 1342 4326 praeter
1367 4265 1437 4311 te.
1468 4255 1548 4310 Tu
1570 4257 1715 4312 enim
1753 4273 1812 4313 es
1847 4256 2014 4324 Deus,

441 4357 498 4404 et
529 4349 879 4420 nescivimus;
907 4348 1047 4404 Deus
1072 4347 1236 4404 lsrael
1278 4347 1527 4403 Salvator
1552 4348 1617 4403 ³⁸.
1715 4347 1773 4402 ln
1807 4357 1859 4404 te
1913 4349 2015 4419 igi-

446 4445 557 4503 tur,
581 4437 783 4507 inquit,
803 4447 887 4492 est
921 4437 1080 4494 Deus.
1122 4456 1140 4489 ι
1174 4437 1232 4492 In
1261 4453 1372 4507 quo
1398 4446 1580 4493 autem
1601 4447 1683 4493 est
1710 4436 1873 4506 Deus,
1907 4439 2012 4494 nisi

2121 3335 2240 3404 τῆς.
2273 3333 2415 3402 Ἐγὼ
2447 3337 2512 3406 τῇ
2543 3335 2688 3426 χειρί
2719 3353 2819 3406 μου
2849 3337 3149 3408 ἐστερέωσα
3178 3338 3270 3393 τὸν
3298 3341 3542 3414 οὐρανόν.
3559 3345 3700 3414 Ἐγὼ

2123 3427 2291 3478 πᾶσιν
2322 3427 2435 3490 τοῖς
2469 3427 2690 3497 ἄστροις
2713 3429 3084 3502 ἐνετειλάμην.
3123 3430 3264 3500 Ἐγὼ
3287 3433 3484 3508 ήγειρα
3511 3439 3694 3501 αὐτὸν,

2122 3514 2218 3568 καὶ
2245 3516 2415 3568 πᾶσαι
2455 3517 2511 3569 αἰ
2543 3515 2654 3569 ὁδοὶ
2695 3517 2860 3571 αὐτοῦ
2892 3519 3119 3575 εὐθεῖαι.
3146 3516 3313 3586 Οὗτος
3353 3509 3694 3600 οἰκοδομήσει

2119 3603 2218 3675 τὴν
2255 3605 2408 3659 πόλιν
2450 3622 2572 3676 μου,
2613 3609 2707 3660 καὶ
2740 3608 2837 3680 τὴν
2863 3610 3238 3681 αἰχμαλωσίαν
3262 3615 3594 3686 ἐπιστρέψει·
3628 3620 3691 3672 οὐ

2124 3695 2262 3766 μετά
2303 3695 2534 3770 λύτρων,
2575 3699 2696 3752 οὐδὲ
2741 3700 2879 3770 μετά
2914 3701 3123 3774 δώρων,
3163 3704 3315 3760 εἶπεν
3350 3708 3554 3779 Κύριος
3587 3711 3689 3763 Σα-

2079 3819 2082 3822 ~
2121 3787 2289 3842 ϐαώθ.
2316 3788 2500 3854 Οὕτως
2537 3787 2690 3845 εἶπεν
2723 3792 2925 3864 Κύριος
2953 3795 3196 3852 Σαϐαὼθ·
3246 3799 3561 3855 Ἑκοπίασεν
3593 3801 3688 3854 Αἴ-

2119 3897 2345 3949 γυπτος,
2386 3883 2481 3936 καὶ
2516 3883 2756 3955 ἐμπόρια
2793 3886 3064 3940 Αἰθιόπων
3099 3889 3194 3941 καὶ
3225 3891 3272 3942 οἰ
3303 3890 3565 3963 Σαϐαεὶμ,
3594 3894 3687 3948 ἀν-

2117 3973 2242 4044 δρες
2269 3973 2582 4044 ύψηλοὶέπὶ
2606 3975 2666 4029 σὲ
2693 3976 3058 4049 διαϐήσονται,
3083 3982 3184 4035 καὶ
3211 3982 3294 4036 σοὶ
3325 3981 3534 4037 ἔσονται
3568 3986 3691 4039 δοῦ-

2117 4064 2219 4128 λοι,
2249 4066 2343 4119 καὶ
2371 4067 2551 4136 ὀπίσω
2578 4084 2670 4120 σου
2716 4067 3168 4141 ἀκολουθήσουσιν
3204 4073 3474 4144 δεδεμένοι
3512 4093 3691 4148 χειροτ

2116 4154 2327 4222 πέδαις,
2355 4156 2450 4209 καὶ
2477 4156 2534 4209 ἐν
2562 4157 2645 4209 σοὶ
2667 4160 3122 4230 προσκυνήσουσι,
3153 4163 3245 4222 καὶ
3270 4164 3326 4216 ἐν
3353 4164 3436 4217 σοὶ
3457 4166 3690 4236 προσεύ-

2115 4245 2318 4312 ξονται,
2349 4247 2430 4300 ὅτι
2469 4248 2526 4301 ἐν
2576 4249 2660 4301 σοὶ
2703 4249 2732 4301 ὀ
2772 4249 2903 4314 Θεός
2953 4251 3089 4318 ἐστι,
3133 4255 3226 4306 καὶ
3263 4254 3362 4308 ούκ
3407 4254 3522 4310 ἐστι
3554 4257 3687 4320 Θεὸς

2116 4336 2255 4409 πλὴν
2296 4336 2410 4390 σοῦ.
2443 4339 2513 4391 Σὺ
2548 4338 2656 4410 γὰρ
2689 4335 2740 4392 εί
2773 4340 2925 4405 Θεὸς,
2966 4343 3057 4395 καὶ
3087 4343 3187 4397 οὐκ
3226 4344 3468 4416 ᾔδειμενο
3495 4346 3523 4398 6
3554 4345 3686 4409 Θεὸς

2113 4427 2208 4482 τοῦ
2249 4429 2465 4502 Ἰσραὴλ
2506 4418 2719 4502 Σωτήρ.
2803 4432 2893 4486 Ἐν
2944 4435 3027 4488 σοὶ⁸
3087 4431 3200 4499 οὖν,
3252 4435 3442 4505 φησὶν,
3481 4437 3510 4488 6
3550 4436 3684 4499 Θεὸς

373 4540 384 4548 ·
425 4529 746 4607 'in.Christo
776 4527 926 4594 Jesu,
960 4527 1138 4583 Verbo
1169 4528 1376 4596 Patris,
1414 4537 1469 4584 et
1501 4529 1759 4601 mysterio
1785 4544 2010 4584 ωοοηο-

2126 4521 2280 4573 ὲστιν.
2321 4537 2340 4572 ι
2385 4520 2474 4572 Ἐν
2501 4520 2606 4574 τίνι
2635 4520 2692 4574 δὲ
2729 4521 2758 4572 ὁ
2785 4521 3063 4590 Θεὸς,ἀλλ’
3099 4521 3131 4594 ἦ
3164 4525 3221 4576 ἐν
3253 4521 3471 4593 Χριστῷ
3506 4523 3678 4593 Ἰησοῦ

441 4621 585 4683 miae,
623 4621 675 4676 id
706 4630 809 4687 est,
838 4621 1272 4677 incarnationis?
1311 4621 1387 4677 De
1417 4637 1530 4692 quo
1560 4638 1754 4678 rursus
1783 4623 2008 4690 docens,

439 4724 658 4766 carnem
689 4711 809 4780 ejus
837 4712 1105 4783 signiﬁcat
1128 4729 1252 4768 cum
1275 4716 1350 4769 ait
1379 4731 1393 4768 :
1433 4732 1453 4766 ι
1485 4713 1597 4785 Ego
1621 4714 1852 4769 excitavi
1881 4729 2008 4769 eum

437 4819 562 4858 cum
583 4804 818 4874 justitia,
847 4814 901 4860 et
933 4818 1124 4859 omnes
1163 4805 1266 4859 via:
1308 4805 1427 4876 ejus
1461 4814 1639 4860 rectae.
1678 4822 1697 4857 ι
1725 4802 1867 4870 Quid
1901 4804 2007 4874 igi-

436 4895 564 4950 tur?
591 4896 658 4951 de
695 4910 806 4965 quo
839 4903 1066 4950 testatur
1096 4895 1202 4950 hoc
1232 4895 1358 4950 loco
1386 4893 1584 4950 Pater?
1613 4894 1679 4949 de
1706 4893 1845 4948 Filio
1873 4893 2008 4948 dicit

434 4987 594 5042 Pater
637 5003 650 5040 :
693 5005 712 5037 ι
755 4987 865 5057 Ego
890 4987 1130 5042 excitavi
1182 5003 1310 5042 eum
1355 5003 1482 5042 cum
1516 4987 1750 5056 justitia.
1786 5003 1806 5038 ι
1845 4983 2001 5050 Quod

435 5087 618 5132 autem
665 5075 823 5132 Pater
857 5076 1140 5131 suscitavit
1165 5075 1365 5130 Filium
1412 5077 1464 5130 in
1503 5075 1737 5146 justitia,
1770 5083 2003 5130 testatur

434 5169 635 5225 Paulus
685 5169 986 5239 apostolus,
1043 5184 1167 5222 cum
1212 5168 1288 5223 ait
1324 5183 1338 5220 :
1373 5187 1392 5221 ι
1434 5168 1491 5222 Si
1535 5179 1714 5222 autem
1763 5165 2001 5237 Spiritus

431 5257 524 5326 qui
572 5257 856 5311 suscitavit
901 5257 1178 5312 Christum
1226 5255 1412 5312 Jesum
1454 5272 1484 5310 a
1511 5257 2002 5322 mortuis,hahitat

437 5349 488 5401 in
517 5348 699 5412 vobis;
732 5347 826 5416 qui
850 5347 1137 5402 suscitavit
1162 5346 1439 5402 Christum
1468 5346 1653 5401 Jesum
1686 5361 1716 5398 a
1743 5345 1997 5410 mortuis,

503 5463 775 5533 ".,Ephes.
804 5480 887 5531 ιιι,
924 5463 1010 5518 15.

432 5572 644 5645 πρῶτον
673 5573 892 5627 εἰπόντα
924 5571 1015 5626 τὸν
1047 5572 1283 5645 Χριστὸν
1311 5573 1464 5644 ψιλὸν
1495 5573 1796 5645 ἀνθρωπον.
1832 5573 1993 5629 Deni-

431 5642 539 5711 que
566 5644 960 5716 observandum
983 5684 998 5708 ,
1028 5642 1174 5712 quod
1213 5642 1294 5713 τῷ
1325 5642 1662 5716 μονοκώλως,
1702 5646 1841 5700 infra
1873 5661 1924 5700 c.
1963 5647 1997 5699 4

432 5714 719 5784 opponitur
730 5712 1054 5784 ὁλοκλήρως.

506 5781 615 5854 σοι)
653 5781 1028 5856 Οἰκονομίαν.
1061 5781 1183 5838 Vid.
1218 5783 1269 5837 in
1307 5785 1450 5841 hunc
1497 5787 1672 5841 locum
1714 5784 1854 5840 inira
1897 5784 1994 5838 ad-

2113 4609 2191 4682 τῷ
2204 4609 2456 4682 Πατρῴῳ
2481 4611 2664 4680 Λόγῳ,
2695 4612 2790 4665 καὶ
2817 4611 2892 4683 τῷ
2918 4614 3196 4684 μυστηρίῳ
3217 4613 3314 4683 τῆς
3337 4613 3676 4682 οἰκονομίας;

2115 4703 2253 4774 Περὶ
2284 4699 2346 4756 οὗ
2379 4702 2542 4756 πάλιν
2584 4702 2842 4759 δεικνύων
2882 4705 2942 4758 τὸ
2973 4704 3116 4759 κατά
3155 4705 3333 4776 σάρκα
3367 4703 3532 4757 αὑτοῦ
3575 4722 3676 4776 ση-

2116 4795 2314 4867 μαίνειο
2349 4813 2369 4846 ‹
2411 4793 2552 4863 Ἐγὼ
2582 4795 2777 4866 ἤγειρα
2805 4795 2966 4849 αὐτὸν
3009 4796 3144 4867 μετὰ
3175 4793 3543 4866 δικαιοσύνης,
3584 4796 3680 4849 καὶ

2110 4889 2284 4940 πᾶσαι
2333 4887 2391 4940 αἱ
2436 4887 2548 4940 ὁδοὶ
2587 4887 2750 4940 αὐτοῦ
2795 4887 3022 4963 εύθεῖαι.
3054 4907 3073 4940 ι
3104 4887 3170 4940 Τί
3217 4883 3340 4952 οῦν;
3373 4887 3499 4959 περὶ
3532 4888 3678 4951 τίνος

2110 4979 2378 5048 μαρτυρεῖ
2396 4977 2585 5048 Πατήρ
2609 4992 2623 5043 ;
2659 4976 2788 5046 περὶ
2811 4977 2904 5032 τοῦ
2927 4975 3058 5030 Υἰοῦ
3084 4965 3274 5050 Πατὴρ
3298 4976 3464 5047 λέγει·
3495 4995 3512 5028 ι
3536 4965 3676 5046 Ἐγὼ

2103 5069 2303 5140 ἤγειρα
2349 5067 2512 5121 αὐτὸν
2560 5067 2698 5139 μετά
2744 5067 3110 5141 δικαιοσύνης.
3156 5087 3175 5120 ι
3207 5071 3328 5122 Ὀτι
3383 5069 3440 5121 δὲ
3484 5067 3674 5140 Πατὴρ

2103 5159 2323 5230 ἤγειρεν
2368 5159 2530 5214 αὑτοῦ
2581 5161 2673 5214 τὸν
2711 5159 2842 5215 Υἰὸν
2885 5161 2944 5214 ἐν
2987 5159 3323 5232 δικαιοσύνῃ,
3352 5161 3614 5231 μαρτυρεῖ
3645 5160 3674 5212 6

2103 5249 2397 5314 ἀπόστολος
2447 5249 2658 5314 Παῦλος
2701 5249 2904 5318 λέγων·
2936 5269 2955 5301 ‹
2989 5251 3052 5322 Εἰ
3093 5249 3151 5302 δὲ
3198 5249 3260 5302 τὸ
3305 5249 3527 5317 Πνεῦμα
3579 5247 3673 5299 τοῦ

2101 5342 2416 5414 ἐγείραντος
2463 5343 2698 5415 Χριστὸν
2731 5343 2937 5416 Ἰησοῦν
2969 5343 3080 5416 (75)
3111 5344 3176 5396 ἐκ
3211 5340 3417 5413 νεκρῶν
3446 5342 3587 5394 οἰκεῖ
3616 5342 3673 5393 ἐν

1089 5465 1134 5496 ³⁸
1160 5466 1183 5518 Ι
1205 5466 1330 5519 Cor.
1362 5480 1478 5532 vtu,
1509 5463 1562 5518 6.
1640 5462 1682 5494 ³⁷
1715 5461 1958 5530 lsa.xr.v,
1991 5461 2076 5516 Η.
2136 5459 2180 5494 ³³
2204 5458 2339 5516 ibid.
2396 5461 2578 5517 11-15.

2100 5581 2284 5627 notata
2313 5574 2379 5627 ad
2413 5589 2533 5643 cap.
2563 5575 2650 5629 14.

2171 5643 2282 5713 (75)
2323 5641 2575 5710 Ἰησοῦν.
2608 5644 2738 5698 Jesu
2783 5658 2980 5698 nomen
3017 5645 3118 5698 hoc
3144 5643 3265 5697 loco
3303 5643 3509 5697 addunt
3537 5641 3666 5710 Eni-

2099 5715 2254 5768 stolae
2285 5715 2351 5767 ad
2387 5714 2541 5785 Boni.
2573 5718 2788 5769 codices
2813 5715 3404 5785 quidam,_veteresque
3437 5715 3670 5785 scripto-

2099 5798 2208 5850 res,
2239 5794 2293 5838 ut
2321 5800 2350 5838 a
2379 5781 2464 5841 Jo.
2490 5784 2656 5841 Millio
2677 5781 3014 5840 adnotatum.
3047 5782 3266 5838 Faenio.
