2067 3189
223 182 273 210 309

800 179 939 208 CONTRA
957 177 1117 207 IIAERESIN
1136 177 1249 207 NOETI.

1790 184 1842 212 8I0

222 243 295 279 ὑμῖν·
321 244 335 271 ὁ
352 244 460 280 ἐγείρας
483 244 529 270 τὸν
549 242 664 278 Χριστὸν
696 241 798 277 Ἰησοῦν
825 242 856 268 ἐκ
882 241 1000 277 νεκρῶν,

1059 240 1202 267 viviﬁcabit
1217 240 1298 267 etiam
1318 241 1444 268 mortalia
1461 249 1574 277 corpora
1592 242 1741 278 vestraper
1762 242 1843 271 inha-

221 287 383 325 ζωοποιήσει
398 290 445 318 καὶ
463 289 495 316 τὰ
511 288 595 324 θνητὰ
610 287 722 323 σώματα
737 287 812 322 ὑμῶν
826 287 870 314 διὰ
881 288 927 314 τοῦ
940 288 1007 314 ἐνοι-

222 334 331 366 κοῦντος
356 334 436 361 αὐτοῦ
470 333 628 369 Πνεῦματος
657 334 685 359 ὲν
713 333 787 368 ὑμῖν.
809 342 819 358 )
846 333 909 359 Ἰδοὺ
932 332 1008 359 συνέ-

223 388 305 415 στηκε
321 380 349 406 τὺ
361 379 405 406 διὰ
415 378 461 406 τοῦ
478 379 617 415 προφήτου
634 379 785 414 εἰρημένον
798 388 808 405 ι
826 379 895 414 Ἐγὼ
910 379 1008 415 ἤγειρα

223 426 292 460 μετὰ
302 426 481 461 δικαιοσύνης.
499 436 508 451 ›
524 425 559 452 Τὸ
574 425 601 452 δὲ
619 427 716 457 εἰπεῖν,
733 425 773 452 ὅτι
791 435 800 451 ι
818 426 846 452 ἐν
863 425 904 452 σοὶ
916 426 930 451 6
942 425 1008 457 Θεός

222 472 304 503 ἐστιν,
326 481 335 497 ι
350 472 469 498 ἐδείκνυε
491 471 638 506 μυστήριον
660 471 828 506 οἰκονομίας,
849 472 890 497 ὅτι
912 479 1008 506 σεσαρ-

223 516 344 551 κωμένου
357 516 403 542 τοῦ
418 517 513 551 Λόγου,
530 517 576 543 καὶ
597 516 871 552 ὲνανθρωπήσαντος,
885 517 899 543 6
914 517 1007 552 Πατὴρ

222 558 255 595 ἦν
268 561 295 586 ὲν
310 560 347 596 τῷ
363 561 429 596 Υἰῷ,
444 562 490 588 καὶ
509 562 522 588 6
543 561 607 593 Υἱὸς
619 563 647 588 ὲν
666 562 705 597 τῷ
723 562 819 597 Πατρὶ,
837 562 1009 597 ἐμπολιτευο-

224 607 304 639 μένου
320 606 365 633 τοῦ
380 606 444 633 Υἱοῦ
459 609 487 633 ἐν
503 607 664 642 ἀνθρώποις.
679 607 763 633 Τοῦτο
777 605 823 634 οὖν
834 608 1007 643 ἐσημαίνετο,

222 650 340 685 ἀδελφοὶ,
364 650 405 678 ὅτι
421 652 504 683 ὅντως
528 652 675 687 μυστήριον
697 652 852 687 οἰκονομίας
872 653 904 678 ἐκ
924 653 1009 678 Πνεύ-

224 705 307 731 ματος
328 697 405 731 ἁγίου
422 695 455 732 ἦν
477 693 554 728 οὗτος
577 697 591 722 6
615 697 699 731 Λόγος
721 697 768 723 καὶ
790 697 946 733 Παρθένου,
961 698 1010 724 ἕνα

222 743 285 769 Υἱδν
309 743 368 778 Θεῷ
388 743 614 778 ἀπεργασάμενος
638 743 702 778 (76).
728 742 812 769 Τοῦτο
832 743 860 768 δὲ
883 743 933 769 οὐκ
955 742 1010 777 εγὼ

220 788 302 823 λέγω,
325 789 381 815 ἀλλ’
400 789 481 821 αὐτὸς
504 787 636 825 μαρτυρεῖ
650 791 664 816 ὁ
685 789 805 821 καταϐὰς
820 790 852 815 ἐκ
868 790 914 815 τοῦ
929 789 1010 824 οὐρα-

222 833 277 860 νοῦ*
295 834 365 862 οὕτω
389 835 442 869 γὰρ
457 834 541 868 λέγει·
565 844 574 859 ι
596 834 691 866 Οὐδεὶς
714 834 882 869 ἀναϐέϐηκεν
905 835 944 865 εὶς
966 833 1010 860 τὸν

221 880 343 916 οὐρανὸν,
359 881 382 906 εἰ
396 881 433 916 μὴ
447 881 461 907 ὁ
480 881 511 906 ἐκ
526 880 571 906 τοῦ
589 880 702 916 οὐρανοῦ
725 880 846 911 καταϐὰς
861 881 874 906 6
886 880 948 911 Υἱὸς
962 879 1009 906 τοῦ

221 912 375 961 ἀνδρώπου,
419 912 456 952 ὧν
476 926 505 952 ὲν
520 925 558 961 τῷ
575 912 688 961 οὐρανῷ.
711 935 719 951 ι
734 926 766 952 Τί
781 923 828 952 οὖν
844 925 922 960 ζητεῖ
934 924 1010 960 παρὰ
1026 912 1046 938 Β

220 971 251 998 τὸ
273 971 432 1008 εἰρημένον;
457 972 530 1007 Μήτι
554 972 622 1008 ἐρεῖ,
645 972 686 998 ὅτι
703 973 732 999 ἐν
751 971 857 1007 οὐρανῷ
877 971 946 1007 σὰρξ
956 969 1008 1006 ἦν;

226 1017 304 1043 Ἔστι
327 1018 375 1052 μὲν
390 1015 436 1044 οὖν
452 1017 548 1053 σὰρξή
566 1018 618 1044 ὑπὸ
636 1017 683 1044 τοῦ
707 1018 793 1052 Λόγου
808 1017 855 1044 τοῦ
877 1016 1008 1052 Πατρῴου

221 1063 432 1098 προσενεχθεῖσα
456 1064 551 1099 δῶρον,
568 1056 634 1099 ’ἔγ-ἐκ
654 1063 812 1099 Πνεὺματος
837 1064 883 1090 καὶ
902 1063 1007 1098 Παρθέ-

221 1117 286 1139 νου,
310 1108 413 1140 τέλειος
435 1108 499 1140 Υἱὸς
523 1108 593 1135 Θεοῦ
618 1108 849 1143 ἀποδεδειγμένος.
872 1107 1008 1143 Πρόδηλον

200 1162 204 1164 ‘
220 1150 276 1184 οὖν,
295 1153 335 1179 ὅτι
351 1153 431 1184 αὐτὸς
451 1152 546 1186 ἑαυτὸν
569 1153 720 1189 προσέφερε
740 1153 778 1187 τῷ
791 1152 888 1188 Πατρί.
906 1152 962 1188 Πρὸ
980 1151 1007 1178 δὲ

221 1199 314 1225 τούτου
339 1199 368 1226 ἐν
389 1199 495 1235 οὐρανῷ
520 1198 587 1235 σὰρξ
603 1200 652 1225 οὐκ
669 1197 713 1235 ἦν.
734 1199 781 1230 Τίς
800 1197 846 1225 οὖν
865 1196 899 1233 ἦν
918 1199 947 1224 ὲν
963 1198 1008 1224 οὑ-

222 1244 295 1280 ρανῷ
319 1245 376 1271 ἀλλ’
392 1245 409 1280 ἢ
424 1245 510 1279 Λόγος
536 1246 655 1281 ἄσαρκος
665 1265 671 1277 ,
687 1245 849 1277 ἀποσταλεὶς
871 1245 914 1271 ἴνα
931 1243 1007 1280 δείξῃ

220 1289 300 1316 αὑτὸν
313 1290 360 1322 ἐπὶ.
369 1290 422 1325 γῆς
435 1289 508 1322 ὅντα,
524 1289 593 1317 εἶναι
607 1291 654 1317 καὶ
671 1291 699 1317 ἐν
716 1290 839 1326 οὐρανῷ;
854 1290 939 1324 Λόγος
952 1290 1006 1326 γὰρ

218 1332 253 1368 ἦν
268 1334 334 1371 (⁵17),
350 1334 459 1370 πνεῦμα
473 1333 517 1371 ἦν,
531 1336 644 1371 δύναμις
658 1333 701 1371 ἦν.
715 1334 763 1368 Εἷς
776 1336 807 1362 16
821 1336 908 1363 κοινὸν
921 1335 1006 1372 ὄνομα

221 1380 267 1407 καὶ
282 1380 356 1416 παρὰ
372 1380 525 1417 ἀνθρώποις
539 1382 672 1417 χωρητὸν,
688 1382 871 1417 ἀνελάμϐανεν
886 1383 926 1412 εἰς
943 1382 1006 1410 εαυ-

221 1426 265 1452 τδν
279 1427 367 1458 τοῦτο,
387 1426 551 1462 καλούμενος
565 1427 612 1453 ἀπ’
626 1427 712 1462 ἀρχῆς
727 1427 790 1458 Υἱὸς
805 1426 947 1462 ἀνθρώπου
961 1426 1006 1454 διὰ

221 1472 250 1499 τὸ
267 1472 372 1508 μέλλον,
387 1473 474 1500 καίτοι
493 1473 575 1509 μήπω
590 1473 627 1500 ὢν
643 1473 793 1509 ἄνθρωπος,
810 1472 899 1504 καθὼς
916 1474 930 1499 ὁ
952 1475 1005 1499 Δα-

222 1518 280 1554 νιὴλ
301 1520 445 1555 μαρτυρεῖ,
462 1519 564 1553 λέγων·
584 1529 594 1544 ε
614 1518 706 1551 Εἶδον,
734 1520 781 1546 καὶ
803 1519 856 1545 ἰδοὺ
882 1519 928 1545 ἐπὶ
952 1519 1005 1546 τῶν

222 1565 339 1599 νεφελῶν
353 1564 399 1591 τοῦ
413 1565 526 1601 οὐρανοῦ
544 1566 689 1601 ἐρχόμενον
700 1565 737 1597 ὡς
751 1566 813 1591 Υἱὺν
826 1564 979 1601 ἀνθρώπου.
993 1574 1002 1590 ι

221 1610 337 1642 Δικαίως
359 1608 406 1637 ὧν
430 1612 459 1637 ὲν
478 1610 517 1646 τῷ
533 1611 639 1646 οὐρανῷ
656 1611 720 1637 ὄντα
737 1611 828 1645 ἔλεγεν
848 1611 935 1646 τούτῳ
949 1611 1008 1637 ὀνό-

222 1666 297 1691 ματι,
322 1657 401 1684 τοῦτο
422 1658 470 1684 ἀπ’
493 1658 582 1693 ἀρχῆς
604 1657 678 1689 ὄντα,
700 1657 840 1684 καλεῖσθαι
860 1658 906 1684 ἀπ’
923 1656 1009 1692 ἀρχῆς

222 1702 307 1736 Λόγον
322 1702 400 1729 Θεοῦ.

262 1748 342 1776 Ἀλλὰ
362 1750 389 1775 τί
414 1757 468 1784 μοι,
489 1749 581 1784 φησιν,
598 1749 671 1784 λέγει
694 1750 723 1776 ὲν
748 1749 849 1785 ἑτέρῳ·
871 1759 880 1774 ι
898 1746 982 1781 Οὗτος
996 1749 1011 1776 ὁ

221 1796 297 1828 Θεός⁶
313 1796 344 1822 οὒ
359 1795 548 1831 λογισθήσεται
569 1796 660 1831 ἕτερος
675 1795 743 1830 πρὸς
760 1796 857 1828 αὺτόν;
881 1805 890 1820 ι
912 1794 1011 1827 Καλῶς

221 1840 307 1874 εἴπεν,
326 1842 398 1877 Πρὸς
414 1842 467 1877 γὰρ
483 1842 529 1868 τὸν
548 1842 658 1878 Πατέρα
681 1841 722 1873 τίς
746 1841 951 1877 λογισθήσεται;
983 1844 1011 1870 Ὀ

221 1887 248 1914 δὲ
261 1887 346 1921 λέγει’
369 1897 377 1912 ι
400 1885 485 1919 Οὗτος
500 1888 514 1913 6
530 1888 595 1920 Θεὸς
606 1888 697 1923 ἡμῶν·
709 1888 738 1914 οὐ
752 1888 937 1924 λογισθήσεται
954 1888 1011 1915 ’ἐτε-

223 1941 268 1968 ρος
279 1933 346 1968 πρὸς
359 1933 449 1960 αὐτόν,
472 1933 595 1970 Ἐξεῦρεν
607 1935 699 1960 πᾶσαν
715 1933 774 1960 ὁδὸν
786 1935 949 1970 ἐπιστήμης,
966 1935 1012 1961 καὶ

221 1979 320 2005 ἔδωκεν
342 1978 424 2014 αὐτὴν
453 1979 548 2005 Ἰακὼὸ
564 1979 602 2014 τῷ
624 1979 699 2005 παιδῖ
719 1979 811 2011 αὐτοῦ,
829 1980 875 2006 καὶ
905 1979 1011 2015 Ἰσραὴλ

222 2024 261 2059 τῷ
282 2021 452 2060 ἠγαπημένῳ
476 2025 520 2050 ὑπ’
541 2025 632 2059 αὑτοῦ.
651 2035 660 2051 ι
680 2026 776 2057 Καλῶς
795 2026 877 2059 λέγει.
894 2026 942 2057 Τίς
959 2026 1012 2062 γάρ

222 2070 295 2096 ἐστιν
325 2069 421 2096 Ἰακὼό
438 2070 451 2096 6
472 2071 536 2101 παῖς
561 2070 655 2101 αὑτοῦ,
676 2069 784 2106 Ἰσραὴλ
797 2071 810 2096 ὀ
835 2071 1013 2106 ὴγαπημένος

223 2110 268 2141 in:i
285 2114 379 2147 αὑτοῦ,
400 2115 484 2150 ἀλλ’ἢ
506 2112 583 2147 οὗτος
596 2117 659 2153 περὶ
671 2114 700 2143 οὗ
718 2116 767 2151 βοᾷ.
781 2117 886 2150 λέγων·
902 2126 910 2142 ι
929 2115 1012 2148 Οὗτός

223 2162 297 2188 ἐστιν
313 2162 326 2187 ὁ
343 2161 406 2193 Υἱός
427 2170 477 2196 μου
492 2161 643 2197 ἀγαπητὸς,
653 2162 693 2193 εἰς
707 2161 736 2188 ὃν
753 2162 903 2197 ηὑδόκησα’
917 2162 1011 2188 τούτου

222 2204 351 2240 ἆκούετε;
368 2217 377 2233 ›
394 2208 487 2234 Ilio-av
505 2205 552 2242 οὖν
566 2207 615 2243 τὴν
631 2208 785 2243 ἐπιστήμην
802 2208 877 2243 ’παρὰ
889 2208 937 2234 τοῦ
956 2209 1012 2234 Πα-

1058 286 1187 315 bitantcm
1202 286 1330 321 Spiritum
1347 286 1406 321 ejus
1421 287 1447 313 in
1464 288 1541 315 vobis
1556 289 1588 315 ".
1609 298 1618 314 ν
1636 288 1705 316 Ecce
1717 297 1845 323 compro-

1060 331 1132 358 bavit
1147 332 1219 366 quod
1236 331 1336 358 dictum
1357 336 1398 360 est
1413 340 1460 366 per
1479 333 1638 367 prophetam
1655 343 1661 361 :
1684 343 1693 359 ‹
1710 333 1766 368 Ego
1780 342 1843 362 sus-

1058 377 1137 403 citavi
1153 384 1214 404 eum
1231 377 1347 411 iustitia.
1365 387 1374 403 ι
1388 377 1464 410 Quod
1483 383 1572 406 autem
1589 380 1675 407 dixit:
1695 389 1704 406 ι
1721 380 1748 407 In
1764 385 1790 408 te
1802 387 1844 408 est

1060 421 1144 453 Deus,
1165 431 1174 447 ι
1191 422 1308 449 ostendit
1329 423 1485 457 mysterium
1505 424 1674 458 oeconomiae,
1694 425 1719 452 id
1735 432 1777 453 est
1799 426 1843 453 in-

1058 468 1234 500 carnationis,
1253 469 1325 503 quod
1338 469 1478 496 incarnato
1492 469 1582 496 Verbo
1594 475 1621 498 ct
1635 471 1706 499 laeto
1721 472 1841 504 homine,

1058 511 1138 540 Pater
1153 519 1211 540 erat
1228 514 1253 540 in
1270 513 1349 546 Filio,
1366 518 1392 541 et
1406 513 1490 542 Filius
1509 515 1535 541 in
1558 515 1648 548 Patre,
1663 522 1843 545 conversante

1059 556 1129 584 Filio
1144 565 1205 585 cum
1221 559 1387 586 hominibus.
1404 558 1460 586 Hoc
1475 560 1566 594 igitur,
1581 560 1689 593 fratres,
1706 563 1844 597 signiﬁca—

1059 602 1149 634 batur,
1173 604 1246 637 quod
1262 611 1323 631 vere
1338 605 1497 639 mysterium
1514 605 1712 635 incarnationis
1733 617 1765 635 ex
1783 608 1844 643 Spio

1060 647 1113 674 ritu
1129 653 1222 676 sancto
1245 654 1271 676 et
1292 657 1323 676 ex
1340 649 1449 684 Virgine
1470 655 1528 677 erat
1550 652 1601 679 hoc
1623 651 1753 686 Verbum,
1770 657 1843 690 quod

1060 697 1198 727 operatum
1225 699 1265 721 est
1288 694 1343 721 Deo
1368 695 1466 723 Filium
1490 704 1585 724 unum.
1612 697 1667 726 [Ioc
1686 704 1775 727 autem
1790 710 1845 729 non

1060 746 1110 773 ego
1128 738 1199 772 dico,
1224 740 1269 766 sed
1290 739 1347 774 ipse
1366 745 1480 768 testatur
1493 743 1538 777 qui
1553 743 1586 770 de
1598 744 1674 771 caelis
1692 744 1844 773 descendit.

1061 783 1106 811 Sic
1128 785 1201 812 enim
1226 785 1264 811 ait
1289 793 1323 811 ε(
1346 785 1430 813 Nemo
1451 788 1572 815 ascendit
1596 789 1623 815 in
1651 791 1766 824 ccclum,
1791 792 1845 819 nisi

1060 830 1106 864 qui
1131 831 1164 858 de
1182 832 1251 858 cwlo
1268 831 1423 865 descendit,
1441 832 1525 861 Filius
1549 835 1666 862 hominis
1690 837 1737 871 qui
1753 844 1794 865 est
1816 839 1845 866 in

1061 877 1130 903 coelo
1145 877 1178 904 ⁸ο.
1193 887 1202 902 ι
1220 876 1289 910 Quid
1312 878 1394 912 igitur
1408 879 1504 912 qumrit
1521 879 1571 906 iste
1586 886 1684 914 praeter
1708 883 1759 909 hoc
1772 884 1845 917 quod

1061 923 1162 949 dictum
1176 922 1234 949 est?
1247 921 1373 957 Nunquid
1387 923 1510 951 dicturus
1524 928 1565 951 est
1578 926 1650 959 quod
1666 934 1730 953 caro
1743 933 1802 955 erat
1817 930 1845 955 in

1060 968 1148 995 coelo?
1167 967 1215 995 Est
1236 968 1318 1002 igitur
1337 976 1411 1001 caro,
1426 977 1486 1004 qua:
1503 978 1518 997 ιι
1534 969 1624 998 Verbo
1643 971 1731 1000 Patris
1744 974 1845 1008 oblata,

1060 1016 1090 1039 ut
1112 1019 1212 1039 munus
1235 1016 1292 1045 est;
1308 1020 1382 1044 caro,
1397 1014 1523 1048 inquam,
1543 1023 1575 1042 ex
1595 1015 1696 1051 Spiritu
1712 1023 1806 1045 sancto
1820 1024 1847 1046 et

1060 1056 1171 1093 Virgine
1194 1062 1303 1085 ostensa
1314 1078 1321 1090 ,
1337 1058 1474 1093 perfectus
1493 1060 1579 1088 Filius
1594 1061 1650 1089 Dei.
1674 1062 1847 1091 Manifestum

1061 1103 1143 1137 igitur
1158 1106 1210 1136 est,
1228 1103 1301 1138 quod
1328 1111 1357 1131 se
1379 1104 1436 1139 ipse
1460 1105 1558 1133 obtulit
1580 1106 1665 1134 Patri.
1680 1109 1765 1136 Antea
1781 1118 1845 1137 vero

1060 1155 1115 1175 non
1140 1154 1199 1175 erat
1224 1148 1252 1175 in
1275 1149 1345 1176 coelo
1368 1157 1441 1177 caro.
1467 1149 1534 1182 Quis
1557 1159 1622 1187 ergo
1641 1157 1700 1180 erat
1722 1154 1750 1180 in
1765 1155 1846 1188 cmlo,

1060 1193 1113 1221 nisi
1127 1192 1244 1221 Verbum
1258 1195 1317 1221 sine
1331 1202 1423 1227 carne,
1439 1197 1511 1230 quod
1529 1198 1641 1225 missum
1656 1204 1697 1226 est
1710 1204 1740 1226 ut
1755 1205 1847 1228 osten-

1059 1238 1135 1266 deret
1152 1247 1181 1266 se
1194 1240 1241 1274 qui
1257 1240 1284 1266 in
1297 1245 1367 1267 terra
1381 1245 1447 1273 erat,
1466 1249 1526 1269 esse
1539 1243 1618 1270 etiam
1633 1244 1660 1271 in
1675 1246 1765 1272 calo?
1783 1246 1847 1274 Ver-

1059 1283 1123 1311 bum
1144 1285 1218 1314 enim
1240 1289 1308 1317 erat,
1332 1286 1448 1320 Spiritus
1474 1293 1541 1321 erat,
1559 1288 1653 1317 Virtus
1675 1294 1744 1318 erat.
1772 1291 1847 1320 Unus

1057 1338 1202 1359 commune
1231 1339 1330 1359 nomen
1359 1337 1386 1359 et
1409 1334 1436 1360 in
1465 1342 1514 1361 usu
1539 1335 1610 1369 apud
1635 1336 1759 1365 homines
1795 1340 1847 1368 sibi

1057 1378 1182 1412 sumpsit,
1193 1382 1306 1405 vocatus
1321 1385 1337 1405 ιι
1348 1379 1482 1413 principio
1496 1380 1581 1408 Filius
1597 1381 1724 1416 hominis,
1740 1390 1850 1419 propter

1057 1423 1177 1451 laturum
1194 1444 1201 1456 ,
1223 1425 1348 1459 quamvis
1365 1426 1485 1453 nondum
1502 1432 1574 1454 esset
1587 1428 1685 1462 homo;
1707 1430 1777 1457 sicut
1792 1430 1846 1457 Da-

1058 1470 1113 1497 niel
1136 1475 1251 1498 testatur
1276 1471 1401 1506 inquiens
1423 1481 1429 1499 :
1452 1482 1461 1498 ι
1477 1472 1550 1506 Vidi,
1566 1478 1592 1501 et
1606 1482 1669 1502 ecce
1684 1476 1710 1502 in
1726 1477 1845 1504 nubibus

1059 1516 1120 1544 coeli
1132 1517 1283 1544 venientem
1297 1522 1427 1552 tanquam
1442 1518 1539 1546 Filium
1557 1520 1673 1549 hominis
1686 1521 1718 1548 δι.
1735 1532 1745 1548 ι
1763 1522 1845 1550 Recte

1022 1581 1043 1610 ϐ
1061 1562 1143 1597 igitur
1154 1563 1232 1595 dixit,
1252 1571 1314 1591 eum
1327 1564 1373 1598 qui
1389 1564 1415 1590 in
1433 1565 1502 1592 cmlo
1519 1571 1577 1593 erat
1590 1566 1706 1595 Verbum
1723 1567 1781 1602 Dei,
1795 1569 1847 1597 hoc

1061 1609 1172 1636 nomine
1187 1616 1202 1635 a
1220 1609 1354 1644 principio
1370 1610 1471 1637 vocari.

1098 1750 1130 1778 V.
1146 1751 1198 1779 Sed
1220 1752 1284 1786 quid
1300 1752 1377 1785 mihi,
1388 1752 1491 1788 inquit,
1507 1754 1572 1782 dicit
1591 1754 1730 1790 Scriptura
1748 1758 1774 1785 in
1789 1758 1845 1786 alio

1062 1796 1122 1823 loco
1151 1806 1157 1823 :
1178 1806 1186 1822 ι
1204 1796 1253 1824 Hic
1278 1801 1319 1824 est
1333 1797 1421 1831 Deus;
1439 1806 1493 1825 non
1520 1801 1687 1834 reputabitur
1715 1803 1785 1831 alius
1812 1805 1847 1831 ad

1062 1848 1124 1867 eum
1139 1840 1179 1867 "?
1203 1850 1212 1866 ι
1242 1841 1323 1868 Ilecte
1344 1842 1421 1869 dixit.
1440 1842 1506 1875 Quis
1521 1843 1593 1871 enim
1618 1846 1789 1880 reputabitur
1811 1848 1845 1875 ad

1062 1885 1189 1913 Patrem?
1214 1896 1223 1912 ι
1250 1886 1310 1920 Hic,
1330 1888 1429 1922 inquit,
1445 1889 1515 1917 Deus
1539 1895 1647 1924 noster;
1664 1900 1717 1919 non
1738 1899 1847 1928 reputa-

1063 1932 1137 1960 bitur
1153 1933 1222 1960 alius
1244 1933 1277 1960 ad
1291 1941 1365 1960 eum.
1383 1933 1488 1961 Invenit
1504 1943 1611 1963 omnem
1627 1937 1697 1964 viam
1717 1938 1846 1973 scientia;

1063 1975 1092 2004 et
1106 1977 1178 2004 dedit
1200 1978 1272 2004 illam
1294 1977 1377 2005 Jacob
1400 1986 1484 2012 puero
1507 1987 1567 2012 suo,
1593 1984 1620 2006 et
1642 1981 1725 2007 Israel
1748 1981 1847 2009 dilecto

1064 2031 1114 2049 suo
1132 2023 1182 2049 “.r
1194 2022 1264 2050 Bene
1281 2023 1356 2050 dicit.
1372 2023 1439 2056 Quis
1455 2024 1526 2051 cnim
1542 2029 1584 2051 est
1597 2024 1679 2052 Jacob
1694 2034 1761 2060 puer
1776 2027 1846 2062 ejus,

1065 2074 1092 2096 et
1107 2068 1190 2096 Israel
1206 2069 1321 2096 dilectus
1343 2070 1413 2104 ejus,
1437 2070 1489 2096 nisi
1506 2070 1550 2097 hic
1562 2070 1597 2097 de
1613 2078 1668 2105 quo
1683 2072 1791 2105 clamat,
1805 2074 1848 2100 in-

1065 2114 1185 2148 quiens:
1210 2124 1219 2140 (
1243 2113 1292 2142 Hie
1318 2119 1359 2142 est
1382 2114 1467 2141 Filius
1492 2122 1569 2142 meus
1593 2116 1717 2150 dilectus,
1744 2118 1770 2145 in
1793 2127 1849 2154 quo

1066 2160 1132 2187 mihi
1148 2160 1216 2187 bene
1235 2160 1405 2195 complacui;
1421 2161 1509 2195 ipsum
1526 2161 1617 2189 audite
1634 2162 1680 2190 “‘2
1696 2173 1705 2189 ι
1723 2163 1774 2196 Qui
1792 2173 1849 2192 om-

1066 2214 1128 2234 nem
1150 2207 1293 2234 scientiam
1309 2215 1324 2233 a
1338 2206 1418 2234 Patre
1433 2207 1545 2241 aeeepit,
1562 2208 1699 2242 perfectus
1715 2209 1797 2238 Israel
1820 2216 1849 2239 et

222 2253 285 2289 τρὺς
307 2253 396 2281 λαϐὼν
411 2255 425 2281 ὸ
442 2254 543 2286 τέλειος
566 2253 683 2289 Ἰσραὴλ,
703 2255 717 2280 ὁ
741 2253 866 2289 ἀληθινὸς
892 2252 1003 2284 Ἰακὼῦ,

1060 2260 1141 2281 verus
1154 2252 1238 2279 Jacob
1250 2271 1257 2283 ,
1283 2261 1292 2278 ε
1317 2257 1377 2286 post
1390 2254 1446 2280 hzec
1458 2253 1484 2280 in
1501 2258 1573 2282 terra
1589 2255 1666 2283 visus
1680 2262 1732 2288 est,
1745 2262 1772 2284 et
1785 2264 1856 2285 cum'

229 2305 239 2321 ί
253 2296 321 2331 μετὰ
333 2296 418 2322 ταῦτα
437 2300 483 2326 ἐπὶ
493 2299 543 2335 τῆς
560 2300 610 2335 γῆς
625 2299 713 2334 ὤφθη,
727 2301 774 2326 καὶ
786 2301 842 2330 τοῖς
854 2299 1007 2335 ἀνθρώποις

223 2345 437 2380 συνανεστράφη.
463 2355 472 2371 ι
496 2345 607 2380 Ἰσραὴλι
621 2345 676 2381 (78)
696 2346 724 2371 δὲ
747 2346 788 2377 τίς
808 2346 882 2372 ἐστιν
905 2345 964 2371 ἀλλ’
991 2345 1007 2380 ἢ

1063 2299 1218 2326 hominibus
1226 2304 1402 2326 conversatus
1415 2304 1456 2326 est
1464 2300 1496 2326 ⁸⁵.
1505 2310 1513 2325 ι
1524 2300 1590 2333 Quis
1602 2306 1690 2329 autem
1703 2307 1744 2330 est
1757 2296 1848 2336 Israel,

1062 2345 1115 2373 nisi
1141 2346 1224 2372 homo
1247 2344 1343 2372 videns
1369 2344 1474 2372 Deum?
1502 2345 1602 2374 Videns
1629 2353 1717 2375 autem
1750 2349 1847 2381 Deum,

259 2415 281 2430 ”
297 2414 376 2442 Rom.
392 2423 458 2448 vnt,
477 2416 520 2442 11.
567 2415 589 2431 ⁸ο
609 2415 686 2442 .Ioan.
707 2423 748 2444 ιιι,
762 2415 805 2441 15.
851 2415 871 2430 ⁸¹
890 2414 1005 2441 Damni

1059 2415 1077 2441 ι.
1116 2415 1138 2430 ι·
1153 2398 1271 2440 Baruch.
1288 2421 1329 2446 ιιι,
1347 2413 1391 2440 56.
1439 2413 1461 2429 ιι
1476 2414 1541 2441 ibid.
1559 2415 1604 2449 36,
1625 2416 1668 2442 57.
1708 2415 1847 2443 “Matth.

224 2456 290 2482 xvn,
306 2450 342 2481 5;
360 2458 401 2482 nl,
418 2451 460 2477 Π.
499 2452 521 2466 δ’
533 2451 651 2478 Baruch.
669 2459 708 2480 ιιι,
722 2451 765 2477 58.

260 2507 315 2542 (76)
341 2507 761 2543 ὈΛόγος...ἀπεργασάμενος.
788 2519 797 2534 ι
820 2507 936 2534 Verbum
963 2506 1007 2534 Dei

225 2547 364 2577 operatum
383 2548 424 2569 est
448 2545 501 2570 Deo
525 2553 606 2571 unum
634 2544 740 2569 Filium.
760 2554 768 2568 ι
786 2545 810 2569 1ι1
829 2549 870 2569 est
891 2544 1006 2569 Vel-hum

224 2578 271 2604 Dei
284 2577 357 2607 fecit.
377 2582 405 2603 ut
434 2579 478 2611 qui
502 2584 559 2605 erat
579 2588 648 2605 unus
673 2579 757 2605 Filius
786 2578 843 2609 Dei,
862 2579 930 2605 i‘dcni
953 2579 1009 2611 ipse

224 2618 297 2640 esset
322 2621 392 2639 unus
414 2613 498 2640 Filius
524 2615 650 2646 hominis,
664 2615 727 2649 quia
751 2615 776 2640 in
800 2614 937 2648 hypostasi
958 2622 1007 2640 sua

225 2648 372 2681 assumpsit
393 2656 511 2674 carnem.
535 2649 579 2676 Sic
594 2650 665 2676 enim
684 2648 802 2676 Verbum
819 2655 884 2676 caro
904 2649 1007 2676 factum

224 2688 277 2719 est.
290 2682 451 2719 Eumelscus
468 2683 629 2719 Tuumuus.
913 2716 916 2719 ν

248 2718 320 2768 57:7)?
334 2719 427 2752 Λόγος
442 2719 494 2753 γὰρ
508 2717 554 2753 ἦν.
574 2720 640 2745 Male
654 2719 724 2754 apud
740 2717 1008 2752 Fabricium,A6yoc

226 2760 292 2788 cap;
307 2760 350 2789 ην.

260 2795 316 2828 (78)
340 2795 467 2829 Ἰσραὴλ,
492 2805 518 2822 κ.
533 2805 557 2822 τ.
574 2798 602 2822 λ.
618 2795 720 2824 Nomen
738 2788 831 2826 Ssx-1w?
847 2795 954 2822 Philoni
971 2795 1009 2822 De

225 2830 341 2862 prwmiis
363 2833 492 2866 etpmnis.
516 2840 574 2865 pag.
595 2832 655 2865 710,,
671 2837 752 2866 atque
773 2832 847 2865 alibi,
863 2831 1009 2865 exponitur

224 2870 295 2907 ὁρῶν
303 2872 378 2905 Θεόν,
388 2865 422 2902 ΒΝ
434 2880 492 2901 ﬁxe-1
505 2873 618 2902 w‘N.Sic
630 2879 657 2901 et
665 2865 869 2900 Constitutiones
882 2872 1007 2907 uposlol.,

226 2906 325 2940 vn,57,
342 2915 398 2938 VIII,
414 2909 453 2934 15.
467 2908 598 2935 Eusebius
615 2917 652 2941 χι,
664 2909 691 2943 6,
701 2917 761 2945 pag.
773 2909 834 2941 519,
844 2906 1005 2940 Prienam!"

381 2956 516 2988 Pnnon.
531 2958 588 2988 Gn.
606 2958 649 2990 Χ.

1059 2508 1191 2542 multique
1214 2507 1269 2543 alii.
1289 2507 1348 2543 Quo
1364 2506 1563 2543 etiamArel'eres
1581 2516 1628 2536 eos
1643 2509 1742 2543 quibus
1769 2508 1852 2538 Israel

1057 2547 1099 2570 est
1124 2542 1251 2578 bpafctxjag
1276 2542 1347 2578 ἀνὴρ
1372 2543 1430 2578 καὶ,
1445 2541 1627 2578 θεῳρητικὸς,
1651 2541 1684 2570 rut
1710 2544 1851 2578 Eusebio.

1057 2586 1118 2612 pag.
1132 2577 1194 2609 510,
1211 2577 1432 2613 Ριγυραγιιιηγνθι
1444 2577 1507 2608 νοῦς
1523 2578 1594 2613 ὀρῶν
1609 2578 1685 2609 Θεὸν,
1699 2583 1728 2604 ut
1748 2577 1777 2613 ὃ,
1795 2577 1851 2613 0p-

1058 2617 1114 2640 tato
1131 2613 1156 2639 in
1180 2613 1231 2639 line
1248 2612 1309 2639 libri
1328 2620 1362 2645 n;
1377 2612 1491 2647 Didyme
1506 2612 1575 2647 apud
1589 2613 1698 2639 llieron.
1712 2616 1739 2640 et
1753 2612 1851 2639 Hiero-

1058 2655 1140 2683 nymo
1164 2647 1215 2681 ipsi
1232 2648 1356 2681 pluribus
1375 2647 1459 2683 locis;
1472 2648 1500 2674 ὅ.
1526 2647 1644 2683 Maximo
1663 2652 1681 2674 ι.
1698 2649 1718 2680 1,
1738 2656 1765 2683 p.
1785 2648 1848 2682 28$;

1059 2681 1251 2718 Olynipiodpro
1274 2683 1300 2708 in
1314 2691 1339 2709 e.
1349 2684 1370 2718 ρι’
1385 2682 1565 2718 βρειοδίιιειιζ,
1583 2681 1698 2718 Leontio
1708 2681 1746 2710 Dé
1759 2685 1849 2717 sectis,

1064 2716 1177 2753 p.592;
1197 2716 1355 2751 Theophani
1379 2716 1511 2753 Cerameo
1536 2717 1671 2753 1ιοιῐιὶι.4,
1684 2726 1711 2752 p.
1735 2718 1779 2751 22,
1794 2716 1847 2746 etc.

1063 2750 1356 2789 MianLetymologiam
1371 2750 1604 2789 probat‘lustinus
1619 2750 1722 2789 martyr
1735 2753 1849 2789 Dialogo

1063 2797 1121 2825 etim
1132 2785 1365 2825 ⁸ἸῚ-εῄηιοιιιξίριης.
1374 2785 1443 2816 551,
1459 2785 1609 2825 ᾄνθρωπος
1619 2785 1702 2825 νικῷν
1722 2785 1846 2825 δύναμίν.

1062 2824 1099 2849 Τὸ
1109 2823 1162 2858 γὰρ
1175 2821 1245 2856 ῖᾲρα
1257 2822 1397 2856 ἄνθρωπος
1411 2821 1493 2847 νικῶν
1504 2822 1571 2852 ἐστι,
1587 2822 1617 2848 16
1633 2823 1660 2849 δὲ
1671 2823 1712 2857 ﬁl
1723 2821 1847 2859 δύναμις.

1061 2865 1198 2893 Sancum:
1208 2864 1293 2891 virum
1305 2864 1425 2895 denotat,
1434 2867 1526 2892 (ξι-πτειν
1533 2868 1574 2890 est
1587 2863 1723 2893 dominari
1739 2874 1771 2893 ac
1786 2867 1848 2893 viu-

1046 2905 1132 2936 'cere.
1147 2898 1183 2935 5x
1194 2910 1220 2933 et
1235 2905 1381 2931 Dulnnliam
1405 2909 1480 2926 mum
1497 2909 1522 2929 et
1551 2910 1674 2941 angelum
1694 2901 1777 2940 (unde
1798 2907 1845 2936 Jo-

1687 2954 1725 2983 26
