4134 6432
1240 136 1261 169 l

1080 405 1137 461 S.
1176 404 1537 461 HlPPOLYTI
1578 405 1726 459 OPP.
1769 406 1949 462 PARS
1986 407 2049 464 11.
2089 439 2160 450 --
2194 407 2501 464 DOGMAT.
2546 409 2630 464 ET
2666 410 3011 469 HlSTORlC.
3562 415 3670 473 812

424 413 522 469 8U

423 548 586 590 nemo
615 532 718 589 nisi
743 532 891 587 solus
916 544 1048 599 puer
1072 540 1122 582 et
1144 528 1414 601 perfectus
1439 530 1624 591 homo,
1642 537 1695 583 et
1718 528 1810 598 qui
1833 529 1969 586 solus

2090 528 2372 602 ἄνθρωπος
2398 528 2540 603 ὁρῶν
2559 530 2650 585 τὸν
2666 530 2821 597 Θεὸν,
2849 532 2993 604 ὀρῶν
3020 531 3077 588 δὲ
3108 533 3199 587 τὸν
3233 531 3363 586 Θεὸν
3385 533 3489 588 οὐδ’
3513 531 3593 600 εἷς
3620 542 3668 617 si

422 635 643 682 enarrat
664 623 949 681 consilium
973 620 1170 675 Patris.
1190 620 1277 673 Ait
1299 617 1445 674 enini
1462 618 1700 674 Joannes
1731 638 1743 672 :
1774 638 1791 670 ι
1816 619 1969 676 Deun

2093 624 2166 695 μὴ
2197 624 2354 694 μόνος
2380 624 2409 677 6
2439 626 2567 687 παῖς
2599 622 2711 695 (79)
2742 624 2836 679 καὶ
2856 624 3058 689 τέλειος
3089 623 3371 697 ἄνθρωπος
3393 626 3486 679 καῖ¹
3511 627 3670 699 μόνος

421 733 584 773 nemo
617 715 749 772 vidit
782 728 1020 784 unquam
1058 730 1070 766 :
1106 711 1416 782 unigenitus
1466 710 1637 767 Filius
1674 712 1768 783 qui
1808 722 1892 767 est
1932 712 1987 767 in

421 811 547 868 sinu
576 810 772 872 Patris,
804 808 920 878 ipse
957 805 1233 861 enarravit
1274 804 1339 857 ⁸⁸.
1385 823 1404 856 ι
1438 802 1505 858 Ει
1531 819 1725 860 rursus
1759 823 1772 859 :
1813 824 1831 857 ι
1881 805 1987 872 Qui

421 905 489 959 de
537 904 676 964 cado
726 901 1025 966 descendit,
1064 901 1212 969 quod
1258 897 1467 954 audivit
1512 908 1564 953 et
1614 898 1770 965 vidit,
1819 907 1989 954 testa-

416 1007 510 1052 tur
541 995 607 1050 ⁸⁷.
643 1013 662 1047 ›
705 992 803 1050 Hic
840 994 1002 1064 igitur
1031 1003 1133 1059 est,
1160 993 1246 1048 cui
1278 1007 1496 1047 omnem
1527 991 1809 1047 scientiam
1840 991 1988 1046 dedit

419 1086 612 1155 Pater;
641 1085 733 1156 qui
764 1085 820 1140 in
859 1093 1005 1139 terra
1052 1085 1203 1139 visus
1249 1092 1353 1151 est,
1395 1093 1451 1139 et
1495 1099 1618 1138 eum
1673 1082 1985 1160 hominibus

418 1185 771 1234 conversatus
802 1185 903 1231 est.

488 1356 575 1411 Vl.
629 1355 782 1424 Quod
833 1368 1011 1410 autem
1060 1355 1192 1410 dicit
1246 1356 1543 1427 Aposmlus
1600 1376 1610 1409 :
1664 1380 1682 1407 ι
1738 1356 1981 1422 Quorum

414 1461 617 1523 patres,
649 1467 711 1505 ex
758 1451 956 1521 quibus
981 1448 1236 1506 Christus
1267 1450 1566 1505 secundum
1608 1465 1851 1515 carnem,
1888 1451 1979 1519 qui

414 1553 499 1600 est
541 1556 704 1613 super
750 1540 931 1597 omnia
965 1539 1107 1596 Deus
1141 1541 1459 1596 benedictus
1504 1541 1556 1596 in
1605 1542 1801 1597 sa3cula
1838 1528 1917 1607 ‘8,
1957 1560 1975 1592 υ

413 1633 639 1706 pulchre
676 1640 906 1690 venarrat
952 1640 1006 1686 et
1057 1630 1293 1689 dilucide
1348 1634 1664 1702 mysterium
1712 1633 1980 1687 veritatis.

412 1726 515 1783 Hic
543 1727 635 1796 qui
664 1735 752 1782 est
777 1740 938 1795 super
971 1725 1178 1791 omnia,
1208 1723 1351 1779 Deus
1380 1733 1464 1780 est
1494 1727 1596 1795 (sic
1639 1726 1785 1780 enim
1819 1726 1980 1780 audet

412 1820 593 1875 dicere
621 1836 633 1872 :
665 1835 684 1868 ι
713 1814 908 1871 Omnia
932 1815 1066 1872 mihi
1088 1814 1284 1870 tradita
1311 1824 1439 1870 sunt
1467 1832 1499 1871 a
1526 1815 1687 1873 Patre
1711 1816 1847 1890 κεί),
1873 1816 1976 1884 Qui

2087 712 2479 784 διηγησάμενος
2510 714 2610 785 τὴν
2656 712 2852 786 βουλὴν
2907 714 3001 768 τοῦ
3042 715 3275 786 Πατρός.
3333 715 3496 785 Λέγει
3558 719 3667 789 γὰρ

2088 805 2183 859 καὶ
2227 804 2511 875 Ἰωάννηςο
2548 822 2567 856 ι
2606 803 2737 859 Θεὸν
2786 805 2958 869 οὐδεὶς
2990 803 3236 877 ἑώρακεν
3282 804 3531 860 πώποτε·
3569 826 3666 879 μο-

2087 894 2308 967 νογενὴς
2333 895 2461 959 Υἱὸς
2487 897 2514 949 6
2545 894 2620 950 ὢν
2654 897 2734 960 είς
2762 895 2853 949 τὸν
2886 895 3086 950 κόλπον
3118 895 3211 949 τοῦ
3246 896 3480 968 Πατρὸς,
3507 897 3668 963 αὐτὸς

2086 987 2399 1059 διηγήσατο.
2428 986 2580 1040 »Καὶ
2595 987 2790 1041 πάλιν·
2827 1007 2846 1040 ‹
2899 988 2957 1042 'O
3002 990 3066 1043 ὲκ
3102 988 3198 1042 τοῦ
3227 988 3457 1063 οὐρανοῦ
3497 1007 3667 1043 κατα-

2084 1077 2204 1143 ϐάς,
2233 1079 2261 1131 6
2289 1080 2518 1150 ἦκουσεν
2549 1080 2643 1133 καὶ
2681 1078 2944 1151 ἑώρακεν,
2980 1082 3265 1153 μαρτυρεῖ.
3307 1099 3325 1132 ι
3372 1074 3540 1145 Οὗτος
3571 1078 3665 1135 οῦν

2085 1173 2232 1224 ἐστιν
2257 1166 2301 1239 ᾧ
2328 1173 2509 1225 πᾶσαν
2536 1173 2843 1244 ἐπιστήμην
2876 1160 3069 1245 Πατὴρ
3109 1172 3326 1239 ἔδωκεν,
3352 1172 3410 1238 ὃς
3429 1173 3526 1227 ἐπὶ
3562 1173 3667 1245 γῆς

2083 1262 2267 1335 ὤφθη,
2296 1264 2392 1317 καὶ
2440 1264 2554 1327 τοῖς
2602 1262 2909 1335 ἀνθρώποις
2943 1265 3377 1339 συνανεστράφη.

2162 1358 2227 1410 'O
2255 1356 2309 1409 δὲ
2335 1357 2479 1425 λέγει
2503 1358 2532 1409 6
2557 1356 2903 1421 Ἀπόστολος’
2930 1376 2948 1408 ι
2976 1348 3076 1410 Ὧν
3105 1359 3154 1411 οἱ
3184 1342 3442 1432 πατέρες,
3462 1359 3523 1426 ἐξ
3541 1353 3616 1415 ὧν
3634 1360 3664 1414 6

2084 1446 2314 1518 Χριστὸς
2334 1448 2362 1499 6
2376 1445 2517 1499 κατὰ
2533 1447 2729 1518 σάρκα,
2745 1447 2773 1499 6
2791 1445 2864 1500 ὢν
2889 1446 2980 1500 ἐπὶ
2995 1447 3211 1501 πάντων
3228 1447 3360 1513 Θεὸς
3375 1449 3666 1522 εὐλογητὸς

2084 1540 2162 1601 είς
2186 1538 2312 1602 τοὺς
2341 1537 2562 1602 αἰῶνας,
2599 1557 2617 1588 ι
2660 1537 2838 1602 καλῶς
2862 1537 3126 1608 διηγεῖται
3149 1539 3244 1593 καὶ
3275 1539 3525 1613 λαμπρὸν
3548 1541 3659 1613 (80)

2082 1628 2143 1681 τὸ
2169 1631 2267 1700 τῆς
2309 1628 2568 1701 ἀληθείας
2601 1630 2917 1700 μυστήριον.
2953 1623 3119 1694 Οὗτος
3145 1630 3174 1683 6
3206 1629 3280 1685 ὢν
3324 1631 3415 1684 ὲπὶ
3445 1632 3660 1686 πάντων

2082 1721 2214 1785 Θεός
2265 1723 2450 1787 ἐστιν,
2508 1720 2655 1790 λέγει
2716 1721 2824 1793 γάρ
2881 1721 3025 1774 οῦτω
3090 1721 3230 1792 μετὰ
3300 1722 3652 1794 παρρησίαςο

2089 1834 2106 1865 ι
2145 1813 2331 1869 Πάντα
2375 1831 2463 1885 μοι
2496 1813 2854 1884 παραδέδοται
2883 1813 2985 1867 ὑπὸ
3031 1812 3124 1867 τοῦ
3153 1813 3387 1886 Πατρός.
3426 1834 3445 1866 ι
3487 1814 3546 1868 '0
3582 1812 3657 1867 ὢν

410 1918 497 1967 est
523 1924 688 1979 super
721 1909 904 1963 omnia
937 1907 1079 1963 Deus
1121 1908 1461 1974 benedictus,
1508 1909 1723 1978 genitus
1764 1919 1880 1975 est;
1922 1918 1969 1963 et

2077 1907 2169 1959 ἐπὶ
2211 1905 2430 1960 πάντων
2469 1905 2600 1969 Θεὸς
2646 1906 2936 1976 εὐλογητὸς
2964 1906 3278 1977 γεγένηται,
3311 1906 3407 1959 καὶ
3448 1905 3656 1977 ἄνθρω-

411 2001 588 2059 factus
619 2001 808 2063 homo,
857 2000 999 2055 Deus
1029 2012 1113 2054 est
1144 2001 1198 2055 in
1246 2001 1464 2055 sacula.
1502 1999 1591 2056 Sic
1634 2002 1778 2055 enim
1812 2000 1979 2057 Joan-

410 2108 510 2151 nes
536 2091 648 2148 ait:
686 2109 706 2142 ι
742 2089 847 2156 Qui
868 2099 970 2155 est,
998 2100 1051 2145 ct
1079 2091 1346 2161 qui_erat,
1379 2099 1432 2145 et
1457 2091 1551 2161 qui
1584 2100 1845 2145 venturus
1870 2100 1975 2157 est,

410 2184 556 2241 Deus
579 2184 923 2254 omnipotens
955 2184 1022 2238 ⁸ο.
1064 2201 1082 2235 ι
1122 2182 1288 2239 Recte
1314 2183 1529 2238 vocavit
1552 2184 1975 2252 omnipotentem

411 2276 710 2334 Christum.
741 2275 854 2330 Hoc
900 2275 1045 2331 enim
1091 2276 1248 2339 dixit,
1284 2278 1429 2345 quod
1473 2276 1690 2345 quidem
1723 2276 1975 2333 Christus

408 2365 717 2421 testabitur.
752 2363 1020 2420 Tribuens
1061 2364 1207 2419 enim
1250 2355 1662 2420 testimonium:
1702 2384 1719 2416 ι
1755 2362 1972 2432 Omnia,

408 2456 605 2526 inquit,
639 2455 772 2513 mihi
804 2456 1000 2518 tradita
1039 2466 1168 2514 sunt
1194 2473 1224 2511 a
1263 2455 1425 2510 Patre
1460 2457 1538 2521 5‘;
1579 2476 1598 2506 ι
1648 2465 1702 2510 et
1725 2458 1973 2512 omnium

406 2549 750 2605 dominatum
793 2557 968 2613 tenet;
1007 2550 1354 2619 omnipotens
1384 2566 1415 2604 a
1459 2548 1615 2604 Patre
1645 2551 1974 2608 constitutus

407 2648 493 2695 est
516 2638 786 2695 Christus.
834 2639 949 2694 lmo
983 2647 1037 2694 et
1076 2638 1280 2694 Paulus
1316 2638 1520 2693 docens
1546 2637 1727 2693 omnia
1756 2638 1807 2693 ei
1847 2640 1975 2695 data

360 2742 368 2750 '
403 2745 548 2796 esse,
600 2730 681 2787 sic
726 2730 864 2785 dixit
899 2748 912 2783 :
964 2750 983 2781 ‹
1018 2728 1278 2786 Primitiae
1317 2727 1600 2795 Christus;
1635 2728 1850 2797 deinde,
1880 2731 1975 2800 qui

406 2829 533 2878 sunt
566 2821 769 2876 Christi
812 2821 868 2875 in
901 2821 1191 2875 adventum
1234 2820 1387 2889 ejus;
1422 2828 1611 2890 postea
1652 2819 1800 2887 ﬁnis,
1848 2836 1973 2875 cum

404 2912 686 2969 tradiderit
718 2927 955 2980 regnum
1002 2910 1112 2967 Deo
1159 2920 1212 2968 et
1256 2911 1437 2979 Patri;
1479 2926 1602 2967 cum
1635 2899 1975 2968 evacuaverit

404 3020 622 3060 omnem
659 3004 1043 3075 principatum,
1080 3012 1139 3059 et
1167 3017 1384 3057 omnem
1421 3010 1742 3073 potestatem
1780 3012 1835 3057 et
1866 3002 1974 3056 vir-

405 3105 597 3153 tutem.
634 3097 857 3168 Oportet
903 3097 1045 3150 enim
1096 3094 1272 3164 ipsum
1309 3081 1554 3165 regnare,
1598 3092 1773 3149 donec
1807 3103 1975 3163 ponat

399 3206 597 3246 omnes
640 3191 892 3249 inimicos
943 3189 1044 3245 sub
1089 3187 1317 3259 pedibus
1350 3186 1484 3256 ejus.
1519 3184 1828 3242 Novissime
1874 3202 2012 3259 au-‘r

403 3291 510 3339 tem
545 3283 761 3338 inimica
796 3284 1107 3337 destruetur
1130 3295 1298 3335 mors.
1330 3278 1525 3334 Omnia
1554 3278 1698 3334 enim
1740 3280 1972 3351 subjecit

402 3375 502 3429 sub
542 3375 766 3444 pedibus
808 3374 945 3444 ejus.
978 3373 1114 3427 Cum
1162 3381 1343 3432 autem
1389 3372 1536 3426 dicat
1566 3390 1582 3427 :
1610 3369 1805 3426 Omnia
1835 3373 1969 3427 sub-

399 3465 542 3538 jecta
577 3474 705 3522 sunt
734 3465 817 3530 ei;
853 3465 971 3519 sine
999 3452 1166 3520 dubio
1214 3472 1409 3533 praiter
1439 3479 1563 3519 eum
1595 3465 1691 3534 qui
1741 3465 1973 3535 subjecit

400 3555 451 3609 ei
496 3555 700 3608 omnia.
728 3553 866 3608 Cum
899 3562 1076 3609 autem
1103 3554 1354 3633 gubjecta
1403 3552 1608 3609 fuerint
1651 3554 1729 3609 illi
1761 3555 1966 3621 omnia,

401 3652 534 3699 tunc
557 3652 610 3700 et
642 3645 755 3713 ipse
776 3643 948 3699 Filius
970 3644 1250 3714 subjectus
1274 3647 1376 3699 erit
1405 3645 1453 3699 ei
1483 3646 1576 3716 qui
1608 3646 1841 3716 subjecit
1864 3647 1967 3703 sibi

400 3736 606 3802 omnia,
633 3745 695 3791 ut
727 3736 797 3791 sit
819 3735 962 3791 Deus
984 3738 1168 3791 omnia
1208 3739 1262 3792 in
1294 3739 1547 3794 omnibus
1570 3739 1636 3796 ".
1673 3758 1693 3791 ι
1723 3739 1778 3794 Si
1803 3742 1969 3811 igitur

400 3828 585 3882 omnia
625 3827 866 3897 subjecta
898 3836 1026 3882 sunt
1058 3828 1107 3883 ei
1138 3838 1329 3898 praeter
1360 3845 1484 3885 eum
1516 3829 1611 3900 qui
1642 3831 1693 3886 ei
1735 3831 1966 3901 subjecit

396 3920 601 3983 omnia,
633 3921 877 3975 omnium
910 3927 1058 3975 tenet
1088 3920 1462 3987 dominatum;
1498 3921 1670 3990 ipsius
1706 3935 1834 3977 vero
1861 3923 1964 3977 do-

396 4013 660 4068 minatum
692 4020 837 4067 tenet
862 4013 1022 4068 Pater
1063 4031 1079 4068 :
1131 4023 1188 4066 ut
1224 4012 1278 4067 in
1326 4013 1583 4087 omnibus
1630 4028 1773 4069 unus
1823 4013 1965 4070 Deus

394 4107 720 4176 reperiatur,
770 4106 857 4162 cui
913 4106 1096 4162 omnia
1142 4105 1388 4176 subjecta
1439 4116 1568 4161 sunt
1622 4105 1784 4161 simul
1838 4121 1963 4161 eum

390 4199 630 4265 Christo,
663 4199 753 4254 cui
776 4199 959 4254 omnia
985 4198 1149 4254 Pater
1177 4199 1408 4269 subjecit
1435 4206 1628 4270 praeter
1656 4214 1717 4257 se
1756 4199 1956 4268 ipsum.

392 4287 507 4346 Hoc
536 4291 681 4347 enim
706 4291 968 4348 Christus
995 4292 1153 4358 dixit,
1184 4291 1327 4347 sicut
1355 4290 1411 4345 in
1440 4290 1735 4362 Evangelio
1767 4299 1822 4346 et
1852 4290 1963 4346 Pa-

393 4370 531 4441 trem
580 4402 737 4441 suum
765 4395 819 4441 et
863 4386 1033 4442 Deum
1063 4384 1350 4442 confessus
1379 4396 1484 4441 est.
1517 4386 1609 4440 Ait
1635 4387 1782 4441 enim
1830 4386 1909 4440 sic
1943 4404 1956 4439 :

392 4498 416 4530 4
455 4477 609 4533 Vado
650 4479 716 4533 ad
761 4477 977 4536 Patrem
1024 4494 1204 4535 meum
1232 4488 1288 4533 et
1329 4478 1545 4533 Patrem
1592 4486 1874 4544 vestrum;
1907 4485 1964 4531 et

2078 2015 2179 2062 πος
2222 1999 2509 2069 γενόμενος
2553 1998 2685 2061 Θεός
2729 1999 2875 2051 ἐστιν
2906 1999 2986 2062 είς
3019 1998 3146 2062 τοὺς
3200 1997 3423 2062 αἰῶνας.
3473 1995 3658 2061 Οὕτως

2074 2091 2183 2161 γὰρ
2214 2091 2308 2144 καὶ
2352 2090 2601 2161 Ἰωάννης
2626 2086 2776 2143 εἶπεν
2804 2088 2935 2160 (8l)°
2962 2109 2981 2140 ι
3036 2089 3095 2142 'O
3123 2087 3197 2143 ὣν
3222 2089 3315 2143 καὶ
3345 2091 3373 2142 6
3392 2084 3485 2161 ἦν.
3512 2089 3605 2143 καὶ
3629 2090 3658 2141 6

2076 2186 2387 2256 ἐρχόμενος,
2431 2184 2461 2236 6
2502 2184 2635 2247 Θεὸς
2675 2185 2704 2236 6
2745 2182 3154 2254 παντοκράτωρ.
3209 2200 3227 2234 ι
3273 2180 3468 2245 Καλῶς
3504 2177 3657 2234 εἶπεν

2075 2277 2486 2348 παντοκράτορα
2524 2275 2775 2347 Χριστόν.
2820 2274 2990 2328 Τοῦτο
3035 2273 3146 2345 γὰρ
3187 2269 3337 2326 εἶπεν
3392 2273 3529 2343 ὅπερ
3562 2274 3656 2327 καὶ

2074 2369 2223 2441 αὑτῷ
2263 2369 2600 2440 μαρτυρήσει
2638 2368 2666 2418 6
2714 2365 2968 2438 Χριστός.
3016 2363 3325 2437 Μαρτυρῶν
3373 2363 3484 2435 γὰρ
3520 2365 3657 2436 Χρι-

2077 2463 2200 2525 στὸς
2250 2460 2383 2532 ἔφη·
2436 2479 2454 2511 ι
2503 2460 2688 2514 Πάντα
2720 2474 2809 2529 μοι
2842 2455 3199 2528 παραδέδοται
3230 2455 3379 2528 παρὰ
3408 2454 3503 2508 τοῦ
3543 2456 3658 2509 Πα-

2074 2555 2227 2627 τρός·
2270 2574 2290 2607 ι
2329 2556 2422 2607 καὶ
2453 2554 2669 2608 πάντων
2701 2553 2913 2623 κρατεῖ,
2940 2549 3338 2620 παντοκράτωρ
3366 2548 3516 2620 παρὰ
3546 2549 3657 2603 Πα-

2073 2648 2200 2720 τρὸς
2248 2645 2553 2715 κατεστάθη
2598 2642 2849 2716 Χριστός.
2908 2640 3045 2711 Ἤδη
3077 2640 3133 2693 δὲ
3182 2639 3276 2693 καὶ⁵
3313 2639 3524 2704 Παῦλος
3548 2639 3655 2692 δει-

2074 2741 2237 2802 κνὺς,
2282 2740 2364 2791 ὅτι
2416 2738 2593 2790 πάντα
2646 2734 2795 2805 αὑτῷ
2850 2733 3228 2805 παραδέδοται’
3285 2730 3459 2796 θῦτως
3512 2730 3648 2801 ἔφη.

2081 2850 2098 2881 ι
2152 2825 2397 2898 Ἀπαρχὴ
2449 2823 2703 2897 Χριστὸς,
2735 2823 2924 2875 ἔπειτα
2968 2820 3018 2873 οἱ
3067 2819 3160 2873 τοῦ
3209 2818 3446 2891 Χριστοῦ
3492 2820 3548 2871 έν
3582 2821 3649 2889 τῇ

2075 2920 2346 2992 παρουσίᾳ
2367 2914 2551 2970 αὑτοῦ·
2579 2912 2696 2968 εἶτα
2718 2915 2778 2968 τὸ
2804 2913 2952 2977 τέλος
2971 2913 3098 2966 ὅταν
3131 2909 3405 2982 παραδιδῷ
3436 2910 3534 2982 τὴν
3557 2908 3659 2980 βα·-

2076 3011 2277 3064 σιλείαν
2320 3008 2398 3080 τῷ
2432 3005 2546 3078 Θεῷ
2593 3007 2688 3061 καὶ
2713 3006 2889 3077 Πατρί
2914 3022 2927 3035 ·
2960 3005 3088 3058 ὅταν
3115 3004 3438 3077 καταργήσῃ
3469 3004 3649 3056 πᾶσαν

2073 3102 2246 3174 ἀρχὴν
2271 3101 2365 3155 καὶ
2393 3101 2573 3153 πᾶσαν
2616 3095 2865 3163 ἐξουσίαν
2885 3098 2983 3151 καὶ
3013 3095 3267 3166 δύναμιν.’
3292 3096 3384 3147 Δεῖ
3412 3093 3520 3166 γὰρ
3552 3094 3652 3148 αὑ-

2074 3195 2165 3249 τὸν
2209 3192 2509 3265 βασιλεύειν
2559 3191 2716 3262 ἄχρις
2766 3184 2827 3245 οῦ
2883 3189 2948 3260 θῇ
3003 3191 3215 3253 πάντας
3260 3190 3385 3253 τοὺς
3425 3186 3651 3258 ἐχθροὺς

2073 3287 2179 3341 ὑπὸ
2205 3287 2330 3349 τοὺς
2362 3285 2532 3347 πόδας
2562 3280 2747 3335 αὑτοῦ.
2775 3283 3040 3353 Ἐσχατος
3066 3281 3258 3352 ἐχθρὸς
3288 3280 3651 3351 καταργεῖται

2070 3383 2098 3435 6
2131 3379 2376 3442 θάνατος.
2422 3377 2607 3431 Πάντα
2652 3373 2760 3446 γὰρ
2794 3373 3159 3427 ὑποτέτακται
3194 3372 3363 3445 αὑτῷ.
3394 3372 3566 3425 Ὅταν
3589 3368 3652 3445 δὲ

2070 3473 2228 3544 εἴπῃ·
2258 3471 2441 3524 Πάντα
2470 3467 2834 3521 ὑποτέτακται
2869 3464 3041 3536 αὐτῷ,
3069 3465 3226 3535 δῆλον
3256 3465 3339 3518 ὅτι
3369 3463 3525 3526 ἐκτὸς
3554 3459 3649 3515 τοῦ

2071 3563 2436 3629 ὑποτάξαντος
2462 3557 2618 3629 αὑτῷ
2645 3559 2714 3612 τά
2742 3559 2937 3612 πάντα.
2965 3557 3099 3611 Τότε
3127 3558 3223 3612 καὶ⁵
3257 3558 3416 3620 αὑτὸς
3449 3556 3653 3609 ὑποτα-

2071 3657 2299 3728 γήσεται
2319 3652 2398 3723 τῷ
2423 3649 2749 3715 ὑποτάξαντι
2777 3648 2925 3720 αὑτῷ
2949 3648 3019 3703 τὰ
3054 3649 3248 3715 πάντα,
3286 3641 3426 3719 ἴναῇ
3454 3646 3483 3697 6
3515 3642 3646 3704 Θεὸς

2069 3748 2247 3802 πάντα
2294 3748 2353 3799 ὲν
2398 3745 2584 3797 πᾶσιν.
2635 3760 2653 3794 ι
2688 3742 2752 3794 Et
2795 3736 2886 3795 οὖν
2932 3739 3004 3794 τά
3055 3741 3232 3795 πάντα
3280 3737 3644 3791 ὑποτέτακται

2067 3840 2218 3912 αὑτῷ
2246 3838 2402 3902 ἐκτὸς
2430 3835 2523 3890 τοῦ
2552 3834 2939 3900 ὑποτάξαντος,
2988 3832 3205 3887 πάντων
3238 3831 3448 3901 κρατεῖ,
3477 3824 3643 3882 αὑτοῦ

2066 3931 2122 3985 δὲ
2153 3931 2181 3983 6
2204 3929 2421 4001 Πατήρ·
2452 3926 2538 3979 ἵνα
2562 3927 2619 3978 ὲν
2654 3924 2817 3977 πᾶσιν
2844 3916 2924 3987 εἷς
2948 3920 3079 3984 Θεὸς
3108 3921 3272 3991 φανῇ,
3294 3912 3339 3987 ᾧ
3370 3917 3441 3972 τὰ
3465 3917 3644 3971 πάντα

2067 4020 2431 4074 ὑποτάσσεται
2471 4016 2585 4088 ἅμα
2622 4013 2863 4088 Χριστῷ,
2910 4006 2954 4080 ᾧ
2981 4011 3051 4066 τά
3089 4011 3266 4066 πάντα
3295 4009 3483 4082 Πατὴρ
3514 4008 3642 4063 ὑπέ-

2064 4109 2224 4178 ταξεν
2274 4109 2448 4181 παρὲξ
2496 4107 2709 4162 ἑαυτοῦ.
2758 4106 2927 4160 Τοῦτο
2968 4104 3076 4178 γάρ
3126 4103 3360 4177 Χριστὸς
3407 4102 3532 4174 ἔφη,
3569 4102 3644 4167 ὡς

2065 4206 2123 4257 ὲν
2157 4202 2235 4273 τῷ
2281 4200 2599 4271 Εὑαγγελίῳ
2633 4201 2726 4253 καὶ
2760 4199 2982 4271 Πατέρα
3018 4197 3147 4250 ἴδιον
3198 4195 3295 4249 καὶ
3326 4194 3459 4248 Θεὸν
3496 4195 3642 4265 ὡμο-

2063 4294 2310 4365 λόγησεν.
2362 4292 2527 4360 Λέγει
2576 4289 2685 4362 γὰρ
2735 4288 2943 4352 οὕτως·
2997 4306 3017 4339 ι
3088 4286 3317 4354 Ὑπάγω
3366 4285 3503 4357 πρὸς
3546 4283 3641 4336 τὸν

2063 4387 2283 4458 Πατέρα
2332 4402 2435 4456 μου
2470 4384 2565 4436 καὶ
2600 4382 2820 4453 Πατέρα
2869 4380 3054 4453 ὑμῶν,
3091 4380 3184 4433 καὶ
3228 4379 3359 4433 Θεόν
3411 4394 3513 4449 μου
3544 4376 3639 4429 καὶ

2062 4474 2194 4529 Θεῖω
2223 4474 2397 4546 ὑμῶν.
2433 4492 2452 4524 ι
2483 4474 2546 4526 Et
2567 4468 2661 4525 06v
2689 4472 2896 4542 Νόητος
2919 4470 3092 4542 τολμᾷ
3119 4471 3297 4539 λέγειν
3319 4468 3479 4523 αὑτὸν
3499 4462 3664 4520 εἶναι’

390 4567 561 4623 Deum
592 4583 770 4623 meum
801 4576 855 4622 et
884 4567 1050 4623 Deum
1082 4577 1322 4624 vestrum
1351 4568 1420 4622 ⁵³.
1455 4589 1474 4619 ι
1512 4568 1566 4623 Si
1598 4584 1727 4640 ergo
1754 4568 1958 4624 Noetus

2072 4568 2153 4622 τὸν
2185 4566 2426 4639 Πατέρα,
2448 4565 2585 4636 πρὸς
2608 4567 2756 4618 ποῖον
2781 4564 3000 4636 Πατέρα
3026 4565 3141 4636 ἐρεῖ
3169 4557 3491 4634 πορεύεσθαι
3513 4559 3640 4627 Χρι-

388 4663 553 4716 audet
581 4660 783 4729 dicere,
807 4662 981 4727 ipsum
1011 4676 1135 4720 esse
1174 4660 1421 4729 Patrem;
1453 4663 1520 4717 ad
1550 4678 1710 4732 quem
1742 4662 1955 4717 Patrem

2072 4661 2190 4714 στὸν
2224 4657 2364 4712 κατὰ
2394 4657 2493 4727 τὴν
2520 4656 2878 4727 εὐαγγελικὴν
2917 4657 3097 4727 φωνήν
3123 4672 3137 4720 ;
3167 4654 3232 4707 Εἰ
3274 4653 3331 4735 δὲ
3362 4652 3503 4719 ἀξιοῖ
3534 4669 3637 4705 xu.-

458 4805 684 4861 “Joan.
718 4821 756 4871 ι,
786 4805 873 4859 18.
976 4803 1021 4835 ⁸⁷
1056 4802 1211 4860 Joan.
1239 4820 1321 4868 ιιι,
1350 4805 1436 4871 ll,
1468 4807 1554 4860 l5.
1630 4806 1673 4839 ⁸⁸
1711 4805 1871 4863 Rom.
1925 4824 1969 4863 nl

2074 4806 2128 4860 5.
2205 4804 2249 4836 δθ
2279 4801 2430 4856 Matt.
2498 4814 2573 4865 ιι,
2603 4799 2693 4852 9.7.
2773 4800 2825 4871 5°_
2850 4782 3017 4869 Apoc.
3061 4814 3099 4857 ι.
3123 4795 3176 4850 8.
3254 4796 3298 4827 ἰ
3329 4793 3520 4861 Matth.
3556 4726 3655 4863 ιιι,Ι

383 4876 475 4933 27.
552 4877 597 4909 "
631 4878 651 4929 Ι
675 4875 804 4931 Cor.
835 4891 921 4939 xv,
950 4874 1138 4929 25-28.
1215 4875 1260 4907 ⁵³
1289 4875 1448 4930 Joan.
1478 4894 1571 4940 xx,
1609 4879 1696 4931 l7.
2803 4876 2808 4884 ’

383 4995 587 5068 sepbus
613 4994 712 5068 lib.
742 4995 951 5068 Aulim,
982 5010 1104 5064 pag.
1130 4995 1219 5061 ⁵55,
1244 4994 1465 5068 exponit
1495 4995 1584 5050 τὸν
1625 4997 1950 5051 ἀντιστάντα

2072 4991 2348 5068 ῥηίιρριει.
2369 4991 2420 5055 1,
2451 4949 2779 5068 Cotelerium
2830 4996 2869 5041 t.
2904 4986 2926 5068 l_
2950 4986 3084 5066 .PP.
3130 4985 3378 5068 opust-01.,
3407 4944 3477 5055 ρΪ
3496 4982 3654 5068 ἵεζίξξ

340 5103 346 5108 -
381 5056 600 5139 ἀγγέλῳ
630 5064 803 5135 θείῳ),
837 5056 1089 5139 εἰ*ῡὲυῶ
1122 5083 1136 5119 :
1171 5056 1688 5139 unde;Moyse_ipso
1730 5076 1953 5122 auctore
2056 5056 2417 5139 {n.Dallgeum
2441 5061 2513 5115 De
2527 5056 3483 5139 pssitdepigraphisAapostolici‘srhpag.
3512 5056 3633 5119 {89;

336 5190 340 5195 .
380 5135 581 5194 Genes.
625 5151 800 5203 χχιιι,
845 5135 937 5201 9.5,
993 5136 1417 5205 interpretantur
1443 5135 1633 5205 ’aliii
1688 5139 1952 5193 adversus

341 5209 553 5279 :Deu_m
589 5206 765 5279 fortis,
810 5225 830 5257 ι
873 5206 1056 5279 ειρχων
1085 5204 1221 5279 πρὸς
1250 5206 1400 5279 Θεόν·
1442 5205 1516 5259 ita
1566 5204 1949 5279 Symmachus.

341 5275 453 5337 ξΑι
479 5276 811 5349 Eucherius,
835 5294 854 5328 ι
881 5275 1312 5349 Princepscum
1354 5275 1487 5349 Deo.
1535 5295 1553 5328 ι
1584 5277 1776 5349 Aquila
1784 5277 1954 5349 λάρ-

337 5351 355 5368 '
377 5364 493 5419 χων
523 5346 660 5419 μετὰ
681 5346 845 5419 Θεοῦ.
881 5346 958 5401 lta
980 5354 1043 5419 et
1058 5346 1247 5403 Gallus
1275 5346 1561 5419 confessor
1577 5361 1630 5415 p.
1658 5346 1751 5401 ’18.
1782 5346 1955 5419 Theo-

378 5415 566 5474 dotio'n
596 5429 650 5473 et
679 5416 843 5483 LXX,
866 5417 1151 5489 ἐνισχῦσας
1182 5417 1319 5489 μετὰ
1337 5416 1491 5489 Θεοῦ.
1530 5415 1841 5489 Symmachi
1869 5418 1954 5489 in-

379 5433 566 5474 oouon
596 5433 650 5473 et
679 5433 843 5483 mu,
866 5433 1151 5488 ενισχυσας
1182 5433 1319 5489 μετα
1337 5433 1491 5472 υεου.
1530 5433 1568 5470 δ
1608 5433 1841 5472 mmacni
1869 5433 1950 5470 m-

379 5490 823 5560 terpretationem
849 5487 1434 5560 probat_Hieronymus
1465 5488 1532 5560 in_
1551 5433 1753 5553 (Euam.
1785 5487 1950 5560 Hebr.

381 5557 531 5613 Idem
562 5559 618 5614 in
649 5560 753 5614 lsa.
790 5557 956 5614 xm:
1001 5579 1020 5611 ι
1053 5557 1292 5629 Proprie
1300 5560 1456 5629 juxta
1490 5557 1746 5629 Hebraeos
1780 5567 1834 5612 et
1860 5558 1951 5611 lit-

381 5639 621 5684 terarum
669 5630 830 5686 tidem
879 5629 1048 5685 Israel
1089 5628 1381 5694 εὐθύτατος
1430 5628 1590 5691 Θεοῦ,
1641 5640 1814 5717 rectus
1855 5630 1952 5682 Dei

370 5710 456 5781 ‘m
485 5729 597 5780 πων
629 5722 844 5778 dicitur.
912 5721 1003 5777 Vir
1048 5732 1227 5777 autem
1281 5723 1458 5779 videns
1500 5723 1691 5785 Deum,
1732 5710 1851 5775 'non
1894 5722 1950 5775 in

379 5793 680 5856 elementis,
709 5794 802 5847 sed
825 5794 877 5846 in
906 5809 1043 5848 sono
1063 5794 1209 5847 vocis
1233 5805 1334 5847 est.
1362 5812 1381 5844 ι
1402 5793 1603 5848 Confer
1628 5792 1880 5845 Drusium
1909 5807 1971 5844 η’

382 5862 770 5929 Animadvers.,
803 5879 853 5917 c.
893 5862 994 5929 9.7;
1037 5862 1362 5918 Frontonem
1406 5861 1660 5918 Ducaeum
1695 5863 1761 5917 ad
1802 5861 1949 5945 Pau-

2062 5132 2453 5190 Combeﬁsium
2484 5127 2637 5185 ad-S.
2672 5127 2964 5188 Marinium
2995 5136 3032 5181 t.
3061 5128 3077 5179 Ι
3109 5143 3233 5197 pag.
3265 5127 3388 5181 685.
3413 5127 3630 5197 Fannia.

2064 5203 2246 5328 “(7:9)
2315 5201 2378 5258 '0
2428 5201 2588 5268 παῖς.
2650 5219 2669 5251 ι
2729 5198 2922 5263 Filius,
2968 5215 2987 5248 ι
3038 5195 3293 5252 αι’ίιιῐνα
3348 5211 3467 5265 cap.
3524 5195 3635 5245 7cl

2136 5313 2151 5327 .
2211 5290 2267 5327 n.

2135 5363 2243 5438 (ξὺ)
2271 5363 2574 5438 ᾼαμπρόν.
2596 5358 2876 5438 interpres
2901 5356 3028 5438 legit
3052 5355 3339 5438 λαμπρῶς.
3373 5355 3451 5407 In.
3470 5420 3552 5438 ’μ
3592 5420 3604 5432 .

2134 5420 2245 5505 (εὐ
2270 5420 2543 5505 ἰωἱίνὶηης
2562 5420 3189 5505 εζπενξρυοᾴἶοιιηηέε
3210 5420 3263 5480 in
3286 5420 3629 5505 Apocalypsi,

2063 5497 2182 5573 cap.
2215 5497 2253 5568 ι’,
2287 5504 2361 5573 ait
2397 5519 2411 5556 :
2450 5520 2467 5552 ‹
2499 5497 2611 5573 Qui
2641 5508 2827 5573 estLet
2854 5500 2947 5569 qui
2980 5506 3120 5557 erat.
3144 5506 3199 5550 et
3219 5497 3329 5573 _qui
3368 5503 3633 5573 venturus

2061 5561 2173 5640 est;
2230 5561 2250 5625 ἱ
2292 5571 2495 5627 Paulus
2517 5561 2613 5625 i'ait
2642 5571 2706 5624 ad
2732 5561 2896 5623 'Roni'.
2930 5585 3049 5635 cap.
3096 5582 3175 5640 rx,
3206 5561 3289 5640 ξε
3327 5581 3347 5615 ι
3400 5561 3543 5614 Deus
3575 5561 3632 5614 in

2063 5635 2281 5700 saecula.
2335 5663 2354 5695 ι
2399 5641 2623 5710 Propter
2648 5641 2982 5710 divinitatem
3021 5639 3164 5693 enim
3200 5635 3349 5710 Deus
3379 5641 3505 5686 aute
3529 5647 3635 5687 sa:-

2060 5715 2204 5779 cula,
2232 5725 2286 5768 et
2305 5706 2524 5781 propter
2548 5726 2766 5765 carnem
2798 5710 2941 5782 Deus
2972 5709 3026 5763 in
3053 5706 3248 5782 smeula
3282 5723 3295 5759 :
3329 5713 3385 5758 et
3409 5712 3634 5782 propter

2058 5777 2470 5838 dit'iiiitatenfet
2486 5796 2725 5842 carnem,
2744 5781 2836 5849 qui
2859 5787 3037 5849 est,‘ct
3057 5777 3149 5845 qui
3168 5784 3371 5849 eral.,_et
3393 5777 3486 5842 qui
3501 5786 3636 5826 ven-

2058 5863 2213 5911 turus
2243 5862 2345 5923 est,
2373 5853 2513 5922 Dcus
2533 5845 2904 5925 omnipotens.
2940 5847 3270 5920 F‘nmcrscus
3297 5845 3631 5899 'fu‘anunns.
