4134 6370
508 349 611 404 855

1650 342 1927 399 CONTRA
1959 337 2282 398 HERESIN
2321 339 2544 397 ΝΟΕΤΙ.

3634 343 3739 398 RM

508 466 860 542 ταλείψαντας
917 471 1060 542 ἡμᾶς
1107 470 1166 523 τὸ
1223 468 1570 537 Εὐαγγέλιον,
1600 471 1666 538 τῇ
1696 467 1859 520 αὑτοῦ
1903 466 2066 536 ἀφρο-

2169 461 2312 518 dicet
2337 463 2414 518 ire
2438 462 2717 519 Christum
2757 464 3054 519 secundum
3082 477 3268 518 vocem
3291 461 3610 534 Evangelii?
3638 462 3734 518 Sin

410 586 416 593 ·
512 561 644 635 σύνῃ
690 563 981 626 πιστεύειν,
1033 561 1207 631 μάτην
1255 559 1496 630 κάμνει·
1550 577 1567 610 ι
1620 559 1928 630 πειθαρχεῖν
1965 557 2072 627 γὰρ

509 655 588 707 δεῖ
619 654 736 724 Θεῷ
773 654 977 726 μᾶλλον
1078 653 1404 724 ἀνθρώποις.
1453 671 1470 701 ι

594 827 716 880 Ἐὰν
761 828 816 881 δὲ
857 827 1030 894 λέγει·
1066 827 1235 888 Αὐτὸς
1263 821 1438 877 εἶπεν·
1475 843 1493 876 ι
1537 823 1679 892 Ἐγὼ
1708 826 1798 876 καὶ
1821 829 1848 877 6
1884 825 2072 894 Πατὴρ

509 919 568 970 ἓν
594 919 758 987 ἐσμεν
783 934 795 946 ·
833 937 851 968 ι
882 918 1212 970 ὲπιστανέτω
1234 917 1326 969 τὸν
1357 914 1477 969 νοῦν
1504 918 1597 969 καὶ
1627 915 1956 985 μανθανέτω,
1991 917 2072 968 ὅτι

509 1011 608 1063 οὐκ
631 1005 798 1074 εἶπεν,
829 1010 908 1061 ὅτι
934 1028 952 1060 ι
977 1007 1113 1078 Ἐγὼ
1135 1009 1226 1062 καὶ
1243 1009 1270 1060 6
1293 1009 1475 1080 Πατὴρ
1499 1007 1554 1060 ἓν
1579 1010 1714 1078 εἰμι,
1751 1028 1767 1058 ι
1800 1007 1934 1062 ἀλλά
1967 1026 1985 1058 ι
2013 1007 2072 1059 ἓν

510 1104 695 1170 ἐσμεν.
757 1119 776 1152 ι
826 1100 899 1152 T6
939 1099 1046 1171 γὰρ
1079 1119 1096 1150 ι
1133 1099 1297 1170 ἐσμὲν
1329 1101 1487 1153 »Ὃὺκ
1533 1099 1616 1170 ἐφ’
1664 1099 1780 1162 ἐνὸς
1831 1097 2070 1166 λέγεται,

510 1193 626 1246 ἀλλ’
659 1193 750 1245 ιπι
778 1192 870 1246 δύο
915 1193 1176 1263 πρόσωπα
1207 1173 1423 1258 εδεῐξεν,
1457 1192 1680 1262 δύναμιν
1701 1193 1757 1245 δὲ
1789 1192 1933 1264 μίαν.
1969 1193 2073 1244 Αὐ-

507 1282 597 1350 τδς
624 1286 678 1338 δὲ
706 1286 836 1340 αὐτὸ
871 1287 1138 1340 ἀπέλυσεν
1173 1286 1339 1341 εἰπὼν
1371 1289 1498 1356 περὶ
1529 1287 1783 1359 μαθητῶν
1817 1290 1950 1360 πρὸς
1978 1291 2070 1343 τὸν

509 1378 724 1449 Πατέρα
744 1395 757 1408 ·
799 1398 816 1430 ι
853 1380 962 1449 Τὴν
987 1380 1142 1445 δόξαν
1171 1381 1235 1450 ἢν
1285 1380 1489 1444 ἔδωκάς
1520 1398 1628 1452 μοι,
1665 1381 1836 1434 ἔδωκα
1867 1382 2067 1445 αὐτοῖς,

507 1469 594 1524 ἶνα
627 1465 756 1523 ὦσιν
804 1470 882 1533 ἓν,
917 1470 1097 1534 καθὼς
1139 1474 1298 1542 ἡμεῖς
1341 1473 1419 1526 ἓν.
1462 1473 1600 1542 Ἐγὼ
1641 1475 1698 1524 ὲν
1748 1473 1948 1536 αὐτοῖς,
1979 1475 2070 1526 καὶ

509 1563 572 1614 σὺ
601 1563 658 1613 ὲν
686 1563 827 1632 ἐμοί,
871 1563 956 1615 ἵνα
986 1557 1115 1616 ὦσιν
1144 1564 1544 1634 τετελειωμένοι
1575 1566 1655 1628 εἰς
1683 1564 1760 1625 ἓν,
1796 1565 1881 1617 ἵνα
1910 1565 2072 1632 γινώ-

508 1670 612 1724 σκῃ
644 1656 672 1707 6
704 1653 904 1724 κόσμος
927 1655 1006 1708 ὅτι
1041 1655 1103 1707 σύ
1135 1673 1200 1726 με
1228 1656 1568 1720 ἀπέστειλας.
1601 1675 1618 1707 ι
1649 1657 1713 1708 Τί
1739 1658 1873 1728 πρὸς
1898 1658 2070 1711 ταῦτα

506 1741 687 1816 ἔχουσι
745 1747 919 1816 λέγειν
966 1749 1015 1800 οἱ
1065 1747 1390 1818 Νοητιανοί;
1435 1748 1526 1817 Μὴ
1569 1747 1768 1812 πάντες
1809 1749 1866 1800 ἓν
1912 1748 2071 1819 σῶμά

505 1835 652 1888 ἐστιν
679 1835 817 1888 κατά
849 1839 944 1908 τὴν
971 1837 1177 1898 οὐσίαν,
1209 1837 1242 1908 ἢ
1271 1840 1334 1908 τῇ
1368 1837 1590 1908 δυνάμει
1615 1841 1710 1891 καὶ
1736 1843 1802 1910 τῇ
1832 1839 2068 1892 διαθέσει

505 1927 604 1998 τῆς
655 1927 981 1999 ὁμοφρονεας
1024 1927 1081 1980 ἓν
1126 1928 1416 2000 γινόμεθα;
1449 1929 1552 1983 Τὸν
1584 1929 1743 1984 αὐτὸν
1771 1931 1833 2000 δὴ
1872 1931 2072 2002 τρόπον

505 2018 534 2068 6
567 2021 695 2083 παῖς
741 2021 850 2091 (89.)
889 2023 916 2074 6
945 2019 1211 2091 πεμφθεὶς
1243 2021 1336 2074 καὶ
1362 2021 1453 2074 ὑπ’
1485 2021 1664 2074 αὐτῶν
1697 2022 1770 2092 μὴ
1813 2022 2072 2091 γινωσκό-

508 2129 665 2182 μενος
691 2113 856 2167 δντων
886 2115 942 2166 ὲν
971 2114 1180 2186 κόσμῳ,
1213 2113 1563 2185 ὡμολόγησεν
1592 2109 1729 2167 εἶναι
1763 2117 1820 2168 ὲν
1849 2114 1926 2185 τῷ
1960 2116 2071 2167 Πα-

503 2204 592 2274 τρὶ
627 2203 851 2276 δυνάμει
899 2205 1037 2277 [καὶ]
1069 2205 1300 2259 διαθέσει
1346 2205 1476 2275 (85).
1519 2199 1614 2268 Εἷς
1654 2203 1760 2276 γὰρ
1805 2204 1928 2268 νοῦς
1961 2206 2070 2259 Πα-

504 2294 630 2364 τρὺς
678 2296 707 2348 6
756 2299 883 2360 παῖς
933 2297 1062 2368 (84).
1109 2298 1172 2350 Οἱ
1235 2295 1364 2349 νοῦν
1419 2296 1631 2366 Πατρδς
1677 2295 1890 2366 ἔχοντες
1930 2296 2070 2349 οὕτω

507 2386 862 2458 πιστεύομενο
895 2391 942 2441 οἱ
971 2389 1028 2442 δὲ
1055 2389 1144 2441 τὸν
1185 2388 1304 2442 νοῦν
1336 2389 1411 2459 μὴ
1443 2387 1656 2458 ἔχοντες
1678 2388 1766 2440 τὸν
1805 2388 1930 2441 Υξδν
1970 2389 2069 2460 ἥρ-

505 2496 710 2550 νηνται.
731 2481 792 2533 Εἰ
805 2480 862 2534 δὲ
881 2481 974 2534 καὶ
985 2481 1247 2534 Φίλιππον
1262 2483 1541 2552 ἐπερωτᾷν
1557 2499 1623 2534 πε
1631 2480 1685 2552 pi
1701 2481 1812 2532 Πατ
1819 2481 1909 2552 ρος
1926 2481 2066 2552 (sic),

506 2571 776 2640 βούλοιντο
814 2573 1021 2642 λέγειν’
1071 2592 1088 2624 ι
1144 2575 1325 2641 Δεῖξον
1376 2577 1508 2645 ἡμῖν
1549 2572 1639 2626 τὸν
1686 2571 1932 2644 Πατέρα,
1977 2572 2069 2626 xui.

503 2664 664 2735 ἀρκεῖ
691 2666 821 2735 ἡμῖν
843 2682 856 2694 ·
895 2684 914 2716 ι
957 2665 1092 2736 πρὸς
1127 2665 1185 2718 ὃν
1233 2665 1502 2736 ἀπεκρίθη
1549 2666 1577 2716 6
1607 2663 1828 2735 Κύριος,
1859 2663 2064 2732 λέγων’

510 2773 529 2806 ι
569 2755 830 2809 Τοσοῦτον
859 2757 1045 2826 χρόνον
1075 2757 1190 2827 μεθ’
1220 2757 1373 2827 ὑμῶν
1402 2758 1536 2826 εἰμι,
1562 2755 1815 2818 Φίλιππε,
1855 2755 1947 2807 xui.
1970 2754 2069 2807 οὐκ

503 2844 747 2913 ἔγνωκάς
794 2864 888 2916 με’
920 2849 948 2900 6
987 2846 1246 2918 ἑωρακὼς
1294 2847 1412 2916 ἐμὲ,
1445 2844 1654 2918 ἑώρακε
1693 2846 1783 2898 τὸν
1827 2844 2065 2917 Πατέρα.

504 2939 577 2990 Οὐ
609 2939 880 3002 πιστεύεις
923 2940 1004 2992 ὅτι
1034 2938 1144 3008 ἐγὼ
1177 2941 1234 2994 ἐν
1265 2939 1342 3010 τῷ
1382 2939 1574 3008 Πατρι,
1604 2937 1698 2992 καὶ
1738 2938 1766 2989 6
1794 2937 1982 3008 Πατὴρ
2011 2939 2069 2990 ὲν

505 3031 624 3100 ἐμοί
644 3033 820 3095 έστιν;
859 3051 877 3082 ι
911 3031 1004 3084 καὶ
1025 3030 1233 3084 θέλουσι
1255 3030 1456 3097 λέγειν,
1489 3028 1576 3082 διὰ
1595 3027 1780 3082 τούτου
1807 3028 2068 3100 κρατύνε-

2175 569 2303 610 vero
2328 555 2446 608 vult
2467 563 2528 610 ut
2554 555 2745 611 relicto
2777 553 3091 625 Evangelia,
3121 555 3372 608 amentiae
3397 556 3517 624 ejus
3547 555 3736 610 creda-

2177 659 2320 705 rnus,
2349 643 2559 701 frustra
2590 646 2801 702 laborat
2828 665 2840 701 :
2873 664 2890 696 ί
2929 645 3153 714 Oportet
3192 647 3335 700 enim
3371 646 3590 703 obedire
3620 664 3738 701 ma-

2187 734 2269 804 gis
2293 733 2402 789 Deo
2430 752 2592 804 quam
2632 737 2948 792 hominibus
2979 737 3041 789 ⁵⁸.
3087 756 3103 788 ι

2251 824 2362 879 Vll.
2399 827 2456 881 Si
2490 838 2670 884 autem
2709 829 2894 883 dicat:
2927 826 3046 896 Ipse
3081 827 3214 882 dixit
3257 847 3269 882 :
3306 847 3324 878 ι
3356 826 3470 898 Ego
3492 837 3547 884 et
3574 828 3737 885 Pater

2176 933 2344 971 unum
2392 934 2584 976 sumus
2629 921 2706 988 ⁸⁸;
2746 939 2764 973 ι
2804 920 3050 974 advertat
3079 920 3344 986 animum,
3383 931 3436 976 et
3470 923 3737 993 intelligat

2174 1011 2316 1081 quod
2353 1027 2459 1066 non
2498 1011 2678 1068 dixit:
2711 1031 2729 1064 ‹
2764 1010 2878 1078 Ego
2905 1021 2960 1066 et
2995 1010 3153 1068 Pater
3187 1028 3356 1066 unum
3387 1028 3540 1080 sum;
3579 1033 3598 1066 ι
3640 1016 3734 1070 sed

2180 1122 2198 1154 ι
2230 1119 2395 1156 unum
2432 1119 2640 1160 sumus.
2679 1122 2698 1155 ι
2736 1102 2869 1158 Illud
2902 1107 3072 1168 enim,
3102 1123 3121 1155 ‹
3153 1119 3362 1167 sumus,
3401 1124 3419 1156 ι
3451 1121 3558 1161 ηοη
3593 1107 3735 1162 diei-

2175 1201 2264 1247 tur
2301 1193 2369 1248 de
2405 1211 2550 1261 uno;
2581 1193 2677 1249 sed
2701 1194 2782 1250 sic
2817 1195 2974 1261 dixit,
3005 1195 3130 1265 quia
3171 1195 3308 1250 duas
3355 1210 3616 1265 personas
3643 1197 3736 1253 de-

2173 1288 2515 1353 monstravit,
2547 1303 2711 1342 unam
2741 1296 2919 1343 autem
2953 1289 3274 1358 potentiam,
3301 1287 3415 1344 sive
3454 1290 3733 1347 virtutem.

2173 1377 2292 1446 Ipse
2322 1377 2427 1432 hoc
2459 1378 2772 1446 explicavit,
2815 1393 2938 1432 cum
2963 1379 3100 1433 dixit
3125 1379 3191 1434 de
3222 1377 3504 1449 discipulis
3529 1381 3594 1434 ad
3625 1379 3732 1436 Pa-

2171 1479 2307 1524 trem
2342 1489 2355 1525 :
2395 1490 2412 1521 ι
2458 1470 2694 1526 Gloriam
2739 1487 2902 1540 quam
2944 1471 3136 1525 dedisti
3185 1471 3338 1537 mihi,
3373 1472 3493 1526 dedi
3528 1473 3736 1539 eis;ut

2174 1561 2283 1615 sint
2308 1577 2497 1627 unum,
2531 1563 2670 1616 sicut
2695 1577 2794 1616 nos
2823 1577 2990 1615 unum
3021 1576 3232 1615 sumus.
3265 1560 3376 1632 Ego
3407 1561 3460 1616 in
3498 1563 3648 1632 ipsis,
3679 1573 3735 1617 et

2171 1663 2230 1708 tu
2274 1655 2327 1709 in
2366 1670 2450 1709 me
2477 1673 2490 1722 ;
2521 1664 2580 1709 ut
2612 1655 2721 1710 sint
2749 1654 2968 1724 perfecti
3015 1655 3069 1708 in
3103 1669 3300 1718 unum;
3334 1663 3392 1709 ut
3441 1664 3735 1726 cegnoscat

2173 1747 2409 1802 mundus
2440 1747 2583 1816 quod
2630 1756 2687 1800 tu
2720 1761 2805 1800 me
2841 1745 3036 1800 misisti
3064 1746 3132 1800 ⁵⁸.
3175 1764 3193 1796 ι
3235 1744 3374 1812 Quid
3401 1747 3467 1800 ad
3507 1747 3622 1802 hac
3643 1747 3731 1800 di-

2170 1853 2293 1894 cere
2322 1847 2552 1908 possunt
2580 1836 2873 1892 Noetiani?
2903 1834 3161 1906 Nunquid
3192 1851 3382 1892 omnes
3411 1853 3581 1892 unum
3608 1851 3732 1892 cor-

2169 1945 2272 1998 pus
2293 1940 2418 1984 sunt
2441 1930 2739 1985 secundum
2763 1929 3172 1986 substantiam?
3203 1943 3272 1984 an
3304 1943 3429 1984 vero
3465 1937 3732 1998 potestate

2169 2029 2224 2074 et
2244 2021 2525 2076 aﬂectione
2556 2021 2931 2077 consensionis
2956 2029 3014 2076 et
3040 2021 3348 2076 concordiae
3372 2037 3537 2076 unum
3569 2020 3734 2076 cilici-

2172 2111 2331 2166 mur?
2371 2113 2450 2167 Ad
2483 2114 2731 2167 eumdem
2774 2111 2997 2166 modum
3028 2127 3164 2182 puer
3192 2112 3416 2177 missus,
3443 2123 3495 2167 et
3524 2113 3590 2168 iis
3635 2113 3730 2182 qui

2171 2203 2226 2257 in
2261 2203 2462 2258 mundo
2495 2213 2650 2258 erant
2694 2219 2806 2258 non
2849 2204 3099 2274 cognitus
3142 2205 3208 2269 ⁵⁷,
3241 2203 3526 2261 confessus
3556 2214 3639 2260 est
3671 2220 3732 2260 se

2170 2313 2290 2353 esse
2321 2297 2374 2351 in
2401 2295 2562 2352 Patre
2595 2305 2862 2367 potestate
2892 2307 2946 2354 et
2989 2296 3274 2352 ati‘ectione
3313 2298 3727 2364 consensionis;

2169 2407 2278 2445 una
2298 2392 2441 2446 enim
2474 2407 2627 2446 mens
2657 2390 2834 2446 Patris
2859 2399 2943 2444 est
2970 2405 3124 2460 puer.
3156 2389 3260 2456 Qui
3282 2399 3461 2446 autem
3495 2402 3727 2446 mentem

2171 2481 2346 2538 Patris
2389 2484 2672 2547 habemus,
2708 2483 2788 2539 sic
2833 2483 3147 2549 credimus;
3176 2483 3271 2554 qui
3322 2499 3449 2539 vero
3484 2500 3590 2538 non
3628 2485 3729 2539 ha-

2169 2574 2317 2638 bent,
2370 2573 2566 2627 Filium
2616 2582 2964 2644 negaverunt.
3005 2572 3062 2627 Si
3109 2582 3288 2648 autem
3339 2573 3506 2628 velint
3548 2573 3730 2631 dicere

2169 2667 2314 2735 quod
2359 2666 2640 2736 Philippus
2687 2666 2753 2720 de
2781 2663 2941 2720 Patre
2976 2665 3316 2736 interrogans
3349 2683 3362 2720 :
3401 2685 3419 2717 ι
3469 2665 3726 2735 Ostende,

2170 2760 2366 2830 inquit,
2385 2759 2542 2814 nobis
2567 2759 2806 2824 Patrem,
2833 2765 2888 2813 et
2915 2757 3112 2813 sullicit
3131 2759 3322 2823 nobis;
3347 2778 3366 2811 ι
3393 2760 3478 2814 cui
3507 2775 3732 2829 respon-

2169 2853 2246 2906 dit
2280 2851 2544 2906 Dominus
2579 2851 2829 2921 inquiens
2864 2868 2878 2904 :
2916 2869 2934 2902 ι
2975 2848 3149 2905 Tanto
3181 2857 3420 2921 tempore
3443 2851 3726 2908 vobiscum

2169 2962 2312 3010 sum,
2364 2943 2630 3014 Philippe,
2681 2954 2735 2999 et
2777 2958 2887 2998 non
2943 2943 3244 3013 cognovisti
3292 2945 3420 3000 me?
3448 2943 3550 3011 Qui
3593 2947 3731 3002 vidit

2171 3053 2278 3101 me,
2308 3035 2442 3090 vidit
2469 3045 2523 3090 ct
2552 3034 2792 3090 Patrem.
2828 3033 2944 3089 Non
2978 3035 3153 3090 credis
3175 3035 3300 3104 quia
3321 3051 3422 3108 ego
3454 3037 3504 3092 in
3546 3037 3726 3101 Patre,

505 3123 625 3176 σθαι
672 3123 732 3175 τὸ
779 3123 955 3194 δόγμα
999 3121 1197 3188 αὐτῶν,
1237 3119 1620 3192 ὁμολογοῦντος
1662 3119 1825 3172 αὑτοῦ
1877 3120 2066 3174 ἑαυτὸν

2169 3142 2220 3183 et
2244 3127 2402 3182 Pater
2450 3127 2504 3181 in
2536 3143 2624 3182 me
2651 3137 2734 3182 est
2766 3126 2850 3180 ἐἳ
2889 3146 2907 3179 ›
2945 3136 2999 3182 et
3030 3127 3231 3183 audent
3258 3129 3437 3184 dicere
3466 3133 3612 3199 quod
3645 3133 3730 3186 his

490 3215 748 3287 Πατέρα·
783 3214 1072 3284 γνώτωσαν
1110 3215 1189 3267 ὅτι
1222 3213 1474 3284 μέγιστον
1505 3213 1714 3274 ἑαυτοῖς
1760 3212 2068 3282 ἐναντίωμα

504 3309 870 3378 ἐπιφέρουσιν,
906 3309 996 3360 ὑπ’
1034 3307 1197 3361 αὐτοῦ
1227 3305 1322 3360 τοῦ
1355 3304 1517 3377 ῥητοῦ
1547 3304 1916 3374 ἐλεγχόμενοι.
1961 3304 2067 3357 Τοῦ

504 3401 609 3471 γὰρ
643 3399 876 3470 Χριστοῦ
913 3399 1101 3452 ἑαυτὸν
1135 3403 1190 3452 ὲν
1216 3400 1378 3451 πᾶσιν
1413 3397 1539 3449 Υἱὸν
1562 3397 1805 3459 εἰπόντος
1835 3397 1928 3449 καὶ
1959 3395 2068 3448 δεί-

506 3491 710 3556 ξαντος,
735 3493 834 3545 οὐκ
865 3494 1178 3561 ἐπέγνωσαν
1203 3491 1321 3545 οὐδὲ
1352 3488 1748 3544 καταλαϐέσθαι
1771 3489 1802 3560 ἢ
1830 3489 2070 3543 ἀτενίσαι

502 3583 600 3654 τὴν
624 3583 846 3654 δύναμιν
876 3581 1226 3653 ἐδυνήθησαν.
1265 3580 1372 3632 Καὶ
1405 3578 1562 3632 τοῦτο
1587 3579 1660 3650 μὴ
1690 3579 1946 3649 χωρήσας
1979 3578 2070 3630 Φί-

503 3671 719 3736 λιππος,
759 3672 878 3725 καθ’
903 3672 932 3724 ὃ
960 3669 1027 3742 ἦν
1073 3673 1217 3734 ἰδεῖν,
1250 3671 1340 3724 τὸν
1381 3669 1599 3743 Πατέρα
1633 3670 1783 3738 ἠξίου
1832 3668 2066 3739 βλέπειν.

505 3764 646 3836 Πρὸς
692 3764 750 3816 6v
777 3767 805 3817 6
837 3763 1038 3835 Κύριος
1083 3762 1213 3833 ἔςςηο
1250 3782 1267 3813 ι
1307 3763 1558 3825 Φίλιππε,
1585 3761 1836 3814 τοσοῦτον
1880 3761 2069 3832 χρόνον

509 3855 626 3922 μεθ’
667 3856 821 3925 ὑμῶν
865 3858 1000 3925 εἰμι,
1045 3856 1138 3908 καὶ
1178 3855 1280 3906 οὐκ
1318 3853 1561 3921 ἔγνωκάς
1601 3868 1700 3923 με;
1739 3853 1768 3904 6
1810 3852 2070 3922 ἑωρακὼς

506 3949 624 4016 ἐμὲ,
655 3947 861 4017 ἑώρακε
892 3948 980 3998 τὸν
1023 3947 1258 4016 Πατέρα.
1289 3965 1308 3996 ι
1347 3946 1656 4010 Τουτέστιν,
1687 3947 1736 3997 εἰ
1764 3945 1863 4015 ἐμὲ
1895 3943 2066 4016 ἐώρα-

506 4055 626 4102 κας,
655 4039 720 4091 δι’
752 4038 886 4109 ἐμοῦ
912 4039 1002 4091 τὸν
1033 4039 1249 4108 Πατέρα
1275 4037 1476 4105 γνῶναι
1504 4037 1654 4108 δύνῃ.
1689 4037 1786 4090 Διά
1831 4037 1936 4107 γὰρ
1968 4037 2067 4105 τῆς

2170 3219 2348 3275 verbis
2395 3235 2584 3274 eorum
2631 3220 2824 3289 dogma
2869 3220 3244 3284 conﬁrmatur,
3280 3219 3398 3289 ipso
3438 3223 3731 3278 conﬁtente

2170 3325 2229 3364 se
2263 3325 2384 3364 esse
2424 3308 2670 3374 Patrem;
2701 3308 2877 3363 sciant
2906 3308 3200 3362 maximam
3232 3311 3643 3380 repugnantiam
3673 3313 3727 3366 in

2171 3417 2230 3457 se
2279 3400 2426 3470 ipsos
2479 3401 2756 3466 inducere,
2808 3399 3090 3470 Scriptura
3138 3415 3234 3456 eos
3279 3401 3636 3472 redargucnte
3677 3413 3732 3458 et

2170 3493 2544 3547 convincente.
2596 3490 2734 3546 Cum
2789 3492 2932 3547 enim
2983 3473 3234 3547 Christus
3282 3493 3336 3547 in
3368 3495 3623 3550 omnibus
3672 3511 3732 3550 se

2169 3582 2363 3637 Filium
2389 3583 2615 3638 dixisset
2634 3591 2685 3637 et
2707 3583 3152 3649 demonstrasset,
3178 3599 3284 3638 non
3318 3593 3494 3639 tamen
3526 3600 3731 3656 cogno-

2169 3683 2360 3729 verant
2408 3690 2554 3740 cum,
2595 3689 2768 3743 neque
2813 3673 3066 3728 virtutem
3120 3673 3240 3744 ejus
3287 3675 3582 3746 intelligere
3641 3687 3733 3733 aut

2171 3766 2368 3822 intueri
2398 3774 2703 3837 potuerant.
2731 3764 2796 3820 Et
2827 3767 2928 3821 hoc
2947 3764 3224 3837 Philippus
3245 3783 3368 3823 cum
3401 3785 3591 3839 capere
3621 3785 3730 3824 non

2170 3867 2374 3928 posset,
2412 3858 2589 3929 quoad
2613 3859 2796 3913 videre
2818 3858 3030 3924 licebat,
3057 3859 3270 3913 volebat
3293 3859 3472 3914 videre
3493 3859 3732 3916 Patrem.

2170 3949 2270 4004 Cui
2317 3949 2579 4005 Dominus
2611 3950 2748 4004 dixit
2779 3968 2792 4004 :
2837 3969 2856 4002 ι
2888 3949 3152 4020 Philippe,
3175 3958 3326 4004 tanto
3370 3959 3605 4020 tempore
3629 3967 3731 4004 vo—

2175 4042 2384 4098 biscum
2428 4059 2570 4106 sum,
2603 4051 2656 4095 et
2687 4056 2792 4096 non
2831 4041 3129 4112 cognovisti
3161 4041 3280 4095 me?
3315 4041 3407 4110 qui
3453 4041 3587 4096 vidit
3621 4057 3730 4109 me,

575 4202 620 4233 “
646 4203 764 4257 Act.
796 4218 849 4267 v,
879 4202 977 4268 29;
1008 4217 1080 4266 Iv,
1120 4200 1203 4256 19.
1278 4201 1322 4232 ⁸⁸
1350 4199 1508 4255 Joan.
1535 4217 1589 4265 ι,
1617 4199 1706 4254 '50.
1781 4200 1826 4230 "
1857 4199 2012 4256 Joan.
2043 4219 2066 4256 κ

2169 4242 2174 4264 ,
2202 4201 2294 4266 ετ,
2324 4201 2415 4256 25.
2491 4200 2535 4232 ⁸⁷
2563 4198 2720 4261 Joan.
2751 4215 2788 4264 ι,
2824 4199 2906 4254 10.
2981 4199 3028 4231 ³⁸
3053 4197 3210 4253 Joan.
3244 4213 3359 4265 xxv,
3381 4197 3435 4265 8,
3463 4198 3517 4253 9.

575 4358 687 4427 (82)
727 4358 788 4410 '0
816 4357 972 4422 παῖς.
1003 4375 1021 4408 ι
1046 4355 1234 4410 Filius.
1268 4375 1286 4408 ι
1325 4356 1491 4427 Sic_et
1515 4355 1677 4424 paulo
1699 4363 1842 4424 post,
1877 4364 1935 4410 ut
1965 4373 2058 4427 su—

2162 4353 2490 4434 opeAraLNon
2504 4353 2722 4409 creditis
2741 4353 2868 4422 quia
2893 4367 2991 4434 ego
3016 4353 3069 4406 in
3119 4350 3278 4434 Patre
3301 4349 3532 4434 ethater
3560 4351 3613 4404 in
3640 4366 3728 4405 me

547 4422 601 4482 ra
635 4422 752 4497 cap.
788 4429 840 4492 5,
876 4437 930 4482 et
959 4427 1098 4480 infra
1137 4443 1257 4496 cap.
1291 4427 1376 4481 Η.
1422 4422 1531 4480 Per
1560 4443 1578 4476 ι
1617 4422 1866 4494 puerum,
1917 4446 1935 4477 ι
1971 4426 2060 4480 Fi-
2092 4439 2135 4494 ι)
2164 4422 2492 4493 est?alioqni
2517 4434 2734 4493 propter
2752 4422 3046 4492 operaipsa
3063 4423 3281 4476 credite.
3314 4441 3331 4472 ι
3360 4422 3495 4488 Quia
3513 4436 3728 4490 semper

505 4443 634 4552 iitum
661 4497 1154 4552 intelliae.F.tnaIc.
2167 4500 2256 4552 hic
2305 4497 2467 4548 homo
2517 4493 2842 4552 onerabatur
2886 4494 3153 4552 justitiam
3179 4533 3194 4552 ,
3253 4491 3680 4545 misericordiam
3706 4533 3722 4552 ,

548 4514 634 4551 um
661 4498 916 4564 intellige.
938 4497 1154 4552 Fannlc.

451 4581 466 4623 .'
509 4636 531 4638 _
577 4569 683 4638 (85)
707 4567 980 4636 Δυνάμει,
1008 4565 1286 4638 διαθέσει.
1328 4564 1625 4638 Confessus
1646 4573 1744 4638 est
1775 4580 1832 4638 se
1857 4580 1977 4638 esse
2005 4567 2058 4619 in

500 4633 977 4706 Patre,ipotes'tate
1011 4647 1066 4691 et
1097 4637 1396 4700 affectione,
1427 4635 1610 4706 multis
1645 4635 1697 4686 in
1729 4635 1863 4706 locis
1885 4633 2063 4688 Evan-

505 4710 648 4777 gelii.
683 4705 839 4761 Joan.
874 4723 1009 4776 cap.
1035 4724 1092 4772 χ,
1122 4706 1190 4760 38
1228 4724 1241 4760 :
1274 4726 1293 4758 ι
1333 4707 1387 4760 Si
1423 4705 1556 4758 mihi
1586 4720 1694 4777 non
1739 4705 1900 4758 vultis
1938 4713 2062 4777 Aere-

506 4775 951 4846 deretoperibus’
978 4779 1181 4832 credite
1224 4793 1238 4830 ;
1272 4787 1329 4831 ut
1356 4775 1698 4846 cegngscatis
1741 4783 1795 4846 et
1827 4775 2060 4829 credatis

505 4849 633 4916 quia
661 4842 818 4900 Pater
863 4848 914 4900 in
947 4857 1033 4901 me
1059 4856 1161 4914 est,
1193 4856 1246 4900 et
1270 4861 1369 4916 ego
1407 4842 1460 4899 in
1488 4844 1666 4898 Patre.
1699 4863 1717 4895 ›
1757 4842 1945 4916 Opera
1962 4861 2062 4916 an-

508 4914 613 4970 tem
641 4926 797 4970 erant
827 4932 934 4970 non
959 4919 1132 4971 solum
1161 4914 1424 4970 miracula
1453 4930 1573 4983 quae
1600 4916 1896 4968 secundum
1920 4914 2061 4966 divi-

507 4987 732 5039 nitatem
784 4988 1124 5054 operabatur,
1166 4991 1259 5041 sed
1305 4987 1533 5040 virtutes
1573 4999 1731 5054 quas;
1761 4983 2060 5038 secundum

510 5051 918 5118 humanitatem,
939 5056 1080 5110 sicut
1099 5057 1166 5112 de
1189 5070 1252 5110 eo
1279 5055 1542 5124 scriptum
1563 5051 1665 5116 est,
1689 5051 1852 5124 Hebr.
1879 5068 2000 5124 cap.
2016 5069 2059 5124 i,

509 5141 573 5179 ex
605 5124 745 5176 Psal.
795 5139 917 5176 χειν
953 5143 966 5178 :
1002 5145 1020 5176 ι
1060 5124 1306 5181 Dilexisti
1335 5123 1620 5194 justitiam)
1653 5131 1707 5178 et
1746 5123 1908 5178 odisti
1953 5123 2061 5194 ini-

508 5195 802 5264 quitatem;
834 5204 1110 5262 propterea
1135 5197 1285 5249 unxit
1307 5190 1358 5250 te
1391 5194 1551 5264 Deus,
1588 5193 1728 5264 Deus
1761 5203 1907 5256 tuus,
1943 5190 2062 5246 oleo

509 5262 704 5318 lietitia:
729 5279 836 5332 pra:
861 5265 1210 5332 participibus
1237 5266 1362 5320 tuis.
1391 5283 1410 5316 ι
1439 5263 1568 5317 Item
1601 5262 1756 5318 Joan.
1781 5279 1901 5331 cap.
1929 5278 2009 5315 xu
2045 5304 2056 5314 .

516 5355 534 5386 τ
575 5334 676 5400 Qui
708 5334 852 5387 videt
882 5349 985 5396 me,
1019 5335 1160 5388 videt
1187 5350 1309 5389 cum
1343 5336 1435 5403 qui
1463 5335 1610 5389 misit
1637 5349 1742 5388 me.
1769 5351 1786 5385 ι
1813 5332 1878 5386 Ει
1904 5332 2064 5401 paulo

507 5417 628 5473 post
659 5422 672 5458 :
699 5421 718 5454 ι
761 5403 865 5458 Sed
899 5404 992 5472 qui
1019 5405 1168 5458 misit
1196 5420 1281 5458 me
1318 5403 1497 5469 Pater,
1529 5405 1643 5472 ipse
1670 5404 1803 5456 mihi
1836 5403 2061 5456 manda—

509 5484 622 5529 tum
646 5475 809 5538 dedit,
843 5475 968 5542 quid
1004 5474 1209 5535 dicam,
1238 5483 1291 5528 et
1310 5475 1439 5544 quid
1465 5475 1686 5544 loquar;
1711 5475 1907 5544 etscio
1932 5475 2061 5544 quia

509 5545 820 5612 mandatum
869 5544 988 5610 ejus
1012 5553 1109 5601 est
1150 5545 1257 5597 vita
1300 5542 1574 5598 aeterna.)
1612 5542 1741 5596 Erat
1789 5543 1952 5612 igitur
2004 5542 2060 5593 in

511 5611 666 5667 Patre
712 5623 975 5680 potestate
1018 5615 1313 5668 secundum
1354 5614 1720 5682 operationem
1779 5611 2062 5682 mandatq-

514 5695 630 5736 rum
677 5679 816 5751 ejus,
868 5685 917 5743 id
961 5693 1063 5748 est,
1089 5683 1368 5751 charitatis
1391 5679 1460 5738 et
1509 5683 1686 5737 omnis
1715 5682 1952 5751 virtutis.
2001 5679 2062 5751 Et

513 5767 631 5818 cap.
663 5749 747 5806 xiv
786 5774 798 5808 :
836 5773 854 5804 ι
891 5754 1046 5808 Pater
1084 5749 1347 5809 autemin
1379 5770 1462 5809 me
1507 5767 1752 5818 manens,
1786 5752 1899 5821 ipse
1931 5749 2061 5805 facit

2167 4500 2256 4554 hic
2305 4491 2467 4548 homo
2517 4491 2842 4563 operabatur
2885 4491 3194 4563 justitiam,
3253 4491 3722 4563 misericordiam,

2163 4565 2482 4624 charitatem
2513 4561 2566 4618 et
2597 4572 2818 4617 caateras
2849 4561 3076 4616 virtutes
3100 4561 3509 4614 immntabiliter
3537 4576 3731 4614 secun-

2162 4640 2290 4694 dum
2317 4635 2408 4688 Dei
2442 4635 2770 4688 voluntatem
2795 4649 2810 4696 ;
2838 4632 2940 4686 hac
2960 4632 3123 4686 etiam
3151 4633 3379 4696 ratione,
3414 4632 3465 4684 id
3491 4640 3594 4694 est,
3628 4645 3727 4698 p0-

2165 4714 2356 4763 testate
2385 4713 2439 4758 et
2471 4703 2833 4757 consensione
2873 4703 3068 4756 mentis
3097 4708 3152 4754 et
3185 4701 3502 4763 voluntatis,
3534 4709 3588 4754 et
3617 4715 3729 4754 non

2164 4779 2337 4832 solum
2369 4774 2666 4828 secundum
2707 4772 3087 4834 substantiam,
3121 4772 3235 4839 ipse
3281 4780 3335 4824 et
3371 4770 3532 4825 Pater
3561 4785 3730 4823 unum

2161 4855 2338 4908 erant,
2384 4845 2524 4898 sicut
2552 4842 2767 4896 volebat
2807 4841 3106 4910 discipulos
3137 4855 3264 4896 suos
3309 4855 3431 4894 esse
3472 4854 3642 4910 unum
3674 4839 3728 4891 in

2162 4916 2379 4970 Christo
2408 4923 2460 4968 et
2489 4916 2543 4967 in
2575 4913 2754 4968 Patre.
2788 4909 3056 4980 potestate
3081 4919 3136 4964 et
3159 4911 3522 4980 consensione
3547 4909 3733 4980 νίψω-

2163 4987 2290 5040 tatis
2331 5000 2440 5040 suae
2489 4999 2612 5039 cum
2666 4975 2942 5036 voluntate
2989 4979 3164 5035 Patris
3189 4989 3242 5034 et
3280 4980 3422 5035 Filii.
3456 4977 3553 5032 Fu.
3585 4975 3730 5030 Tea-

2163 5070 2376 5109 ιιιλιιυε.

2234 5125 2345 5195 (84)
2375 5119 2797 5195 Εἷςῄγᾲρμνοῦς
2820 5121 3050 5195 Πατρός
3092 5123 3124 5174 ό
3159 5118 3318 5184 παῖς.
3350 5115 3404 5170 Id
3431 5123 3540 5195 est,
3573 5132 3730 5195 mens

2163 5185 2416 5265 humana
2443 5185 2644 5265 Christi
2689 5185 2797 5244 non
2829 5185 3100 5265 discrepat
3142 5205 3172 5243 a
3203 5197 3382 5265 mente
3413 5185 3594 5265 divina
3623 5186 3729 5239 Pa-

2165 5268 2296 5329 tris;
2329 5273 2382 5318 et
2410 5264 2510 5316 hac
2539 5263 2750 5315 ratione
2791 5275 2943 5316 mens
2975 5256 3212 5314 humana
3254 5256 3455 5310 Christi
3481 5259 3579 5308 etsi
3620 5272 3728 5310 non

2164 5345 2280 5389 erat
2307 5333 2664 5387 essentialiter
2693 5345 2846 5384 mens
2876 5331 3078 5392 divina,
3105 5336 3221 5383 erat
3251 5336 3432 5379 tamen
3465 5334 3731 5394 potestate

2167 5414 2221 5457 et
2262 5403 2566 5465 affectione,
2602 5402 2716 5455 sive
2756 5400 3111 5469 dispositione
3147 5395 3550 5469 consensionis,
3600 5397 3731 5465 quia

2163 5474 2492 5528 adiciebatur
2533 5464 2858 5526 Secundnm'
2885 5471 3216 5521 voluntatem
3259 5464 3354 5519 Dei
3394 5464 3646 5520 voluntas
3677 5474 3733 5520 et

2165 5559 2318 5598 mens
2356 5544 2590 5595 humana
2622 5541 2856 5604 Christi;
2889 5540 2962 5591 ita
3007 5547 3066 5589 ut
3109 5536 3334 5606 δυνάμει
3379 5549 3485 5587 una
3522 5543 3732 5601 essent,

2164 5629 2285 5684 quae
2311 5624 2464 5670 erant
2490 5609 2784 5668 secundum
2817 5607 3177 5665 substantiam
3213 5607 3334 5661 duae
3363 5614 3595 5661 mentes.
3630 5608 3706 5661 lu.
