4134 6386
399 396 503 453 815

1059 398 1115 453 S.
1150 398 1509 454 HIPPOLYTI
1540 398 1689 455 OPP.
1731 399 1910 456 PARS
1951 401 2014 456 ll.
2061 432 2132 443 —
2168 401 2470 458 DOGMAT.
2512 404 2600 461 ET
2634 382 2974 467 HISTORIC.

3539 417 3645 473 816

396 518 534 574 vidit
558 517 800 575 Patrem.
840 537 858 571 ι
898 517 953 573 Id
985 528 1087 585 est,
1129 522 1171 574 si
1206 536 1293 575 me
1322 522 1524 586 vidisti,
1558 537 1657 592 per
1695 538 1783 578 me
1816 531 1945 592 pote;

2075 524 2280 590 εἰκόνος
2316 526 2508 597 ὁμοίας
2535 532 2907 603 τυγχανούσης
2939 530 3244 601 εὕγνωστος
3274 536 3302 587 ό
3340 534 3530 608 Πατὴρ
3561 537 3648 606 γί-

398 608 618 665 Patrem
647 625 991 681 cognoscere.
1029 611 1134 665 Per
1161 611 1449 681 imaginem
1481 612 1626 666 enim
1668 628 1787 683 qua:
1811 613 1967 668 simi-

403 699 470 752 lis
501 709 604 760 est,
642 708 818 769 potest
845 699 1003 754 facile
1033 700 1192 756 Pater
1221 703 1501 772 cognosci.
1532 701 1627 757 Sin
1667 719 1794 758 vero
1826 705 1967 759 ima-

400 790 579 856 ginem
604 807 725 860 quae
759 800 842 846 est
866 791 1057 859 Filius,
1089 808 1196 847 non
1219 795 1522 863 cognovisti
1551 813 1562 847 :
1595 795 1867 863 quomodo
1888 796 1970 851 vis

400 881 615 935 Patrem
661 882 882 937 videre?
911 881 1068 948 Quod
1105 892 1285 938 autem
1323 885 1438 940 haec
1476 886 1549 939 ita
1584 887 1715 951 sint,
1758 904 1879 957 qua:
1913 889 1969 942 in

402 978 517 1042 ipso
544 976 718 1043 capite
744 974 952 1044 adjecta
979 984 1031 1028 et
1054 975 1299 1044 subjecta
1339 986 1487 1036 sunt,
1515 979 1820 1046 explicant;
1844 995 1966 1048 «lure

400 1065 726 1129 significant,
773 1061 969 1116 Filium
1000 1081 1019 1112 ι
1054 1066 1393 1133 propositum
1428 1061 1740 1122 “'missum
1769 1083 1891 1122 esse
1938 1086 1969 1123 a

396 1154 556 1210 Patre
586 1155 631 1189 ⁶⁰
661 1163 717 1209 et
739 1155 804 1209 ad
829 1152 1043 1209 Patrem
1077 1156 1157 1209 ire
1187 1155 1251 1210 ⁸⁸.
1286 1175 1304 1207 ι
1364 1224 1367 1227 ἰ

470 1248 601 1301 Vill.
642 1247 805 1302 Multa
858 1247 997 1311 alia,
1044 1247 1156 1301 imo
1203 1264 1330 1303 vero
1363 1249 1546 1304 omnia
1589 1249 1719 1305 huic
1750 1252 1970 1306 veritati

395 1341 778 1409 astipulantur.
825 1335 1059 1394 Necesse
1090 1353 1220 1410 ergo
1265 1348 1381 1404 est,
1423 1349 1486 1394 ut
1519 1342 1771 1411 quamvis
1799 1343 1967 1408 nolit,

394 1432 717 1495 conﬁteatur
742 1427 971 1488 ,Patrem
1019 1426 1188 1494 Deum
1234 1431 1658 1500 omnipotentem
1679 1472 1695 1497 ,
1722 1441 1775 1486 et
1806 1430 1969 1485 Chri—

394 1534 537 1579 stum
574 1522 757 1577 Jesum
798 1522 995 1576 Filium
1025 1521 1153 1587 Dei,
1194 1521 1358 1577 Deum
1399 1521 1604 1577 factum
1649 1523 1922 1578 hominem
1951 1562 1967 1589 ,

392 1616 478 1671 cui
510 1616 691 1670 omnia
720 1615 879 1671 Pater
904 1613 1134 1682 subjecit
1158 1623 1352 1683 praeter
1376 1628 1454 1679 se,
1485 1621 1541 1669 et
1565 1612 1824 1684 Spiritum
1849 1629 1972 1668 san-

391 1720 573 1777 ctum;
627 1711 817 1766 ethos
854 1725 974 1766 esse
1026 1722 1152 1762 vere
1187 1717 1323 1773 tres.
1372 1705 1527 1772 Quod
1566 1706 1614 1762 si
1668 1706 1782 1760 vult
1829 1708 1970 1761 scire

390 1803 666 1871 quomodo
696 1817 839 1857 unus
879 1802 1021 1857 Deus
1043 1801 1469 1864 demonstratur,
1498 1797 1635 1853 sciat
1655 1812 1817 1851 unam
1846 1811 1968 1851 esse

2075 634 2241 671 νεται.
2269 619 2331 671 El
2357 618 2411 672 δὲ
2434 618 2530 691 τὴν
2553 622 2755 684 εἰκόνα,
2782 622 2904 692 ἥτις
2928 624 3075 677 ἐστὶν
3097 627 3125 678 ὁ
3157 625 3302 689 Υίὸς,
3331 627 3430 681 οὐκ
3454 627 3645 696 ἔγνως,

2074 709 2192 773 πῶς
2223 710 2348 763 ίδεῖν
2380 710 2553 774 θέλεις
2576 712 2667 765 τὸν
2696 714 2949 786 Πατέρα;
2975 717 3095 769 Ὅτι
3128 716 3280 770 ταῦθ’
3308 717 3481 783 οὕτως
3509 720 3644 792 ἔχει,

2065 802 2140 874 γτά
2167 801 2488 872 ἐπικείμενα
2512 802 2590 874 τῷ
2618 805 2895 877 κεφαλαίῳ
2921 805 3013 860 καὶ
3032 808 3368 880 ὑποκείμενα
3390 812 3642 876 ἀπολύει,

2078 914 2096 945 ι
2130 895 2220 948 τὸν
2247 895 2601 967 προκείμενον
2637 916 2655 949 ι
2685 897 2812 951 Υἱὸν
2848 918 2867 949 ‹
2904 898 3313 971 ἀπεσταλμένον
3346 902 3498 974 παρά
3529 904 3644 957 Πα-

2072 984 2197 1055 τρὸς
2227 987 2320 1038 καὶ
2344 985 2480 1055 πρὸς
2502 986 2720 1055 Πατέρα
2750 987 3108 1058 πορευόμενον
3146 1007 3165 1040 ι
3196 990 3570 1059 σημαίνονται.

2143 1247 2319 1302 Πολλά
2345 1248 2401 1301 δὲ
2434 1249 2529 1301 καὶ
2557 1246 2739 1318 ἕτερα,
2779 1247 2975 1317 μᾶλλον
3005 1246 3060 1300 δὲ
3103 1247 3280 1302 πάντα
3311 1248 3459 1302 ἐστὶν
3504 1268 3631 1324 μαρ-

2071 1339 2336 1411 τυροῦντα
2372 1341 2438 1410 τῇ
2477 1338 2722 1411 ἀληθείᾳ.
2794 1338 3062 1409 Ἀνάγκην
3107 1334 3206 1393 οὖν
3257 1340 3375 1411 ἔχει
3421 1343 3513 1396 καὶ
3565 1344 3640 1418 μὴ

2073 1432 2239 1486 θέλων
2289 1430 2571 1509 ὁμολογεῖν
2610 1431 2828 1503 Πατέρα
2878 1431 3009 1483 Θεὸν
3051 1432 3464 1503 παντοκράτορα
3488 1472 3504 1498 ,
3546 1434 3642 1490 καὶ

2070 1524 2303 1594 Χριστὸν
2333 1508 2538 1594 Ἰησοῦν
2554 1520 2677 1577 Υἱὸν
2699 1521 2853 1587 Θεοῦ,
2874 1522 3004 1575 Θεὸν
3022 1521 3304 1593 ἄνθρωπον
3328 1508 3638 1595 γενόμενον,

2069 1611 2113 1686 ᾧ
2144 1616 2320 1670 πάντα
2340 1616 2527 1688 Πατὴρ
2556 1614 2786 1680 ὑπέταξε
2816 1617 3090 1688 παρεκτὸς
3109 1614 3324 1680 ἑαυτοῦ,
3359 1617 3449 1670 καὶ
3470 1616 3641 1670 Ilvati-

2072 1727 2240 1780 ματος
2266 1708 2455 1777 ἁγίου,
2491 1709 2583 1761 καὶ
2610 1707 2830 1772 τούτους
2879 1703 3017 1761 εἶναι
3060 1707 3231 1771 οὕτως
3280 1709 3427 1780 τρία.
3472 1710 3535 1762 Εἰ
3577 1708 3635 1762 δὲ

2072 1801 2316 1872 βούλεται
2340 1800 2552 1871 μαθεῖν,
2584 1800 2701 1863 πῶς
2730 1795 2810 1863 εἷς
2846 1800 2977 1863 Θεὸς
3020 1800 3431 1866 ἀποδείκνυται,
3476 1818 3636 1870 γινω-

390 1870 642 1948 virtutem
676 1893 788 1948 sive
811 1891 1102 1963 potentiam
1132 1891 1316 1960 hujus.
1354 1889 1423 1944 Et
1450 1897 1709 1958 quantum
1746 1888 1945 1958 quiden

2069 1870 2243 1947 σκέτω
2269 1894 2350 1945 ὅτι
2400 1891 2758 1963 μία-δύναμις
2787 1892 2994 1946 τούτου.
3034 1893 3145 1947 Καὶ
3185 1894 3307 1946 ὅσον
3357 1894 3455 1966 μὲν
3494 1893 3637 1948 κατά

389 1985 455 2038 ad
487 1990 741 2039 virtutem
774 1985 1026 2055 pertinet,
1054 1997 1196 2037 unus
1227 1989 1311 2036 est
1340 1979 1515 2044 Deus;
1538 1989 1800 2049 quantum
1831 1994 1961 2034 vero

391 2076 457 2130 ad
490 2075 849 2130 oeconomiam
884 2076 997 2129 sive
1020 2071 1452 2142 dispositionem,
1497 2071 1637 2125 trina
1666 2079 1748 2125 est
1774 2071 1969 2126 osten-'

388 2168 513 2233 sio;
540 2178 597 2221 ut
626 2166 788 2237 paulo
814 2175 937 2235 post
967 2165 1301 2227 docebimus,
1325 2178 1449 2217 eum
1484 2162 1768 2216 reddemus
1799 2155 1961 2221 ratio-

388 2273 510 2312 nem
542 2257 608 2311 de
640 2258 886 2312 veritate.
938 2254 1065 2311 Haec
1096 2255 1290 2324 igitur,
1339 2253 1566 2320 fratres,
1610 2253 1755 2308 dicta
1799 2253 1958 2307 nobis

384 2359 534 2411 sunt,
577 2350 643 2404 de
677 2349 876 2419 quibus
924 2348 1062 2402 inter
1085 2360 1275 2401 omnes
1302 2344 1572 2400 convenit.
1618 2341 1770 2400 Unus
1811 2344 1957 2398 enim

383 2447 469 2494 est
507 2438 669 2505 Deus,
699 2439 788 2493 cui
814 2437 1031 2492 credere
1054 2446 1297 2507 oportet;
1337 2436 1430 2490 sed
1458 2435 1749 2505 ingenitus,
1779 2435 1957 2504 impa-

383 2531 570 2595 tibilis,
601 2529 944 2594 immortalis,
988 2531 1081 2598 qui
1106 2527 1287 2583 omnia
1325 2526 1458 2581 facit
1500 2541 1620 2595 quae
1653 2525 1786 2593 vult,
1816 2525 1957 2580 sicut

381 2626 497 2677 vult
516 2634 568 2676 et
589 2622 806 2692 quando
826 2621 958 2676 vult.
980 2620 1120 2686 Quid
1136 2620 1300 2689 igitur
1321 2618 1388 2673 ad
1411 2618 1525 2672 htec
1540 2617 1760 2672 audebit
1779 2616 1957 2672 dicere

380 2713 612 2780 Noctus,
660 2728 768 2767 non
803 2711 1107 2782 intelligens
1144 2710 1470 2765 veritatem?
1503 2708 1952 2777 Quandoquidem

381 2807 545 2876 igitur
577 2806 839 2860 hactenus
865 2802 1069 2858 Noetus
1101 2798 1413 2856 confutatus
1438 2809 1542 2867 est,
1574 2801 1858 2856 veniamus
1883 2800 1950 2854 ad

377 2888 897 2954 demonstrationem
934 2896 1209 2960 veritatis,
1249 2905 1309 2951 ut
1334 2895 1718 2951 eonfirmemus
1751 2892 1952 2948 verita-

378 3000 521 3054 tem;
560 2998 752 3044 contra
786 3003 950 3058 quam
979 2996 1061 3043 tot
1091 2997 1146 3043 et
1186 2997 1348 3043 tanta:
1382 2988 1616 3042 haereses
1642 2994 1774 3041 ortae
1804 2994 1950 3053 sunt,

376 3099 499 3152 qum
524 3083 658 3136 nihil
691 3083 871 3138 dicere
902 3090 1217 3151 potuerunt.
1584 3138 1585 3141 η

406 3190 409 3191 ⁷
450 3177 539 3229 ιχ.
586 3175 737 3230 Unus
766 3173 909 3229 Deus
944 3182 1058 3236 est,
1098 3187 1257 3242 quem
1290 3186 1399 3239 non
1432 3171 1687 3236 aliunde,
1722 3169 1947 3235 fratres,

2060 1986 2158 2057 τὴν
2188 1984 2436 2055 δύναμιν,
2467 1979 2546 2059 εἷς
2577 1986 2695 2037 ἐστι
2722 1984 2853 2048 θεός
2873 2002 2886 2015 ·
2918 1984 3039 2038 ὅσον
3066 1985 3136 2059 δὲ
3166 1985 3307 2039 κατὰ
3347 1986 3448 2056 τὴν
3487 1987 3633 2038 οἰκο-

2059 2077 2250 2146 νομίαν
2280 2077 2388 2147 (85)
2417 2076 2651 2147 ,στριχὴς
2681 2079 2714 2147 ἡ
2748 2075 3025 2150 ἐπίδειξις,
3054 2077 3129 2153 ᾡς
3159 2076 3383 2149 ὕστερον
3419 2077 3634 2148 ἀποδει-

2060 2168 2337 2239 χθήσεται,
2370 2168 2729 2243 ἀποδιδόντων
2772 2170 2928 2240 ἡμῶν
2967 2171 3095 2241 περὶ⁵
3141 2169 3399 2239 ἀληθείας
3454 2168 3630 2237 λόγον.

2059 2252 2243 2305 Ταῦτα
2295 2255 2395 2324 μὲν
2438 2250 2561 2317 οὖν,
2598 2256 2834 2324 ἀδελφοὶ,
2863 2256 3132 2328 δείκνυται
3164 2258 3293 2328 ἡμῖν
3331 2256 3637 2328 συμφώνως

2058 2323 2339 2416 εἰρημένα.
2380 2340 2473 2408 Εἷς
2502 2337 2608 2418 γὰρ
2637 2346 2769 2415 Sed;
2800 2349 2949 2401 ἐστιν
2975 2323 3134 2416 me?
3165 2323 3477 2413 setandem,
3517 2348 3632 2401 ἀλλ’

2058 2437 2337 2507 ἀγένητος,
2368 2438 2602 2513 ἀπαθὴς,
2635 2438 2920 2503 ἀθάνατος,
2955 2439 3131 2493 πάντα
3153 2439 3322 2493 ποιῶν
3348 2440 3424 2503 ὡς
3467 2439 3629 2504 θέλει,

2058 2529 2240 2593 καθὼς
2288 2501 2572 2599 θέλεδιότε
2602 2529 2763 2585 Θέλει.
2805 2531 2869 2584 Τί
2890 2529 2982 2585 οὖν
3011 2532 3148 2608 πρὸς
3175 2531 3348 2585 ταῦτα
3372 2532 3631 2607 τολμήσει

2055 2622 2280 2692 Νόητος,
2300 2622 2403 2693 ,μὴ
2419 2622 2552 2674 νοῶν
2580 2623 2678 2694 τὴν
2707 2622 2991 2692 ἀ).ήοειαν;
3036 2623 3254 2696 Ἐπειδὴ
3282 2619 3375 2678 οὖν
3402 2624 3501 2696 ἥδη
3534 2624 3631 2677 καὶ

2054 2717 2082 2765 ὁ
2110 2714 2314 2785 Νόητος
2342 2715 2766 2785 ἀνατέτραπται,
2797 2715 3046 2786 ἔλθωμεν
3076 2717 3168 2783 ἐπὶ
3219 2718 3319 2788 τὴν
3362 2718 3462 2787 τῆς
3498 2717 3631 2787 ἀλη-
3717 2714 3723 2720 ’

2055 2806 2203 2870 θείας
2231 2806 2522 2871 ἀπόδειξιν,
2556 2808 2640 2859 ἵνα
2674 2809 3029 2880 συστήσωμεν
3064 2808 3161 2881 τὴν
3190 2809 3475 2881 ἀλήθειαν·
3500 2810 3625 2863 καθ’

2052 2893 2118 2968 ἦς
2156 2898 2325 2950 πᾶσαι
2360 2896 2616 2950 τοσαῦται
2642 2898 3013 2973 αἱρέσεις(86)
3056 2899 3375 2971 γεγένηνται
3422 2901 3628 2972 ,μηδὲν
3679 2970 3695 2984 Γ

2052 2988 2341 3059 δυνάμεναι
2380 2990 2569 3041 εἰπεῖν.
2888 3021 2897 3028 -

2120 3169 2215 3236 Εἷς
2241 3174 2391 3239 Θεὸς,
2426 3174 2483 3226 ὃν
2510 3174 2609 3227 οὐκ
2637 3173 2853 3227 ἄλλοθεν
2874 3174 3303 3247 ὲπιγινὼσκομεν
3329 3215 3345 3240 ,
3383 3176 3621 3247 ἀδελφοὶ.

377 3270 723 3341 agnoscimus
744 3311 759 3335 ,
795 3284 959 3339 quam
999 3282 1064 3323 ex
1094 3266 1297 3322 sanctis
1330 3261 1645 3335 Scripturis.
1678 3262 1945 3331 Quemad-

2054 3265 2086 3336 ἢ
2117 3264 2251 3338 [ἐκ]
2282 3237 2390 3318 τῶν
2418 3266 2588 3334 ἁγίων
2618 3266 2866 3335 Γραφῶν.
2906 3237 3002 3320 «ος,
3029 3266 3138 3334 γὰρ
3164 3237 3363 3339 τρόπον
3404 3269 3499 3322 ἐάν
3525 3237 3625 3333 ’τις

376 3364 597 3417 modum
626 3362 769 3417 enim
799 3362 843 3417 si
877 3360 1001 3431 quis
1030 3359 1189 3414 vellet
1215 3358 1534 3434 sapientiam
1570 3356 1734 3426 hujus
1764 3354 1948 3411 δεουιί

373 3468 659 3519 exercere,
690 3469 800 3509 non
826 3452 981 3507 aliter
1011 3438 1404 3518 hoc‘consequi
1429 3449 1660 3518 poterit,
1707 3446 1813 3503 nisi
1845 3446 1945 3501 do-

373 3555 555 3613 gmata
596 3544 1047 3614 philosophorum
1082 3543 1254 3612 legat;
1300 3542 1379 3597 sic
1417 3540 1749 3611 quicumque
1786 3541 1945 3594 volu-

374 3654 497 3691 mus
518 3637 773 3705 pietatem
801 3636 856 3689 iu
887 3633 1055 3689 Deum
1088 3647 1359 3697 exercere,
1390 3648 1497 3687 non
1530 3631 1748 3686 aliunde
1779 3631 1947 3686 disce-

373 3745 497 3804 mus
525 3743 687 3798 quam
727 3743 793 3781 ex
838 3726 1133 3789 Scripturis
1164 3726 1380 3780 divinis.
1433 3723 1780 3793 Quaecunque
1813 3739 1943 3794 ergo

2052 3358 2287 3430 βουληθῇ
2334 3359 2434 3430 τὴν
2476 3359 2667 3427 σοφίαν
2697 3357 2788 3411 τοῦ
2819 3359 3012 3423 αἰῶνος
3042 3360 3232 3413 τούτου
3262 3361 3451 3415 ἀσκεῖν
3476 3401 3494 3427 ,
3524 3364 3623 3416 οὐκ
3670 3415 3675 3419 ,

2048 3451 2221 3515 ἄλλως
2250 3450 2532 3521 δυνήσεται
2560 3449 2747 3503 τούτου
2776 3455 2978 3522 τυχεῖν,
3010 3452 3107 3507 ἐὰν
3156 3453 3231 3526 μὴ
3260 3447 3492 3527 δόγμασι
3530 3474 3620 3526 φι-
3684 3510 3689 3513 μ

2048 3542 2287 3610 λοσόερων
2315 3541 2540 3614 ὲντύχῃο
2560 3541 2654 3595 τὸν
2680 3542 2839 3596 αὐτὸν
2858 3542 2921 3614 δὴ
2941 3544 3138 3616 τρόπον
3166 3546 3281 3602 ὅσοι
3311 3533 3617 3616 θεοσέϐειαν

2048 3635 2237 3687 ἀσκεῖν
2266 3633 2586 3704 βουλόμεθα,
2616 3635 2716 3687 οὐκ
2743 3615 3311 3708 ἄλλοθενάσκήσομεν
3351 3637 3381 3707 ἢ
3414 3615 3612 3691 ἐκρτῶν

2048 3727 2242 3793 λογίων
2284 3725 2377 3779 τοῦ
2421 3725 2554 3779 Θεοῦ
2589 3725 2717 3795 (87).
2747 3727 2885 3779 Ὅσα
2925 3728 3104 3782 τοίνυν
3142 3730 3503 3799 κηρύσσουσιν
3554 3729 3611 3781 al
3650 3792 3657 3795 _

440 3911 483 3941 ⁸⁸
514 3907 671 3962 Rom.
707 3923 789 3973 ιιι,
821 3906 913 3961 25.
993 3904 1208 3961 “Joan.
1239 3922 1292 3969 ν,
1322 3904 1428 3972 50;
1459 3921 1536 3971 v1,
1559 3904 1667 3970 29;
1697 3920 1817 3971 vm,
1840 3905 1928 3973 16,

2046 3950 2052 3972 ,
2082 3917 2189 3961 ctc.
2266 3907 2306 3936 °‘
2342 3905 2500 3960 Joau.
2545 3922 2662 3970 xm,
2690 3906 2751 3970 l;
2795 3921 2907 3972 xw,
2936 3906 3017 3959 l2.

440 4066 551 4136 (83)
585 4066 745 4120 Κατὰ
772 4066 886 4133 τὴν
918 4065 1281 4136 οἰκονομίαν.
1320 4063 1588 4136 lnterpres
1630 4064 1931 4121 Turrianus

370 4135 515 4191 hunc
541 4137 721 4191 locum
753 4139 825 4191 ita
851 4138 1113 4190 reddidit:
1157 4156 1174 4186 ι
1205 4135 1480 4201 Quantum
1507 4151 1634 4190 vero
1654 4136 1722 4190 ad
1749 4136 1929 4191 incar-

367 4207 642 4261 nationem
676 4209 928 4276 pertinet,
955 4207 1111 4276 tertia
1138 4212 1223 4260 est
1256 4207 1516 4276 ostensio.
1560 4224 1578 4257 ι
1621 4204 1784 4276 Sequi
1811 4222 1930 4259 ma-

368 4278 569 4331 luimus
597 4274 904 4333 versionem
931 4278 1001 4331 cl.
1026 4275 1235 4330 Marani
1267 4275 1344 4329 De
1381 4275 1583 4336 dwinit.
1608 4274 1665 4330 J.
1695 4275 1778 4341 C.,
1831 4277 1927 4331 lib.

366 4346 713 4426 ινηξεὲρέό,
744 4346 773 4426 ᾗ
806 4349 862 4411 2,
910 4361 1031 4426 pag:
1072 4344 1250 4426 456.“
1357 4416 1401 4426 υ
1475 4414 1508 4426 __
1551 4422 1560 4426 _
1628 4352 1631 4355 ’

437 4412 558 4486 (86)“
582 4412 871 4471 Τοσαῧται
901 4412 1178 4484 ὰὶῥέσεις.
1204 4412 1324 4486 Non
1357 4414 1512 4471 Nocti
1543 4422 1751 4470 tantum
1779 4455 1794 4477 ,
1836 4415 1931 4470 sed

364 4496 418 4541 et
447 4482 565 4557 alia;
597 4500 750 4557 xxxi,
781 4502 924 4557 quas
948 4482 1560 4557 hactenusﬂippolytus
1582 4501 1930 4557 oppugnave-

2040 4082 2185 4130 nem,
2216 4081 2378 4133 quam
2414 4066 2464 4119 ei
2495 4066 2857 4135 objiciebant,
2896 4065 3299 4135 contempserit.
3352 4064 3611 4124 Dicebant

2038 4138 2181 4208 enim
2211 4135 2381 4191 Noeto
2412 4138 2709 4208 presbyteri
2736 4137 3017 4191 Ecclesiae:
3061 4137 3248 4208 Ταῦτα
3298 4137 3526 4208 λέγομεν
3574 4139 3607 4193 ἃ

2039 4206 2333 4278 ἐμάθομεν.
2380 4205 2868 4278 ιίΗιῐῑοθάίοἰιιιιιε,
2920 4223 3042 4277 quae
3090 4207 3402 4262 didicimus.
3423 4205 3461 4278 ίι
3512 4207 3608 4263 llis

2038 4277 2194 4341 adde,
2229 4292 2337 4331 non
2367 4277 2590 4331 dubium
2617 4292 2740 4332 esse
2767 4278 2897 4347 quin
2928 4286 3149 4331 sanctus
3186 4287 3388 4347 martyr
3417 4277 3471 4331 in
3505 4279 3610 4335 hoc

2037 4347 2300 4415 adversus
2333 4347 2567 4401 haereses
2601 4361 2782 4415 opere,
2839 4347 2999 4415 cujus
3029 4348 3313 4402 materiam
3343 4363 3407 4399 ex
3453 4347 3606 4402 libris

2036 4414 2218 4471 lrenaai
2248 4414 2823 4485 mutuo4sump’serat,
2869 4414 3215 4471 traditionem
3266 4424 3319 4471 et
3351 4415 3605 4485 Ecclesia:

2038 4488 2416 4557 auctoritatem
2450 4483 2636 4557 [renati
2670 4487 2918 4557 exemplo
2952 4487 3228 4557 acerrime
3272 4483 3593 4557 defenderit.

365 4563 467 4609 rat.
527 4554 603 4609 Ex
649 4542 749 4609 his,
782 4542 959 4609 verbis
1008 4542 1324 4610 clarissime-
1345 4542 1583 4625 'apparet
1620 4542 1932 4610 'e'lau'sulam
1963 4542 2008 4598 Ῑ)
2036 4555 2246 4625 Mults.
2280 4556 2318 4610 l.
2342 4571 2389 4610 c.
2420 4586 2490 4595 —
2513 4554 2653 4610 Hinc
2683 4557 2814 4611 item
2832 4542 3056 4611 eliditur
3085 4557 3312 4611 alterum
3358 4556 3600 4623 ejusdem
3642 4586 3647 4591 ο

362 4628 506 4679 hanc
555 4640 676 4680 esse
723 4624 848 4695 libri
898 4625 1159 4679 adversus
1199 4624 1450 4679 haereses}
1496 4626 1731 4695 Apparet
1766 4626 1930 4679 etiam

358 4695 728 4764 Epiphanium
754 4693 1026 4764 Hippolyti
1054 4695 1299 4762 exemplo
1315 4708 1453 4762 opus
1478 4693 1636 4764 suum
1669 4696 1931 4751 adversus

358 4763 597 4820 hzereses
626 4763 967 4833 expositione
1001 4764 1123 4818 ﬁdei
1155 4764 1489 4832 obsignasse.
1519 4763 1736 4820 FABRIC.

430 4835 543 4903 (87)
584 4833 992 4904 oexﬁlloﬂer
1019 4833 1424 4904 ἀσκήσομενῆ
1456 4836 1523 4887 ἐκ
1554 4835 1671 4888 τῶν
1710 4835 1930 4904 λογίων

355 4905 463 4959 τοῦ
497 4901 665 4957 Θεοῦ.
702 4901 867 4959 Visus
892 4912 974 4959 est
1000 4904 1103 4958 sibi
1139 4901 1422 4958 Fabricius
1451 4906 1504 4957 in
1530 4905 1633 4958 hoc
1658 4905 1778 4960 loco
1796 4901 1820 4955 ἰ
1844 4905 1930 4958 in-

358 4977 511 5043 signe
537 4977 603 5029 de
631 4973 930 5043 Scriptura:
957 4974 1272 5030 sufﬁcientia
1301 4975 1670 5030 testimonium
1692 4993 1711 5026 ι
1749 4976 1926 5029 anim-

354 5045 655 5101 advertere.
699 5043 804 5099 Sed
842 5044 1183 5099 traditionem
1220 5060 1250 5098 a
1287 5043 1566 5114 Scriptura
1608 5061 1716 5099 non
1747 5046 1926 5098 disso-

354 5116 461 5169 ciat
485 5114 983 5185 Hippolytus,_dum
1012 5114 1263 5185 pietatem
1303 5132 1323 5185 ς
1352 5114 1698 5185 nonaliunde
1723 5133 1740 5164 ι
1771 5130 1923 5183 repe-

354 5186 437 5251 tit,
477 5205 496 5237 ι
536 5182 700 5255 quam
724 5201 793 5240 ex
825 5182 1122 5254 Scripturis
1150 5184 1369 5238 divinis.
1399 5202 1418 5234 ι
1445 5182 1562 5238 Νοιι
1586 5184 1730 5238 enim
1760 5182 1920 5255 aliam

352 5252 592 5309 defendit
639 5266 828 5310 contra
884 5252 1167 5309 hmreticos
1223 5254 1721 5323 interpretationem
1765 5252 1915 5307 Scri-

350 5334 546 5394 pturaz,
594 5341 758 5392 quam
810 5338 933 5394 quae
980 5324 1232 5379 Ecclesia:
1282 5324 1570 5378 traditione
1621 5323 1916 5377 nitebatur.

353 5395 692 5464 Quapropter
717 5393 900 5450 verbis
932 5396 1091 5449 modo
1112 5394 1291 5449 citatis
1315 5395 1477 5463 paulo
1511 5402 1638 5464 post
1664 5394 1778 5447 haec
1818 5393 1919 5464 ad-

351 5462 589 5535 diti—Mli
615 5465 733 5535 κατ’
768 5464 900 5519 ἰδίαν
922 5464 1266 5535 προαίρεσιν,
1294 5462 1566 5535 μηδὲνκαθ
1598 5462 1735 5535 Δίδιον
1770 5462 1916 5535 νοῦν,

353 5533 491 5605 μηδὲ
527 5530 832 5606 βίαςόμενοι
877 5534 945 5587 τά
976 5530 1080 5587 ὗπὸ
1101 5530 1218 5587 ’τοῦ
1261 5530 1395 5587 Θεοῦ
1421 5533 1697 5605 δεδομένα.
1745 5552 1763 5584 ι
1798 5530 1919 5606 Non

351 5604 651 5659 seeundum
687 5604 958 5674 propriam
1003 5606 1333 5659 voluntatem
1360 5644 1374 5668 ,
1412 5604 1589 5673 neque
1616 5604 1915 5658 secundum

373 5674 629 5742 iroprium
657 5690 898 5738 sensum,
937 5691 1110 5744 neque
1142 5675 1247 5728 vim
1290 5676 1581 5728 inferentes
1616 5674 1702 5736 iis,
1734 5689 1854 5742 quae
1885 5689 1916 5727 a

399 5759 462 5797 eo
495 5746 619 5797 data
653 5754 793 5799 sunt.
843 5764 860 5793 ι
898 5743 1162 5798 Praeterea
1196 5744 1424 5799 Noetum
1449 5743 1643 5798 merito
1680 5744 1913 5813 ejectum

351 5829 383 5869 α
416 5815 742 5884 presbyteris
774 5824 956 5869 narrat
985 5831 1105 5885 cap.
1142 5817 1193 5882 1,
1223 5817 1366 5884 quod
1388 5813 1643 5871 Ecclesiae
1671 5815 1913 5870 traditio-

2035 4624 2269 4681 Fabricii
2299 4627 2402 4695 hac
2434 4626 2571 4695 _ipsa
2626 4626 2693 4681 de
2727 4642 2786 4681 re
2813 4634 3202 4695 commentum,
3238 4640 3346 4692 quo
3404 4628 3597 4695 iterum

2034 4696 2137 4751 sibi
2172 4696 2326 4749 finxit
2358 4682 2704 4767 Hippolytum
2734 4697 2895 4751 veluti
2936 4714 2969 4767 ι
2991 4682 3289 4767 Scriptura:
3331 4694 3603 4767 sufficien-

2032 4767 2161 4819 tiam
2202 4785 2222 4817 ι
2256 4765 2590 4820 astruentem
2622 4767 2762 4821 infra
2800 4781 2919 4835 cap.
2953 4765 3039 4828 17,
3077 4765 3412 4835 ubihsanctus
3445 4765 3602 4835 lfater

2031 4836 2097 4889 ad
2136 4836 2464 4908 credendum
2509 4835 2647 4908 κατά
2674 4836 2771 4907 τὴν
2800 4833 3090 4908 παράδοσιν
3122 4833 3232 4887 τῶν
3265 4833 3599 4908 ἀποστόλων,

2034 4923 2053 4985 ι
2083 4906 2381 4985 secundum
2404 4905 2750 4961 traditionem
2776 4905 3239 4985 apostoloruer
3259 4905 3443 4959 tideles
3470 4908 3599 4958 bor-

2027 4983 2195 5029 tatur.
2248 4974 2326 5058 lbi
2357 4990 2593 5058 namque
2630 4991 2699 5030 ne
2726 4974 2850 5045 quis
2883 4984 3033 5058 putet
3060 4974 3407 5058 traditionem
3456 4991 3598 5058 quo-

2025 5059 2132 5113 que
2162 5054 2360 5116 praeter
2405 5044 2757 5116 Scripturam’
2789 5054 3040 5116 sanctum
3078 5054 3375 5116 martyer
3424 5044 3601 5116 admi-

2025 5113 2184 5185 sisse,
2217 5115 2447 5171 sollicite
2474 5113 2759 5172 Fabricius
2788 5115 2904 5169 haec
2928 5116 3181 5170 adnotat:
3228 5113 3249 5166 ἱ
3283 5113 3363 5168 En
3417 5115 3597 5185 παρά-ρ

2021 5183 2165 5257 δοσιν
2196 5185 2572 5257 ἀποστολικήν,
2592 5188 2683 5241 sed
2711 5201 2876 5257 quam
2896 5201 3028 5257 mox
3053 5201 3120 5239 ex
3140 5184 3356 5257 scriptis
3379 5183 3598 5257 aposto-

2023 5254 2145 5309 licis
2171 5256 2481 5327 clarissime
2509 5253 2769 5312 'testatam
2805 5255 2936 5327 facit
2959 5253 3304 5327 Hippolytus.
3352 5273 3371 5305 ι
3410 5253 3594 5327 Ιροιιε-

2023 5340 2143 5395 sum
2166 5326 2376 5381 laborat
2398 5326 2488 5380 hic
2513 5327 2857 5382 scholiastes.
2883 5321 3177 5395 Siqui’d'etn'
3192 5333 3411 5380 sanctus
3434 5321 3594 5395 Pater

2021 5394 2115 5451 lib.
2140 5395 2217 5449 De
2249 5396 2595 5466 Αηιίείιτίειο,
2627 5412 2748 5465 cap.
2777 5399 2827 5459 1,
2859 5392 3012 5450 Pauli
3040 5395 3270 5466 apostoli
3284 5392 3595 5466 exemplum

2022 5474 2265 5536 secutus,
2298 5470 2391 5534 qui
2418 5462 2765 5520 Timotheum
2806 5467 2871 5519 ad
2904 5485 2923 5517 ι
2950 5462 3255 5536 depositum
3283 5462 3592 5536 custodien-

2020 5535 2173 5596 dum,
2206 5530 2368 5610 atque
2384 5540 2450 5591 ad
2476 5551 2540 5590 ea
2559 5536 2807 5610 fidelibus
2824 5530 3136 5610 hominibus
3160 5530 3593 5610 commendanda

2020 5620 2142 5675 qua:
2172 5601 2368 5661 abs—se
2408 5622 2504 5675 per
2555 5606 2755 5660 multas
2796 5605 3205 5675 exhortationes
3254 5601 3584 5675 audierat,__r

2019 5669 2369 5743 hortabatur;
2407 5669 2522 5746 pari
2551 5676 2762 5728 ratione
2808 5674 3170 5745 Theophilum
3215 5685 3377 5728 suum
3421 5669 3591 5724 tradi-

2021 5749 2221 5802 tionem
2249 5747 2476 5802 edocere
2502 5746 2854 5814 cemperitur.
