4134 6372
492 461 593 516 Si?

1573 405 1580 415 '
1641 455 1920 513 CONTRA
1953 450 2282 508 HERESIN‘
2315 450 2538 508 NOETI.

3623 447 3727 502 8i8

492 577 628 628 θεῖαι
660 562 893 646 Γραῴαὶ,
932 573 1149 645 ἴδωμεν,
1179 573 1274 627 καὶ
1301 574 1400 627 ὅσα
1427 572 1784 640 διδάσκουσιν,
1830 571 2050 642 ὲπιγνῶ·

2163 571 2356 626 divinae
2383 568 2675 638 Scriptura:
2710 566 3036 637 praedicant,
3076 565 3343 630 sciamus;
3380 572 3433 618 et
3473 578 3731 631 quaecun-

494 684 611 739 μεν,
644 667 738 720 καὶ
772 667 847 729 ὼς
873 667 1014 721 θέλει
1045 666 1235 737 Πατὴρ
1256 664 1625 730 πιστεύεσθαι,
1656 665 2051 735 πιστεύσωμεν,

488 757 586 813 καὶ
624 755 699 820 ὡς
746 756 886 809 θέλει
936 756 1061 810 Υἱὸν
1088 755 1432 822 δοξάζεσθαι,
1467 756 1806 827 δοξάσωμεν,
1851 757 1940 809 καὶ
1979 757 2055 820 ὡς

489 848 631 904 θέλει
651 848 874 919 Πνεῦμα
903 850 1056 917 ἆγιον
1097 848 1414 920 δωρεῖσθαι,
1462 847 1729 919 λάϐωμεν.
1791 847 1880 918 Μὴ
1936 848 2056 901 κατ’

494 940 625 994 ἰδίαν
653 941 991 1012 προαίρεσιν,
1027 939 1161 1011 μηδὲ
1191 940 1310 993 κατ’
1333 938 1462 993 ίδιον
1508 937 1651 1003 νοῦν,
1706 938 1837 1010 μηδὲ
1881 937 2059 1008 βιαζό-

494 1048 639 1102 μενοι
661 1030 728 1084 τὰ
758 1032 861 1084 ὑπὸ
888 1029 982 1085 τοῦ
1012 1031 1146 1085 Θεοῦ
1178 1031 1460 1102 δεδομένα·
1498 1030 1608 1085 ἀλλ’
1637 1030 1695 1084 ὃν
1722 1031 1918 1102 τρόπον
1963 1030 2058 1083 αύ-

488 1124 580 1187 τὸς
601 1123 861 1196 ἐϐουλήθη
905 1124 995 1179 διὰ
1037 1124 1144 1179 τῶν
1195 1124 1364 1193 ἁγίων
1403 1124 1633 1197 Γραφῶν
1659 1122 1861 1190 δεῖξαι,
1888 1122 2058 1185 οὕτως

492 1215 707 1284 ἴδωμεν.

558 1306 689 1369 Θεὸς
720 1307 879 1377 μόνος
911 1307 1191 1380 ὑπάρχων,
1221 1309 1315 1362 καὶ
1347 1309 1510 1379 μηδὲν
1552 1307 1689 1378 ἔχων
1725 1306 1900 1378 ἐαυτῷ
1929 1308 2057 1375 σύγ-

488 1415 697 1470 χρονον,
726 1398 989 1472 ἐϐουλήθη
1028 1401 1227 1471 κόσμον
1284 1402 1483 1454 κτίσαι.
1529 1402 1586 1454 'U
1625 1401 1825 1471 κόσμον
1872 1403 2055 1471 ἐννοη-

492 1492 627 1557 θεὶς,
653 1491 880 1565 θελήσας
900 1510 960 1545 τε
983 1495 1075 1546 καὶ
1096 1494 1465 1565 φθεγξάμενος
1480 1479 1756 1563 emam-nt,
1778 1486 1820 1560 ᾧ
1849 1510 2059 1561 παραυ-

464 1602 469 1605 -
486 1584 613 1637 τίκα
630 1584 873 1655 παρέστη
892 1584 951 1637 τὸ
968 1585 1251 1655 γενόμενον
1268 1586 1342 1648 ὡς
1365 1578 1529 1655 ὴθέλη
1541 1600 1645 1638 τεν.
1672 1577 2055 1658 Λύςαρκὲςοῦν

490 1678 618 1748 ἡμῖν
637 1680 784 1730 ἐστιν
817 1678 973 1747 μόνον
1002 1678 1195 1732 είδέναι
1224 1680 1304 1732 ὅτι
1338 1668 1537 1751 [οὐδὲν]
1571 1679 1862 1750 σύγχρονον
1899 1676 2052 1730 Θεοῦ.

488 1770 650 1823 Οὐδὲν
669 1770 807 1841 πλὴν
826 1771 985 1833 αὐτὸς
1009 1766 1096 1842 ἦν·
1114 1754 1274 1835 αὐτὸς
1288 1771 1344 1824 δὲ
1367 1771 1525 1842 μόνος
1544 1769 1638 1833 ὣν,
1665 1770 1830 1834 πολὺς
1843 1765 1911 1841 ἦν

486 1860 623 1915 Οὔτε
651 1862 760 1935 γὰρ
788 1862 1000 1931 ἄλογος,
1028 1847 1150 1916 οὔτε
1183 1864 1402 1934 ἄσοφος,
1438 1862 1560 1917 οὔτε
1594 1862 1853 1925 ἀδύνατος
1872 1902 1885 1925 ,
1928 1859 2052 1914 οὔτε

2159 678 2264 733 que
2283 664 2498 727 docent,
2525 674 2950 731 cognoscamus:
2984 667 3037 712 et
3062 659 3203 714 sicut
3226 656 3386 710 Pater
3414 655 3530 708 vult
3556 655 3725 722 credi,

2159 755 2239 810 sic
2287 754 2604 820 credamus;
2655 760 2708 808 et
2752 753 2895 808 sicut
2934 751 3049 805 vult
3085 749 3281 804 Filium
3308 746 3620 817 glorificari,
3647 747 3727 801 sic

2157 848 2519 918 gloriﬁcemus
2541 865 2556 912 ;
2590 853 2642 899 et
2666 845 2806 900 sicut
2823 845 2936 899 vult
2957 843 3147 898 donari
3173 840 3432 910 Spiritum
3454 848 3725 903 sanctum,

2157 939 2234 993 sic
2254 938 2603 1008 accipiamus.
2627 936 2742 991 Non
2764 936 3059 991 secundum
3081 934 3352 1004 propriam
3372 933 3727 997 voluntatem,

2158 1045 2332 1100 neque
2355 1030 2649 1086 secundum
2678 1028 2955 1098 proprium
2984 1043 3226 1091 sensum,
3249 1041 3422 1095 neque
3450 1026 3558 1079 vim
3587 1024 3726 1080 infe-

2158 1130 2338 1177 rentes
2370 1122 2436 1178 iis
2478 1139 2597 1193 qua:
2633 1137 2661 1175 a
2694 1119 2802 1174 Deo
2829 1119 2948 1174 data
2982 1128 3141 1184 sunt;
3176 1117 3268 1173 sed
3310 1117 3581 1187 quomodo
3613 1115 3727 1184 ipse

2159 1232 2252 1284 per
2268 1225 2483 1272 sanctas
2503 1214 2713 1283 Scriptu
2723 1229 2810 1268 ras
2826 1212 3019 1267 docere
3039 1211 3225 1276 voluit,
3240 1209 3319 1266 sic
3340 1209 3727 1280 intelligamus.

2228 1308 2295 1361 Χ.
2334 1308 2478 1363 Deus
2509 1308 2657 1362 solus
2707 1322 2830 1360 eum
2874 1313 3036 1368 esset,
3063 1302 3307 1372 nihilque
3352 1301 3452 1356 sibi
3487 1313 3723 1355 coccvum

2159 1401 2399 1466 haberet,
2425 1400 2595 1454 voluit
2623 1399 2883 1453 mundum
2909 1396 3135 1451 ellicere.
3184 1394 3262 1475 Et.
3284 1394 3546 1448 mundum
3579 1391 3728 1463 cogi-

2159 1503 2280 1549 laus
2317 1509 2380 1548 ac
2400 1494 2588 1547 volens
2622 1502 2672 1545 et
2701 1492 2885 1546 dicens
2927 1487 3135 1553 eﬂ‘ecit;
3167 1487 3536 1555 continuoque
3560 1483 3727 1538 exsti—

2157 1586 2219 1640 tit
2251 1585 2301 1639 ei
2353 1584 2527 1639 factus
2562 1584 2703 1639 sicut
2758 1582 2964 1646 voluit,
2997 1591 3049 1634 et
3084 1579 3224 1634 sicut
3249 1578 3439 1643 voluit,
3475 1576 3722 1647 perfecit.

2159 1678 2304 1733 Satis
2331 1678 2493 1748 igitur
2519 1677 2676 1731 nobis
2723 1685 2805 1730 est
2851 1674 2989 1729 scire
3040 1675 3245 1737 solum,
3283 1672 3416 1725 nihil
3459 1685 3579 1725 esse
3616 1668 3726 1724 Deo

2157 1785 2416 1825 comvum.
2458 1768 2603 1823 Nihil
2631 1776 2747 1823 erat
2776 1775 2969 1836 praeter
2990 1765 3200 1833 ipsum;
3237 1762 3353 1833 ipse
3382 1762 3552 1828 solus,
3585 1760 3727 1815 mul-

2160 1874 2246 1919 tus
2269 1873 2416 1919 erat.
2453 1862 2561 1918 Nec
2592 1863 2735 1918 enim
2775 1872 2891 1916 erat
2920 1861 3039 1915 sine
3072 1860 3314 1923 ratione,
3356 1859 3474 1913 sine
3513 1859 3727 1929 sapien-

485 1954 805 2019 ἁδούλευτος
831 1950 919 2026 ἦν.
950 1956 1134 2010 Πάντα
1157 1954 1212 2008 δὲ
1241 1952 1308 2028 ἦν
1337 1945 1393 2009 ab
1426 1955 1592 2025 αὐτῷ,
1626 1954 1784 2017 αὐτὸς
1815 1953 1870 2007 δὲ
1902 1948 1967 2024 ἦν
1994 1951 2050 2004 τὸ

2156 1958 2248 2019 tia,
2286 1957 2401 2011 sine
2429 1956 2687 2025 potentia,
2716 1954 2834 2007 sine
2858 1952 3107 2007 consilio.
3137 1950 3331 2005 Omnia
3361 1958 3515 2004 erant
3548 1949 3603 2003 in
3627 1963 3718 2003 eo:

484 2048 612 2100 πᾶν.
640 2047 765 2100 "Ovs
793 2047 1057 2119 ἠθέλησεν
1087 2047 1432 2119 (89),ηκαθὼς
1462 2047 1745 2119 ἠθέλησεν,
1777 2043 1941 2110 ἔδειξε
1960 2043 2052 2095 τὸν

484 2140 654 2208 Λόγον
704 2139 868 2193 αὑτοῦ
920 2142 1133 2212 καιροῖς
1175 2140 1499 2211 ὡρισμένοις
1518 2142 1648 2211 παρ’
1682 2137 1861 2208 αὐτῷ,
1895 2135 1962 2189 δι’
1989 2127 2051 2189 οῦ

411 2290 415 2294 ς
483 2228 554 2282 τὰ
580 2229 761 2284 πάντα
787 2222 1060 2301 ἐποίησέν.
1099 2231 1225 2284 Ὅτε
1250 2231 1347 2301 μὲν
1385 2231 1544 2294 θέλει,
1577 2234 1736 2284 ποιεῖ·
1770 2231 1856 2283 ὅτε
1883 2230 1937 2283 δὲ
1963 2231 2051 2283 ὲν-

485 2316 757 2393 θυμείται,
789 2323 952 2376 τελεῖ·
984 2324 1070 2377 ὅτε
1097 2323 1154 2377 δὲ
1182 2322 1495 2392 φθέγγεται,
1513 2322 1759 2376 δεικνύει·
1782 2324 1867 2375 ὅτε
1886 2321 2053 2376 πλάσ-

486 2429 589 2475 σει,
620 2410 916 2481 σοφίζεται.
946 2413 1130 2466 Πάντα
1153 2412 1265 2484 γὰρ
1294 2414 1364 2467 τὰ
1412 2414 1711 2485 γενόμενα¹
1760 2404 1848 2466 διὰ
1892 2402 2050 2481 λόγου

488 2453 589 2475 --.,
621 2453 681 2466 ,ν
728 2453 916 2476 .,.......
948 2453 1130 2466 μνη...
1192 2453 1225 2465 ..
1306 2453 1364 2467 η.
1449 2453 1533 2467 ...ν
1582 2453 1676 2480 η...
1763 2453 1848 2466 ν...
1894 2453 1949 2465 ..υ
1991 2453 2048 2465 υ..

484 2504 579 2557 καὶ
610 2453 798 2572 σοιέίας
822 2453 1329 2575 τεχνάζεταιςλόιγῳ
1365 2453 1463 2574 μέν
1504 2453 1738 2587 κζίζωῦ,
1783 2453 2049 2576 σοφίαδδὲ

484 2594 721 2665 κοσμῶν.
766 2596 1050 2667 Ἐποίησεν
1072 2592 1163 2650 οὖν
1187 2596 1263 2655 ὡς
1289 2595 1585 2669 ἠθέλησεν,
1633 2596 1786 2661 θεὸς
1811 2597 1919 2670 γὰρ
1960 2593 2049 2668 ἦν.

394 2724 403 2733 .
485 2685 605 2739 Τῶν
633 2685 689 2738 δὲ
718 2686 1017 2757 γινομένων
1042 2688 1282 2759 ἀρχηγὸν
1313 2689 1405 2741 καὶ
1435 2687 1732 2758 σύμϐουλον
1764 2689 1857 2742 καὶ
1889 2689 2052 2760 ἐργά-

483 2793 581 2849 την
611 2768 825 2847 ἐγέννα
854 2779 1026 2847 Λόγον
1074 2778 1218 2851 (90),
1264 2780 1322 2833 ὃν
1365 2779 1534 2849 Λόγον
1564 2780 1713 2851 ἔχων
1756 2782 1812 2832 ὲν
1853 2779 2048 2847 ἑαυτῷ,

383 2869 386 2872 ’
485 2869 714 2941 ἀόρατόν
742 2887 801 2925 τε
829 2870 956 2924 ὄντα
983 2871 1060 2941 τῷ
1092 2869 1395 2943 ἱτιζομένῳ
1424 2872 1633 2941 κόσμῳ,
1666 2872 1857 2943 ὁρατὸν
1882 2875 2047 2934 ποιεῖ,

485 2963 753 3034 προτέραν
774 2964 954 3035 φωνὴν
979 2963 1365 3035 φθεγγόμενος,
1397 2965 1490 3017 καὶ
1514 2963 1627 3036 φίὺς
1653 2965 1717 3017 ἐκ
1747 2963 1919 3033 φωτὸς
1939 2962 2048 3032 (91)

483 3054 703 3122 γεννῶν,
740 3055 978 3127 προῆκεν
995 3059 1060 3126 τῇ
1076 3056 1253 3108 ’κτίσει
1275 3055 1498 3127 Κύριον,
1515 3048 1604 3107 τὸν
1624 3054 1751 3107 ἴδιον
1782 3054 1903 3109 νοῦν
1919 3056 2049 3124 (92),

482 3146 629 3217 αὐτῷ
670 3147 812 3218 μόνῳ
843 3148 1104 3220 πρότερον
1133 3148 1325 3220 ὁρατὸν
1353 3148 1687 3219 ὑπάρχοντα,
1721 3146 1798 3216 τῷ
1826 3147 1881 3200 δὲ
1908 3164 2050 3215 γινο-

425 3281 432 3288 .
488 3238 631 3309 μένῳ
652 3236 840 3309 κόσμῳ
858 3230 1097 3311 ’ἀόρατον
1134 3238 1296 3303 ὄντα,
1327 3240 1518 3311 ὁρατὸν
1564 3243 1739 3305 ποιεῖ,
1771 3241 1916 3302 ὅπως
1962 3239 2048 3293 διὰ

478 3328 575 3382 τοῦ
608 3330 837 3401 φανῆναι
868 3330 988 3384 ἰδὼν
1016 3332 1045 3384 ό
1064 3330 1284 3402 κόσμος,
1310 3331 1545 3402 σωθῆναι
1572 3331 1791 3403 δυνηθῇ.

1156 3457 1183 3484 ι.

555 3598 663 3651 Καὶ
682 3597 851 3663 οὕτως
885 3599 1183 3671 παρίστατο
1211 3597 1360 3669 αύτῷ
1387 3598 1605 3669 ἓτερος.“
1626 3600 1850 3671 Ἕτερον
1879 3599 1933 3652 δὲ
1962 3598 2045 3652 λέ-

310 3661 319 3672 ’
386 3686 389 3691 ·
481 3705 594 3757 των
622 3688 730 3759 (93)
759 3661 939 3742 οιδύο
964 3661 1131 3753 tam.
1154 3661 1455 3760 λέγω,’ἀλλ’
1481 3661 1560 3753 ἰδέ
1586 3689 1701 3758 φῶς
1754 3661 1817 3743 ἐκ
1847 3691 2041 3760 φωτὸς,

482 3780 517 3851 ἢ
546 3781 622 3844 ὡς
651 3780 794 3853 ὕδωρ
815 3782 879 3833 ὲκ
905 3781 1109 3853 πηγῆς,
1143 3782 1176 3854 ἢ
1200 3781 1274 3845 ὡς
1298 3783 1491 3836 ἀκτῖνα
1521 3783 1627 3835 ἀπὸ
1663 3781 1831 3853 ἡλίου.
1880 3782 2046 3836 Δύνα-

460 3887 575 3953 μις
594 3871 715 3943 ’γάρ
747 3871 844 3942 μία
872 3873 988 3942 ήὲκ
1015 3871 1109 3925 τοῦ
1144 3874 1342 3937 παντός
1360 3890 1373 3903 ο
1400 3874 1460 3926 τὸ
1492 3873 1549 3927 δὲ
1591 3875 1697 3929 πᾶν
1729 3874 1917 3947 Πατὴρ
1940 3914 1955 3938 ,
1989 3875 2047 3940 ἐξ

481 3955 544 4015 οῦ
575 3962 799 4033 δύναμις
815 3962 1003 4032 Λόγος.
1029 3956 1198 4027 Οὗτος
1231 3964 1288 4017 δὲ
1330 3964 1453 4028 νοῦς
1491 3966 1599 4036 (94)
1622 4007 1636 4031 ,
1671 3966 1730 4030 ὃς
1760 3967 1966 4039 προϐάς
1991 3969 2047 4021 ὲν

385 4082 407 4103 .-
485 4052 673 4125 κόσμῳ
708 4054 975 4108 ἐδείκνυτο
995 4057 1121 4118 παῖς
1147 4054 1300 4108 Θεοῦ.
1334 4056 1518 4110 Πάντα
1549 4057 1828 4111 τοίνυν’δι⁹
1861 4058 2045 4121 αὐτοῦ,

484 4144 645 4209 αὐτὸς
674 4146 730 4200 δὲ
779 4147 937 4217 μόνος
968 4148 1033 4200 ἐκ
1064 4147 1294 4218 Πατρός.
1342 4149 1437 4211 Τίς
1483 4148 1659 4204 τοίνυν
1694 4149 2049 4219 ἀποφαίνεται

541 4300 602 4382 ,⁸³
638 4299 797 4355 Joan.
836 4317 889 4365 ι,
922 4302 975 4355 5.

555 4479 666 4549 (88)
694 4479 884 4547 Αὐτὸς
909 4479 977 4533 δὲ
1002 4481 1188 4548 μόνος
1206 4479 1322 4543 ὢν,
1352 4481 1545 4547 πολὺς
1570 4476 1667 4549 ἦν.
1695 4479 1849 4535 Hunc
1872 4481 2047 4535 locum

485 4549 1248 4622 egregieillusrrat_Georgius
1276 4549 1463 4622 Bullus
1504 4552 1710 4621 Defens.
1752 4552 1846 4621 ﬁd.
1897 4551 2046 4615 Nic.,

485 4617 732 4682 sectfm,
764 4636 884 4690 cap.
925 4617 984 4690 8:
1028 4617 1280 4690 θείνας.
1307 4620 1434 4676 219.

557 4691 667 4761 (89)
696 4689 1189 4761 "Ots'ridélnasr',
1220 4689 1279 4747 κ.
1313 4708 1365 4745 τ.
1393 4694 1453 4746 λ.
1494 4689 1634 4761 Haec
1674 4699 1728 4746 et
1769 4692 2047 4761 sequentia

485 4760 684 4832 mirum
714 4762 774 4832 .i_n
810 4760 1029 4832 modum
1061 4762 1314 4832 explanat
1346 4760 1511 4832 simul
1536 4769 1590 4814 et
1614 4772 1833 4816 strenue
1868 4771 2049 4817 tuetur

488 4829 678 4884 centra
726 4830 938 4884 Jurium
990 4829 1343 4886 doctissimus
1383 4830 1702 4886 Bossuetius
1761 4832 2048 4887 Meldensis

485 4899 801 5021 Epist-gap“,
833 4899 1088 4956 Avertiss.
1130 4917 1206 4969 γι,
1237 4900 1376 4971 ςοε.
1415 4917 1509 4955 sur
1538 4901 1611 4955 les
1660 4903 1836 4957 lettres
1874 4902 1937 4956 de
1966 4902 2045 4959 Μ.

527 4985 697 5022 urteu.

561 5036 670 5106 (90)
696 5038 952 5113 _’_E7~_érra
981 5042 1192 5113 Λόγον.
1227 5040 1317 5113 Ait
1344 5038 1661 5113 Hippolytus
1688 5041 1853 5097 Deum
1886 5057 2046 5109 gene-

487 5121 642 5162 rasse
696 5106 964 5179 Verbum,
1016 5106 1161 5179 quod
1197 5112 1267 5165 ab
1312 5106 1512 5167 aeterno
1541 5106 1607 5168 'in
1663 5128 1720 5167 se
1765 5106 2044 5167 habuerat.

488 5176 827 5258 ῼιιηοῐῃοόοῗΔ
862 5196 880 5229 ι
916 5176 1119 5258 ipsum,
1170 5180 1375 5250 inquit,
1435 5183 1939 5258 temporibusapnd
1972 5198 2050 5258 _se

489 5246 726 5318 definitis
747 5246 1014 5318 ostendit;
1040 5249 1225 5318 ipsum
1244 5246 1521 5306 creatura:
1546 5246 1607 5306 "ut
1639 5246 1926 5306 Dominum
1956 5252 2049 5306 de-

487 5316 756 5398 prompsit
775 5335 796 5398 ε⁹
815 5317 991 5398 ipsum
1022 5316 1254 5398 denique
1284 5321 1501 5398 sibimet
1528 5323 1627 5376 soli
1649 5323 1801 5398 prius
1838 5329 2046 5398 notum,

489 5386 695 5473 mundo
746 5386 1211 5473 visibilemﬁfecit.
1247 5408 1265 5441 ι
1297 5390 1507 5473 Itaque.
1529 5386 1823 5473 generatio
1846 5408 1952 5461 qna
1983 5392 2049 5473 de

487 5453 731 5537 loquitur
760 5454 1100 5538 Hippolytus.
1123 5473 1242 5538 non
1272 5468 1353 5513 est
1386 5453 1565 5538 Verbi:
1581 5453 1894 5538 productio;
1954 5462 2047 5538 sed

488 5524 780 5607 ipsius,_ex
818 5524 1617 5607 {eternaPatricoexsistentis,
1644 5524 1922 5596 ostensio,
1955 5532 2049 5585 de-

490 5596 762 5667 promptio
802 5603 856 5650 et
884 5594 1247 5667 manifestatio
1270 5613 1391 5667 quae
1428 5616 1514 5655 res
1558 5612 1768 5656 creatas
1797 5594 2049 5667 respexe—

491 5665 580 5718 rit.
614 5664 802 5719 Bullus
824 5674 879 5719 et
906 5664 1223 5722 Bossuetius
1262 5664 1318 5722 ll.
1350 5684 1431 5724 cc.
1456 5668 1642 5725 Neaue
1672 5671 1827 5725 aliter
1866 5664 2047 5725 Hara-

489 5747 609 5813 nusn
625 5734 694 5813 De
718 5735 922 5813 diyinit.
943 5734 1001 5790 Ι.
1034 5733 1118 5813 C._,
1147 5736 1246 5813 liii.
1267 5753 1340 5813 tv,
1367 5755 1485 5813 cap.
1521 5733 1607 5806 l3,
1643 5738 1749 5813 §_5,
1779 5739 2044 5813 βόες-458.

559 5803 671 5872 (91)
705 5803 832 5871 Φῶς
854 5806 921 5858 ἐκ
947 5805 1157 5874 φωτός.
1194 5805 1283 5862 Sic
1315 5803 1475 5863 locuti
1511 5803 2048 5866 ante‘Patfcs'Ntcm-

491 5885 615 5938 nos,
665 5882 858 5949 praeter
903 5873 1256 5949 Hippolytum
1299 5888 1568 5945 nostrum,
1630 5890 1758 5937 sunt
1800 5879 2055 5937 Justinus

2154 2050 2268 2118 ipse
2302 2058 2417 2102 erat
2455 2046 2658 2102 omnia.
2697 2044 2923 2133 Quando
2963 2044 3165 2107 voluit,
3212 2052 3267 2097 et
3310 2042 3582 2112 quomodo
3629 2055 3726 2095 vo-

2154 2144 2286 2207 luit,
2318 2140 2553 2195 ostendit
2583 2138 2814 2194 Vcrhum
2861 2153 3020 2193 suum
3060 2135 3394 2207 temporibus
3428 2134 3567 2205 apud
3600 2149 3723 2189 eum

2153 2234 2422 2301 definitis;
2455 2248 2545 2302 per
2573 2231 2713 2302 quod
2746 2230 2926 2285 omnia
2952 2229 3092 2285 fecit.
3127 2226 3370 2294 Quicum
3394 2227 3525 2291 vult,
3561 2226 3725 2295 facit;

2154 2326 2370 2397 quando
2405 2326 2635 2395 cogitat,
2680 2322 2919 2394 perficit;
2963 2323 3179 2391 quando
3212 2322 3452 2393 loquitur
3479 2361 3493 2385 ,
3541 2330 3727 2375 osten-

2153 2419 2229 2472 dit
2253 2417 2520 2491 ;.qnando
2554 2416 2784 2482 format,
2821 2412 3139 2484 sapientiam
3171 2414 3303 2468 edit.
3350 2411 3541 2466 Omnia
3577 2412 3725 2467 enim

2153 2526 2274 2580 quac
2335 2510 2475 2564 facta
2524 2517 2686 2570 sunt.
2735 2507 2946 2562 ratione
2994 2514 3046 2562 et
3092 2503 3356 2576 sapientia
3402 2501 3723 2568 fabrefaCit;

2154 2605 2361 2658 ratione
2407 2602 2623 2672 quidem
2670 2610 2838 2664 creat,
2893 2600 3152 2670 sapientia
3192 2613 3323 2655 vero
3362 2605 3541 2653 ornat.
3573 2595 3727 2652 Fecit

2156 2693 2319 2765 igitur
2353 2693 2494 2748 sicut
2522 2692 2722 2747 voluit:
2760 2690 2898 2745 Deus
2929 2690 3070 2745 enim
3113 2695 3249 2745 erat.
3298 2686 3500 2742 Eorum
3542 2696 3724 2741 autem

2154 2802 2272 2856 quae
2300 2785 2435 2840 facta
2475 2794 2629 2851 sunt,
2659 2782 2886 2849 ducem,
2925 2782 3297 2838 consiliarium
3332 2788 3385 2835 et
3414 2780 3721 2851 operarium

2153 2879 2444 2951 generabat
2478 2876 2714 2931 Verbum
2735 2873 2922 2946 ;’qu0d
2956 2872 3192 2930 Verbum
3222 2889 3346 2930 cum
3382 2873 3437 2926 in
3472 2888 3531 2928 se
3557 2873 3726 2928 habe-

2154 2983 2255 3035 ret,
2285 2978 2537 3040 essetque
2579 2966 2786 3025 mundo
2845 2975 3029 3021 creato
3096 2964 3519 3035 inaSpectabile,
3595 2963 3720 3017 fecit

2146 3061 2768 3135 aspectabile,emittens
2795 3058 3030 3129 priorem
3064 3070 3295 3122 vocem;
3332 3062 3386 3110 et
3429 3044 3611 3109 lumen
3657 3068 3721 3107 ex

2155 3155 2357 3212 lumine
2382 3169 2680 3225 generatis,
2715 3151 3049 3221 deprompsit
3088 3152 3190 3221 ipsi
3229 3157 3492 3206 creatura:
3538 3144 3727 3200 Domi-

2154 3262 2280 3300 num
2303 3286 2319 3311 ,
2349 3258 2569 3300 sensum
2614 3256 2772 3296 suum
2802 3258 2815 3306 ;
2845 3248 2898 3294 et
2927 3241 3019 3310 qui
3052 3241 3203 3310 prius
3234 3240 3334 3310 ipsi
3369 3247 3577 3293 tantum
3608 3245 3726 3291 erat

2150 3337 2412 3399 visibilis,
2459 3333 2661 3388 mundo
2690 3339 2867 3385 autem
2910 3332 3232 3396 invisibilis;
3280 3331 3427 3385 hunc
3454 3328 3723 3385 visibilem

2149 3428 2294 3491 facit,
2348 3437 2407 3482 ut
2453 3428 2688 3481 mundus
2722 3443 2845 3481 cum
2873 3442 3019 3487 eum,
3054 3425 3146 3493 qui
3188 3423 3467 3498 apparuit,
3501 3422 3723 3485 videret,

2143 3519 2327 3576 salvus
2353 3519 2464 3573 fieri
2494 3515 2698 3590 p’ossct.

2214 3614 2308 3670 XI.
2347 3615 2525 3684 Atque
2574 3614 2645 3667 ita
2691 3612 2860 3667 astitit
2903 3613 2950 3665 ei
2996 3611 3156 3666 alius.
3193 3609 3330 3664 Cum
3368 3608 3532 3663 alium
3566 3607 3725 3669 dico,

2148 3723 2254 3760 non
2285 3706 2423 3761 duos
2450 3705 2584 3760 Deos
2608 3704 2761 3771 dico;
2794 3704 2887 3758 sed
2917 3714 3173 3772 tanquam
3199 3703 3379 3755 lumen
3407 3717 3471 3754 ex
3495 3699 3723 3759 lumine,

2147 3807 2201 3851 et
2222 3779 2417 3866 aquam
2440 3812 2503 3851 ex
2535 3796 2700 3859 fonte,
2723 3806 2817 3850 aut
2836 3797 3046 3849 radium
3079 3809 3107 3848 a
3135 3794 3267 3850 sole.
3293 3793 3412 3849 Una
3438 3792 3580 3846 enim
3610 3789 3724 3842 vir-

2150 3898 2235 3942 tus
2265 3904 2386 3957 qua:
2407 3903 2474 3942 ex
2507 3895 2620 3942 toto
2652 3895 2785 3952 est;.
2808 3895 2979 3940 totum
3015 3900 3141 3939 vero
3166 3881 3349 3946 Pater,
3382 3897 3447 3936 ex
3473 3895 3582 3950 quo
3611 3880 3725 3932 vir-

2151 3988 2237 4033 tus
2270 3976 2529 4032 Verbum.
2575 3976 2690 4031 Hoc
2724 3990 2853 4030 vero
2880 3991 3036 4029 mens
3061 3984 3173 4038 est,
3198 3970 3345 4039 quod
3384 3970 3637 4040 prodiens
3668 3971 3722 4023 in

2150 4069 2438 4134 mundum,
2469 4077 2748 4124 ostensum
2773 4075 2856 4121 est
2881 4081 3017 4135 puer
3053 4065 3165 4119 Dei.
3200 4062 3392 4118 Omnia
3427 4062 3590 4132 igitur
3627 4076 3727 4131 per

2151 4159 2328 4227 ipsum
2363 4160 2428 4223 ",
2460 4159 2574 4227 ipse
2596 4166 2776 4211 autem
2805 4156 2955 4210 solus
2975 4171 3039 4209 ex
3066 4154 3244 4208 Patre.
3278 4150 3412 4217 Quis
3447 4166 3573 4221 ergo
3597 4165 3726 4219 pro—

2158 4497 2383 4567 martyr,
2409 4485 2668 4567 Tatianus
2684 4495 2736 4539 et
2751 4485 3123 4567 Athenagoras
3143 4479 3725 4567 ,utnn'ota'tumdocltIiS-

2155 4549 2521 4612 simo'Grahio
2543 4555 2607 4609 ad
2635 4554 2895 4609 lrenmum
2930 4549 3023 4607 lib.
3052 4567 3115 4613 ll,
3144 4569 3194 4608 c.
3217 4552 3310 4606 2'5.
3335 4550 3430 4604 His
3446 4551 3582 4606 adde
3609 4549 3723 4605 Me-

2079 4611 2125 4669 Ῐ)
2156 4611 2398 4682 thodium
2424 4628 2478 4680 in
2512 4625 2733 4680 homilia
2760 4625 2828 4680 de
2861 4611 3115 4679 Simeone
3146 4632 3201 4678 et
3225 4623 3405 4678 Anna.
3430 4637 3551 4690 pag.
3578 4620 3717 4676 152:

2152 4697 2223 4750 Σὺ
2253 4692 2306 4749 εἷ
2330 4696 2446 4766 φῶς
2473 4693 2721 4766 ἀληθινὸν
2739 4698 2815 4766 ex
2843 4694 3019 4766 φωτὸς
3047 4692 3301 4766 ᾁληθινοῦ
3322 4732 3337 4754 ,
3370 4691 3501 4766 Θεὸς
3528 4690 3721 4766 ᾁληθι-

2149 4768 2239 4830 νὸς
2261 4768 2325 4819 ἐκ
2341 4760 2479 4819 Θεοῦ
2509 4760 2784 4836 ἀληθινοῦ.
2818 4760 3153 4836 Athanasius
3169 4774 3355 4836 postea
3373 4760 3722 4836 (ἥκῃ-λύχνον

2151 4840 2216 4890 ὲκ
2239 4837 2455 4906 λύχνου,
2485 4831 2618 4889 ιοηιζ
2657 4837 2697 4906 l,
2733 4852 2852 4906 pag.
2888 4834 3012 4898 88l,
3046 4831 3182 4906 edit.
3198 4832 3463 4906 Lipsiens.
3496 4831 3715 4906 Emme.

2221 4901 2337 4976 (925
2364 4901 2747 4976 "16:03?er
2783 4905 2992 4976 Filius,
3018 4904 3163 4969 νοῦς,
3196 4902 3355 4973 σοφία
3397 4901 3574 4956 Patris
3600 4941 3614 4965 ,
3665 4914 3721 4955 et

2151 4977 2291 5031 infra
2316 4973 2368 5030 c.
2399 4977 2487 5039 15,
2514 4973 2790 5032 Voluntas.
2824 4974 2901 5029 In.

2219 5048 2334 5114 (95)
2359 5047 2599 5111 Ἕτερον
2658 5045 2724 5115 δὲ
2764 5045 2975 5115 λέγων.
3018 5042 3233 5098 Justino
3262 5042 3480 5115 mart_vri
3503 5040 3720 5115 quando

2150 5109 2322 5173 Filius
2346 5109 2532 5185 ἕτερόν
2562 5132 2615 5168 τι
2646 5131 2678 5170 a
2706 5109 2865 5185 Patre
2887 5130 3007 5170 esse
3039 5109 3718 5185 dicitur,__et_Tertulli_ano

2150 5187 2369 5256 quando
2430 5178 2453 5237 ἰ
2488 5185 2684 5239 Filium
2721 5194 2775 5239 et
2819 5184 3035 5238 Patrem
3076 5199 3197 5238 esse
3235 5180 3379 5235 aliud
3425 5179 3493 5233 ab
3545 5178 3652 5232 alio
3690 5198 3710 5230 ι

2151 5257 2400 5311 affirmat.
2425 5256 2613 5310 eadem
2655 5272 2777 5311 quae
2814 5254 3099 5311 Hippolvto
3137 5266 3289 5305 mens
3314 5288 3328 5311 ,
3361 5257 3419 5301 ut
3440 5248 3710 5303 Persona-

2151 5267 2400 5317 allirmal.
2425 5267 2613 5310 eadem
2655 5272 2777 5317 quae
2814 5267 3099 5317 mppotyto
3137 5267 3289 5305 mens
3314 5288 3328 5311 ,
3361 5267 3419 5301 ιιι
3441 5267 3712 5303 versuna—

2151 5269 2400 5317 atttrmat.
2425 5269 2613 5310 eadem
2655 5272 2777 5325 qua:
2814 5269 3099 5324 mppotyto
3137 5269 3289 5305 mens
3314 5288 3328 5311 ,
3361 5269 3419 5301 ιιι
3441 5269 3712 5303 rersuna—

2150 5343 2271 5381 rum
2301 5326 2707 5381 distinctionem.
2734 5324 3045 5389 ostendant,
3075 5339 3181 5377 non
3208 5329 3265 5375 ut
3290 5318 3571 5389 ὁμοούσιον
3601 5317 3718 5372 inll-

2152 5396 2555 5534 cuilflltilirbg;0¢
2578 5464 2646 5519 δὲ
2681 5464 2846 5529 νοῦς.
2891 5461 3193 5534 Turrianus
3230 5460 3379 5515 hunc
3419 5459 3596 5534 locum
3635 5456 3716 5512 sic

2151 5528 2490 5591 reddiderat:
2530 5528 2551 5585 ἱ
2582 5534 2698 5589 lloc
2734 5548 2862 5587 vero
2892 5547 3045 5585 mens
3069 5531 3183 5584 sive
3216 5544 3430 5599 sensus,
3463 5528 3553 5599 qu_i
3581 5543 3713 5599 pro-

2151 5606 2305 5660 diens
2348 5606 2402 5660 in
2442 5605 2704 5659 mundum
2728 5647 2742 5668 ,
2782 5612 3034 5656 ostensus
3073 5608 3158 5654 est
3195 5614 3331 5668 puer
3360 5597 3491 5653 Dci.’
3519 5597 3714 5651 Omnia

2151 5674 2317 5743 igitur
2341 5691 2585 5745 pereum
2616 5674 2755 5727 facta
2796 5680 2959 5745 sunt;
2982 5670 3110 5745 ipse
3139 5669 3290 5725 solus
3320 5684 3383 5745 ex
3425 5669 3586 5722 Patre
3624 5683 3714 5734 ge.

2151 5739 2318 5799 nitus.
2342 5739 2380 5796 ἰ
2418 5743 2618 5799 Grazeis
2648 5741 2901 5813 pressius
2923 5740 3270 5813 inhaerentem
3316 5739 3599 5813 Maranum
3625 5751 3723 5789 sed

2151 5814 2258 5871 cuti
2287 5830 2477 5872 sumus
2507 5814 2543 5870 Ι.
2576 5829 2626 5870 c.
2650 5810 2776 5885 pag.
2807 5810 2931 5879 459,
2959 5825 3120 5881 quem
3145 5811 3307 5866 adeas
3341 5811 3519 5865 velim.
