4134 6398
391 505 497 564 819

1056 499 1113 554 S.
1153 494 1513 552 illPPOLVTl
1550 494 1698 551 OPP.
1739 489 1922 548 PARS
1960 488 2022 543 ll.
2067 518 2135 529 -—
2174 482 2480 541 DOGMAT.
2521 479 2608 536 ET
2645 475 2987 534 HlSTORlC.
3262 495 3293 516 ι

3523 467 3695 524 θὲϐι

391 624 498 679 fert
531 619 929 677 multitudinem
965 616 1215 683 deorum,
1245 630 1367 686 quae
1391 630 1488 686 per
1523 611 1793 670 curricula
1824 619 1959 666 tem-

2073 603 2272 675 πληθὺν
2312 600 2449 654 θεῶν
2493 593 2977 670 παραϐαλλομένην
3026 586 3167 643 κατά
3212 582 3436 657 καιρούς
3451 598 3477 686 ς.
3516 582 3628 636 Καὶ

390 696 588 785 porum
630 710 855 782 appulsa
907 706 1041 762 fuit?
1084 696 1287 761 Omnes
1315 707 1458 761 enim
1497 721 1564 760 eo
1598 703 1799 761 redacti
1836 712 1963 759 sunt

392 804 579 870 inviti,
621 811 683 857 ut
710 802 891 857 dicant
930 799 1113 854 omnia
1145 800 1211 853 ad
1243 814 1413 852 unum
1454 811 1764 860 recurrere,
1800 796 1963 851 etiam

390 896 692 952 secundum
735 891 1080 948 Valentinum
1107 933 1123 955 ,
1178 901 1233 946 et
1277 890 1628 953 Marcionem,
1683 899 1737 945 et
1774 888 1965 944 Cerin-

393 992 572 1053 tltnm,
602 994 657 1041 et
693 997 907 1040 omnem
935 986 1151 1039 illorum
1189 984 1585 1054 nttgacitatetn;
1634 991 1688 1037 et
1722 982 1829 1036 hnc
1867 996 1969 1035 no-

390 1078 564 1133 lentes
590 1076 933 1142 reciderunt,
972 1084 1031 1129 ut
1060 1090 1225 1129 unam
1267 1073 1511 1130 omnium
1543 1087 1767 1127 causam
1795 1071 1965 1127 conli-

393 1178 632 1225 teantur.
676 1167 843 1239 Igitur
880 1167 1089 1222 veritati
1119 1166 1364 1221 nolentes
1416 1166 1803 1228 consentiunt,
1844 1179 1966 1221 esse

393 1261 602 1316 scilicet
638 1275 808 1315 unum
858 1256 1050 1321 Deum,
1079 1258 1174 1328 qui
1217 1255 1344 1312 fecit
1378 1257 1560 1312 omnia
1592 1256 1735 1311 sicut
1776 1256 1963 1310 voluit.

394 1351 495 1411 llic
518 1362 698 1408 autem
729 1351 877 1407 dedit
904 1351 1071 1421 legem
1102 1357 1157 1404 et
1184 1350 1506 1419 prophetas;
1537 1357 1591 1403 et
1617 1348 1797 1403 dando
1843 1361 1969 1401 coe-

394 1446 474 1515 git
501 1445 599 1500 hos
627 1459 723 1514 per
757 1442 1018 1513 Spiritum
1047 1450 1297 1497 sanctum
1329 1440 1513 1511 loqui,
1556 1449 1616 1494 ttt
1644 1439 1969 1508 accipientes

395 1537 615 1592 virtutis
640 1535 887 1591 Paternae
914 1534 1350 1605 inSpirationem,
1382 1533 1671 1593 consilium
1699 1543 1752 1589 et
1779 1531 1971 1588 volun-

396 1637 562 1685 tatem
589 1627 767 1685 Patris
789 1627 1129 1684 nuntiarent.

470 1816 588 1873 ΧΠ.
630 1815 693 1871 In
729 1815 816 1872 his
839 1814 1000 1887 igitur
1022 1814 1259 1870 Verbum
1286 1816 1625 1881 versabatur,
1645 1817 1871 1888 loquens
1896 1817 1964 1875 de

400 1922 463 1962 se
482 1906 617 1977 ipso.
638 1904 757 1961 Jam
779 1905 923 1960 enim
948 1905 1062 1974 ipse
1081 1919 1212 1959 suus
1245 1921 1421 1975 prmco
1450 1915 1598 1971 erat;
1621 1906 1965 1961 ostendebat-

399 2013 508 2069 que
528 1996 771 2052 futurum
807 2010 949 2061 esse,
971 2004 1031 2050 ut
1049 1995 1284 2053 Verbum
1319 1995 1375 2050 in
1403 1996 1711 2052 hominibus
1738 2012 1965 2067 appare-

401 2098 506 2144 ret.
537 2087 744 2144 Idcirco
774 2088 852 2143 sic
889 2087 1188 2143 clamabat:
1215 2108 1235 2139 ι
1267 2088 1461 2143 Factus
1497 2103 1614 2144 sum
1652 2089 1968 2145 manifestus

402 2179 469 2235 iis
493 2180 584 2251 qui
626 2195 736 2236 non
772 2179 1086 2251 quaerebant
1112 2195 1232 2247 me;
1270 2178 1521 2237 inventus
1555 2195 1674 2235 sum
1697 2179 1766 2235 ab
1789 2179 1854 2234 iis
1876 2180 1969 2250 qui

403 2288 514 2327 non
538 2271 942 2343 interrogabant
969 2287 1058 2326 me
1081 2272 1149 2325 ⁸³.
1182 2289 1200 2321 ι
1221 2269 1354 2337 Quis
1395 2286 1521 2326 vero
1561 2279 1643 2325 est
1679 2270 1770 2341 qui
1795 2270 1971 2327 factus

403 2371 487 2418 est
512 2363 847 2433 manifestus,
870 2364 975 2419 nisi
998 2363 1234 2418 Verbum
1260 2363 1471 2418 Patris?
1496 2363 1639 2434 quod
1663 2379 1785 2419 cum
1814 2363 1971 2419 Pater

404 2452 570 2516 misit,
598 2461 921 2522 potestatem
945 2469 1099 2508 suam
1136 2453 1375 2509 ostendit
1401 2451 1730 2508 hominibus.
1757 2451 1846 2507 Sic
1870 2452 1969 2524 igi-

404 2553 495 2599 tur
522 2545 723 2600 l'actum
746 2555 828 2601 est
855 2545 1199 2601 manifestum
1226 2545 1483 2611 Verbum,
1509 2544 1647 2600 sicut
1683 2544 1757 2599 ait
1785 2546 1974 2600 beatus

403 2634 661 2690 Joannes.
698 2634 917 2706 Repetit
955 2635 1100 2691 enim
1140 2635 1447 2691 summatim
1478 2650 1598 2705 quae
1628 2651 1660 2689 a
1694 2635 1974 2706 prophetis

409 2727 554 2781 dicta
578 2735 725 2792 sunt,
748 2727 1126 2782 demonstrans
1153 2727 1256 2782 hoc
1284 2741 1405 2783 esse
1434 2726 1669 2782 Verbum
1708 2742 1805 2798 per
1830 2727 1975 2797 quod

406 2816 590 2871 omnia
619 2816 761 2872 facta
789 2826 935 2872 sunt.
967 2816 1057 2872 Sic
1084 2816 1229 2873 enim
1258 2817 1332 2871 ait
1358 2833 1371 2869 :
1410 2837 1428 2868 ι
1464 2815 1524 2871 In
1552 2816 1819 2887 principio
1859 2824 1975 2870 erat

405 2905 664 2970 Verbum,
694 2915 751 2962 et
784 2905 1018 2962 Verbum
1045 2915 1162 2962 erat
1198 2906 1341 2977 apud
1371 2906 1563 2969 Deum,
1606 2914 1662 2961 et
1688 2905 1833 2959 Deus
1858 2913 1975 2959 erat

404 2998 664 3055 Verbum.
689 2997 881 3054 Omnia
922 3012 1020 3068 per
1060 2996 1235 3067 ipsum
1266 2996 1405 3051 facta
1442 3004 1601 3061 sunt,
1629 3004 1684 3050 et
1707 2996 1824 3049 sine
1853 2995 1972 3064 ipso

406 3091 607 3146 factum
653 3099 738 3145 est
788 3088 922 3143 nihil
959 3088 1024 3142 ".
1063 3106 1082 3138 ι
1118 3087 1186 3143 Et
1221 3087 1360 3142 infra
1398 3087 1481 3145 ait,
1512 3103 1524 3138 :
1567 3106 1586 3139 ι
1617 3085 1845 3141 Mundus
1878 3100 1977 3155 per

406 3182 585 3253 ipsum
617 3179 790 3236 factus
824 3188 924 3245 est,
965 3188 1021 3235 et
1056 3179 1289 3235 mundus
1329 3194 1454 3235 eum
1478 3193 1588 3233 non
1619 3175 1884 3248 cognovit.
1913 3175 1977 3230 In

2064 699 2171 770 γὰρ
2203 695 2403 758 πάντες
2440 689 2874 760 ἀπεκλείσθησαν
2897 688 2976 749 είς
3002 682 3159 736 τοῦτο
3192 681 3416 770 ἄκοντος
3432 677 3628 770 είπείν,

2062 767 2231 844 ὅτιτὸ
2260 788 2366 840 πᾶν
2396 785 2477 848 είς
2497 783 2594 838 ἕνα
2622 779 2925 853 ἀνατρέχει.
2952 778 3015 830 El
3039 770 3134 829 οὖν
3155 772 3224 827 τὰ
3240 769 3414 826 πάντα
3431 770 3511 831 είς
3531 767 3631 821 ινα

2064 879 2371 951 ἀνατρέχει,
2397 876 2489 931 καὶ
2506 873 2648 928 κατὰ
2667 871 3017 927 Ούαλεντῖνον
3034 865 3128 919 καὶ
3144 862 3284 918 κατά
3309 859 3631 951 Μαρκίωνα,

2064 950 2335 1043 Κήρινθόν
2368 986 2428 1022 τε
2458 967 2552 1021 καὶ
2587 967 2766 1019 πᾶσαν
2807 963 2905 1033 τὴν
2938 958 3161 1013 ἐκείνων
3195 954 3460 1025 φλυαρίαν
3480 991 3495 1015 ,
3535 950 3632 1005 καὶ

2065 1065 2286 1126 ἄκοντες
2311 1063 2390 1125 εἰς
2424 1060 2582 1114 τοῦτο
2612 1056 2964 1127 περιέπεσαν,
2998 1052 3086 1105 ἴνα
3122 1050 3214 1102 τὸν
3241 1047 3341 1101 ενα
3360 1043 3632 1117 ὁμολογή-

2069 1170 2232 1207 σωσιν
2270 1152 2441 1207 αἴτιον
2460 1151 2577 1204 τῶν
2610 1149 2825 1203 πάντων
2843 1164 2857 1178 ο
2909 1144 3081 1207 οὕτως
3117 1136 3212 1195 οῦν
3253 1137 3637 1211 συντρέχουσιν

2067 1246 2160 1299 καὶ
2185 1246 2336 1299 αὐτοὶ
2374 1243 2448 1316 μὴ
2488 1242 2734 1305 θέλοντες
2773 1242 2837 1311 τῇ
2889 1235 3117 1307 ἀληθείᾳ
3156 1234 3253 1287 ἕνα
3287 1230 3421 1286 Θεὸν
3456 1228 3638 1298 λέγειν

2067 1337 2371 1408 ποιήσαντα
2397 1335 2472 1397 ὡς
2503 1332 2782 1404 ἠθέλησεν.
2830 1322 2997 1391 Οὗτος
3027 1326 3083 1380 δὲ
3118 1324 3313 1379 ἔδωκεν
3349 1321 3511 1393 νόμον
3541 1318 3640 1375 καὶ

2070 1428 2375 1499 προφήτας,
2403 1425 2499 1479 καὶ
2526 1424 2650 1487 δοὺς
2665 1422 2755 1476 διὰ
2778 1420 3093 1491 ιῐνεύματος
3129 1416 3284 1485 ἀγίου
3327 1414 3638 1483 ἠνάγκασεν

2069 1518 2291 1581 τούτους
2330 1515 2663 1587 φθέγξασθαι
2705 1514 2837 1584 (95).
2867 1514 3015 1575 ὅπως
3037 1509 3138 1579 τῆς
3173 1506 3437 1579 Πατρῴας
3481 1505 3639 1560 δυνά⁹
3680 1546 3685 1551 λ
3744 1582 3745 1585 η

2072 1629 2218 1680 μεως
2248 1609 2345 1681 τὴν
2372 1610 2670 1663 ἀπόπνοιαν
2697 1602 3084 1673 λαϐόντες,τὴν
3115 1601 3306 1672 βουλὴν
3338 1600 3433 1653 καὶ
3457 1598 3519 1651 τὸ
3547 1597 3637 1650 θέ-

2071 1702 2221 1773 λημα
2248 1701 2346 1755 τοῦ
2379 1700 2591 1771 Πατρὸς
2619 1696 3061 1779 καταγγείλξυσιν.

2116 1804 2241 1868 ’Ἐν
2260 1814 2469 1878 τούτοις
2515 1813 2693 1866 τοίνυν
2734 1810 3145 1879 πολιτευόμενος
3179 1808 3208 1860 ό
3239 1805 3408 1875 Λόγος
3442 1790 3639 1873 ἐφθέγ-

2070 1922 2204 1974 γετο
2225 1904 2353 1977 περὶ
2373 1903 2587 1959 ἑαυτοῦ.
2629 1901 2766 1974 Ἤδη
2797 1897 2906 1973 γὰρ
2926 1898 3086 1963 αὐτὸς
3110 1897 3302 1951 ἑαυτοῦ
3327 1896 3502 1968 κῆρυξ
3522 1895 3646 1964 ἐγέ-

2072 2014 2212 2060 νετο,
2234 1994 2495 2050 δεικνύων
2526 1994 2788 2067 μέλλοντα
2811 1994 2984 2060 Λόγον
3015 1990 3298 2061 φαίνεσθαι
3341 1990 3397 2042 ὲν
3435 1987 3646 2061 ἀνθρώ-

2071 2104 2214 2151 ποις,
2244 2087 2310 2140 δι’
2337 2090 2401 2159 ἡν
2427 2086 2603 2141 αἰτίαν
2621 2086 2793 2149 οὕτως
2814 2084 2946 2138 ἐϐόα
2968 2100 2982 2114 ’
3017 2100 3036 2134 ι
3079 2082 3356 2153 Ἐμφανὴς
3378 2081 3644 2151 ἐγενόμην

2070 2181 2182 2241 τοῖς
2201 2179 2302 2249 ἐμὲ
2331 2178 2405 2250 μὴ
2440 2178 2714 2248 ζητοῦσιν,
2748 2175 2979 2248 εὐρέθην
3007 2176 3121 2238 τοῖς
3162 2175 3260 2245 ἐμὲ
3310 2172 3384 2245 μὴ
3430 2175 3643 2242 ἐπερω-

2071 2270 2254 2324 τῶσιν.
2293 2289 2312 2323 ι
2353 2271 2448 2336 Τίς
2474 2269 2532 2324 δέ
2563 2272 2710 2323 ἐστιν
2742 2270 2771 2323 6
2805 2267 3051 2339 ἐμφανὴς
3096 2267 3385 2338 γενόμενος
3406 2305 3420 2329 ,
3466 2265 3579 2320 ἀλλ’
3605 2264 3641 2336 ἢ

2071 2364 2100 2415 6
2120 2361 2290 2430 Λόγος
2310 2361 2404 2416 τοῦ
2431 2361 2645 2433 Πατρός
2665 2378 2680 2427 ;
2712 2359 2772 2415 ὃν
2794 2359 3135 2415 ἀποστέλλων
3153 2360 3343 2431 Πατὴρ
3371 2358 3644 2413 ἐδείκνυεν

2072 2454 2384 2527 ἀνθρώποις
2415 2455 2514 2526 τὴν
2536 2456 2665 2527 παρ’
2695 2453 2888 2507 ἑαυτοῦ
2923 2452 3189 2517 ἐξουσίαν.
3224 2453 3408 2516 Οῦτως
3436 2446 3529 2505 οῦν
3548 2453 3648 2523 έμ-

2075 2550 2245 2619 φανὴς
2274 2549 2487 2617 ἐγένετο
2510 2550 2538 2600 6
2562 2547 2751 2615 Λόγος,
2770 2544 2952 2610 καθὼς
2965 2545 3133 2614 λέγει,
3154 2543 3645 2614 ἀνακεφαλαιοῦται

2073 2638 2180 2710 γὰρ
2210 2641 2238 2692 ό
2268 2637 2533 2710 μακάριος
2566 2636 2817 2706 Ἰωάννης
2845 2635 2915 2689 τά
2940 2635 3030 2688 διὰ
3056 2635 3164 2688 τῶν
3194 2634 3486 2707 προφητῶν
3502 2636 3648 2706 είρηο

2078 2731 2232 2803 μένα,
2264 2730 2476 2794 δεικνὺς
2506 2729 2693 2783 τοῦτον
2721 2724 2859 2783 εἶναι
2891 2729 2982 2782 τὸν
2998 2728 3190 2796 Λόγον,
3216 2727 3283 2781 δι’
3302 2721 3363 2780 οῦ
3386 2726 3647 2781 cauam

2074 2821 2309 2889 ἐγένετο.
2340 2822 2507 2892 Φησὶν
2531 2820 2639 2894 γὰρ
2674 2820 2868 2880 οὕτως’
2892 2838 2911 2871 ι
2958 2821 3048 2873 Ἐν
3081 2821 3222 2892 ἀρχῇ
3271 2815 3341 2891 ἦν
3372 2817 3403 2871 6
3438 2818 3645 2887 Λόγος,

2075 2913 2170 2966 καὶ
2189 2915 2218 2966 6
2245 2913 2415 2982 Λόγος
2444 2908 2512 2984 ἦν
2540 2912 2676 2984 πρὸς
2710 2912 2802 2965 τὸν
2821 2910 2975 2974 Θεὸν,
3005 2910 3101 2964 καὶ
3130 2911 3263 2974 Θεὸς
3289 2906 3357 2981 ἦν
3381 2912 3409 2963 ό
3453 2909 3644 2978 Λόγος.

2075 3003 2259 3057 Πάντα
2289 3003 2358 3057 δι’
2395 3003 2557 3057 αὑτοῦ
2594 3003 2841 3072 ἐγένετο,
2888 3003 2983 3057 καὶ
3014 3003 3182 3073 χωρὶς
3233 3000 3397 3056 αὑτοῦ
3434 3000 3650 3070 ἐγένετο

2074 3095 2197 3148 οὐδὲ
2223 3096 2281 3149 ἓν
2312 3094 2445 3167 (96).
2487 3115 2506 3147 ι
2554 3094 2837 3172 ’Υπο[6ὰς]
2893 3101 2949 3153 δὲ
3023 3093 3157 3165 ἔφη’
3192 3112 3211 3145 ‹
3259 3094 3318 3148 '0
3349 3093 3551 3165 κόσμος
3577 3093 3647 3149 δι’
3741 3120 3750 3128 -

2076 3187 2242 3241 αὺτοῦ
2266 3187 2501 3257 ἐγένετο,
2531 3187 2627 3241 καὶ
2658 3188 2687 3240 6
2712 3186 2913 3258 κόσμος
2935 3186 3096 3241 αὐτὸν
3124 3186 3223 3239 ούκ
3252 3184 3409 3253 ἔγνω.
3454 3183 3550 3250 Εἰς
3577 3184 3650 3240 τὰ

406 3272 622 3345 propria
663 3272 828 3339 venit,
875 3280 931 3328 et
980 3271 1064 3327 sui
1108 3286 1233 3326 eum
1265 3287 1377 3327 non
1414 3279 1737 3342 receperunt
1763 3272 1827 3324 “.
1865 3288 1885 3321 ι
1921 3267 1972 3325 Sl

2078 3276 2184 3330 ῐδια
2215 3273 2398 3349 ἦλθεν,
2423 3277 2518 3330 καὶ
2543 3277 2593 3329 οἱ
2627 3276 2745 3329 ῐδιοι
2775 3275 2937 3329 αὐτὸν
2959 3274 3020 3329 οὐ
3039 3272 3360 3345 παρέλαϐον.
3396 3291 3415 3325 ›
3446 3272 3511 3326 El
3533 3266 3650 3338 οῦν,

407 3350 663 3429 mundus,
698 3361 890 3432 inquit,
920 3375 1018 3431 per
1049 3361 1223 3430 ipsum
1251 3360 1423 3417 factus
1443 3370 1546 3427 est,
1577 3360 1717 3416 sicut
1743 3360 1818 3414 ait
1843 3360 1977 3414 Pro-

408 3452 571 3522 pheta
605 3469 618 3504 :
651 3471 670 3503 ‹
708 3450 883 3508 Verbo
910 3451 1122 3506 Domini
1153 3452 1275 3507 coeli
1304 3451 1501 3506 ﬁrmati
1514 3458 1641 3505 sunt
1663 3452 1737 3516 “;
1765 3468 1785 3503 ι
1820 3450 1980 3523 igitur

411 3544 515 3599 hoc
542 3552 625 3598 est
649 3542 905 3607 Verbum,
945 3544 1088 3613 quod
1117 3544 1318 3599 factum
1339 3552 1423 3599 est
1443 3543 1809 3599 manifestum.
1835 3543 1977 3615 Ergo

409 3634 649 3689 Verbum
679 3635 1016 3690 incarnatum
1042 3635 1349 3704 cernimus;
1378 3635 1592 3691 Patrem
1618 3650 1717 3706 per
1742 3650 1867 3689 eum
1902 3634 1981 3689 in-

411 3725 701 3797 telligimus
729 3742 743 3791 ;
774 3726 910 3781 Filio
952 3727 1251 3793 credimus;
1290 3726 1549 3798 Spiritum
1576 3737 1821 3783 sanctum
1849 3728 1980 3794 ado-

413 3832 616 3873 ramus.
671 3818 956 3874 Videamus
1000 3818 1161 3891 igitur
1204 3836 1324 3891 quae
1376 3820 1575 3892 scripta
1626 3829 1780 3886 sunt,
1835 3822 1980 3891 quod

411 3909 807 3980 praedicabatur
834 3908 1053 3980 quidem
1080 3904 1587 3966 Verbum'fitturum
1611 3910 1975 3967 manifestum.

475 3987 610 4045 XIII.
649 3990 915 4049 Jeremias
938 3992 1105 4048 etiam
1131 3993 1289 4050 dicit:
1333 4012 1353 4047 ι
1391 3993 1527 4061 Quis
1548 3998 1700 4051 stetit
1729 3998 1782 4051 in
1817 3998 1981 4068 hypoo

404 4080 536 4135 οταδί
566 4078 877 4146 Domini,et
904 4081 1037 4137 vidit
1066 4080 1299 4138 Verbum
1319 4082 1541 4154 ejus"?
1561 4103 1580 4137 ι
1603 4083 1839 4141 Verbum
1876 4103 1978 4141 au-

403 4180 512 4226 tem
552 4169 647 4227 Dei
688 4172 871 4228 solum
907 4182 993 4230 est
1024 4174 1272 4242 visibile;
1314 4177 1541 4233 verbum
1570 4193 1699 4234 vero
1745 4180 1979 4236 hominis

403 4264 659 4323 audibile.
702 4266 932 4334 Quando
954 4268 1096 4326 dicit
1124 4269 1305 4325 videre
1336 4268 1573 4327 Verbum
1592 4314 1607 4340 ,
1647 4289 1869 4329 necesse
1894 4284 1981 4330 est

403 4358 545 4413 mihi
569 4368 631 4415 ut
666 4362 908 4426 credam,
944 4362 1050 4417 hoc
1088 4362 1302 4419 visibile
1343 4364 1571 4421 missum
1605 4381 1745 4423 esse.
1777 4366 1979 4425 Missus

403 4458 587 4504 autem
620 4464 731 4504 non
769 4460 855 4507 est
893 4451 1033 4509 alius
1071 4468 1235 4523 quam
1283 4452 1543 4510 Verbum.
1596 4454 1751 4523 Quod
1796 4466 1976 4513 autem

404 4540 638 4594 missum
686 4537 829 4609 fuit,
877 4550 1108 4599 testatur
1129 4543 1358 4614 Petrus,
1401 4562 1526 4603 cum
1558 4548 1695 4603 dixit
1724 4548 1978 4605 Cornelio

2079 3369 2202 3440 ἔφη,
2226 3370 2257 3421 ό
2297 3370 2498 3440 κόσμος
2544 3368 2611 3420 δι’
2643 3366 2806 3421 αὑτοῦ
2837 3366 3165 3437 γεγένηται,
3217 3363 3399 3428 καθὼς
3444 3362 3591 3432 λέγει
3617 3363 3649 3418 ό

2078 3460 2368 3532 Προφήτης
2387 3477 2400 3490 -
2434 3477 2453 3510 ι
2486 3457 2575 3529 Τῷ
2606 3458 2764 3529 Λόγῳ
2798 3458 3004 3531 Κυρίου
3046 3458 3095 3510 οί
3132 3458 3350 3529 οὐρανοὶ
3380 3452 3643 3526 ἐστερεὼ-

2079 3548 2280 3620 θησανο
2317 3567 2336 3600 ι
2382 3549 2489 3621 ἄρα
2542 3544 2694 3613 οῦτός
2735 3549 2882 3603 ἐστιν
2917 3549 2949 3602 6
2973 3547 3145 3617 Λόγος
3192 3548 3222 3600 6
3259 3547 3353 3601 καὶ
3401 3543 3648 3617 ἐμφανὴς

2077 3639 2437 3710 δεικνύμενος.
2466 3640 2671 3694 υύκοῦν
2692 3639 2954 3712 ένσαρκοῦ
2980 3638 3151 3707 Λόγον
3173 3637 3499 3709 θεωροῦμεν,
3534 3636 3646 3687 Πα-

2077 3731 2212 3803 τέρα
2248 3731 2316 3785 δι’
2359 3730 2524 3786 αὐτοῦ
2562 3730 2791 3802 νοοῦμεν
2814 3771 2829 3796 ,
2860 3729 2974 3802 Υἱῷ
2998 3729 3055 3785 δὲ
3090 3729 3439 3798 πιστεύομεν,
3468 3725 3643 3779 Πνεύ-
3712 3723 3747 3775 ’.

2084 3838 2212 3891 ματι
2239 3822 2379 3893 ἁγίῳ
2418 3819 2843 3892 προσκυνοῦμεν.
2887 3818 3115 3890 ἰδωμεν
3156 3812 3249 3869 οὖν
3287 3814 3356 3868 τά
3400 3829 3647 3885 γεγραμ-

2082 3912 2238 3983 μένα,
2266 3912 2347 3965 ὄτι
2380 3912 2480 3984 μὲν
2511 3912 2801 3983 ὲμφανὴςό
2823 3910 2994 3980 Λόγος
3009 3909 3261 3979 ἐσόμενος
3292 3905 3645 3979 ἐκηρύσσετο.
3750 3956 3755 3962 .

2149 4004 2259 4057 Καὶ
2288 4002 2553 4074 Ἱερεμίας
2585 4001 2730 4070 λέγει
2752 4018 2766 4032 ·
2790 4019 2808 4052 ι
2838 4000 2935 4064 Τίς
2949 3999 3076 4071 ἔστη
3101 4000 3159 4053 ὲν
3179 3995 3649 4070 ὑποστήματι(97)

2078 4096 2305 4168 Κυρίου,
2335 4076 2566 4173 καὶίιίδεν
2590 4095 2679 4147 τὸν
2708 4094 2878 4163 Λόγον
2903 4091 3106 4158 αὐτοῦς
3147 4109 3166 4143 ι
3210 4089 3383 4161 Λόγος
3425 4088 3482 4143 δὲ
3513 4087 3650 4142 Θεοῦ
3719 4106 3726 4111 ·

2082 4190 2241 4260 μόνος
2276 4176 2470 4260 ὁρατὸς
2489 4227 2505 4254 ,
2537 4184 2823 4258 ἀνθρώπου
2862 4185 2920 4238 δὲ
2971 4183 3256 4247 ἀκουστός.
3299 4183 3472 4238 Ὅπου
3518 4180 3652 4252 όρᾷν

2078 4280 2168 4335 τὸν
2194 4281 2368 4350 Λόγον
2402 4278 2571 4347 λέγει,
2606 4278 2849 4349 ἀνάγκην
2870 4276 2978 4348 ἔχω
3004 4274 3281 4329 πιστεύειν
3310 4272 3504 4345 ὁρατὸν
3530 4270 3652 4324 τοῦ-

2077 4388 2170 4426 τον
2199 4369 2625 4440 ἀπεσταλμένον.
2657 4368 2772 4421 Οὐκ
2792 4366 2949 4430 ἄλλος
2967 4361 3035 4438 ἦν
3058 4364 3173 4441 ἀλλ’
3197 4364 3231 4435 ἢ
3254 4366 3283 4418 6
3301 4363 3491 4432 Λόγος.
3530 4362 3649 4414 ’Ότι

2078 4463 2135 4517 δὲ
2165 4461 2507 4533 ἀπεστάλθη,
2559 4461 2826 4532 μαρτυρεῖ
2868 4459 3103 4531 Πέτρος,
3138 4456 3274 4528 πρὸς
3298 4454 3389 4508 τὸν
3427 4450 3650 4504 ἑκατόν-

2078 4571 2274 4627 ταρχον
2296 4553 2590 4625 Κορνήλιον
2618 4551 2794 4620 λέγων
2811 4568 2823 4581 ·
2856 4569 2876 4602 ι
2921 4546 3328 4616 Ἐξαπέστειλεν
3350 4545 3388 4597 ό“
3404 4542 3536 4606 θεὸς
3558 4541 3649 4596 τὸν

402 4631 744 4687 centurioni:
781 4650 807 4684 ι
842 4631 988 4690 Misit
1019 4634 1164 4692 Deus
1188 4634 1425 4694 Verbum
1465 4655 1625 4696 suum
1655 4642 1782 4697 liliis
1811 4641 1972 4699 Israel

2081 4621 2255 4715 Λόγον
2278 4621 2445 4698 αὑτοῦ
2466 4621 2586 4709 ’τοῖς
2612 4644 2750 4707 υἱοῖς
2792 4641 3004 4715 Ἰσραὴλ
3027 4640 3116 4694 διὰ
3152 4636 3501 4710 κηρύγματος
3540 4635 3649 4705 Ἰη-

401 4735 502 4792 per
529 4722 969 4791 praedicationem
995 4724 1125 4780 Jesu
1158 4726 1384 4784 Christi.
1423 4728 1524 4785 Hic
1549 4740 1631 4787 est
1660 4730 1824 4800 Deus,
1857 4750 1976 4789 om-

338 4844 343 4852 ι
401 4814 555 4870 nium
586 4814 854 4873 Dominus
894 4817 960 4873 ⁸⁸.
1012 4837 1032 4871 ι
1082 4817 1138 4874 Si
1184 4835 1313 4890 ergo
1342 4821 1577 4878 Verbum
1610 4824 1840 4881 mittitur
1882 4843 1977 4897 per

399 4902 588 4962 Iesum
611 4905 911 4974 Christum,
942 4909 1194 4967 voluntas
1217 4910 1396 4969 Patris
1416 4922 1500 4969 est
1521 4912 1681 4970 Jesus
1701 4914 1972 4974 Christus.

2084 4737 2177 4792 σοῦ
2207 4735 2459 4810 Χριστοῦ.
2492 4728 2659 4799 Οὗτός
2693 4736 2840 4787 ἐστιν
2865 4737 2894 4787 6
2919 4732 3050 4796 Θεὸς
3077 4732 3107 4785 ό
3138 4729 3353 4783 πάντων
3388 4725 3644 4798 Κύριος.»

2081 4828 2146 4882 El
2171 4827 2228 4882 δὲ
2262 4824 2354 4881 οὖν
2376 4826 2546 4895 Λόγος
2575 4825 2960 4879 ἀποστέλλεται
2985 4822 3072 4876 διὰ
3106 4816 3279 4891 Ἰησοῦ
3307 4816 3566 4888 Χριστοῦ,
3588 4817 3651 4871 τὸ

2082 4918 2291 4991 θέλημα
2312 4917 2406 4972 τοῦ
2429 4918 2639 4990 Πατρός
2662 4921 2808 4972 ἐστιν
2852 4913 3056 4985 Ἰησοῦς
3079 4911 3312 4984 Χριστός
3339 4909 3471 4982 (98).

475 5025 521 5056 ⁶³
536 5023 641 5084 Isa.
672 5042 799 5092 ιη,
822 5026 874 5082 1.
950 5029 997 5062 ⁸⁸
1019 5026 1176 5084 Joan.
1208 5045 1247 5095 t,
1274 5031 1387 5086 1-5.
1464 5032 1509 5065 ⁸³
1530 5031 1661 5090 ibid.
1694 5034 1782 5098 l0,
1816 5036 1904 5091 ll.

2073 5038 2200 5095 Psal.
2240 5053 2415 5105 xxx“,
2445 5036 2497 5092 6.
2535 5037 2578 5069 "
2608 5033 2718 5092 Jer.
2746 5049 2907 5098 xxm,
2937 5031 3022 5088 l8.
3097 5030 3142 5063 '°
3172 5030 3293 5086 Act.
3325 5045 3383 5096 ιι,
3418 5026 3510 5083 56.

470 5137 584 5210 (95)
633 5138 1000 5219 ᾘςνᾴγζκασεν
1017 5141 1266 5219 τούτους
1296 5141 1681 5219 φθέγξασθαι.
1725 5164 1744 5198 ι
1782 5147 1969 5219 Coegit

402 5207 505 5263 hos
532 5207 629 5279 per
663 5207 927 5280 Spiritum
950 5221 1201 5283 sanctum
1232 5207 1449 5281 loqui.)
1481 5213 1719 5283 Cogebat
1750 5207 1969 5273 sanctos

401 5284 717 5347 prophetas,
740 5291 1012 5351 quatenus
1038 5282 1281 5352 volentes
1308 5285 1461 5352 sequi
1487 5282 1819 5341 voluntatem
1850 5287 1967 5352 Dei,

402 5364 512 5423 non
544 5350 791 5423 poterant
824 5367 937 5407 non
970 5351 1118 5423 loqui
1148 5350 1241 5404 illa
1269 5350 1407 5423 quae
1430 5354 1815 5423 loquebantur.
1878 5350 1972 5413 Sic

402 5419 598 5495 Petrus
621 5420 676 5474 in
705 5420 861 5495 Actis
877 5419 1109 5492 apostOl.
1131 5419 1305 5495 cant:
1345 5440 1363 5473 ι
1401 5419 1525 5479 Noti
1544 5440 1857 5495 possumus,
1883 5429 1970 5482 in—

402 5489 555 5576 quit,
578 5503 699 5576 quat
725 5489 963 5576 vidimus
998 5491 1407 5576 etnaudivimu‘s,
1433 5489 1747 5576 non—Loqui.
1792 5520 1809 5549 ι
1844 5489 1853 5495 ⁷
1881 5500 1973 5576 Sic

402 5559 677 5626 propheta!
728 5562 1022 5616 audiebant
1061 5560 1322 5631 Spiritum
1364 5562 1525 5617 Verbi
1574 5559 1666 5619 Dei
1700 5567 1846 5623 intus
1891 5569 1973 5622 lo-

402 5636 685 5695 quentem,
717 5644 894 5685 etnon
930 5641 1211 5701 poterant,
1246 5633 1389 5689 sicut
1435 5633 1630 5690 Petrus
1674 5637 1764 5692 hic
1812 5638 1972 5703 dixit,

404 5712 513 5750 non
542 5697 689 5767 loqui
715 5715 837 5767 quae
861 5702 1174 5758 audiebant.
1202 5702 1298 5756 Fn.
1336 5706 1667 5761 TURRIANUS.

1097 5721 1174 5758 Πῐ.
1202 5721 1231 5755 ι·
1247 5721 1298 5756 Β.
1337 5721 1364 5758 Ἰ
1383 5721 1667 5761 URRIANUS.

475 5766 587 5837 (96)
616 5766 781 5823 ίοὺδὲ
825 5770 915 5824 ἓν.
962 5770 1092 5827 Post
1139 5773 1259 5827 οὐδὲ
1302 5774 1360 5827 ἓν
1410 5776 1463 5829 in
1516 5777 1695 5832 verbis
1747 5775 1973 5833 Joannis

410 5836 667 5922 στιγμὴν,
701 5840 1286 5922 ρνιοςοτμὶρροιγε-ιιηι,
1321 5844 1816 5922 faciunt‘lremcus,
1854 5849 1974 5903 Cle-

405 5922 559 5963 meus
588 5910 739 5964 Alex.
763 5950 781 5976 ,
821 5910 1478 5985 0rigenes,",l‘heophilus
1521 5910 1887 5987 Antiochenus
1922 5927 1976 5975 et

2074 5147 2342 5205 Eusebius
2370 5148 2616 5218 pluribus
2640 5149 2805 5206 locis:
2836 5157 2998 5217 atque
3035 5160 3068 5218 e
3105 5143 3316 5218 Latinis
3362 5142 3652 5218 Tertullia-

2073 5236 2177 5275 nus
2205 5215 2628 5296 ac_Lactantiu_s,
2664 5215 2993 5296 Victorinus,
3016 5215 3381 5296 .Augustinu's,
3411 5223 3466 5296 et
3491 5217 3659 5292 longe

2074 5300 2198 5359 post
2230 5287 2517 5362 Honorius
2554 5286 3061 5362 augustodttnensis
3106 5284 3199 5362 lib.
3247 5284 3381 5362 I_De
3420 5284 3650 5362 imagine

2074 5353 2293 5433 mundi,
2354 5375 2405 5433 eg.
2449 5359 2505 5412 2.
2546 5353 2819 5433 Quoniam
2868 5372 2999 5433 vero
3045 5356 3233 5433 eadem
3278 5353 3647 5433 interpuncth

2127 5422 2287 5483 acuit
2326 5431 2490 5484 etiam
2546 5422 2816 5486 haereticis
2881 5426 3171 5482 Valentino
3198 5465 3212 5487 ,
3285 5422 3600 5477 lleracleoni
3629 5463 3646 5481 ,

2109 5431 2275 5483 Iacuit
2326 5431 2490 5484 etiam
2546 5431 2816 5486 haereticis
2881 5431 3212 5487 Valentino,
3285 5431 3646 5481 Heracleont,

2068 5445 2347 5554 ll‘heodoto
2370 5539 2385 5563 ,
2418 5509 2471 5553 et
2506 5496 2940 5565 Macedonianis,
2980 5493 3474 5565 Eunomianisque;
3522 5491 3649 5565 hinc

2071 5570 2140 5651 ab
2167 5560 2467 5651 Epiphanio
2494 5578 2534 5621 t.
2575 5567 2618 5622 ll
2640 5611 2653 5634 ,
2688 5586 2811 5640 pag.
2839 5560 2936 5633 80,
2968 5576 3021 5623 et
3051 5581 3081 5619 a
3107 5560 3499 5631 Chrysostomo
3528 5560 3648 5631 reji-

2071 5639 2235 5694 citur.
2287 5639 2506 5695 Fanum.
2772 5639 2775 5640 ⁷

2149 5710 2263 5779 (97)
2306 5712 2401 5775 Τίς
2420 5710 2567 5777 ἐσπη
2589 5708 2658 5762 ἐν
2680 5707 3076 5779 ὑποστήμᾳτι.
3114 5703 3298 5779 Victor
3341 5702 3393 5755 in
3421 5700 3646 5779 catena,

2076 5780 2134 5867 εν
2294 5772 2624 5867 ὑποστάσεις
2665 5794 2763 5849 pro
2810 5772 2933 5849 quo'
2966 5772 3385 5847 Symmmaehus
3410 5811 3427 5838 ,
3480 5772 3541 5825 έν
3578 5774 3646 5841 τῇ

2076 5848 2260 5920 ὁμιλίᾳ
2289 5850 2471 5903 edidit.
2500 5848 2574 5903 In.
2672 5848 2679 5849 ί
2834 5848 2843 5849 ί

2150 5919 2261 5990 (θδ)
2306 5920 2373 5976 Τὸ
2416 5915 2711 5990 θέλημα...
2737 5919 3007 5989 Χριστός.
3039 5918 3130 5975 Sie
3162 5915 3360 5973 Filium
3393 5909 3648 5986 βούλησιν
