4134 6402
470 494 477 497 .
516 442 615 502 εει

1688 447 1971 505 CONTRA
2008 448 2331 505 ΗᾹΞΒΕΞΙΝ
2369 449 2593 506 NOETI.

3665 450 3776 506 8‘22.

589 563 771 619 Ταῦτα
806 580 905 634 μεν
936 558 1050 632 οῦν,
1080 564 1318 636 ἀδελφοὶ,
1352 566 1710 640 σημαίνουσιν
1756 569 1812 622 αἱ
1858 567 2094 638 Γραφαί.

2270 566 2410 624 XIV.
2441 566 2564 623 Haec
2607 567 2803 639 igitur,
2848 566 3070 631 fratrcs,
3112 566 3419 637 significant
3448 567 3603 622 nobis
3627 567 3776 624 Seri-

515 654 733 727 Ταύτην
756 658 853 726 τὴν
878 657 1187 728 οἰκονομίαν
1226 660 1588 732 παραδίδωσιν
1630 663 1760 732 ἡμῖν
1798 661 1892 715 καὶ
1919 662 1948 713 6
1989 678 2091 732 μα·-

516 746 706 818 κάριος
740 748 990 819 Ἰωάννης
1013 750 1073 803 ἐν
1100 750 1419 824 Εὐαγγελίῳ
1456 753 1766 827 μαρτυρῶν,
1787 755 1881 807 καὶ
1906 752 2089 807 τοῦτον

515 839 606 892 τὸν
638 840 806 909 Λόγον
838 840 970 895 Θεὸν
1003 840 1254 913 ὁμολογεῖ
1296 843 1468 911 οὕτως
1507 846 1708 916 λέγων’
1765 865 1782 896 α
1835 845 1924 901 Ἐν
1951 846 2089 917 ἀρχῇ

514 925 582 1000 ἦν
607 930 636 982 6
664 931 854 1000 Λόγος,
882 934 974 986 καὶ
996 932 1026 985 6
1046 934 1218 1002 Λόγος
1238 929 1307 1006 ἦν
1331 936 1468 1008 πρὸς
1500 936 1589 989 τὸν
1619 936 1750 991 Θεὸν
1769 976 1783 999 ,
1837 937 1929 989 καὶ
1960 935 2092 998 Θεὸς

516 1018 587 1094 ἦν
613 1026 642 1077 6
672 1026 859 1093 Λόγος.
900 1045 919 1077 ι
963 1027 1027 1081 Εἰ
1049 1026 1106 1081 δὲ
1133 1023 1225 1082 οὖν
1254 1029 1283 1080 6
1309 1030 1482 1099 Λόγος
1506 1030 1640 1102 πρὸς
1661 1030 1751 1083 τὸν
1779 1029 1930 1092 Θεὸν,
1962 1028 2093 1092 Θεὸς

479 1101 487 1113 ’
510 1116 611 1178 ὢν,
637 1116 690 1168 τί
714 1112 839 1183 οῦν;
867 1119 1089 1189 φήσειεν
1116 1119 1180 1173 ἄν
1216 1138 1299 1184 τις
1318 1120 1410 1174 δύο
1431 1120 1610 1187 λέγειν
1639 1120 1834 1185 Θεούς;
1865 1118 1968 1172 Δύο
1997 1120 2094 1189 μὲν

515 1208 614 1260 οὐκ
636 1207 745 1281 ἐρῶ
760 1209 946 1275 Θεοὺς,
976 1210 1093 1264 ἀλλ’
1125 1212 1156 1283 ἢ
1188 1212 1303 1277 ἕνα,
1331 1212 1608 1284 Πρόσωπα
1634 1213 1691 1266 δὲ
1727 1212 1820 1266 δύο
1842 1252 1856 1277 ,
1891 1212 2095 1265 οἰκονο-

519 1300 647 1370 μίαν
672 1300 729 1353 se
753 1301 961 1374 τρίτην,
994 1303 1090 1375 τὴν
1120 1305 1278 1378 χάριν
1302 1306 1395 1359 τοῦ
1421 1306 1578 1375 ἁγίου
1602 1304 1940 1375 Πνεύματος.
1984 1305 2096 1357 Πα-

514 1391 615 1464 τὴρ
648 1392 747 1462 μὲν
779 1393 887 1466 γὰρ
921 1389 1022 1462 εἷς,
1057 1397 1332 1468 Πρόσωπα
1358 1399 1415 1452 δὲ
1434 1397 1546 1463 δύο,
1577 1398 1660 1450 ὅτι
1682 1397 1778 1450 καὶ
1802 1399 1831 1450 6
1860 1396 2009 1460 Υἱὸς,
2036 1395 2096 1447 τὸ

514 1483 572 1537 δὲ
592 1484 770 1556 τρίτον
814 1485 874 1539 τὸ
908 1486 1061 1555 ἆγιον
1110 1489 1336 1560 Πνεῦμα
1379 1490 1509 1562 (99).
1541 1488 1731 1560 Πατὴρ
1771 1487 2093 1552 ἐντέλλεται,

517 1573 689 1642 Λόγος
717 1574 987 1639 ἀποτελεῖ,
1017 1576 1145 1642 Υἱὸς
1168 1577 1225 1631 δὲ
1260 1577 1533 1632 δείκνυται
1554 1577 1621 1631 δι’
1662 1569 1723 1630 οὗ
1769 1575 1957 1649 Πατὴρ
2006 1594 2096 1628 πι-

518 1665 784 1721 στεύεται.
836 1668 1130 1740 Οἰκονομία
1173 1670 1491 1740 συμφωνίας
1552 1669 1841 1739 συνάγεται
1884 1671 1964 1733 είς
2001 1667 2098 1721 ἕνα

516 1756 648 1812 Θεόν
668 1775 681 1789 ·
713 1754 794 1823 εἷς
822 1760 929 1832 γάρ
945 1761 1091 1814 ἐστιν
1111 1763 1139 1814 6
1160 1761 1292 1826 Θεός
1306 1772 1320 1792 ί
1349 1765 1378 1816 6
1393 1762 1502 1834 γὰρ
1527 1762 1764 1817 κελεύων
1786 1760 1976 1833 Πατὴρ
1997 1760 2095 1831 (1),

516 1853 546 1903 6
577 1850 634 1904 δέ
664 1852 951 1907 ὑπακούων
976 1853 1122 1920 Υἱὸς,
1155 1854 1217 1906 τὸ
1259 1854 1316 1908 δέ
1343 1855 1617 1920 συνετίζον
1651 1855 1804 1924 ἅγιον
1849 1852 2091 1925 Πνεῦμα.

531 1943 588 1998 'o
614 1942 697 1997 ον’
710 1944 898 2018 Πατὴρ
935 1964 954 1997 ‹
996 1946 1089 1999 ἐπὶ
1111 1945 1325 2001 πάντων
1360 1946 1458 2018 (2),
1485 1966 1504 1999 ›
1524 1949 1554 2001 ό
1579 1947 1637 2000 δὲ
1658 1946 1785 2010 Υἱὸς
1811 1964 1831 1997 ι
1860 1945 1947 2000 διὰ
1966 1945 2100 1999 πάν-
2130 1925 2172 1979 Β

414 2093 432 2124 ,ε
516 2051 643 2100 των,
689 2055 706 2087 ι
746 2036 805 2107 τὸ
834 2036 891 2090 δὲ
915 2036 1066 2106 ἆγιον
1091 2038 1316 2111 Πνεῦμα
1347 2058 1365 2092 ι
1397 2042 1454 2094 ἐν
1478 2041 1666 2095 πᾶσιν.
1708 2058 1728 2091 ι
1784 2038 1992 2103 ’Ἄλλως
2036 2055 2098 2091 τε

517 2126 614 2182 ἕνα
641 2128 773 2183 Θεὸν
815 2129 889 2201 (5)
927 2131 1147 2200 νομίσαι
1196 2132 1271 2203 μὴ
1304 2132 1610 2203 δυνάμεθα,
1661 2132 1755 2186 ἐὰν
1811 2130 1886 2203 μὴ
1931 2130 2098 2193 ὅντως

416 2234 425 2243 ‘
517 2219 694 2291 Πατρὶ
722 2221 833 2273 καὶ
883 2221 995 2293 Υἱῷ
1039 2224 1133 2276 καὶ
1178 2224 1319 2295 ἁγίῳ
1368 2223 1644 2295 Πνεύματι
1698 2223 2094 2294 πιστεύσωμεν.

530 2314 773 2377 Ἰουδαῖοι
799 2315 896 2386 μὲν
926 2316 1033 2388 γάρ
1057 2316 1313 2382 ἐδόξασαν
1343 2317 1584 2389 Πατέρα,
1628 2317 1742 2371 ἀλλ’
1790 2319 1890 2371 οὐκ
1930 2318 2099 2390 ηὐχα-

458 2484 461 2487 _
520 2406 815 2479 ρίστησαν,
843 2408 970 2462 Υἱὸν
1001 2409 1241 2481 γὰροούκ
1286 2410 1618 2479 ἐπέγνωσαν.
1670 2409 1930 2483 Μαθηταὶ
1971 2411 2099 2464 ἐπέ-

517 2513 734 2565 γνωσαν
768 2499 916 2563 Υἱὸν,
950 2499 1064 2553 ἀλλ’
1087 2501 1186 2555 οὐκ
1212 2503 1269 2554 ἐν
1299 2501 1791 2574 Πνεῦματιηόιγίῳ,
1820 2502 1887 2557 δι’
1929 2501 1958 2555 6
2005 2503 2099 2556 καὶ

517 2590 826 2662 ἠρνήσαντο
855 2591 951 2664 (4).
978 2590 1269 2647 Γινώσκων
1300 2589 1392 2647 οῦν
1419 2596 1447 2647 ό
1489 2593 1743 2666 πατρῷος
1781 2594 1953 2663 Λόγος
1999 2594 2099 2665 τὴν

516 2682 843 2752 οἱκονομίαν⁶
859 2684 955 2737 καὶ.
981 2683 1042 2736 τὸ
1080 2683 1289 2755 θέλημα
1317 2683 1410 2739 τοῦ
1428 2685 1662 2757 Πατρὸς,
1688 2685 1771 2739 ὅτι
1799 2686 1900 2739 οὐκ
1925 2685 2099 2751 ἄλλως

516 2771 768 2841 βούλεται
796 2775 1110 2843 δοξάζεσθαι
1134 2780 1162 2831 6
1192 2779 1380 2851 Πατὴρ
1405 2778 1438 2850 ἢ
1461 2777 1653 2843 οὕτως,
1685 2779 1927 2844 ἀναστάς
1954 2797 2099 2852 παρ-

515 2865 720 2932 έδωκεν
770 2870 885 2932 τοῖς
931 2866 1200 2940 μαθηταῖς
1225 2869 1431 2939 λέγων·
1471 2888 1491 2922 ‹
1530 2869 1898 2943 Πορευθέντες
1922 2871 2098 2943 μαθη-

517 2955 747 3011 τεύσατε
770 2958 946 3013 πάντα
968 2959 1037 3014 τὰ
1068 2959 1195 3031 ἔθνη
1223 2999 1238 3024 ,
1293 2959 1645 3031 βαπτίζοντες
1689 2963 1886 3027 αὐτοὺς
1926 2964 2005 3025 είς
2040 2964 2099 3017 τὸ

518 3047 690 3121 ὄνομα
721 3048 815 3104 τοῦ
839 3050 1073 3123 Πατρὸς,
1091 3053 1186 3107 καὶ
1212 3052 1308 3106 τοῦ
1332 3051 1486 3118 Υίοῦ,
1507 3052 1602 3109 καὶ
1624 3053 1718 3107 τοῦ
1748 3055 1902 3123 ἁγίου
1930 3054 2100 3108 Πνεύ-

524 3158 711 3212 ματος,
749 3162 768 3193 ι
792 3142 1051 3197 δεικνύων
1080 3144 1286 3208 ὅτιπᾶς
1308 3144 1367 3209 ὃς
1395 3143 1461 3199 ἂν
1492 3143 1551 3198 ἕν
1583 3163 1634 3198 τι
1659 3144 1861 3199 τούτων
1881 3146 2096 3220 ἐκλίπῃ,

2195 669 2389 730 ριυιτε.
2406 658 2555 714 Hanc
2568 659 2929 714 (economiam
2947 657 3111 713 tradit
3126 659 3284 714 nobis
3295 656 3598 715 Joanncsin
3612 657 3782 715 Evan-

2194 751 2368 821 gelio,
2421 743 2736 805 testimonio
2780 763 2914 816 suo;
2966 756 3019 803 et
3055 750 3157 805 hoc
3200 746 3438 806 Verbum
3489 750 3778 808 conﬁtetur

2199 839 2391 908 Deum,
2426 840 2506 896 sic
2526 841 2779 910 inquiens
2806 859 2819 894 :
2859 860 2877 892 ι
2909 840 2966 894 1η
3000 840 3267 910 principio
3290 851 3407 897 erat
3432 840 3700 908 Verbum,
3722 852 3777 898 et

2200 932 2435 990 Verbum
2468 943 2585 989 erat
2617 935 2759 1005 apud
2789 936 2978 1000 Deum,
3011 942 3065 990 et
3092 933 3235 990 Deus
3260 944 3377 989 erat
3398 934 3633 991 Verbum
3656 935 3722 989 θ’.
3749 955 3767 986 ι

2202 1024 2259 1080 Si
2304 1041 2433 1097 ergo
2478 1025 2715 1082 Verbum
2756 1034 2874 1082 erat
2918 1027 3060 1095 apud
3103 1025 3271 1082 Deum
3299 1068 3313 1090 ,
3349 1037 3402 1081 et
3446 1025 3585 1082 Deus
3622 1037 3772 1093 erat,

2196 1119 2325 1189 quid
2383 1120 2559 1191 ergo?
2612 1121 2822 1176 dicetne
2865 1119 3065 1190 aliquis
3107 1119 3284 1174 dicere
3330 1118 3592 1175 JOanncm
3637 1121 3776 1175 duos

2197 1210 2371 1267 Deos?
2404 1212 2552 1267 Duos
2579 1212 2796 1282 quidem
2840 1210 2981 1266 Deos
3027 1226 3139 1267 non
3168 1211 3344 1267 dicam
3366 1252 3381 1276 ,
3431 1212 3524 1268 sed
3564 1223 3773 1276 unum;

2194 1303 2466 1359 Personas
2494 1319 2623 1360 vero
2652 1304 2826 1371 duas;
2856 1304 3218 1362 oeconomiam
3260 1305 3478 1361 tertiam
3500 1345 3515 1370 ,
3536 1288 3776 1375 gratiam

2198 1398 2322 1454 dico
2371 1398 2541 1453 sancti
2585 1397 2841 1468 Spiritus.
2887 1395 3045 1453 Pater
3077 1397 3295 1467 quidem
3328 1413 3489 1462 unus,
3524 1395 3780 1452 Personae

2200 1506 2327 1545 vero
2351 1491 2491 1558 duae,
2518 1491 2647 1561 quia
2668 1499 2724 1545 et
2751 1489 2953 1556 Filius;
2986 1489 3147 1546 tertia
3173 1501 3354 1546 autem
3395 1489 3631 1561 Spiritus
3660 1504 3782 1546 sane

2198 1588 2340 1635 ctus.
2375 1578 2535 1633 Pater
2574 1580 2811 1643 mandat,
2845 1578 3083 1634 Verbum
3122 1580 3366 1650 perﬁcit,
3396 1580 3565 1636 Filius
3595 1577 3780 1637 autem

2200 1671 2507 1727 ostenditur
2559 1687 2654 1741 per
2705 1687 2866 1741 quem
2923 1670 3084 1727 Pater
3129 1671 3389 1727 creditur.
3446 1672 3779 1728 OEconomia

2201 1763 2582 1818 consensionis
2611 1762 2876 1834 redigitur
2912 1763 2979 1817 ad
3025 1779 3191 1818 unum
3223 1764 3426 1819 Deum:
3454 1781 3594 1821 unus
3632 1765 3780 1821 enim

2200 1864 2284 1911 est
2313 1854 2457 1911 Deus
2499 1855 2593 1925 qui
2635 1856 2891 1922 mandat,
2936 1854 3126 1921 Pater;
3172 1856 3266 1927 qui
3308 1857 3523 1920 obedit,
3567 1855 3777 1925 Filius;

2201 1948 2296 2019 qui
2345 1948 2508 2004 docet
2540 1948 2860 2013 scientiam,
2908 1948 3145 2018 Spiritus
3184 1958 3428 2005 sanctus.
3481 1948 3640 2004 Pater
3687 1950 3782 2020 qui

2200 2045 2284 2091 est
2316 2055 2336 2087 ι
2376 2050 2541 2106 super
2567 2036 2772 2101 omnia,
2811 2056 2831 2088 ι
2862 2036 3034 2099 Filius
3064 2056 3083 2090 ι
3118 2053 3215 2108 per
3235 2038 3457 2108 omnia,
3491 2059 3510 2092 ι
3546 2038 3784 2110 Spiritus

2202 2133 2426 2181 sanctus
2460 2144 2479 2176 ι
2532 2127 2587 2180 in
2627 2127 2882 2184 omnibus
2913 2128 2979 2182 ⁷⁸³.
3018 2146 3037 2180 ι
3073 2127 3244 2183 Aliter
3280 2127 3451 2183 Deum
3488 2145 3658 2184 unum
3696 2130 3782 2185 in—

2205 2221 2441 2293 telligere
2487 2236 2597 2276 non
2627 2236 2922 2293 possumus
2945 2261 2961 2287 ,
3006 2223 3112 2279 nisi
3138 2231 3263 2279 vere
3288 2221 3436 2280 Patri
3471 2231 3527 2279 et
3562 2220 3702 2278 Filio
3729 2232 3786 2278 et

2202 2313 2431 2383 Spiritui
2481 2323 2672 2369 sancto
2720 2315 3029 2371 credamus.
3082 2314 3295 2371 Etenim
3344 2313 3520 2371 Judaei
3569 2315 3781 2371 Patrem

2201 2409 2662 2480 glorificaverunt,
2695 2407 2791 2463 sed
2835 2422 2943 2462 non
2978 2416 3205 2477 egerunt
3227 2408 3463 2479 gratias;
3514 2409 3783 2480 siquidem

2200 2514 2310 2554 non
2360 2508 2702 2570 agnoverunt
2732 2497 2955 2553 Filium.
2994 2496 3257 2569 Discipuli
3300 2508 3639 2570 agnoverunt
3694 2498 3785 2554 Fi-

2201 2590 2332 2645 lium
2357 2632 2372 2658 ,
2406 2591 2501 2646 sed
2543 2604 2653 2645 non
2693 2590 2747 2645 in
2797 2588 2999 2661 Spiritu
3027 2598 3255 2656 sancto;
3307 2590 3514 2646 idcirco
3543 2605 3783 2662 negave-

2202 2690 2349 2736 runt.
2404 2680 2593 2738 Sciens
2649 2682 2817 2752 igitur
2868 2679 3107 2736 Verbum
3158 2679 3377 2746 Patris,
3419 2682 3783 2738 meonomiam

2200 2778 2257 2824 et
2303 2770 2643 2826 voluntatem
2687 2771 2861 2826 Patris
2885 2809 2901 2833 ,
2948 2771 3094 2840 quod
3128 2784 3236 2825 non
3278 2772 3395 2826 vult
3427 2772 3585 2827 aliter
3624 2771 3787 2827 Pater

2202 2862 2516 2933 gloriﬁcari,
2547 2864 2654 2920 nisi
2689 2865 2801 2930 sic;
2829 2881 2951 2919 cum
2984 2865 3395 2930 resurrexisset,
3425 2863 3645 2919 tradidit
3678 2863 3787 2919 hoc

2200 2952 2516 3023 discipulis:
2556 2974 2575 3005 ι
2611 2954 2846 3022 Euntes,
2888 2955 3098 3025 inquit,
3125 2955 3315 3011 docete
3342 2968 3536 3009 omnes
3562 2963 3747 3025 gentes
3766 2993 3781 3016 .

2200 3041 2535 3113 baptizantes
2561 3059 2657 3099 eos
2682 3044 2736 3099 in
2770 3046 2989 3100 nomine
3016 3045 3214 3108 Patris,
3241 3051 3292 3099 et
3309 3042 3454 3108 Filii,
3480 3054 3534 3100 et
3551 3042 3789 3115 Spiritus

2202 3137 2374 3192 sancti
2405 3137 2471 3190 ".
2525 3156 2544 3188 ι
2578 3135 2773 3193 Docuit
2800 3138 2909 3205 hic,
2935 3140 3078 3209 quod
3112 3139 3425 3209 quicunque
3453 3153 3622 3193 unum
3652 3138 3787 3209 quid

519 3232 741 3298 τελείως
786 3234 920 3289 Θεὸν
967 3235 1067 3289 οὐκ
1104 3235 1372 3303 ἐδόξασεν.
1423 3235 1523 3291 Διὰ
1568 3237 1677 3309 γὰρ
1725 3238 1823 3308 τῆς
1868 3237 2097 3311 Τριάδος

2204 3230 2399 3283 horum
2441 3228 2686 3284 omiserit
2706 3269 2733 3293 ,η
2763 3228 2808 3282 is
2841 3229 3077 3299 perfecte
3103 3227 3276 3283 Deum
3305 3244 3413 3283 non
3442 3227 3782 3300 gloriﬁcavit.

520 3326 724 3399 ratiqu
753 3326 944 3401 Πατὴρ
976 3326 1275 3395 δοξάζεται.
1299 3328 1490 3399 Πατὴρ
1522 3326 1633 3400 γὰρ
1665 3326 2097 3398 ἠθέλησεν,Υίὸς

2203 3320 2307 3376 Per
2333 3323 2473 3377 hanc
2501 3320 2645 3377 enim
2671 3321 2990 3375 Trinitatem
3036 3319 3195 3376 Pater
3239 3320 3592 3391 gloriﬁcatur.
3628 3318 3786 3377 Pater

521 3416 796 3491 ἐπρίησεν,
831 3418 1056 3491 Πνεῦμα
1070 3418 1432 3492 ἐφανέρωσεν.
1467 3420 1645 3474 Πᾶσαι
1671 3419 1849 3473 τοίνυν
1881 3420 2098 3492 αίΓρα-

523 3498 623 3575 φαῖ
660 3509 789 3579 περὶ
817 3508 1006 3562 τούτου
1034 3508 1388 3581 κηρύσσουσι.

510 3670 515 3673 _
609 3599 746 3653 Ἀλλ’
774 3600 891 3673 ἐρεῖ
914 3603 1004 3673 μοί
1029 3619 1113 3666 τις
1134 3619 1147 3632 ο
1176 3602 1336 3656 Ξένον
1367 3621 1456 3674 μοι
1483 3604 1688 3677 φέρεις,
1719 3604 1891 3673 Λόγον
1928 3604 2098 3674 λέγων

466 3706 471 3709 ‘
526 3692 654 3746 Υίόν
686 3692 782 3764 (ὅ).
826 3693 1076 3765 Ἰωάννης
1107 3696 1207 3766 μὲν
1231 3695 1339 3765 γὰρ
1362 3694 1509 3763 λέγει
1537 3697 1738 3763 Λόγον,
1773 3694 1887 3749 ἀλλ’
1927 3695 2100 3759 ἄλλως

2205 3416 2348 3470 enim
2380 3415 2583 3482 voluit,
2623 3415 2793 3470 Filius
2825 3416 2974 3478 fecit,
3021 3414 3257 3485 Spiritus
3297 3424 3521 3472 sanctus
3556 3411 3787 3471 manife-

2206 3517 2348 3562 stum
2365 3506 2510 3563 fecit.
2533 3506 2735 3564 Omnes
2760 3508 2922 3579 igitur
2940 3507 3230 3578 Scriptura:
3255 3507 3322 3563 de
3351 3508 3451 3563 hoc
3471 3505 3788 3579 pmdicant.

2275 3598 2393 3653 XV.
2438 3598 2545 3655 Sed
2591 3601 2734 3655 dicet
2777 3601 2909 3655 mihi
2960 3600 3197 3670 aliquis:
3232 3597 3368 3654 Rem
3413 3614 3608 3654 novam
3651 3597 3788 3654 mihi

2210 3690 2391 3756 affers,
2422 3707 2546 3746 cum
2571 3689 2810 3747 Verbum
2851 3693 3090 3763 appellas
3120 3691 3340 3745 Filium.
3370 3689 3608 3746 Joannes
3638 3689 3784 3744 enim

596 3830 641 3865 ⁶⁹
671 3829 831 3885 Joan.
870 3846 918 3896 ι,
957 3831 1010 3885 1.
1084 3832 1130 3863 ⁷⁰
1165 3831 1363 3902 Ephes.
1394 3848 1467 3896 tv,
1497 3832 1549 3887 6.
1631 3834 1672 3864 “
1699 3832 1890 3889 Matth.
1934 3848 2125 3898 XXVIII,
2156 3831 2243 3887 l9.

526 3944 643 4024 sive
655 3943 864 4024 θέλημα
884 3945 1062 4002 Patris
1083 3947 1268 4024 dixere
1282 3950 1439 4024 multi
1458 3959 1695 4024 veteres;
1721 3968 1953 4024 quorum
1982 3952 2098 4024 Loca

526 4016 687 4087 vide,
719 4016 763 4069 si
798 4016 1002 4087 placet.
1030 4019 1181 4087 apud
1212 4018 1490 4074 Petavium
1518 4020 1611 4075 lib.
1640 4016 1693 4073 vr
1736 4016 1809 4076 De
1844 4021 1944 4077 SS.
1981 4022 2101 4076 Tri-

438 4125 448 4133 .
478 4153 485 4158 γ
527 4085 713 4163 nitate,
735 4101 853 4163 cap.
880 4085 941 4142 8.
962 4087 992 4163 ᾗ
1017 4085 1185 4163 2f,_et
1208 4088 1300 4163 lib:
1322 4105 1418 4163 vn,
1440 4105 1560 4163 cap.
1592 4092 1680 4163 12,
1705 4093 1733 4163 §
1754 4092 1843 4147 12.
1877 4093 2097 4148 ΕΑιιιιιο.

599 4153 710 4224 (99)
750 4156 864 4233 Δύο
904 4153 1020 4225 μὲν
1062 4159 1174 4233 οὐκ
1194 4157 1306 4233 ἐρῶ
1335 4153 1579 4226 Θεοὺςῖ...
1628 4153 1799 4233 ᾶγῖοζ
1835 4163 2097 4233 Πνεῦμα.

527 4220 724 4295 Liquet
747 4241 813 4279 ex
848 4220 951 4280 hoc
978 4220 1288 4283 testimonio
1321 4220 1737 4285 unum—omnino
1767 4231 1959 4295 Deum,
1991 4220 2101 4288 {res

526 4291 799 4376 Personas
840 4296 910 4350 ab
940 4295 1226 4376 Hippolyto
1267 4298 1473 4355 doceri.
1504 4299 1697 4376 Paulo
1723 4309 1851 4357 ante
1897 4291 2031 4376 cap.
2066 4302 2101 4357 8

526 4365 742 4438 dixerat
772 4383 942 4421 unum
973 4365 1151 4421 Deum'
1173 4383 1295 4423 esse
1324 4368 1617 4424 secundum
1649 4371 1900 4427 virtutem
1926 4413 1941 4438 ,
1964 4365 2103 4428 'sive

527 4437 1153 4512 secundum_essent_iam
1183 4439 1420 4512 divinam
1439 4479 1456 4504 ,
1491 4456 1612 4510 quae
1636 4457 1740 4496 una
1768 4458 1996 4512 prorsus
2020 4452 2104 4498 est

526 4505 584 4560 in
620 4505 796 4562 tribus
824 4506 1118 4574 Personis;
1159 4511 1459 4565 secundum
1506 4505 1687 4566 autem
1737 4505 2099 4569 (eeonomiam

528 4583 640 4632 tres
665 4576 935 4652 Personas
960 4579 1199 4652 pstendi.
1237 4578 1493 4652 lntelligit
1521 4596 1683 4652 ergo,
1719 4592 1781 4638 ut
1825 4581 2108 4639 Tertullia-
2136 4588 2187 4648 ι)

527 4662 636 4701 nus
663 4647 911 4703 adversus
949 4647 1216 4721 Pronum
1240 4690 1255 4714 ,
1301 4647 1441 4721 cap.‘
1466 4652 1501 4706 5
1524 4647 1845 4712 méonomiae
1886 4653 2107 4709 nomine

535 4736 553 4762 ι
590 4733 881 4773 numerum
923 4728 976 4772 et
1017 4718 1424 4780 dispositionem
1462 4721 1764 4779 Trinitatis.
1803 4743 1822 4776 ›
1864 4722 1979 4779 Hoc
2015 4740 2108 4780 au-

529 4797 636 4841 tem
689 4789 810 4862 loco
841 4790 1073 4862 gratiam
1097 4789 1332 4860 Spiritus
1363 4793 1536 4858 sancti
1570 4794 1801 4862 appellat
1834 4814 1853 4845 ς
1891 4793 2104 4849 tertiam

529 4861 952 4934 geonomiamp
985 4860 1077 4914 sed
1101 4862 1290 4934 eodem
1323 4877 1485 4916 sensu
1506 4860 1978 4928 acTertullianus,
2010 4867 2103 4934 qui

530 4925 795 5005 Spiritum
813 4925 1071 5005 sanetum
1103 4932 1372 5005 appellat}
1398 4933 1611 5005 tertium
1640 4936 1890 5005 gradum.
1923 4925 2103 4990 rNam

528 4999 763 5078 gradus,
809 4999 1011 5064 forma,
1044 4999 1600 5078 s_pe_r:ies,__dispositi9
1627 4999 1742 5061 sive
1767 5007 2102 5078 mentientia,

528 5067 670 5121 idem
711 5080 909 5146 sonant
942 5067 1086 5136 apud
1111 5067 1527 5146 Tertullian'nm.
1560 5073 1740 5140 Quare
1779 5077 1825 5129 si
1871 5067 2104 5146 Spiritus

526 5140 996 5219 sanetus__dicitu_r
1039 5142 1230 5219 tertius
1276 5145 1515 5219 gradus,
1545 5146 1667 5219 dici
1713 5146 1876 5200 etiam
1913 5140 2104 5219 potest

531 5208 690 5290 tertia
729 5208 1015 5290 dispositio
1044 5211 1157 5290 sive
1188 5208 1514 5290 mcernomia.
1545 5212 1722 5272 Minus
1752 5208 2011 5290 accurate,
2046 5217 2100 5271 in

528 5276 722 5355 Latina
766 5276 1554 5355 interpretationeincarnatio
1623 5294 1642 5338 ι
1709 5289 2028 5343 (economize
2076 5305 2096 5337 ι

527 5349 751 5427 nomine
786 5349 1407 5427 ﬂesignatu_r,'_ing_his
1453 5355 1646 5427 verbis
1685 5373 1809 5427 qua:
1851 5358 2103 5427 leguntur

526 5419 648 5499 cap.
685 5420 722 5475 3
745 5438 768 5499 :_
786 5419 1016 5499 TiC-de
1042 5420 1143 5499 οὐκ
1179 5422 1416 5499 ὲρείλένα
1441 5424 1573 5499 Θεὸν
1594 5419 1763 5494 sivit;
1791 5419 1985 5483 ἀλλ’έού
2005 5427 2102 5499 ¹τὴν

532 5490 837 5564 οἰκονομίαν
866 5490 1181 5564 ,ἀναιρήσεα
1211 5490 1237 5543 ἐ
1276 5492 1411 5560 Quis
1446 5497 1590 5550 enim
1626 5513 1732 5553 non
1750 5490 1903 5553 dicet
1930 5490 2098 5555 unum

521 5576 649 5616 esse
677 5559 883 5635 Deum?
926 5559 1071 5635 Non
1093 5572 1272 5617 tamen
1305 5559 1564 5635 continuo
1598 5571 1957 5625 oeconomiam
1985 5609 2000 5635 ,
2048 5570 2102 5624 id

526 5640 644 5703 est,
677 5631 1102 5687 incarnationem
1123 5672 1139 5697 ,
1173 5634 1408 5702 negabit.
1440 5655 1460 5688 ι
1495 5634 1612 5693 Non
1638 5631 2098 5703 incarnationem,

531 5700 625 5773 sed
652 5716 938 5773 numerum
964 5712 1019 5758 et
1042 5700 1452 5773 dispositionem
1482 5705 1763 5765 Trinitatis
1791 5700 2103 5765 considerat

1014 5773 1067 5827 in
1099 5769 1220 5829 loco
1240 5776 1365 5830 etin
1389 5776 1636 5847 pluribus
1656 5779 1797 5836 aliis.
1816 5779 2096 5849 MARANIJS,

557 5880 569 5893 .
602 5857 651 5910 (Β.
684 5856 805 5910 pag.
837 5856 959 5897 40'].

600 5908 989 5983 (Ιὶήιςελεύων
1039 5916 1309 5986 Πατὴρ...
1374 5919 1696 5977 ὑπακούων
1759 5920 1917 5991 Υἱός.
1967 5919 2100 5999 Ποο

2213 3969 2233 4003 ι
2268 3950 2561 4010 mandandi
2595 3960 2651 4006 et
2682 3950 3027 4021 praecipiendi
3073 3969 3091 4001 ι
3122 3945 3699 4021 voealgulodef’atre,
3733 3956 3787 4001 et

2213 4040 2232 4073 ι
2271 4021 2556 4076 obediendi
2590 4040 2610 4074 ι
2645 4017 2713 4076 de
2735 4017 2894 4085 Filio,
2927 4022 3045 4076 sine
3080 4022 3189 4076 ulla
3219 4018 3516 4076 oﬂensione
3549 4017 3630 4072 usi
3661 4028 3791 4073 sunt

2208 4107 2316 4146 non
2366 4091 2530 4146 modo
2563 4099 2690 4147 ante
2733 4092 3025 4146 concilium
3071 4089 3347 4146 Nicaenum
3404 4087 3462 4141 S.
3506 4085 3786 4157 lrrnmus,

2212 4160 2809 4242 llippolytusnnoster,
2847 4158 3112 4242 Origenes
3157 4170 3211 4242 et
3260 4160 3350 4242 alii
3373 4178 3401 4242 εΔ
3437 4157 3531 4239 sed
3563 4166 3628 4242 et.
3663 4169 3789 4226 post

2210 4227 2341 4285 illud
2373 4227 2663 4287 concilium
2685 4273 2699 4297 ,
2746 4227 3039 4285 adversarii
3067 4241 3123 4285 et
3162 4232 3348 4285 hostes
3372 4228 3585 4281 Arianae
3605 4227 3789 4297 haue-

2211 4316 2333 4357 scos
2364 4301 2647 4367 acerrimi,
2677 4294 3037 4365 Athanasius,
3072 4300 3309 4356 Basilius
3328 4338 3341 4358 .
3370 4297 3576 4352 Marius
3600 4294 3787 4353 Virto-

2211 4372 2396 4435 rinus,
2430 4370 2700 4435 Hilarius,
2739 4370 3000 4440 Prosper,
3029 4382 3135 4426 etc.
3172 4368 3304 4425 Vide
3335 4368 3614 4440 Petavium
3644 4367 3788 4440 ιῑιω

2212 4440 2290 4512 De
2328 4441 2520 4495 Triuit.
2543 4483 2558 4509 ,
2591 4457 2710 4512 cap.
2744 4441 2808 4512 7,
2843 4439 2970 4511 ςπ,
3004 4451 3059 4496 et
3088 4441 3299 4512 Bullum
3345 4441 3398 4493 in
3444 4439 3654 4509 Defens.
3687 4439 3785 4508 βά.

2219 4510 2361 4585 Nic_.,
2395 4528 2550 4585 pagg.
2582 4510 2861 4585 168,164,
2896 4512 3017 4574 167,
3050 4513 3171 4585 {70.
3213 4510 3428 4585 Fannio.

2281 4583 2358 4652 (2)
2395 4579 2601 4651 Πάαἱὴρ
2626 4582 2735 4652 ἐπὶ,
2764 4581 3024 4637 πάντων.
3057 4583 3195 4639 Cum
3220 4582 3422 4635 Paulus
3462 4580 3539 4634 ait
3575 4580 3643 4637 de
3677 4579 3791 4637 Deo

2208 4650 2408 4722 Ephés.
2441 4669 2514 4719 tv,
2541 4650 2612 4708 6:
2651 4670 2671 4704 ε
2709 4651 2811 4719 Qui
2839 4661 2925 4723 est
2947 4668 3109 4723 super
3134 4652 3315 4708 omnia
3333 4691 3348 4715 ,
3376 4660 3429 4706 et
3453 4665 3548 4721 per
3577 4652 3786 4723 ontuia,

2208 4731 2260 4777 et
2298 4723 2364 4793 in
2383 4725 2661 4789 omnibus,
2713 4743 2732 4775 ι
2770 4733 2880 4779 tres
2904 4722 3173 4780 Personas
3201 4722 3475 4793 designat,
3510 4731 3568 4793 et
3607 4722 3788 4778 unita-

2206 4802 2313 4847 tem
2347 4791 2442 4847 Dei
2477 4795 2530 4849 in
2560 4794 2700 4849 illis:
2742 4794 2869 4864 quia
2900 4794 3062 4849 unius
3090 4791 3440 4863 ejusdemque
3468 4792 3685 4864 virtutis
3722 4808 3788 4864 ac

2208 4864 2456 4931 potentim
2484 4873 2585 4931 est,
2609 4879 2731 4919 esse
2757 4862 2921 4934 super
2942 4862 3155 4930 omnia,
3190 4873 3245 4919 et
3266 4878 3362 4933 per
3381 4863 3569 4934 omnia
3592 4903 3607 4927 ,
3638 4872 3692 4917 et
3730 4862 3786 4916 in

2208 4934 2496 4998 ornuihus;
2542 4947 2595 4990 et
2633 4931 2931 4990 secundum
2977 4936 3220 4990 ordinem
3265 4931 3626 4988 confessionis
3656 4949 3788 4986 sau—

2206 5013 2304 5057 cta'.
2322 5002 2622 5076 Trinitatis,
2645 5007 2880 5076 primum
2906 5006 3095 5060 tribuit
3111 5004 3279 5070 Patri,
3305 5005 3601 5076 secundum
3623 5001 3781 5068 Filio,

2207 5077 2424 5149 tertium
2458 5073 2685 5149 Spiritui
2716 5085 2938 5149 sancto;
2976 5077 3104 5149 quia
3135 5086 3218 5131 est
3241 5073 3781 5149 tertia_l’ersona_se-_

2206 5147 2442 5201 eundum
2475 5142 2720 5202 ordinem
2763 5142 3160 5208 confessionis,
3206 5154 3265 5199 ut
3310 5142 3516 5214 autiqpi
3549 5142 3782 5214 theologi

2205 5214 2534 5284 loquuntur,
2570 5226 2624 5272 et
2657 5232 2758 5272 nos
2794 5218 2942 5287 !oqui
2971 5219 3292 5287 docuerunt.
3327 5213 3423 5287 Fu.
3444 5210 3780 5287 Tomitanus.

2277 5280 2351 5357 (5)
2375 5280 2605 5354 Ἄλλως
2641 5304 2706 5342 τε
2733 5288 2841 5342 ἕνα
2865 5280 3081 5340 Θεὸν...
3110 5284 3351 5357 Πνεῦμα
3384 5280 3799 5357 ἐφανέρωσεν..

2204 5353 2341 5412 Νοο⁷
2366 5353 2585 5428 poterat
2606 5360 2916 5414 accuratius
2955 5356 3153 5427 exponi
3198 5355 3393 5428 dogma
3437 5354 3777 5428 Christiano:

2204 5423 2503 5484 rumfNon
2532 5430 2708 5483 solum
2741 5430 2885 5483 enim
2919 5423 3205 5481 numerum
3239 5423 3603 5479 Personarum
3646 5425 3784 5479 nihil
3844 5452 3850 5463 ι

2203 5498 2270 5570 de
2301 5497 2393 5553 Dei
2414 5500 2801 5570 _singularitate
2827 5498 3109 5570 detrahere
3137 5496 3449 5570 contendit;
3494 5497 3585 5549 sed
3617 5498 3780 5548 etiam

2205 5569 2375 5636 ipsam
2413 5565 2972 5639 Dei'singularitatem
3006 5567 3122 5639 sine
3149 5565 3643 5639 boc.Pe_r_sonarum
3676 5581 3781 5620 nu~

2203 5633 2355 5692 mero
2379 5656 2480 5695 nec
2508 5633 2840 5704 consistere,
2872 5649 2973 5692 nec
2999 5637 3103 5691 coli
3137 5652 3314 5707 posse.
3345 5633 3630 5700 MARANUS,
3666 5639 3703 5691 Ι.
3730 5656 3780 5691 e.

2239 5723 2324 5764 aa.
2357 5710 2481 5764 458.
3402 5718 3409 5741 ί
3506 5750 3509 5754 .

2201 5723 2795 5850 Pa§6)4éfl;ir7ﬁaarto.
2813 5775 2940 5850 illoc
2966 5777 3099 5833 dlCll
3112 5786 3332 5848 propter
3355 5750 3591 5850 Petrum,
3621 5791 3785 5850 (ptem

2202 5846 2434 5919 legimus
2465 5846 2526 5904 in
2570 5849 2861 5917 Evangelio
2897 5846 3175 5903 Christum
3212 5864 3457 5919 negasse.
3498 5848 3592 5902 Fu.
3626 5846 3819 5919 _'Ihu.o

2275 5915 2353 5993 (5)
2381 5922 2572 5978 Ξένον
2592 5938 2694 5991 μοι
2719 5915 2942 5990 ᾲέρεις,
2970 5920 3166 5991 Λόγον
3198 5915 3392 5989 λέγων
3437 5921 3589 5975 Υιτεὶκ.
3625 5915 3795 5980 nunc.
