4134 6420
288 486 490 584 '825

1545 497 1821 555 CONTRA
1861 500 2183 557 HIERESIN
2219 501 2442 558 ΝΟΕΤΙ.
2553 453 2563 459 1

3500 511 3630 566 823'

385 614 503 668 καθ’
525 613 719 687 ἑαυτὴν
745 615 864 707 ξίχα
889 616 981 669 τοῦ
1021 615 1191 686 Λόγου
1232 616 1527 671 ὑποστᾶναι
1564 618 1825 687 ἠδύνατο,
1859 620 1936 675 διὰ

2046 620 2382 691 Unigenitns.
2424 622 2606 693 Neque
2629 640 2754 681 caro
2778 643 2872 698 per
2893 642 2952 683 se
2973 628 3091 683 sine
3114 626 3287 685 Verbo
3313 631 3606 687 subsistere

384 706 443 761 τὸ
474 709 531 761 ἐν
556 707 713 777 Λόγῳ
738 706 835 779 τὴν
863 708 1117 791 stici-acui
1150 708 1311 779 ἔχειν.
1343 708 1526 774 Οῦτως
1555 706 1646 765 οῦν
1694 707 1774 775 εἷς
1816 713 1944 777 Υἱὸς

382 797 584 875 τέλειος
609 800 743 853 Θεοῦ
771 800 1084 873 ἐφανερώθη
1118 801 1245 874 (12).

390 1002 393 1003 ⁷
452 984 560 1038 Καὶ
586 983 752 1036 ταῦτα
787 985 883 1054 μὲν
916 985 1042 1056 περὶ
1071 984 1393 1055 σαρκώσεως
1415 985 1509 1038 τοῦ
1537 984 1706 1054 Λόγου
1740 982 1944 1057 μαρτύέ-
1992 1003 2009 1016 ·

359 1093 504 1147 Δρων
540 1076 684 1129 ἐστιν
715 1076 772 1129 δὲ
803 1078 897 1132 καὶ
929 1077 1088 1149 ἕτερα
1123 1078 1365 1148 πλεῖστα.
1403 1079 1631 1147 ’Ἰδωμεν
1672 1078 1729 1132 δὲ
1759 1079 1853 1131 καὶ
1881 1078 1947 1131 τὸ

380 1169 735 1241 προκείμενον
755 1185 769 1199 ⁸
802 1169 881 1222 ὅτι
927 1169 1114 1233 ὅντως,
1154 1169 1403 1239 ἀδελφοὶ,
1432 1171 1465 1242 ἡ
1498 1168 1724 1241 δυνάμις
1767 1173 1798 1239 ἡ
1832 1170 1944 1222 Ila-

287 1276 290 1279 '
377 1260 556 1332 τρῷα,
574 1261 601 1314 ὃ
626 1264 772 1315 ἐστιν
803 1263 973 1331 Λόγος
991 1302 1005 1326 ,
1036 1264 1129 1316 ἀπ’
1153 1264 1380 1335 οὐρανοῦ
1418 1264 1701 1336 κατῆλθεν,
1731 1265 1821 1317 καὶ
1846 1264 1945 1317 οὑκ

379 1354 541 1417 αὐτὸς
561 1355 590 1406 6
612 1345 820 1426 Πατῆρ.
850 1355 1009 1423 Λέγει
1035 1354 1143 1428 γὰρ
1165 1355 1333 1419 οὕτως
1352 1375 1364 1385 ·
1402 1374 1420 1407 ι
1459 1355 1598 1425 Ἐγὼ
1626 1358 1691 1408 ἐκ
1714 1355 1805 1408 τοῦ
1834 1356 1945 1407 Πα-

377 1446 504 1516 τρὸς
535 1444 775 1516 ἐξῆλθον,
805 1449 898 1500 καὶ
928 1448 1066 1518 ἥκω.
1096 1467 1117 1508 ι
1137 1448 1199 1499 Τί
1225 1448 1280 1501 δέ
1311 1447 1549 1511 ἐστιντὸ,
1572 1446 1941 1520 similem/(12‘)

188 1513 193 1520 ’
300 1537 304 1541 ‘
376 1513 442 1589 éic
458 1536 551 1589 τοῦ
576 1513 809 1610 ιιατρδς,
835 1513 1007 1610 am
1037 1541 1065 1591 6
1091 1539 1259 1609 Λόγος
1284 1557 1298 1606 ;
1321 1539 1457 1593 me
1476 1539 1539 1593 τὸ
1558 1538 1616 1604 εξ
1636 1513 1799 1593 αὐτοῦ
1817 1513 1943 1608 ,ει

376 1629 555 1700 νηθέν,
578 1630 692 1688 ἀλλ’
722 1631 754 1702 ἢ
787 1631 1009 1702 Πνεῦμα
1040 1631 1172 1704 (15),
1198 1634 1475 1687 τουτέστιν
1508 1635 1536 1685 ὁ
1564 1632 1735 1700 Λόγος
1759 1648 1773 1698 ;
1803 1633 1940 1685 Ἀλλ’

374 1725 519 1795 ἐρεῖς
561 1742 685 1796 μοι·
715 1725 847 1788 Πῶς
877 1725 1233 1795 γεγέννηται;
1275 1725 1382 1796 Τὴν
1427 1725 1525 1796 μὲν
1558 1723 1698 1778 κατά
1731 1728 1789 1778 σε
1826 1724 1941 1796 διή-

372 1832 562 1885 γησιν,
602 1815 677 1881 ὡς
708 1816 1026 1889 ἐγέννησαι,
1061 1818 1121 1869 οὐ
1164 1817 1291 1889 δύνῃ
1323 1816 1590 1883 ἐξειπεῖν,
1636 1817 1809 1869 καίτοι
1841 1815 1940 1885 τῆς

370 1906 608 1979 ἑκάστης
639 1910 852 1981 ἡμέρας
892 1910 1032 1982 ὀρῶν
1077 1910 1174 1980 τὴν
1219 1909 1359 1962 κατά
1416 1907 1700 1979 ἄνθρωπον
1730 1910 1936 1973 αἰτίαν,

370 2001 464 2054 καὶ
502 2001 601 2072 τὴν
633 2003 760 2073 περὶ
789 2002 978 2074 τοῦτον
1005 2002 1313 2074 οἰκονομίαν
1341 2001 1582 2074 ἀκριϐῶς
1610 2001 1844 2068 ἐξειπεῖν
1875 2001 1936 2054 οὔ

368 2089 609 2147 δύνασαι.
643 2093 716 2147 Οὐ
750 2094 857 2166 γὰρ
886 2095 1147 2166 πάρεστίν
1181 2112 1261 2147 σοι
1286 2093 1572 2162 γινώσκειν
1598 2094 1695 2165 τὴν
1719 2092 1813 2146 τοῦ
1845 2091 1938 2165 δη-

372 2182 801 2253 μιουργήσαντος
833 2183 1091 2256 ἔμπειρον
1135 2184 1229 2238 καὶ
1269 2183 1655 2254 ἀνεκδιήγητον
1703 2183 1933 2252 τέχνην,

366 2273 480 2326 ἀλλ’
513 2273 546 2331 ἦ
589 2256 746 2344 μόνον
787 2274 997 2346 ὁρῶντα
1038 2277 1177 2328 νοεῖν
1210 2275 1304 2328 καὶ
1347 2272 1619 2327 πιστεύειν
1650 2264 1735 2327 δτι
1779 2274 1937 2346 ἔργον

365 2363 502 2418 Θεοῦ
527 2360 622 2417 ἄνθ
632 2383 827 2436 ρωπος.
853 2367 987 2433 Περὶ
1013 2366 1069 2419 δὲ
1091 2366 1260 2433 Λόγου
1288 2365 1501 2434 γένεσιν
1532 2364 1711 2437 ζητεῖς
1728 2404 1743 2428 ,
1771 2366 1936 2437 ὅνπερ

367 2456 650 2527 βουληθεὶς
678 2459 707 2510 6
738 2458 869 2520 Θεὸς
894 2458 1084 2529 Πατὴρ
1109 2458 1395 2527 ἐγέννησεν
1432 2457 1508 2519 ώς
1539 2456 1818 2528 ἠθέλησεν.
1860 2457 1934 2509 Οὐ

265 2603 269 2606 ,
359 2548 476 2620 γὰρ
514 2549 785 2620 αὐτάρκες
835 2550 919 2601 σοί
963 2551 1108 2602 ἐστιν
1144 2549 1335 2620 μαθεῖν
1380 2550 1462 2602 ὅτι
1497 2549 1696 2620 κόσμον
1735 2551 1763 2602 6
1804 2548 1936 2613 Θεὸς

364 2642 617 2713 ἐποίησεν
637 2684 651 2708 ,
685 2643 819 2697 ἀλλὰ
850 2643 944 2697 καὶ
974 2643 1135 2697 πόθεν
1172 2644 1457 2714 ἐποίησεν,
1503 2643 1705 2715 τολμᾷς
1744 2641 1935 2715 ἐπιζη-

186 2767 218 2802 η
260 2744 330 2793 χ
363 2734 511 2797 τεῖν;
547 2733 617 2785 Ἢ
658 2734 758 2786 οὐκ
798 2733 1070 2802 αὐτάρκες
1113 2734 1194 2786 σοί
1224 2726 1383 2786 ’ἐστιν
1420 2732 1643 2804 μαθεῖν,
1695 2732 1775 2785 ὅτι
1808 2732 1938 2796 Υἱὸς

364 2823 501 2878 θεοῦ
550 2842 628 2877 σοι
664 2824 980 2895 ἐφανερώθη
1022 2828 1101 2888 εἰς
1132 2825 1436 2897 σωτηρίαν,
1483 2824 1576 2879 ἐὰν
1604 2824 1898 2898 πιστεύσῃς
1918 2863 1932 2887 ,

366 2912 503 2965 ἀλλὰ
530 2914 624 2966 καὶ
655 2913 772 2977 πῶς
804 2914 1065 2985 ἐγεννήθη
1096 2913 1236 2967 κατὰ
1264 2913 1486 2984 Πνεῦμα
1506 2956 1521 2980 ,
1548 2913 1935 2985 πολυπραγμο-

366 3007 505 3069 νεῖς;
547 3005 657 3058 Καὶ
698 3004 795 3075 τὴν
840 3006 937 3075 μὲν
972 3005 1126 3081 ama
1159 3007 1336 3077 σάρκα
1384 3005 1634 3077 γέννησιν
1676 3006 1840 3060 αὐτοῦ
1873 3007 1932 3058 οὐ

366 3096 609 3160 πλείονες
650 3097 1044 3168 ἐπιστεύθησαν
1071 3098 1433 3169 διηγήσασθαι
1468 3097 1604 3170 πλὴν
1650 3097 1742 3151 δύο
1783 3097 1928 3171 (14)·

363 3191 458 3243 καὶ
492 3190 556 3242 σὺ
579 3190 782 3261 τολμᾷς
814 3189 1088 3262 ἐπιζητεῖν
1120 3191 1218 3261 τὴν
1242 3190 1381 3244 κατά
1407 3189 1631 3261 Πνεῦμα
1661 3191 1930 3262 διήγησιν,

2043 723 2291 783 poterat,
2337 716 2462 786 quia
2498 717 2549 769 in
2583 717 2760 774 Verbo
2795 721 3024 776 habebat
3065 723 3162 794 τὴν
3205 722 3459 778 σύστασιν
3484 765 3499 788 ,
3550 724 3605 778 id

2042 814 2145 870 est,
2178 806 2231 860 in
2266 806 2814 865 Verbosubsistebat.
2849 811 2939 867 Sic
2983 827 3114 885 ergo
3138 829 3280 868 unus
3313 813 3482 871 Filius
3509 815 3604 871 Dei

2043 895 2341 964 perfectus,
2376 900 2748 955 manifestatus
2769 911 2870 957 est.

2115 988 2253 1043 XVI.
2303 990 2480 1059 Atque
2525 992 2637 1046 haec
2679 995 2896 1062 quidem
2946 998 3073 1049 sunt
3117 995 3185 1050 de
3233 996 3607 1053 incarnatione

2045 1082 2205 1135 Verbi
2249 1082 2596 1135 testimonia:
2636 1093 2869 1152 suntque
2899 1092 2951 1138 et
2980 1085 3084 1139 alia
3117 1087 3370 1155 plurima.
3409 1086 3605 1141 Videa-

2044 1188 2167 1228 mus
2200 1189 2341 1229 nunc
2368 1174 2510 1243 quod
2546 1179 2881 1243 pronositum
2930 1177 3090 1231 nobis
3121 1187 3203 1232 est
3235 1196 3248 1232 ι
3282 1180 3428 1248 quod
3458 1195 3602 1244 vere,

2044 1266 2258 1332 fratres,
2292 1268 2465 1322 virtus
2490 1266 2685 1334 Patris,
2712 1268 2857 1338 quod
2883 1278 2967 1323 est
2996 1268 3231 1324 Verbum
3271 1269 3389 1337 Dei,
3412 1286 3442 1325 e
3465 1273 3606 1327 caelo

2043 1359 2352 1436 descendit,
2379 1368 2433 1414 et
2464 1375 2570 1414 non
2599 1362 2711 1430 ipse
2743 1361 2921 1417 Pater.
2971 1361 3063 1417 Sic
3107 1365 3251 1419 enim
3285 1366 3360 1419 ait
3389 1376 3415 1419 τ’
3435 1385 3454 1417 ι
3486 1365 3601 1436 Ego

2042 1464 2109 1505 ex
2140 1450 2298 1505 Patre
2326 1432 2502 1517 exivi,
2537 1461 2591 1506 et
2615 1452 2774 1507 venio
2797 1454 2864 1507 ⁷⁸.
2898 1472 2917 1505 ι
2972 1452 3111 1520 Quid
3145 1463 3227 1510 est
3253 1466 3431 1511 autem
3458 1432 3604 1527 quod

2042 1555 2107 1595 ex
2130 1538 2289 1594 Patre
2307 1540 2493 1614 exivit,
2527 1541 2631 1595 nisi
2659 1542 2928 1596 Verbum?
2951 1540 3090 1608 Quid
3114 1551 3199 1597 est
3223 1544 3368 1613 quod
3388 1558 3455 1599 ex
3484 1545 3604 1614 ipso

2043 1633 2279 1701 genitum
2308 1642 2411 1698 est,
2440 1611 2544 1688 nisi
2577 1633 2833 1704 Spiritus,
2856 1635 2911 1691 id
2935 1644 3049 1701 est,
3083 1611 3359 1692 Verbum?
3387 1611 3605 1693 Sed—di-

2042 1736 2134 1775 ces
2184 1721 2318 1775 mihi
2349 1740 2362 1774 :
2391 1720 2676 1787 Quomodo
2723 1723 2963 1792 genitum
3004 1724 3129 1777 est?
3179 1722 3600 1793 Explicationem

2041 1812 2312 1883 quomodo
2362 1822 2419 1869 tu
2469 1815 2683 1884 genitus
2730 1829 2819 1878 es,
2877 1830 2989 1869 non
3036 1822 3190 1885 potes
3252 1828 3598 1883 expromere,

2042 1908 2289 1977 quamvis
2326 1907 2569 1978 quotidie
2599 1907 2750 1962 vides
2780 1922 3002 1963 causam
3041 1907 3332 1961 humanam
3354 1947 3369 1973 ,
3397 1914 3453 1960 et
3478 1921 3601 1960 mo-

2038 1997 2167 2053 dum
2202 1996 2569 2067 generationis
2607 2010 2718 2051 non
2760 2004 2915 2066 potes
2954 1993 3190 2064 perfecte
3224 1992 3433 2049 eﬁerre.
3482 1990 3603 2047 Non

2037 2090 2182 2144 enim
2227 2090 2352 2145 licet
2404 2090 2500 2144 tibi
2529 2072 2860 2161 cognoscere
2891 2096 3060 2143 artem
3093 2088 3210 2157 ejus
3239 2087 3334 2157 qui
3364 2086 3601 2150 creavit,

2037 2184 2092 2238 in
2124 2184 2457 2255 experientia
2484 2192 2539 2239 et
2576 2199 2677 2239 usu
2704 2184 2961 2253 positam,
2993 2191 3045 2236 et
3075 2197 3181 2236 non
3209 2180 3599 2245 enarrabilem;

2037 2276 2131 2331 sed
2158 2276 2333 2331 solum
2358 2274 2590 2329 videndo
2620 2273 2915 2345 intelligere
2939 2283 2993 2329 et
3023 2275 3265 2336 credere.
3290 2274 3436 2343 quod
3463 2288 3603 2341 opus

2037 2363 2130 2420 Dei
2165 2372 2249 2420 est
2274 2365 2455 2420 homo.
2490 2363 2564 2419 De
2601 2362 2761 2419 Verbi
2792 2348 2970 2418 autem
3002 2363 3366 2433 generationis
3393 2362 3603 2418 ratione

2036 2458 2235 2527 qureris
2254 2500 2269 2523 ,
2299 2472 2404 2526 qua
2436 2457 2579 2511 Dens
2608 2455 2767 2510 Pater
2791 2469 3049 2526 generare
3086 2455 3291 2520 voluit;
3325 2454 3602 2523 generavit

2036 2550 2177 2604 sicut
2216 2549 2408 2602 voluit.
2456 2547 2575 2601 Non
2616 2548 2750 2602 satis
2799 2556 2884 2602 est
2927 2547 3025 2601 tibi
3073 2546 3214 2603 scire
3260 2545 3405 2616 quod
3458 2544 3601 2601 Deus

2036 2641 2297 2695 mundum
2325 2640 2596 2706 condidit,
2646 2624 2749 2695 ιιἰεί
2792 2639 2993 2695 audeas
3027 2639 3301 2707 inquirere
3326 2638 3601 2707 quomodo

2036 2733 2309 2788 condidit?
2344 2731 2462 2788 Non
2510 2731 2706 2788 suiIicit
2732 2732 2831 2786 tibi
2859 2747 3214 2803 cognoscere,
3249 2732 3393 2801 quod
3428 2729 3602 2785 Filins

2035 2824 2130 2880 Dei
2173 2825 2269 2880 tibi
2312 2826 2563 2895 apparuit
2597 2824 2665 2879 ad
2705 2826 2935 2879 salutem
2956 2861 2972 2888 ,
3021 2823 3068 2878 si
3098 2831 3278 2877 tamen
3312 2822 3365 2876 id
3390 2822 3598 2888 credis;

2035 2915 2129 2972 sed
2173 2917 2395 2986 insuper
2437 2916 2711 2986 quomodo
2740 2915 2953 2985 genitus
2978 2922 3058 2968 est
3088 2912 3384 2967 secundum
3424 2908 3599 2979 Spiri-

2036 3018 2146 3063 tum
2156 3050 2171 3075 ,
2182 3008 2396 3063 curiose
2421 3007 2674 3078 indagas?
2687 3005 2846 3076 Atqui
2867 3004 3262 3076 generationem
3284 3003 3401 3071 eius
3415 3015 3608 3056 secun-

2034 3101 2161 3156 dum
2200 3115 2418 3155 carnem
2455 3113 2732 3165 enarrare,
2776 3113 2882 3152 non
2921 3097 3167 3167 pluribus
3194 3110 3357 3165 quam
3386 3092 3601 3147 duobus

2034 3192 2401 3248 concreditum
2434 3199 2549 3257 est;
2584 3201 2638 3246 et
2680 3199 2738 3245 tu
2769 3189 2937 3244 audes
2972 3188 3371 3258 generationem
3405 3199 3600 3240 secun-

359 3281 429 3351 ἢν
462 3283 590 3351 παρ’
620 3282 796 3353 ἐαυτῷ
833 3282 1085 3353 φυλάττει
1120 3281 1306 3354 Πατὴρ
1329 3321 1343 3346 ,
1376 3282 1779 3336 ἀποκαλύπτειν
1816 3283 1936 3354 μέλ-

2036 3284 2165 3339 dum
2209 3282 2471 3354 Spiritum
2507 3283 2772 3348 scrutari,
2817 3296 2980 3352 quam
3013 3280 3156 3351 apud
3191 3294 3248 3334 se
3294 3276 3453 3331 Pater
3485 3290 3601 3332 scr—

359 3357 467 3426 λων
509 3375 629 3427 τότε
673 3378 786 3439 τοῖς
827 3376 1001 3445 ἁγίοις
1048 3376 1141 3429 καὶ
1183 3375 1355 3442 ἀξίοις
1382 3376 1510 3430 ἰδεῖν
1545 3377 1606 3430 τὸ
1643 3376 1931 3448 πρόσωπον

336 3462 556 3541 ἀῦτοῦ;
607 3464 890 3536 Αὐτάρκες
940 3482 1029 3539 σοι
1080 3466 1194 3537 ἤτω
1245 3466 1306 3521 τὸ
1353 3467 1639 3538 εἰρημένον
1687 3467 1790 3520 ὑπὸ
1837 3466 1931 3521 τοῦ

358 3554 622 3628 Χριστοῦ·
659 3556 744 3609 ὅτι
793 3576 811 3607 ι
839 3558 901 3610 τὸ
928 3558 1320 3630 γεγεννημένον
1359 3559 1422 3611 ἐκ
1453 3557 1547 3611 τοῦ
1580 3557 1928 3629 Πνεύματος,

360 3645 578 3717 πνεῦμά
601 3647 783 3702 ἐστιν·
815 3667 834 3700 ι
881 3648 1060 3713 καθὼς
1096 3649 1182 3702 διὰ
1229 3648 1323 3702 τοῦ
1369 3650 1653 3721 Προεςήτου
1695 3651 1792 3721 τὴν
1834 3651 1928 3705 τοῦ

356 3737 530 3806 Λόγου
562 3738 813 3810 γέννησιν
847 3741 1127 3811 σημαίνων
1155 3742 1236 3794 ὅτι
1265 3741 1615 3811 γεγέννηται,
1647 3742 1708 3795 τὸ
1731 3742 1786 3796 δὲ
1812 3744 1929 3808 πῶς

356 3829 617 3898 φυλάσσει
666 3829 853 3903 καιρῷ
875 3832 1162 3904 ὡρισμένῳ
1191 3836 1319 3906 παρ’
1370 3834 1517 3905 αὐτῷ
1557 3835 1764 3905 μέλλων
1795 3836 1929 3889 ἀπο-

354 3919 702 3975 καλύπτειν.“
743 3922 907 3991 Λέγει
953 3923 1010 3975 δὲ
1063 3922 1268 3988 οῦτωςο
1328 3944 1346 3976 ι
1391 3926 1485 3978 Ἐκ
1537 3926 1771 3998 γαστρὸς
1822 3928 1927 3999 πρὸ

355 4014 631 4085 ἐωσφόρου
661 4013 989 4085 ἐξεγέννησά
1023 4033 1103 4069 σε.
1132 4035 1152 4068 ι

427 4106 732 4177 Αὑτάρκεις
767 4098 925 4159 αὗται
963 4107 1020 4160 αἱ
1071 4108 1374 4180 μαρτυρίαι
1413 4104 1623 4171 πιστοῖς
1667 4108 1924 4179 ἀλήθειαν

354 4191 614 4251 ἀσκοῦσιν
631 4214 644 4227 ’
675 4198 724 4250 οἱ
747 4197 803 4252 δὲ
826 4198 1041 4252 ἄπιστοι
1076 4198 1251 4252 οὐδενὶ
1289 4197 1651 4254 πιστεύουσιν.
1677 4197 1787 4253 Καὶ
1816 4200 1924 4272 γὰρ

351 4290 660 4362 τδΠνεῦμα
684 4291 744 4345 τὸ
771 4291 923 4359 ἅγιον
949 4292 1013 4345 ἐκ
1042 4278 1333 4362 προσώπου
1363 4290 1471 4343 τῶν
1495 4291 1805 4345 ἀποστόλων
1826 4292 1926 4345 διε-

356 4382 702 4456 μαρτύρατο,
743 4382 949 4451 λέγων·
991 4400 1011 4433 ι
1043 4381 1152 4435 Καὶ
1198 4381 1283 4446 τίς
1322 4380 1636 4436 ἐπίστευσεν
1676 4386 1739 4453 τῇ
1784 4383 1920 4454 ἀκοῇ

352 4474 539 4553 ήμῶν;
575 4494 592 4525 ι
633 4475 795 4527 Ὥστε
843 4473 916 4546 μὴ
961 4472 1247 4545 γενώμεθα
1280 4474 1527 4538 ἄπιστοι,
1578 4475 1785 4545 μήποτε
1835 4475 1920 4543 ἐφ’

2033 3384 2163 3441 vat,
2214 3376 2556 3431 revelaturus
2588 3385 2719 3428 tunc
2761 3373 2997 3438 sanctis,
3030 3371 3121 3442 qui
3154 3379 3214 3425 ut
3259 3369 3448 3424 faciem
3480 3369 3601 3436 ejus

2032 3467 2259 3523 videant
2276 3467 2423 3537 digni
2455 3466 2652 3521 erunt?
2684 3465 2830 3521 Satis
2862 3464 3000 3518 habe
3031 3461 3176 3532 quod
3207 3477 3237 3514 a
3262 3460 3481 3514 Christo
3509 3458 3599 3513 di-

2031 3565 2181 3611 ctum
2224 3565 2351 3612 est:
2390 3576 2409 3609 ι
2439 3550 2593 3623 Quod
2642 3564 2831 3609 natum
2875 3563 2960 3610 est
3003 3568 3068 3607 ex
3102 3551 3340 3621 Spiritu,
3376 3550 3600 3619 spiritus

2031 3657 2117 3704 est
2137 3649 2214 3717 7';
2248 3669 2266 3702 ι
2295 3649 2438 3705 sicut
2468 3663 2563 3719 per
2592 3647 2917 3718 Prophetam
2947 3644 3217 3716 significat
3241 3642 3401 3697 Verbi
3438 3656 3602 3712 gene-

2027 3742 2317 3808 rationem,
2352 3743 2497 3812 quod
2527 3742 2742 3812 genitus
2770 3749 2848 3796 est
2872 3757 2887 3807 ;
2915 3737 3186 3809 quomodo
3219 3752 3348 3790 vero
3368 3775 3384 3799 ,
3421 3748 3599 3790 reser-

2027 3843 2117 3889 vat
2148 3835 2289 3905 apud
2320 3850 2378 3894 se
2404 3835 2458 3889 in
2499 3843 2712 3903 tempus
2746 3841 2953 3888 certum
2992 3846 3057 3885 ac
3083 3828 3408 3899 praeﬁnitum
3428 3867 3445 3893 ,
3468 3839 3595 3882 cum

2027 3926 2161 3981 illud
2190 3925 2524 3980 revelaturus
2550 3933 2654 3979 est.
2680 3922 2772 3978 Sic
2798 3923 2943 3978 enim
2975 3922 3090 3976 ait:
3123 3939 3143 3971 ι
3176 3918 3254 3974 Ex
3286 3927 3440 3973 utero
3472 3924 3599 3971 ante

2026 4016 2314 4073 luciferum
2341 4017 2503 4087 genui
2529 4017 2657 4071 te".
2691 4034 2711 4068 ι

2095 4105 2258 4161 XVII.
2299 4104 2738 4161 S‘ufﬁciunt‘haec
2765 4102 3073 4160 testimonia
3111 4101 3362 4156 fidelibus
3394 4096 3603 4151 veritas.

2027 4199 2095 4254 tis
2121 4199 2419 4254 studiosis:
2454 4198 2696 4253 infideles
2734 4198 2879 4251 enim
2930 4195 3061 4250 nulli
3090 4192 3336 4249 credunt.
3384 4187 3596 4242 Etenim

2026 4288 2260 4360 Spiritus
2315 4297 2538 4345 sanctus
2599 4291 2944 4359 inpersona
3001 4286 3370 4356 apostolorum
3426 4289 3605 4337 testas

2026 4392 2114 4439 tus
2159 4391 2261 4447 est,
2294 4382 2519 4437 dicens:
2564 4399 2584 4432 ‹
2625 4381 2886 4446 Domine,
2931 4381 3054 4450 quis
3106 4377 3333 4433 credidit
3384 4375 3595 4430 auditui

2021 4481 2211 4527 nostro
2224 4473 2272 4506 ⁷⁸
2287 4471 2705 4539 ?iQuamobrem
2728 4487 2796 4525 ne
2810 4472 2983 4525 simus
3005 4468 3271 4532 infideles,
3288 4482 3356 4521 ne
3377 4466 3600 4537 quando

351 4567 484 4636 ἡμῖν
511 4565 734 4637 τελεσθῇ
759 4565 819 4618 τὸ
846 4565 1150 4636 εἰρημένον.
1189 4565 1577 4639 Πιστεύσωμεν
1600 4560 1711 4633 οὖν,
1744 4566 1920 4634 μακά-

2035 4565 2078 4616 in
2113 4563 2302 4627 nobis,
2350 4564 2496 4633 quod
2529 4563 2735 4618 dictum
2767 4572 2879 4627 est,
2926 4561 3240 4631 impleatur.
3294 4558 3600 4614 Credamus

356 4634 459 4726 ριοι
485 4634 882 4725 ἀδελφοὶ,νκατὰ
1018 4655 1313 4727 παράδοσιν
1327 4634 1436 4709 τῶν
1456 4634 1765 4710 ἀποστόλων
1787 4657 1918 4729 (15),

2035 4656 2212 4725 igitur,
2260 4656 2441 4710 dilecti
2472 4654 2696 4721 fratres,
2731 4653 3028 4708 secundum
3077 4651 3415 4706 traditionem
3461 4664 3597 4718 apo-

350 4745 434 4797 ὄτι
467 4745 599 4809 Θεὸς
633 4746 802 4815 Λόγος
834 4746 929 4799 ἀπ’
958 4746 1198 4818 οὐρανῶν
1230 4745 1498 4816 κατῆλθεν
1529 4748 1610 4809 εἰς
1635 4746 1732 4817 τὴν
1761 4747 1921 4814 ἀγίαν

2035 4750 2292 4804 stolorum
2313 4789 2329 4812 ,
2363 4749 2508 4819 quod
2540 4748 2681 4803 Deus
2716 4747 2949 4803 Verbum
2989 4762 3020 4801 e
3044 4745 3198 4801 caelis
3231 4743 3509 4799 descendit
3541 4742 3597 4797 in

351 4836 624 4908 Παρθένον
655 4838 895 4911 Μαρίαν,
927 4839 1013 4892 ἵνα
1042 4838 1347 4911 σαρκωθεὶς
1387 4836 1444 4904 ἐξ
1489 4838 1658 4908 αὐτῆς
1677 4879 1690 4901 ,
1743 4837 1921 4892 λαϐὼν

2035 4852 2269 4896 sanctam
2310 4839 2586 4911 Virginem
2639 4838 2903 4905 Mariam,
2955 4849 3014 4892 ut
3063 4852 3129 4891 ex
3169 4852 3230 4889 ea
3282 4835 3601 4888 incarnatus

349 4926 408 4984 δὲ
436 4930 531 4983 καὶ
555 4927 729 5001 ψυχὴν
762 4930 859 5001 τὴν
885 4929 1249 5002 ἀνθρωπίνην,
1283 4928 1503 5001 λογικὴν
1530 4929 1586 4982 δὲ
1620 4930 1793 5004 λέγω,
1827 4948 1920 4999 γε-

2035 4944 2241 5001 sumpta
2282 4932 2463 4985 anima
2496 4931 2755 4996 humana,
2784 4929 3016 4984 rationis
3059 4928 3282 4996 inquam
3311 4923 3594 4995 participe.

355 5019 530 5091 γονὼς
575 5021 749 5074 πάντα
771 5022 872 5075 ὅσα
901 5023 1049 5077 ἐστὶν
1089 5021 1405 5094 ἄνθρωπος,
1443 5023 1599 5088 ἐκτὸς
1626 5004 1936 5094 ἁμαρτίας,

2035 5024 2200 5080 iactus
2232 5016 2415 5080 omnia
2463 5038 2809 5094 quaecunque
2840 5023 3007 5077 homo
3053 5029 3166 5084 est,
3212 5026 3435 5085 excepto
3465 5028 3594 5082 pec-

422 5138 468 5170 ⁷⁸
499 5133 657 5192 Joan.
684 5154 797 5200 xw,
828 5138 920 5193 9.8.
994 5141 1042 5173 ¹¹⁶
1070 5140 1228 5195 Joan.
1255 5157 1346 5205 ιιι,
1380 5140 1433 5195 6.
1511 5141 1556 5174 ⁷⁷
1579 5139 1724 5197 Psal.
1764 5158 1873 5208 cux,
1904 5143 1936 5196 5

2035 5142 2079 5175 ⁷⁸
2108 5142 2212 5197 lsa.
2243 5157 2360 5208 Lm,
2386 5141 2436 5196 1.

351 5246 498 5311 nem;
521 5232 754 5311 perfecta
781 5241 961 5287 autem
990 5235 1332 5311 es_tetanima
1365 5237 1906 5311 hominis,quantum
2015 5230 2339 5311 (61...,un
2348 5236 2564 5311 quidem
2584 5236 2743 5311 lectio
2758 5251 2821 5311 ex
2839 5227 3590 5311 sequentibusconﬂr‘maﬂll‘;

352 5305 419 5376 ad
450 5297 815 5376 deﬁnitionem
853 5306 1111 5376 essentia:
1157 5321 1270 5361 sua:
1309 5325 1322 5359 :
1366 5307 1459 5360 sed
1500 5297 1680 5360 tamen
1736 5322 1911 5376 neque

2035 5323 2139 5360 nox
2165 5297 2306 5360 enim
2328 5297 2521 5375 legitur
2542 5325 2555 5359 :
2575 5307 2626 5358 τί
2648 5307 2706 5359 δὲ
2727 5307 2854 5359 τὸ...
2876 5297 3328 5376 γεννηθέν.-Ει›ιτ.
3351 5297 3588 5376 ΡΑτιιοι.³

359 5371 590 5428 Verbum
629 5382 713 5428 est
747 5372 1017 5449 perfectus
1051 5375 1302 5449 Cirristus
1323 5391 1438 5449 non
1468 5377 1622 5449 punita
1659 5367 1914 5430 burna-ni-
2088 5377 2198 5449 (l5)
2251 5367 2408 5431 ’AM7
2433 5376 2474 5449 ᾖ
2507 5376 2779 5449 Πνεῦμα.
2812 5367 2999 5449 Divina
3026 5367 3235 5449 Christi
3270 5379 3483 5449 natura,
3508 5367 3586 5448 uti

307 5478 312 5484 -
353 5452 494 5517 tate,
543 5444 794 5513 quamvis
818 5442 1087 5517 perfectus
1116 5443 1255 5499 Deus
1288 5447 1395 5513 sit;
1433 5448 1576 5500 sicut
1603 5460 1703 5500 nee
1724 5448 1911 5517 anima
2014 5441 2134 5517 est,
2180 5441 2258 5501 ita
2301 5441 2503 5517 passim
2537 5441 2699 5517 etiam
2732 5446 2932 5517 dicitur
2976 5462 2994 5493 ι
3023 5441 3257 5517 Spiritus
3288 5458 3307 5488 ι
3345 5441 3590 5517 antiquis

351 5508 623 5583 perfectus
675 5508 838 5567 homo
880 5522 964 5567 est
1007 5514 1123 5585 sine
1165 5508 1391 5585 corpore
1416 5555 1431 5574 .
1471 5517 1573 5571 etsi
1618 5513 1913 5584 perfectam
2016 5508 2270 5572 Ecclesiae
2286 5508 2600 5571 doctoribus
2624 5515 2721 5585 διὰ,
2738 5514 2798 5567 τὸ
2818 5508 3245 5585 ἀσχημάτιστον,
3270 5518 3324 5562 ut
3344 5508 3591 5585 loquitur

352 5530 623 5583 periecuis
675 5530 838 5567 nomo
880 5530 964 5567 es:
1007 5530 1123 5570 sunc
1165 5530 1391 5585 corpore
1416 5555 1431 5574 .
1471 5530 1573 5571 ets:
1618 5530 1913 5584 perlectam
2016 5530 2270 5572 bcclesne
2286 5530 2600 5571 doctoribus
2624 5530 2709 5569 οια
2738 5530 2798 5567 το
2818 5530 2888 5567 as
2966 5530 3245 5583 ματιστον,
3270 5530 3591 5572 υιιυψιιιυι·

352 5585 714 5638 substantiam
746 5585 930 5652 habet.
964 5580 1286 5652 [Hactenus
1321 5586 1597 5640 Leontius.
1620 5585 1907 5641 Fa.Tuan.
2015 5587 2242 5643 Proclus
2285 5588 2626 5652 (Ipolitanus.
2680 5584 2815 5639 Vide
2865 5530 3143 5652 ingentem
3204 5580 3453 5633 Grotium
3519 5576 3591 5632 ad

424 5661 436 5706 t
448 5654 532 5728 12)
548 5654 771 5728 ’ρῦτως
803 5649 916 5708 οὖν
946 5649 1038 5728 εἷς
1087 5653 1216 5728 Υἱὸς
1252 5655 1478 5728 τέλειος
1519 5655 1909 5728 Θεοῦ-ἐφανε-

2035 5649 2670 5728 iiarc.n,8_.F.\nntc.__
2758 5724 2770 5728 _
2874 5658 2879 5661 ⁷
3033 5722 3043 5728 _
3331 5717 3349 5728 ,
3533 5716 3545 5728 ,

343 5717 525 5799 ρώθηξ
548 5723 646 5778 Hic
678 5717 958 5799 loéus‘quo
990 5717 1279 5792 plurimum
1309 5741 1368 5799 se
1388 5717 1617 5799 efferunt
1652 5717 1906 5799 Un'itarii,
2013 5795 2053 5799 _
2085 5727 2196 5799 (M)
2236 5717 2572 5799 Πέὴνρύο.
2622 5724 2874 5778 Μοιιιιιεο
2912 5722 3170 5775 nimirum
3197 5762 3211 5787 ,
3240 5728 3293 5773 et
3330 5717 3493 5772 Lucas
3530 5717 3590 5780 in

354 5796 806 5867 astruituratque
839 5794 1143 5867 illustratur
1183 5797 1434 5864 superius
1476 5797 1529 5851 in
1556 5795 1905 5867 Prolegome-
2013 5794 2269 5867 Evangel.
2298 5796 2394 5850 Fu.
2422 5794 2752 5867 Tunnuxus.
2958 5804 2985 5867 '_
3071 5861 3083 5867 _
3276 5857 3323 5867 η
3449 5854 3509 5867 ω

354 5864 471 5939 nis,
488 5864 687 5939 _ubi_de
715 5853 819 5918 boc
851 5864 1119 5939 Hippolyti
1147 5853 1410 5939 opusculo
1435 5880 1616 5939 sermo
1650 5853 1899 5939 recuurrit.

2083 5853 2197 5939 (15)
2218 5867 2380 5939 κατὰ
2407 5863 2886 5939 τὴν-παράδοσιν
2914 5859 3032 5939 ubi:
3052 5857 3430 5939 ἀποσῖόλων.
3449 5853 3585 5925 Vide

368 5955 387 5983 ’ν
427 5933 560 6015 (η’)
584 5932 641 5988 Si
672 5931 1132 6016 interpreti'iides,
1173 5931 1489 6011 legendum:
1512 5937 1571 6013 ri
1590 5936 1648 5998 δὲ
1674 5937 1737 5991 τὸ
1764 5936 1905 6009 ἐξελ-

2035 5953 2067 5992 n
2092 5931 2252 5993 'bu'nc
2274 5938 2452 6005 locum
2470 5931 2737 6001 adnotata
2770 5948 2935 6013 supra
2962 5931 3032 5988 ad
3055 5945 3176 6010 cap.
3209 5933 3265 5993 9..
