4134 6462
545 461 654 523 ευ

1223 468 1282 523 S.
1323 465 1691 526 HIPPOLYTI
1725 472 1871 527 UPP.
1914 472 2093 528 PARS
2126 472 2191 527 ll.
2227 502 2300 515 -—
2335 472 2641 531 DOGMAT.
2680 472 2770 528 ET
2810 470 3148 526 HISTORIC.

3678 471 3785 525 8°18

548 594 693 650 cato,
725 584 956 642 salvaret
984 585 1153 642 Adam
1186 588 1280 658 qui
1313 589 1619 657 ceciderat,
1651 601 1706 646 et
1736 592 2103 648 immortalita-

2222 592 2370 667 σώθῃ
2394 594 2485 647 τὸν
2515 592 2857 657 πεπτωκότα,
2888 592 2982 645 καὶ
3006 588 3309 659 ἀφθαρσίαν
3338 586 3640 659 ἀνθρώποις
3677 605 3782 642 πα-

548 685 660 731 tem
694 677 1005 733 hominibus
1051 679 1337 750 largiretur
1369 680 1435 736 iis
1466 682 1560 752 qui
1590 683 1870 739 crederent
1914 685 1968 739 in
2011 701 2113 741 no-

549 768 697 822 mine
743 783 867 822 suo.
934 766 991 822 In
1041 769 1295 825 omnibus
1342 770 1506 842 igitur
1547 772 1974 829 demonstratum
2031 786 2117 832 est

548 858 709 913 nobis
742 858 965 913 verbum
993 861 1257 925 veritatis,
1282 861 1426 932 quod
1459 879 1603 920 unus
1633 874 1719 920 est
1748 865 1925 932 Pater,
1958 868 2115 937 cujus

546 950 700 1003 adest
729 948 967 1005 Verbum
1007 966 1106 1020 per
1142 953 1286 1022 quod
1318 955 1499 1010 omnia
1548 955 1708 1023 fecit;
1755 959 1899 1027 quod
1935 970 2116 1029 poste-

546 1039 785 1095 rioribus
810 1041 1165 1110 temporibus.
1214 1044 1360 1099 sicut
1388 1047 1640 1111 superius
1669 1047 1940 1115 diximus,
1969 1051 2116 1105 misit

546 1128 706 1184 Pater
735 1131 802 1185 ad
837 1132 1066 1187 salutem
1104 1135 1407 1190 hominum.
1454 1135 1571 1192 Hoc
1593 1154 1687 1209 per
1711 1139 1883 1210 legem
1910 1151 1964 1196 et
1991 1157 2115 1211 pro-

544 1221 736 1289 phetas
779 1224 1132 1292 praedicatum
1162 1236 1247 1282 est
1270 1237 1558 1284 venturum
1589 1232 1790 1287 essein
1826 1234 2112 1290 mundum.

544 1312 697 1368 Sicut
741 1329 869 1385 ergo
892 1317 1243 1386 praedicatum
1284 1328 1395 1386 est,
1437 1321 1518 1377 sic
1554 1337 1796 1391 praesens
1846 1339 1906 1379 se
1934 1325 2113 1395 ipsum

543 1406 892 1462 manifestum
922 1408 1050 1465 fecit
1071 1426 1138 1466 ex
1162 1410 1387 1483 Virgine
1415 1423 1471 1469 et
1497 1413 1700 1484 Spiritu
1727 1425 1916 1472 sancto
1942 1434 2114 1475 novus

540 1496 706 1553 homo
753 1496 965 1555 factus:
999 1502 1207 1559 habens
1239 1504 1458 1561 caeleste
1486 1508 1632 1577 quod
1662 1506 1951 1564 Paternum
1976 1496 2111 1576 erat,

539 1598 800 1659 tanquam
822 1589 1059 1647 Verbum
1081 1612 1095 1659 ;
1124 1603 1395 1651 terrenum
1414 1612 1545 1653 vero
1568 1608 1824 1669 tanquam
1848 1617 1915 1656 ex
1935 1611 2115 1658 vetere

538 1682 712 1735 Adam
734 1721 751 1747 ,
787 1697 885 1752 per
922 1683 1198 1756 Virginem
1235 1688 1569 1746 incarnatus.
1624 1690 1716 1747 Sic
1763 1693 1818 1746 in
1849 1695 2112 1749 mundum

540 1784 816 1838 egressus,
856 1774 1001 1832 Deus
1027 1789 1348 1848 corporatus
1381 1782 1663 1850 apparuit,
1708 1798 1962 1853 egressus
1990 1801 2113 1855 per-

540 1859 715 1918 fectus
741 1864 929 1921 homo.
964 1866 1084 1922 Non
1113 1870 1259 1924 enim
1293 1887 1388 1940 per
1420 1871 1692 1929 fictionem
1723 1883 1819 1930 aut
1854 1878 2109 1933 mutatio-

539 1968 665 2008 nem
687 1994 704 2020 ,
732 1957 827 2012 sed
858 1972 986 2014 vere
1016 1959 1191 2017 Iactus
1224 1972 1310 2017 est
1338 1963 1526 2019 homo.

611 2044 797 2102 XVIII.
841 2047 932 2105 Sic
962 2038 1142 2121 igitur
1185 2053 1425 2109 humana
1462 2071 1559 2111 sua
1612 2074 1721 2114 non
1753 2067 1970 2115 recusat
2013 2061 2107 2131 qui

538 2136 1018 2197 demonstrabatur
1063 2158 1185 2200 esse
1224 2144 1388 2212 Deus,
1422 2163 1547 2203 cum
1579 2152 1752 2206 esurit
1781 2159 1835 2207 et
1875 2154 2105 2220 laborat,

536 2237 594 2283 et
624 2229 952 2304 defatigatus
981 2234 1125 2302 sitit;
1160 2252 1285 2292 cum
1318 2238 1623 2298 formidans
1651 2242 1790 2314 Iugit
1810 2287 1824 2311 ,
1854 2251 1908 2301 et
1940 2259 2106 2301 orans

535 2323 788 2377 tristatur
811 2364 826 2391 ,
869 2333 925 2380 et
964 2341 1131 2396 super
1159 2329 1439 2398 pulvinum
1468 2332 1699 2395 dormit.
1732 2336 1827 2405 qui
1854 2344 2103 2391 naturam

537 2411 702 2469 habet
739 2415 1044 2472 insomnem
1077 2428 1138 2474 ut
1174 2419 1319 2478 Deus
1346 2440 1359 2476 :
1385 2437 1509 2478 cum
1558 2425 1784 2480 calicem
1839 2428 2106 2497 passionis

534 2502 769 2573 refugit,
797 2506 890 2575 qui
934 2516 1154 2578 propter
1200 2509 1303 2566 hoc
1348 2511 1404 2566 in
1455 2515 1719 2569 mundum
1759 2515 2100 2572 advenerat:

531 2596 658 2647 cum
704 2594 759 2649 in
791 2597 1061 2654 anxietate
1090 2601 1252 2656 sudat
1275 2611 1329 2657 et
1354 2602 1424 2659 ab
1448 2606 1641 2675 angelo
1668 2607 1977 2676 roboratur,
2010 2609 2104 2678 qui

531 2698 630 2739 eos
660 2686 754 2755 qui
781 2686 833 2740 in
861 2703 919 2743 se
944 2690 1175 2746 credunt
1203 2693 1447 2761 roborat,
1469 2705 1524 2751 et
1556 2710 1718 2766 opere
1745 2697 1933 2754 docuit
1957 2715 2105 2754 mor-

531 2783 644 2830 tem
678 2786 1057 2849 contemnere;
1101 2797 1228 2838 cum
1254 2800 1284 2840 a
1307 2784 1447 2842 Juda
1476 2788 1745 2857 proditur,
1778 2790 1871 2860 qui
1897 2805 2100 2861 00gno-

533 2866 719 2922 scebat
749 2867 943 2925 Judam
975 2873 1101 2943 quis
1129 2883 1310 2944 esset;
1357 2886 1413 2933 et
1437 2893 1470 2933 a
1494 2879 1697 2950 Caipha
1722 2881 2101 2950 inhonoratur,

531 2957 626 3026 qui
659 2969 776 3014 erat
798 2961 867 3016 ab
895 2977 961 3017 eo
990 2967 1298 3023 sacerdotio
1328 2968 1585 3040 fungente
1630 2974 1794 3042 paulo
1820 2985 1946 3029 ante
1983 2985 2104 3029 tan-

532 3064 698 3118 quam
736 3050 877 3108 Deus
930 3054 1262 3128 bonoratus;
1301 3076 1426 3116 cum
1461 3063 1530 3118 ab
1562 3062 1773 3121 Herode
1805 3067 2099 3136 spernitur.

532 3146 628 3215 qui
672 3155 841 3204 totam
875 3158 1076 3204 terram
1113 3150 1460 3221 iudicaturus
1493 3164 1608 3224 est;
1639 3166 1694 3211 et
1728 3159 2041 3214 verberatur
2070 3179 2099 3214 a

2221 685 2393 755 ράσχῃ
2421 688 2534 747 τοῖς
2567 682 2912 737 πιστεύουσιν
2940 684 3019 745 είς
3043 681 3104 734 16
3136 680 3305 749 ὄνομα
3334 678 3515 734 αὐτοῦ.
3552 680 3640 733 Ἐν
3682 680 3787 734 πότ-

2217 794 2300 829 σιν
2328 773 2419 830 οὖν
2444 776 2814 829 ἀποδέδεικται
2839 775 2969 845 ἡμῖν
2994 774 3091 844 τῆς
3117 770 3373 843 ἀληθείας
3393 769 3569 840 λόγος,
3596 772 3677 826 ὅτι
3702 767 3783 835 εἷς

2215 864 2361 921 ἐστιν
2388 870 2415 920 6
2446 867 2636 938 Πατὴρ
2656 907 2670 932 ,
2705 861 2765 920 06
2791 867 3020 937 πάρεστι
3053 864 3252 933 Λόγος,
3293 862 3360 915 δι’
3402 856 3464 916 06
3508 860 3579 914 τά
3609 861 3784 916 πάντα

2168 999 2187 1014 .
2212 957 2501 1027 ἐποίησεν·
2532 954 2592 1009 ὃν
2625 955 2872 1025 ὑστέροις
2904 955 3147 1025 καιροῖς,
3176 950 3356 1014 καθὼς
3388 950 3620 1021 εῖπαμεν
3646 952 3779 1005 ἀνω-

2212 1050 2376 1119 τέρω,
2396 1045 2711 1101 ἀπέστειλεν
2736 1047 2764 1098 6
2790 1046 2979 1115 Πατὴρ
3002 1044 3136 1116 πρὸς
3162 1042 3434 1115 σωτηρίαν
3462 1040 3779 1111 ἀνθρώπων.

2215 1136 2381 1203 0610;
2409 1138 2498 1192 διὰ
2523 1137 2686 1208 νόμου
2715 1137 2808 1189 καὶ
2841 1134 3133 1207 προφητῶν
3169 1132 3441 1205 ἐκηρύχθη
3480 1133 3787 1204 παρεσόμε-

2214 1249 2303 1295 νος
2350 1233 2430 1295 είς
2474 1212 2565 1283 τὸν
2598 1229 2818 1300 κόσμον.
2854 1228 2991 1281 Καθ’
3032 1228 3089 1280 ὃν
3115 1221 3208 1279 οὖν
3236 1227 3434 1298 τρόπον
3475 1224 3780 1296 ἐκηρύχθη,

2216 1323 2357 1378 κατά
2384 1321 2573 1375 τοῦτον
2605 1323 2697 1375 καὶ
2730 1317 2921 1392 παρὼν
2956 1317 3298 1390 ἐφανέρωσεν
3324 1316 3514 1371 ἑαυτὸν
3552 1317 3618 1369 ἐκ
3644 1316 3794 1389 Παρ·
3862 1324 3865 1327 ’

2215 1414 2367 1467 θένου
2407 1413 2500 1467 καὶ
2542 1413 2698 1482 ἁγίου
2726 1412 3041 1483 Πνεύματος
3059 1452 3075 1476 ,
3106 1411 3291 1474 καινὸς
3322 1409 3605 1483 ἄνθρωπος
3634 1410 3783 1478 γενό-’

2218 1524 2378 1577 μενος
2397 1524 2410 1536 ·
2436 1506 2497 1560 16
2531 1506 2627 1576 μὲν
2655 1505 2901 1576 οὐράνιον
2928 1504 3065 1574 ἔχων
3097 1503 3158 1556 16
3184 1502 3441 1575 Πατρῷον
3473 1502 3549 1567 ὡς
3578 1494 3780 1571 Λόγος,
3891 1528 3902 1535 ·

2213 1597 2275 1650 16
2321 1598 2379 1651 δὲ
2425 1598 2663 1666 ἐπίγειον
2703 1597 2777 1660 ὡς
2810 1596 2875 1648 ἐκ
2921 1595 3148 1648 παλαιοῦ
3186 1595 3356 1666 ’Δδάμ
3388 1594 3477 1648 διά
3508 1593 3783 1666 Παρθένου

2216 1690 2601 1761 σαρκούμενος.
2649 1684 2816 1754 0610;
2858 1686 3134 1759 προελθὼν
3180 1690 3261 1751 είς
3300 1689 3503 1759 κόσμον
3545 1686 3677 1750 Θεὸς
3725 1689 3783 1740 ἐν

2216 1781 2426 1853 σώματι
2456 1782 2794 1853 ἐφανερώθη,
2829 1781 3114 1852 ἄνθρωπος
3141 1780 3346 1844 τέλειος
3378 1770 3675 1851 προελθών.
3705 1779 3781 1832 06

2213 1871 2319 1942 γὰρ
2338 1869 2475 1924 κατά
2497 1871 2796 1939 φαντασίαν
2823 1870 2857 1941 ἢ
2887 1867 3113 1942 τροπὴν,
3135 1868 3249 1923 ἀλλ’
3265 1862 3477 1938 ἀληθῶς
3497 1867 3784 1938 γενόμενος

2138 1945 2184 2004 Β
2210 1962 2306 2017 ἄνθ
2316 1980 2515 2035 ρωπος.

2277 2054 2461 2118 Οὕτως
2493 2051 2585 2109 οὖν
2615 2056 2709 2107 καὶ
2741 2054 2810 2108 τὰ
2848 2053 3163 2127 ἀνθρώπινα
3183 2053 3389 2106 ἑαυτοῦ
3421 2040 3520 2105 οὐκ
3552 2050 3784 2104 ἀπαναί-

2206 2162 2355 2199 νεται
2373 2145 2779 2217 ἐνδεικνύμενος
2794 2145 2925 2210 Θεὸς
2946 2145 3041 2209 ὣν,
3056 2146 3145 2199 ὅτε
3171 2146 3333 2216 πεινᾷ
3353 2145 3445 2197 καὶ
3464 2146 3630 2215 κοπιᾷ
3646 2142 3780 2216 (l6),

2207 2238 2302 2291 καὶ
2339 2238 2561 2309 κάμνων
2609 2238 2763 2309 διψᾷ·
2797 2238 2893 2292 καὶ
2924 2236 3138 2291 δεάιῶν
3170 2237 3389 2306 φεύγει,
3426 2236 3521 2289 καὶ
3549 2249 3783 2305 προσευ-

2205 2330 2431 2401 χόμενος
2462 2329 2745 2394 λυπεῖται,
2774 2329 2868 2383 καὶ
2896 2329 2988 2383 ἐπὶ
3015 2327 3450 2400 προσκεφάλαιον
3494 2325 3744 2379 καθεύδει
3762 2363 3779 2390 ,

2206 2419 2236 2472 6
2256 2417 2459 2472 ἄϋπνον
2485 2418 2624 2489 ἔχων
2652 2418 2749 2490 τὴν
2774 2418 2932 2487 φύσιν
2954 2417 3029 2481 ὡς
3060 2417 3193 2480 Θεός
3212 2434 3226 2447 ·
3254 2418 3351 2471 καὶ
3388 2416 3650 2487 ποτηρίου
3682 2415 3780 2471 πά-

2207 2508 2297 2573 θος
2319 2513 2689 2580 παραιτεῖται,
2716 2512 2744 2563 6
2765 2508 2853 2563 διὰ
2880 2509 3036 2562 τοῦτο
3066 2506 3459 2579 παραγεγονὼς
3483 2510 3538 2559 ἐν
3568 2507 3776 2577 κόσμῳ·

2206 2601 2300 2653 καὶ
2330 2601 2580 2669 ἀγωνιῶν
2614 2601 2767 2673 ἱδροῖ,
2793 2601 2887 2654 καὶ
2909 2602 2999 2653 ὑπ’
3028 2599 3262 2669 ἀγγέλου
3292 2599 3681 2669 ἐνδυναμοῦται
3701 2636 3717 2662 ,
3751 2599 3782 2651 6

2204 2691 2513 2763 év60vapt'6v
2541 2693 2666 2757 τοὺς
2699 2694 2777 2756 εἰς
2811 2692 2972 2761 αὐτὸν
3000 2691 3353 2754 πιστεύοντας
3372 2730 3387 2755 ,
3420 2691 3515 2745 καὶ
3547 2690 3783 2745 θανάτου

2204 2787 2565 2857 καταφρονεῖν
2588 2784 2737 2858 ἔργῳ
2756 2783 2974 2850 διδάξας
2993 2801 3005 2813 ·
3030 2783 3123 2837 καὶ
3154 2783 3259 2836 ὑπὸ
3297 2783 3467 2837 Ἰούδα
3492 2780 3779 2853 παραδίδο-

2203 2894 2314 2942 ται,
2342 2879 2371 2929 6
2404 2875 2686 2946 γινώσκων
2715 2876 2806 2928 16v
2852 2873 3050 2928 Ἰούδαν
3074 2874 3157 2937 τίς
3182 2874 3328 2926 ἐστιν
3347 2890 3367 2903 ἠ
3387 2871 3487 2945 καὶ
3520 2870 3783 2941 ἀτιμάζε-

2201 2970 2291 3023 ταὶ
2315 2969 2419 3023 ὑπὸ
2447 2968 2692 3038 Καῖάφα,
2710 2969 2738 3021 6
2770 2968 3034 3039 πρότερον
3058 2966 3150 3020 ὑπ’
3172 2965 3335 3021 αὐτοῦ
3369 2964 3779 3038 ίερατευόμενος

2202 3061 2277 3126 ὡς
2307 3061 2440 3125 Θεός
2462 3061 2572 3133 (l7)
2596 3078 2610 3092 ·
2640 3060 2735 3114 καὶ
2766 3060 2872 3113 ὑπὸ
2906 3058 3146 3132 Ἡρώδου
3172 3058 3566 3126 ἐξουθενεῖται,
3599 3059 3628 3111 6
3653 3056 3782 3129 μέλ-

2204 3155 2309 3208 λων
2341 3157 2519 3226 κρῖναι
2548 3155 2729 3208 πᾶσαν
2761 3153 2862 3223 τὴν
2894 3152 2999 3223 γῆν
3019 3166 3032 3183 ⁸
3065 3152 3157 3205 καὶ
3193 3148 3510 3222 μαστίζεται
3547 3147 3655 3201 6116
3682 3148 3780 3200 Πι-

534 3236 743 3301 Pilato,
798 3239 846 3294 is
880 3241 972 3311 qui
1025 3242 1367 3299 inﬁrmitates
1413 3257 1630 3302 nostras
1671 3249 1938 3319 suscepit;
1987 3260 2040 3305 et
2071 3268 2098 3303 a

2205 3243 2390 3308 λάτον,
2417 3244 2446 3296 6
2471 3242 2570 3307 τὰς
2604 3242 2886 3303 ἀσθενείας
2921 3240 3078 3313 ἡμῶν
3110 3240 3531 3310 ἀναδεξάμενος·
3561 3238 3656 3293 καὶ
3675 3238 3782 3292 61:6

532 3330 798 3386 militibus
829 3333 1072 3389 illuditur
1112 3336 1193 3405 is,
1223 3336 1309 3392 cui
1334 3348 1515 3393 astant
1545 3340 1713 3396 millia
1746 3316 1972 3397 millium
1998 3383 2014 3408 ,
2047 3354 2100 3398 ct

2206 3335 2550 3407 στρατιωτῶν
2585 3333 2860 3398 παίζεται,
2888 3326 2932 3402 ᾧ
2955 3334 3358 3405 παρεστηκουσι
3378 3333 3577 3404 ’χίλιαι
3604 3331 3778 3404 χιλιά-

531 3423 715 3479 decies
738 3437 960 3482 centena
990 3429 1154 3484 millia
1189 3432 1506 3501 angelorum
1535 3443 1590 3490 et
1616 3437 2095 3507 arclaangelorum;

2205 3426 2286 3491 δες
2335 3428 2430 3480 καὶ
2454 3426 2644 3498 μυρίαι
2674 3424 2930 3497 μυριάδες
2956 3426 3204 3495 ἀγγέλων
3246 3426 3342 3478 καὶ
3383 3425 3737 3496 ἀρχαγγέλων
3757 3440 3772 3453 σ

531 3523 586 3568 et
615 3529 643 3567 a
675 3513 876 3573 Iudaeis
919 3520 973 3573 in
1000 3520 1148 3591 ligno
1172 3521 1379 3592 ﬁgitur,
1408 3525 1501 3593 qui
1529 3533 1787 3596 tanquam
1827 3543 2098 3583 cameram

2205 3518 2294 3571 καὶ
2328 3518 2428 3571 ὑπὸ
2464 3517 2729 3572 Ἰουδαίων
2760 3517 2899 3590 ξύλῳ
2945 3521 3357 3589 προσπήγνυται
3380 3558 3395 3583 ,
3424 3519 3453 3571 ὁ
3483 3516 3660 3588 πήξας
3700 3515 3776 3580 ὡς

531 3604 731 3660 ctelum
767 3608 912 3675 ﬁxit;
961 3619 1015 3665 et
1046 3611 1289 3668 clamans
1318 3614 1385 3667 ad
1418 3613 1633 3669 Patrem
1669 3617 1916 3686 spiritum
1950 3634 2099 3673 com-

2205 3613 2458 3683 καμάραν
2482 3610 2573 3663 16v
2608 3610 2831 3682 οὐρανόν
2853 3626 2866 3640 ι
2905 3608 2999 3663 καὶ
3028 3609 3165 3680 πρὸς
3190 3610 3407 3680 Πατέρα
3428 3608 3564 3679 βοῶν
3598 3625 3771 3679 παρα-

531 3699 786 3763 mundat,
833 3702 925 3770 qui
956 3712 1041 3757 est
1072 3719 1103 3757 a
1136 3703 1295 3759 Patre
1327 3707 1737 3776 inseparabilis;
1766 3718 1819 3765 et
1842 3711 2099 3767 inclinato

2205 3702 2407 3757 τίθεται
2448 3702 2510 3754 16
2553 3701 2773 3773 πνεῦμα
2798 3741 2814 3765 ,
2857 3700 2885 3752 6
2930 3700 3234 3773 ἀχώριστος
3271 3700 3365 3754 τοῦ
3394 3699 3609 3770 Πατρός
3631 3715 3645 3727 ·
3677 3698 3773 3751 καὶ

530 3790 709 3857 capite
737 3790 1007 3861 exspirat,
1040 3794 1134 3864 qui
1178 3794 1313 3850 dixit
1340 3815 1354 3851 :
1387 3815 1406 3848 ι
1434 3797 1763 3855 Potestatem
1796 3801 1970 3856 habeo
1997 3818 2098 3873 po-

530 3881 696 3936 nendi
738 3883 976 3939 animam
1026 3902 1236 3955 meam,
1268 3897 1323 3944 et
1352 3898 1673 3959 potestatem
1700 3893 1876 3950 habeo
1902 3894 2097 3963 iterum

529 3973 781 4028 sumendi
806 3990 926 4030 eam
952 3977 1017 4034 ⁷³.
1050 3996 1069 4029 1
1107 3977 1261 4045 Quod
1294 3990 1475 4035 autem
1502 3998 1610 4037 non
1638 3984 2026 4041 dominabatur
2049 3988 2097 4042 ei

528 4077 682 4117 mors
712 4064 804 4134 qui
852 4066 960 4121 vita
991 4078 1145 4136 erat,
1203 4071 1476 4141 signiﬁcat
1504 4089 1630 4128 cum
1656 4075 1795 4130 dixit
1822 4092 1835 4129 :
1873 4096 1892 4130 ι
1922 4077 2035 4149 Ego
2068 4094 2099 4134 a

527 4171 617 4212 mc
653 4160 773 4228 ipso
807 4175 950 4231 pono
975 4164 1175 4217 eam“.
1209 4182 1228 4215 1
1268 4162 1333 4218 Et
1360 4165 1503 4221 latus
1535 4167 1721 4223 lancea
1755 4169 1995 4238 aperitur
2025 4172 2097 4237 ei,

526 4251 622 4320 qui
646 4253 812 4307 vitam
845 4256 1098 4311 omnibus
1130 4255 1393 4328 largitur;
1425 4269 1479 4313 et
1509 4260 1676 4317 linteo
1709 4261 2005 4329 involutus,
2042 4266 2099 4321 in

526 4352 884 4399 monumento
915 4348 1154 4416 ponitur,
1174 4350 1266 4420 qui
1301 4359 1549 4409 mortuos
1574 4353 1835 4423 suscitat;
1865 4365 1920 4412 et
1940 4358 2098 4414 tertia

526 4433 616 4488 die
659 4449 687 4489 a
724 4435 884 4514 Patre
914 4441 1217 4511 excitatur,
1251 4444 1348 4513 qui
1393 4452 1478 4500 est
1522 4446 1640 4516 ipse
1683 4451 2014 4507 resurrectio
2045 4461 2101 4507 et

528 4527 659 4582 vita.
710 4528 836 4587 Haec
874 4535 1019 4588 enim
1083 4537 1269 4591 omnia
1319 4539 1482 4594 nobis
1533 4549 1788 4610 operatus
1841 4551 1952 4610 est,
2005 4543 2099 4614 qui

2200 3795 2398 3848 κλίνων
2432 3793 2669 3865 κεφαλὴν
2689 3835 2704 3859 ,
2735 3794 2950 3860 ἐκπνεῖ,
2982 3797 3010 3847 6
3058 3793 3247 3857 εἴπας·
3285 3789 3620 3855 ‹.Ἐξουσίαν
3660 3789 3772 3861 ἔχω

2200 3885 2370 3940 θεῖναι
2392 3884 2490 3957 τὴν
2514 3886 2690 3957 ψυχήν
2726 3902 2847 3957 μου,
2881 3886 2974 3940 καὶ
2999 3884 3243 3950 ἐξουσίαν
3272 3883 3379 3953 ἔχω
3402 3882 3563 3936 πάλιν
3586 3881 3773 3934 λαϐεῖν

2201 3979 2389 4052 αὑτήν.
2419 3997 2438 4031 1
2490 3980 2612 4032 Ὅτι
2659 3977 2717 4032 δέ
2762 3978 2860 4032 οὐκ
2905 3977 3216 4049 ἐκυριεύετο
3258 3975 3363 4029 ὑπὸ
3398 3975 3665 4041 θανάτου,
3695 3974 3773 4037 ὡς

2200 4071 2345 4145 ζωὴ,
2380 4068 2562 4126 εἶπεν·
2607 4091 2627 4125 ι
2672 4072 2814 4141 Ἐγὼ
2856 4072 2949 4126 ἀπ’
2979 4069 3213 4143 ἐμαυτοῦ
3263 4069 3454 4141 τίθημι
3504 4068 3711 4140 αὐτήν·
3746 4085 3769 4120 1

2200 4167 2294 4221 καὶ
2325 4166 2563 4238 πλευρὰν
2592 4165 2762 4238 λόγχῃ
2792 4165 3069 4230 νύσσεται,
3091 4164 3119 4217 6
3144 4165 3242 4234 τὴν
3265 4163 3408 4234 ζωὴν
3437 4163 3601 4215 πᾶσιν
3622 4177 3777 4232 χαρι-

2200 4256 2449 4329 ζόμενος·
2498 4258 2590 4311 καὶ
2627 4257 2821 4311 σίνδονι
2863 4257 3209 4327 ἑλισσόμενος
3241 4257 3299 4308 ἐν
3338 4254 3585 4326 μνημείῳ
3623 4252 3771 4306 τίθε-

2199 4368 2321 4418 ται,
2368 4353 2398 4404 6
2447 4350 2574 4413 106;
2611 4350 2841 4421 νεκροὺς
2887 4338 3142 4421 ἐγείρων
3187 4347 3281 4402 καὶ⁵
3325 4348 3623 4419 τριήμερος
3669 4344 3777 4400 6116

2200 4444 2413 4515 Πατρὸς
2441 4443 2723 4497 ἀνίσταται
2742 4483 2757 4509 ,
2787 4442 2949 4506 αὐτὸς
2969 4441 3044 4495 ὢν
3074 4443 3108 4513 ἡ
3142 4442 3435 4502 ἀνάστασις
3458 4439 3553 4491 καὶ
3578 4440 3611 4509 ἡ
3635 4438 3772 4512 ζωή.

2200 4535 2384 4589 Ταῦτα
2409 4533 2516 4606 γὰρ
2548 4534 2724 4587 πάντα
2749 4536 2883 4605 ἡμῖν
2910 4530 3291 4605 κατώρθωσεν,
3324 4530 3381 4592 6;
3403 4529 3470 4582 δι’
3498 4530 3647 4600 ἡμᾶς
3678 4531 3775 4598 γέ-

527 4628 748 4688 propter
778 4636 879 4679 nos
906 4623 1080 4682 factus
1101 4637 1185 4683 est
1214 4629 1359 4684 sicut
1403 4645 1533 4699 nos;
1573 4650 1592 4684 ι
1623 4633 1738 4703 ipse
1765 4635 1912 4687 enim
1947 4633 2100 4689 inﬁr-

2205 4644 2357 4697 γονεν
2392 4625 2512 4679 καθ’
2557 4627 2723 4696 ἡμᾶς.
2777 4645 2795 4677 ι
2820 4625 2989 4688 Αὐτὸς
3020 4624 3128 4694 γάρ
3168 4622 3269 4685 τάς
3296 4619 3585 4714 ἀσθενείας
3616 4621 3774 4714 ἡμῶν

528 4710 746 4766 mitates
775 4723 990 4771 nostras
1023 4720 1281 4789 suscepit,
1314 4730 1370 4777 et
1396 4722 1689 4792 languores
1721 4733 1938 4780 nostros
1970 4738 2097 4795 por-

529 4803 692 4869 tavit,
726 4821 745 4855 1
794 4815 849 4859 et
881 4821 980 4876 pro
1013 4810 1172 4866 nobis
1202 4812 1376 4880 dolet,
1410 4813 1553 4871 sicut
1601 4815 1738 4870 dixit
1769 4801 1939 4871 Isaias
1970 4832 2099 4886 pro-

528 4893 690 4965 pheta
704 4896 771 4951 “.
805 4896 887 4952 Ab
917 4902 1122 4972 angelis
1156 4905 1430 4973 laudatus,
1465 4921 1496 4961 a
1529 4908 1841 4977 pastoribus
1870 4908 2043 4973 visus,
2066 4924 2099 4962 a

528 4982 786 5043 Simeone
829 5001 1207 5061 exspectatus,
1240 4996 1307 5050 ab
1339 4997 1496 5052 Anna
1532 5006 1791 5063 testatus,
1847 5013 1879 5053 a
1920 4999 2097 5070 magis

524 5078 823 5147 quaesitus,
872 5083 941 5137 ab
989 5084 1143 5140 stella
1186 5086 1556 5158 signiﬁcatus,
1603 5091 1659 5143 in
1710 5089 1875 5145 domo
1918 5087 2096 5145 Patris

523 5181 803 5241 versatus,
852 5191 880 5229 a
907 5174 1116 5235 Joanne
1146 5179 1315 5252 digito
1344 5193 1636 5252 ostensus;
1683 5182 1770 5239 cui
1814 5181 1973 5237 Pater
2003 5197 2093 5237 su-

596 5316 818 5378 "Joan.
852 5321 1021 5389 x,18.
1097 5324 1145 5362 ³ο
1164 5320 1299 5380 Ibid.
1378 5329 1420 5359 ὐ
1453 5327 1553 5382 Isa.
1591 5345 1712 5395 Lm,
1741 5329 1795 5385 4.

603 5499 711 5572 (l6)
736 5503 865 5559 Ὅτε
892 5506 1068 5574 πεινᾷ
1094 5508 1190 5562 καὶ
1221 5507 1399 5577 κοπιᾷ
1424 5554 1438 5578 ,
1469 5528 1524 5566 κ.
1559 5530 1609 5565 τ.
1640 5511 1690 5565 λ.
1726 5512 1859 5579 Qua:
1888 5513 1975 5569 hic
2005 5529 2094 5570 se-

527 5583 805 5653 quuntur,
854 5581 917 5653 ad
948 5582 1169 5653 verbum
1215 5579 1343 5653 fere
1362 5585 1693 5637 Conveniunt
1718 5599 1843 5637 cum
1862 5583 1945 5653 iis
1972 5600 2095 5653 quae

528 5657 593 5718 ex
630 5642 994 5718 S._Hippolyti
1040 5648 1297 5703 Memoria
1323 5652 1601 5706 hmresium
1632 5654 1817 5708 laudat
1853 5651 1912 5707 S.
1936 5642 2095 5709 Gela-

530 5711 645 5793 sius
675 5709 749 5766 De
787 5709 991 5793 ditabis
1025 5722 1229 5793 naturis
1255 5719 1554 5793 iniChristo
1574 5765 1588 5788 ,
1618 5732 1749 5779 tom.
1784 5722 1908 5793 ‘Vlll
1948 5724 2092 5781 Bibl.

530 5777 937 5858 Paql_r_n_m,_edit.
967 5788 1138 5857 Lugd.
1171 5806 1292 5858 pag.
1323 5792 1447 5846 704.
1477 5777 1696 5850 Fannio.

603 5851 713 5923 (I7)
765 5851 1332 5935 ἰερατευόῇενὸςῶς
1357 5863 1517 5930 Θεός.
1577 5883 1594 5918 ι
1626 5864 1913 5939 Tanquam
1948 5864 2093 5923 Deus

2203 4716 2485 4780 ἀνεδέξατο
2541 4717 2634 4770 καὶ
2675 4715 2777 4779 τὰς
2837 4716 3024 4778 νόσους
3071 4711 3401 4776 ἐϐάστασεν,
3429 4728 3446 4760 1
3504 4709 3598 4762 καὶ
3645 4712 3774 4782 περὶ

2204 4810 2358 4883 ἡμῶν
2383 4810 2622 4863 ὠδυνᾶτο
2640 4849 2654 4875 ,
2684 4807 2864 4871 καθὼς
2889 4802 3040 4859 εἶπεν
3082 4803 3307 4866 Ἡσαΐας
3339 4804 3368 4854 6
3403 4802 3715 4873 προφήτης·
3744 4806 3773 4857 6

2204 4904 2295 4959 ὑπ’
2326 4903 2569 4971 ἀγγέλων
2597 4900 2930 4974 ὑμνούμενος
2958 4898 3052 4952 καὶ
3091 4896 3195 4950 ὑπὸ
3224 4895 3496 4967 ποιμένων
3536 4895 3763 4967 θεωρού-

2209 5013 2366 5070 μενος
2387 5038 2401 5061 ,
2445 4996 2538 5050 καὶ
2571 4995 2674 5048 ὑπὸ
2699 4992 2981 5064 Συμεῶνος
3017 4987 3462 5062 προσδοκώμενος
3486 5029 3500 5054 ,
3541 4989 3633 5042 καὶ
3666 4988 3775 5042 ὑπὸ

2210 5090 2376 5142 Ἀννα
2432 5085 2887 5161 μαρτυρούμενος.
2926 5076 3093 5146 Οὗτος
3125 5076 3194 5153 ἦν
3238 5083 3267 5135 6
3300 5079 3628 5153 ζητούμενος
3667 5082 3774 5134 ὑπὸ

2207 5181 2394 5253 μάγων
2414 5221 2428 5244 ,
2472 5181 2565 5234 καὶ
2612 5176 3006 5250 σημαινόμενος
3054 5174 3148 5230 ὑπ’
3192 5173 3418 5245 ἀστέρος
3442 5190 3457 5207 ο
3505 5174 3535 5225 6
3577 5173 3670 5229 καὶ
3712 5174 3773 5225 ἐν

2201 5516 2521 5571 honoratus.
2551 5532 2570 5566 1
2618 5514 2758 5581 Quia
2799 5532 2926 5572 cum
2958 5524 3106 5573 esset
3149 5508 3389 5581 pontifex
3424 5506 3549 5562 anni
3570 5506 3734 5581 illius
3760 5546 3775 5569 ,

2200 5588 2541 5656 prophetavit
2570 5576 2807 5655 Caiphas
2831 5586 2991 5641 Joan.
3018 5603 3098 5646 ιι,
3130 5576 3221 5645 5i,
3252 5579 3343 5644 52,
3393 5600 3411 5630 ι
3440 5578 3582 5647 quod
3611 5576 3772 5631 Iesus

2200 5658 2499 5732 moriturus
2521 5664 2647 5732 era_t_
2664 5671 2762 5732 pro
2788 5668 2945 5732 gente
2962 5697 2977 5720 ,
3005 5665 3197 5732 etnon
3224 5660 3430 5732 tantum
3457 5664 3554 5717 pro
3589 5657 3768 5732 gente,

2200 5728 2293 5781 sed
2324 5736 2385 5780 ut
2420 5725 2560 5780 ﬁlios
2612 5725 2706 5798 Dei
2731 5725 2830 5798 qui
2857 5734 3013 5798 erant
3051 5725 3282 5793 dispersi
3331 5726 3682 5798 congregaret
3713 5725 3770 5771 tn

2198 5812 2403 5860 unum;
2428 5815 2455 5866 1
2486 5796 2630 5866 quod
2651 5785 2873 5865 quidem
2901 5796 3082 5853 Iacere
3104 5785 3212 5849 nbn
3236 5785 3469 5863 poterat,
3487 5789 3591 5844 nisi
3625 5785 3782 5844 Deus.

2199 5875 2365 5924 esset.
2400 5865 2509 5923 F11.
2527 5865 2793 5923 'I‘unmu.
