  <div class='ocr_page' id='page_1' title='image "/cluster/home/n/w/nwhite01/storage/ocr_20150623/10/coo.31924054872894/427.png"; bbox 0 0 4134 6420; ppageno 0'>
   <div class='ocr_carea' id='block_1_1' title="bbox 550 437 3809 519">
    <p class='ocr_par' dir='ltr' id='par_1_1' title="bbox 550 437 3809 519">
     <span class='ocr_line' id='line_1_1' title="bbox 550 437 3809 519; baseline -0.001 -21"><span class='ocrx_word' id='word_1_1' title='bbox 550 443 648 500; x_wconf 65' lang='lat'><strong>$3!</strong></span> <span class='ocrx_word' id='word_1_2' title='bbox 1162 474 1165 477; x_wconf 95' lang='lat'><strong><em>-</em></strong></span> <span class='ocrx_word' id='word_1_3' title='bbox 1209 441 1266 498; x_wconf 89' lang='lat' dir='ltr'><strong>S.</strong></span> <span class='ocrx_word' id='word_1_4' title='bbox 1308 441 1669 498; x_wconf 78' lang='lat' dir='ltr'><strong>HlPPOLYTl</strong></span> <span class='ocrx_word' id='word_1_5' title='bbox 1707 440 1856 497; x_wconf 88' lang='lat' dir='ltr'><strong>OPP.</strong></span> <span class='ocrx_word' id='word_1_6' title='bbox 1898 439 2079 495; x_wconf 81' lang='lat' dir='ltr'><strong>PARS</strong></span> <span class='ocrx_word' id='word_1_7' title='bbox 2115 437 2181 494; x_wconf 84' lang='grc'><strong>11.</strong></span> <span class='ocrx_word' id='word_1_8' title='bbox 2222 468 2295 481; x_wconf 93' lang='grc'><strong><em>-</em></strong></span> <span class='ocrx_word' id='word_1_9' title='bbox 2327 438 2632 495; x_wconf 80' lang='lat' dir='ltr'><strong>DOGMAT.</strong></span> <span class='ocrx_word' id='word_1_10' title='bbox 2674 438 2762 493; x_wconf 82' lang='grc' dir='ltr'><strong>ΕΤ</strong></span> <span class='ocrx_word' id='word_1_11' title='bbox 2801 437 3142 495; x_wconf 82' lang='lat' dir='ltr'><strong>lllSTORIC.</strong></span> <span class='ocrx_word' id='word_1_12' title='bbox 3696 439 3809 519; x_wconf 72' lang='lat'><strong>83‘!</strong></span> 
     </span>
    </p>
   </div>
   <div class='ocr_carea' id='block_1_2' title="bbox 551 556 2084 633">
    <p class='ocr_par' dir='ltr' id='par_1_2' title="bbox 551 562 2084 633">
     <span class='ocr_line' id='line_1_2' title="bbox 551 562 2084 633; baseline -0.003 -16"><span class='ocrx_word' id='word_1_13' title='bbox 551 565 687 617; x_wconf 81' lang='lat' dir='ltr'><strong>dum</strong></span> <span class='ocrx_word' id='word_1_14' title='bbox 719 578 848 619; x_wconf 85' lang='lat' dir='ltr'><strong>suas</strong></span> <span class='ocrx_word' id='word_1_15' title='bbox 881 563 1057 633; x_wconf 86' lang='lat' dir='ltr'><strong>ipsius</strong></span> <span class='ocrx_word' id='word_1_16' title='bbox 1085 571 1391 632; x_wconf 75' lang='lat' dir='ltr'><strong>opportune</strong></span> <span class='ocrx_word' id='word_1_17' title='bbox 1418 562 1634 633; x_wconf 80' lang='lat' dir='ltr'><strong>singula</strong></span> <span class='ocrx_word' id='word_1_18' title='bbox 1660 570 1983 617; x_wconf 83' lang='lat' dir='ltr'><strong>conservata</strong></span> <span class='ocrx_word' id='word_1_19' title='bbox 2035 574 2084 612; x_wconf 82' lang='lat' dir='ltr'><strong>ra</strong></span> 
     </span>
    </p>
   </div>
   <div class='ocr_carea' id='block_1_3' title="bbox 2190 556 3806 633">
    <p class='ocr_par' dir='ltr' id='par_1_3' title="bbox 2190 556 3806 630">
     <span class='ocr_line' id='line_1_3' title="bbox 2190 556 3806 630; baseline 0 -16"><span class='ocrx_word' id='word_1_20' title='bbox 2190 583 2202 614; x_wconf 71' lang='grc' dir='ltr'><strong>ι</strong></span> <span class='ocrx_word' id='word_1_21' title='bbox 2229 556 2335 611; x_wconf 87' lang='grc' dir='ltr'><strong>τῶν</strong></span> <span class='ocrx_word' id='word_1_22' title='bbox 2365 558 2478 630; x_wconf 75' lang='grc'>(21)</span> <span class='ocrx_word' id='word_1_23' title='bbox 2510 557 2777 630; x_wconf 82' lang='grc' dir='ltr'>εὑκρινῶς</span> <span class='ocrx_word' id='word_1_24' title='bbox 2809 559 3012 611; x_wconf 70' lang='grc' dir='ltr'>ἕκαστα</span> <span class='ocrx_word' id='word_1_25' title='bbox 3043 556 3446 629; x_wconf 77' lang='grc' dir='ltr'>συντηρούμενα</span> <span class='ocrx_word' id='word_1_26' title='bbox 3467 557 3678 626; x_wconf 71' lang='grc' dir='ltr'>Λόγους,</span> <span class='ocrx_word' id='word_1_27' title='bbox 3700 562 3806 614; x_wconf 64' lang='grc' dir='ltr'>αὐξ-</span> 
     </span>
    </p>
   </div>
   <div class='ocr_carea' id='block_1_4' title="bbox 549 649 2084 724">
    <p class='ocr_par' dir='ltr' id='par_1_4' title="bbox 549 651 2084 723">
     <span class='ocr_line' id='line_1_4' title="bbox 549 651 2084 723; baseline -0.003 -16"><span class='ocrx_word' id='word_1_28' title='bbox 549 655 748 718; x_wconf 85' lang='lat' dir='ltr'><strong>tiones,</strong></span> <span class='ocrx_word' id='word_1_29' title='bbox 781 654 829 708; x_wconf 89' lang='lat' dir='ltr'><strong>ei</strong></span> <span class='ocrx_word' id='word_1_30' title='bbox 883 654 975 723; x_wconf 93' lang='lat' dir='ltr'><strong>qui</strong></span> <span class='ocrx_word' id='word_1_31' title='bbox 1035 662 1120 707; x_wconf 91' lang='lat' dir='ltr'><strong>est</strong></span> <span class='ocrx_word' id='word_1_32' title='bbox 1168 653 1473 707; x_wconf 90' lang='lat' dir='ltr'><strong>secundum</strong></span> <span class='ocrx_word' id='word_1_33' title='bbox 1524 661 1777 707; x_wconf 87' lang='lat' dir='ltr'><strong>naturam</strong></span> <span class='ocrx_word' id='word_1_34' title='bbox 1842 651 2084 707; x_wconf 84' lang='lat' dir='ltr'><strong>immens:</strong></span> 
     </span>
    </p>
   </div>
   <div class='ocr_carea' id='block_1_5' title="bbox 2190 649 3800 724">
    <p class='ocr_par' dir='ltr' id='par_1_5' title="bbox 2223 649 3800 724">
     <span class='ocr_line' id='line_1_5' title="bbox 2223 649 3800 724; baseline 0.001 -20"><span class='ocrx_word' id='word_1_35' title='bbox 2223 650 2302 721; x_wconf 84' lang='grc' dir='ltr'>τῷ</span> <span class='ocrx_word' id='word_1_36' title='bbox 2334 649 2412 721; x_wconf 84' lang='grc' dir='ltr'>τῷ</span> <span class='ocrx_word' id='word_1_37' title='bbox 2470 650 2611 704; x_wconf 74' lang='grc' dir='ltr'>κατὰ</span> <span class='ocrx_word' id='word_1_38' title='bbox 2640 650 2799 719; x_wconf 76' lang='grc' dir='ltr'>φύσιν</span> <span class='ocrx_word' id='word_1_39' title='bbox 2849 650 3263 722; x_wconf 83' lang='grc' dir='ltr'>ἀπειροδυνάμῳ</span> <span class='ocrx_word' id='word_1_40' title='bbox 3289 650 3427 721; x_wconf 85' lang='grc' dir='ltr'><strong>Θεῷ,</strong></span> <span class='ocrx_word' id='word_1_41' title='bbox 3472 651 3567 703; x_wconf 77' lang='grc' dir='ltr'>καὶ</span> <span class='ocrx_word' id='word_1_42' title='bbox 3600 656 3800 724; x_wconf 82' lang='grc' dir='ltr'><strong>ποιητῇ</strong></span> 
     </span>
    </p>
   </div>
   <div class='ocr_carea' id='block_1_6' title="bbox 547 735 2084 816">
    <p class='ocr_par' dir='ltr' id='par_1_6' title="bbox 547 742 2084 811">
     <span class='ocr_line' id='line_1_6' title="bbox 547 742 2084 811; baseline -0.001 -13"><span class='ocrx_word' id='word_1_43' title='bbox 547 745 768 800; x_wconf 84' lang='lat' dir='ltr'><strong>virtutis</strong></span> <span class='ocrx_word' id='word_1_44' title='bbox 800 745 943 799; x_wconf 89' lang='lat' dir='ltr'><strong>Deus</strong></span> <span class='ocrx_word' id='word_1_45' title='bbox 976 752 1030 799; x_wconf 84' lang='lat' dir='ltr'><strong>et</strong></span> <span class='ocrx_word' id='word_1_46' title='bbox 1052 745 1227 800; x_wconf 87' lang='lat' dir='ltr'><strong>factor</strong></span> <span class='ocrx_word' id='word_1_47' title='bbox 1266 745 1683 811; x_wconf 87' lang='lat' dir='ltr'><strong>universorum;</strong></span> <span class='ocrx_word' id='word_1_48' title='bbox 1719 742 1902 797; x_wconf 89' lang='lat' dir='ltr'><strong>divina</strong></span> <span class='ocrx_word' id='word_1_49' title='bbox 1924 742 2084 797; x_wconf 83' lang='lat' dir='ltr'><strong>volun</strong></span> 
     </span>
    </p>
   </div>
   <div class='ocr_carea' id='block_1_7' title="bbox 2190 735 3803 816">
    <p class='ocr_par' dir='ltr' id='par_1_7' title="bbox 2222 735 3803 816">
     <span class='ocr_line' id='line_1_7' title="bbox 2222 735 3803 816; baseline 0.003 -22"><span class='ocrx_word' id='word_1_50' title='bbox 2222 742 2329 795; x_wconf 88' lang='grc' dir='ltr'><strong>τῶν</strong></span> <span class='ocrx_word' id='word_1_51' title='bbox 2359 742 2495 795; x_wconf 83' lang='grc' dir='ltr'>ὅλων</span> <span class='ocrx_word' id='word_1_52' title='bbox 2514 760 2526 772; x_wconf 90' lang='grc'>·</span> <span class='ocrx_word' id='word_1_53' title='bbox 2564 743 2661 812; x_wconf 71' lang='grc' dir='ltr'>τῆς</span> <span class='ocrx_word' id='word_1_54' title='bbox 2718 741 2867 804; x_wconf 83' lang='grc' dir='ltr'>Θείας</span> <span class='ocrx_word' id='word_1_55' title='bbox 2921 741 3084 796; x_wconf 77' lang='grc' dir='ltr'>αὑτοῦ</span> <span class='ocrx_word' id='word_1_56' title='bbox 3138 741 3429 808; x_wconf 82' lang='grc' dir='ltr'>θελήσεως,</span> <span class='ocrx_word' id='word_1_57' title='bbox 3523 742 3594 796; x_wconf 79' lang='grc' dir='ltr'>τὰ</span> <span class='ocrx_word' id='word_1_58' title='bbox 3624 743 3803 797; x_wconf 84' lang='grc' dir='ltr'>πάντα</span> 
     </span>
    </p>
   </div>
   <div class='ocr_carea' id='block_1_8' title="bbox 550 834 2084 909">
    <p class='ocr_par' dir='ltr' id='par_1_8' title="bbox 550 836 2084 909">
     <span class='ocr_line' id='line_1_8' title="bbox 550 836 2084 909; baseline -0.001 -17"><span class='ocrx_word' id='word_1_59' title='bbox 550 847 679 903; x_wconf 87' lang='lat' dir='ltr'><strong>tate,</strong></span> <span class='ocrx_word' id='word_1_60' title='bbox 704 853 826 908; x_wconf 75' lang='lat' dir='ltr'><strong>quae</strong></span> <span class='ocrx_word' id='word_1_61' title='bbox 852 838 1034 892; x_wconf 89' lang='lat' dir='ltr'><strong>omnia</strong></span> <span class='ocrx_word' id='word_1_62' title='bbox 1059 836 1187 893; x_wconf 86' lang='lat' dir='ltr'><strong>fecit</strong></span> <span class='ocrx_word' id='word_1_63' title='bbox 1209 853 1273 892; x_wconf 88' lang='lat' dir='ltr'><strong>ac</strong></span> <span class='ocrx_word' id='word_1_64' title='bbox 1297 849 1498 903; x_wconf 89' lang='lat' dir='ltr'><strong>movet,</strong></span> <span class='ocrx_word' id='word_1_65' title='bbox 1523 836 1601 909; x_wconf 86' lang='grc' dir='ltr'><strong>(α)</strong></span> <span class='ocrx_word' id='word_1_66' title='bbox 1636 838 1751 893; x_wconf 83' lang='lat' dir='ltr'><strong>suis</strong></span> <span class='ocrx_word' id='word_1_67' title='bbox 1780 852 2084 907; x_wconf 73' lang='lat' dir='ltr'><strong>unaquaequ</strong></span> 
     </span>
    </p>
   </div>
   <div class='ocr_carea' id='block_1_9' title="bbox 2190 834 3867 909">
    <p class='ocr_par' dir='ltr' id='par_1_9' title="bbox 2222 834 3867 905">
     <span class='ocr_line' id='line_1_9' title="bbox 2222 834 3867 905; baseline 0.001 -18"><span class='ocrx_word' id='word_1_68' title='bbox 2222 836 2492 905; x_wconf 85' lang='grc' dir='ltr'>πεποίηκὲ</span> <span class='ocrx_word' id='word_1_69' title='bbox 2517 853 2575 888; x_wconf 86' lang='grc' dir='ltr'><strong>τε</strong></span> <span class='ocrx_word' id='word_1_70' title='bbox 2606 837 2699 889; x_wconf 75' lang='grc' dir='ltr'><strong>καὶ</strong></span> <span class='ocrx_word' id='word_1_71' title='bbox 2728 838 2883 897; x_wconf 87' lang='grc' dir='ltr'>κινεῖ,</span> <span class='ocrx_word' id='word_1_72' title='bbox 2914 838 3024 898; x_wconf 83' lang='grc' dir='ltr'>τοῖς</span> <span class='ocrx_word' id='word_1_73' title='bbox 3066 834 3271 889; x_wconf 81' lang='grc' dir='ltr'>ἑαυτῶν</span> <span class='ocrx_word' id='word_1_74' title='bbox 3298 835 3503 888; x_wconf 74' lang='grc' dir='ltr'>ἕκαστα</span> <span class='ocrx_word' id='word_1_75' title='bbox 3551 838 3802 905; x_wconf 77' lang='grc' dir='ltr'><strong>φυσικοῖς</strong></span> <span class='ocrx_word' id='word_1_76' title='bbox 3833 834 3867 869; x_wconf 60' lang='grc' dir='ltr'><strong>κ’</strong></span> 
     </span>
    </p>
   </div>
   <div class='ocr_carea' id='block_1_10' title="bbox 546 929 2115 1001">
    <p class='ocr_par' dir='ltr' id='par_1_10' title="bbox 546 929 2115 1001">
     <span class='ocr_line' id='line_1_10' title="bbox 546 929 2115 1001; baseline -0.001 -18"><span class='ocrx_word' id='word_1_77' title='bbox 546 929 892 985; x_wconf 77' lang='lat' dir='ltr'><strong>naturalibus</strong></span> <span class='ocrx_word' id='word_1_78' title='bbox 911 930 1175 999; x_wconf 88' lang='lat' dir='ltr'><strong>producta</strong></span> <span class='ocrx_word' id='word_1_79' title='bbox 1199 930 1431 1001; x_wconf 84' lang='lat' dir='ltr'><strong>legibus,</strong></span> <span class='ocrx_word' id='word_1_80' title='bbox 1464 930 1726 985; x_wconf 86' lang='lat' dir='ltr'><strong>immobili</strong></span> <span class='ocrx_word' id='word_1_81' title='bbox 1747 939 2115 999; x_wconf 85' lang='lat' dir='ltr'><strong>permanente.</strong></span> 
     </span>
    </p>
   </div>
   <div class='ocr_carea' id='block_1_11' title="bbox 543 1021 2116 1089">
    <p class='ocr_par' dir='ltr' id='par_1_11' title="bbox 543 1021 2116 1089">
     <span class='ocr_line' id='line_1_11' title="bbox 543 1021 2116 1089; baseline 0 -12"><span class='ocrx_word' id='word_1_82' title='bbox 543 1021 699 1089; x_wconf 87' lang='lat' dir='ltr'><strong>Quod</strong></span> <span class='ocrx_word' id='word_1_83' title='bbox 732 1023 874 1077; x_wconf 80' lang='lat' dir='ltr'><strong>enim</strong></span> <span class='ocrx_word' id='word_1_84' title='bbox 900 1024 1222 1077; x_wconf 80' lang='lat' dir='ltr'><strong>immensum</strong></span> <span class='ocrx_word' id='word_1_85' title='bbox 1265 1031 1370 1086; x_wconf 89' lang='lat' dir='ltr'><strong>est,</strong></span> <span class='ocrx_word' id='word_1_86' title='bbox 1403 1024 1552 1077; x_wconf 90' lang='lat' dir='ltr'><strong>nulla</strong></span> <span class='ocrx_word' id='word_1_87' title='bbox 1592 1024 1805 1078; x_wconf 86' lang='lat' dir='ltr'><strong>ratione</strong></span> <span class='ocrx_word' id='word_1_88' title='bbox 1843 1022 1925 1078; x_wconf 86' lang='lat' dir='ltr'><strong>vel</strong></span> <span class='ocrx_word' id='word_1_89' title='bbox 1953 1023 2116 1077; x_wconf 87' lang='lat' dir='ltr'><strong>modo</strong></span> 
     </span>
    </p>
   </div>
   <div class='ocr_carea' id='block_1_12' title="bbox 540 1114 2117 1184">
    <p class='ocr_par' dir='ltr' id='par_1_12' title="bbox 540 1114 2117 1184">
     <span class='ocr_line' id='line_1_12' title="bbox 540 1114 2117 1184; baseline 0.001 -16"><span class='ocrx_word' id='word_1_90' title='bbox 540 1115 734 1184; x_wconf 83' lang='lat' dir='ltr'><strong>recipit</strong></span> <span class='ocrx_word' id='word_1_91' title='bbox 767 1124 997 1179; x_wconf 89' lang='lat' dir='ltr'><strong>motum,</strong></span> <span class='ocrx_word' id='word_1_92' title='bbox 1027 1130 1134 1169; x_wconf 88' lang='lat' dir='ltr'><strong>non</strong></span> <span class='ocrx_word' id='word_1_93' title='bbox 1182 1115 1390 1169; x_wconf 85' lang='lat' dir='ltr'><strong>habens</strong></span> <span class='ocrx_word' id='word_1_94' title='bbox 1418 1129 1528 1184; x_wconf 91' lang='lat' dir='ltr'><strong>quo</strong></span> <span class='ocrx_word' id='word_1_95' title='bbox 1570 1123 1625 1170; x_wconf 85' lang='lat' dir='ltr'><strong>et</strong></span> <span class='ocrx_word' id='word_1_96' title='bbox 1648 1114 1793 1170; x_wconf 91' lang='lat' dir='ltr'><strong>circa</strong></span> <span class='ocrx_word' id='word_1_97' title='bbox 1820 1114 1967 1184; x_wconf 88' lang='lat' dir='ltr'><strong>quod</strong></span> <span class='ocrx_word' id='word_1_98' title='bbox 1999 1131 2117 1170; x_wconf 90' lang='lat' dir='ltr'><strong>mo-</strong></span> 
     </span>
    </p>
   </div>
   <div class='ocr_carea' id='block_1_13' title="bbox 537 1205 2115 1278">
    <p class='ocr_par' dir='ltr' id='par_1_13' title="bbox 537 1205 2115 1278">
     <span class='ocr_line' id='line_1_13' title="bbox 537 1205 2115 1278; baseline 0.002 -20"><span class='ocrx_word' id='word_1_99' title='bbox 537 1220 748 1260; x_wconf 86' lang='lat' dir='ltr'><strong>veatur.</strong></span> <span class='ocrx_word' id='word_1_100' title='bbox 782 1206 857 1278; x_wconf 84' lang='grc' dir='ltr'><strong>(β)</strong></span> <span class='ocrx_word' id='word_1_101' title='bbox 889 1205 1229 1262; x_wconf 77' lang='lat' dir='ltr'><strong>Vertibilitas</strong></span> <span class='ocrx_word' id='word_1_102' title='bbox 1254 1207 1401 1261; x_wconf 90' lang='lat' dir='ltr'><strong>enim</strong></span> <span class='ocrx_word' id='word_1_103' title='bbox 1441 1208 1581 1276; x_wconf 90' lang='lat' dir='ltr'><strong>ejus,</strong></span> <span class='ocrx_word' id='word_1_104' title='bbox 1616 1208 1709 1277; x_wconf 88' lang='lat' dir='ltr'><strong>qui</strong></span> <span class='ocrx_word' id='word_1_105' title='bbox 1748 1218 1833 1262; x_wconf 87' lang='lat' dir='ltr'><strong>est</strong></span> <span class='ocrx_word' id='word_1_106' title='bbox 1863 1207 2115 1276; x_wconf 85' lang='lat' dir='ltr'><strong>inexpers</strong></span> 
     </span>
    </p>
   </div>
   <div class='ocr_carea' id='block_1_14' title="bbox 535 1297 2113 1370">
    <p class='ocr_par' dir='ltr' id='par_1_14' title="bbox 535 1297 2113 1370">
     <span class='ocr_line' id='line_1_14' title="bbox 535 1297 2113 1370; baseline 0.001 -18"><span class='ocrx_word' id='word_1_107' title='bbox 535 1298 820 1361; x_wconf 88' lang='lat' dir='ltr'><strong>motionis,</strong></span> <span class='ocrx_word' id='word_1_108' title='bbox 850 1309 1032 1354; x_wconf 90' lang='lat' dir='ltr'><strong>motus</strong></span> <span class='ocrx_word' id='word_1_109' title='bbox 1073 1307 1175 1354; x_wconf 89' lang='lat' dir='ltr'><strong>est.</strong></span> <span class='ocrx_word' id='word_1_110' title='bbox 1209 1297 1438 1370; x_wconf 88' lang='lat' dir='ltr'><strong>Propter</strong></span> <span class='ocrx_word' id='word_1_111' title='bbox 1471 1300 1615 1369; x_wconf 91' lang='lat' dir='ltr'><strong>quod</strong></span> <span class='ocrx_word' id='word_1_112' title='bbox 1662 1300 1961 1354; x_wconf 90' lang='lat' dir='ltr'><strong>secundum</strong></span> <span class='ocrx_word' id='word_1_113' title='bbox 2011 1315 2113 1355; x_wconf 89' lang='lat' dir='ltr'><strong>nos</strong></span> 
     </span>
    </p>
   </div>
   <div class='ocr_carea' id='block_1_15' title="bbox 532 1389 2113 1461">
    <p class='ocr_par' dir='ltr' id='par_1_15' title="bbox 532 1389 2113 1461">
     <span class='ocr_line' id='line_1_15' title="bbox 532 1389 2113 1461; baseline 0.001 -18"><span class='ocrx_word' id='word_1_114' title='bbox 532 1391 806 1447; x_wconf 72' lang='lat' dir='ltr'><strong>veraciter</strong></span> <span class='ocrx_word' id='word_1_115' title='bbox 863 1389 1066 1446; x_wconf 78' lang='lat' dir='ltr'><strong>factum</strong></span> <span class='ocrx_word' id='word_1_116' title='bbox 1109 1391 1279 1447; x_wconf 82' lang='lat' dir='ltr'><strong>homo</strong></span> <span class='ocrx_word' id='word_1_117' title='bbox 1308 1392 1514 1461; x_wconf 87' lang='lat' dir='ltr'><strong>absque</strong></span> <span class='ocrx_word' id='word_1_118' title='bbox 1571 1400 1794 1461; x_wconf 84' lang='lat' dir='ltr'><strong>peccato</strong></span> <span class='ocrx_word' id='word_1_119' title='bbox 1841 1391 1936 1445; x_wconf 87' lang='lat' dir='ltr'><strong>Dei</strong></span> <span class='ocrx_word' id='word_1_120' title='bbox 1979 1391 2113 1447; x_wconf 82' lang='lat' dir='ltr'><strong>Ver-</strong></span> 
     </span>
    </p>
   </div>
   <div class='ocr_carea' id='block_1_16' title="bbox 533 1481 2112 1554">
    <p class='ocr_par' dir='ltr' id='par_1_16' title="bbox 533 1481 2112 1554">
     <span class='ocr_line' id='line_1_16' title="bbox 533 1481 2112 1554; baseline 0.002 -19"><span class='ocrx_word' id='word_1_121' title='bbox 533 1481 688 1547; x_wconf 91' lang='lat' dir='ltr'><strong>bum,</strong></span> <span class='ocrx_word' id='word_1_122' title='bbox 722 1492 1116 1553; x_wconf 87' lang='lat' dir='ltr'><strong>operatumque</strong></span> <span class='ocrx_word' id='word_1_123' title='bbox 1146 1482 1210 1539; x_wconf 80' lang='lat' dir='ltr'><strong>ac</strong></span> <span class='ocrx_word' id='word_1_124' title='bbox 1266 1485 1483 1554; x_wconf 88' lang='lat' dir='ltr'><strong>patiens</strong></span> <span class='ocrx_word' id='word_1_125' title='bbox 1508 1484 1826 1538; x_wconf 88' lang='lat' dir='ltr'><strong>humanitus</strong></span> <span class='ocrx_word' id='word_1_126' title='bbox 1853 1499 2112 1553; x_wconf 64' lang='lat' dir='ltr'><strong>quaecun-</strong></span> 
     </span>
    </p>
   </div>
   <div class='ocr_carea' id='block_1_17' title="bbox 529 1575 2108 1649">
    <p class='ocr_par' dir='ltr' id='par_1_17' title="bbox 529 1575 2108 1649">
     <span class='ocr_line' id='line_1_17' title="bbox 529 1575 2108 1649; baseline 0.002 -21"><span class='ocrx_word' id='word_1_127' title='bbox 529 1590 639 1645; x_wconf 90' lang='lat' dir='ltr'><strong>que</strong></span> <span class='ocrx_word' id='word_1_128' title='bbox 688 1586 895 1630; x_wconf 66' lang='lat' dir='ltr'><strong>nattrrze</strong></span> <span class='ocrx_word' id='word_1_129' title='bbox 944 1585 1073 1630; x_wconf 87' lang='lat' dir='ltr'><strong>sunt</strong></span> <span class='ocrx_word' id='word_1_130' title='bbox 1096 1577 1226 1649; x_wconf 82' lang='lat' dir='ltr'><strong>sine</strong></span> <span class='ocrx_word' id='word_1_131' title='bbox 1252 1580 1497 1645; x_wconf 85' lang='lat' dir='ltr'><strong>peccato,</strong></span> <span class='ocrx_word' id='word_1_132' title='bbox 1537 1583 1593 1630; x_wconf 91' lang='lat' dir='ltr'><strong>et</strong></span> <span class='ocrx_word' id='word_1_133' title='bbox 1622 1575 1888 1645; x_wconf 79' lang='lat' dir='ltr'><strong>naturalis</strong></span> <span class='ocrx_word' id='word_1_134' title='bbox 1927 1576 2108 1631; x_wconf 86' lang='lat' dir='ltr'><strong>carnis</strong></span> 
     </span>
    </p>
   </div>
   <div class='ocr_carea' id='block_1_18' title="bbox 526 1666 2103 1737">
    <p class='ocr_par' dir='ltr' id='par_1_18' title="bbox 526 1666 2103 1737">
     <span class='ocr_line' id='line_1_18' title="bbox 526 1666 2103 1737; baseline 0 -18"><span class='ocrx_word' id='word_1_135' title='bbox 526 1667 1094 1736; x_wconf 88' lang='lat' dir='ltr'><strong>circumscriptionem</strong></span> <span class='ocrx_word' id='word_1_136' title='bbox 1151 1675 1374 1737; x_wconf 85' lang='lat' dir='ltr'><strong>propter</strong></span> <span class='ocrx_word' id='word_1_137' title='bbox 1401 1681 1503 1721; x_wconf 90' lang='lat' dir='ltr'><strong>nos</strong></span> <span class='ocrx_word' id='word_1_138' title='bbox 1556 1668 1853 1732; x_wconf 86' lang='lat' dir='ltr'><strong>sustinens,</strong></span> <span class='ocrx_word' id='word_1_139' title='bbox 1901 1666 2103 1719; x_wconf 87' lang='lat' dir='ltr'><strong>nullam</strong></span> 
     </span>
    </p>
   </div>
   <div class='ocr_carea' id='block_1_19' title="bbox 523 1757 2105 1828">
    <p class='ocr_par' dir='ltr' id='par_1_19' title="bbox 523 1757 2105 1828">
     <span class='ocr_line' id='line_1_19' title="bbox 523 1757 2105 1828; baseline -0.002 -15"><span class='ocrx_word' id='word_1_140' title='bbox 523 1760 752 1814; x_wconf 85' lang='lat' dir='ltr'><strong>omnino</strong></span> <span class='ocrx_word' id='word_1_141' title='bbox 775 1768 994 1828; x_wconf 87' lang='lat' dir='ltr'><strong>propter</strong></span> <span class='ocrx_word' id='word_1_142' title='bbox 1024 1759 1472 1813; x_wconf 60' lang='lat' dir='ltr'><strong>‘exinanitionem</strong></span> <span class='ocrx_word' id='word_1_143' title='bbox 1520 1757 1953 1814; x_wconf 85' lang='lat' dir='ltr'><strong>vicissitudinem</strong></span> <span class='ocrx_word' id='word_1_144' title='bbox 1984 1773 2105 1827; x_wconf 90' lang='lat' dir='ltr'><strong>per-</strong></span> 
     </span>
    </p>
   </div>
   <div class='ocr_carea' id='block_1_20' title="bbox 523 1851 2097 1922">
    <p class='ocr_par' dir='ltr' id='par_1_20' title="bbox 523 1851 2097 1922">
     <span class='ocr_line' id='line_1_20' title="bbox 523 1851 2097 1922; baseline 0.001 -17"><span class='ocrx_word' id='word_1_145' title='bbox 523 1852 707 1906; x_wconf 88' lang='lat' dir='ltr'><strong>tulit:</strong></span> <span class='ocrx_word' id='word_1_146' title='bbox 772 1852 861 1906; x_wconf 91' lang='lat' dir='ltr'><strong>cui</strong></span> <span class='ocrx_word' id='word_1_147' title='bbox 912 1851 1146 1920; x_wconf 84' lang='lat' dir='ltr'><strong>idipsum</strong></span> <span class='ocrx_word' id='word_1_148' title='bbox 1181 1862 1264 1907; x_wconf 88' lang='lat' dir='ltr'><strong>est</strong></span> <span class='ocrx_word' id='word_1_149' title='bbox 1319 1851 1464 1906; x_wconf 86' lang='lat' dir='ltr'><strong>Patri</strong></span> <span class='ocrx_word' id='word_1_150' title='bbox 1520 1851 1756 1918; x_wconf 82' lang='lat' dir='ltr'><strong>factum,</strong></span> <span class='ocrx_word' id='word_1_151' title='bbox 1809 1852 1862 1906; x_wconf 89' lang='lat' dir='ltr'><strong>id</strong></span> <span class='ocrx_word' id='word_1_152' title='bbox 1918 1852 2097 1922; x_wconf 87' lang='lat' dir='ltr'><strong>ipsum</strong></span> 
     </span>
    </p>
   </div>
   <div class='ocr_carea' id='block_1_21' title="bbox 522 1942 2099 2016">
    <p class='ocr_par' dir='ltr' id='par_1_21' title="bbox 522 1942 2099 2016">
     <span class='ocr_line' id='line_1_21' title="bbox 522 1942 2099 2016; baseline 0.001 -20"><span class='ocrx_word' id='word_1_153' title='bbox 522 1943 698 1997; x_wconf 87' lang='lat' dir='ltr'><strong>carni.</strong></span> <span class='ocrx_word' id='word_1_154' title='bbox 735 1942 837 1996; x_wconf 84' lang='lat' dir='ltr'><strong>Sed</strong></span> <span class='ocrx_word' id='word_1_155' title='bbox 865 1943 1008 1999; x_wconf 92' lang='lat' dir='ltr'><strong>sicut</strong></span> <span class='ocrx_word' id='word_1_156' title='bbox 1033 1952 1149 1998; x_wconf 88' lang='lat' dir='ltr'><strong>erat</strong></span> <span class='ocrx_word' id='word_1_157' title='bbox 1179 1944 1296 1999; x_wconf 87' lang='lat' dir='ltr'><strong>sine</strong></span> <span class='ocrx_word' id='word_1_158' title='bbox 1320 1960 1503 2009; x_wconf 88' lang='lat' dir='ltr'><strong>carne,</strong></span> <span class='ocrx_word' id='word_1_159' title='bbox 1533 1944 1607 2016; x_wconf 88' lang='grc' dir='ltr'><strong>(γ)</strong></span> <span class='ocrx_word' id='word_1_160' title='bbox 1635 1945 1785 1999; x_wconf 87' lang='lat' dir='ltr'><strong>omni</strong></span> <span class='ocrx_word' id='word_1_161' title='bbox 1806 1945 1971 2000; x_wconf 89' lang='lat' dir='ltr'><strong>etiam</strong></span> <span class='ocrx_word' id='word_1_162' title='bbox 2003 1959 2099 1999; x_wconf 82' lang='lat' dir='ltr'><strong>ex-</strong></span> 
     </span>
    </p>
   </div>
   <div class='ocr_carea' id='block_1_22' title="bbox 526 2032 2094 2105">
    <p class='ocr_par' dir='ltr' id='par_1_22' title="bbox 526 2032 2094 2105">
     <span class='ocr_line' id='line_1_22' title="bbox 526 2032 2094 2105; baseline 0.001 -19"><span class='ocrx_word' id='word_1_163' title='bbox 526 2041 683 2101; x_wconf 86' lang='lat' dir='ltr'><strong>cepta</strong></span> <span class='ocrx_word' id='word_1_164' title='bbox 718 2032 1225 2102; x_wconf 79' lang='lat' dir='ltr'><strong>circumscriptione</strong></span> <span class='ocrx_word' id='word_1_165' title='bbox 1258 2036 1560 2104; x_wconf 86' lang='lat' dir='ltr'><strong>permansit</strong></span> <span class='ocrx_word' id='word_1_166' title='bbox 1607 2055 1622 2090; x_wconf 86' lang='lat'><strong>:</strong></span> <span class='ocrx_word' id='word_1_167' title='bbox 1672 2044 1725 2091; x_wconf 90' lang='lat' dir='ltr'><strong>et</strong></span> <span class='ocrx_word' id='word_1_168' title='bbox 1751 2051 1847 2105; x_wconf 88' lang='lat' dir='ltr'><strong>per</strong></span> <span class='ocrx_word' id='word_1_169' title='bbox 1876 2049 2094 2091; x_wconf 87' lang='lat' dir='ltr'><strong>carnem</strong></span> 
     </span>
    </p>
   </div>
   <div class='ocr_carea' id='block_1_23' title="bbox 523 2123 2099 2197">
    <p class='ocr_par' dir='ltr' id='par_1_23' title="bbox 523 2123 2099 2197">
     <span class='ocr_line' id='line_1_23' title="bbox 523 2123 2099 2197; baseline 0.006 -21"><span class='ocrx_word' id='word_1_170' title='bbox 523 2123 715 2178; x_wconf 87' lang='lat' dir='ltr'><strong>deilice</strong></span> <span class='ocrx_word' id='word_1_171' title='bbox 743 2140 978 2194; x_wconf 88' lang='lat' dir='ltr'><strong>operans</strong></span> <span class='ocrx_word' id='word_1_172' title='bbox 1013 2140 1135 2195; x_wconf 60' lang='lat' dir='ltr'><strong>qum</strong></span> <span class='ocrx_word' id='word_1_173' title='bbox 1187 2126 1405 2182; x_wconf 85' lang='lat' dir='ltr'><strong>deitatis</strong></span> <span class='ocrx_word' id='word_1_174' title='bbox 1438 2136 1599 2193; x_wconf 89' lang='lat' dir='ltr'><strong>sunt;</strong></span> <span class='ocrx_word' id='word_1_175' title='bbox 1648 2138 1878 2197; x_wconf 87' lang='lat' dir='ltr'><strong>utraque</strong></span> <span class='ocrx_word' id='word_1_176' title='bbox 1916 2139 2099 2186; x_wconf 88' lang='lat' dir='ltr'><strong>osten-</strong></span> 
     </span>
    </p>
   </div>
   <div class='ocr_carea' id='block_1_24' title="bbox 519 2210 2097 2284">
    <p class='ocr_par' dir='ltr' id='par_1_24' title="bbox 519 2210 2097 2284">
     <span class='ocr_line' id='line_1_24' title="bbox 519 2210 2097 2284; baseline 0.008 -18"><span class='ocrx_word' id='word_1_177' title='bbox 519 2211 657 2267; x_wconf 89' lang='lat' dir='ltr'><strong>dens</strong></span> <span class='ocrx_word' id='word_1_178' title='bbox 684 2229 743 2268; x_wconf 90' lang='lat' dir='ltr'><strong>se</strong></span> <span class='ocrx_word' id='word_1_179' title='bbox 772 2230 869 2283; x_wconf 89' lang='lat' dir='ltr'><strong>per</strong></span> <span class='ocrx_word' id='word_1_180' title='bbox 903 2230 1023 2284; x_wconf 62' lang='lat' dir='ltr'><strong>qua:</strong></span> <span class='ocrx_word' id='word_1_181' title='bbox 1071 2210 1378 2284; x_wconf 71' lang='lat' dir='ltr'><strong>dupliciter,</strong></span> <span class='ocrx_word' id='word_1_182' title='bbox 1423 2216 1604 2272; x_wconf 80' lang='lat' dir='ltr'><strong>divine</strong></span> <span class='ocrx_word' id='word_1_183' title='bbox 1659 2219 1869 2274; x_wconf 87' lang='lat' dir='ltr'><strong>scilicet</strong></span> <span class='ocrx_word' id='word_1_184' title='bbox 1908 2229 1963 2274; x_wconf 93' lang='lat' dir='ltr'><strong>et</strong></span> <span class='ocrx_word' id='word_1_185' title='bbox 1993 2225 2097 2277; x_wconf 80' lang='lat' dir='ltr'><strong>bu—</strong></span> 
     </span>
    </p>
   </div>
   <div class='ocr_carea' id='block_1_25' title="bbox 518 2304 2093 2382">
    <p class='ocr_par' dir='ltr' id='par_1_25' title="bbox 518 2304 2093 2382">
     <span class='ocr_line' id='line_1_25' title="bbox 518 2304 2093 2382; baseline 0.009 -27"><span class='ocrx_word' id='word_1_186' title='bbox 518 2319 698 2368; x_wconf 88' lang='lat' dir='ltr'><strong>mane,</strong></span> <span class='ocrx_word' id='word_1_187' title='bbox 731 2314 1010 2374; x_wconf 86' lang='lat' dir='ltr'><strong>operatum</strong></span> <span class='ocrx_word' id='word_1_188' title='bbox 1030 2315 1110 2360; x_wconf 90' lang='lat' dir='ltr'><strong>est</strong></span> <span class='ocrx_word' id='word_1_189' title='bbox 1128 2304 1217 2378; x_wconf 90' lang='grc' dir='ltr'>(δ),</span> <span class='ocrx_word' id='word_1_190' title='bbox 1237 2308 1537 2362; x_wconf 89' lang='lat' dir='ltr'><strong>secundum</strong></span> <span class='ocrx_word' id='word_1_191' title='bbox 1559 2311 1828 2373; x_wconf 86' lang='lat' dir='ltr'><strong>eamdem,</strong></span> <span class='ocrx_word' id='word_1_192' title='bbox 1855 2328 1978 2382; x_wconf 55' lang='lat' dir='ltr'><strong>quae</strong></span> <span class='ocrx_word' id='word_1_193' title='bbox 2000 2329 2093 2369; x_wconf 82' lang='lat' dir='ltr'><strong>ve-</strong></span> 
     </span>
    </p>
   </div>
   <div class='ocr_carea' id='block_1_26' title="bbox 518 2396 2095 2466">
    <p class='ocr_par' dir='ltr' id='par_1_26' title="bbox 518 2396 2095 2466">
     <span class='ocr_line' id='line_1_26' title="bbox 518 2396 2095 2466; baseline 0.007 -17"><span class='ocrx_word' id='word_1_194' title='bbox 518 2396 722 2450; x_wconf 86' lang='lat' dir='ltr'><strong>raciter</strong></span> <span class='ocrx_word' id='word_1_195' title='bbox 754 2411 881 2450; x_wconf 86' lang='lat' dir='ltr'><strong>vera</strong></span> <span class='ocrx_word' id='word_1_196' title='bbox 903 2405 986 2452; x_wconf 87' lang='lat' dir='ltr'><strong>est</strong></span> <span class='ocrx_word' id='word_1_197' title='bbox 1008 2408 1062 2452; x_wconf 87' lang='lat' dir='ltr'><strong>et</strong></span> <span class='ocrx_word' id='word_1_198' title='bbox 1083 2399 1345 2455; x_wconf 85' lang='lat' dir='ltr'><strong>naturalis</strong></span> <span class='ocrx_word' id='word_1_199' title='bbox 1388 2400 1734 2457; x_wconf 87' lang='lat' dir='ltr'><strong>substantia:</strong></span> <span class='ocrx_word' id='word_1_200' title='bbox 1783 2402 1952 2459; x_wconf 90' lang='lat' dir='ltr'><strong>Deum</strong></span> <span class='ocrx_word' id='word_1_201' title='bbox 1986 2406 2095 2466; x_wconf 81' lang='lat' dir='ltr'><strong>im-</strong></span> 
     </span>
    </p>
   </div>
   <div class='ocr_carea' id='block_1_27' title="bbox 515 2479 2095 2562">
    <p class='ocr_par' dir='ltr' id='par_1_27' title="bbox 515 2479 2095 2562">
     <span class='ocr_line' id='line_1_27' title="bbox 515 2479 2095 2562; baseline 0.006 -21"><span class='ocrx_word' id='word_1_202' title='bbox 515 2503 766 2543; x_wconf 90' lang='lat' dir='ltr'><strong>mensum</strong></span> <span class='ocrx_word' id='word_1_203' title='bbox 797 2489 961 2543; x_wconf 89' lang='lat' dir='ltr'><strong>simul</strong></span> <span class='ocrx_word' id='word_1_204' title='bbox 1015 2502 1070 2544; x_wconf 88' lang='lat' dir='ltr'><strong>et</strong></span> <span class='ocrx_word' id='word_1_205' title='bbox 1108 2491 1583 2562; x_wconf 88' lang='lat' dir='ltr'><strong>circumscriptum</strong></span> <span class='ocrx_word' id='word_1_206' title='bbox 1637 2479 2095 2553; x_wconf 81' lang='lat' dir='ltr'><strong>hominemexsi-</strong></span> 
     </span>
    </p>
   </div>
   <div class='ocr_carea' id='block_1_28' title="bbox 515 2580 2093 2658">
    <p class='ocr_par' dir='ltr' id='par_1_28' title="bbox 515 2580 2093 2658">
     <span class='ocr_line' id='line_1_28' title="bbox 515 2580 2093 2658; baseline 0.008 -25"><span class='ocrx_word' id='word_1_207' title='bbox 515 2588 745 2634; x_wconf 88' lang='lat' dir='ltr'><strong>stentem</strong></span> <span class='ocrx_word' id='word_1_208' title='bbox 781 2589 835 2634; x_wconf 91' lang='lat' dir='ltr'><strong>et</strong></span> <span class='ocrx_word' id='word_1_209' title='bbox 864 2580 1220 2658; x_wconf 81' lang='lat' dir='ltr'><strong>intellectum,</strong></span> <span class='ocrx_word' id='word_1_210' title='bbox 1255 2582 1324 2655; x_wconf 87' lang='grc' dir='ltr'><strong>(ε)</strong></span> <span class='ocrx_word' id='word_1_211' title='bbox 1352 2585 1641 2654; x_wconf 88' lang='lat' dir='ltr'><strong>utriusque</strong></span> <span class='ocrx_word' id='word_1_212' title='bbox 1666 2585 1902 2655; x_wconf 80' lang='lat' dir='ltr'><strong>perfecte</strong></span> <span class='ocrx_word' id='word_1_213' title='bbox 1924 2589 2093 2658; x_wconf 81' lang='lat' dir='ltr'><strong>perle-</strong></span> 
     </span>
    </p>
   </div>
   <div class='ocr_carea' id='block_1_29' title="bbox 512 2651 2091 2749">
    <p class='ocr_par' dir='ltr' id='par_1_29' title="bbox 512 2651 2091 2749">
     <span class='ocr_line' id='line_1_29' title="bbox 512 2651 2091 2749; baseline 0.008 -23"><span class='ocrx_word' id='word_1_214' title='bbox 512 2670 1085 2741; x_wconf 89' lang='lat' dir='ltr'><strong>ctionembabentem,</strong></span> <span class='ocrx_word' id='word_1_215' title='bbox 1125 2651 1247 2731; x_wconf 45' lang='lat' dir='ltr'><strong>cu‘m</strong></span> <span class='ocrx_word' id='word_1_216' title='bbox 1279 2676 1469 2732; x_wconf 87' lang='lat' dir='ltr'><strong>eadem</strong></span> <span class='ocrx_word' id='word_1_217' title='bbox 1521 2680 1861 2749; x_wconf 84' lang='lat' dir='ltr'><strong>operatione,</strong></span> <span class='ocrx_word' id='word_1_218' title='bbox 1898 2682 1951 2737; x_wconf 89' lang='lat' dir='ltr'><strong>id</strong></span> <span class='ocrx_word' id='word_1_219' title='bbox 2007 2691 2091 2737; x_wconf 86' lang='lat' dir='ltr'><strong>est</strong></span> 
     </span>
    </p>
   </div>
   <div class='ocr_carea' id='block_1_30' title="bbox 512 2764 2091 2851">
    <p class='ocr_par' dir='ltr' id='par_1_30' title="bbox 512 2764 2091 2851">
     <span class='ocr_line' id='line_1_30' title="bbox 512 2764 2091 2851; baseline 0.009 -34"><span class='ocrx_word' id='word_1_220' title='bbox 512 2764 751 2818; x_wconf 89' lang='lat' dir='ltr'><strong>naturali</strong></span> <span class='ocrx_word' id='word_1_221' title='bbox 781 2768 1148 2836; x_wconf 83' lang='lat' dir='ltr'><strong>proprietate;</strong></span> <span class='ocrx_word' id='word_1_222' title='bbox 1181 2784 1249 2823; x_wconf 85' lang='lat' dir='ltr'><strong>ex</strong></span> <span class='ocrx_word' id='word_1_223' title='bbox 1290 2769 1509 2851; x_wconf 39' lang='lat' dir='ltr'><strong>quibus.</strong></span> <span class='ocrx_word' id='word_1_224' title='bbox 1540 2783 1849 2827; x_wconf 86' lang='lat' dir='ltr'><strong>manentem</strong></span> <span class='ocrx_word' id='word_1_225' title='bbox 1876 2790 2091 2844; x_wconf 85' lang='lat' dir='ltr'><strong>semper</strong></span> 
     </span>
    </p>
   </div>
   <div class='ocr_carea' id='block_1_31' title="bbox 510 2857 2085 2933">
    <p class='ocr_par' dir='ltr' id='par_1_31' title="bbox 510 2857 2085 2933">
     <span class='ocr_line' id='line_1_31' title="bbox 510 2857 2085 2933; baseline 0.008 -23"><span class='ocrx_word' id='word_1_226' title='bbox 510 2857 813 2911; x_wconf 87' lang='lat' dir='ltr'><strong>secundum</strong></span> <span class='ocrx_word' id='word_1_227' title='bbox 886 2867 1140 2914; x_wconf 85' lang='lat' dir='ltr'><strong>naturam</strong></span> <span class='ocrx_word' id='word_1_228' title='bbox 1208 2861 1326 2917; x_wconf 90' lang='lat' dir='ltr'><strong>sine</strong></span> <span class='ocrx_word' id='word_1_229' title='bbox 1397 2865 1853 2922; x_wconf 85' lang='lat' dir='ltr'><strong>convertibilitate</strong></span> <span class='ocrx_word' id='word_1_230' title='bbox 1899 2884 2085 2933; x_wconf 83' lang='lat' dir='ltr'><strong>earum</strong></span> 
     </span>
    </p>
   </div>
   <div class='ocr_carea' id='block_1_32' title="bbox 509 2949 2085 3031">
    <p class='ocr_par' dir='ltr' id='par_1_32' title="bbox 509 2949 2085 3031">
     <span class='ocr_line' id='line_1_32' title="bbox 509 2949 2085 3031; baseline 0.009 -28"><span class='ocrx_word' id='word_1_231' title='bbox 509 2949 869 3005; x_wconf 78' lang='lat' dir='ltr'><strong>diﬂerentiam</strong></span> <span class='ocrx_word' id='word_1_232' title='bbox 920 2953 1146 3008; x_wconf 89' lang='lat' dir='ltr'><strong>scimus.</strong></span> <span class='ocrx_word' id='word_1_233' title='bbox 1204 2952 1276 3026; x_wconf 84' lang='grc' dir='ltr'><strong>(ζ)</strong></span> <span class='ocrx_word' id='word_1_234' title='bbox 1347 2954 1450 3010; x_wconf 86' lang='lat' dir='ltr'><strong>Sed</strong></span> <span class='ocrx_word' id='word_1_235' title='bbox 1505 2972 1613 3011; x_wconf 86' lang='lat' dir='ltr'><strong>non</strong></span> <span class='ocrx_word' id='word_1_236' title='bbox 1672 2959 1816 3014; x_wconf 89' lang='lat' dir='ltr'><strong>sicut</strong></span> <span class='ocrx_word' id='word_1_237' title='bbox 1864 2962 2085 3031; x_wconf 88' lang='lat' dir='ltr'><strong>quidam</strong></span> 
     </span>
    </p>
   </div>
   <div class='ocr_carea' id='block_1_33' title="bbox 508 3036 2087 3119">
    <p class='ocr_par' dir='ltr' id='par_1_33' title="bbox 508 3036 2087 3119">
     <span class='ocr_line' id='line_1_33' title="bbox 508 3036 2087 3119; baseline 0.009 -25"><span class='ocrx_word' id='word_1_238' title='bbox 508 3040 684 3106; x_wconf 90' lang='lat' dir='ltr'><strong>aiunt,</strong></span> <span class='ocrx_word' id='word_1_239' title='bbox 718 3044 1018 3108; x_wconf 80' lang='lat' dir='ltr'><strong>secundum</strong></span> <span class='ocrx_word' id='word_1_240' title='bbox 1067 3036 1555 3119; x_wconf 65' lang='lat' dir='ltr'><strong>comparationem,</strong></span> <span class='ocrx_word' id='word_1_241' title='bbox 1590 3063 1659 3103; x_wconf 92' lang='lat' dir='ltr'><strong>ne</strong></span> <span class='ocrx_word' id='word_1_242' title='bbox 1699 3055 1949 3107; x_wconf 90' lang='lat' dir='ltr'><strong>eumdem</strong></span> <span class='ocrx_word' id='word_1_243' title='bbox 1983 3055 2087 3109; x_wconf 82' lang='lat' dir='ltr'><strong>sibi</strong></span> 
     </span>
    </p>
   </div>
   <div class='ocr_carea' id='block_1_34' title="bbox 508 3134 2085 3215">
    <p class='ocr_par' dir='ltr' id='par_1_34' title="bbox 508 3134 2085 3215">
     <span class='ocr_line' id='line_1_34' title="bbox 508 3134 2085 3215; baseline 0.009 -28"><span class='ocrx_word' id='word_1_244' title='bbox 508 3134 813 3188; x_wconf 88' lang='lat' dir='ltr'><strong>secundum</strong></span> <span class='ocrx_word' id='word_1_245' title='bbox 850 3135 1051 3205; x_wconf 90' lang='lat' dir='ltr'><strong>ipsum,</strong></span> <span class='ocrx_word' id='word_1_246' title='bbox 1114 3144 1311 3206; x_wconf 60' lang='lat' dir='ltr'><strong>praeter</strong></span> <span class='ocrx_word' id='word_1_247' title='bbox 1367 3138 1510 3206; x_wconf 92' lang='lat' dir='ltr'><strong>quod</strong></span> <span class='ocrx_word' id='word_1_248' title='bbox 1558 3150 1793 3209; x_wconf 86' lang='lat' dir='ltr'><strong>oportet,</strong></span> <span class='ocrx_word' id='word_1_249' title='bbox 1825 3145 2085 3215; x_wconf 87' lang='lat' dir='ltr'><strong>majorem</strong></span> 
     </span>
    </p>
   </div>
   <div class='ocr_carea' id='block_1_35' title="bbox 2218 923 3801 997">
    <p class='ocr_par' dir='ltr' id='par_1_35' title="bbox 2218 923 3801 997">
     <span class='ocr_line' id='line_1_35' title="bbox 2218 923 3801 997; baseline 0.001 -19"><span class='ocrx_word' id='word_1_250' title='bbox 2218 924 2572 994; x_wconf 78' lang='grc' dir='ltr'>διεξαγόμενα</span> <span class='ocrx_word' id='word_1_251' title='bbox 2620 925 2824 994; x_wconf 77' lang='grc' dir='ltr'>νόμοις,</span> <span class='ocrx_word' id='word_1_252' title='bbox 2879 927 3134 997; x_wconf 80' lang='grc' dir='ltr'><strong>ἀκινήτου</strong></span> <span class='ocrx_word' id='word_1_253' title='bbox 3192 923 3665 997; x_wconf 79' lang='grc' dir='ltr'>συνδιαμενούσης.</span> <span class='ocrx_word' id='word_1_254' title='bbox 3724 927 3801 979; x_wconf 84' lang='grc' dir='ltr'><strong>Τὸ</strong></span> 
     </span>
    </p>
   </div>
   <div class='ocr_carea' id='block_1_36' title="bbox 2218 1017 3800 1091">
    <p class='ocr_par' dir='ltr' id='par_1_36' title="bbox 2218 1017 3800 1091">
     <span class='ocr_line' id='line_1_36' title="bbox 2218 1017 3800 1091; baseline 0.001 -20"><span class='ocrx_word' id='word_1_255' title='bbox 2218 1017 2324 1091; x_wconf 82' lang='grc' dir='ltr'>γὰρ</span> <span class='ocrx_word' id='word_1_256' title='bbox 2354 1018 2579 1090; x_wconf 82' lang='grc' dir='ltr'>ἄπειρον</span> <span class='ocrx_word' id='word_1_257' title='bbox 2614 1021 2734 1071; x_wconf 84' lang='grc' dir='ltr'>κατ’</span> <span class='ocrx_word' id='word_1_258' title='bbox 2761 1018 2949 1071; x_wconf 76' lang='grc' dir='ltr'>οὐδένα</span> <span class='ocrx_word' id='word_1_259' title='bbox 2986 1018 3205 1088; x_wconf 82' lang='grc' dir='ltr'><strong>τρόπον,</strong></span> <span class='ocrx_word' id='word_1_260' title='bbox 3263 1017 3295 1088; x_wconf 80' lang='grc' dir='ltr'>ἢ</span> <span class='ocrx_word' id='word_1_261' title='bbox 3325 1018 3502 1087; x_wconf 84' lang='grc' dir='ltr'>λόγον,</span> <span class='ocrx_word' id='word_1_262' title='bbox 3554 1019 3800 1091; x_wconf 71' lang='grc' dir='ltr'>ἐπιδέχε-</span> 
     </span>
    </p>
   </div>
   <div class='ocr_carea' id='block_1_37' title="bbox 2215 1109 3900 1187">
    <p class='ocr_par' dir='ltr' id='par_1_37' title="bbox 2215 1109 3900 1187">
     <span class='ocr_line' id='line_1_37' title="bbox 2215 1109 3900 1187; baseline 0.004 -26"><span class='ocrx_word' id='word_1_263' title='bbox 2215 1127 2306 1163; x_wconf 89' lang='grc' dir='ltr'><strong>ται</strong></span> <span class='ocrx_word' id='word_1_264' title='bbox 2336 1110 2571 1181; x_wconf 88' lang='grc' dir='ltr'>κίνησιν,</span> <span class='ocrx_word' id='word_1_265' title='bbox 2606 1111 2707 1163; x_wconf 76' lang='grc' dir='ltr'><strong>οὐκ</strong></span> <span class='ocrx_word' id='word_1_266' title='bbox 2734 1111 2855 1181; x_wconf 81' lang='grc' dir='ltr'>ἔχον</span> <span class='ocrx_word' id='word_1_267' title='bbox 2886 1112 3006 1163; x_wconf 80' lang='grc' dir='ltr'>ὅποι</span> <span class='ocrx_word' id='word_1_268' title='bbox 3038 1111 3131 1163; x_wconf 81' lang='grc' dir='ltr'><strong>καὶ</strong></span> <span class='ocrx_word' id='word_1_269' title='bbox 3180 1109 3306 1181; x_wconf 74' lang='grc' dir='ltr'>περὶ</span> <span class='ocrx_word' id='word_1_270' title='bbox 3339 1110 3367 1163; x_wconf 86' lang='grc' dir='ltr'><strong>ὃ</strong></span> <span class='ocrx_word' id='word_1_271' title='bbox 3418 1109 3791 1183; x_wconf 76' lang='grc' dir='ltr'>κινηθήσεται.</span> <span class='ocrx_word' id='word_1_272' title='bbox 3886 1174 3900 1187; x_wconf 29' lang='lat'><strong><em>1</em></strong></span> 
     </span>
    </p>
   </div>
   <div class='ocr_carea' id='block_1_38' title="bbox 2216 1202 3793 1279">
    <p class='ocr_par' dir='ltr' id='par_1_38' title="bbox 2216 1202 3793 1279">
     <span class='ocr_line' id='line_1_38' title="bbox 2216 1202 3793 1279; baseline 0.001 -25"><span class='ocrx_word' id='word_1_273' title='bbox 2216 1202 2403 1275; x_wconf 84' lang='grc' dir='ltr'>Τροπὴ</span> <span class='ocrx_word' id='word_1_274' title='bbox 2432 1202 2540 1273; x_wconf 81' lang='grc' dir='ltr'>γὰρ</span> <span class='ocrx_word' id='word_1_275' title='bbox 2594 1203 2689 1256; x_wconf 77' lang='grc' dir='ltr'>τοῦ</span> <span class='ocrx_word' id='word_1_276' title='bbox 2721 1202 2863 1257; x_wconf 87' lang='grc' dir='ltr'><strong>κατά</strong></span> <span class='ocrx_word' id='word_1_277' title='bbox 2900 1202 3060 1272; x_wconf 80' lang='grc' dir='ltr'>φύσιν</span> <span class='ocrx_word' id='word_1_278' title='bbox 3118 1202 3366 1274; x_wconf 85' lang='grc' dir='ltr'>ἀπείρου,</span> <span class='ocrx_word' id='word_1_279' title='bbox 3406 1203 3671 1256; x_wconf 87' lang='grc' dir='ltr'>κινεῖσθαι</span> <span class='ocrx_word' id='word_1_280' title='bbox 3716 1205 3793 1279; x_wconf 79' lang='grc' dir='ltr'><strong>μὴ</strong></span> 
     </span>
    </p>
   </div>
   <div class='ocr_carea' id='block_1_39' title="bbox 2214 1295 3794 1370">
    <p class='ocr_par' dir='ltr' id='par_1_39' title="bbox 2214 1295 3794 1370">
     <span class='ocr_line' id='line_1_39' title="bbox 2214 1295 3794 1370; baseline 0.002 -22"><span class='ocrx_word' id='word_1_281' title='bbox 2214 1296 2539 1364; x_wconf 72' lang='grc' dir='ltr'>πεςρυκότος,</span> <span class='ocrx_word' id='word_1_282' title='bbox 2587 1297 2884 1367; x_wconf 74' lang='grc' dir='ltr'>ἠκίνησις.</span> <span class='ocrx_word' id='word_1_283' title='bbox 2948 1296 3039 1349; x_wconf 84' lang='grc' dir='ltr'>Διὸ</span> <span class='ocrx_word' id='word_1_284' title='bbox 3085 1298 3179 1350; x_wconf 78' lang='grc' dir='ltr'>καὶ</span> <span class='ocrx_word' id='word_1_285' title='bbox 3235 1295 3356 1348; x_wconf 80' lang='grc' dir='ltr'>καθ’</span> <span class='ocrx_word' id='word_1_286' title='bbox 3387 1297 3535 1368; x_wconf 78' lang='grc' dir='ltr'>ἡμᾶς</span> <span class='ocrx_word' id='word_1_287' title='bbox 3576 1296 3794 1370; x_wconf 84' lang='grc' dir='ltr'>ἀληθῶς</span> 
     </span>
    </p>
   </div>
   <div class='ocr_carea' id='block_1_40' title="bbox 2212 1388 3817 1460">
    <p class='ocr_par' dir='ltr' id='par_1_40' title="bbox 2212 1388 3817 1460">
     <span class='ocr_line' id='line_1_40' title="bbox 2212 1388 3817 1460; baseline 0.004 -20"><span class='ocrx_word' id='word_1_288' title='bbox 2212 1389 2503 1459; x_wconf 81' lang='grc' dir='ltr'>γενόμενος</span> <span class='ocrx_word' id='word_1_289' title='bbox 2536 1388 2632 1442; x_wconf 83' lang='grc' dir='ltr'><strong>ἄνθ</strong></span> <span class='ocrx_word' id='word_1_290' title='bbox 2643 1406 2824 1460; x_wconf 85' lang='grc' dir='ltr'>ρωπος</span> <span class='ocrx_word' id='word_1_291' title='bbox 2853 1389 3020 1460; x_wconf 75' lang='grc' dir='ltr'>χωρὶς</span> <span class='ocrx_word' id='word_1_292' title='bbox 3046 1388 3321 1460; x_wconf 81' lang='grc' dir='ltr'>ἁμαρτίας</span> <span class='ocrx_word' id='word_1_293' title='bbox 3346 1391 3374 1442; x_wconf 86' lang='grc' dir='ltr'>ὁ</span> <span class='ocrx_word' id='word_1_294' title='bbox 3406 1388 3499 1442; x_wconf 79' lang='grc' dir='ltr'>τοῦ</span> <span class='ocrx_word' id='word_1_295' title='bbox 3529 1389 3666 1444; x_wconf 82' lang='grc' dir='ltr'>Θεοῦ</span> <span class='ocrx_word' id='word_1_296' title='bbox 3691 1391 3817 1459; x_wconf 45' lang='grc' dir='ltr'><strong>Λότ</strong></span> 
     </span>
    </p>
   </div>
   <div class='ocr_carea' id='block_1_41' title="bbox 2210 1480 3790 1555">
    <p class='ocr_par' dir='ltr' id='par_1_41' title="bbox 2210 1480 3790 1555">
     <span class='ocr_line' id='line_1_41' title="bbox 2210 1480 3790 1555; baseline 0.002 -22"><span class='ocrx_word' id='word_1_297' title='bbox 2210 1498 2327 1550; x_wconf 82' lang='grc' dir='ltr'>γος,</span> <span class='ocrx_word' id='word_1_298' title='bbox 2360 1482 2660 1553; x_wconf 80' lang='grc' dir='ltr'>ἐνεργήσας</span> <span class='ocrx_word' id='word_1_299' title='bbox 2708 1498 2765 1534; x_wconf 86' lang='grc' dir='ltr'><strong>τε</strong></span> <span class='ocrx_word' id='word_1_300' title='bbox 2824 1482 2918 1534; x_wconf 74' lang='grc' dir='ltr'><strong>καὶ</strong></span> <span class='ocrx_word' id='word_1_301' title='bbox 2952 1480 3138 1533; x_wconf 86' lang='grc' dir='ltr'>παθὼν</span> <span class='ocrx_word' id='word_1_302' title='bbox 3184 1480 3537 1553; x_wconf 81' lang='grc' dir='ltr'>ἀνθρωπίνως</span> <span class='ocrx_word' id='word_1_303' title='bbox 3563 1482 3664 1536; x_wconf 87' lang='grc' dir='ltr'>ὅσα</span> <span class='ocrx_word' id='word_1_304' title='bbox 3691 1483 3790 1555; x_wconf 78' lang='grc' dir='ltr'>τῆς</span> 
     </span>
    </p>
   </div>
   <div class='ocr_carea' id='block_1_42' title="bbox 2210 1572 3791 1646">
    <p class='ocr_par' dir='ltr' id='par_1_42' title="bbox 2210 1572 3791 1646">
     <span class='ocr_line' id='line_1_42' title="bbox 2210 1572 3791 1646; baseline 0.003 -21"><span class='ocrx_word' id='word_1_305' title='bbox 2210 1572 2425 1641; x_wconf 79' lang='grc' dir='ltr'>φύσεώς</span> <span class='ocrx_word' id='word_1_306' title='bbox 2456 1574 2603 1626; x_wconf 83' lang='grc' dir='ltr'>ἐστιν</span> <span class='ocrx_word' id='word_1_307' title='bbox 2634 1573 3016 1646; x_wconf 77' lang='grc' dir='ltr'>ἀναμάρτητα,</span> <span class='ocrx_word' id='word_1_308' title='bbox 3050 1573 3145 1627; x_wconf 77' lang='grc' dir='ltr'><strong>καὶ</strong></span> <span class='ocrx_word' id='word_1_309' title='bbox 3203 1574 3437 1644; x_wconf 68' lang='grc' dir='ltr'>φυσικῆς</span> <span class='ocrx_word' id='word_1_310' title='bbox 3467 1575 3667 1646; x_wconf 80' lang='grc' dir='ltr'>σαρκὸς</span> <span class='ocrx_word' id='word_1_311' title='bbox 3693 1592 3791 1629; x_wconf 87' lang='grc' dir='ltr'>πε-</span> 
     </span>
    </p>
   </div>
   <div class='ocr_carea' id='block_1_43' title="bbox 2211 1666 3787 1739">
    <p class='ocr_par' dir='ltr' id='par_1_43' title="bbox 2211 1666 3787 1739">
     <span class='ocr_line' id='line_1_43' title="bbox 2211 1666 3787 1739; baseline 0.003 -23"><span class='ocrx_word' id='word_1_312' title='bbox 2211 1666 2485 1736; x_wconf 69' lang='grc' dir='ltr'>ριγραφῆς</span> <span class='ocrx_word' id='word_1_313' title='bbox 2516 1666 2884 1736; x_wconf 77' lang='grc' dir='ltr'>ἀνασχόμενος</span> <span class='ocrx_word' id='word_1_314' title='bbox 2939 1666 3005 1719; x_wconf 82' lang='grc' dir='ltr'>δι’</span> <span class='ocrx_word' id='word_1_315' title='bbox 3051 1668 3218 1737; x_wconf 78' lang='grc' dir='ltr'>ἡμᾶς,</span> <span class='ocrx_word' id='word_1_316' title='bbox 3275 1666 3480 1738; x_wconf 80' lang='grc' dir='ltr'>τροπὴν</span> <span class='ocrx_word' id='word_1_317' title='bbox 3512 1668 3609 1739; x_wconf 80' lang='grc' dir='ltr'><strong>οὐχ</strong></span> <span class='ocrx_word' id='word_1_318' title='bbox 3656 1667 3787 1721; x_wconf 80' lang='grc' dir='ltr'>ὑπέ-</span> 
     </span>
    </p>
   </div>
   <div class='ocr_carea' id='block_1_44' title="bbox 2209 1758 3783 1833">
    <p class='ocr_par' dir='ltr' id='par_1_44' title="bbox 2209 1758 3783 1833">
     <span class='ocr_line' id='line_1_44' title="bbox 2209 1758 3783 1833; baseline 0.003 -23"><span class='ocrx_word' id='word_1_319' title='bbox 2209 1774 2410 1828; x_wconf 87' lang='grc' dir='ltr'>μεινεν,</span> <span class='ocrx_word' id='word_1_320' title='bbox 2445 1759 2565 1831; x_wconf 79' lang='grc' dir='ltr'>μηδ’</span> <span class='ocrx_word' id='word_1_321' title='bbox 2603 1761 2682 1812; x_wconf 70' lang='grc' dir='ltr'><strong>ἐνὶ</strong></span> <span class='ocrx_word' id='word_1_322' title='bbox 2705 1758 2980 1823; x_wconf 79' lang='grc' dir='ltr'>παντελῶς</span> <span class='ocrx_word' id='word_1_323' title='bbox 3027 1759 3055 1811; x_wconf 87' lang='grc' dir='ltr'><strong>ὃ</strong></span> <span class='ocrx_word' id='word_1_324' title='bbox 3093 1760 3290 1814; x_wconf 84' lang='grc' dir='ltr'>ταυτόν</span> <span class='ocrx_word' id='word_1_325' title='bbox 3316 1760 3433 1813; x_wconf 74' lang='grc' dir='ltr'>ἐστι</span> <span class='ocrx_word' id='word_1_326' title='bbox 3481 1759 3557 1831; x_wconf 84' lang='grc' dir='ltr'><strong>τῷ</strong></span> <span class='ocrx_word' id='word_1_327' title='bbox 3586 1761 3783 1833; x_wconf 81' lang='grc' dir='ltr'>Πατρὶ,</span> 
     </span>
    </p>
   </div>
   <div class='ocr_carea' id='block_1_45' title="bbox 2202 1850 3781 1926">
    <p class='ocr_par' dir='ltr' id='par_1_45' title="bbox 2202 1850 3781 1926">
     <span class='ocr_line' id='line_1_45' title="bbox 2202 1850 3781 1926; baseline 0.005 -25"><span class='ocrx_word' id='word_1_328' title='bbox 2202 1850 2493 1921; x_wconf 82' lang='grc' dir='ltr'>γενόμενος</span> <span class='ocrx_word' id='word_1_329' title='bbox 2545 1851 2738 1904; x_wconf 80' lang='grc' dir='ltr'>ταυτὸν</span> <span class='ocrx_word' id='word_1_330' title='bbox 2773 1854 2838 1923; x_wconf 85' lang='grc' dir='ltr'>τῇ</span> <span class='ocrx_word' id='word_1_331' title='bbox 2902 1852 3069 1924; x_wconf 51' lang='grc' dir='ltr'><strong>σαρκὶ⁸</strong></span> <span class='ocrx_word' id='word_1_332' title='bbox 3118 1851 3207 1905; x_wconf 74' lang='grc' dir='ltr'>διὰ</span> <span class='ocrx_word' id='word_1_333' title='bbox 3236 1852 3331 1924; x_wconf 77' lang='grc' dir='ltr'>τὴν</span> <span class='ocrx_word' id='word_1_334' title='bbox 3376 1852 3604 1907; x_wconf 85' lang='grc' dir='ltr'>κένωσιν</span> <span class='ocrx_word' id='word_1_335' title='bbox 3649 1854 3781 1926; x_wconf 72' lang='grc'><strong>(22).</strong></span> 
     </span>
    </p>
   </div>
   <div class='ocr_carea' id='block_1_46' title="bbox 2215 1937 3879 2020">
    <p class='ocr_par' dir='ltr' id='par_1_46' title="bbox 2215 1937 3879 2020">
     <span class='ocr_line' id='line_1_46' title="bbox 2215 1937 3879 2020; baseline 0.007 -27"><span class='ocrx_word' id='word_1_336' title='bbox 2215 1941 2350 1994; x_wconf 88' lang='grc' dir='ltr'>Ἀλλ’</span> <span class='ocrx_word' id='word_1_337' title='bbox 2382 1937 2570 2013; x_wconf 80' lang='grc' dir='ltr'>ὥσπερ</span> <span class='ocrx_word' id='word_1_338' title='bbox 2597 1939 2666 2014; x_wconf 75' lang='grc' dir='ltr'>ἦν</span> <span class='ocrx_word' id='word_1_339' title='bbox 2696 1943 2820 2014; x_wconf 84' lang='grc' dir='ltr'>δίχα</span> <span class='ocrx_word' id='word_1_340' title='bbox 2853 1945 3071 2015; x_wconf 83' lang='grc' dir='ltr'>σαρκὸς,</span> <span class='ocrx_word' id='word_1_341' title='bbox 3098 1944 3280 2017; x_wconf 80' lang='grc' dir='ltr'>πάσης</span> <span class='ocrx_word' id='word_1_342' title='bbox 3305 1943 3409 2010; x_wconf 81' lang='grc' dir='ltr'><strong>ἔξω</strong></span> <span class='ocrx_word' id='word_1_343' title='bbox 3438 1949 3783 2020; x_wconf 71' lang='grc' dir='ltr'>περιγραφῆς</span> <span class='ocrx_word' id='word_1_344' title='bbox 3869 1968 3879 1977; x_wconf 89' lang='grc'>·</span> 
     </span>
    </p>
   </div>
   <div class='ocr_carea' id='block_1_47' title="bbox 2202 2033 3780 2112">
    <p class='ocr_par' dir='ltr' id='par_1_47' title="bbox 2202 2033 3780 2112">
     <span class='ocr_line' id='line_1_47' title="bbox 2202 2033 3780 2112; baseline 0.005 -26"><span class='ocrx_word' id='word_1_345' title='bbox 2202 2034 2497 2105; x_wconf 81' lang='grc' dir='ltr'>μεμένηκε·</span> <span class='ocrx_word' id='word_1_346' title='bbox 2560 2036 2657 2088; x_wconf 71' lang='grc' dir='ltr'><strong>καὶ</strong></span> <span class='ocrx_word' id='word_1_347' title='bbox 2698 2035 2789 2088; x_wconf 86' lang='grc' dir='ltr'>διὰ</span> <span class='ocrx_word' id='word_1_348' title='bbox 2838 2037 3038 2107; x_wconf 70' lang='grc' dir='ltr'>σαρκὸς</span> <span class='ocrx_word' id='word_1_349' title='bbox 3075 2037 3271 2102; x_wconf 85' lang='grc' dir='ltr'>θεῖκῶς</span> <span class='ocrx_word' id='word_1_350' title='bbox 3322 2033 3618 2112; x_wconf 74' lang='grc' dir='ltr'>ἐνεργήσας</span> <span class='ocrx_word' id='word_1_351' title='bbox 3640 2042 3780 2112; x_wconf 78' lang='grc' dir='ltr'>ᾶπερ</span> 
     </span>
    </p>
   </div>
   <div class='ocr_carea' id='block_1_48' title="bbox 2199 2124 3780 2206">
    <p class='ocr_par' dir='ltr' id='par_1_48' title="bbox 2199 2124 3780 2206">
     <span class='ocr_line' id='line_1_48' title="bbox 2199 2124 3780 2206; baseline 0.007 -28"><span class='ocrx_word' id='word_1_352' title='bbox 2199 2124 2654 2197; x_wconf 71' lang='grc' dir='ltr'>θεότητόςὲστιν·</span> <span class='ocrx_word' id='word_1_353' title='bbox 2682 2129 2965 2203; x_wconf 70' lang='grc' dir='ltr'>ἀμφότερα</span> <span class='ocrx_word' id='word_1_354' title='bbox 2996 2130 3213 2194; x_wconf 80' lang='grc' dir='ltr'>δεικνὺς</span> <span class='ocrx_word' id='word_1_355' title='bbox 3240 2132 3450 2197; x_wconf 67' lang='grc' dir='ltr'>ἑαυτὸν,</span> <span class='ocrx_word' id='word_1_356' title='bbox 3481 2133 3546 2187; x_wconf 83' lang='grc' dir='ltr'>δι’</span> <span class='ocrx_word' id='word_1_357' title='bbox 3571 2127 3644 2187; x_wconf 82' lang='grc' dir='ltr'>ὧν</span> <span class='ocrx_word' id='word_1_358' title='bbox 3674 2136 3780 2206; x_wconf 87' lang='grc' dir='ltr'>ἀμ·-</span> 
     </span>
    </p>
   </div>
   <div class='ocr_carea' id='block_1_49' title="bbox 2197 2219 3775 2298">
    <p class='ocr_par' dir='ltr' id='par_1_49' title="bbox 2197 2219 3775 2298">
     <span class='ocr_line' id='line_1_49' title="bbox 2197 2219 3775 2298; baseline 0.005 -26"><span class='ocrx_word' id='word_1_359' title='bbox 2197 2220 2456 2289; x_wconf 83' lang='grc' dir='ltr'>φοτέρως,</span> <span class='ocrx_word' id='word_1_360' title='bbox 2488 2219 2684 2284; x_wconf 82' lang='grc' dir='ltr'>θεῖκῶς</span> <span class='ocrx_word' id='word_1_361' title='bbox 2710 2220 2773 2291; x_wconf 83' lang='grc' dir='ltr'>δή</span> <span class='ocrx_word' id='word_1_362' title='bbox 2798 2238 2938 2293; x_wconf 80' lang='grc' dir='ltr'>φημι</span> <span class='ocrx_word' id='word_1_363' title='bbox 2965 2221 3058 2274; x_wconf 78' lang='grc' dir='ltr'><strong>καὶ</strong></span> <span class='ocrx_word' id='word_1_364' title='bbox 3083 2221 3456 2293; x_wconf 81' lang='grc' dir='ltr'>ἀνθρωπίνως,</span> <span class='ocrx_word' id='word_1_365' title='bbox 3483 2226 3775 2298; x_wconf 76' lang='grc' dir='ltr'>ἐνήργησε,</span> 
     </span>
    </p>
   </div>
   <div class='ocr_carea' id='block_1_50' title="bbox 2195 2310 3776 2395">
    <p class='ocr_par' dir='ltr' id='par_1_50' title="bbox 2195 2310 3776 2395">
     <span class='ocr_line' id='line_1_50' title="bbox 2195 2310 3776 2395; baseline 0.006 -32"><span class='ocrx_word' id='word_1_366' title='bbox 2195 2310 2315 2363; x_wconf 86' lang='grc' dir='ltr'>κατ’</span> <span class='ocrx_word' id='word_1_367' title='bbox 2338 2310 2505 2381; x_wconf 81' lang='grc' dir='ltr'>αὐτὴν</span> <span class='ocrx_word' id='word_1_368' title='bbox 2554 2311 2650 2382; x_wconf 82' lang='grc' dir='ltr'><strong>τὴν</strong></span> <span class='ocrx_word' id='word_1_369' title='bbox 2681 2312 2849 2376; x_wconf 76' lang='grc' dir='ltr'>ὅντως</span> <span class='ocrx_word' id='word_1_370' title='bbox 2892 2312 3064 2384; x_wconf 84' lang='grc' dir='ltr'>ἀληθῆ</span> <span class='ocrx_word' id='word_1_371' title='bbox 3112 2312 3231 2368; x_wconf 77' lang='grc' dir='ltr'>καὶ⁷</span> <span class='ocrx_word' id='word_1_372' title='bbox 3264 2315 3496 2395; x_wconf 75' lang='grc' dir='ltr'>φυσικὴν</span> <span class='ocrx_word' id='word_1_373' title='bbox 3524 2317 3776 2390; x_wconf 77' lang='grc' dir='ltr'>ὓπαρξιν·</span> 
     </span>
    </p>
   </div>
   <div class='ocr_carea' id='block_1_51' title="bbox 2190 2394 3776 2482">
    <p class='ocr_par' dir='ltr' id='par_1_51' title="bbox 2190 2394 3776 2482">
     <span class='ocr_line' id='line_1_51' title="bbox 2190 2394 3776 2482; baseline 0.009 -29"><span class='ocrx_word' id='word_1_374' title='bbox 2190 2401 2327 2457; x_wconf 84' lang='grc' dir='ltr'>Θεὸν</span> <span class='ocrx_word' id='word_1_375' title='bbox 2363 2400 2589 2482; x_wconf 77' lang='grc' dir='ltr'>ἄπειρον</span> <span class='ocrx_word' id='word_1_376' title='bbox 2636 2404 2770 2475; x_wconf 79' lang='grc' dir='ltr'>ὁμοῦ</span> <span class='ocrx_word' id='word_1_377' title='bbox 2809 2406 2902 2458; x_wconf 78' lang='grc' dir='ltr'><strong>καὶ</strong></span> <span class='ocrx_word' id='word_1_378' title='bbox 2935 2394 3304 2478; x_wconf 66' lang='grc' dir='ltr'>περιγραπτδν</span> <span class='ocrx_word' id='word_1_379' title='bbox 3337 2394 3623 2482; x_wconf 83' lang='grc' dir='ltr'>ἄνθρωπον</span> <span class='ocrx_word' id='word_1_380' title='bbox 3650 2412 3776 2467; x_wconf 72' lang='grc' dir='ltr'>ὄντα</span> 
     </span>
    </p>
   </div>
   <div class='ocr_carea' id='block_1_52' title="bbox 2193 2481 3780 2573">
    <p class='ocr_par' dir='ltr' id='par_1_52' title="bbox 2193 2481 3780 2573">
     <span class='ocr_line' id='line_1_52' title="bbox 2193 2481 3780 2573; baseline 0.007 -26"><span class='ocrx_word' id='word_1_381' title='bbox 2193 2512 2276 2547; x_wconf 86' lang='grc' dir='ltr'>τε·</span> <span class='ocrx_word' id='word_1_382' title='bbox 2311 2496 2405 2548; x_wconf 82' lang='grc' dir='ltr'><strong>καὶ</strong></span> <span class='ocrx_word' id='word_1_383' title='bbox 2459 2481 2748 2568; x_wconf 71' lang='grc' dir='ltr'>νοούμενον</span> <span class='ocrx_word' id='word_1_384' title='bbox 2774 2537 2788 2560; x_wconf 90' lang='grc'><strong>,</strong></span> <span class='ocrx_word' id='word_1_385' title='bbox 2846 2496 2945 2569; x_wconf 86' lang='grc' dir='ltr'><strong>τὴν</strong></span> <span class='ocrx_word' id='word_1_386' title='bbox 3001 2499 3190 2553; x_wconf 84' lang='grc' dir='ltr'>οὐσίαν</span> <span class='ocrx_word' id='word_1_387' title='bbox 3249 2481 3512 2573; x_wconf 77' lang='grc' dir='ltr'>ἑκατέρου</span> <span class='ocrx_word' id='word_1_388' title='bbox 3557 2502 3780 2569; x_wconf 81' lang='grc' dir='ltr'>τελείως</span> 
     </span>
    </p>
   </div>
   <div class='ocr_carea' id='block_1_53' title="bbox 2193 2581 3773 2668">
    <p class='ocr_par' dir='ltr' id='par_1_53' title="bbox 2193 2581 3773 2668">
     <span class='ocr_line' id='line_1_53' title="bbox 2193 2581 3773 2668; baseline 0.006 -27"><span class='ocrx_word' id='word_1_389' title='bbox 2193 2587 2404 2658; x_wconf 76' lang='grc' dir='ltr'>ἔχοντα,</span> <span class='ocrx_word' id='word_1_390' title='bbox 2444 2590 2581 2660; x_wconf 81' lang='grc' dir='ltr'>μετὰ</span> <span class='ocrx_word' id='word_1_391' title='bbox 2634 2590 2733 2660; x_wconf 84' lang='grc' dir='ltr'>τῆς</span> <span class='ocrx_word' id='word_1_392' title='bbox 2762 2591 2933 2668; x_wconf 73' lang='grc' dir='ltr'>αὐτῆς</span> <span class='ocrx_word' id='word_1_393' title='bbox 2984 2581 3308 2664; x_wconf 77' lang='grc' dir='ltr'>ἐνεργείας,.</span> <span class='ocrx_word' id='word_1_394' title='bbox 3334 2595 3501 2666; x_wconf 66' lang='grc' dir='ltr'>ἤγουν</span> <span class='ocrx_word' id='word_1_395' title='bbox 3543 2597 3773 2668; x_wconf 68' lang='grc' dir='ltr'>φυσικῆς</span> 
     </span>
    </p>
   </div>
   <div class='ocr_carea' id='block_1_54' title="bbox 2195 2667 3772 2761">
    <p class='ocr_par' dir='ltr' id='par_1_54' title="bbox 2195 2667 3772 2761">
     <span class='ocr_line' id='line_1_54' title="bbox 2195 2667 3772 2761; baseline 0.004 -28"><span class='ocrx_word' id='word_1_396' title='bbox 2195 2681 2471 2753; x_wconf 71' lang='grc' dir='ltr'>ἰδιότητος·</span> <span class='ocrx_word' id='word_1_397' title='bbox 2505 2682 2564 2746; x_wconf 80' lang='grc' dir='ltr'><strong>ἐξ</strong></span> <span class='ocrx_word' id='word_1_398' title='bbox 2586 2676 2660 2735; x_wconf 87' lang='grc' dir='ltr'>ὧν</span> <span class='ocrx_word' id='word_1_399' title='bbox 2713 2667 2979 2753; x_wconf 50' lang='grc' dir='ltr'>μένουσάν</span> <span class='ocrx_word' id='word_1_400' title='bbox 3010 2684 3098 2738; x_wconf 75' lang='grc' dir='ltr'><strong>ἀεὶ</strong></span> <span class='ocrx_word' id='word_1_401' title='bbox 3128 2685 3268 2739; x_wconf 79' lang='grc' dir='ltr'>κατὰ</span> <span class='ocrx_word' id='word_1_402' title='bbox 3298 2685 3457 2755; x_wconf 72' lang='grc' dir='ltr'>φύσιν</span> <span class='ocrx_word' id='word_1_403' title='bbox 3488 2687 3612 2758; x_wconf 82' lang='grc' dir='ltr'>δίχα</span> <span class='ocrx_word' id='word_1_404' title='bbox 3641 2667 3772 2761; x_wconf 72' lang='grc' dir='ltr'>τρό-</span> 
     </span>
    </p>
   </div>
   <div class='ocr_carea' id='block_1_55' title="bbox 2193 2773 3769 2850">
    <p class='ocr_par' dir='ltr' id='par_1_55' title="bbox 2193 2773 3769 2850">
     <span class='ocr_line' id='line_1_55' title="bbox 2193 2773 3769 2850; baseline 0.006 -24"><span class='ocrx_word' id='word_1_405' title='bbox 2193 2773 2301 2844; x_wconf 85' lang='grc' dir='ltr'>πῆς</span> <span class='ocrx_word' id='word_1_406' title='bbox 2332 2774 2430 2845; x_wconf 84' lang='grc' dir='ltr'>τὴν</span> <span class='ocrx_word' id='word_1_407' title='bbox 2477 2773 2673 2827; x_wconf 71' lang='grc' dir='ltr'><strong>αὐτῶν¹</strong></span> <span class='ocrx_word' id='word_1_408' title='bbox 2695 2774 2853 2843; x_wconf 78' lang='grc' dir='ltr'>ἴσμεν</span> <span class='ocrx_word' id='word_1_409' title='bbox 2882 2777 3166 2848; x_wconf 78' lang='grc' dir='ltr'>διαφοράν.</span> <span class='ocrx_word' id='word_1_410' title='bbox 3224 2777 3365 2830; x_wconf 56' lang='grc' dir='ltr'>Ἀλλ’</span> <span class='ocrx_word' id='word_1_411' title='bbox 3394 2780 3491 2850; x_wconf 75' lang='grc' dir='ltr'>οὐχ</span> <span class='ocrx_word' id='word_1_412' title='bbox 3521 2779 3597 2845; x_wconf 81' lang='grc' dir='ltr'><strong>ὥς</strong></span> <span class='ocrx_word' id='word_1_413' title='bbox 3617 2780 3769 2846; x_wconf 84' lang='grc' dir='ltr'>-τινές</span> 
     </span>
    </p>
   </div>
   <div class='ocr_carea' id='block_1_56' title="bbox 2192 2862 3770 2943">
    <p class='ocr_par' dir='ltr' id='par_1_56' title="bbox 2192 2862 3770 2943">
     <span class='ocr_line' id='line_1_56' title="bbox 2192 2862 3770 2943; baseline 0.006 -26"><span class='ocrx_word' id='word_1_414' title='bbox 2192 2881 2324 2932; x_wconf 82' lang='grc' dir='ltr'>φασι</span> <span class='ocrx_word' id='word_1_415' title='bbox 2350 2867 2491 2918; x_wconf 84' lang='grc' dir='ltr'>κατὰ</span> <span class='ocrx_word' id='word_1_416' title='bbox 2522 2865 2830 2936; x_wconf 79' lang='grc' dir='ltr'>σύγκρισιν·</span> <span class='ocrx_word' id='word_1_417' title='bbox 2867 2866 2953 2920; x_wconf 85' lang='grc' dir='ltr'>ἵνα</span> <span class='ocrx_word' id='word_1_418' title='bbox 2977 2868 3050 2939; x_wconf 83' lang='grc' dir='ltr'>μὴ</span> <span class='ocrx_word' id='word_1_419' title='bbox 3081 2869 3171 2923; x_wconf 80' lang='grc' dir='ltr'><strong>τὸν</strong></span> <span class='ocrx_word' id='word_1_420' title='bbox 3205 2869 3365 2922; x_wconf 81' lang='grc' dir='ltr'>αὑτὸν</span> <span class='ocrx_word' id='word_1_421' title='bbox 3405 2870 3583 2943; x_wconf 82' lang='grc' dir='ltr'>ἑαυτῷ</span> <span class='ocrx_word' id='word_1_422' title='bbox 3633 2862 3770 2927; x_wconf 77' lang='grc' dir='ltr'><strong>κατὰ</strong></span> 
     </span>
    </p>
   </div>
   <div class='ocr_carea' id='block_1_57' title="bbox 2188 2957 3766 3037">
    <p class='ocr_par' dir='ltr' id='par_1_57' title="bbox 2188 2957 3766 3037">
     <span class='ocr_line' id='line_1_57' title="bbox 2188 2957 3766 3037; baseline 0.006 -27"><span class='ocrx_word' id='word_1_423' title='bbox 2188 2957 2250 3010; x_wconf 88' lang='grc' dir='ltr'>τὺ</span> <span class='ocrx_word' id='word_1_424' title='bbox 2279 2957 2432 3023; x_wconf 75' lang='grc' dir='ltr'>αὐτὸ,</span> <span class='ocrx_word' id='word_1_425' title='bbox 2495 2960 2624 3030; x_wconf 77' lang='grc' dir='ltr'>παρ’</span> <span class='ocrx_word' id='word_1_426' title='bbox 2663 2958 2691 3011; x_wconf 78' lang='grc' dir='ltr'><strong>ὃ</strong></span> <span class='ocrx_word' id='word_1_427' title='bbox 2718 2958 2817 3024; x_wconf 86' lang='grc' dir='ltr'>δεῖ,</span> <span class='ocrx_word' id='word_1_428' title='bbox 2857 2959 3078 3030; x_wconf 79' lang='grc' dir='ltr'>μείζονα</span> <span class='ocrx_word' id='word_1_429' title='bbox 3126 2961 3220 3014; x_wconf 76' lang='grc' dir='ltr'><strong>καὶ</strong></span> <span class='ocrx_word' id='word_1_430' title='bbox 3270 2963 3455 3034; x_wconf 89' lang='grc' dir='ltr'>μείονα</span> <span class='ocrx_word' id='word_1_431' title='bbox 3497 2963 3766 3037; x_wconf 84' lang='grc' dir='ltr'>λέγωμεν.</span> 
     </span>
    </p>
   </div>
   <div class='ocr_carea' id='block_1_58' title="bbox 2202 3049 3767 3129">
    <p class='ocr_par' dir='ltr' id='par_1_58' title="bbox 2202 3049 3767 3129">
     <span class='ocr_line' id='line_1_58' title="bbox 2202 3049 3767 3129; baseline 0.005 -27"><span class='ocrx_word' id='word_1_432' title='bbox 2202 3049 2486 3120; x_wconf 81' lang='grc' dir='ltr'>Ὀμοφυῶν</span> <span class='ocrx_word' id='word_1_433' title='bbox 2518 3050 2647 3123; x_wconf 81' lang='grc' dir='ltr'>γὰρ,</span> <span class='ocrx_word' id='word_1_434' title='bbox 2691 3052 2789 3123; x_wconf 85' lang='grc' dir='ltr'>οὐχ</span> <span class='ocrx_word' id='word_1_435' title='bbox 2823 3052 3150 3123; x_wconf 79' lang='grc' dir='ltr'>ἐτεροφυῶν,</span> <span class='ocrx_word' id='word_1_436' title='bbox 3181 3054 3238 3107; x_wconf 86' lang='grc' dir='ltr'>αἱ</span> <span class='ocrx_word' id='word_1_437' title='bbox 3280 3055 3614 3126; x_wconf 84' lang='grc' dir='ltr'>συγκρίσεις.</span> <span class='ocrx_word' id='word_1_438' title='bbox 3647 3056 3767 3129; x_wconf 83' lang='grc' dir='ltr'><strong>Θεῷ</strong></span> 
     </span>
    </p>
   </div>
   <div class='ocr_carea' id='block_1_59' title="bbox 2187 3142 3770 3221">
    <p class='ocr_par' dir='ltr' id='par_1_59' title="bbox 2187 3142 3770 3221">
     <span class='ocr_line' id='line_1_59' title="bbox 2187 3142 3770 3221; baseline 0.008 -26"><span class='ocrx_word' id='word_1_439' title='bbox 2187 3142 2244 3196; x_wconf 81' lang='grc' dir='ltr'>δὲ</span> <span class='ocrx_word' id='word_1_440' title='bbox 2276 3146 2471 3216; x_wconf 80' lang='grc' dir='ltr'>ποιητῇ</span> <span class='ocrx_word' id='word_1_441' title='bbox 2496 3143 2605 3197; x_wconf 90' lang='grc' dir='ltr'><strong>τῶν</strong></span> <span class='ocrx_word' id='word_1_442' title='bbox 2640 3144 2776 3198; x_wconf 81' lang='grc' dir='ltr'>ὅλων</span> <span class='ocrx_word' id='word_1_443' title='bbox 2834 3146 3077 3217; x_wconf 80' lang='grc' dir='ltr'>ποιητὸν,</span> <span class='ocrx_word' id='word_1_444' title='bbox 3109 3147 3323 3219; x_wconf 78' lang='grc' dir='ltr'>ἀπείρῳ</span> <span class='ocrx_word' id='word_1_445' title='bbox 3356 3149 3616 3221; x_wconf 77' lang='grc' dir='ltr'>περατὸν,</span> <span class='ocrx_word' id='word_1_446' title='bbox 3673 3152 3770 3206; x_wconf 73' lang='grc' dir='ltr'>καὶ</span> 
     </span>
    </p>
   </div>
   <div class='ocr_carea' id='block_1_60' title="bbox 510 3224 2084 3311">
    <p class='ocr_par' dir='ltr' id='par_1_60' title="bbox 510 3224 2084 3304">
     <span class='ocr_line' id='line_1_60' title="bbox 510 3224 2084 3304; baseline 0.008 -26"><span class='ocrx_word' id='word_1_447' title='bbox 510 3239 577 3278; x_wconf 80' lang='lat' dir='ltr'><strong>ac</strong></span> <span class='ocrx_word' id='word_1_448' title='bbox 608 3224 877 3280; x_wconf 90' lang='lat' dir='ltr'><strong>minorem</strong></span> <span class='ocrx_word' id='word_1_449' title='bbox 934 3227 1204 3283; x_wconf 90' lang='lat' dir='ltr'><strong>dicamus.</strong></span> <span class='ocrx_word' id='word_1_450' title='bbox 1270 3226 1721 3286; x_wconf 88' lang='lat' dir='ltr'><strong>Connaturalium</strong></span> <span class='ocrx_word' id='word_1_451' title='bbox 1775 3237 1995 3304; x_wconf 90' lang='lat' dir='ltr'><strong>quippe,</strong></span> <span class='ocrx_word' id='word_1_452' title='bbox 2029 3247 2084 3292; x_wconf 91' lang='lat' dir='ltr'><strong>et</strong></span> 
     </span>
    </p>
   </div>
   <div class='ocr_carea' id='block_1_61' title="bbox 2190 3224 3767 3311">
    <p class='ocr_par' dir='ltr' id='par_1_61' title="bbox 2190 3236 3767 3311">
     <span class='ocr_line' id='line_1_61' title="bbox 2190 3236 3767 3311; baseline 0.004 -21"><span class='ocrx_word' id='word_1_453' title='bbox 2190 3236 2411 3308; x_wconf 70' lang='grc' dir='ltr'>ἀπειρίᾳ</span> <span class='ocrx_word' id='word_1_454' title='bbox 2442 3237 2635 3309; x_wconf 77' lang='grc' dir='ltr'>πέρας,</span> <span class='ocrx_word' id='word_1_455' title='bbox 2675 3239 2797 3291; x_wconf 73' lang='grc' dir='ltr'>κατ’</span> <span class='ocrx_word' id='word_1_456' title='bbox 2827 3238 3014 3291; x_wconf 69' lang='grc' dir='ltr'>οὐδένα</span> <span class='ocrx_word' id='word_1_457' title='bbox 3048 3240 3399 3311; x_wconf 87' lang='grc' dir='ltr'>συγκρίνεται</span> <span class='ocrx_word' id='word_1_458' title='bbox 3450 3240 3628 3311; x_wconf 79' lang='grc' dir='ltr'>λόγον,</span> <span class='ocrx_word' id='word_1_459' title='bbox 3678 3243 3767 3297; x_wconf 74' lang='grc' dir='ltr'><strong>ἀεὶ</strong></span> 
     </span>
    </p>
   </div>
   <div class='ocr_carea' id='block_1_62' title="bbox 504 3320 2082 3396">
    <p class='ocr_par' dir='ltr' id='par_1_62' title="bbox 504 3320 2082 3396">
     <span class='ocr_line' id='line_1_62' title="bbox 504 3320 2082 3396; baseline 0.01 -27"><span class='ocrx_word' id='word_1_460' title='bbox 504 3330 615 3370; x_wconf 83' lang='lat' dir='ltr'><strong>non</strong></span> <span class='ocrx_word' id='word_1_461' title='bbox 646 3332 837 3371; x_wconf 91' lang='lat' dir='ltr'><strong>eorum</strong></span> <span class='ocrx_word' id='word_1_462' title='bbox 870 3334 991 3383; x_wconf 56' lang='lat' dir='ltr'><strong>qua</strong></span> <span class='ocrx_word' id='word_1_463' title='bbox 1015 3320 1240 3377; x_wconf 84' lang='lat' dir='ltr'><strong>alterius</strong></span> <span class='ocrx_word' id='word_1_464' title='bbox 1268 3329 1415 3376; x_wconf 43' lang='lat' dir='ltr'><strong>sunt»</strong></span> <span class='ocrx_word' id='word_1_465' title='bbox 1435 3331 1667 3390; x_wconf 65' lang='lat' dir='ltr'><strong>naturae,</strong></span> <span class='ocrx_word' id='word_1_466' title='bbox 1718 3330 2082 3396; x_wconf 86' lang='lat' dir='ltr'><strong>comparatio-</strong></span> 
     </span>
    </p>
   </div>
   <div class='ocr_carea' id='block_1_63' title="bbox 503 3408 2079 3488">
    <p class='ocr_par' dir='ltr' id='par_1_63' title="bbox 503 3408 2079 3488">
     <span class='ocr_line' id='line_1_63' title="bbox 503 3408 2079 3488; baseline 0.008 -26"><span class='ocrx_word' id='word_1_467' title='bbox 503 3421 604 3462; x_wconf 87' lang='lat' dir='ltr'><strong>nes</strong></span> <span class='ocrx_word' id='word_1_468' title='bbox 634 3408 929 3462; x_wconf 87' lang='lat' dir='ltr'><strong>cxsistunt.</strong></span> <span class='ocrx_word' id='word_1_469' title='bbox 968 3409 1078 3464; x_wconf 90' lang='lat' dir='ltr'><strong>Deo</strong></span> <span class='ocrx_word' id='word_1_470' title='bbox 1130 3412 1276 3465; x_wconf 90' lang='lat' dir='ltr'><strong>enim</strong></span> <span class='ocrx_word' id='word_1_471' title='bbox 1328 3411 1521 3469; x_wconf 83' lang='lat' dir='ltr'><strong>factori</strong></span> <span class='ocrx_word' id='word_1_472' title='bbox 1563 3416 1806 3471; x_wconf 87' lang='lat' dir='ltr'><strong>omnium</strong></span> <span class='ocrx_word' id='word_1_473' title='bbox 1854 3418 2079 3488; x_wconf 79' lang='lat' dir='ltr'><strong>factum,</strong></span> 
     </span>
    </p>
   </div>
   <div class='ocr_carea' id='block_1_64' title="bbox 502 3497 2076 3569">
    <p class='ocr_par' dir='ltr' id='par_1_64' title="bbox 502 3497 2076 3569">
     <span class='ocr_line' id='line_1_64' title="bbox 502 3497 2076 3569; baseline 0.011 -18"><span class='ocrx_word' id='word_1_474' title='bbox 502 3497 827 3569; x_wconf 82' lang='lat' dir='ltr'><strong>inﬁnitoque</strong></span> <span class='ocrx_word' id='word_1_475' title='bbox 858 3500 1148 3569; x_wconf 79' lang='lat' dir='ltr'><strong>ﬁnitivum,</strong></span> <span class='ocrx_word' id='word_1_476' title='bbox 1197 3511 1252 3559; x_wconf 90' lang='lat' dir='ltr'><strong>et</strong></span> <span class='ocrx_word' id='word_1_477' title='bbox 1296 3504 1551 3561; x_wconf 81' lang='lat' dir='ltr'><strong>inﬁnitati</strong></span> <span class='ocrx_word' id='word_1_478' title='bbox 1603 3507 1727 3563; x_wconf 87' lang='lat' dir='ltr'><strong>ﬁnis</strong></span> <span class='ocrx_word' id='word_1_479' title='bbox 1778 3513 2076 3569; x_wconf 88' lang='lat' dir='ltr'><strong>secundum</strong></span> 
     </span>
    </p>
   </div>
   <div class='ocr_carea' id='block_1_65' title="bbox 503 3589 2080 3675">
    <p class='ocr_par' dir='ltr' id='par_1_65' title="bbox 503 3589 2080 3675">
     <span class='ocr_line' id='line_1_65' title="bbox 503 3589 2080 3675; baseline 0.012 -33"><span class='ocrx_word' id='word_1_480' title='bbox 503 3589 714 3644; x_wconf 81' lang='lat' dir='ltr'><strong>nullam</strong></span> <span class='ocrx_word' id='word_1_481' title='bbox 741 3601 1092 3661; x_wconf 82' lang='lat' dir='ltr'><strong>comparatur</strong></span> <span class='ocrx_word' id='word_1_482' title='bbox 1145 3595 1436 3665; x_wconf 85' lang='lat' dir='ltr'><strong>rationem,</strong></span> <span class='ocrx_word' id='word_1_483' title='bbox 1478 3616 1600 3655; x_wconf 91' lang='lat' dir='ltr'><strong>cum</strong></span> <span class='ocrx_word' id='word_1_484' title='bbox 1652 3616 1864 3671; x_wconf 87' lang='lat' dir='ltr'><strong>semper</strong></span> <span class='ocrx_word' id='word_1_485' title='bbox 1904 3615 1958 3659; x_wconf 91' lang='lat' dir='ltr'><strong>et</strong></span> <span class='ocrx_word' id='word_1_486' title='bbox 1984 3621 2080 3675; x_wconf 89' lang='lat' dir='ltr'><strong>per</strong></span> 
     </span>
    </p>
   </div>
   <div class='ocr_carea' id='block_1_66' title="bbox 500 3684 2076 3767">
    <p class='ocr_par' dir='ltr' id='par_1_66' title="bbox 500 3684 2076 3767">
     <span class='ocr_line' id='line_1_66' title="bbox 500 3684 2076 3767; baseline 0.013 -32"><span class='ocrx_word' id='word_1_487' title='bbox 500 3684 687 3739; x_wconf 89' lang='lat' dir='ltr'><strong>omnia</strong></span> <span class='ocrx_word' id='word_1_488' title='bbox 722 3687 1046 3742; x_wconf 85' lang='lat' dir='ltr'><strong>naturaliter</strong></span> <span class='ocrx_word' id='word_1_489' title='bbox 1068 3688 1132 3742; x_wconf 87' lang='lat' dir='ltr'><strong>ad</strong></span> <span class='ocrx_word' id='word_1_490' title='bbox 1159 3689 1412 3758; x_wconf 88' lang='lat' dir='ltr'><strong>invicem,</strong></span> <span class='ocrx_word' id='word_1_491' title='bbox 1442 3694 1535 3749; x_wconf 91' lang='lat' dir='ltr'><strong>sed</strong></span> <span class='ocrx_word' id='word_1_492' title='bbox 1563 3710 1670 3749; x_wconf 88' lang='lat' dir='ltr'><strong>non</strong></span> <span class='ocrx_word' id='word_1_493' title='bbox 1707 3702 2076 3767; x_wconf 87' lang='lat' dir='ltr'><strong>comparative</strong></span> 
     </span>
    </p>
   </div>
   <div class='ocr_carea' id='block_1_67' title="bbox 499 3776 2073 3857">
    <p class='ocr_par' dir='ltr' id='par_1_67' title="bbox 499 3776 2073 3857">
     <span class='ocr_line' id='line_1_67' title="bbox 499 3776 2073 3857; baseline 0.011 -26"><span class='ocrx_word' id='word_1_494' title='bbox 499 3776 775 3834; x_wconf 73' lang='lat' dir='ltr'><strong>differant.</strong></span> <span class='ocrx_word' id='word_1_495' title='bbox 825 3778 902 3851; x_wconf 86' lang='grc' dir='ltr'><strong>(η)</strong></span> <span class='ocrx_word' id='word_1_496' title='bbox 943 3779 1269 3851; x_wconf 85' lang='lat' dir='ltr'><strong>Quanquam</strong></span> <span class='ocrx_word' id='word_1_497' title='bbox 1302 3784 1590 3841; x_wconf 80' lang='lat' dir='ltr'><strong>inetl‘abilis</strong></span> <span class='ocrx_word' id='word_1_498' title='bbox 1626 3790 1869 3857; x_wconf 63' lang='lat' dir='ltr'><strong>quaedam</strong></span> <span class='ocrx_word' id='word_1_499' title='bbox 1898 3801 1953 3846; x_wconf 90' lang='lat' dir='ltr'><strong>et</strong></span> <span class='ocrx_word' id='word_1_500' title='bbox 1986 3793 2073 3847; x_wconf 84' lang='lat' dir='ltr'><strong>in-</strong></span> 
     </span>
    </p>
   </div>
   <div class='ocr_carea' id='block_1_68' title="bbox 495 3866 2073 3950">
    <p class='ocr_par' dir='ltr' id='par_1_68' title="bbox 495 3866 2073 3950">
     <span class='ocr_line' id='line_1_68' title="bbox 495 3866 2073 3950; baseline 0.011 -29"><span class='ocrx_word' id='word_1_501' title='bbox 495 3866 863 3940; x_wconf 79' lang='lat' dir='ltr'><strong>dirumpibilis</strong></span> <span class='ocrx_word' id='word_1_502' title='bbox 894 3873 948 3926; x_wconf 92' lang='lat' dir='ltr'><strong>in</strong></span> <span class='ocrx_word' id='word_1_503' title='bbox 982 3887 1146 3926; x_wconf 81' lang='lat' dir='ltr'><strong>unam</strong></span> <span class='ocrx_word' id='word_1_504' title='bbox 1184 3874 1591 3931; x_wconf 87' lang='lat' dir='ltr'><strong>subsistentiam</strong></span> <span class='ocrx_word' id='word_1_505' title='bbox 1627 3880 1908 3950; x_wconf 82' lang='lat' dir='ltr'><strong>utriusque</strong></span> <span class='ocrx_word' id='word_1_506' title='bbox 1933 3882 2073 3941; x_wconf 78' lang='lat' dir='ltr'><strong>facta</strong></span> 
     </span>
    </p>
   </div>
   <div class='ocr_carea' id='block_1_69' title="bbox 495 3959 2070 4034">
    <p class='ocr_par' dir='ltr' id='par_1_69' title="bbox 495 3959 2070 4034">
     <span class='ocr_line' id='line_1_69' title="bbox 495 3959 2070 4034; baseline 0.009 -21"><span class='ocrx_word' id='word_1_507' title='bbox 495 3959 568 4013; x_wconf 86' lang='lat' dir='ltr'><strong>sit</strong></span> <span class='ocrx_word' id='word_1_508' title='bbox 606 3960 807 4027; x_wconf 89' lang='lat' dir='ltr'><strong>unitas,</strong></span> <span class='ocrx_word' id='word_1_509' title='bbox 841 3978 1057 4018; x_wconf 87' lang='lat' dir='ltr'><strong>omnem</strong></span> <span class='ocrx_word' id='word_1_510' title='bbox 1121 3967 1338 4034; x_wconf 87' lang='lat' dir='ltr'><strong>penitus</strong></span> <span class='ocrx_word' id='word_1_511' title='bbox 1392 3966 1573 4021; x_wconf 91' lang='lat' dir='ltr'><strong>omnis</strong></span> <span class='ocrx_word' id='word_1_512' title='bbox 1617 3965 1743 4021; x_wconf 85' lang='lat' dir='ltr'><strong>facti</strong></span> <span class='ocrx_word' id='word_1_513' title='bbox 1789 3970 2070 4026; x_wconf 90' lang='lat' dir='ltr'><strong>scientiam</strong></span> 
     </span>
    </p>
   </div>
   <div class='ocr_carea' id='block_1_70' title="bbox 494 4048 2074 4123">
    <p class='ocr_par' dir='ltr' id='par_1_70' title="bbox 494 4048 2074 4123">
     <span class='ocr_line' id='line_1_70' title="bbox 494 4048 2074 4123; baseline 0.011 -19"><span class='ocrx_word' id='word_1_514' title='bbox 494 4048 729 4121; x_wconf 77' lang='lat' dir='ltr'><strong>fugiens.</strong></span> <span class='ocrx_word' id='word_1_515' title='bbox 768 4053 1040 4111; x_wconf 89' lang='lat' dir='ltr'><strong>Divinitas</strong></span> <span class='ocrx_word' id='word_1_516' title='bbox 1093 4058 1266 4123; x_wconf 91' lang='lat' dir='ltr'><strong>enim,</strong></span> <span class='ocrx_word' id='word_1_517' title='bbox 1303 4066 1361 4113; x_wconf 88' lang='lat' dir='ltr'><strong>ut</strong></span> <span class='ocrx_word' id='word_1_518' title='bbox 1388 4067 1505 4113; x_wconf 90' lang='lat' dir='ltr'><strong>erat</strong></span> <span class='ocrx_word' id='word_1_519' title='bbox 1559 4069 1687 4115; x_wconf 87' lang='lat' dir='ltr'><strong>ante</strong></span> <span class='ocrx_word' id='word_1_520' title='bbox 1742 4061 2074 4122; x_wconf 79' lang='lat' dir='ltr'><strong>incarnatio-</strong></span> 
     </span>
    </p>
   </div>
   <div class='ocr_carea' id='block_1_71' title="bbox 2184 3316 3775 3407">
    <p class='ocr_par' dir='ltr' id='par_1_71' title="bbox 2184 3316 3775 3407">
     <span class='ocr_line' id='line_1_71' title="bbox 2184 3316 3775 3407; baseline 0.007 -27"><span class='ocrx_word' id='word_1_521' title='bbox 2184 3316 2325 3381; x_wconf 73' lang='grc' dir='ltr'><strong>κατά</strong></span> <span class='ocrx_word' id='word_1_522' title='bbox 2353 3328 2530 3382; x_wconf 81' lang='grc' dir='ltr'>πάντα</span> <span class='ocrx_word' id='word_1_523' title='bbox 2560 3329 2824 3400; x_wconf 80' lang='grc' dir='ltr'>φυσικῶς,</span> <span class='ocrx_word' id='word_1_524' title='bbox 2855 3329 2969 3383; x_wconf 83' lang='grc' dir='ltr'>ἀλλ’</span> <span class='ocrx_word' id='word_1_525' title='bbox 2992 3331 3052 3384; x_wconf 84' lang='grc' dir='ltr'>οὐ</span> <span class='ocrx_word' id='word_1_526' title='bbox 3101 3334 3488 3403; x_wconf 86' lang='grc' dir='ltr'>συγκριτικῶς,</span> <span class='ocrx_word' id='word_1_527' title='bbox 3523 3335 3775 3407; x_wconf 58' lang='grc' dir='ltr'>ἀλλήλων</span> 
     </span>
    </p>
   </div>
   <div class='ocr_carea' id='block_1_72' title="bbox 2181 3420 3767 3500">
    <p class='ocr_par' dir='ltr' id='par_1_72' title="bbox 2181 3420 3767 3500">
     <span class='ocr_line' id='line_1_72' title="bbox 2181 3420 3767 3500; baseline 0.008 -28"><span class='ocrx_word' id='word_1_528' title='bbox 2181 3420 2523 3492; x_wconf 82' lang='grc' dir='ltr'>διαφέροντα.</span> <span class='ocrx_word' id='word_1_529' title='bbox 2552 3423 2673 3478; x_wconf 84' lang='grc' dir='ltr'><strong>Κᾶν</strong></span> <span class='ocrx_word' id='word_1_530' title='bbox 2704 3423 2943 3497; x_wconf 72' lang='grc' dir='ltr'>ἄρρητός</span> <span class='ocrx_word' id='word_1_531' title='bbox 2968 3441 3056 3487; x_wconf 85' lang='grc' dir='ltr'><strong>τις</strong></span> <span class='ocrx_word' id='word_1_532' title='bbox 3100 3425 3195 3478; x_wconf 69' lang='grc' dir='ltr'><strong>καὶ</strong></span> <span class='ocrx_word' id='word_1_533' title='bbox 3228 3425 3502 3498; x_wconf 76' lang='grc' dir='ltr'>ἄρρηκτος</span> <span class='ocrx_word' id='word_1_534' title='bbox 3529 3431 3609 3492; x_wconf 89' lang='grc' dir='ltr'><strong>είς</strong></span> <span class='ocrx_word' id='word_1_535' title='bbox 3635 3428 3767 3500; x_wconf 78' lang='grc' dir='ltr'>μίαν</span> 
     </span>
    </p>
   </div>
   <div class='ocr_carea' id='block_1_73' title="bbox 2183 3512 3761 3588">
    <p class='ocr_par' dir='ltr' id='par_1_73' title="bbox 2183 3512 3761 3588">
     <span class='ocr_line' id='line_1_73' title="bbox 2183 3512 3761 3588; baseline 0.006 -23"><span class='ocrx_word' id='word_1_536' title='bbox 2183 3512 2481 3568; x_wconf 83' lang='grc' dir='ltr'>ὑπόστασιν</span> <span class='ocrx_word' id='word_1_537' title='bbox 2531 3514 2644 3586; x_wconf 70' lang='lat'><strong>(2&#39;5)</strong></span> <span class='ocrx_word' id='word_1_538' title='bbox 2681 3517 3011 3588; x_wconf 81' lang='grc' dir='ltr'>ἀμφοτέρων</span> <span class='ocrx_word' id='word_1_539' title='bbox 3041 3516 3265 3587; x_wconf 85' lang='grc' dir='ltr'>γέγονεν</span> <span class='ocrx_word' id='word_1_540' title='bbox 3315 3519 3549 3585; x_wconf 67' lang='grc' dir='ltr'>ἓνωσις,</span> <span class='ocrx_word' id='word_1_541' title='bbox 3581 3521 3761 3575; x_wconf 79' lang='grc' dir='ltr'>πᾶσαν</span> 
     </span>
    </p>
   </div>
   <div class='ocr_carea' id='block_1_74' title="bbox 2183 3606 3762 3681">
    <p class='ocr_par' dir='ltr' id='par_1_74' title="bbox 2183 3606 3762 3681">
     <span class='ocr_line' id='line_1_74' title="bbox 2183 3606 3762 3681; baseline 0.003 -23"><span class='ocrx_word' id='word_1_542' title='bbox 2183 3606 2384 3667; x_wconf 79' lang='grc' dir='ltr'>παντὸς</span> <span class='ocrx_word' id='word_1_543' title='bbox 2421 3608 2651 3678; x_wconf 82' lang='grc' dir='ltr'>γενητοῦ</span> <span class='ocrx_word' id='word_1_544' title='bbox 2690 3609 2971 3674; x_wconf 84' lang='grc' dir='ltr'>παντελῶς</span> <span class='ocrx_word' id='word_1_545' title='bbox 3015 3610 3381 3681; x_wconf 75' lang='grc' dir='ltr'>διαφεύγουσα</span> <span class='ocrx_word' id='word_1_546' title='bbox 3426 3609 3646 3681; x_wconf 86' lang='grc' dir='ltr'>γνῶσιν.</span> <span class='ocrx_word' id='word_1_547' title='bbox 3686 3609 3762 3666; x_wconf 84' lang='grc' dir='ltr'><strong>Τὸ</strong></span> 
     </span>
    </p>
   </div>
   <div class='ocr_carea' id='block_1_75' title="bbox 2180 3696 3761 3776">
    <p class='ocr_par' dir='ltr' id='par_1_75' title="bbox 2180 3696 3761 3776">
     <span class='ocr_line' id='line_1_75' title="bbox 2180 3696 3761 3776; baseline 0.004 -26"><span class='ocrx_word' id='word_1_548' title='bbox 2180 3698 2289 3768; x_wconf 84' lang='grc' dir='ltr'><strong>γάρ</strong></span> <span class='ocrx_word' id='word_1_549' title='bbox 2311 3697 2474 3764; x_wconf 88' lang='grc' dir='ltr'>θεῖον,</span> <span class='ocrx_word' id='word_1_550' title='bbox 2505 3700 2581 3765; x_wconf 86' lang='grc' dir='ltr'>ὡς</span> <span class='ocrx_word' id='word_1_551' title='bbox 2602 3696 2670 3773; x_wconf 84' lang='grc' dir='ltr'>ἦν</span> <span class='ocrx_word' id='word_1_552' title='bbox 2702 3702 2808 3775; x_wconf 82' lang='grc' dir='ltr'><strong>πρὸ</strong></span> <span class='ocrx_word' id='word_1_553' title='bbox 2840 3702 3189 3775; x_wconf 85' lang='grc' dir='ltr'>σαρκώσεως,</span> <span class='ocrx_word' id='word_1_554' title='bbox 3210 3703 3328 3757; x_wconf 78' lang='grc' dir='ltr'>ἐστὶ</span> <span class='ocrx_word' id='word_1_555' title='bbox 3354 3703 3444 3757; x_wconf 83' lang='grc' dir='ltr'><strong>καί</strong></span> <span class='ocrx_word' id='word_1_556' title='bbox 3464 3702 3601 3774; x_wconf 85' lang='grc' dir='ltr'>μετὰ</span> <span class='ocrx_word' id='word_1_557' title='bbox 3626 3704 3761 3776; x_wconf 82' lang='grc' dir='ltr'>σάρ-</span> 
     </span>
    </p>
   </div>
   <div class='ocr_carea' id='block_1_76' title="bbox 2180 3791 3755 3865">
    <p class='ocr_par' dir='ltr' id='par_1_76' title="bbox 2180 3791 3755 3865">
     <span class='ocr_line' id='line_1_76' title="bbox 2180 3791 3755 3865; baseline 0.003 -22"><span class='ocrx_word' id='word_1_558' title='bbox 2180 3808 2368 3857; x_wconf 83' lang='grc' dir='ltr'>κωσιν,</span> <span class='ocrx_word' id='word_1_559' title='bbox 2403 3791 2543 3845; x_wconf 81' lang='grc' dir='ltr'>κατὰ</span> <span class='ocrx_word' id='word_1_560' title='bbox 2579 3792 2739 3862; x_wconf 81' lang='grc' dir='ltr'>φύσιν</span> <span class='ocrx_word' id='word_1_561' title='bbox 2770 3792 3019 3865; x_wconf 78' lang='grc' dir='ltr'>ἄπειρον,</span> <span class='ocrx_word' id='word_1_562' title='bbox 3055 3796 3297 3865; x_wconf 79' lang='grc' dir='ltr'>ἄσχετον,</span> <span class='ocrx_word' id='word_1_563' title='bbox 3324 3793 3548 3857; x_wconf 83' lang='grc' dir='ltr'>ἀπαθὲς,</span> <span class='ocrx_word' id='word_1_564' title='bbox 3581 3794 3755 3864; x_wconf 80' lang='grc' dir='ltr'>ἀσύγ-</span> 
     </span>
    </p>
   </div>
   <div class='ocr_carea' id='block_1_77' title="bbox 2181 3885 3758 3958">
    <p class='ocr_par' dir='ltr' id='par_1_77' title="bbox 2181 3885 3758 3958">
     <span class='ocr_line' id='line_1_77' title="bbox 2181 3885 3758 3958; baseline 0.003 -21"><span class='ocrx_word' id='word_1_565' title='bbox 2181 3902 2385 3956; x_wconf 86' lang='grc' dir='ltr'>κριτον,</span> <span class='ocrx_word' id='word_1_566' title='bbox 2419 3885 2799 3950; x_wconf 82' lang='grc' dir='ltr'>ἀναλλοίωτον,</span> <span class='ocrx_word' id='word_1_567' title='bbox 2858 3887 3145 3958; x_wconf 79' lang='grc' dir='ltr'>ἄτρεπτον,</span> <span class='ocrx_word' id='word_1_568' title='bbox 3200 3885 3539 3953; x_wconf 74' lang='grc' dir='ltr'>αὑτοσθενὲς,</span> <span class='ocrx_word' id='word_1_569' title='bbox 3577 3889 3672 3942; x_wconf 72' lang='grc' dir='ltr'><strong>καὶ</strong></span> <span class='ocrx_word' id='word_1_570' title='bbox 3695 3888 3758 3942; x_wconf 84' lang='grc' dir='ltr'><strong>τὸ</strong></span> 
     </span>
    </p>
   </div>
   <div class='ocr_carea' id='block_1_78' title="bbox 2178 3979 3757 4054">
    <p class='ocr_par' dir='ltr' id='par_1_78' title="bbox 2178 3979 3757 4054">
     <span class='ocr_line' id='line_1_78' title="bbox 2178 3979 3757 4054; baseline 0.003 -23"><span class='ocrx_word' id='word_1_571' title='bbox 2178 3980 2288 4032; x_wconf 80' lang='grc' dir='ltr'>πᾶν</span> <span class='ocrx_word' id='word_1_572' title='bbox 2322 3980 2522 4044; x_wconf 83' lang='grc' dir='ltr'>εἰπεῖν,</span> <span class='ocrx_word' id='word_1_573' title='bbox 2561 3979 2807 4048; x_wconf 70' lang='grc' dir='ltr'>ὑφεστὼς</span> <span class='ocrx_word' id='word_1_574' title='bbox 2855 3980 3111 4046; x_wconf 78' lang='grc' dir='ltr'>οὐσιῶδες</span> <span class='ocrx_word' id='word_1_575' title='bbox 3170 3981 3329 4052; x_wconf 86' lang='grc' dir='ltr'>μόνον</span> <span class='ocrx_word' id='word_1_576' title='bbox 3377 3982 3757 4054; x_wconf 81' lang='grc' dir='ltr'>ἀπειροσθενὲς</span> 
     </span>
    </p>
   </div>
   <div class='ocr_carea' id='block_1_79' title="bbox 2175 4069 2399 4140">
    <p class='ocr_par' dir='ltr' id='par_1_79' title="bbox 2175 4069 2399 4140">
     <span class='ocr_line' id='line_1_79' title="bbox 2175 4069 2399 4140; baseline 0.009 -17"><span class='ocrx_word' id='word_1_577' title='bbox 2175 4069 2377 4140; x_wconf 87' lang='grc' dir='ltr'>ἀγαθόν</span> <span class='ocrx_word' id='word_1_578' title='bbox 2388 4111 2399 4125; x_wconf 94' lang='grc'><strong>.</strong></span> 
     </span>
    </p>
   </div>
   <div class='ocr_carea' id='block_1_80' title="bbox 491 4152 3752 4244">
    <p class='ocr_par' dir='ltr' id='par_1_80' title="bbox 491 4152 3752 4244">
     <span class='ocr_line' id='line_1_80' title="bbox 491 4152 3752 4244; baseline 0.009 -42"><span class='ocrx_word' id='word_1_579' title='bbox 491 4158 771 4214; x_wconf 81' lang='lat' dir='ltr'><strong>nem,‘est</strong></span> <span class='ocrx_word' id='word_1_580' title='bbox 826 4160 880 4207; x_wconf 90' lang='lat' dir='ltr'><strong>et</strong></span> <span class='ocrx_word' id='word_1_581' title='bbox 935 4161 1056 4223; x_wconf 88' lang='lat' dir='ltr'><strong>post</strong></span> <span class='ocrx_word' id='word_1_582' title='bbox 1107 4152 1562 4222; x_wconf 85' lang='lat' dir='ltr'><strong>incarnationem,</strong></span> <span class='ocrx_word' id='word_1_583' title='bbox 1618 4160 1915 4215; x_wconf 89' lang='lat' dir='ltr'><strong>secundum</strong></span> <span class='ocrx_word' id='word_1_584' title='bbox 1975 4175 2244 4221; x_wconf 79' lang='lat' dir='ltr'><strong>naturam‘</strong></span> <span class='ocrx_word' id='word_1_585' title='bbox 2288 4168 2518 4232; x_wconf 78' lang='lat' dir='ltr'><strong>infinita,</strong></span> <span class='ocrx_word' id='word_1_586' title='bbox 2565 4168 3157 4240; x_wconf 88' lang='lat' dir='ltr'><strong>incomprehensibilis,</strong></span> <span class='ocrx_word' id='word_1_587' title='bbox 3225 4171 3611 4244; x_wconf 87' lang='lat' dir='ltr'><strong>impassibilis,</strong></span> <span class='ocrx_word' id='word_1_588' title='bbox 3668 4174 3752 4229; x_wconf 82' lang='lat' dir='ltr'><strong>in-</strong></span> 
     </span>
    </p>
   </div>
   <div class='ocr_carea' id='block_1_81' title="bbox 488 4248 3753 4334">
    <p class='ocr_par' dir='ltr' id='par_1_81' title="bbox 488 4248 3753 4334">
     <span class='ocr_line' id='line_1_81' title="bbox 488 4248 3753 4334; baseline 0.007 -33"><span class='ocrx_word' id='word_1_589' title='bbox 488 4248 896 4315; x_wconf 83' lang='lat' dir='ltr'><strong>convertibilis,</strong></span> <span class='ocrx_word' id='word_1_590' title='bbox 957 4266 1054 4320; x_wconf 89' lang='lat' dir='ltr'><strong>per</strong></span> <span class='ocrx_word' id='word_1_591' title='bbox 1090 4267 1148 4307; x_wconf 91' lang='lat' dir='ltr'><strong>se</strong></span> <span class='ocrx_word' id='word_1_592' title='bbox 1198 4262 1426 4322; x_wconf 85' lang='lat' dir='ltr'><strong>potens;</strong></span> <span class='ocrx_word' id='word_1_593' title='bbox 1483 4262 1540 4308; x_wconf 88' lang='lat' dir='ltr'><strong>et</strong></span> <span class='ocrx_word' id='word_1_594' title='bbox 1596 4263 1657 4310; x_wconf 91' lang='lat' dir='ltr'><strong>ut</strong></span> <span class='ocrx_word' id='word_1_595' title='bbox 1702 4264 1872 4312; x_wconf 88' lang='lat' dir='ltr'><strong>totum</strong></span> <span class='ocrx_word' id='word_1_596' title='bbox 1929 4260 2195 4330; x_wconf 87' lang='lat' dir='ltr'><strong>dicamus,</strong></span> <span class='ocrx_word' id='word_1_597' title='bbox 2257 4266 2565 4321; x_wconf 83' lang='lat' dir='ltr'><strong>subsistens</strong></span> <span class='ocrx_word' id='word_1_598' title='bbox 2615 4266 3028 4334; x_wconf 84' lang='lat' dir='ltr'><strong>substantialis,</strong></span> <span class='ocrx_word' id='word_1_599' title='bbox 3082 4268 3198 4323; x_wconf 88' lang='lat' dir='ltr'><strong>sola</strong></span> <span class='ocrx_word' id='word_1_600' title='bbox 3256 4268 3487 4325; x_wconf 73' lang='lat' dir='ltr'><strong>inﬁnita:</strong></span> <span class='ocrx_word' id='word_1_601' title='bbox 3535 4269 3753 4325; x_wconf 84' lang='lat' dir='ltr'><strong>virtutis</strong></span> 
     </span>
    </p>
   </div>
   <div class='ocr_carea' id='block_1_82' title="bbox 489 4338 719 4399">
    <p class='ocr_par' dir='ltr' id='par_1_82' title="bbox 489 4338 719 4399">
     <span class='ocr_line' id='line_1_82' title="bbox 489 4338 719 4399; baseline 0 -2"><span class='ocrx_word' id='word_1_602' title='bbox 489 4338 719 4399; x_wconf 83' lang='lat' dir='ltr'><strong>bonum.</strong></span> 
     </span>
    </p>
   </div>
   <div class='ocr_carea' id='block_1_83' title="bbox 768 4480 1782 4550">
    <p class='ocr_par' dir='ltr' id='par_1_83' title="bbox 768 4480 1782 4550">
     <span class='ocr_line' id='line_1_83' title="bbox 768 4480 1782 4550; baseline 0.01 -16"><span class='ocrx_word' id='word_1_603' title='bbox 768 4480 1039 4550; x_wconf 81' lang='lat' dir='ltr'><strong>Ejusdem,</strong></span> <span class='ocrx_word' id='word_1_604' title='bbox 1066 4501 1130 4539; x_wconf 81' lang='lat' dir='ltr'><strong>ea:</strong></span> <span class='ocrx_word' id='word_1_605' title='bbox 1173 4487 1354 4541; x_wconf 82' lang='lat' dir='ltr'><strong>eodem</strong></span> <span class='ocrx_word' id='word_1_606' title='bbox 1388 4502 1645 4544; x_wconf 74' lang='lat' dir='ltr'><strong>sermone.</strong></span> <span class='ocrx_word' id='word_1_607' title='bbox 1690 4488 1782 4544; x_wconf 85' lang='grc'><strong>11.</strong></span> 
     </span>
    </p>
   </div>
   <div class='ocr_carea' id='block_1_84' title="bbox 554 4591 2059 4676">
    <p class='ocr_par' dir='ltr' id='par_1_84' title="bbox 554 4591 2059 4676">
     <span class='ocr_line' id='line_1_84' title="bbox 554 4591 2059 4676; baseline 0.013 -33"><span class='ocrx_word' id='word_1_608' title='bbox 554 4591 620 4644; x_wconf 89' lang='lat' dir='ltr'><strong>ll.</strong></span> <span class='ocrx_word' id='word_1_609' title='bbox 654 4591 854 4650; x_wconf 88' lang='lat' dir='ltr'><strong>Factus</strong></span> <span class='ocrx_word' id='word_1_610' title='bbox 895 4612 1026 4668; x_wconf 75' lang='lat' dir='ltr'><strong>ergo</strong></span> <span class='ocrx_word' id='word_1_611' title='bbox 1061 4601 1329 4656; x_wconf 84' lang='lat' dir='ltr'><strong>veraciter</strong></span> <span class='ocrx_word' id='word_1_612' title='bbox 1367 4603 1670 4658; x_wconf 85' lang='lat' dir='ltr'><strong>secundum</strong></span> <span class='ocrx_word' id='word_1_613' title='bbox 1722 4604 2059 4676; x_wconf 86' lang='lat' dir='ltr'><strong>Scripturas,</strong></span> 
     </span>
    </p>
   </div>
   <div class='ocr_carea' id='block_1_85' title="bbox 490 4690 2061 4768">
    <p class='ocr_par' dir='ltr' id='par_1_85' title="bbox 490 4690 2061 4768">
     <span class='ocr_line' id='line_1_85' title="bbox 490 4690 2061 4768; baseline 0.01 -31"><span class='ocrx_word' id='word_1_614' title='bbox 490 4695 599 4737; x_wconf 88' lang='lat' dir='ltr'><strong>non</strong></span> <span class='ocrx_word' id='word_1_615' title='bbox 630 4698 930 4755; x_wconf 79' lang='lat' dir='ltr'><strong>conversus</strong></span> <span class='ocrx_word' id='word_1_616' title='bbox 959 4690 1337 4747; x_wconf 89' lang='lat' dir='ltr'><strong>universorum</strong></span> <span class='ocrx_word' id='word_1_617' title='bbox 1369 4692 1535 4760; x_wconf 90' lang='lat' dir='ltr'><strong>Deus,</strong></span> <span class='ocrx_word' id='word_1_618' title='bbox 1573 4695 1739 4751; x_wconf 89' lang='lat' dir='ltr'><strong>homo</strong></span> <span class='ocrx_word' id='word_1_619' title='bbox 1794 4697 1914 4753; x_wconf 91' lang='lat' dir='ltr'><strong>sine</strong></span> <span class='ocrx_word' id='word_1_620' title='bbox 1940 4712 2061 4768; x_wconf 86' lang='lat' dir='ltr'><strong>peo-</strong></span> 
     </span>
    </p>
   </div>
   <div class='ocr_carea' id='block_1_86' title="bbox 2391 4491 3535 4562">
    <p class='ocr_par' dir='ltr' id='par_1_86' title="bbox 2391 4491 3535 4562">
     <span class='ocr_line' id='line_1_86' title="bbox 2391 4491 3535 4562; baseline -0.003 -13"><span class='ocrx_word' id='word_1_621' title='bbox 2391 4493 2502 4549; x_wconf 84' lang='grc' dir='ltr'><strong>Τοῦ</strong></span> <span class='ocrx_word' id='word_1_622' title='bbox 2524 4492 2731 4560; x_wconf 78' lang='grc' dir='ltr'>αὐτοῦ,</span> <span class='ocrx_word' id='word_1_623' title='bbox 2775 4495 2845 4549; x_wconf 83' lang='grc' dir='ltr'>ἐκ</span> <span class='ocrx_word' id='word_1_624' title='bbox 2871 4493 2977 4548; x_wconf 86' lang='grc' dir='ltr'>τοῦ</span> <span class='ocrx_word' id='word_1_625' title='bbox 3008 4492 3194 4549; x_wconf 84' lang='grc' dir='ltr'>αὑτοῦ</span> <span class='ocrx_word' id='word_1_626' title='bbox 3229 4493 3433 4562; x_wconf 69' lang='grc' dir='ltr'>λόγου.</span> <span class='ocrx_word' id='word_1_627' title='bbox 3470 4491 3535 4562; x_wconf 86' lang='grc' dir='ltr'><strong>β’.</strong></span> 
     </span>
    </p>
   </div>
   <div class='ocr_carea' id='block_1_87' title="bbox 2238 4598 3749 4675">
    <p class='ocr_par' dir='ltr' id='par_1_87' title="bbox 2238 4598 3749 4675">
     <span class='ocr_line' id='line_1_87' title="bbox 2238 4598 3749 4675; baseline -0.004 -18"><span class='ocrx_word' id='word_1_628' title='bbox 2238 4603 2468 4674; x_wconf 81' lang='grc' dir='ltr'>Γέγονεν</span> <span class='ocrx_word' id='word_1_629' title='bbox 2492 4598 2585 4656; x_wconf 76' lang='grc' dir='ltr'><strong>οὖν</strong></span> <span class='ocrx_word' id='word_1_630' title='bbox 2612 4601 2848 4675; x_wconf 86' lang='grc' dir='ltr'>ἀληθῶς,</span> <span class='ocrx_word' id='word_1_631' title='bbox 2899 4600 3041 4655; x_wconf 82' lang='grc' dir='ltr'>κατὰ</span> <span class='ocrx_word' id='word_1_632' title='bbox 3088 4600 3187 4663; x_wconf 81' lang='grc' dir='ltr'>τὰς</span> <span class='ocrx_word' id='word_1_633' title='bbox 3223 4599 3465 4671; x_wconf 79' lang='grc' dir='ltr'>Γραφάς,</span> <span class='ocrx_word' id='word_1_634' title='bbox 3513 4601 3586 4670; x_wconf 87' lang='grc' dir='ltr'><strong>μὴ</strong></span> <span class='ocrx_word' id='word_1_635' title='bbox 3612 4616 3749 4672; x_wconf 85' lang='grc' dir='ltr'>τρα-</span> 
     </span>
    </p>
   </div>
   <div class='ocr_carea' id='block_1_88' title="bbox 2169 4690 3752 4765">
    <p class='ocr_par' dir='ltr' id='par_1_88' title="bbox 2169 4690 3752 4765">
     <span class='ocr_line' id='line_1_88' title="bbox 2169 4690 3752 4765; baseline -0.002 -16"><span class='ocrx_word' id='word_1_636' title='bbox 2169 4697 2295 4760; x_wconf 77' lang='grc' dir='ltr'>πεὶς</span> <span class='ocrx_word' id='word_1_637' title='bbox 2320 4698 2349 4750; x_wconf 88' lang='grc' dir='ltr'>ὁ</span> <span class='ocrx_word' id='word_1_638' title='bbox 2375 4695 2483 4750; x_wconf 89' lang='grc' dir='ltr'><strong>τῶν</strong></span> <span class='ocrx_word' id='word_1_639' title='bbox 2538 4693 2676 4748; x_wconf 73' lang='grc' dir='ltr'>ὅλων</span> <span class='ocrx_word' id='word_1_640' title='bbox 2720 4694 2873 4760; x_wconf 83' lang='grc' dir='ltr'>Θεὸς,</span> <span class='ocrx_word' id='word_1_641' title='bbox 2906 4692 3193 4765; x_wconf 79' lang='grc' dir='ltr'>ἄνθρωπος</span> <span class='ocrx_word' id='word_1_642' title='bbox 3237 4690 3638 4763; x_wconf 81' lang='grc' dir='ltr'>ἀναμάρτητος·</span> <span class='ocrx_word' id='word_1_643' title='bbox 3671 4692 3752 4763; x_wconf 83' lang='grc' dir='ltr'><strong>ὡς</strong></span> 
     </span>
    </p>
   </div>
   <div class='ocr_carea' id='block_1_89' title="bbox 484 4862 3747 4946">
    <p class='ocr_par' dir='ltr' id='par_1_89' title="bbox 484 4862 3747 4946">
     <span class='ocr_line' id='line_1_89' title="bbox 484 4862 3747 4946; baseline 0.003 -29"><span class='ocrx_word' id='word_1_644' title='bbox 484 4865 647 4946; x_wconf 74' lang='lat' dir='ltr'><strong>verba</strong></span> <span class='ocrx_word' id='word_1_645' title='bbox 678 4882 784 4921; x_wconf 90' lang='lat' dir='ltr'><strong>non</strong></span> <span class='ocrx_word' id='word_1_646' title='bbox 820 4868 1018 4946; x_wconf 75' lang='lat' dir='ltr'><strong>debent</strong></span> <span class='ocrx_word' id='word_1_647' title='bbox 1048 4871 1218 4937; x_wconf 82' lang='lat' dir='ltr'><strong>reddi,</strong></span> <span class='ocrx_word' id='word_1_648' title='bbox 1272 4892 1290 4925; x_wconf 77' lang='grc' dir='ltr'><strong>ι</strong></span> <span class='ocrx_word' id='word_1_649' title='bbox 1323 4889 1389 4928; x_wconf 86' lang='lat' dir='ltr'><strong>ex</strong></span> <span class='ocrx_word' id='word_1_650' title='bbox 1440 4891 1693 4931; x_wconf 85' lang='lat' dir='ltr'><strong>sermone</strong></span> <span class='ocrx_word' id='word_1_651' title='bbox 1723 4876 1815 4946; x_wconf 91' lang='lat' dir='ltr'><strong>qui</strong></span> <span class='ocrx_word' id='word_1_652' title='bbox 1858 4885 1942 4931; x_wconf 88' lang='lat' dir='ltr'><strong>est</strong></span> <span class='ocrx_word' id='word_1_653' title='bbox 1966 4891 2060 4945; x_wconf 90' lang='lat' dir='ltr'><strong>per</strong></span> <span class='ocrx_word' id='word_1_654' title='bbox 2091 4862 2137 4917; x_wconf 87' lang='grc' dir='ltr'>Ῑ)</span> <span class='ocrx_word' id='word_1_655' title='bbox 2165 4883 2249 4929; x_wconf 83' lang='lat' dir='ltr'><strong>est</strong></span> <span class='ocrx_word' id='word_1_656' title='bbox 2279 4875 2419 4929; x_wconf 90' lang='lat' dir='ltr'><strong>idem</strong></span> <span class='ocrx_word' id='word_1_657' title='bbox 2462 4890 2585 4929; x_wconf 85' lang='lat' dir='ltr'><strong>cum</strong></span> <span class='ocrx_word' id='word_1_658' title='bbox 2619 4890 2783 4930; x_wconf 90' lang='lat' dir='ltr'><strong>carne</strong></span> <span class='ocrx_word' id='word_1_659' title='bbox 2821 4880 3057 4946; x_wconf 76' lang='lat' dir='ltr'><strong>propter</strong></span> <span class='ocrx_word' id='word_1_660' title='bbox 3104 4870 3362 4946; x_wconf 71' lang='lat' dir='ltr'><strong>unionem</strong></span> <span class='ocrx_word' id='word_1_661' title='bbox 3391 4889 3405 4936; x_wconf 86' lang='lat'><strong>;</strong></span> <span class='ocrx_word' id='word_1_662' title='bbox 3446 4867 3479 4946; x_wconf 21' lang='grc' dir='ltr'><strong>»μ’</strong></span> <span class='ocrx_word' id='word_1_663' title='bbox 3525 4866 3747 4946; x_wconf 72' lang='lat' dir='ltr'><strong>secutus</strong></span> 
     </span>
    </p>
   </div>
   <div class='ocr_carea' id='block_1_90' title="bbox 486 4936 2063 5015">
    <p class='ocr_par' dir='ltr' id='par_1_90' title="bbox 486 4936 2063 5015">
     <span class='ocr_line' id='line_1_90' title="bbox 486 4936 2063 5015; baseline 0.007 -25"><span class='ocrx_word' id='word_1_664' title='bbox 486 4936 1002 5015; x_wconf 67' lang='lat' dir='ltr'><strong>elementum,»__sed</strong></span> <span class='ocrx_word' id='word_1_665' title='bbox 1037 4959 1149 5015; x_wconf 60' lang='grc' dir='ltr'>ιρις</span> <span class='ocrx_word' id='word_1_666' title='bbox 1181 4936 1430 5000; x_wconf 83' lang='lat' dir='ltr'><strong>sermone</strong></span> <span class='ocrx_word' id='word_1_667' title='bbox 1478 4948 1570 5015; x_wconf 87' lang='lat' dir='ltr'><strong>qui</strong></span> <span class='ocrx_word' id='word_1_668' title='bbox 1606 4936 2063 5015; x_wconf 76' lang='lat' dir='ltr'><strong>alphabeticolit-</strong></span> 
     </span>
    </p>
   </div>
   <div class='ocr_carea' id='block_1_91' title="bbox 480 5011 2060 5081">
    <p class='ocr_par' dir='ltr' id='par_1_91' title="bbox 480 5011 2060 5081">
     <span class='ocr_line' id='line_1_91' title="bbox 480 5011 2060 5081; baseline 0.008 -22"><span class='ocrx_word' id='word_1_669' title='bbox 480 5013 725 5081; x_wconf 69' lang='lat' dir='ltr'><strong>ferarum</strong></span> <span class='ocrx_word' id='word_1_670' title='bbox 762 5011 979 5081; x_wconf 28' lang='lat' dir='ltr'><strong>‘ordine</strong></span> <span class='ocrx_word' id='word_1_671' title='bbox 1018 5013 1259 5081; x_wconf 80' lang='lat' dir='ltr'><strong>digestus</strong></span> <span class='ocrx_word' id='word_1_672' title='bbox 1291 5025 1393 5068; x_wconf 83' lang='lat' dir='ltr'><strong>est.</strong></span> <span class='ocrx_word' id='word_1_673' title='bbox 1426 5035 1443 5068; x_wconf 77' lang='grc' dir='ltr'><strong>ι</strong></span> <span class='ocrx_word' id='word_1_674' title='bbox 1481 5011 1816 5072; x_wconf 66' lang='grc' dir='ltr'><strong>(ΖΑΡΡιςίιοΝΝ.</strong></span> <span class='ocrx_word' id='word_1_675' title='bbox 1837 5047 1910 5058; x_wconf 91' lang='grc'><strong><em>-</em></strong></span> <span class='ocrx_word' id='word_1_676' title='bbox 1939 5017 2060 5071; x_wconf 82' lang='lat' dir='ltr'><strong>Jam</strong></span> 
     </span>
    </p>
   </div>
   <div class='ocr_carea' id='block_1_92' title="bbox 480 5078 2056 5153">
    <p class='ocr_par' dir='ltr' id='par_1_92' title="bbox 480 5078 2056 5153">
     <span class='ocr_line' id='line_1_92' title="bbox 480 5078 2056 5153; baseline 0.006 -22"><span class='ocrx_word' id='word_1_677' title='bbox 480 5078 727 5153; x_wconf 77' lang='lat' dir='ltr'><strong>reliquas</strong></span> <span class='ocrx_word' id='word_1_678' title='bbox 762 5078 823 5134; x_wconf 91' lang='lat' dir='ltr'><strong>V.</strong></span> <span class='ocrx_word' id='word_1_679' title='bbox 855 5081 916 5135; x_wconf 85' lang='lat' dir='ltr'><strong>C.</strong></span> <span class='ocrx_word' id='word_1_680' title='bbox 953 5078 1163 5137; x_wconf 51' lang='lat' dir='ltr'><strong>Clau&#39;dii</strong></span> <span class='ocrx_word' id='word_1_681' title='bbox 1198 5085 1606 5153; x_wconf 76' lang='lat' dir='ltr'><strong>Cappcronnier</strong></span> <span class='ocrx_word' id='word_1_682' title='bbox 1634 5089 2056 5142; x_wconf 76' lang='lat' dir='ltr'><strong>Animadversio-</strong></span> 
     </span>
    </p>
   </div>
   <div class='ocr_carea' id='block_1_93' title="bbox 483 5149 2062 5239">
    <p class='ocr_par' dir='ltr' id='par_1_93' title="bbox 483 5149 2062 5239">
     <span class='ocr_line' id='line_1_93' title="bbox 483 5149 2062 5239; baseline 0.006 -38"><span class='ocrx_word' id='word_1_683' title='bbox 483 5162 573 5202; x_wconf 66' lang='grc' dir='ltr'><strong>πει</strong></span> <span class='ocrx_word' id='word_1_684' title='bbox 628 5149 1036 5239; x_wconf 41' lang='grc' dir='ltr'>ὶηννετεέορεηι</span> <span class='ocrx_word' id='word_1_685' title='bbox 1070 5149 1551 5239; x_wconf 48' lang='grc' dir='ltr'>,Αιιιιειιὶέίιξηθηῃ</span> <span class='ocrx_word' id='word_1_686' title='bbox 1612 5159 1739 5239; x_wconf 78' lang='lat' dir='ltr'><strong>huic</strong></span> <span class='ocrx_word' id='word_1_687' title='bbox 1784 5156 2062 5239; x_wconf 65' lang='lat' dir='ltr'><strong>Hippolyti</strong></span> 
     </span>
    </p>
   </div>
   <div class='ocr_carea' id='block_1_94' title="bbox 483 5221 2065 5293">
    <p class='ocr_par' dir='ltr' id='par_1_94' title="bbox 483 5221 2065 5293">
     <span class='ocr_line' id='line_1_94' title="bbox 483 5221 2065 5293; baseline 0.008 -23"><span class='ocrx_word' id='word_1_688' title='bbox 483 5221 753 5293; x_wconf 68' lang='lat' dir='ltr'><strong>opuscglo</strong></span> <span class='ocrx_word' id='word_1_689' title='bbox 781 5222 1148 5293; x_wconf 81' lang='lat' dir='ltr'><strong>subjiciendas</strong></span> <span class='ocrx_word' id='word_1_690' title='bbox 1202 5228 1535 5293; x_wconf 82' lang='lat' dir='ltr'><strong>curavimus,</strong></span> <span class='ocrx_word' id='word_1_691' title='bbox 1585 5243 1678 5283; x_wconf 86' lang='lat' dir='ltr'><strong>eas</strong></span> <span class='ocrx_word' id='word_1_692' title='bbox 1716 5221 1933 5283; x_wconf 78' lang='lat' dir='ltr'><strong>interim</strong></span> <span class='ocrx_word' id='word_1_693' title='bbox 1972 5221 2065 5282; x_wconf 78' lang='lat' dir='ltr'><strong>lit-</strong></span> 
     </span>
    </p>
   </div>
   <div class='ocr_carea' id='block_1_95' title="bbox 484 5289 1780 5362">
    <p class='ocr_par' dir='ltr' id='par_1_95' title="bbox 484 5289 1780 5362">
     <span class='ocr_line' id='line_1_95' title="bbox 484 5289 1780 5362; baseline 0.007 -18"><span class='ocrx_word' id='word_1_694' title='bbox 484 5289 614 5362; x_wconf 79' lang='lat' dir='ltr'><strong>teris</strong></span> <span class='ocrx_word' id='word_1_695' title='bbox 647 5289 850 5347; x_wconf 62' lang='lat' dir='ltr'><strong>Graecis</strong></span> <span class='ocrx_word' id='word_1_696' title='bbox 878 5289 912 5345; x_wconf 83' lang='grc' dir='ltr'><strong>α</strong></span> <span class='ocrx_word' id='word_1_697' title='bbox 943 5292 971 5362; x_wconf 86' lang='grc' dir='ltr'>β</span> <span class='ocrx_word' id='word_1_698' title='bbox 997 5310 1031 5361; x_wconf 90' lang='grc' dir='ltr'><strong>γ</strong></span> <span class='ocrx_word' id='word_1_699' title='bbox 1055 5294 1082 5346; x_wconf 92' lang='grc' dir='ltr'><strong>δ</strong></span> <span class='ocrx_word' id='word_1_700' title='bbox 1117 5296 1203 5349; x_wconf 86' lang='lat' dir='ltr'><strong>hic</strong></span> <span class='ocrx_word' id='word_1_701' title='bbox 1227 5296 1499 5351; x_wconf 84' lang='lat' dir='ltr'><strong>indicasse</strong></span> <span class='ocrx_word' id='word_1_702' title='bbox 1523 5289 1780 5353; x_wconf 82' lang='lat' dir='ltr'><strong>contenti.</strong></span> 
     </span>
    </p>
   </div>
   <div class='ocr_carea' id='block_1_96' title="bbox 558 5359 1658 5435">
    <p class='ocr_par' dir='ltr' id='par_1_96' title="bbox 558 5359 1658 5435">
     <span class='ocr_line' id='line_1_96' title="bbox 558 5359 1658 5435; baseline 0.005 -20"><span class='ocrx_word' id='word_1_703' title='bbox 714 5359 1055 5435; x_wconf 54' lang='grc' dir='ltr'>Ἐαυτῶῶ-ξι</span> <span class='ocrx_word' id='word_1_704' title='bbox 1082 5364 1384 5435; x_wconf 73' lang='lat' dir='ltr'><strong>Ipsorunm</strong></span> <span class='ocrx_word' id='word_1_705' title='bbox 1423 5369 1658 5422; x_wconf 73' lang='lat' dir='ltr'><strong>Counsr.</strong></span> 
     </span>
    </p>
   </div>
   <div class='ocr_carea' id='block_1_97' title="bbox 555 5430 2061 5505">
    <p class='ocr_par' dir='ltr' id='par_1_97' title="bbox 555 5430 2061 5505">
     <span class='ocr_line' id='line_1_97' title="bbox 555 5430 2061 5505; baseline 0.003 -19"><span class='ocrx_word' id='word_1_706' title='bbox 555 5430 664 5505; x_wconf 67' lang='grc'><strong>(22)</strong></span> <span class='ocrx_word' id='word_1_707' title='bbox 698 5434 845 5502; x_wconf 82' lang='grc' dir='ltr'>Μηδ’</span> <span class='ocrx_word' id='word_1_708' title='bbox 877 5434 969 5488; x_wconf 79' lang='grc' dir='ltr'><strong>ἐνὶ</strong></span> <span class='ocrx_word' id='word_1_709' title='bbox 1006 5476 1020 5489; x_wconf 91' lang='grc'><strong>.</strong></span> <span class='ocrx_word' id='word_1_710' title='bbox 1054 5476 1067 5489; x_wconf 92' lang='grc'><strong><em>.</em></strong></span> <span class='ocrx_word' id='word_1_711' title='bbox 1105 5430 1122 5492; x_wconf 68' lang='grc' dir='ltr'><em>ξ</em></span> <span class='ocrx_word' id='word_1_712' title='bbox 1183 5436 1283 5490; x_wconf 84' lang='grc' dir='ltr'>διὰ</span> <span class='ocrx_word' id='word_1_713' title='bbox 1311 5437 1425 5505; x_wconf 75' lang='grc' dir='ltr'><strong>τὴν</strong></span> <span class='ocrx_word' id='word_1_714' title='bbox 1460 5437 1737 5492; x_wconf 83' lang='grc' dir='ltr'>κένωσιν.</span> <span class='ocrx_word' id='word_1_715' title='bbox 1782 5437 2061 5493; x_wconf 80' lang='lat' dir='ltr'><strong>Anastasii</strong></span> 
     </span>
    </p>
   </div>
   <div class='ocr_carea' id='block_1_98' title="bbox 487 5501 2062 5573">
    <p class='ocr_par' dir='ltr' id='par_1_98' title="bbox 487 5501 2062 5573">
     <span class='ocr_line' id='line_1_98' title="bbox 487 5501 2062 5573; baseline 0.008 -23"><span class='ocrx_word' id='word_1_716' title='bbox 487 5501 787 5573; x_wconf 58' lang='lat' dir='ltr'><strong>versionem</strong></span> <span class='ocrx_word' id='word_1_717' title='bbox 822 5506 1092 5570; x_wconf 88' lang='lat' dir='ltr'><strong>mutilam,</strong></span> <span class='ocrx_word' id='word_1_718' title='bbox 1117 5522 1219 5561; x_wconf 89' lang='lat' dir='ltr'><strong>nec</strong></span> <span class='ocrx_word' id='word_1_719' title='bbox 1251 5501 1414 5562; x_wconf 82' lang='lat' dir='ltr'><strong>sensu</strong></span> <span class='ocrx_word' id='word_1_720' title='bbox 1456 5524 1671 5573; x_wconf 87' lang='lat' dir='ltr'><strong>sanam,</strong></span> <span class='ocrx_word' id='word_1_721' title='bbox 1706 5510 1778 5562; x_wconf 89' lang='lat' dir='ltr'><strong>ita</strong></span> <span class='ocrx_word' id='word_1_722' title='bbox 1808 5511 2062 5563; x_wconf 86' lang='lat' dir='ltr'><strong>emendat</strong></span> 
     </span>
    </p>
   </div>
   <div class='ocr_carea' id='block_1_99' title="bbox 479 5567 2061 5648">
    <p class='ocr_par' dir='ltr' id='par_1_99' title="bbox 479 5567 2061 5648">
     <span class='ocr_line' id='line_1_99' title="bbox 479 5567 2061 5648; baseline 0.009 -28"><span class='ocrx_word' id='word_1_723' title='bbox 479 5567 888 5648; x_wconf 58' lang='lat' dir='ltr'><strong>gombelisius:</strong></span> <span class='ocrx_word' id='word_1_724' title='bbox 955 5567 1176 5648; x_wconf 25' lang='lat' dir='ltr'><strong>«ANullo</strong></span> <span class='ocrx_word' id='word_1_725' title='bbox 1233 5580 1458 5632; x_wconf 90' lang='lat' dir='ltr'><strong>omnino</strong></span> <span class='ocrx_word' id='word_1_726' title='bbox 1499 5567 1667 5648; x_wconf 45' lang='lat' dir='ltr'><strong>quod&#39;</strong></span> <span class='ocrx_word' id='word_1_727' title='bbox 1705 5578 1942 5647; x_wconf 86' lang='lat' dir='ltr'><strong>idipsum</strong></span> <span class='ocrx_word' id='word_1_728' title='bbox 1976 5587 2061 5634; x_wconf 86' lang='lat' dir='ltr'><strong>est</strong></span> 
     </span>
    </p>
   </div>
   <div class='ocr_carea' id='block_1_100' title="bbox 481 5636 2058 5718">
    <p class='ocr_par' dir='ltr' id='par_1_100' title="bbox 481 5636 2058 5718">
     <span class='ocr_line' id='line_1_100' title="bbox 481 5636 2058 5718; baseline 0.009 -29"><span class='ocrx_word' id='word_1_729' title='bbox 481 5636 653 5705; x_wconf 83' lang='lat' dir='ltr'><strong>l’atri,</strong></span> <span class='ocrx_word' id='word_1_730' title='bbox 709 5645 1191 5718; x_wconf 28' lang='lat' dir='ltr'><strong>idipsumdfactum</strong></span> <span class='ocrx_word' id='word_1_731' title='bbox 1238 5648 1391 5702; x_wconf 84' lang='lat' dir='ltr'><strong>carni</strong></span> <span class='ocrx_word' id='word_1_732' title='bbox 1452 5636 1676 5718; x_wconf 69' lang='lat' dir='ltr'><strong>propter</strong></span> <span class='ocrx_word' id='word_1_733' title='bbox 1724 5636 2058 5704; x_wconf 59' lang='lat' dir='ltr'><strong>ex&#39;inauitio-</strong></span> 
     </span>
    </p>
   </div>
   <div class='ocr_carea' id='block_1_101' title="bbox 481 5711 2051 5786">
    <p class='ocr_par' dir='ltr' id='par_1_101' title="bbox 481 5711 2051 5786">
     <span class='ocr_line' id='line_1_101' title="bbox 481 5711 2051 5786; baseline 0.007 -24"><span class='ocrx_word' id='word_1_734' title='bbox 481 5724 673 5786; x_wconf 36' lang='lat' dir='ltr'><strong>nerui</strong></span> <span class='ocrx_word' id='word_1_735' title='bbox 706 5711 875 5786; x_wconf 81' lang='lat' dir='ltr'><strong>Paulo</strong></span> <span class='ocrx_word' id='word_1_736' title='bbox 908 5715 1086 5786; x_wconf 83' lang='lat' dir='ltr'><strong>aliter,</strong></span> <span class='ocrx_word' id='word_1_737' title='bbox 1129 5726 1185 5771; x_wconf 84' lang='lat' dir='ltr'><strong>et</strong></span> <span class='ocrx_word' id='word_1_738' title='bbox 1223 5711 1709 5786; x_wconf 45' lang='lat' dir='ltr'><strong>quidem-clarius,</strong></span> <span class='ocrx_word' id='word_1_739' title='bbox 1739 5720 2051 5774; x_wconf 88' lang='lat' dir='ltr'><strong>eruditissi-</strong></span> 
     </span>
    </p>
   </div>
   <div class='ocr_carea' id='block_1_102' title="bbox 482 5780 2054 5845">
    <p class='ocr_par' dir='ltr' id='par_1_102' title="bbox 482 5780 2054 5845">
     <span class='ocr_line' id='line_1_102' title="bbox 482 5780 2054 5845; baseline 0.008 -13"><span class='ocrx_word' id='word_1_740' title='bbox 482 5793 606 5834; x_wconf 85' lang='lat' dir='ltr'><strong>mus</strong></span> <span class='ocrx_word' id='word_1_741' title='bbox 637 5780 880 5839; x_wconf 85' lang='lat' dir='ltr'><strong>Baunius</strong></span> <span class='ocrx_word' id='word_1_742' title='bbox 925 5780 1433 5845; x_wconf 74' lang='lat' dir='ltr'><strong>Simondiannrum</strong></span> <span class='ocrx_word' id='word_1_743' title='bbox 1465 5790 1645 5843; x_wconf 88' lang='lat' dir='ltr'><strong>editor</strong></span> <span class='ocrx_word' id='word_1_744' title='bbox 1668 5780 1705 5844; x_wconf 77' lang='grc' dir='ltr'>ι’</span> <span class='ocrx_word' id='word_1_745' title='bbox 1734 5810 1752 5841; x_wconf 77' lang='grc' dir='ltr'><strong>ι</strong></span> <span class='ocrx_word' id='word_1_746' title='bbox 1782 5788 1937 5843; x_wconf 87' lang='lat' dir='ltr'><strong>Nulla</strong></span> <span class='ocrx_word' id='word_1_747' title='bbox 1995 5805 2054 5844; x_wconf 88' lang='lat' dir='ltr'><strong>re</strong></span> 
     </span>
    </p>
   </div>
   <div class='ocr_carea' id='block_1_103' title="bbox 483 5852 2052 5951">
    <p class='ocr_par' dir='ltr' id='par_1_103' title="bbox 483 5852 2052 5951">
     <span class='ocr_line' id='line_1_103' title="bbox 483 5852 2052 5951; baseline 0.006 -44"><span class='ocrx_word' id='word_1_748' title='bbox 483 5852 708 5917; x_wconf 72' lang='lat' dir='ltr'><strong>omnino</strong></span> <span class='ocrx_word' id='word_1_749' title='bbox 756 5852 998 5937; x_wconf 55' lang='lat' dir='ltr'><strong>Verbum,</strong></span> <span class='ocrx_word' id='word_1_750' title='bbox 1019 5857 1160 5933; x_wconf 84' lang='lat' dir='ltr'><strong>quod</strong></span> <span class='ocrx_word' id='word_1_751' title='bbox 1191 5858 1331 5911; x_wconf 80' lang='lat' dir='ltr'><strong>idem</strong></span> <span class='ocrx_word' id='word_1_752' title='bbox 1366 5868 1448 5913; x_wconf 74' lang='lat' dir='ltr'><strong>est</strong></span> <span class='ocrx_word' id='word_1_753' title='bbox 1474 5874 1597 5951; x_wconf 61' lang='lat' dir='ltr'><strong>cum</strong></span> <span class='ocrx_word' id='word_1_754' title='bbox 1628 5859 1804 5930; x_wconf 80' lang='lat' dir='ltr'><strong>Patre,</strong></span> <span class='ocrx_word' id='word_1_755' title='bbox 1849 5860 2052 5917; x_wconf 79' lang='lat' dir='ltr'><strong>factum</strong></span> 
     </span>
    </p>
   </div>
   <div class='ocr_carea' id='block_1_104' title="bbox 2168 4940 3745 5023">
    <p class='ocr_par' dir='ltr' id='par_1_104' title="bbox 2168 4940 3745 5023">
     <span class='ocr_line' id='line_1_104' title="bbox 2168 4940 3745 5023; baseline -0.002 -23"><span class='ocrx_word' id='word_1_756' title='bbox 2168 4946 2430 5023; x_wconf 82' lang='lat' dir='ltr'><strong>nimirum</strong></span> <span class='ocrx_word' id='word_1_757' title='bbox 2471 4946 2759 5023; x_wconf 69' lang='lat' dir='ltr'><strong>lectionem</strong></span> <span class='ocrx_word' id='word_1_758' title='bbox 2807 4940 2977 5023; x_wconf 70' lang='lat' dir='ltr'><strong>Graeci</strong></span> <span class='ocrx_word' id='word_1_759' title='bbox 3033 4942 3239 5023; x_wconf 58' lang='lat' dir='ltr'><strong>codicis</strong></span> <span class='ocrx_word' id='word_1_760' title='bbox 3289 4940 3604 5023; x_wconf 71' lang='lat' dir='ltr'><strong>Ni,c_e_pbori_,</strong></span> <span class='ocrx_word' id='word_1_761' title='bbox 3649 4941 3745 5023; x_wconf 79' lang='lat' dir='ltr'><strong>qui</strong></span> 
     </span>
    </p>
   </div>
   <div class='ocr_carea' id='block_1_105' title="bbox 2168 5011 3743 5087">
    <p class='ocr_par' dir='ltr' id='par_1_105' title="bbox 2168 5011 3743 5087">
     <span class='ocr_line' id='line_1_105' title="bbox 2168 5011 3743 5087; baseline -0.003 -16"><span class='ocrx_word' id='word_1_762' title='bbox 2168 5033 2266 5087; x_wconf 85' lang='lat' dir='ltr'><strong>pro</strong></span> <span class='ocrx_word' id='word_1_763' title='bbox 2309 5015 2537 5069; x_wconf 77' lang='grc' dir='ltr'>κένωσιν</span> <span class='ocrx_word' id='word_1_764' title='bbox 2588 5015 2810 5070; x_wconf 75' lang='lat' dir='ltr'><strong>exhibet</strong></span> <span class='ocrx_word' id='word_1_765' title='bbox 2858 5014 3090 5087; x_wconf 61' lang='grc' dir='ltr'><strong>ἕνωσιν.Δ</strong></span> <span class='ocrx_word' id='word_1_766' title='bbox 3118 5011 3255 5087; x_wconf 66' lang='lat' dir='ltr'><strong>Qum</strong></span> <span class='ocrx_word' id='word_1_767' title='bbox 3296 5011 3524 5087; x_wconf 77' lang='lat' dir='ltr'><strong>quidem</strong></span> <span class='ocrx_word' id='word_1_768' title='bbox 3581 5011 3743 5087; x_wconf 80' lang='lat' dir='ltr'><strong>lectio</strong></span> 
     </span>
    </p>
   </div>
   <div class='ocr_carea' id='block_1_106' title="bbox 2168 5082 3745 5157">
    <p class='ocr_par' dir='ltr' id='par_1_106' title="bbox 2168 5082 3745 5157">
     <span class='ocr_line' id='line_1_106' title="bbox 2168 5082 3745 5157; baseline -0.002 -16"><span class='ocrx_word' id='word_1_769' title='bbox 2168 5082 2343 5157; x_wconf 79' lang='lat' dir='ltr'><strong>inagis</strong></span> <span class='ocrx_word' id='word_1_770' title='bbox 2385 5088 2649 5157; x_wconf 70' lang='lat' dir='ltr'><strong>probatur</strong></span> <span class='ocrx_word' id='word_1_771' title='bbox 2704 5085 2975 5157; x_wconf 77' lang='lat' dir='ltr'><strong>Basnagio</strong></span> <span class='ocrx_word' id='word_1_772' title='bbox 3005 5102 3018 5157; x_wconf 70' lang='grc' dir='ltr'>ς</span> <span class='ocrx_word' id='word_1_773' title='bbox 3052 5082 3167 5157; x_wconf 88' lang='lat' dir='ltr'><strong>_bic</strong></span> <span class='ocrx_word' id='word_1_774' title='bbox 3222 5082 3392 5157; x_wconf 47' lang='lat' dir='ltr'><strong>enim,</strong></span> <span class='ocrx_word' id='word_1_775' title='bbox 3446 5082 3643 5152; x_wconf 88' lang='lat' dir='ltr'><strong>inquit,</strong></span> <span class='ocrx_word' id='word_1_776' title='bbox 3669 5082 3745 5157; x_wconf 87' lang='lat' dir='ltr'><strong>_de</strong></span> 
     </span>
    </p>
   </div>
   <div class='ocr_carea' id='block_1_107' title="bbox 2168 5152 3745 5233">
    <p class='ocr_par' dir='ltr' id='par_1_107' title="bbox 2168 5152 3745 5233">
     <span class='ocr_line' id='line_1_107' title="bbox 2168 5152 3745 5233; baseline -0.004 -22"><span class='ocrx_word' id='word_1_777' title='bbox 2168 5152 2594 5233; x_wconf 31' lang='lat' dir='ltr'><strong>unione‘agitur.</strong></span> <span class='ocrx_word' id='word_1_778' title='bbox 2630 5155 2773 5233; x_wconf 76' lang='lat' dir='ltr'><strong>Infra</strong></span> <span class='ocrx_word' id='word_1_779' title='bbox 2801 5152 2911 5210; x_wconf 78' lang='lat' dir='ltr'><strong>sub</strong></span> <span class='ocrx_word' id='word_1_780' title='bbox 2944 5154 3310 5233; x_wconf 56' lang='lat' dir='ltr'><strong>initittm_cap.</strong></span> <span class='ocrx_word' id='word_1_781' title='bbox 3355 5152 3413 5218; x_wconf 75' lang='grc'>2,</span> <span class='ocrx_word' id='word_1_782' title='bbox 3446 5168 3647 5233; x_wconf 72' lang='lat' dir='ltr'><strong>rursus</strong></span> <span class='ocrx_word' id='word_1_783' title='bbox 3668 5152 3745 5206; x_wconf 88' lang='lat' dir='ltr'><strong>le—</strong></span> 
     </span>
    </p>
   </div>
   <div class='ocr_carea' id='block_1_108' title="bbox 2169 5221 3744 5366">
    <p class='ocr_par' dir='ltr' id='par_1_108' title="bbox 2169 5221 3744 5366">
     <span class='ocr_line' id='line_1_108' title="bbox 2169 5221 3738 5302; baseline -0.003 -22"><span class='ocrx_word' id='word_1_784' title='bbox 2169 5229 2349 5298; x_wconf 80' lang='lat' dir='ltr'><strong>gimus</strong></span> <span class='ocrx_word' id='word_1_785' title='bbox 2376 5221 2463 5279; x_wconf 77' lang='grc' dir='ltr'>διᾶ</span> <span class='ocrx_word' id='word_1_786' title='bbox 2488 5227 2588 5300; x_wconf 82' lang='grc' dir='ltr'><strong>τὴν</strong></span> <span class='ocrx_word' id='word_1_787' title='bbox 2621 5227 2849 5281; x_wconf 85' lang='grc' dir='ltr'>κένωσιν</span> <span class='ocrx_word' id='word_1_788' title='bbox 2882 5268 2895 5281; x_wconf 94' lang='grc'><strong>.</strong></span> <span class='ocrx_word' id='word_1_789' title='bbox 2938 5265 2953 5279; x_wconf 93' lang='grc'><strong>.</strong></span> <span class='ocrx_word' id='word_1_790' title='bbox 2991 5267 3006 5283; x_wconf 88' lang='grc'><strong>.</strong></span> <span class='ocrx_word' id='word_1_791' title='bbox 3061 5221 3299 5279; x_wconf 79' lang='lat' dir='ltr'><strong>Verbum</strong></span> <span class='ocrx_word' id='word_1_792' title='bbox 3337 5233 3523 5278; x_wconf 82' lang='lat' dir='ltr'><strong>autem</strong></span> <span class='ocrx_word' id='word_1_793' title='bbox 3549 5240 3568 5273; x_wconf 79' lang='grc' dir='ltr'><strong>ι</strong></span> <span class='ocrx_word' id='word_1_794' title='bbox 3599 5221 3738 5302; x_wconf 82' lang='lat' dir='ltr'><strong>idem</strong></span> 
     </span>
     <span class='ocr_line' id='line_1_109' title="bbox 2170 5290 3744 5366; baseline -0.003 -14"><span class='ocrx_word' id='word_1_795' title='bbox 2170 5313 2294 5352; x_wconf 90' lang='lat' dir='ltr'><strong>cum</strong></span> <span class='ocrx_word' id='word_1_796' title='bbox 2343 5295 2503 5352; x_wconf 78' lang='lat' dir='ltr'><strong>Patre</strong></span> <span class='ocrx_word' id='word_1_797' title='bbox 2532 5316 2550 5349; x_wconf 73' lang='grc' dir='ltr'><strong>ι</strong></span> <span class='ocrx_word' id='word_1_798' title='bbox 2604 5298 2807 5352; x_wconf 88' lang='lat' dir='ltr'><strong>dicitur</strong></span> <span class='ocrx_word' id='word_1_799' title='bbox 2864 5305 3085 5366; x_wconf 85' lang='lat' dir='ltr'><strong>propter</strong></span> <span class='ocrx_word' id='word_1_800' title='bbox 3138 5293 3558 5366; x_wconf 15' lang='lat' dir='ltr'><strong>cbidpogio&#39;tov.</strong></span> <span class='ocrx_word' id='word_1_801' title='bbox 3609 5290 3744 5348; x_wconf 80' lang='lat' dir='ltr'><strong>Vide</strong></span> 
     </span>
    </p>
   </div>
   <div class='ocr_carea' id='block_1_109' title="bbox 2168 5363 3709 5444">
    <p class='ocr_par' dir='ltr' id='par_1_109' title="bbox 2168 5363 3709 5444">
     <span class='ocr_line' id='line_1_110' title="bbox 2168 5363 3709 5444; baseline -0.003 -23"><span class='ocrx_word' id='word_1_802' title='bbox 2168 5367 2473 5444; x_wconf 30' lang='lat' dir='ltr'><strong>Bu‘l‘lumin</strong></span> <span class='ocrx_word' id='word_1_803' title='bbox 2503 5367 2712 5444; x_wconf 60' lang='lat' dir='ltr'><strong>Defens.</strong></span> <span class='ocrx_word' id='word_1_804' title='bbox 2746 5367 2841 5438; x_wconf 80' lang='lat' dir='ltr'><strong>ﬁd.</strong></span> <span class='ocrx_word' id='word_1_805' title='bbox 3058 5380 3182 5444; x_wconf 77' lang='lat' dir='ltr'><strong>pag.</strong></span> <span class='ocrx_word' id='word_1_806' title='bbox 3214 5363 3337 5419; x_wconf 72' lang='grc'><strong>161.</strong></span> <span class='ocrx_word' id='word_1_807' title='bbox 3365 5363 3590 5444; x_wconf 49' lang='grc' dir='ltr'>Ἔμεινε-ζ</span> <span class='ocrx_word' id='word_1_808' title='bbox 3628 5431 3643 5444; x_wconf 53' lang='lat'><strong><em>‘</em></strong></span> <span class='ocrx_word' id='word_1_809' title='bbox 3697 5433 3709 5444; x_wconf 43' lang='lat'><strong>.</strong></span> 
     </span>
    </p>
   </div>
   <div class='ocr_carea' id='block_1_110' title="bbox 2239 5430 3733 5511">
    <p class='ocr_par' dir='ltr' id='par_1_110' title="bbox 2239 5430 3733 5511">
     <span class='ocr_line' id='line_1_111' title="bbox 2239 5430 3733 5511; baseline -0.005 -18"><span class='ocrx_word' id='word_1_810' title='bbox 2239 5438 2352 5511; x_wconf 70' lang='grc'><strong>(25)</strong></span> <span class='ocrx_word' id='word_1_811' title='bbox 2396 5430 2785 5511; x_wconf 59' lang='grc' dir='ltr'><strong>Ὑεντόίῇτιιονιιὲ⁸</strong></span> <span class='ocrx_word' id='word_1_812' title='bbox 2830 5458 2847 5491; x_wconf 79' lang='grc' dir='ltr'><strong>ι</strong></span> <span class='ocrx_word' id='word_1_813' title='bbox 2878 5430 3253 5511; x_wconf 74' lang='lat' dir='ltr'><strong>Substantiam</strong></span> <span class='ocrx_word' id='word_1_814' title='bbox 3287 5452 3306 5488; x_wconf 73' lang='grc' dir='ltr'><strong>ι</strong></span> <span class='ocrx_word' id='word_1_815' title='bbox 3357 5432 3528 5511; x_wconf 77' lang='lat' dir='ltr'><strong>edidit</strong></span> <span class='ocrx_word' id='word_1_816' title='bbox 3549 5430 3733 5486; x_wconf 85' lang='lat' dir='ltr'><strong>Fabri-</strong></span> 
     </span>
    </p>
   </div>
   <div class='ocr_carea' id='block_1_111' title="bbox 2165 5504 3741 5583">
    <p class='ocr_par' dir='ltr' id='par_1_111' title="bbox 2165 5504 3741 5583">
     <span class='ocr_line' id='line_1_112' title="bbox 2165 5504 3741 5583; baseline -0.003 -20"><span class='ocrx_word' id='word_1_817' title='bbox 2165 5504 2285 5583; x_wconf 82' lang='lat' dir='ltr'><strong>cius</strong></span> <span class='ocrx_word' id='word_1_818' title='bbox 2338 5504 2394 5563; x_wconf 86' lang='lat' dir='ltr'><strong>in</strong></span> <span class='ocrx_word' id='word_1_819' title='bbox 2431 5507 3011 5583; x_wconf 74' lang='lat' dir='ltr'><strong>_versione_Ana_s_tasii</strong></span> <span class='ocrx_word' id='word_1_820' title='bbox 3036 5525 3050 5561; x_wconf 86' lang='lat'><strong>:</strong></span> <span class='ocrx_word' id='word_1_821' title='bbox 3080 5505 3251 5583; x_wconf 84' lang='lat' dir='ltr'><strong>__quod</strong></span> <span class='ocrx_word' id='word_1_822' title='bbox 3283 5504 3741 5583; x_wconf 40' lang='lat' dir='ltr'><strong>mendumntypo-</strong></span> 
     </span>
    </p>
   </div>
   <div class='ocr_carea' id='block_1_112' title="bbox 2167 5574 3737 5634">
    <p class='ocr_par' dir='ltr' id='par_1_112' title="bbox 2167 5574 3737 5634">
     <span class='ocr_line' id='line_1_113' title="bbox 2167 5574 3737 5634; baseline -0.004 0"><span class='ocrx_word' id='word_1_823' title='bbox 2167 5581 2328 5634; x_wconf 67' lang='lat' dir='ltr'><strong>thetae</strong></span> <span class='ocrx_word' id='word_1_824' title='bbox 2360 5578 2811 5634; x_wconf 72' lang='lat' dir='ltr'><strong>existimaverim.</strong></span> <span class='ocrx_word' id='word_1_825' title='bbox 2839 5574 3225 5633; x_wconf 77' lang='lat' dir='ltr'><strong>Sirmondiana</strong></span> <span class='ocrx_word' id='word_1_826' title='bbox 3251 5584 3304 5629; x_wconf 89' lang='lat' dir='ltr'><strong>et</strong></span> <span class='ocrx_word' id='word_1_827' title='bbox 3333 5574 3737 5629; x_wconf 77' lang='lat' dir='ltr'><strong>Combeﬁsiana</strong></span> 
     </span>
    </p>
   </div>
   <div class='ocr_carea' id='block_1_113' title="bbox 2162 5641 3740 5705">
    <p class='ocr_par' dir='ltr' id='par_1_113' title="bbox 2162 5641 3740 5705">
     <span class='ocr_line' id='line_1_114' title="bbox 2162 5641 3740 5705; baseline -0.004 -1"><span class='ocrx_word' id='word_1_828' title='bbox 2162 5651 2431 5705; x_wconf 89' lang='lat' dir='ltr'><strong>editiones</strong></span> <span class='ocrx_word' id='word_1_829' title='bbox 2456 5650 2655 5704; x_wconf 83' lang='lat' dir='ltr'><strong>habent</strong></span> <span class='ocrx_word' id='word_1_830' title='bbox 2686 5669 2704 5700; x_wconf 74' lang='grc' dir='ltr'><strong>ι</strong></span> <span class='ocrx_word' id='word_1_831' title='bbox 2737 5649 3207 5705; x_wconf 71' lang='grc' dir='ltr'>ευιιείειεηιὶιιηι.»</span> <span class='ocrx_word' id='word_1_832' title='bbox 3247 5643 3381 5699; x_wconf 76' lang='lat' dir='ltr'><strong>Vide</strong></span> <span class='ocrx_word' id='word_1_833' title='bbox 3416 5659 3544 5699; x_wconf 65' lang='lat' dir='ltr'><strong>mox</strong></span> <span class='ocrx_word' id='word_1_834' title='bbox 3593 5641 3740 5698; x_wconf 77' lang='lat' dir='ltr'><strong>intra</strong></span> 
     </span>
    </p>
   </div>
   <div class='ocr_carea' id='block_1_114' title="bbox 2160 5715 3740 5791">
    <p class='ocr_par' dir='ltr' id='par_1_114' title="bbox 2160 5715 3740 5791">
     <span class='ocr_line' id='line_1_115' title="bbox 2160 5715 3740 5791; baseline -0.003 -17"><span class='ocrx_word' id='word_1_835' title='bbox 2160 5719 2602 5791; x_wconf 84' lang='lat' dir='ltr'><strong>Capperonuierii</strong></span> <span class='ocrx_word' id='word_1_836' title='bbox 2635 5721 3006 5776; x_wconf 73' lang='lat' dir='ltr'><strong>Animadvers.</strong></span> <span class='ocrx_word' id='word_1_837' title='bbox 3032 5716 3206 5774; x_wconf 79' lang='lat' dir='ltr'><strong>Paulo</strong></span> <span class='ocrx_word' id='word_1_838' title='bbox 3236 5715 3534 5782; x_wconf 84' lang='lat' dir='ltr'><strong>anteediti,</strong></span> <span class='ocrx_word' id='word_1_839' title='bbox 3568 5733 3589 5770; x_wconf 76' lang='grc' dir='ltr'><strong>ι</strong></span> <span class='ocrx_word' id='word_1_840' title='bbox 3617 5727 3740 5770; x_wconf 80' lang='lat' dir='ltr'><strong>om-</strong></span> 
     </span>
    </p>
   </div>
   <div class='ocr_carea' id='block_1_115' title="bbox 2159 5790 3550 5847">
    <p class='ocr_par' dir='ltr' id='par_1_115' title="bbox 2159 5790 3550 5847">
     <span class='ocr_line' id='line_1_116' title="bbox 2159 5790 3550 5847; baseline 0.001 -2"><span class='ocrx_word' id='word_1_841' title='bbox 2159 5790 2309 5847; x_wconf 86' lang='lat' dir='ltr'><strong>nium</strong></span> <span class='ocrx_word' id='word_1_842' title='bbox 2347 5790 2636 5846; x_wconf 80' lang='lat' dir='ltr'><strong>factorum.</strong></span> <span class='ocrx_word' id='word_1_843' title='bbox 2651 5809 2670 5843; x_wconf 74' lang='grc' dir='ltr'><strong>ι</strong></span> <span class='ocrx_word' id='word_1_844' title='bbox 3546 5813 3550 5817; x_wconf 46' lang='grc' dir='ltr'><strong>θ</strong></span> 
     </span>
    </p>
   </div>
  </div>
