4134 6440
381 439 482 495 855

1356 434 1631 492 CONTRA
1668 434 1991 491 BERONEM
2030 435 2118 490 ΕΤ
2158 438 2574 496 HELICONEM.

3505 447 3613 503 835

276 577 281 583 ‘
379 554 518 612 οἶδεν
541 558 701 621 αὐτὸς
733 559 909 630 μόνος,
962 557 1219 628 ὑπάρχων
1263 557 1510 628 τεχνίτης
1567 559 1794 625 φυσικὸς
1841 555 1930 607 τῶε

2053 548 2205 617 cato.
2224 567 2285 613 ut
2310 537 2459 616 novit
2492 562 2608 630 ipse
2656 562 2830 627 solus,
2865 578 2987 617 cum
3017 564 3089 618 sit
3123 562 3316 618 artifex
3347 568 3616 623 naturalis

379 648 520 720 ὑπὲρ
547 649 771 725 ἔννοιανο
805 651 920 703 κατ’
959 648 1127 718 αὐτὴν
1167 648 1281 718 ἅμα
1310 648 1407 718 τὴν
1440 648 1701 719 σωτήριον
1731 647 1949 718 σάρκω-

337 798 345 806 ,
383 739 620 811 σιν,.τῆς
648 740 784 804 ἰδίας
810 740 1059 812 θεότητος
1087 740 1390 810 ἐμποιήσας
1411 740 1476 808 τῇ
1500 738 1662 809 σαρκὶ
1679 737 1776 808 τὴν
1799 736 1950 810 ἐνέρ-

294 822 297 825 ’
378 827 555 899 γειαν,
589 831 647 884 οὐ
704 829 1177 902 περιγραφομένην
1221 830 1360 900 αὐτῇ
1408 828 1494 881 διὰ
1545 827 1644 900 τὴν
1695 828 1943 881 κένωσιν·

300 936 307 937 '
377 925 487 978 οὐδ’
514 923 698 994 ῶσπερ
731 923 832 993 τῆς
858 921 1019 978 αὐτοῦ
1049 922 1316 993 θεότητος,
1348 920 1490 974 οὕτω
1534 922 1628 974 κα)⁸
1651 921 1820 991 αὐτῆς
1844 939 1946 991 φυ-

381 1015 547 1078 σικῶς
574 1015 912 1086 ἐκφυομένην
945 1013 1077 1086 (24)·
1120 1013 1233 1066 ἀλλ’
1282 1014 1340 1067 ἐν
1395 1009 1476 1076 οἷς
1527 1012 1592 1066 ἂν
1641 1012 1948 1083 σαρκωθεὶς

381 1106 575 1169 θεϊκῶς
614 1107 910 1176 ἐνήργησε,
945 1105 1012 1158 δι’
1045 1105 1215 1175 αὐτῆς
1255 1104 1670 1175 ἐκφαινομένην.
1722 1105 1796 1157 Οὐ
1835 1103 1944 1178 γὰρ

300 1256 304 1260 Α
378 1197 571 1266 γέγονε
608 1195 769 1265 φύσει
829 1196 1016 1266 θεότης
1068 1194 1465 1267 μεταϐληθεῖσα
1523 1195 1621 1266 τὴν
1674 1193 1856 1263 φύσιν,
1908 1199 1940 1267 ή

380 1269 809 1360 σάρξγενομένη
846 1291 911 1359 τῇ
947 1287 1104 1357 φύσει
1143 1286 1393 1358 θεότητος
1454 1286 1606 1357 σάρξ·
1662 1285 1774 1339 ἀλλ’
1808 1287 1944 1359 ὅπερ

337 1420 341 1423 τ
375 1376 444 1451 ἦν
480 1380 574 1434 καὶ
605 1378 813 1450 θεότητι
867 1382 1174 1450 συμφυεῖσα
1209 1378 1482 1450 μεμένηκε
1516 1377 1612 1449 τὴν
1664 1379 1823 1447 φύσιν
1851 1381 1944 1433 καὶ

374 1470 473 1540 τὴν
505 1468 782 1541 ἐνέργειαν
808 1469 941 1539 (25)·
987 1466 1166 1531 καθὼς
1218 1463 1369 1520 εἶπεν
1395 1470 1423 1521 ὁ
1454 1467 1662 1539 Σωτήρο
1695 1487 1713 1519 ι
1740 1469 1811 1520 Τὸ
1845 1469 1943 1539 μὲν

377 1558 591 1631 πνεῦμα
624 1559 733 1631 (26)
779 1560 1076 1634 πρόθυμον,
1106 1561 1138 1630 ἡ
1175 1559 1233 1613 δὲ
1288 1558 1423 1631 σάρξ
1461 1558 1711 1631 ἀσθενής·
1741 1579 1759 1610 ι
1818 1559 1941 1613 καθ’

374 1655 440 1723 ἣν
474 1653 774 1725 ἐνεργήσας
818 1669 876 1704 τε
907 1652 1001 1708 καὶ
1040 1649 1227 1705 παθὼν
1286 1650 1429 1723 ἆπερ
1462 1647 1529 1722 ἦν
1560 1653 1939 1724 ἀναμαρτήτου

273 1722 285 1733 ⁸
376 1745 596 1816 σαρκὸς,
626 1744 724 1816 τὴν
778 1745 916 1816 ὑπὲρ
970 1744 1127 1815 ἡμῶν
1178 1742 1515 1797 ἐπιστώσατο
1550 1746 1661 1816 (27)
1715 1746 1941 1800 κένωσιν

374 1837 643 1909 θεότητος,
674 1836 909 1909 θαύμασι
963 1838 1072 1891 καὶ
1109 1838 1310 1909 σαρκὸς
1357 1838 1641 1911 παθήμασι
1698 1838 1939 1908 φυσικῶς

375 1926 777 1999 βεϐαιουμένην.
830 1927 927 1981 Διά
974 1927 1082 1999 γὰρ
1130 1927 1289 1982 τοῦτο
1333 1929 1886 2002 γέγονεν.ἄνθρωπος

370 2016 478 2070 τῶν
507 2018 641 2072 ὅλων
678 2018 829 2082 θεὸς,
857 2019 943 2072 ἵνα
976 2004 1139 2091 σαρκλ.
1164 2019 1263 2091 μὲν
1290 2020 1504 2092 παθητῇ
1531 2021 1771 2091 πάσχων,
1794 2020 1936 2075 ἅπαν

371 2106 526 2177 ἡμῶν
557 2107 616 2160 τὸ
643 2107 720 2178 τῷ
753 2108 965 2178 θανάτῳ
986 2089 1203 2180 ετραθέν
1227 2089 1575 2181 λυτρώσηται
1598 2089 1771 2179 γένος·
1799 2112 1938 2164 ἀπα-

372 2198 456 2252 θεῖ
481 2198 536 2252 δὲ
563 2200 774 2271 θεότητι
806 2200 892 2254 διὰ
949 2202 1149 2275 σαρκὸς
1191 2184 1639 2273 θαυματουργῶν,
1672 2204 1806 2275 πρὸς
1837 2203 1936 2274 τὴν

369 2292 642 2363 ἀκήρατον
672 2292 836 2346 αὺτοῦ
877 2294 970 2347 καὶ
1021 2295 1292 2367 μακαρίαν
1322 2294 1642 2367 ἐπαναγάγῃ
1679 2294 1844 2366 ζωὴν,
1868 2291 1936 2370 ἧς

369 2380 641 2437 ἀπέπεσεν
686 2384 764 2456 τῷ
798 2385 1026 2457 διαϐόλῳ
1069 2386 1388 2457 πειθόμενος
1410 2386 1552 2459 (28)·
1595 2389 1689 2441 καὶ
1718 2388 1787 2442 τά
1815 2394 1933 2443 κατ’

369 2469 628 2546 οὐρανοὺς
675 2473 785 2546 (29)
841 2474 970 2543 am
1008 2475 1270 2545 πάγματα
1322 2475 1431 2527 τῶν
1484 2475 1707 2547 νοερῶν
1738 2477 1934 2531 οὐσιῶν

371 2563 622 2635 στομώσῃ
670 2563 806 2635 πρὸς
850 2562 1113 2635 ἀτρεψίαν
1171 2561 1249 2632 τῷ
1295 2564 1577 2635 μυστηρίῳ
1638 2565 1736 2635 τῆς
1769 2563 1932 2617 αὐτοῦ

344 2702 345 2705 η
369 2653 762 2727 σωματώσεωςο
817 2650 885 2726 ἧς
918 2654 1075 2726 ἔργον
1104 2656 1137 2726 ἡ
1171 2653 1277 2707 τῶν
1305 2653 1440 2707 ὅλων
1492 2655 1638 2708 ἐστὶν
1667 2657 1748 2717 είς
1773 2654 1939 2745 αὐτὸν.

272 2748 275 2749 ⁷
361 2746 850 2821 ἀνακεφαλαίωσις.
883 2746 1204 2819 Μεμένηκεν
1232 2743 1323 2801 οὖν
1346 2747 1441 2800 καὶ
1466 2747 1765 2817 σαρκωθεὶς
1791 2747 1931 2802 κατά

363 2843 464 2913 τὴν
489 2836 657 2911 ’φύσιν
695 2840 825 2904 Θεὸς
882 2840 1267 2911 ὑπεράπειρος,
1321 2837 1420 2909 τὴν
1468 2836 1643 2908 ἑαυτῷ
1698 2839 1929 2910 συγγενῆ

365 2935 461 2989 καὶ
495 2933 826 3004 κατάλληλον
878 2932 1018 3002 ἔχων
1064 2932 1363 3003 ἐνέργειανο
1396 2930 1494 3001 τῆς
1555 2929 1651 3000 μὲν
1685 2925 1932 3000 θεότητος

364 3025 635 3089 οὐσιωδῶς
667 3024 1029 3095 ἐκφυομένηνο
1064 3023 1152 3077 διὰ
1189 3023 1247 3076 δὲ
1301 3022 1402 3093 τῆς
1448 3021 1611 3076 αὑτοῦ
1661 3024 1931 3091 παναγίας

366 3112 566 3187 σαρκὸς
588 3116 644 3168 ἐν
678 3117 790 3178 τοῖς
837 3113 1107 3184 θαύμασιν
1130 3111 1485 3182 οἰκονομικῶς
1511 3112 1927 3182 ἐκφαινομένηνο

1909 1896 2010 1982 ἐΒ

2048 666 2233 705 eorum
2274 667 2395 720 qua:
2446 663 2575 707 sunt
2604 666 2766 723 supra
2803 668 3045 722 sensum,
3079 656 3132 709 in
3167 657 3283 725 ipsa
3312 658 3474 713 simul
3527 677 3615 715 sa-

2048 742 2209 797 lutari
2263 743 2634 800 incarnatione
2695 745 2913 801 deitatis
2962 762 3075 803 suae
3149 758 3409 817 eoaptans
3459 752 3610 805 carni

2048 834 2440 901 operationem,
2479 850 2586 889 non
2615 837 3084 908 circumscriptam
3129 854 3191 893 ea
3237 850 3457 910 propter
3481 856 3612 897 eva-

2046 923 2376 989 cuationem,
2413 940 2509 977 nec
2550 926 2692 981 sicut
2726 942 2790 981 ex
2826 928 3025 982 deitate
3054 944 3173 991 sua,
3214 930 3285 984 ita
3316 941 3370 985 et
3398 948 3462 986 ex
3490 935 3609 1003 ipsa

2046 1009 2363 1063 naturaliter
2395 1020 2648 1078 enatam;
2679 1014 2770 1067 sed
2804 1014 2856 1067 in
2906 1016 3325 1087 quibuscunque
3360 1020 3611 1075 incarna-

2047 1106 2135 1152 tus
2165 1099 2354 1154 deiﬁce
2384 1113 2640 1170 operatus
2667 1114 2768 1171 est,
2792 1121 2887 1175 per
2915 1107 3086 1176 ipsam
3111 1109 3459 1167 declaratam.
3491 1113 3608 1170 Non

2044 1192 2187 1244 enim
2231 1206 2359 1246 caro
2384 1193 2522 1249 facta
2579 1204 2662 1250 est
2714 1213 2809 1267 per
2844 1208 3091 1254 naturam
3131 1201 3306 1258 deitas
3349 1206 3609 1260 translata

2046 1290 2237 1337 natura
2258 1325 2272 1348 ,
2316 1282 2455 1338 facta
2487 1286 2734 1342 videlicet
2763 1290 3060 1345 secundum
3109 1303 3357 1347 naturam
3393 1296 3610 1352 deitatis

2044 1387 2204 1426 caro:
2237 1374 2329 1427 sed
2368 1376 2511 1444 quod
2541 1386 2658 1431 erat
2686 1378 2850 1432 etiam
2890 1381 3076 1436 deitati
3098 1388 3358 1452 ‘coaptata
3385 1388 3606 1452 mansit,

2044 1464 2095 1517 id
2129 1472 2214 1518 est
2260 1480 2387 1519 caro
2439 1467 2653 1521 inﬁrma
2707 1479 2761 1523 et
2801 1471 3079 1539 passibilis
3113 1481 3307 1527 natura
3341 1484 3393 1527 et
3412 1490 3609 1545 opera-

2042 1554 2221 1621 tione;
2245 1557 2702 1625 quemadmodum
2740 1560 2989 1616 Salvator
3024 1563 3138 1617 ait:
3176 1583 3194 1615 ι
3235 1564 3471 1634 Spiritus
3493 1569 3610 1636 qui-

2041 1647 2505 1716 dem'promptus;
2536 1665 2663 1703 caro
2708 1661 2888 1705 autem
2938 1652 3150 1707 inﬁrma
3180 1654 3263 1709 aa:
3306 1674 3323 1705 ι
3389 1656 3441 1709 in
3497 1673 3608 1726 qua

2041 1746 2297 1805 operatus
2327 1749 2381 1792 et
2411 1753 2605 1807 passus
2656 1756 2778 1811 qua:
2821 1754 2975 1797 erant
3007 1742 3189 1799 carnis
3234 1746 3440 1814 absque
3472 1733 3622 1817 pec—ﬁ

2041 1837 2185 1893 cato,
2215 1829 2632 1885 exinanitionem
2665 1846 2764 1902 pro
2806 1833 2961 1888 uobis
2993 1834 3250 1889 indicavit
3277 1836 3602 1903 divinitatis,

2040 1921 2316 1977 miraculis
2349 1931 2402 1977 et
2454 1920 2635 1977 carnis
2683 1924 3033 1993 passionibus
3076 1926 3394 1981 naturaliter
3426 1929 3598 1983 robo-

2038 2020 2232 2066 ratam.
2262 2012 2489 2083 Propter
2518 2015 2633 2083 hoc_
2668 2018 2813 2071 enim
2858 2015 3035 2071 lactus
3058 2026 3142 2072 est
3190 2019 3353 2074 homo
3390 2022 3606 2077 univer-

2036 2118 2224 2157 sorum
2262 2102 2426 2170 Deus,
2486 2112 2546 2159 ut
2607 2080 3026 2175 carnegtuidcm
3087 2110 3334 2178 passibili
3368 2111 3603 2181 patiens,

2038 2204 2206 2260 totum
2253 2206 2500 2252 nostrum
2554 2200 3033 2275 morﬁveuditum
3079 2205 3372 2261 redimeret
3392 2223 3603 2275 genus:

2036 2287 2357 2357 impassibili
2408 2305 2538 2344 vero
2592 2289 2791 2346 deitate
2857 2308 2955 2362 per
3007 2309 3225 2362 carnem
3284 2298 3608 2354 mirabiliter
3692 2298 3700 2305 ’

2035 2394 2286 2449 operans,
2320 2381 2384 2436 ad
2408 2382 2771 2439 immortalem
2806 2384 2939 2439 illud
2982 2394 3035 2440 et
3072 2358 3283 2443 beatam
3320 2391 3603 2447 reduceret

2032 2473 2226 2538 vitam,
2253 2474 2319 2529 de
2339 2490 2445 2544 qua
2475 2475 2745 2530 ceciderat
2771 2476 2990 2531 diabolo
3015 2494 3212 2548 parens
3238 2497 3252 2545 ;
3291 2491 3452 2550 atque
3485 2499 3606 2538 san-

2033 2575 2151 2621 ctos
2184 2566 2627 2622 intellectualium
2668 2553 3093 2624 substantiarum
3122 2571 3241 2627 coeli
3286 2574 3505 2630 ordines
3533 2576 3601 2629 ad

2033 2657 2598 2713 inconvertibilitatem
2632 2660 2893 2730 mysterio
2924 2676 3038 2716 suae
3062 2661 3326 2716 stabiliret
3358 2663 3604 2734 incorpo-

2033 2749 2280 2804 rationis.
2308 2749 2478 2819 Cujus
2534 2766 2673 2822 Opus
2705 2752 2949 2807 omnium
2976 2754 3197 2809 in-eum
3224 2748 3602 2824 recapitulatio

2030 2852 2131 2896 est.
2176 2841 2372 2897 Mansit
2402 2860 2531 2913 ergo
2580 2844 2744 2898 etiam
2799 2846 3115 2901 incarnatus
3165 2849 3462 2902 secundum
3499 2865 3601 2906 na-

2033 2942 2215 2988 turam
2253 2934 2393 2990 Deus
2423 2937 2915 3006 superimmensus,
2959 2941 3061 2994 sibi
3092 2948 3378 3011 cognatam
3401 2951 3602 2996 eteon-

2029 3027 2332 3082 venientem
2358 3028 2562 3083 habens
2589 3029 2960 3098 operationem
2990 3048 3004 3083 :
3039 3046 3106 3084 ex
3142 3030 3343 3085 deitate
3375 3032 3597 3100 quidem

2032 3118 2463 3174 substantialiter
2495 3129 2713 3186 natam;
2754 3136 2851 3191 per
2872 3121 3276 3179 sanctissimam
3308 3138 3439 3178 vero
3478 3131 3612 3179 car-'

368 3206 456 3262 ινα
484 3206 744 3279 πιστευθῇ
797 3206 929 3270 Θεὸς
959 3199 1119 3268 εἶναι,
1146 3203 1213 3256 δι’
1250 3201 1509 3267 ἀσθενοῦς
1534 3203 1693 3275 φύσει
1726 3204 1927 3277 σαρκὸς

2032 3224 2153 3265 nem
2182 3209 2236 3264 in
2269 3208 2548 3265 miraculis
2575 3210 2973 3281 dispensatorie
2999 3213 3360 3280 declaratam;
3389 3226 3449 3270 ut
3480 3230 3601 3271 cre-

364 3296 680 3370 αὒτουργῶν
710 3297 808 3367 τὴν
840 3295 932 3350 τοῦ
960 3293 1159 3370 παντὸς
1192 3291 1480 3364 σωτηρίαν.

428 3524 440 3537 ⁸
467 3546 473 3553 -
577 3514 688 3571 Τοῦ
722 3513 928 3579 αὐτοῦ,
959 3514 1027 3567 ἐκ
1049 3511 1156 3567 τοῦ
1178 3512 1363 3569 αὐτοῦ
1394 3514 1601 3583 λόγου.
1645 3503 1741 3582 γ’.⁴

429 3626 612 3696 Κάμοὶ
649 3624 778 3696 γὰρ,
814 3624 903 3677 ἵνα
952 3623 1215 3694 τρανώσω
1270 3622 1673 3695 παραδείγματι
1701 3624 1763 3678 τὸ
1798 3627 1927 3699 περὶ

358 3717 612 3791 Σωτῆρος
643 3717 851 3789 λεχθὲν,
883 3717 911 3768 ό
935 3716 1161 3787 φυσικός
1193 3733 1293 3787 μου
1331 3714 1491 3784 λόγος
1518 3718 1783 3788 συγγενής
1810 3719 1924 3771 ἐστι

358 3811 454 3865 καὶ
494 3808 830 3880 κατάλληλος
873 3807 985 3861 ὅντι
1030 3806 1232 3877 λογικῷ
1259 3823 1319 3860 τε
1353 3807 1446 3860 καὶ
1478 3806 1648 3879 νοερῷ
1672 3808 1773 3880 τὴν
1824 3809 1926 3878 ψυ-

359 3902 480 3974 χήνο
514 3895 583 3972 ἧς
631 3900 771 3953 κατὰ
799 3898 959 3967 φύσιν
1007 3900 1154 3952 ἐστὶν
1203 3898 1552 3969 αὐτοκίνητος
1591 3899 1838 3972 ἐνέργειά
1863 3918 1923 3955 τε

360 3988 455 4042 καὶ
481 3985 669 4058 πρώτη
702 3987 947 4054 δύναμις,
976 3987 1299 4057 ἀεικίνητος,
1323 3989 1352 4041 ὁ
1377 3986 1533 4056 λόγος
1561 3989 1806 4058 φυσικῶς
1824 3991 1922 4043 αὐ-

360 4078 459 4149 τῆς
489 4078 882 4148 πηγαζόμενος.
915 4079 1011 4130 Ὃν
1065 4079 1369 4155 ῥημαπίσας
1412 4096 1473 4131 τε
1511 4081 1606 4133 καὶ
1638 4086 1924 4152 γραμμαῖς

359 4166 419 4223 εὖ
449 4169 710 4241 χαράξας,
764 4168 981 4240 γλώσσῃ
1015 4171 1111 4240 μὲν
1136 4169 1459 4241 ὀργανικῶς,
1492 4172 1580 4223 ὅτε
1637 4173 1741 4242 χρὴ
1787 4184 1922 4245 προ-

360 4262 529 4333 φέρω,
559 4262 652 4315 καὶ
684 4261 971 4343 γράμμασι
1004 4261 1264 4331 τεχνικῶς
1291 4260 1377 4314 διὰ
1398 4260 1505 4315 τῶν
1528 4263 1792 4334 ἀνομοίων
1825 4266 1922 4336 μὲν

359 4353 671 4425 ὑπάρχοντα
722 4352 834 4423 (50)
862 4353 953 4406 καὶ
978 4352 1066 4405 διὰ
1091 4351 1199 4405 τῶν
1227 4353 1492 4423 ἀνομοίων
1537 4353 1611 4424 μὴ
1647 4356 1922 4425 τραπέντα

338 4448 569 4510 ντδεικνὺς
621 4446 783 4500 αὐτὸν
839 4444 1244 4516 ὲξακουόμενον.
1283 4446 1355 4497 Οὐ
1399 4444 1507 4517 γὰρ
1536 4445 1785 4517 γλώσσης
1830 4448 1922 4501 καὶ

2029 3304 2190 3359 datur
2218 3304 2358 3362 Deus
2406 3322 2547 3373 esse,
2577 3321 2675 3376 per
2702 3305 2973 3360 inﬁrmam
3020 3315 3212 3362 natura
3254 3322 3472 3364 carnem
3502 3323 3600 3379 per

2030 3409 2090 3449 se
2120 3409 2354 3465 operaus
2399 3398 2768 3453 universitatis
2793 3396 3045 3453 salutem.

2304 3507 2578 3577 Eiusdem,
2606 3525 2670 3564 ea;
2698 3510 2876 3563 eodem
2901 3526 3154 3565 sermone.
3196 3508 3315 3564 111.

2097 3620 2184 3676 Ill.
2236 3620 2450 3678 Etenim
2502 3631 2556 3677 et
2588 3623 2744 3690 mihi,
2802 3631 2862 3678 ut
2905 3623 3277 3692 paradigmate
3331 3622 3478 3693 quod
3525 3621 3593 3676 de

2028 3712 2309 3769 Salvatore
2362 3714 2567 3770 dictum
2625 3724 2709 3770 est
2762 3714 3083 3785 exprimam,
3115 3713 3380 3769 naturalis
3416 3728 3599 3769 sermo

2025 3818 2179 3858 meus
2206 3813 2470 3874 cognatus
2506 3811 2591 3858 est
2647 3813 2701 3857 et
2737 3810 3074 3872 competens,
3110 3816 3233 3855 cum
3287 3802 3389 3856 sim
3422 3799 3594 3854 ratio.

2025 3897 2166 3952 nalis
2213 3906 2267 3951 et
2300 3896 2677 3952 intellectualis
2714 3895 2925 3961 anima;
2965 3893 3122 3963 cujus
3161 3893 3458 3947 secundum
3493 3907 3595 3945 na-

2026 3996 2205 4043 turam
2240 3995 2324 4041 est
2356 4001 2387 4040 a
2414 4001 2473 4040 se
2521 3985 2738 4041 mobilis
2770 3982 3015 4053 operatio
3074 3998 3138 4037 ac
3183 3983 3357 4051 prima
3390 3983 3590 4046 virtus,

2026 4092 2240 4147 semper
2265 4077 2501 4145 mobilis,
2538 4092 2717 4132 sermo
2741 4075 3058 4129 naturaliter
3086 4088 3153 4128 ex
3191 4088 3254 4127 ea
3290 4074 3588 4142 proﬂuens.

2026 4172 2199 4239 Quem
2237 4171 2419 4226 verbis
2453 4170 2743 4240 prolatum,
2775 4176 2829 4223 et
2856 4168 3014 4222 lineis
3064 4173 3367 4227 exaratum,
3403 4166 3592 4234 lingua

2022 4264 2241 4335 quidem
2274 4262 2531 4333 organice
2561 4278 2684 4317 cum
2733 4269 2945 4329 oportet
2994 4259 3257 4328 produco,
3306 4266 3359 4311 et
3398 4257 3594 4312 litteris

2024 4355 2318 4412 artiﬁciose
2345 4353 2419 4425 (θ)
2472 4367 2569 4423 per
2605 4350 2951 4407 indissimilia
2979 4365 3089 4406 non
3130 4349 3502 4413 exsisteutem,
3538 4359 3593 4402 et

2022 4443 2381 4501 dissimilibus
2410 4459 2516 4498 non
2569 4442 2863 4514 fugientem
2910 4445 3204 4500 ostendens
3235 4459 3359 4499 eum
3390 4444 3592 4499 subau-

359 4542 695 4613 γραμμάτων
721 4542 750 4594 ὁ
782 4538 1006 4609 φυσικός
1029 4556 1129 4610 μου
1157 4537 1310 4606 λόγος
1339 4538 1474 4599 ἐστὶ,
1504 4539 1606 4591 κᾶν
1648 4538 1716 4591 δι’
1743 4539 1919 4595 αὐτῶν

2032 4537 2218 4593 ditum.
2270 4533 2390 4588 Non
2431 4534 2574 4589 enim
2615 4535 2814 4605 linguae
2854 4551 2920 4590 ac
2973 4535 3274 4589 litterarum
3324 4534 3590 4589 naturalis

358 4632 520 4685 αὐτοῦ
572 4630 828 4701 ποιοῦμαι
875 4630 974 4701 τὴν
1003 4629 1299 4701 προφορὰν·
1334 4628 1446 4681 ἀλλ’
1489 4628 1623 4699 ἐμοῦ
1651 4630 1744 4683 τοῦ
1776 4632 1915 4684 κατὰ

358 4722 516 4791 φύσιν
575 4722 880 4787 λαλοῦντος,
937 4720 1032 4775 καὶ
1085 4721 1150 4773 δι’
1184 4721 1383 4791 ἀμφοῖν
1443 4720 1604 4773 αὐτὸν
1651 4720 1728 4785 ὡς
1782 4722 1915 4791 ἐμὸν

355 4814 719 4882 ἐκφωνῶντος
738 4831 750 4843 ·
777 4814 877 4884 τῆς
903 4812 1000 4883 μὲν
1025 4811 1214 4882 νοερᾶς
1249 4828 1349 4882 μου
1370 4810 1547 4882 ψυχῆς
1572 4812 1812 4880 φυσικῶς
1839 4815 1926 4865 ἀεὶ

423 4932 469 4964 ⁸³
508 4932 698 4987 Matth.
734 4947 881 4991 xxvr.
912 4932 1002 4987 42.

298 5094 301 5097 _
425 5025 536 5100 (24)
577 5026 1017 5100 Ἐκςρυομένηνε
1044 5046 1063 5078 ε
1087 5025 1366 5100 Epatam.»
1405 5024 1541 5082 Male
1584 5026 1737 5093 edit.,
1777 5045 1913 5085 «co-

354 5098 571 5170 gnatam
598 5100 614 5165 (
637 5098 714 5170 al._
740 5099 1084 5170 cognitam.»
1112 5098 1345 5170 ϐοηθεῖ.

424 5169 535 5241 (25)
558 5165 863 5241 Μεμένηριε
910 5165 1238 5241 τὴῄφύσιν
1284 5166 1382 5241 καὶ
1432 5165 1545 5235 τὴν
1582 5167 1907 5241 (ἐνέργειαν,

353 5236 588 5321 ρειξηὶῂο
621 5236 904 5321 legendum
951 5236 1522 5321 δίωμαι-..μεμένηκεν
1574 5236 1740 5321 ἣγομν
1775 5238 1913 5310 σὰρξ

256 5374 259 5377 Α
348 5308 579 5379 ἀσθενὴς
632 5306 724 5361 καὶ
767 5306 980 5378 παθητὴ
1012 5307 1107 5378 τὴν
1136 5306 1421 5377 φύσινκαὶ
1470 5307 1567 5378 τὴν
1598 5306 1908 5379 ἐνέργειαν.

353 5383 682 5434 Surenam.

421 5448 531 5523 (26)
556 5448 634 5523 [ὁ
798 5446 1056 5523 Ιζνεῦμᾳ,
1074 5465 1147 5523 ικ.
1194 5464 1246 5500 τ.
1270 5450 1341 5523 ..2.
1364 5445 1639 5523 _S_piritus,
1672 5448 1734 5501 τὸ
1783 5466 1911 5520 νοη-

270 5518 273 5521 ’
347 5515 440 5575 τόν
467 5515 809 5589 inChristo,
832 5519 959 5585 ipsa
1002 5518 1204 5584 deitas;
1241 5515 1320 5572 sic
1349 5517 1549 5572 Athan.
1583 5524 1725 5585 ete.‘;
1757 5515 1906 5589 caro,

347 5590 408 5645 τὸ
438 5588 726 5662 ὁρώμενον.
754 5587 1039 5662 Counsrts.

423 5654 565 5730 (2’7)’
618 5657 1036 5713 Ἐπιστώσατο.
1107 5675 1126 5710 ι
1180 5654 1478 5724 Probavit,
1514 5714 1515 5717 η
1549 5660 1843 5729 persuasit.
1882 5679 1903 5712 ›

348 5729 528 5868 Βλὲἓ)
555 5792 662 5864 Ἦς
684 5839 699 5854 .
725 5838 738 5853 .
764 5838 778 5851 .
811 5800 1173 5868 πειθόμενος.
1206 5763 1331 5852 llaec
1360 5798 1414 5852 in
1446 5797 1598 5851 editt.
1627 5796 1903 5852 Sirmond.

349 5879 401 5921 et
453 5868 660 5923 Fabric.
720 5871 857 5924 male
900 5870 1396 5937 omittuntur,qua:
1456 5868 1701 5935 agnoscit
1733 5870 1913 5922 inter-.

2022 4642 2201 4685 sermo
2224 4640 2378 4681 meus
2408 4637 2510 4691 est,
2560 4627 2684 4681 licet
2714 4641 2810 4695 per
2838 4642 2931 4682 eas
2968 4627 3138 4697 ipsius
3171 4626 3433 4683 faciamus
3458 4641 3589 4697 pro-

2022 4719 2458 4785 nuntiationem;
2490 4717 2585 4774 sed
2636 4734 2809 4783 meus,
2846 4719 2971 4789 quia
3006 4720 3302 4775 secundum
3336 4727 3586 4774 naturam

2033 4813 2250 4883 loquor,
2273 4821 2326 4866 et
2351 4825 2446 4880 per
2480 4819 2739 4880 utrasque
2765 4811 2916 4865 illum
2950 4819 3010 4865 ut
3040 4826 3220 4865 meum
3256 4811 3585 4882 pronuntio:

2009 5046 2160 5098 pres.
2185 5059 2256 5100 έ-
2279 5027 2438 5100 Forte
2470 5028 2576 5098 leg.
2610 5026 2954 5100 πειθόμενον,
2989 5008 3146 5083 υιάτι
3179 5028 3338 5098 γένος
3384 5026 3588 5082 refera-

2010 5110 2120 5156 tur.
2155 5099 2315 5155 Εοιτ.
2349 5099 2594 5156 ΡΑτιιοιι.

2086 5212 2215 5288 (29)-
2255 5211 2365 5288 Καὶ
2409 5210 2481 5264 τὰ
2520 5213 2979 5288 κατόὐραῂοὺς.
3043 5209 3205 5288 Atqui
3238 5208 3414 5288 angeli
3458 5216 3583 5288 ante

2013 5278 2218 5358 (Elii-isti
2256 5278 2753 5358 incoqporatiqneni
2786 5284 3001 5358 alioque
3028 5278 3219 5358 ordine
3251 5278 3576 5358 conﬁrmati:

2012 5354 2251 5428 ρομοεῖ.
2279 5381 2376 5428 -—_-
2393 5348 2717 5428 Respexisse
2762 5348 2976 5428 videtur
3025 5348 3391 5428 S._Pa.ter‘_ad
3445 5348 3575 5401 illud

2015 5422 2213 5492 Ephes.
2250 5422 2384 5498 1,10
2420 5441 2433 5476 :
2478 5418 2579 5476 (In
2623 5422 3031 5498 dispensatione
3058 5418 3412 5498 plenitudinis
3440 5428 3576 5471 tem-

2034 5490 2234 5558 iorum,
2265 5495 2572 5547 instaurare
2605 5490 2787 5546 omnia
2844 5493 2898 5544 in
2943 5490 3181 5554 Christo,
3215 5502 3337 5556 qua:
3382 5490 3437 5540 in
3469 5503 3575 5543 coe-

2036 5565 2102 5624 is,
2135 5572 2189 5618 et
2218 5579 2339 5632 qua:
2371 5563 2425 5616 in
2450 5572 2592 5616 terra
2619 5572 2768 5627 sunt,
2796 5563 2849 5614 in
2883 5562 3053 5629 ipso.»

2085 5656 2194 5725 (130)
2216 5653 2343 5708 Μὲν
2362 5653 2729 5725 ὑπάρχοντα.
2758 5650 3079 5705 Anastasius
3098 5648 3226 5725 legit
3240 5648 3334 5721 μή.
3356 5647 3420 5703 Ει
3450 5664 3569 5725 mox

2014 5720 2296 5796 ποιοῦμεν.
2336 5791 2346 5796 _
2383 5720 2741 5796 Cotttlielisius
2822 5730 2999 5796 tamen
3070 5720 3240 5774 edidit
3304 5720 3576 5796 ποιουμέτ

2013 5812 2104 5847 νου
2126 5787 2409 5858 ;atqueita
2436 5795 2825 5862 interpretatur
2849 5808 2862 5844 :
2896 5809 2913 5842 ε
2941 5791 3067 5845 licet
3095 5806 3191 5859 per
3212 5805 3305 5845 eas
3320 5787 3577 5862 (litteras)

2018 5864 2194 5932 ipsum
2226 5863 2575 5929 (sermonem)
2606 5861 2874 5915 nrofero»
