4134 6422
527 324 721 423 833'

1177 362 1234 418 S.
1278 356 1647 416 HlPPOLYTl
1690 356 1839 411 OPP.
1881 353 2061 410 PARS
2102 353 2169 409 ll.
2211 385 2280 393 —
2318 353 2622 411 DOGMAT.
2662 352 2750 408 ET
2787 352 3126 410 lllSTORlC.

3567 322 3795 408 αδδς

528 486 600 540 ab
636 480 986 539 intellectuali
1025 478 1243 549 quidem
1283 477 1466 531 anima
1496 490 1617 530 mea
1648 487 1864 543 semper
1893 480 2109 526 natura-

2229 472 2610 543 πηγαζόμενον·
2648 470 2735 524 διὰ
2788 469 2846 523 δὲ
2883 468 2982 540 τῆς
3011 467 3327 541 σωματικῆς
3381 485 3481 540 μου
3538 465 3797 538 γλώσσης

529 578 655 631 liter
719 575 1019 630 derivatum
1051 614 1067 640 ,
1120 588 1215 643 per
1272 570 1611 641 corporalem
1668 581 1800 622 vero
1867 565 2129 635 linguam

532 684 709 722 meam
740 666 1017 736 organice,
1053 673 1113 719 ut
1159 665 1295 730 dixi,
1328 680 1452 718 cum
1484 667 1718 732 oportet,
1762 659 2107 730 productum.

532 758 691 815 Sicut
716 772 845 827 ergo
896 756 951 809 in
982 756 1162 819 nobis,
1190 766 1456 824 quantum
1507 753 1571 827 (ι)
1615 755 1886 810 aestimare
1918 770 2115 825 possu—

530 867 658 906 mus
687 849 834 921 quod
885 850 1061 905 modis
1104 849 1362 905 omnibus
1422 858 1507 905 est
1564 847 1965 915 inaestimabile,
2018 863 2115 918 per

530 938 868 1009 corporalem
898 938 1139 1010 linguam
1167 947 1409 993 nostram
1444 939 1953 1003 inconvertibiliter,
1990 954 2114 1009 qum

532 1028 836 1087 secundum
869 1041 1122 1085 naturam
1150 1040 1256 1099 est,
1301 1033 1496 1085 animae
1533 1031 1876 1086 rationabilis
1911 1031 2116 1101 produ-

532 1125 676 1179 citur
700 1124 910 1178 virtus:
963 1124 1037 1177 ita
1077 1122 1223 1178 etin
1274 1124 1512 1193 gloriosa
1568 1122 1665 1178 Dei
1714 1124 2113 1189 incarnatione,

533 1230 630 1285 per
659 1215 1062 1269 sanctissimam
1120 1229 1341 1271 carnem
1400 1232 1557 1271 suam
1606 1216 1661 1271 in
1691 1217 2117 1287 quibuscuuque

531 1305 715 1359 divine
736 1314 1079 1374 operaretur,
1127 1306 1246 1360 sine
1283 1294 1745 1360 convertibilitate
1773 1307 2119 1376 omnipoten-

532 1396 649 1450 tiva
679 1404 734 1450 et
783 1403 1105 1450 cunctorum
1137 1395 1359 1456 (activa.
1393 1395 1563 1450 totius
1624 1393 1844 1449 deitatis
1875 1394 2118 1463 operatio

535 1489 982 1561 monstrabatur,
1042 1489 1248 1558 absque
1288 1489 1439 1542 omni
1504 1486 1807 1543 secundum
1864 1498 2117 1542 naturam

534 1581 1042 1650 cnrcumscriptione
1094 1596 1440 1650 permanens,
1474 1580 1552 1652 (κ)
1596 1581 1722 1656 licet
1748 1596 1846 1651 per
1897 1595 2118 1635 carnem

535 1670 766 1742 fuigerct
797 1681 991 1725 natura
1024 1671 1412 1726 circnmlinita.
1444 1670 1562 1727 Non
1596 1673 1741 1728 enim
1774 1671 2121 1727 circumscri-

537 1764 683 1817 bitur
705 1763 910 1818 l'actitia
934 1774 1129 1818 natura
1158 1763 1300 1834 quod
1319 1764 1618 1836 secundum
1639 1772 1890 1818 naturam
1916 1763 2119 1818 factum

537 1871 649 1923 non
684 1866 788 1921 est,
814 1856 941 1911 licet
963 1855 1037 1926 (λ)
1063 1857 1340 1910 cooriatur
1366 1856 1416 1910 ei
1441 1871 1535 1926 per
1562 1856 1975 1926 conceptionem
2004 1871 2116 1910 om-

2214 563 2539 637 όργανικῶς,
2576 562 2651 627 ὼς
2677 562 2833 633 ἔφην,
2855 563 2949 633 ὅτε,
2986 560 3091 632 χρὴ
3123 559 3546 633 προφερόμενον.
3578 560 3822 631 Ὦσπερ’

2214 652 2307 710 οὖν
2342 655 2453 727 (51)
2483 656 2566 724 ἐφ’
2595 654 2771 726 ἡμῶν,
2807 654 2929 707 ὅσον
2975 651 3193 707 εἰκάσαι
3242 652 3302 705 τὸ
3330 651 3607 716 παντελῶς
3641 650 3795 705 ἀνείς
3856 666 3865 669 ‘

2216 757 2437 807 καστον,
2460 741 2548 795 διὰ
2568 741 2666 814 τῆς
2699 739 3018 813 σωματικῆς
3046 741 3204 813 ἡμῶν
3231 738 3480 812 γλώσσης
3502 740 3795 814 ἀτρέπτως

2214 841 2247 909 ἡ
2279 838 2421 892 κατὰ
2458 836 2619 908 φύσιν
2669 836 2770 907 τῆς
2802 836 2981 908 ψυχῆς
3025 835 3215 907 λογικὴ
3264 836 3597 908 προφέρεται
3635 835 3798 889 δύνα-

2219 949 2329 1003 μις·
2366 928 2628 987 οὕτωκαὶ
2679 929 2773 983 ἐπὶ
2819 929 2919 999 τῆς
2948 928 3264 1000 ὑπερφυοῦς
3298 926 3393 981 τοῦ
3422 927 3560 982 Θεοῦ
3616 940 3799 998 σωμαο
3828 959 3836 967 σ

2215 1023 2456 1088 τὼσεως,
2491 1019 2580 1077 διὰ
2606 1022 2707 1092 τῆς
2751 1020 2916 1077 αὐτοῦ
2961 1022 3239 1096 Δπαναγίας
3272 1020 3495 1092 σαρκὸς,
3533 1021 3592 1073 ὲν
3622 1014 3702 1083 οἷς
3726 1014 3796 1073 ἂν

2218 1114 2417 1179 θεῖκῶς
2462 1098 2755 1187 ἐνήργησε,
2805 1113 2927 1185 δίχα
2987 1113 3195 1186 τροπῆς
3224 1114 3258 1184 ὴ
3297 1106 3793 1185 παντοκρατορικὴ,

2218 1208 2313 1261 καὶ
2344 1207 2451 1261 τῶν
2475 1206 2611 1260 ὅλων
2648 1206 2905 1278 ποιητικὴ
2933 1204 3033 1277 τῆς
3082 1204 3211 1277 ὅλης
3255 1203 3506 1275 θεότητος
3545 1203 3797 1273 ἐνέργεια.

2160 1335 2164 1339 ‹
2218 1298 2577 1353 διαδείκνυται
2602 1344 2607 1347 .
2634 1298 2770 1371 (52),
2828 1299 3008 1369 πάσης
3065 1297 3220 1361 ὲκτὺς
3253 1295 3395 1350 κατὰ
3442 1294 3607 1366 φύσιν
3640 1311 3798 1368 περι-

2219 1390 2438 1463 γραφῆς
2462 1390 2811 1462 διαμένουσα,
2836 1388 2941 1444 κᾶν
2975 1388 3064 1444 διὰ
3103 1389 3307 1462 σαρκὸς
3330 1387 3599 1461 διέλαμψε
3631 1385 3795 1457 φύσει

2221 1470 2647 1558 πεπερασμένης
2679 1484 2816 1559 (55).
2859 1485 2935 1539 Οὐ
2966 1484 3076 1555 γὰρ
3115 1484 3326 1553 πέφυκε
3355 1479 3797 1554 περιγράφεσθαι

2221 1580 2422 1650 γενητῇ
2453 1570 2617 1648 φύσει
2646 1578 2707 1632 τὸ
2766 1577 2910 1633 κατὰ
2945 1576 3105 1647 φύσιν
3135 1576 3415 1653 ἀγένητον⁵
3462 1575 3565 1630 κᾶν
3597 1575 3797 1644 συνέφυ

2223 1671 2372 1742 αὐτῷ
2423 1671 2566 1733 κατὰ
2608 1669 2893 1741 σύλληψιν.
2936 1668 3115 1723 πάντα
3151 1667 3596 1739 περιγράφουσαν
3648 1663 3793 1720 νοῦνο

2222 1763 2346 1818 οὔτε
2373 1766 2478 1836 μὴν
2516 1764 2596 1827 εἰς
2642 1763 2688 1816 τ’
2713 1760 2875 1817 αὐτὸν
2932 1759 3081 1832 αὐτῷ
3135 1759 3397 1830 φέρεσθαι
3428 1757 3539 1829 (54)
3584 1756 3800 1828 φύσεώς

2222 1875 2350 1911 ποτε
2377 1858 2472 1911 καὶ
2503 1854 2738 1927 φυσικῆς
2789 1852 3092 1928 ἐνεργείας,
3142 1851 3248 1917 ἕως
3297 1851 3363 1906 ἂν
3407 1850 3666 1922 ἑκάτερον
3696 1846 3800 1920 τῆς

539 1962 665 2001 nem
716 1963 939 2002 sensum
975 1948 1514 2004 circumscribentem
1543 1965 1557 2012 ;
1618 1946 1704 2019 (μ)
1738 1963 1839 2003 nec
1864 1947 2030 2004 etiam
2063 1947 2120 2002 in

2229 1948 2361 2013 ίδίας
2392 1946 2544 2011 ἐντὸς
2576 1947 2729 2020 μένει
2772 1947 3006 2018 φυσικῆς
3037 1945 3320 2018 ἀτρεψίας.
3376 1943 3659 2015 Ὀμοφυῶν
3687 1943 3800 2015 γὰρ

538 2039 729 2112 eodem
789 2040 908 2110 ipso
942 2038 1046 2095 sibi
1092 2049 1289 2095 natura
1290 2039 1585 2133 ἃἐιὶίΐεςιιιιυ
1619 2039 1913 2110 aliquando
1943 2049 1997 2095 et
2029 2053 2124 2094 na-

2229 2042 2400 2114 μόνων
2452 2043 2486 2112 ἡ
2518 2039 2850 2111 ταυτουργός
2894 2040 3010 2092 ἐστι
3062 2037 3278 2111 κίνησις
3335 2035 3668 2109 σημαίνουσα
3697 2037 3799 2107 τὴν

538 2130 733 2185 tnralis
769 2131 1036 2200 operatio,
1082 2130 1258 2186 donec
1650 2131 1795 2186 intra
1845 2130 2118 2202 propriam

541 2232 725 2278 manet
758 2223 1058 2279 naturalem
1105 2223 1363 2280 inconver
1490 2202 1696 2282 itaiem.
1735 2224 1808 2282 (vl
1840 2224 2119 2281 Conualu-

2229 2109 2432 2197 οὐσίαν,
2475 2109 2551 2206 -ἦς
2599 2109 2803 2203 φυσικὴ
2860 2109 3447 2217 καθέστηκεήδύναμις,
3474 2127 3799 2202 έτεροφυοῦς

2229 2225 2485 2282 ἰδιότητος
2507 2225 2695 2282 οὐσίας
2718 2220 2857 2278 εἶναι
2910 2223 3031 2279 κατ’
3054 2221 3246 2277 οὐδένα
3270 2222 3450 2282 λόγον.
3477 2221 3511 2282 ἦ
3544 2223 3797 2282 γενέσθαι

541 2232 725 2278 manet
758 2223 1058 2279 naturalem
1105 2210 1696 2282 inconvermnatem.
1735 2224 1808 2298 (v)
1840 2224 2119 2281 Conualu-

2229 2225 2485 2297 ἰδιότητος
2507 2225 2695 2289 οὐσίας
2718 2220 2857 2278 εἶναι
2910 2223 3031 2279 κατ’
3054 2210 3246 2277 οὐδένα
3270 2222 3450 2295 λόγον,
3477 2221 3511 2295 ἢ
3544 2223 3797 2294 γενέσθαι

541 2315 740 2370 ralium
769 2317 915 2370 enim
950 2324 1161 2377 tantum
1192 2330 1284 2385 per
1312 2331 1371 2371 se
1403 2332 1636 2387 operans
1660 2326 1743 2373 est
1772 2327 1976 2383 motus,
2008 2332 2120 2371 ma-

2229 2317 2349 2388 δίχα
2370 2318 2577 2389 τροπῆς
2599 2314 2923 2389 δυναμένην.
2962 2320 2967 2326 ’
3458 2390 3469 2394 ⁸

543 2408 814 2465 nifeslans
878 2410 1275 2477 substantiam,
1328 2411 1487 2480 cujus
1516 2414 1821 2467 naturalem
1849 2420 2066 2468 constat
2108 2427 2230 2468 esse
2259 2413 2544 2480 virtutem;
2578 2412 2807 2473 diversa:
2862 2421 3073 2466 naturae
3105 2408 3454 2481 pr0prietatis
3499 2406 3802 2465 substantia

543 2507 688 2560 nulla
720 2506 933 2562 ratione
949 2522 1070 2562 esse
1095 2507 1175 2562 vel
1207 2506 1325 2562 ﬁeri
1356 2509 1474 2563 sine
1503 2508 1960 2564 convertibilitate
1984 2508 2215 2564 valente.
2819 2492 2822 2495 Δ

829 2627 1104 2698 Ejusdem,
1131 2644 1197 2683 ea!
1220 2627 1400 2683 eodem
1439 2646 1697 2684 sermone.
1731 2629 1836 2684 IV.

615 2740 703 2797 IV.
732 2726 1052 2814 Mysterium
1090 2757 1329 2812 namque
1361 2742 1559 2797 divinae
1586 2742 1980 2800 incarnationis
1999 2757 2128 2814 apo-

542 2836 701 2891 stolis
738 2847 795 2890 et
818 2837 1102 2906 prophetis
1131 2845 1297 2907 atque
1335 2837 1653 2892 doctoribus
1700 2836 1918 2906 duplam
1951 2852 2016 2893 ac
2048 2837 2126 2892 di-

2445 2628 2556 2684 Τοῦ
2583 2626 2791 2693 αὐτοῦ,
2824 2625 2894 2680 ἐκ
2938 2624 3046 2680 τοῦ
3067 2624 3255 2681 αὐτοῦ
3299 2626 3507 2695 λόγου.
3529 2625 3593 2679 δ’.

2300 2744 2375 2800 To
2396 2744 2505 2817 γὰρ
2550 2742 2846 2815 μυστήριον
2886 2736 2987 2812 τῆς
3018 2739 3166 2803 Θείας
3195 2738 3545 2808 σαρκώσεως,
3571 2734 3798 2793 ἀποστόο

2226 2838 2341 2902 λοις
2372 2855 2453 2903 τε,
2484 2838 2579 2892 καὶ
2619 2834 2947 2907 προφήταις,
2978 2832 3073 2885 καὶ
3110 2830 3473 2895 διδασκάλοις,
3506 2831 3685 2904 διττὴν
3712 2833 3807 2886 καὶ

546 2942 762 2981 versam
821 2927 875 2981 in
933 2928 1191 2983 omnibus
1241 2927 1442 2982 habere
1499 2927 1806 2981 naturalem
1854 2927 2123 2983 tlieoriam

2229 2931 2491 3004 διαφορὰν
2511 2928 2632 3002 ἔχον
2660 2928 2981 2996 διέγνωσται
3007 2925 3106 2997 τὴν
3140 2926 3200 2978 ὲν
3242 2926 3376 2979 πᾶσι
3418 2924 3648 2996 φυσικὴν
3676 2925 3806 2979 θεω-

544 3017 909 3088 dignoscitur,
941 3033 1065 3072 cum
1097 3019 1169 3078 sit
1191 3018 1449 3089 perfectae
1492 3018 1713 3073 deitatis
1736 3027 1789 3072 et
1814 3019 1989 3089 plenae
2027 3019 2125 3073 de-

2229 3024 2371 3098 ρίαν·
2402 3020 2719 3083 ἀνελλιποῦς
2746 3018 2991 3090 ὑπάρχον
3024 3015 3299 3089 θεότητος,
3332 3018 3426 3071 καὶ
3463 3016 3701 3090 πλήρους
3721 3019 3803 3071 ἔνο

546 3108 967 3162 monstrativum
1033 3108 1415 3164 humanitatis.
1494 3108 1567 3180 (ξ)
1638 3107 1883 3175 Quarum
1952 3110 2128 3165 donec

2230 3116 2499 3171 δεικτικὸν
2545 3112 2966 3187 ἀνθρωπότητος
3006 3109 3085 3164 δν.
3142 3111 3286 3176 Ἕως
3328 3109 3395 3166 ἂν
3439 3111 3537 3183 οὐχ
3581 3110 3691 3183 (35)
3730 3106 3806 3173 εἷς

490 3250 491 3253 η
547 3217 719 3255 unum
755 3203 1056 3258 secundum
1092 3202 1458 3257 substantiam
1496 3216 1606 3256 non
1638 3203 1918 3273 cognitum
1964 3200 2130 3257 fuerit

548 3292 788 3349 Verbum
822 3294 989 3350 unius
1012 3295 1371 3364 operationis,
1394 3310 1520 3350 cum
1556 3294 1842 3365 utriusque
1871 3294 1962 3362 sit,
1984 3311 2128 3349 nun-

547 3400 715 3456 quam
768 3376 1066 3457 aliquando
1118 3397 1480 3458 cognoscetur
1526 3396 1730 3444 motus.
1780 3388 1917 3443 Cum
1980 3388 2129 3444 enim

548 3493 763 3548 semper
789 3480 1089 3535 secundum
1117 3489 1369 3533 naturam
1399 3479 1627 3535 exsistat
1646 3478 1809 3546 Deus,
1839 3480 2131 3550 superinli-

552 3571 666 3624 nita
693 3572 895 3626 virtute
924 3569 1124 3634 factus,
1158 3570 1301 3625 sicut
1326 3570 1518 3637 voluit,
1551 3570 1716 3625 homo
1739 3571 1860 3626 sine
1890 3582 2134 3640 peccato,

553 3662 706 3732 quod
748 3670 866 3716 erat
909 3671 1015 3729 est,
1047 3678 1172 3717 cum
1205 3665 1425 3732 quantis
1470 3663 1820 3734 cognoscitur
1857 3662 2046 3719 Deus:
2083 3672 2139 3719 et

556 3756 703 3825 quod
733 3754 911 3810 factus
939 3763 1045 3817 est,
1102 3764 1186 3810 est
1211 3771 1333 3809 cum
1374 3756 1596 3825 quantis
1638 3769 1762 3811 esse
1788 3756 2138 3826 cognoscitur

557 3847 749 3901 homo.
782 3845 1201 3919 (olSecundum
1236 3857 1530 3916 utrumque
1553 3861 1712 3901 suum
1766 3861 1982 3915 semper
2013 3861 2136 3915 per-

555 3952 785 3992 manens
819 3938 938 3993 sine
966 3953 1122 4001 casu,
1157 3937 1359 4007 quibus
1381 3936 1564 3992 divine
1593 3936 1797 4006 pariter
1819 3945 1873 3992 et
1895 3936 2134 4007 humane

554 4038 814 4107 operatus
865 4039 979 4099 est;
1047 4029 1441 4101 perfectionem
1506 4044 1602 4100 per
1658 4044 1874 4084 omrem
1937 4028 2135 4084 utrius-

555 4139 664 4193 que
690 4118 959 4180 rationem
1000 4124 1099 4179 sibi
1134 4124 1461 4180 naturaliter
1490 4122 1996 4180 incommutabilem
2020 4123 2130 4179 sal-

554 4231 712 4273 V305.

862 4327 1143 4400 Ejusdem,
1167 4343 1234 4383 ea;
1259 4329 1440 4383 eodem
1465 4342 1723 4383 sermone.
1762 4324 1825 4382 V.
1927 4313 1933 4319 ’

627 4439 695 4495 V.
723 4439 865 4495 Bero
885 4441 1033 4496 enim
1065 4440 1287 4512 quidam
1329 4455 1525 4510 nuper,
1553 4449 1608 4495 et
1636 4438 1729 4494 alii
1758 4437 2005 4509 quidam,
2027 4435 2129 4492 Va-

2233 3212 2373 3265 κατὰ
2420 3209 2515 3282 τὴν
2548 3209 2733 3263 οὐσίαν
2764 3205 3089 3277 γνωρίζεται
3140 3203 3312 3274 Λόγος
3347 3205 3476 3276 μιᾶς
3511 3203 3807 3277 ἐνεργείας,

2232 3302 2489 3356 οὐδέποτε
2553 3300 2674 3355 καθ’
2727 3297 2905 3353 ὁτιοῦν
2956 3295 3282 3369 ἀμφοτέρων
3330 3296 3700 3368 γνωσθήσεται
3723 3294 3809 3350 κί-

2234 3413 2409 3467 νησις.
2476 3395 2545 3450 ..Ὀ
2603 3393 2716 3466 γὰρ
2767 3392 2858 3447 ἀεὶ
2908 3391 3051 3446 κατὰ
3110 3391 3273 3461 φύσιν
3335 3389 3593 3461 ὑπάρχων
3643 3386 3808 3450 Θεὸς.

2237 3488 2593 3560 ὑπεραπείρῳ
2620 3486 2844 3559 δυνάμει
2874 3485 3169 3557 γενόμενος
3197 3485 3274 3550 ὡς
3308 3483 3571 3556 ἠθέλησεν
3595 3482 3810 3553 ἄνθρωο

2237 3598 2339 3644 aro;
2376 3580 2777 3650 ἀναμάρτητος,
2813 3578 2951 3651 ὅπερ
3008 3573 3078 3650 ἦν
3109 3579 3249 3642 ἐστι,
3280 3577 3398 3649 μεθ’
3439 3578 3578 3632 ὅσων
3605 3575 3805 3630 νοεῖται

2233 3672 2384 3736 Θεός·
2415 3672 2508 3725 καὶ
2536 3672 2674 3743 ὅπερ
2712 3669 2957 3739 γέγονεν,
2986 3670 3114 3725 ἐστὶ
3147 3669 3266 3740 μεθ’
3311 3668 3449 3721 ὅσων
3476 3667 3673 3720 νοεῖται
3711 3665 3807 3718 καί

2233 3763 2595 3837 γνωρίζεσθαι
2621 3763 2864 3834 πέφυκεν
2911 3761 3215 3833 ἄνθρωπος·
3243 3757 3433 3813 ἑαυτοῦ
3458 3757 3583 3812 καθ’
3616 3744 3822 3811 ἑκάτεέ

2237 3874 2326 3929 ρον
2374 3857 2462 3909 ἀεὶ
2514 3856 2692 3928 μένων
2745 3854 3110 3917 άνέκπτωτος,
3155 3846 3236 3916 οἷς
3267 3850 3463 3915 θεῖκῶς
3510 3848 3650 3922 ὁμοῦ
3711 3848 3807 3902 καὶ

2240 3947 2597 4020 ἀνθρωπίνως
2663 3948 2970 4019 ἐνήργησε,
3045 3945 3249 3998 τέλειον
3319 3942 3462 3998 κατὰ
3529 3941 3621 3996 τὸν
3669 3936 3813 3995 ha.-

2238 4040 2400 4114 τέρου
2467 4039 2624 4109 λόγον
2681 4039 2870 4105 σώζων
2940 4037 3135 4094 ἑαυτοῦ
3203 4036 3450 4107 φυσικῶς
3526 4033 3814 4090 ἀναλλοίω-

2238 4149 2349 4187 τον.

2348 4354 2353 4361 ·
2460 4330 2570 4385 Τοῦ
2600 4330 2807 4395 αὑτοῦ,
2840 4330 2907 4384 ἐκ
2940 4330 3046 4385 τοῦ
3091 4331 3280 4385 αὑτοῦ
3303 4330 3508 4400 λόγου.
3540 4334 3602 4381 ε’.

2312 4444 2507 4517 Βήρων
2553 4444 2663 4517 γάρ
2701 4461 2784 4507 τις
2831 4442 3081 4516 ἔναγχος,
3138 4443 3256 4515 μεθ’
3281 4443 3480 4513 ἑτέρων
3507 4439 3687 4505 τινῶν,
3715 4441 3818 4513 τὴν

561 4531 752 4586 lentini
775 4531 1064 4602 phantasia
1083 4531 1603 4611 deserta,deteriori
1638 4529 1835 4585 irretiti
1859 4537 1990 4584 sunt
2007 4544 2128 4599 pra-

2240 4537 2555 4591 Βαλεντίνου
2590 4535 2887 4610 φαντασίαν
2918 4536 3166 4604 ἀφέντες,
3214 4534 3415 4605 χείρονι
3447 4530 3602 4602 κακῷ
3653 4549 3815 4586 κατε-

560 4624 736 4688 vitati,
768 4625 1013 4679 dicentes
1044 4635 1381 4695 assumptam
1408 4639 1446 4678 -a
1478 4620 1662 4679 Verbo
1690 4637 1938 4688 carnem,
1964 4620 2137 4676 fuisse

560 4714 751 4770 eadem
785 4730 908 4785 quae
940 4714 1198 4770 divinitas
1221 4723 1444 4785 operata
1474 4724 1559 4769 est
1583 4722 1862 4784 operatam
1901 4730 1915 4767 ε
1949 4709 2141 4767 divini-

563 4815 728 4862 tatem
757 4822 889 4863 vero
923 4807 1365 4876 compassibilcm
1425 4805 1577 4862 carni
1611 4815 1833 4875 propter
1893 4800 2142 4861 exinani-

562 4900 805 4968 tionem;
828 4899 1341 4956 convertibilitatem
1365 4898 1613 4953 simuLet
1662 4893 2102 4951 commistionem
2122 4933 2139 4959 ,

564 5007 662 5048 seu
696 4991 1098 5056 confusionem,
1133 5002 1299 5062 atque
1342 4990 1630 5059 utriusque
1676 4989 1729 5042 in
1758 4988 1989 5049 invicem
2028 5002 2143 5041 mu-

564 5085 827 5140 tationem
864 5084 1332 5156 'dogmatizantes.
1391 5081 1450 5135 Si
1506 5080 1654 5136 enim
1700 5089 1981 5149 assumpta
2012 5091 2143 5134 caro

638 5238 749 5313 ‘5!)
783 5243 1007 5312 Ὠσπερ
1033 5240 1165 5299 οὖν.
1190 5239 1530 5311 Nicepliorus
1551 5236 1880 5313 patriarcha
1912 5235 2023 5313 (ΞΡ.
2058 5237 2138 5292 ci-

567 5307 658 5387 tat"
681 5307 824 5368 hunc
858 5307 1036 5387 locum
1062 5316 1115 5368 in
1140 5314 1279 5367 libro
1324 5307 1957 5387 contrauimpugnatores
2004 5307 2145 5387 ima-

567 5384 777 5452 ginum,
819 5386 911 5454 qui
973 5401 1078 5440 ms.
1128 5390 1306 5439 exstat
1332 5381 1386 5434 in
1424 5376 1755 5434 bibliotheca
1798 5376 1968 5446 Regia
2000 5388 2053 5432 et
2083 5378 2141 5432 in

568 5454 901 5510 Colbertina.
930 5454 1191 5510 SIRIOND.

641 5524 1222 5595 (52)”Atadeixrvtat.
1274 5519 1508 5593 Legebat
1534 5517 1861 5573 Anastasius
1911 5515 2139 5570 διεδείκ-

570 5594 739 5647 νυτοζ
764 5594 927 5649 BAUN.

649 5665 758 5735 (55)
786 5662 1281 5735 Hszepaopémq.
1303 5660 1465 5735 Addit
1496 5658 1834 5735 Nicephorus
1866 5655 2007 5735 hanc
2040 5655 2143 5735 ad-_

575 5725 906 5805 notationem
934 5725 956 5788 :-
978 5804 981 5805 ν
1004 5725 1345 5805 Σημειωτέον
1388 5732 1471 5805 ὅτι
1500 5729 1562 5782 τὸ
1595 5725 2056 5805 πεπερασμένης
2094 5728 2142 5778 τ’

575 5804 738 5861 αὐτόν
779 5807 892 5857 ἐστι
920 5804 997 5877 τῷ
1021 5800 1589 5876 περιγεγραμμένη.
1617 5804 1870 5868 διιιιιοινι).

2241 4629 2520 4701 πάρησαν,
2545 4626 2816 4697 λέγοντες,
2843 4626 2941 4698 τὴν
2975 4626 3073 4697 μὲν
3098 4621 3534 4696 προσληφθεῖσαν
3552 4622 3632 4694 τῷ
3658 4610 3815 4693 Λόγῳ

2242 4722 2420 4792 σάρκα
2480 4718 2729 4789 γενέσθαι
2783 4714 3113 4785 ταυτουργὸν
3170 4715 3236 4784 τῇ
3293 4711 3529 4783 θεότητι,
3582 4711 3672 4766 διὰ
3720 4713 3819 4785 τὴν

2240 4812 2566 4886 πρόσληψιν·
2608 4812 2707 4883 τὴν
2750 4812 2976 4881 θεότηνα
3008 4809 3064 4863 δὲ
3106 4806 3359 4876 γενέσθαι
3406 4807 3718 4880 ταυτοπαθῆ
3748 4810 3817 4880 τῇ

2243 4907 2430 4978 σαρκὶ,
2481 4903 2569 4958 διὰ
2603 4905 2852 4958 κένωσιν·
2896 4903 3103 4977 τροπὴν
3127 4900 3287 4971 ὁμοῦ,
3313 4899 3409 4975 καὶ
3455 4900 3673 4973 φύρσιν,
3725 4902 3822 4955 καὶ

2244 5000 2527 5071 σύγχυσιν,
2550 4999 2647 5052 καὶ
2672 4999 2771 5071 τὴν
2819 4999 2899 5061 είς
2946 4994 3210 5067 ἀλλήλους
3239 4992 3565 5065 ἀμφοτέρων
3595 4992 3824 5064 μεταϐο-

2242 5092 2341 5163 λὴν
2390 5090 2830 5163 δογματίζοντες.
2886 5090 2951 5142 El
2982 5086 3109 5159 γὰρ
3163 5084 3573 5158 προσληφθεῖσα
3610 5085 3644 5155 ή
3684 5081 3825 5156 σὰρξ

2316 5244 2427 5313 (54)
2459 5236 2767 5312 Φέρεάθαι.
2820 5240 3024 5313 Supple
3053 5239 3283 5309 πέφυκε.
3322 5236 3657 5313 parasito“.

2316 5307 2427 5387 (35)
2464 5307 2615 5387 Ἕως
2653 5314 2729 5387 (ir
2775 5307 2918 5387 οὐχ.
2940 5307 3278 5387 'Perspasu_m
3323 5307 3487 5387 liabet
3509 5307 3828 5387 Cappcron-

2246 5370 2475 5451 nieritis,
2496 5370 2785 5453 legendum
2811 5370 2901 5438 hic
2920 5397 3044 5438 esse
3075 5381 3181 5444 ἓως
3206 5380 3272 5434 ἂν
3308 5373 3423 5453 οῦν.
3457 5370 3641 5453 ipsum
3658 5380 3826 5453 adeas

2247 5455 2389 5510 infra
2416 5449 2527 5511 net.
2552 5449 2652 5509 '75.
2690 5453 2861 5508 Nemo
2888 5463 3069 5509 autem
3118 5467 3226 5505 non
3269 5449 3436 5505 videt.
3464 5449 3520 5503 in
3546 5450 3826 5506 Anastasii

2247 5527 2497 5582 versione
2532 5539 2633 5590 pro
2688 5543 2706 5575 ‹
2728 5522 2974 5590 Quarum
3011 5541 3030 5574 ι
3060 5521 3205 5590 quod
3262 5520 3678 5590 babentAeditt.
3703 5521 3829 5575 Sir-

2247 5596 2436 5651 mondi
2455 5605 2509 5651 et
2528 5587 2787 5660 Fabricii,
2805 5587 3094 5663 legendum
3114 5606 3238 5663 cuum
3255 5588 3588 5663 Combeﬁsio
3604 5603 3624 5636 ι
3647 5587 3832 5663 ριιοιις

2248 5667 2377 5729 diu;
2411 5684 2430 5717 ι
2460 5666 2635 5735 quiet
2659 5665 2750 5719 hic
2774 5656 3015 5717 adnotat
3042 5679 3059 5716 :
3114 5680 3133 5714 ι
3158 5659 3359 5716 Eadem
3390 5656 3502 5715 fere
3533 5660 3833 5717 concilium

2249 5734 2534 5805 Cbalced.,
2564 5734 2672 5793 Leo
2704 5750 2861 5806 papa,
2893 5742 3033 5790 etc.»
