  <div class='ocr_page' id='page_1' title='image "/cluster/home/n/w/nwhite01/storage/ocr_20150623/10/coo.31924054872894/430.png"; bbox 0 0 4134 6374; ppageno 0'>
   <div class='ocr_carea' id='block_1_1' title="bbox 342 380 443 437">
    <p class='ocr_par' dir='ltr' id='par_1_1' title="bbox 342 380 443 437">
     <span class='ocr_line' id='line_1_1' title="bbox 342 380 443 437; baseline -0.02 0"><span class='ocrx_word' id='word_1_1' title='bbox 342 380 443 437; x_wconf 71' lang='lat'><strong>837</strong></span> 
     </span>
    </p>
   </div>
   <div class='ocr_carea' id='block_1_2' title="bbox 1317 373 2558 434">
    <p class='ocr_par' dir='ltr' id='par_1_2' title="bbox 1317 373 2558 434">
     <span class='ocr_line' id='line_1_2' title="bbox 1317 373 2558 434; baseline -0.005 0"><span class='ocrx_word' id='word_1_2' title='bbox 1317 375 1597 434; x_wconf 76' lang='lat' dir='ltr'><strong>CONTRA</strong></span> <span class='ocrx_word' id='word_1_3' title='bbox 1636 373 1959 431; x_wconf 81' lang='lat' dir='ltr'><strong>BERONEM</strong></span> <span class='ocrx_word' id='word_1_4' title='bbox 1999 375 2087 430; x_wconf 84' lang='lat' dir='ltr'><strong>ET</strong></span> <span class='ocrx_word' id='word_1_5' title='bbox 2125 376 2558 433; x_wconf 76' lang='lat' dir='ltr'><strong>HELICONEM.‘</strong></span> 
     </span>
    </p>
   </div>
   <div class='ocr_carea' id='block_1_3' title="bbox 3465 346 3648 433">
    <p class='ocr_par' dir='ltr' id='par_1_3' title="bbox 3465 346 3648 433">
     <span class='ocr_line' id='line_1_3' title="bbox 3465 346 3648 433; baseline 0 -1"><span class='ocrx_word' id='word_1_6' title='bbox 3465 379 3575 433; x_wconf 61' lang='lat' dir='ltr'><strong>scas</strong></span> <span class='ocrx_word' id='word_1_7' title='bbox 3638 346 3648 356; x_wconf 74' lang='grc'><strong>’</strong></span> 
     </span>
    </p>
   </div>
   <div class='ocr_carea' id='block_1_4' title="bbox 342 492 1918 570">
    <p class='ocr_par' dir='ltr' id='par_1_4' title="bbox 342 494 1915 570">
     <span class='ocr_line' id='line_1_4' title="bbox 342 494 1915 570; baseline -0.003 -19"><span class='ocrx_word' id='word_1_8' title='bbox 342 500 534 569; x_wconf 69' lang='grc' dir='ltr'>γέγονε</span> <span class='ocrx_word' id='word_1_9' title='bbox 589 497 919 570; x_wconf 80' lang='grc' dir='ltr'>ταυτουργδς</span> <span class='ocrx_word' id='word_1_10' title='bbox 966 500 1031 569; x_wconf 79' lang='grc' dir='ltr'>τῇ</span> <span class='ocrx_word' id='word_1_11' title='bbox 1069 495 1319 566; x_wconf 85' lang='grc' dir='ltr'>θεότητι,-</span> <span class='ocrx_word' id='word_1_12' title='bbox 1339 494 1578 566; x_wconf 89' lang='grc' dir='ltr'>δηλονότι</span> <span class='ocrx_word' id='word_1_13' title='bbox 1632 495 1727 548; x_wconf 77' lang='grc' dir='ltr'><strong>καὶ</strong></span> <span class='ocrx_word' id='word_1_14' title='bbox 1756 494 1915 563; x_wconf 84' lang='grc' dir='ltr'>φύσει</span> 
     </span>
    </p>
   </div>
   <div class='ocr_carea' id='block_1_5' title="bbox 2019 492 3577 570">
    <p class='ocr_par' dir='ltr' id='par_1_5' title="bbox 2019 492 3577 565">
     <span class='ocr_line' id='line_1_5' title="bbox 2019 492 3577 565; baseline 0 -17"><span class='ocrx_word' id='word_1_15' title='bbox 2019 492 2158 549; x_wconf 82' lang='lat' dir='ltr'><strong>facta</strong></span> <span class='ocrx_word' id='word_1_16' title='bbox 2183 504 2267 549; x_wconf 89' lang='lat' dir='ltr'><strong>est</strong></span> <span class='ocrx_word' id='word_1_17' title='bbox 2297 492 2638 565; x_wconf 79' lang='lat' dir='ltr'><strong>cooperatrix</strong></span> <span class='ocrx_word' id='word_1_18' title='bbox 2698 493 2993 557; x_wconf 76' lang='lat' dir='ltr'><strong>divinitati,</strong></span> <span class='ocrx_word' id='word_1_19' title='bbox 3024 492 3192 563; x_wconf 90' lang='lat' dir='ltr'><strong>liquet</strong></span> <span class='ocrx_word' id='word_1_20' title='bbox 3216 493 3361 564; x_wconf 88' lang='lat' dir='ltr'><strong>quod</strong></span> <span class='ocrx_word' id='word_1_21' title='bbox 3390 505 3443 548; x_wconf 87' lang='lat' dir='ltr'><strong>et</strong></span> <span class='ocrx_word' id='word_1_22' title='bbox 3485 511 3577 548; x_wconf 86' lang='lat' dir='ltr'><strong>na-</strong></span> 
     </span>
    </p>
   </div>
   <div class='ocr_carea' id='block_1_6' title="bbox 344 585 1908 662">
    <p class='ocr_par' dir='ltr' id='par_1_6' title="bbox 344 585 1908 662">
     <span class='ocr_line' id='line_1_6' title="bbox 344 585 1908 662; baseline -0.004 -19"><span class='ocrx_word' id='word_1_23' title='bbox 344 591 478 654; x_wconf 69' lang='grc' dir='ltr'>Θεδς</span> <span class='ocrx_word' id='word_1_24' title='bbox 507 590 626 662; x_wconf 77' lang='grc' dir='ltr'>μεθ’</span> <span class='ocrx_word' id='word_1_25' title='bbox 652 591 790 645; x_wconf 83' lang='grc' dir='ltr'>ὅσων</span> <span class='ocrx_word' id='word_1_26' title='bbox 829 589 1070 661; x_wconf 80' lang='grc' dir='ltr'><strong>φυσικῶς</strong></span> <span class='ocrx_word' id='word_1_27' title='bbox 1121 590 1318 641; x_wconf 85' lang='grc' dir='ltr'>νοεῖται</span> <span class='ocrx_word' id='word_1_28' title='bbox 1346 587 1497 650; x_wconf 86' lang='grc' dir='ltr'>Θεός·</span> <span class='ocrx_word' id='word_1_29' title='bbox 1528 587 1621 641; x_wconf 74' lang='grc' dir='ltr'><strong>καὶ</strong></span> <span class='ocrx_word' id='word_1_30' title='bbox 1645 589 1693 640; x_wconf 89' lang='grc' dir='ltr'><strong>εἰ</strong></span> <span class='ocrx_word' id='word_1_31' title='bbox 1718 585 1908 655; x_wconf 85' lang='grc' dir='ltr'>γέγονε</span> 
     </span>
    </p>
   </div>
   <div class='ocr_carea' id='block_1_7' title="bbox 278 671 1909 753">
    <p class='ocr_par' dir='ltr' id='par_1_7' title="bbox 278 671 1909 753">
     <span class='ocr_line' id='line_1_7' title="bbox 278 671 1909 753; baseline -0.004 -20"><span class='ocrx_word' id='word_1_32' title='bbox 278 671 289 681; x_wconf 79' lang='grc'><strong>’</strong></span> <span class='ocrx_word' id='word_1_33' title='bbox 348 675 644 735; x_wconf 81' lang='grc' dir='ltr'>κενωθεῖσα</span> <span class='ocrx_word' id='word_1_34' title='bbox 702 683 771 752; x_wconf 75' lang='grc' dir='ltr'>τῇ</span> <span class='ocrx_word' id='word_1_35' title='bbox 804 680 967 753; x_wconf 83' lang='grc' dir='ltr'>σαρκί</span> <span class='ocrx_word' id='word_1_36' title='bbox 991 674 1333 747; x_wconf 82' lang='grc' dir='ltr'>ταυτοπαθὴς</span> <span class='ocrx_word' id='word_1_37' title='bbox 1353 678 1387 746; x_wconf 80' lang='grc' dir='ltr'>ἡ</span> <span class='ocrx_word' id='word_1_38' title='bbox 1418 675 1628 746; x_wconf 85' lang='grc' dir='ltr'>θεότης,</span> <span class='ocrx_word' id='word_1_39' title='bbox 1670 672 1909 745; x_wconf 87' lang='grc' dir='ltr'>δηλονότι</span> 
     </span>
    </p>
   </div>
   <div class='ocr_carea' id='block_1_8' title="bbox 349 765 1909 845">
    <p class='ocr_par' dir='ltr' id='par_1_8' title="bbox 349 765 1909 845">
     <span class='ocr_line' id='line_1_8' title="bbox 349 765 1909 845; baseline -0.004 -21"><span class='ocrx_word' id='word_1_40' title='bbox 349 771 442 825; x_wconf 80' lang='grc' dir='ltr'><strong>καὶ</strong></span> <span class='ocrx_word' id='word_1_41' title='bbox 474 771 633 841; x_wconf 83' lang='grc' dir='ltr'>φύσει</span> <span class='ocrx_word' id='word_1_42' title='bbox 689 771 843 845; x_wconf 79' lang='grc' dir='ltr'>σὰρξ,</span> <span class='ocrx_word' id='word_1_43' title='bbox 906 770 1024 842; x_wconf 79' lang='grc' dir='ltr'>μεθ’</span> <span class='ocrx_word' id='word_1_44' title='bbox 1054 770 1199 825; x_wconf 84' lang='grc' dir='ltr'><strong>ὅσων</strong></span> <span class='ocrx_word' id='word_1_45' title='bbox 1227 768 1493 842; x_wconf 82' lang='grc' dir='ltr'><strong>’φυσικῶς</strong></span> <span class='ocrx_word' id='word_1_46' title='bbox 1548 765 1909 838; x_wconf 76' lang='grc' dir='ltr'><strong>γνωρίζεσθαι</strong></span> 
     </span>
    </p>
   </div>
   <div class='ocr_carea' id='block_1_9' title="bbox 351 858 1909 936">
    <p class='ocr_par' dir='ltr' id='par_1_9' title="bbox 351 858 1909 936">
     <span class='ocr_line' id='line_1_9' title="bbox 351 858 1909 936; baseline -0.003 -20"><span class='ocrx_word' id='word_1_47' title='bbox 351 863 559 933; x_wconf 80' lang='grc' dir='ltr'>πέφυκε</span> <span class='ocrx_word' id='word_1_48' title='bbox 601 863 756 935; x_wconf 78' lang='grc' dir='ltr'>σάρξ.</span> <span class='ocrx_word' id='word_1_49' title='bbox 786 863 867 917; x_wconf 88' lang='grc' dir='ltr'><strong>Τά</strong></span> <span class='ocrx_word' id='word_1_50' title='bbox 915 864 1024 935; x_wconf 74' lang='grc' dir='ltr'>γὰρ</span> <span class='ocrx_word' id='word_1_51' title='bbox 1050 863 1297 936; x_wconf 78' lang='grc' dir='ltr'>ἀλλήλοις</span> <span class='ocrx_word' id='word_1_52' title='bbox 1350 860 1614 932; x_wconf 81' lang='grc' dir='ltr'>ὁμοεργῆ,</span> <span class='ocrx_word' id='word_1_53' title='bbox 1643 858 1737 913; x_wconf 74' lang='grc' dir='ltr'>καὶ</span> <span class='ocrx_word' id='word_1_54' title='bbox 1778 876 1909 911; x_wconf 89' lang='grc' dir='ltr'>ταυ-</span> 
     </span>
    </p>
   </div>
   <div class='ocr_carea' id='block_1_10' title="bbox 295 949 1911 1025">
    <p class='ocr_par' dir='ltr' id='par_1_10' title="bbox 295 949 1911 1025">
     <span class='ocr_line' id='line_1_10' title="bbox 295 949 1911 1025; baseline -0.003 -19"><span class='ocrx_word' id='word_1_55' title='bbox 295 962 307 973; x_wconf 85' lang='grc'><strong>⁹</strong></span> <span class='ocrx_word' id='word_1_56' title='bbox 348 952 573 1023; x_wconf 86' lang='grc' dir='ltr'>τουργά,</span> <span class='ocrx_word' id='word_1_57' title='bbox 626 952 719 1006; x_wconf 77' lang='grc' dir='ltr'><strong>καὶ</strong></span> <span class='ocrx_word' id='word_1_58' title='bbox 770 953 1015 1024; x_wconf 81' lang='grc' dir='ltr'><strong>ὁμόφυλα</strong></span> <span class='ocrx_word' id='word_1_59' title='bbox 1046 953 1284 1019; x_wconf 86' lang='grc' dir='ltr'>πάντως,</span> <span class='ocrx_word' id='word_1_60' title='bbox 1317 952 1409 1007; x_wconf 73' lang='grc' dir='ltr'><strong>καὶ</strong></span> <span class='ocrx_word' id='word_1_61' title='bbox 1434 949 1770 1025; x_wconf 80' lang='grc' dir='ltr'>ταυτοπαθῆ,</span> <span class='ocrx_word' id='word_1_62' title='bbox 1796 950 1911 1002; x_wconf 84' lang='grc' dir='ltr'>δια-</span> 
     </span>
    </p>
   </div>
   <div class='ocr_carea' id='block_1_11' title="bbox 350 1031 1913 1116">
    <p class='ocr_par' dir='ltr' id='par_1_11' title="bbox 350 1031 1913 1116">
     <span class='ocr_line' id='line_1_11' title="bbox 350 1031 1913 1116; baseline -0.003 -19"><span class='ocrx_word' id='word_1_63' title='bbox 350 1044 520 1115; x_wconf 76' lang='grc' dir='ltr'>φορὰν</span> <span class='ocrx_word' id='word_1_64' title='bbox 563 1045 661 1098; x_wconf 90' lang='grc' dir='ltr'><strong>ούκ</strong></span> <span class='ocrx_word' id='word_1_65' title='bbox 716 1045 1019 1115; x_wconf 71' lang='grc' dir='ltr'>ἐπιδέχεται</span> <span class='ocrx_word' id='word_1_66' title='bbox 1053 1045 1286 1116; x_wconf 74' lang='grc' dir='ltr'><strong>φύσεως⁸</strong></span> <span class='ocrx_word' id='word_1_67' title='bbox 1348 1044 1442 1098; x_wconf 77' lang='grc' dir='ltr'>καὶ</span> <span class='ocrx_word' id='word_1_68' title='bbox 1493 1043 1705 1114; x_wconf 86' lang='grc' dir='ltr'>φύσεων</span> <span class='ocrx_word' id='word_1_69' title='bbox 1731 1031 1913 1104; x_wconf 79' lang='grc' dir='ltr'>αὐτοῖς</span> 
     </span>
    </p>
   </div>
   <div class='ocr_carea' id='block_1_12' title="bbox 350 1125 1912 1208">
    <p class='ocr_par' dir='ltr' id='par_1_12' title="bbox 350 1125 1912 1208">
     <span class='ocr_line' id='line_1_12' title="bbox 350 1125 1912 1208; baseline -0.002 -21"><span class='ocrx_word' id='word_1_70' title='bbox 350 1136 787 1207; x_wconf 80' lang='grc' dir='ltr'><strong>συγκεχυμένων,</strong></span> <span class='ocrx_word' id='word_1_71' title='bbox 806 1125 961 1191; x_wconf 55' lang='grc' dir='ltr'>ἔσται’</span> <span class='ocrx_word' id='word_1_72' title='bbox 981 1138 1112 1202; x_wconf 84' lang='grc' dir='ltr'>δυὰς</span> <span class='ocrx_word' id='word_1_73' title='bbox 1138 1138 1167 1189; x_wconf 85' lang='lat'><strong>6</strong></span> <span class='ocrx_word' id='word_1_74' title='bbox 1192 1136 1445 1208; x_wconf 77' lang='grc' dir='ltr'>Χριστὸς,</span> <span class='ocrx_word' id='word_1_75' title='bbox 1476 1136 1569 1189; x_wconf 64' lang='grc' dir='ltr'>καὶ</span> <span class='ocrx_word' id='word_1_76' title='bbox 1606 1132 1912 1206; x_wconf 81' lang='grc' dir='ltr'><strong>προσώπων</strong></span> 
     </span>
    </p>
   </div>
   <div class='ocr_carea' id='block_1_13' title="bbox 344 1212 1912 1300">
    <p class='ocr_par' dir='ltr' id='par_1_13' title="bbox 344 1212 1912 1300">
     <span class='ocr_line' id='line_1_13' title="bbox 344 1212 1912 1300; baseline -0.002 -22"><span class='ocrx_word' id='word_1_77' title='bbox 344 1227 768 1298; x_wconf 80' lang='grc' dir='ltr'>μεμερισμένων</span> <span class='ocrx_word' id='word_1_78' title='bbox 804 1212 1033 1300; x_wconf 60' lang='grc' dir='ltr'>τετρὰς,</span> <span class='ocrx_word' id='word_1_79' title='bbox 1087 1228 1147 1281; x_wconf 80' lang='grc' dir='ltr'><strong>τὸ</strong></span> <span class='ocrx_word' id='word_1_80' title='bbox 1198 1228 1575 1298; x_wconf 87' lang='grc' dir='ltr'>φευκτότατον.</span> <span class='ocrx_word' id='word_1_81' title='bbox 1639 1224 1750 1278; x_wconf 78' lang='grc' dir='ltr'><strong>Καὶ</strong></span> <span class='ocrx_word' id='word_1_82' title='bbox 1795 1224 1912 1287; x_wconf 86' lang='grc' dir='ltr'><strong>πῶς</strong></span> 
     </span>
    </p>
   </div>
   <div class='ocr_carea' id='block_1_14' title="bbox 349 1300 1910 1389">
    <p class='ocr_par' dir='ltr' id='par_1_14' title="bbox 349 1300 1910 1389">
     <span class='ocr_line' id='line_1_14' title="bbox 349 1300 1910 1389; baseline -0.001 -20"><span class='ocrx_word' id='word_1_83' title='bbox 349 1318 531 1381; x_wconf 69' lang='grc' dir='ltr'>αὐτοῖς</span> <span class='ocrx_word' id='word_1_84' title='bbox 562 1315 642 1382; x_wconf 75' lang='grc' dir='ltr'>εἷς</span> <span class='ocrx_word' id='word_1_85' title='bbox 670 1319 763 1372; x_wconf 77' lang='grc' dir='ltr'><strong>καὶ</strong></span> <span class='ocrx_word' id='word_1_86' title='bbox 840 1320 1023 1383; x_wconf 71' lang='grc' dir='ltr'>αύτδς,</span> <span class='ocrx_word' id='word_1_87' title='bbox 1053 1319 1185 1382; x_wconf 80' lang='grc' dir='ltr'>Θεὸς</span> <span class='ocrx_word' id='word_1_88' title='bbox 1227 1318 1365 1389; x_wconf 78' lang='grc' dir='ltr'>ὁμοῦ</span> <span class='ocrx_word' id='word_1_89' title='bbox 1397 1305 1677 1387; x_wconf 78' lang='grc' dir='ltr'>φύσεικαὶ</span> <span class='ocrx_word' id='word_1_90' title='bbox 1697 1314 1910 1385; x_wconf 83' lang='grc' dir='ltr'>ἀνθρω-</span> 
     </span>
    </p>
   </div>
   <div class='ocr_carea' id='block_1_15' title="bbox 350 1405 1911 1483">
    <p class='ocr_par' dir='ltr' id='par_1_15' title="bbox 350 1405 1911 1483">
     <span class='ocr_line' id='line_1_15' title="bbox 350 1405 1911 1483; baseline -0.001 -22"><span class='ocrx_word' id='word_1_91' title='bbox 350 1427 470 1476; x_wconf 86' lang='grc' dir='ltr'>πος,</span> <span class='ocrx_word' id='word_1_92' title='bbox 493 1411 522 1463; x_wconf 93' lang='lat'><strong>6</strong></span> <span class='ocrx_word' id='word_1_93' title='bbox 552 1412 783 1483; x_wconf 87' lang='grc' dir='ltr'>Χριστός</span> <span class='ocrx_word' id='word_1_94' title='bbox 806 1418 820 1478; x_wconf 81' lang='lat'><strong>;&#39;</strong></span> <span class='ocrx_word' id='word_1_95' title='bbox 854 1412 1012 1467; x_wconf 84' lang='grc' dir='ltr'>ποίαν</span> <span class='ocrx_word' id='word_1_96' title='bbox 1037 1411 1094 1465; x_wconf 86' lang='grc' dir='ltr'><strong>δέ</strong></span> <span class='ocrx_word' id='word_1_97' title='bbox 1122 1412 1241 1464; x_wconf 81' lang='grc' dir='ltr'>κατ’</span> <span class='ocrx_word' id='word_1_98' title='bbox 1265 1411 1460 1474; x_wconf 78' lang='grc' dir='ltr'>αὐτοὺς</span> <span class='ocrx_word' id='word_1_99' title='bbox 1484 1409 1593 1476; x_wconf 77' lang='grc' dir='ltr'>ἔξει</span> <span class='ocrx_word' id='word_1_100' title='bbox 1613 1407 1710 1478; x_wconf 80' lang='grc' dir='ltr'><strong>τὴν</strong></span> <span class='ocrx_word' id='word_1_101' title='bbox 1734 1405 1911 1477; x_wconf 75' lang='grc' dir='ltr'>ὓπαρ-</span> 
     </span>
    </p>
   </div>
   <div class='ocr_carea' id='block_1_16' title="bbox 349 1500 1913 1576">
    <p class='ocr_par' dir='ltr' id='par_1_16' title="bbox 349 1500 1913 1576">
     <span class='ocr_line' id='line_1_16' title="bbox 349 1500 1913 1576; baseline -0.004 -17"><span class='ocrx_word' id='word_1_102' title='bbox 349 1504 451 1570; x_wconf 85' lang='grc' dir='ltr'>ξιν,</span> <span class='ocrx_word' id='word_1_103' title='bbox 499 1504 764 1576; x_wconf 77' lang='grc' dir='ltr'>μεταϐολῇ</span> <span class='ocrx_word' id='word_1_104' title='bbox 818 1503 1070 1575; x_wconf 86' lang='grc' dir='ltr'>θεότητος</span> <span class='ocrx_word' id='word_1_105' title='bbox 1122 1502 1408 1573; x_wconf 82' lang='grc' dir='ltr'>γενόμενος</span> <span class='ocrx_word' id='word_1_106' title='bbox 1470 1500 1773 1573; x_wconf 72' lang='grc' dir='ltr'>ἄνθρωπος,</span> <span class='ocrx_word' id='word_1_107' title='bbox 1819 1501 1913 1554; x_wconf 72' lang='grc' dir='ltr'><strong>καὶ</strong></span> 
     </span>
    </p>
   </div>
   <div class='ocr_carea' id='block_1_17' title="bbox 349 1588 1912 1670">
    <p class='ocr_par' dir='ltr' id='par_1_17' title="bbox 349 1588 1912 1670">
     <span class='ocr_line' id='line_1_17' title="bbox 349 1588 1912 1670; baseline -0.003 -21"><span class='ocrx_word' id='word_1_108' title='bbox 349 1598 551 1670; x_wconf 81' lang='grc' dir='ltr'>σαρκὸς</span> <span class='ocrx_word' id='word_1_109' title='bbox 613 1597 963 1669; x_wconf 77' lang='grc' dir='ltr'>μεταποιήσει</span> <span class='ocrx_word' id='word_1_110' title='bbox 1017 1588 1182 1663; x_wconf 86' lang='grc' dir='ltr'>Θεός;</span> <span class='ocrx_word' id='word_1_111' title='bbox 1249 1595 1315 1657; x_wconf 78' lang='grc' dir='ltr'><strong>Ἠ</strong></span> <span class='ocrx_word' id='word_1_112' title='bbox 1380 1594 1489 1666; x_wconf 83' lang='grc' dir='ltr'>γὰρ</span> <span class='ocrx_word' id='word_1_113' title='bbox 1548 1595 1628 1657; x_wconf 89' lang='grc' dir='ltr'><strong>εἰς</strong></span> <span class='ocrx_word' id='word_1_114' title='bbox 1683 1593 1912 1664; x_wconf 82' lang='grc' dir='ltr'><strong>ἀλλήλας</strong></span> 
     </span>
    </p>
   </div>
   <div class='ocr_carea' id='block_1_18' title="bbox 346 1687 1911 1761">
    <p class='ocr_par' dir='ltr' id='par_1_18' title="bbox 346 1687 1911 1761">
     <span class='ocr_line' id='line_1_18' title="bbox 346 1687 1911 1761; baseline -0.003 -16"><span class='ocrx_word' id='word_1_115' title='bbox 346 1691 549 1745; x_wconf 88' lang='grc' dir='ltr'>τούτων</span> <span class='ocrx_word' id='word_1_116' title='bbox 604 1690 980 1761; x_wconf 85' lang='grc' dir='ltr'>μετάπτωσις,</span> <span class='ocrx_word' id='word_1_117' title='bbox 1028 1688 1313 1761; x_wconf 65' lang='grc' dir='ltr'>παντελής</span> <span class='ocrx_word' id='word_1_118' title='bbox 1380 1690 1527 1741; x_wconf 86' lang='grc' dir='ltr'>ἐστιν</span> <span class='ocrx_word' id='word_1_119' title='bbox 1588 1687 1911 1759; x_wconf 73' lang='grc' dir='ltr'>ἀμφοτέρων</span> 
     </span>
    </p>
   </div>
   <div class='ocr_carea' id='block_1_19' title="bbox 345 1779 1909 1853">
    <p class='ocr_par' dir='ltr' id='par_1_19' title="bbox 345 1779 1909 1853">
     <span class='ocr_line' id='line_1_19' title="bbox 345 1779 1909 1853; baseline -0.002 -18"><span class='ocrx_word' id='word_1_120' title='bbox 345 1782 641 1853; x_wconf 85' lang='grc' dir='ltr'>ἀναίρεσις.</span> <span class='ocrx_word' id='word_1_121' title='bbox 700 1780 1013 1833; x_wconf 87' lang='grc' dir='ltr'>Σκοπείσθω</span> <span class='ocrx_word' id='word_1_122' title='bbox 1072 1779 1135 1852; x_wconf 78' lang='grc' dir='ltr'>δὴ</span> <span class='ocrx_word' id='word_1_123' title='bbox 1202 1780 1363 1833; x_wconf 80' lang='grc' dir='ltr'>πάλιν</span> <span class='ocrx_word' id='word_1_124' title='bbox 1435 1782 1567 1852; x_wconf 79' lang='grc' dir='ltr'>ἡμῖν</span> <span class='ocrx_word' id='word_1_125' title='bbox 1626 1781 1826 1852; x_wconf 78' lang='grc' dir='ltr'>ἑτέρως</span> <span class='ocrx_word' id='word_1_126' title='bbox 1880 1781 1909 1833; x_wconf 98' lang='lat'><strong>6</strong></span> 
     </span>
    </p>
   </div>
   <div class='ocr_carea' id='block_1_20' title="bbox 342 1875 793 1943">
    <p class='ocr_par' dir='ltr' id='par_1_20' title="bbox 342 1875 793 1943">
     <span class='ocr_line' id='line_1_20' title="bbox 342 1875 793 1943; baseline 0 -16"><span class='ocrx_word' id='word_1_127' title='bbox 342 1875 520 1943; x_wconf 77' lang='grc' dir='ltr'>λόγος.</span> <span class='ocrx_word' id='word_1_128' title='bbox 789 1886 793 1889; x_wconf 86' lang='grc'><strong><em>“</em></strong></span> 
     </span>
    </p>
   </div>
   <div class='ocr_carea' id='block_1_21' title="bbox 560 1982 1697 2055">
    <p class='ocr_par' dir='ltr' id='par_1_21' title="bbox 560 1982 1697 2055">
     <span class='ocr_line' id='line_1_21' title="bbox 560 1982 1697 2055; baseline -0.006 -14"><span class='ocrx_word' id='word_1_129' title='bbox 560 1986 671 2041; x_wconf 85' lang='grc' dir='ltr'><strong>Τοῦ</strong></span> <span class='ocrx_word' id='word_1_130' title='bbox 702 1983 906 2049; x_wconf 86' lang='grc' dir='ltr'>αὐτοῦ,</span> <span class='ocrx_word' id='word_1_131' title='bbox 928 1983 997 2038; x_wconf 83' lang='grc' dir='ltr'>ἐκ</span> <span class='ocrx_word' id='word_1_132' title='bbox 1028 1982 1355 2039; x_wconf 73' lang='grc' dir='ltr'><strong>τοῦιαύτοῦ</strong></span> <span class='ocrx_word' id='word_1_133' title='bbox 1385 1984 1588 2055; x_wconf 57' lang='grc' dir='ltr'><strong>λόγου.</strong></span> <span class='ocrx_word' id='word_1_134' title='bbox 1624 1989 1697 2048; x_wconf 83' lang='grc' dir='ltr'><strong>ς’.</strong></span> 
     </span>
    </p>
   </div>
   <div class='ocr_carea' id='block_1_22' title="bbox 417 2097 1913 2173">
    <p class='ocr_par' dir='ltr' id='par_1_22' title="bbox 417 2097 1913 2173">
     <span class='ocr_line' id='line_1_22' title="bbox 417 2097 1913 2173; baseline -0.004 -18"><span class='ocrx_word' id='word_1_135' title='bbox 417 2100 653 2165; x_wconf 79' lang='grc' dir='ltr'>Εύσεόἐς</span> <span class='ocrx_word' id='word_1_136' title='bbox 700 2101 1006 2173; x_wconf 81' lang='grc' dir='ltr'>κεκύρωται</span> <span class='ocrx_word' id='word_1_137' title='bbox 1031 2102 1208 2172; x_wconf 82' lang='grc' dir='ltr'>δόγμα</span> <span class='ocrx_word' id='word_1_138' title='bbox 1258 2101 1621 2171; x_wconf 89' lang='grc' dir='ltr'>Χριστιανοῖς,</span> <span class='ocrx_word' id='word_1_139' title='bbox 1662 2099 1783 2151; x_wconf 84' lang='grc' dir='ltr'>κατ’</span> <span class='ocrx_word' id='word_1_140' title='bbox 1817 2097 1913 2150; x_wconf 89' lang='grc' dir='ltr'>αύ-</span> 
     </span>
    </p>
   </div>
   <div class='ocr_carea' id='block_1_23' title="bbox 346 2188 1913 2265">
    <p class='ocr_par' dir='ltr' id='par_1_23' title="bbox 346 2188 1913 2265">
     <span class='ocr_line' id='line_1_23' title="bbox 346 2188 1913 2265; baseline -0.004 -17"><span class='ocrx_word' id='word_1_141' title='bbox 346 2196 447 2265; x_wconf 79' lang='grc' dir='ltr'>τήν</span> <span class='ocrx_word' id='word_1_142' title='bbox 480 2211 537 2248; x_wconf 85' lang='grc' dir='ltr'><strong>τε</strong></span> <span class='ocrx_word' id='word_1_143' title='bbox 570 2194 752 2265; x_wconf 88' lang='grc' dir='ltr'>φύσιν,</span> <span class='ocrx_word' id='word_1_144' title='bbox 783 2194 877 2249; x_wconf 74' lang='grc' dir='ltr'><strong>καὶ</strong></span> <span class='ocrx_word' id='word_1_145' title='bbox 932 2195 1031 2265; x_wconf 81' lang='grc' dir='ltr'>τὴν</span> <span class='ocrx_word' id='word_1_146' title='bbox 1080 2194 1378 2264; x_wconf 74' lang='grc' dir='ltr'>ἐνέργειαν,</span> <span class='ocrx_word' id='word_1_147' title='bbox 1429 2191 1523 2245; x_wconf 73' lang='grc' dir='ltr'><strong>καὶ</strong></span> <span class='ocrx_word' id='word_1_148' title='bbox 1580 2191 1688 2244; x_wconf 81' lang='grc' dir='ltr'>πᾶν</span> <span class='ocrx_word' id='word_1_149' title='bbox 1728 2188 1913 2260; x_wconf 69' lang='grc' dir='ltr'>ἕτερον</span> 
     </span>
    </p>
   </div>
   <div class='ocr_carea' id='block_1_24' title="bbox 350 2276 1914 2359">
    <p class='ocr_par' dir='ltr' id='par_1_24' title="bbox 350 2276 1914 2359">
     <span class='ocr_line' id='line_1_24' title="bbox 350 2276 1914 2359; baseline -0.003 -22"><span class='ocrx_word' id='word_1_150' title='bbox 350 2285 500 2356; x_wconf 72' lang='grc' dir='ltr'>αὐτῷ</span> <span class='ocrx_word' id='word_1_151' title='bbox 549 2286 842 2359; x_wconf 76' lang='grc' dir='ltr'><strong>προσφυὲς,</strong></span> <span class='ocrx_word' id='word_1_152' title='bbox 896 2286 1009 2351; x_wconf 73' lang='grc' dir='ltr'>ίσον</span> <span class='ocrx_word' id='word_1_153' title='bbox 1061 2283 1236 2354; x_wconf 65' lang='grc' dir='ltr'><strong>ἐωτῷ</strong></span> <span class='ocrx_word' id='word_1_154' title='bbox 1284 2282 1379 2336; x_wconf 77' lang='grc' dir='ltr'><strong>καὶ</strong></span> <span class='ocrx_word' id='word_1_155' title='bbox 1420 2280 1614 2335; x_wconf 80' lang='grc' dir='ltr'>ταυτὸν</span> <span class='ocrx_word' id='word_1_156' title='bbox 1645 2276 1782 2334; x_wconf 80' lang='grc' dir='ltr'>εἶναι</span> <span class='ocrx_word' id='word_1_157' title='bbox 1824 2279 1914 2332; x_wconf 83' lang='grc' dir='ltr'><strong>τὸν</strong></span> 
     </span>
    </p>
   </div>
   <div class='ocr_carea' id='block_1_25' title="bbox 344 2368 1915 2447">
    <p class='ocr_par' dir='ltr' id='par_1_25' title="bbox 344 2368 1915 2447">
     <span class='ocr_line' id='line_1_25' title="bbox 344 2368 1915 2447; baseline -0.005 -19"><span class='ocrx_word' id='word_1_158' title='bbox 344 2376 531 2445; x_wconf 39' lang='grc' dir='ltr'>θεόν’,</span> <span class='ocrx_word' id='word_1_159' title='bbox 559 2375 723 2447; x_wconf 82' lang='grc' dir='ltr'>μηδὲν</span> <span class='ocrx_word' id='word_1_160' title='bbox 770 2373 949 2446; x_wconf 80' lang='grc' dir='ltr'>ἐαυτῷ</span> <span class='ocrx_word' id='word_1_161' title='bbox 1003 2374 1110 2429; x_wconf 83' lang='grc' dir='ltr'><strong>τῶν</strong></span> <span class='ocrx_word' id='word_1_162' title='bbox 1166 2373 1359 2427; x_wconf 78' lang='grc' dir='ltr'><strong>ἑαυτοῦ</strong></span> <span class='ocrx_word' id='word_1_163' title='bbox 1408 2370 1687 2433; x_wconf 79' lang='grc' dir='ltr'>παντελῶς</span> <span class='ocrx_word' id='word_1_164' title='bbox 1732 2368 1915 2422; x_wconf 84' lang='grc' dir='ltr'>ἄνισον</span> 
     </span>
    </p>
   </div>
   <div class='ocr_carea' id='block_1_26' title="bbox 342 2455 1953 2539">
    <p class='ocr_par' dir='ltr' id='par_1_26' title="bbox 342 2455 1953 2539">
     <span class='ocr_line' id='line_1_26' title="bbox 342 2455 1953 2539; baseline -0.006 -19"><span class='ocrx_word' id='word_1_165' title='bbox 342 2467 561 2538; x_wconf 65' lang='grc' dir='ltr'>ἔχοντα,</span> <span class='ocrx_word' id='word_1_166' title='bbox 598 2468 692 2522; x_wconf 73' lang='grc' dir='ltr'>καὶ</span> <span class='ocrx_word' id='word_1_167' title='bbox 740 2455 1126 2537; x_wconf 67' lang='grc' dir='ltr'>ἀκατάλληλον.</span> <span class='ocrx_word' id='word_1_168' title='bbox 1174 2467 1239 2527; x_wconf 61' lang='grc' dir='ltr'>,Εἰ</span> <span class='ocrx_word' id='word_1_169' title='bbox 1273 2464 1469 2518; x_wconf 83' lang='grc' dir='ltr'>,τοίνυν</span> <span class='ocrx_word' id='word_1_170' title='bbox 1516 2461 1657 2516; x_wconf 83' lang='grc' dir='ltr'><strong>κατά</strong></span> <span class='ocrx_word' id='word_1_171' title='bbox 1689 2462 1914 2532; x_wconf 83' lang='grc' dir='ltr'>Βήρωνα</span> <span class='ocrx_word' id='word_1_172' title='bbox 1941 2494 1953 2539; x_wconf 42' lang='grc' dir='ltr'>ί</span> 
     </span>
    </p>
   </div>
   <div class='ocr_carea' id='block_1_27' title="bbox 344 2544 1918 2632">
    <p class='ocr_par' dir='ltr' id='par_1_27' title="bbox 344 2544 1918 2632">
     <span class='ocr_line' id='line_1_27' title="bbox 344 2544 1918 2632; baseline -0.004 -18"><span class='ocrx_word' id='word_1_173' title='bbox 344 2561 449 2631; x_wconf 78' lang='grc' dir='ltr'>τῆς</span> <span class='ocrx_word' id='word_1_174' title='bbox 493 2562 660 2632; x_wconf 75' lang='grc' dir='ltr'>αὐτῆς</span> <span class='ocrx_word' id='word_1_175' title='bbox 708 2560 857 2631; x_wconf 82' lang='grc' dir='ltr'>αύτῷ</span> <span class='ocrx_word' id='word_1_176' title='bbox 912 2544 1316 2632; x_wconf 73' lang='grc' dir='ltr'>προσληφθεῖσα</span> <span class='ocrx_word' id='word_1_177' title='bbox 1370 2555 1604 2626; x_wconf 76' lang='grc' dir='ltr'><strong>φυσικῆς</strong></span> <span class='ocrx_word' id='word_1_178' title='bbox 1641 2554 1918 2627; x_wconf 77' lang='grc' dir='ltr'>ἐνεργείας</span> 
     </span>
    </p>
   </div>
   <div class='ocr_carea' id='block_1_28' title="bbox 298 2648 1918 2725">
    <p class='ocr_par' dir='ltr' id='par_1_28' title="bbox 298 2648 1918 2725">
     <span class='ocr_line' id='line_1_28' title="bbox 298 2648 1918 2725; baseline -0.005 -17"><span class='ocrx_word' id='word_1_179' title='bbox 298 2673 322 2695; x_wconf 72' lang='grc' dir='ltr'>ι·</span> <span class='ocrx_word' id='word_1_180' title='bbox 344 2656 572 2723; x_wconf 78' lang='grc' dir='ltr'>γέγονεν</span> <span class='ocrx_word' id='word_1_181' title='bbox 601 2656 635 2725; x_wconf 81' lang='grc' dir='ltr'>ἡ</span> <span class='ocrx_word' id='word_1_182' title='bbox 665 2654 821 2725; x_wconf 81' lang='grc' dir='ltr'>σὰρξ,</span> <span class='ocrx_word' id='word_1_183' title='bbox 848 2652 1091 2723; x_wconf 76' lang='grc' dir='ltr'>δηλονότι</span> <span class='ocrx_word' id='word_1_184' title='bbox 1118 2652 1213 2705; x_wconf 75' lang='grc' dir='ltr'><strong>καί</strong></span> <span class='ocrx_word' id='word_1_185' title='bbox 1244 2652 1341 2722; x_wconf 81' lang='grc' dir='ltr'><strong>τῆς</strong></span> <span class='ocrx_word' id='word_1_186' title='bbox 1364 2650 1533 2720; x_wconf 76' lang='grc' dir='ltr'>αὐτῆς</span> <span class='ocrx_word' id='word_1_187' title='bbox 1560 2648 1705 2720; x_wconf 84' lang='grc' dir='ltr'>αύτῷ</span> <span class='ocrx_word' id='word_1_188' title='bbox 1730 2649 1918 2717; x_wconf 86' lang='grc' dir='ltr'>γέγονε</span> 
     </span>
    </p>
   </div>
   <div class='ocr_carea' id='block_1_29' title="bbox 354 2742 1916 2833">
    <p class='ocr_par' dir='ltr' id='par_1_29' title="bbox 354 2742 1916 2833">
     <span class='ocr_line' id='line_1_29' title="bbox 354 2742 1916 2833; baseline -0.006 -31"><span class='ocrx_word' id='word_1_189' title='bbox 354 2749 567 2833; x_wconf 60' lang='grc' dir='ltr'>φύσεως</span> <span class='ocrx_word' id='word_1_190' title='bbox 604 2748 719 2819; x_wconf 78' lang='grc' dir='ltr'>μεθ’</span> <span class='ocrx_word' id='word_1_191' title='bbox 750 2749 889 2800; x_wconf 82' lang='grc' dir='ltr'>ὅσων</span> <span class='ocrx_word' id='word_1_192' title='bbox 935 2747 969 2816; x_wconf 80' lang='grc' dir='ltr'><strong>ἡ</strong></span> <span class='ocrx_word' id='word_1_193' title='bbox 1021 2745 1202 2815; x_wconf 81' lang='grc' dir='ltr'>φύσις,</span> <span class='ocrx_word' id='word_1_194' title='bbox 1254 2743 1551 2814; x_wconf 79' lang='grc' dir='ltr'>ἀναρχίας,</span> <span class='ocrx_word' id='word_1_195' title='bbox 1600 2742 1916 2833; x_wconf 86' lang='grc' dir='ltr'>ἀγενησίας,</span> 
     </span>
    </p>
   </div>
   <div class='ocr_carea' id='block_1_30' title="bbox 346 2832 1921 2912">
    <p class='ocr_par' dir='ltr' id='par_1_30' title="bbox 346 2832 1921 2912">
     <span class='ocr_line' id='line_1_30' title="bbox 346 2832 1921 2912; baseline -0.006 -17"><span class='ocrx_word' id='word_1_196' title='bbox 346 2840 625 2912; x_wconf 73' lang='grc' dir='ltr'>ἀπειρίας,</span> <span class='ocrx_word' id='word_1_197' title='bbox 657 2838 973 2909; x_wconf 88' lang='grc' dir='ltr'>ἀῖδιότητος,</span> <span class='ocrx_word' id='word_1_198' title='bbox 999 2835 1392 2907; x_wconf 78' lang='grc' dir='ltr'>ἀκαταληψίας,</span> <span class='ocrx_word' id='word_1_199' title='bbox 1427 2834 1521 2887; x_wconf 81' lang='grc' dir='ltr'>καὶ</span> <span class='ocrx_word' id='word_1_200' title='bbox 1543 2832 1649 2886; x_wconf 87' lang='grc' dir='ltr'><strong>τῶν</strong></span> <span class='ocrx_word' id='word_1_201' title='bbox 1673 2834 1775 2888; x_wconf 83' lang='grc' dir='ltr'>ὅσα</span> <span class='ocrx_word' id='word_1_202' title='bbox 1798 2833 1921 2886; x_wconf 86' lang='grc' dir='ltr'>τού-</span> 
     </span>
    </p>
   </div>
   <div class='ocr_carea' id='block_1_31' title="bbox 352 2924 1916 3002">
    <p class='ocr_par' dir='ltr' id='par_1_31' title="bbox 352 2924 1916 3002">
     <span class='ocr_line' id='line_1_31' title="bbox 352 2924 1916 3002; baseline -0.008 -13"><span class='ocrx_word' id='word_1_203' title='bbox 352 2950 463 2989; x_wconf 85' lang='grc' dir='ltr'><strong>των</strong></span> <span class='ocrx_word' id='word_1_204' title='bbox 490 2930 613 2987; x_wconf 82' lang='grc' dir='ltr'>καθ’</span> <span class='ocrx_word' id='word_1_205' title='bbox 649 2929 918 3002; x_wconf 82' lang='grc' dir='ltr'>ὑπεροχὴν</span> <span class='ocrx_word' id='word_1_206' title='bbox 953 2930 982 2981; x_wconf 90' lang='lat'><strong>6</strong></span> <span class='ocrx_word' id='word_1_207' title='bbox 1001 2928 1324 2996; x_wconf 75' lang='grc' dir='ltr'>σθεολογικδς</span> <span class='ocrx_word' id='word_1_208' title='bbox 1353 2924 1643 2999; x_wconf 74' lang='grc' dir='ltr'>ὑπερφυῶς</span> <span class='ocrx_word' id='word_1_209' title='bbox 1668 2926 1829 2998; x_wconf 76' lang='grc' dir='ltr'>ἐνορᾷ</span> <span class='ocrx_word' id='word_1_210' title='bbox 1851 2928 1916 2997; x_wconf 83' lang='grc' dir='ltr'>τῇ</span> 
     </span>
    </p>
   </div>
   <div class='ocr_carea' id='block_1_32' title="bbox 349 3015 1919 3097">
    <p class='ocr_par' dir='ltr' id='par_1_32' title="bbox 349 3015 1919 3097">
     <span class='ocr_line' id='line_1_32' title="bbox 349 3015 1919 3097; baseline -0.01 -15"><span class='ocrx_word' id='word_1_211' title='bbox 349 3026 570 3097; x_wconf 76' lang='grc' dir='ltr'>θιότητι</span> <span class='ocrx_word' id='word_1_212' title='bbox 605 3023 782 3093; x_wconf 86' lang='grc' dir='ltr'>λόγος·</span> <span class='ocrx_word' id='word_1_213' title='bbox 815 3021 911 3075; x_wconf 69' lang='grc' dir='ltr'><strong>κα)⁸</strong></span> <span class='ocrx_word' id='word_1_214' title='bbox 933 3020 1140 3091; x_wconf 84' lang='grc' dir='ltr'>τροπὴν</span> <span class='ocrx_word' id='word_1_215' title='bbox 1165 3019 1450 3091; x_wconf 86' lang='grc' dir='ltr'>ἀμφότερα</span> <span class='ocrx_word' id='word_1_216' title='bbox 1472 3016 1759 3083; x_wconf 80' lang='grc' dir='ltr'>πέπονθεν,</span> <span class='ocrx_word' id='word_1_217' title='bbox 1796 3015 1919 3088; x_wconf 88' lang='grc' dir='ltr'>μηδ-</span> 
     </span>
    </p>
   </div>
   <div class='ocr_carea' id='block_1_33' title="bbox 278 3106 1921 3191">
    <p class='ocr_par' dir='ltr' id='par_1_33' title="bbox 278 3106 1921 3191">
     <span class='ocr_line' id='line_1_33' title="bbox 278 3106 1921 3191; baseline -0.009 -17"><span class='ocrx_word' id='word_1_218' title='bbox 278 3106 311 3141; x_wconf 67' lang='grc'><em>’</em></span> <span class='ocrx_word' id='word_1_219' title='bbox 353 3118 542 3191; x_wconf 77' lang='grc' dir='ltr'>στέρου</span> <span class='ocrx_word' id='word_1_220' title='bbox 581 3116 673 3170; x_wconf 77' lang='grc' dir='ltr'><strong>τὸν</strong></span> <span class='ocrx_word' id='word_1_221' title='bbox 713 3116 815 3185; x_wconf 85' lang='grc' dir='ltr'>τῆς</span> <span class='ocrx_word' id='word_1_222' title='bbox 866 3113 1001 3177; x_wconf 88' lang='grc' dir='ltr'>ἰδίας</span> <span class='ocrx_word' id='word_1_223' title='bbox 1029 3112 1240 3181; x_wconf 85' lang='grc' dir='ltr'>φύσεως</span> <span class='ocrx_word' id='word_1_224' title='bbox 1264 3109 1490 3182; x_wconf 85' lang='grc' dir='ltr'>ούσιώδη</span> <span class='ocrx_word' id='word_1_225' title='bbox 1530 3107 1685 3178; x_wconf 88' lang='grc' dir='ltr'>λόγον</span> <span class='ocrx_word' id='word_1_226' title='bbox 1716 3108 1796 3162; x_wconf 77' lang='grc' dir='ltr'>ἔτι</span> <span class='ocrx_word' id='word_1_227' title='bbox 1823 3125 1921 3161; x_wconf 82' lang='grc' dir='ltr'><strong>σω-</strong></span> 
     </span>
    </p>
   </div>
   <div class='ocr_carea' id='block_1_34' title="bbox 2010 585 3578 657">
    <p class='ocr_par' dir='ltr' id='par_1_34' title="bbox 2010 585 3578 657">
     <span class='ocr_line' id='line_1_34' title="bbox 2010 585 3578 657; baseline -0.001 -13"><span class='ocrx_word' id='word_1_228' title='bbox 2010 598 2134 644; x_wconf 89' lang='lat' dir='ltr'><strong>tura</strong></span> <span class='ocrx_word' id='word_1_229' title='bbox 2165 587 2308 644; x_wconf 85' lang='lat' dir='ltr'><strong>Deus</strong></span> <span class='ocrx_word' id='word_1_230' title='bbox 2362 604 2485 643; x_wconf 92' lang='lat' dir='ltr'><strong>cum</strong></span> <span class='ocrx_word' id='word_1_231' title='bbox 2540 596 2806 657; x_wconf 81' lang='lat' dir='ltr'><strong>quotquot</strong></span> <span class='ocrx_word' id='word_1_232' title='bbox 2834 595 2918 643; x_wconf 85' lang='lat' dir='ltr'><strong>est</strong></span> <span class='ocrx_word' id='word_1_233' title='bbox 2946 587 3280 657; x_wconf 77' lang='lat' dir='ltr'><strong>intelligatur</strong></span> <span class='ocrx_word' id='word_1_234' title='bbox 3307 585 3492 655; x_wconf 80' lang='lat' dir='ltr'><strong>Deus;</strong></span> <span class='ocrx_word' id='word_1_235' title='bbox 3523 599 3578 643; x_wconf 86' lang='lat' dir='ltr'><strong>et</strong></span> 
     </span>
    </p>
   </div>
   <div class='ocr_carea' id='block_1_35' title="bbox 2012 678 3574 748">
    <p class='ocr_par' dir='ltr' id='par_1_35' title="bbox 2012 678 3574 748">
     <span class='ocr_line' id='line_1_35' title="bbox 2012 678 3574 748; baseline 0 -15"><span class='ocrx_word' id='word_1_236' title='bbox 2012 679 2057 734; x_wconf 95' lang='lat' dir='ltr'><strong>si</strong></span> <span class='ocrx_word' id='word_1_237' title='bbox 2080 678 2221 734; x_wconf 78' lang='lat' dir='ltr'><strong>facta</strong></span> <span class='ocrx_word' id='word_1_238' title='bbox 2246 686 2331 734; x_wconf 91' lang='lat' dir='ltr'><strong>est</strong></span> <span class='ocrx_word' id='word_1_239' title='bbox 2360 679 2637 733; x_wconf 81' lang='lat' dir='ltr'><strong>exinanita</strong></span> <span class='ocrx_word' id='word_1_240' title='bbox 2666 678 3069 748; x_wconf 89' lang='lat' dir='ltr'><strong>compassibilis</strong></span> <span class='ocrx_word' id='word_1_241' title='bbox 3093 678 3245 733; x_wconf 87' lang='lat' dir='ltr'><strong>carni</strong></span> <span class='ocrx_word' id='word_1_242' title='bbox 3298 678 3574 739; x_wconf 82' lang='lat' dir='ltr'><strong>divinitas.</strong></span> 
     </span>
    </p>
   </div>
   <div class='ocr_carea' id='block_1_36' title="bbox 2011 769 3574 841">
    <p class='ocr_par' dir='ltr' id='par_1_36' title="bbox 2011 769 3574 841">
     <span class='ocr_line' id='line_1_36' title="bbox 2011 769 3574 841; baseline 0 -17"><span class='ocrx_word' id='word_1_243' title='bbox 2011 771 2178 840; x_wconf 89' lang='lat' dir='ltr'><strong>liquet</strong></span> <span class='ocrx_word' id='word_1_244' title='bbox 2200 769 2344 841; x_wconf 87' lang='lat' dir='ltr'><strong>quod</strong></span> <span class='ocrx_word' id='word_1_245' title='bbox 2368 778 2423 824; x_wconf 88' lang='lat' dir='ltr'><strong>et</strong></span> <span class='ocrx_word' id='word_1_246' title='bbox 2446 779 2641 824; x_wconf 88' lang='lat' dir='ltr'><strong>natura</strong></span> <span class='ocrx_word' id='word_1_247' title='bbox 2672 784 2800 825; x_wconf 87' lang='lat' dir='ltr'><strong>caro</strong></span> <span class='ocrx_word' id='word_1_248' title='bbox 2833 784 2959 823; x_wconf 84' lang='lat' dir='ltr'><strong>eum</strong></span> <span class='ocrx_word' id='word_1_249' title='bbox 3008 778 3275 840; x_wconf 88' lang='lat' dir='ltr'><strong>quotquot</strong></span> <span class='ocrx_word' id='word_1_250' title='bbox 3295 778 3379 825; x_wconf 87' lang='lat' dir='ltr'><strong>est</strong></span> <span class='ocrx_word' id='word_1_251' title='bbox 3414 780 3574 825; x_wconf 86' lang='lat' dir='ltr'><strong>natu-</strong></span> 
     </span>
    </p>
   </div>
   <div class='ocr_carea' id='block_1_37' title="bbox 2009 858 3578 930">
    <p class='ocr_par' dir='ltr' id='par_1_37' title="bbox 2009 858 3578 930">
     <span class='ocr_line' id='line_1_37' title="bbox 2009 858 3578 930; baseline -0.002 -14"><span class='ocrx_word' id='word_1_252' title='bbox 2009 862 2198 916; x_wconf 84' lang='lat' dir='ltr'><strong>raliter</strong></span> <span class='ocrx_word' id='word_1_253' title='bbox 2219 875 2338 916; x_wconf 89' lang='lat' dir='ltr'><strong>esse</strong></span> <span class='ocrx_word' id='word_1_254' title='bbox 2360 860 2688 929; x_wconf 82' lang='lat' dir='ltr'><strong>intelligatur</strong></span> <span class='ocrx_word' id='word_1_255' title='bbox 2709 876 2857 915; x_wconf 88' lang='lat' dir='ltr'><strong>caro.</strong></span> <span class='ocrx_word' id='word_1_256' title='bbox 2899 858 2978 915; x_wconf 89' lang='lat' dir='ltr'><strong>Ea</strong></span> <span class='ocrx_word' id='word_1_257' title='bbox 3019 860 3217 930; x_wconf 85' lang='lat' dir='ltr'><strong>quippe</strong></span> <span class='ocrx_word' id='word_1_258' title='bbox 3243 876 3364 930; x_wconf 69' lang='lat' dir='ltr'><strong>qua:</strong></span> <span class='ocrx_word' id='word_1_259' title='bbox 3387 870 3578 917; x_wconf 85' lang='lat' dir='ltr'><strong>mutuo</strong></span> 
     </span>
    </p>
   </div>
   <div class='ocr_carea' id='block_1_38' title="bbox 2011 951 3575 1022">
    <p class='ocr_par' dir='ltr' id='par_1_38' title="bbox 2011 951 3575 1022">
     <span class='ocr_line' id='line_1_38' title="bbox 2011 951 3575 1022; baseline 0 -14"><span class='ocrx_word' id='word_1_260' title='bbox 2011 961 2142 1008; x_wconf 88' lang='lat' dir='ltr'><strong>sunt</strong></span> <span class='ocrx_word' id='word_1_261' title='bbox 2168 952 2536 1022; x_wconf 87' lang='lat' dir='ltr'><strong>cooperantia,</strong></span> <span class='ocrx_word' id='word_1_262' title='bbox 2583 960 2638 1007; x_wconf 90' lang='lat' dir='ltr'><strong>et</strong></span> <span class='ocrx_word' id='word_1_263' title='bbox 2672 952 2859 1006; x_wconf 89' lang='lat' dir='ltr'><strong>eadem</strong></span> <span class='ocrx_word' id='word_1_264' title='bbox 2909 951 3210 1021; x_wconf 89' lang='lat' dir='ltr'><strong>operantia,</strong></span> <span class='ocrx_word' id='word_1_265' title='bbox 3249 961 3305 1007; x_wconf 89' lang='lat' dir='ltr'><strong>et</strong></span> <span class='ocrx_word' id='word_1_266' title='bbox 3330 952 3575 1021; x_wconf 87' lang='lat' dir='ltr'><strong>ejusdem</strong></span> 
     </span>
    </p>
   </div>
   <div class='ocr_carea' id='block_1_39' title="bbox 2011 1028 3649 1115">
    <p class='ocr_par' dir='ltr' id='par_1_39' title="bbox 2011 1028 3649 1115">
     <span class='ocr_line' id='line_1_39' title="bbox 2011 1028 3649 1115; baseline 0 -15"><span class='ocrx_word' id='word_1_267' title='bbox 2011 1045 2281 1115; x_wconf 81' lang='lat' dir='ltr'><strong>originis,</strong></span> <span class='ocrx_word' id='word_1_268' title='bbox 2334 1043 2579 1114; x_wconf 82' lang='lat' dir='ltr'><strong>profecto</strong></span> <span class='ocrx_word' id='word_1_269' title='bbox 2645 1051 2699 1098; x_wconf 90' lang='lat' dir='ltr'><strong>et</strong></span> <span class='ocrx_word' id='word_1_270' title='bbox 2752 1044 3177 1114; x_wconf 78' lang='lat' dir='ltr'><strong>compassibilia,</strong></span> <span class='ocrx_word' id='word_1_271' title='bbox 3221 1053 3428 1099; x_wconf 86' lang='lat' dir='ltr'><strong>naturae</strong></span> <span class='ocrx_word' id='word_1_272' title='bbox 3466 1061 3577 1100; x_wconf 88' lang='lat' dir='ltr'><strong>non</strong></span> <span class='ocrx_word' id='word_1_273' title='bbox 3640 1028 3649 1089; x_wconf 58' lang='grc' dir='ltr'>Ϊ</span> 
     </span>
    </p>
   </div>
   <div class='ocr_carea' id='block_1_40' title="bbox 2012 1134 3576 1207">
    <p class='ocr_par' dir='ltr' id='par_1_40' title="bbox 2012 1134 3576 1207">
     <span class='ocr_line' id='line_1_40' title="bbox 2012 1134 3576 1207; baseline 0 -15"><span class='ocrx_word' id='word_1_274' title='bbox 2012 1136 2362 1207; x_wconf 87' lang='lat' dir='ltr'><strong>suscipientia</strong></span> <span class='ocrx_word' id='word_1_275' title='bbox 2410 1135 2770 1190; x_wconf 75' lang='lat' dir='ltr'><strong>differentiam</strong></span> <span class='ocrx_word' id='word_1_276' title='bbox 2802 1156 2815 1190; x_wconf 91' lang='lat'>:</span> <span class='ocrx_word' id='word_1_277' title='bbox 2865 1144 2919 1190; x_wconf 92' lang='lat' dir='ltr'><strong>et</strong></span> <span class='ocrx_word' id='word_1_278' title='bbox 2944 1137 3156 1191; x_wconf 88' lang='lat' dir='ltr'><strong>naturis</strong></span> <span class='ocrx_word' id='word_1_279' title='bbox 3179 1135 3283 1191; x_wconf 86' lang='lat' dir='ltr'><strong>sibi</strong></span> <span class='ocrx_word' id='word_1_280' title='bbox 3307 1134 3576 1202; x_wconf 77' lang='lat' dir='ltr'><strong>confusis,</strong></span> 
     </span>
    </p>
   </div>
   <div class='ocr_carea' id='block_1_41' title="bbox 2011 1226 3580 1297">
    <p class='ocr_par' dir='ltr' id='par_1_41' title="bbox 2011 1226 3580 1297">
     <span class='ocr_line' id='line_1_41' title="bbox 2011 1226 3580 1297; baseline -0.001 -14"><span class='ocrx_word' id='word_1_281' title='bbox 2011 1230 2114 1283; x_wconf 89' lang='lat' dir='ltr'><strong>erit</strong></span> <span class='ocrx_word' id='word_1_282' title='bbox 2139 1228 2372 1283; x_wconf 85' lang='lat' dir='ltr'><strong>dualitas</strong></span> <span class='ocrx_word' id='word_1_283' title='bbox 2396 1227 2667 1293; x_wconf 88' lang='lat' dir='ltr'><strong>Christus,</strong></span> <span class='ocrx_word' id='word_1_284' title='bbox 2693 1235 2748 1281; x_wconf 92' lang='lat' dir='ltr'><strong>et</strong></span> <span class='ocrx_word' id='word_1_285' title='bbox 2772 1227 3019 1296; x_wconf 85' lang='lat' dir='ltr'><strong>personis</strong></span> <span class='ocrx_word' id='word_1_286' title='bbox 3046 1228 3311 1297; x_wconf 84' lang='lat' dir='ltr'><strong>separatis</strong></span> <span class='ocrx_word' id='word_1_287' title='bbox 3340 1226 3580 1297; x_wconf 76' lang='lat' dir='ltr'><strong>lietqua-</strong></span> 
     </span>
    </p>
   </div>
   <div class='ocr_carea' id='block_1_42' title="bbox 2010 1310 3579 1391">
    <p class='ocr_par' dir='ltr' id='par_1_42' title="bbox 2010 1310 3579 1391">
     <span class='ocr_line' id='line_1_42' title="bbox 2010 1310 3579 1391; baseline -0.003 -14"><span class='ocrx_word' id='word_1_288' title='bbox 2010 1321 2272 1388; x_wconf 85' lang='lat' dir='ltr'><strong>ternitas;</strong></span> <span class='ocrx_word' id='word_1_289' title='bbox 2299 1320 2444 1391; x_wconf 90' lang='lat' dir='ltr'><strong>quod</strong></span> <span class='ocrx_word' id='word_1_290' title='bbox 2477 1327 2561 1376; x_wconf 85' lang='lat' dir='ltr'><strong>est</strong></span> <span class='ocrx_word' id='word_1_291' title='bbox 2590 1319 2817 1376; x_wconf 89' lang='lat' dir='ltr'><strong>nimium</strong></span> <span class='ocrx_word' id='word_1_292' title='bbox 2842 1317 3177 1383; x_wconf 72' lang='lat' dir='ltr'><strong>fugiendum.</strong></span> <span class='ocrx_word' id='word_1_293' title='bbox 3210 1319 3276 1374; x_wconf 85' lang='lat' dir='ltr'><strong>Et</strong></span> <span class='ocrx_word' id='word_1_294' title='bbox 3303 1310 3579 1391; x_wconf 87' lang='lat' dir='ltr'><strong>quomodo</strong></span> 
     </span>
    </p>
   </div>
   <div class='ocr_carea' id='block_1_43' title="bbox 2016 1409 3624 1479">
    <p class='ocr_par' dir='ltr' id='par_1_43' title="bbox 2016 1409 3624 1479">
     <span class='ocr_line' id='line_1_43' title="bbox 2016 1409 3624 1479; baseline 0 -13"><span class='ocrx_word' id='word_1_295' title='bbox 2016 1412 2125 1466; x_wconf 86' lang='lat' dir='ltr'><strong>illis</strong></span> <span class='ocrx_word' id='word_1_296' title='bbox 2146 1426 2290 1465; x_wconf 91' lang='lat' dir='ltr'><strong>unus</strong></span> <span class='ocrx_word' id='word_1_297' title='bbox 2319 1421 2373 1466; x_wconf 89' lang='lat' dir='ltr'><strong>et</strong></span> <span class='ocrx_word' id='word_1_298' title='bbox 2404 1410 2547 1465; x_wconf 91' lang='lat' dir='ltr'><strong>idem</strong></span> <span class='ocrx_word' id='word_1_299' title='bbox 2596 1410 2711 1479; x_wconf 87' lang='lat' dir='ltr'><strong>ipse</strong></span> <span class='ocrx_word' id='word_1_300' title='bbox 2744 1410 2877 1477; x_wconf 68' lang='lat' dir='ltr'><strong>erit,</strong></span> <span class='ocrx_word' id='word_1_301' title='bbox 2915 1409 3057 1467; x_wconf 86' lang='lat' dir='ltr'><strong>Deus</strong></span> <span class='ocrx_word' id='word_1_302' title='bbox 3090 1424 3282 1468; x_wconf 88' lang='lat' dir='ltr'><strong>natura</strong></span> <span class='ocrx_word' id='word_1_303' title='bbox 3333 1413 3496 1468; x_wconf 91' lang='lat' dir='ltr'><strong>simul</strong></span> <span class='ocrx_word' id='word_1_304' title='bbox 3527 1423 3581 1467; x_wconf 87' lang='lat' dir='ltr'><strong>et</strong></span> <span class='ocrx_word' id='word_1_305' title='bbox 3614 1420 3624 1427; x_wconf 86' lang='lat'><strong><em>‘</em></strong></span> 
     </span>
    </p>
   </div>
   <div class='ocr_carea' id='block_1_44' title="bbox 2015 1500 3580 1573">
    <p class='ocr_par' dir='ltr' id='par_1_44' title="bbox 2015 1500 3580 1573">
     <span class='ocr_line' id='line_1_44' title="bbox 2015 1500 3580 1573; baseline 0.001 -15"><span class='ocrx_word' id='word_1_306' title='bbox 2015 1502 2198 1569; x_wconf 85' lang='lat' dir='ltr'><strong>homo,</strong></span> <span class='ocrx_word' id='word_1_307' title='bbox 2233 1502 2522 1561; x_wconf 81' lang='lat' dir='ltr'><strong>Christus?</strong></span> <span class='ocrx_word' id='word_1_308' title='bbox 2574 1500 2657 1573; x_wconf 85' lang='grc' dir='ltr'><strong>(π)</strong></span> <span class='ocrx_word' id='word_1_309' title='bbox 2707 1500 2880 1567; x_wconf 85' lang='lat' dir='ltr'><strong>Quam</strong></span> <span class='ocrx_word' id='word_1_310' title='bbox 2910 1503 3073 1556; x_wconf 87' lang='lat' dir='ltr'><strong>etiam</strong></span> <span class='ocrx_word' id='word_1_311' title='bbox 3107 1504 3404 1559; x_wconf 89' lang='lat' dir='ltr'><strong>secundum</strong></span> <span class='ocrx_word' id='word_1_312' title='bbox 3433 1504 3580 1573; x_wconf 91' lang='lat' dir='ltr'><strong>ipsos</strong></span> 
     </span>
    </p>
   </div>
   <div class='ocr_carea' id='block_1_45' title="bbox 2014 1593 3583 1659">
    <p class='ocr_par' dir='ltr' id='par_1_45' title="bbox 2014 1593 3583 1659">
     <span class='ocr_line' id='line_1_45' title="bbox 2014 1593 3583 1659; baseline 0.002 -11"><span class='ocrx_word' id='word_1_313' title='bbox 2014 1593 2231 1648; x_wconf 79' lang='lat' dir='ltr'><strong>habebit</strong></span> <span class='ocrx_word' id='word_1_314' title='bbox 2257 1594 2573 1659; x_wconf 85' lang='lat' dir='ltr'><strong>essentiam,</strong></span> <span class='ocrx_word' id='word_1_315' title='bbox 2594 1593 2895 1648; x_wconf 85' lang='lat' dir='ltr'><strong>mutatione</strong></span> <span class='ocrx_word' id='word_1_316' title='bbox 2931 1594 3230 1651; x_wconf 78' lang='lat' dir='ltr'><strong>divinitatis</strong></span> <span class='ocrx_word' id='word_1_317' title='bbox 3261 1596 3437 1650; x_wconf 83' lang='lat' dir='ltr'><strong>factus</strong></span> <span class='ocrx_word' id='word_1_318' title='bbox 3484 1596 3583 1651; x_wconf 87' lang='lat' dir='ltr'><strong>bo-</strong></span> 
     </span>
    </p>
   </div>
   <div class='ocr_carea' id='block_1_46' title="bbox 2012 1684 3580 1752">
    <p class='ocr_par' dir='ltr' id='par_1_46' title="bbox 2012 1684 3580 1752">
     <span class='ocr_line' id='line_1_46' title="bbox 2012 1684 3580 1752; baseline 0.002 -14"><span class='ocrx_word' id='word_1_319' title='bbox 2012 1699 2125 1752; x_wconf 90' lang='lat' dir='ltr'><strong>mo,</strong></span> <span class='ocrx_word' id='word_1_320' title='bbox 2158 1693 2212 1739; x_wconf 89' lang='lat' dir='ltr'><strong>et</strong></span> <span class='ocrx_word' id='word_1_321' title='bbox 2234 1686 2416 1741; x_wconf 85' lang='lat' dir='ltr'><strong>carnis</strong></span> <span class='ocrx_word' id='word_1_322' title='bbox 2440 1685 2794 1740; x_wconf 85' lang='lat' dir='ltr'><strong>translatione</strong></span> <span class='ocrx_word' id='word_1_323' title='bbox 2827 1684 3005 1740; x_wconf 88' lang='lat' dir='ltr'><strong>Deus?</strong></span> <span class='ocrx_word' id='word_1_324' title='bbox 3036 1686 3209 1742; x_wconf 86' lang='lat' dir='ltr'><strong>Casus</strong></span> <span class='ocrx_word' id='word_1_325' title='bbox 3236 1688 3378 1741; x_wconf 88' lang='lat' dir='ltr'><strong>enim</strong></span> <span class='ocrx_word' id='word_1_326' title='bbox 3408 1688 3463 1741; x_wconf 89' lang='lat' dir='ltr'><strong>in</strong></span> <span class='ocrx_word' id='word_1_327' title='bbox 3498 1688 3580 1741; x_wconf 91' lang='lat' dir='ltr'><strong>al-</strong></span> 
     </span>
    </p>
   </div>
   <div class='ocr_carea' id='block_1_47' title="bbox 2013 1775 3580 1847">
    <p class='ocr_par' dir='ltr' id='par_1_47' title="bbox 2013 1775 3580 1847">
     <span class='ocr_line' id='line_1_47' title="bbox 2013 1775 3580 1847; baseline 0.003 -19"><span class='ocrx_word' id='word_1_328' title='bbox 2013 1782 2279 1837; x_wconf 87' lang='lat' dir='ltr'><strong>terutras,</strong></span> <span class='ocrx_word' id='word_1_329' title='bbox 2342 1775 2656 1830; x_wconf 88' lang='lat' dir='ltr'><strong>omnimoda</strong></span> <span class='ocrx_word' id='word_1_330' title='bbox 2720 1783 2803 1829; x_wconf 89' lang='lat' dir='ltr'><strong>est</strong></span> <span class='ocrx_word' id='word_1_331' title='bbox 2852 1784 3210 1845; x_wconf 87' lang='lat' dir='ltr'><strong>utrarumque</strong></span> <span class='ocrx_word' id='word_1_332' title='bbox 3264 1777 3580 1847; x_wconf 75' lang='lat' dir='ltr'><strong>perempti‘o.</strong></span> 
     </span>
    </p>
   </div>
   <div class='ocr_carea' id='block_1_48' title="bbox 1938 1842 3230 1953">
    <p class='ocr_par' dir='ltr' id='par_1_48' title="bbox 1938 1842 3230 1953">
     <span class='ocr_line' id='line_1_48' title="bbox 1938 1842 3230 1953; baseline 0.003 -34"><span class='ocrx_word' id='word_1_333' title='bbox 1938 1842 1981 1899; x_wconf 73' lang='grc' dir='ltr'><strong><em>Β</em></strong></span> <span class='ocrx_word' id='word_1_334' title='bbox 2010 1865 2337 1936; x_wconf 89' lang='lat' dir='ltr'><strong>lnspiciatur</strong></span> <span class='ocrx_word' id='word_1_335' title='bbox 2371 1867 2555 1937; x_wconf 88' lang='lat' dir='ltr'><strong>itaque</strong></span> <span class='ocrx_word' id='word_1_336' title='bbox 2588 1880 2619 1920; x_wconf 93' lang='lat' dir='ltr'><strong>a</strong></span> <span class='ocrx_word' id='word_1_337' title='bbox 2654 1865 2811 1922; x_wconf 90' lang='lat' dir='ltr'><strong>nobis</strong></span> <span class='ocrx_word' id='word_1_338' title='bbox 2844 1868 3000 1922; x_wconf 87' lang='lat' dir='ltr'><strong>aliter</strong></span> <span class='ocrx_word' id='word_1_339' title='bbox 3028 1842 3230 1953; x_wconf 78' lang='lat' dir='ltr'><strong>sermo.</strong></span> 
     </span>
    </p>
   </div>
   <div class='ocr_carea' id='block_1_49' title="bbox 2196 1968 3295 2047">
    <p class='ocr_par' dir='ltr' id='par_1_49' title="bbox 2196 1968 3295 2047">
     <span class='ocr_line' id='line_1_49' title="bbox 2196 1968 3295 2047; baseline 0.001 -17"><span class='ocrx_word' id='word_1_340' title='bbox 2196 1968 2200 1974; x_wconf 64' lang='grc'><strong>’</strong></span> <span class='ocrx_word' id='word_1_341' title='bbox 2294 1976 2569 2047; x_wconf 79' lang='lat' dir='ltr'><strong>Ejusdem,</strong></span> <span class='ocrx_word' id='word_1_342' title='bbox 2602 1993 2666 2032; x_wconf 68' lang='lat' dir='ltr'><strong>ex-</strong></span> <span class='ocrx_word' id='word_1_343' title='bbox 2696 1978 2876 2033; x_wconf 84' lang='lat' dir='ltr'><strong>eodem</strong></span> <span class='ocrx_word' id='word_1_344' title='bbox 2901 1995 3157 2035; x_wconf 82' lang='lat' dir='ltr'><strong>sermone.</strong></span> <span class='ocrx_word' id='word_1_345' title='bbox 3198 1978 3295 2035; x_wconf 81' lang='lat' dir='ltr'><strong>VI.</strong></span> 
     </span>
    </p>
   </div>
   <div class='ocr_carea' id='block_1_50' title="bbox 2082 2087 3587 2165">
    <p class='ocr_par' dir='ltr' id='par_1_50' title="bbox 2082 2087 3587 2165">
     <span class='ocr_line' id='line_1_50' title="bbox 2082 2087 3587 2165; baseline 0.005 -22"><span class='ocrx_word' id='word_1_346' title='bbox 2082 2087 2171 2143; x_wconf 78' lang='lat' dir='ltr'><strong>Vl.</strong></span> <span class='ocrx_word' id='word_1_347' title='bbox 2195 2087 2350 2144; x_wconf 91' lang='lat' dir='ltr'><strong>Pium</strong></span> <span class='ocrx_word' id='word_1_348' title='bbox 2377 2089 2705 2146; x_wconf 85' lang='lat' dir='ltr'><strong>Christianis</strong></span> <span class='ocrx_word' id='word_1_349' title='bbox 2746 2090 3101 2146; x_wconf 91' lang='lat' dir='ltr'><strong>constitutum</strong></span> <span class='ocrx_word' id='word_1_350' title='bbox 3132 2100 3217 2147; x_wconf 91' lang='lat' dir='ltr'><strong>est</strong></span> <span class='ocrx_word' id='word_1_351' title='bbox 3244 2092 3438 2165; x_wconf 80' lang='lat' dir='ltr'><strong>dogma</strong></span> <span class='ocrx_word' id='word_1_352' title='bbox 3468 2110 3587 2151; x_wconf 81' lang='lat' dir='ltr'><strong>cre—</strong></span> 
     </span>
    </p>
   </div>
   <div class='ocr_carea' id='block_1_51' title="bbox 2014 2181 3588 2255">
    <p class='ocr_par' dir='ltr' id='par_1_51' title="bbox 2014 2181 3588 2255">
     <span class='ocr_line' id='line_1_51' title="bbox 2014 2181 3588 2255; baseline 0.003 -18"><span class='ocrx_word' id='word_1_353' title='bbox 2014 2181 2288 2249; x_wconf 89' lang='lat' dir='ltr'><strong>dentibus,</strong></span> <span class='ocrx_word' id='word_1_354' title='bbox 2319 2182 2393 2254; x_wconf 93' lang='grc' dir='ltr'><strong>(ρ)</strong></span> <span class='ocrx_word' id='word_1_355' title='bbox 2441 2183 2743 2238; x_wconf 87' lang='lat' dir='ltr'><strong>secundum</strong></span> <span class='ocrx_word' id='word_1_356' title='bbox 2798 2183 3041 2238; x_wconf 86' lang='lat' dir='ltr'><strong>eamdem</strong></span> <span class='ocrx_word' id='word_1_357' title='bbox 3073 2194 3321 2239; x_wconf 90' lang='lat' dir='ltr'><strong>naturam</strong></span> <span class='ocrx_word' id='word_1_358' title='bbox 3357 2201 3422 2240; x_wconf 89' lang='lat' dir='ltr'><strong>ac</strong></span> <span class='ocrx_word' id='word_1_359' title='bbox 3464 2201 3588 2255; x_wconf 82' lang='lat' dir='ltr'><strong>Ope-</strong></span> 
     </span>
    </p>
   </div>
   <div class='ocr_carea' id='block_1_52' title="bbox 2016 2273 3586 2347">
    <p class='ocr_par' dir='ltr' id='par_1_52' title="bbox 2016 2273 3586 2347">
     <span class='ocr_line' id='line_1_52' title="bbox 2016 2273 3586 2347; baseline 0.003 -19"><span class='ocrx_word' id='word_1_360' title='bbox 2016 2273 2305 2339; x_wconf 85' lang='lat' dir='ltr'><strong>rationem,</strong></span> <span class='ocrx_word' id='word_1_361' title='bbox 2346 2283 2401 2329; x_wconf 89' lang='lat' dir='ltr'><strong>et</strong></span> <span class='ocrx_word' id='word_1_362' title='bbox 2425 2289 2586 2329; x_wconf 90' lang='lat' dir='ltr'><strong>omne</strong></span> <span class='ocrx_word' id='word_1_363' title='bbox 2610 2275 2759 2330; x_wconf 89' lang='lat' dir='ltr'><strong>aliud</strong></span> <span class='ocrx_word' id='word_1_364' title='bbox 2790 2274 2893 2331; x_wconf 88' lang='lat' dir='ltr'><strong>sibi</strong></span> <span class='ocrx_word' id='word_1_365' title='bbox 2934 2276 3286 2343; x_wconf 87' lang='lat' dir='ltr'><strong>conveniens,</strong></span> <span class='ocrx_word' id='word_1_366' title='bbox 3322 2279 3586 2347; x_wconf 79' lang='lat' dir='ltr'><strong>aequalem</strong></span> 
     </span>
    </p>
   </div>
   <div class='ocr_carea' id='block_1_53' title="bbox 2016 2363 3589 2434">
    <p class='ocr_par' dir='ltr' id='par_1_53' title="bbox 2016 2363 3589 2434">
     <span class='ocr_line' id='line_1_53' title="bbox 2016 2363 3589 2434; baseline 0.004 -16"><span class='ocrx_word' id='word_1_367' title='bbox 2016 2363 2120 2418; x_wconf 87' lang='lat' dir='ltr'><strong>sibi</strong></span> <span class='ocrx_word' id='word_1_368' title='bbox 2143 2372 2197 2419; x_wconf 85' lang='lat' dir='ltr'><strong>et</strong></span> <span class='ocrx_word' id='word_1_369' title='bbox 2221 2363 2474 2418; x_wconf 90' lang='lat' dir='ltr'><strong>eumdem</strong></span> <span class='ocrx_word' id='word_1_370' title='bbox 2502 2363 2678 2434; x_wconf 89' lang='lat' dir='ltr'><strong>ipsum</strong></span> <span class='ocrx_word' id='word_1_371' title='bbox 2707 2380 2831 2420; x_wconf 89' lang='lat' dir='ltr'><strong>esse</strong></span> <span class='ocrx_word' id='word_1_372' title='bbox 2856 2363 3049 2431; x_wconf 85' lang='lat' dir='ltr'><strong>Deum,</strong></span> <span class='ocrx_word' id='word_1_373' title='bbox 3078 2365 3212 2420; x_wconf 90' lang='lat' dir='ltr'><strong>nihil</strong></span> <span class='ocrx_word' id='word_1_374' title='bbox 3242 2368 3465 2423; x_wconf 90' lang='lat' dir='ltr'><strong>omnino</strong></span> <span class='ocrx_word' id='word_1_375' title='bbox 3494 2383 3589 2423; x_wconf 89' lang='lat' dir='ltr'><strong>co-</strong></span> 
     </span>
    </p>
   </div>
   <div class='ocr_carea' id='block_1_54' title="bbox 2017 2452 3583 2524">
    <p class='ocr_par' dir='ltr' id='par_1_54' title="bbox 2017 2452 3583 2524">
     <span class='ocr_line' id='line_1_54' title="bbox 2017 2452 3583 2524; baseline 0.006 -20"><span class='ocrx_word' id='word_1_376' title='bbox 2017 2465 2140 2504; x_wconf 87' lang='lat' dir='ltr'><strong>rum</strong></span> <span class='ocrx_word' id='word_1_377' title='bbox 2176 2466 2297 2520; x_wconf 87' lang='lat' dir='ltr'><strong>quae</strong></span> <span class='ocrx_word' id='word_1_378' title='bbox 2318 2466 2416 2506; x_wconf 87' lang='lat' dir='ltr'><strong>sua</strong></span> <span class='ocrx_word' id='word_1_379' title='bbox 2448 2460 2575 2507; x_wconf 89' lang='lat' dir='ltr'><strong>sunt</strong></span> <span class='ocrx_word' id='word_1_380' title='bbox 2609 2452 2876 2524; x_wconf 65' lang='lat' dir='ltr'><strong>inaequale</strong></span> <span class='ocrx_word' id='word_1_381' title='bbox 2919 2453 3209 2510; x_wconf 88' lang='lat' dir='ltr'><strong>habentem</strong></span> <span class='ocrx_word' id='word_1_382' title='bbox 3244 2466 3299 2510; x_wconf 90' lang='lat' dir='ltr'><strong>et</strong></span> <span class='ocrx_word' id='word_1_383' title='bbox 3326 2455 3583 2513; x_wconf 86' lang='lat' dir='ltr'><strong>inconve-</strong></span> 
     </span>
    </p>
   </div>
   <div class='ocr_carea' id='block_1_55' title="bbox 2020 2538 3585 2615">
    <p class='ocr_par' dir='ltr' id='par_1_55' title="bbox 2020 2538 3585 2615">
     <span class='ocr_line' id='line_1_55' title="bbox 2020 2538 3585 2615; baseline 0.004 -22"><span class='ocrx_word' id='word_1_384' title='bbox 2020 2540 2197 2594; x_wconf 90' lang='lat' dir='ltr'><strong>niens.</strong></span> <span class='ocrx_word' id='word_1_385' title='bbox 2236 2538 2293 2593; x_wconf 92' lang='lat' dir='ltr'><strong>Si</strong></span> <span class='ocrx_word' id='word_1_386' title='bbox 2339 2539 2500 2610; x_wconf 83' lang='lat' dir='ltr'><strong>igitur</strong></span> <span class='ocrx_word' id='word_1_387' title='bbox 2523 2541 2818 2596; x_wconf 88' lang='lat' dir='ltr'><strong>secundum</strong></span> <span class='ocrx_word' id='word_1_388' title='bbox 2865 2541 3129 2597; x_wconf 85' lang='lat' dir='ltr'><strong>Beronem</strong></span> <span class='ocrx_word' id='word_1_389' title='bbox 3171 2554 3448 2615; x_wconf 86' lang='lat' dir='ltr'><strong>assumpta</strong></span> <span class='ocrx_word' id='word_1_390' title='bbox 3479 2547 3585 2602; x_wconf 92' lang='lat' dir='ltr'><strong>sibi</strong></span> 
     </span>
    </p>
   </div>
   <div class='ocr_carea' id='block_1_56' title="bbox 2021 2631 3584 2701">
    <p class='ocr_par' dir='ltr' id='par_1_56' title="bbox 2021 2631 3584 2701">
     <span class='ocr_line' id='line_1_56' title="bbox 2021 2631 3584 2701; baseline 0.003 -16"><span class='ocrx_word' id='word_1_391' title='bbox 2021 2646 2146 2685; x_wconf 87' lang='lat' dir='ltr'><strong>caro</strong></span> <span class='ocrx_word' id='word_1_392' title='bbox 2175 2631 2417 2700; x_wconf 84' lang='lat' dir='ltr'><strong>ejusdem</strong></span> <span class='ocrx_word' id='word_1_393' title='bbox 2454 2633 2783 2701; x_wconf 86' lang='lat' dir='ltr'><strong>operationis</strong></span> <span class='ocrx_word' id='word_1_394' title='bbox 2837 2632 3025 2687; x_wconf 79' lang='lat' dir='ltr'><strong>ell‘ecta</strong></span> <span class='ocrx_word' id='word_1_395' title='bbox 3055 2642 3157 2700; x_wconf 90' lang='lat' dir='ltr'><strong>est,</strong></span> <span class='ocrx_word' id='word_1_396' title='bbox 3188 2632 3331 2688; x_wconf 89' lang='lat' dir='ltr'><strong>haud</strong></span> <span class='ocrx_word' id='word_1_397' title='bbox 3360 2635 3584 2690; x_wconf 89' lang='lat' dir='ltr'><strong>dubium</strong></span> 
     </span>
    </p>
   </div>
   <div class='ocr_carea' id='block_1_57' title="bbox 2020 2722 3588 2797">
    <p class='ocr_par' dir='ltr' id='par_1_57' title="bbox 2020 2722 3588 2797">
     <span class='ocr_line' id='line_1_57' title="bbox 2020 2722 3588 2797; baseline 0.003 -21"><span class='ocrx_word' id='word_1_398' title='bbox 2020 2723 2151 2792; x_wconf 91' lang='lat' dir='ltr'><strong>quin</strong></span> <span class='ocrx_word' id='word_1_399' title='bbox 2181 2731 2235 2777; x_wconf 95' lang='lat' dir='ltr'><strong>et</strong></span> <span class='ocrx_word' id='word_1_400' title='bbox 2259 2722 2500 2793; x_wconf 80' lang='lat' dir='ltr'><strong>ejusdem</strong></span> <span class='ocrx_word' id='word_1_401' title='bbox 2527 2722 2663 2778; x_wconf 82' lang='lat' dir='ltr'><strong>facta</strong></span> <span class='ocrx_word' id='word_1_402' title='bbox 2690 2732 2769 2778; x_wconf 90' lang='lat' dir='ltr'><strong>est</strong></span> <span class='ocrx_word' id='word_1_403' title='bbox 2793 2723 2894 2778; x_wconf 91' lang='lat' dir='ltr'><strong>sibi</strong></span> <span class='ocrx_word' id='word_1_404' title='bbox 2920 2732 3146 2788; x_wconf 67' lang='lat' dir='ltr'><strong>naturae,</strong></span> <span class='ocrx_word' id='word_1_405' title='bbox 3171 2740 3293 2780; x_wconf 89' lang='lat' dir='ltr'><strong>cum</strong></span> <span class='ocrx_word' id='word_1_406' title='bbox 3322 2737 3588 2797; x_wconf 89' lang='lat' dir='ltr'><strong>quotquot</strong></span> 
     </span>
    </p>
   </div>
   <div class='ocr_carea' id='block_1_58' title="bbox 2019 2814 3588 2886">
    <p class='ocr_par' dir='ltr' id='par_1_58' title="bbox 2019 2814 3588 2886">
     <span class='ocr_line' id='line_1_58' title="bbox 2019 2814 3588 2886; baseline 0.002 -17"><span class='ocrx_word' id='word_1_407' title='bbox 2019 2823 2103 2869; x_wconf 76' lang='lat' dir='ltr'><strong>est</strong></span> <span class='ocrx_word' id='word_1_408' title='bbox 2135 2823 2352 2881; x_wconf 85' lang='lat' dir='ltr'><strong>natura,</strong></span> <span class='ocrx_word' id='word_1_409' title='bbox 2381 2816 2433 2870; x_wconf 92' lang='lat' dir='ltr'><strong>id</strong></span> <span class='ocrx_word' id='word_1_410' title='bbox 2478 2822 2561 2870; x_wconf 89' lang='lat' dir='ltr'><strong>est</strong></span> <span class='ocrx_word' id='word_1_411' title='bbox 2592 2815 3068 2886; x_wconf 84' lang='lat' dir='ltr'><strong>inprincipalitate,</strong></span> <span class='ocrx_word' id='word_1_412' title='bbox 3114 2814 3427 2884; x_wconf 84' lang='lat' dir='ltr'><strong>inl‘actione,</strong></span> <span class='ocrx_word' id='word_1_413' title='bbox 3468 2818 3588 2872; x_wconf 88' lang='lat' dir='ltr'><strong>inli-</strong></span> 
     </span>
    </p>
   </div>
   <div class='ocr_carea' id='block_1_59' title="bbox 2021 2907 3588 2978">
    <p class='ocr_par' dir='ltr' id='par_1_59' title="bbox 2021 2907 3588 2978">
     <span class='ocr_line' id='line_1_59' title="bbox 2021 2907 3588 2978; baseline 0.003 -17"><span class='ocrx_word' id='word_1_414' title='bbox 2021 2907 2207 2971; x_wconf 86' lang='lat' dir='ltr'><strong>nitate,</strong></span> <span class='ocrx_word' id='word_1_415' title='bbox 2259 2907 2721 2977; x_wconf 87' lang='lat' dir='ltr'><strong>sempiternitate,</strong></span> <span class='ocrx_word' id='word_1_416' title='bbox 2779 2907 3464 2978; x_wconf 85' lang='lat' dir='ltr'><strong>incomprehensibilitate,</strong></span> <span class='ocrx_word' id='word_1_417' title='bbox 3534 2920 3588 2965; x_wconf 89' lang='lat' dir='ltr'><strong>ct</strong></span> 
     </span>
    </p>
   </div>
   <div class='ocr_carea' id='block_1_60' title="bbox 2020 2998 3596 3075">
    <p class='ocr_par' dir='ltr' id='par_1_60' title="bbox 2020 2998 3596 3075">
     <span class='ocr_line' id='line_1_60' title="bbox 2020 2998 3596 3075; baseline 0.004 -26"><span class='ocrx_word' id='word_1_418' title='bbox 2020 3012 2360 3075; x_wconf 83' lang='lat' dir='ltr'><strong>quaecunque</strong></span> <span class='ocrx_word' id='word_1_419' title='bbox 2391 2998 2586 3052; x_wconf 85' lang='lat' dir='ltr'><strong>borum</strong></span> <span class='ocrx_word' id='word_1_420' title='bbox 2615 2998 2913 3054; x_wconf 90' lang='lat' dir='ltr'><strong>secundum</strong></span> <span class='ocrx_word' id='word_1_421' title='bbox 2966 2999 3395 3069; x_wconf 85' lang='lat' dir='ltr'><strong>magnitudinem</strong></span> <span class='ocrx_word' id='word_1_422' title='bbox 3444 3002 3596 3056; x_wconf 78' lang='lat' dir='ltr'><strong>theo-</strong></span> 
     </span>
    </p>
   </div>
   <div class='ocr_carea' id='block_1_61' title="bbox 2021 3087 3587 3167">
    <p class='ocr_par' dir='ltr' id='par_1_61' title="bbox 2021 3087 3587 3167">
     <span class='ocr_line' id='line_1_61' title="bbox 2021 3087 3587 3167; baseline 0.004 -25"><span class='ocrx_word' id='word_1_423' title='bbox 2021 3087 2199 3159; x_wconf 84' lang='lat' dir='ltr'><strong>logica</strong></span> <span class='ocrx_word' id='word_1_424' title='bbox 2232 3089 2566 3158; x_wconf 87' lang='lat' dir='ltr'><strong>amplissime</strong></span> <span class='ocrx_word' id='word_1_425' title='bbox 2597 3089 2651 3144; x_wconf 92' lang='lat' dir='ltr'><strong>in</strong></span> <span class='ocrx_word' id='word_1_426' title='bbox 2703 3090 2902 3146; x_wconf 86' lang='lat' dir='ltr'><strong>deitate</strong></span> <span class='ocrx_word' id='word_1_427' title='bbox 2951 3091 3095 3144; x_wconf 88' lang='lat' dir='ltr'><strong>ratio</strong></span> <span class='ocrx_word' id='word_1_428' title='bbox 3148 3091 3587 3167; x_wconf 77' lang='lat' dir='ltr'><strong>contemplatur:</strong></span> 
     </span>
    </p>
   </div>
   <div class='ocr_carea' id='block_1_62' title="bbox 354 3171 1918 3282">
    <p class='ocr_par' dir='ltr' id='par_1_62' title="bbox 354 3171 1918 3282">
     <span class='ocr_line' id='line_1_62' title="bbox 354 3171 1918 3282; baseline -0.008 -17"><span class='ocrx_word' id='word_1_429' title='bbox 354 3171 578 3282; x_wconf 47' lang='grc' dir='ltr'>ξύμῖενον</span> <span class='ocrx_word' id='word_1_430' title='bbox 607 3171 841 3279; x_wconf 71' lang='grc' dir='ltr'>ἔχοντος.</span> <span class='ocrx_word' id='word_1_431' title='bbox 884 3207 942 3259; x_wconf 90' lang='lat'><strong>&#39;0</strong></span> <span class='ocrx_word' id='word_1_432' title='bbox 981 3171 1098 3278; x_wconf 39' lang='grc' dir='ltr'>-γάρ</span> <span class='ocrx_word' id='word_1_433' title='bbox 1154 3171 1643 3277; x_wconf 34' lang='grc' dir='ltr'>ἑτεροφυῶνυείδῶς</span> <span class='ocrx_word' id='word_1_434' title='bbox 1669 3199 1918 3273; x_wconf 82' lang='grc' dir='ltr'>ταυτουρ-</span> 
     </span>
    </p>
   </div>
   <div class='ocr_carea' id='block_1_63' title="bbox 2019 3171 3590 3282">
    <p class='ocr_par' dir='ltr' id='par_1_63' title="bbox 2024 3182 3590 3253">
     <span class='ocr_line' id='line_1_63' title="bbox 2024 3182 3590 3253; baseline 0.003 -18"><span class='ocrx_word' id='word_1_435' title='bbox 2024 3190 2079 3235; x_wconf 89' lang='lat' dir='ltr'><strong>et</strong></span> <span class='ocrx_word' id='word_1_436' title='bbox 2102 3182 2532 3238; x_wconf 79' lang='lat' dir='ltr'><strong>vicissitudinem</strong></span> <span class='ocrx_word' id='word_1_437' title='bbox 2584 3193 2815 3253; x_wconf 88' lang='lat' dir='ltr'><strong>utraque</strong></span> <span class='ocrx_word' id='word_1_438' title='bbox 2858 3196 3021 3252; x_wconf 88' lang='lat' dir='ltr'><strong>passa</strong></span> <span class='ocrx_word' id='word_1_439' title='bbox 3054 3192 3201 3248; x_wconf 90' lang='lat' dir='ltr'><strong>sunt,</strong></span> <span class='ocrx_word' id='word_1_440' title='bbox 3260 3197 3453 3239; x_wconf 88' lang='lat' dir='ltr'><strong>neutro</strong></span> <span class='ocrx_word' id='word_1_441' title='bbox 3491 3201 3590 3239; x_wconf 89' lang='lat' dir='ltr'><strong>na—</strong></span> 
     </span>
    </p>
   </div>
   <div class='ocr_carea' id='block_1_64' title="bbox 350 3293 1923 3374">
    <p class='ocr_par' dir='ltr' id='par_1_64' title="bbox 350 3293 1923 3374">
     <span class='ocr_line' id='line_1_64' title="bbox 350 3293 1923 3374; baseline -0.006 -17"><span class='ocrx_word' id='word_1_442' title='bbox 350 3304 498 3374; x_wconf 86' lang='grc' dir='ltr'>γίαν,</span> <span class='ocrx_word' id='word_1_443' title='bbox 534 3301 793 3373; x_wconf 89' lang='grc' dir='ltr'>σύγχυσιν</span> <span class='ocrx_word' id='word_1_444' title='bbox 844 3298 980 3371; x_wconf 82' lang='grc' dir='ltr'>ὁμοῦ</span> <span class='ocrx_word' id='word_1_445' title='bbox 1011 3297 1268 3369; x_wconf 79' lang='grc' dir='ltr'>φυσικὴν,</span> <span class='ocrx_word' id='word_1_446' title='bbox 1301 3296 1396 3351; x_wconf 75' lang='grc' dir='ltr'>καὶ</span> <span class='ocrx_word' id='word_1_447' title='bbox 1438 3295 1699 3367; x_wconf 86' lang='grc' dir='ltr'>διαίρεσιν</span> <span class='ocrx_word' id='word_1_448' title='bbox 1745 3293 1923 3348; x_wconf 84' lang='grc' dir='ltr'>αὐτῶν</span> 
     </span>
    </p>
   </div>
   <div class='ocr_carea' id='block_1_65' title="bbox 356 3385 1919 3465">
    <p class='ocr_par' dir='ltr' id='par_1_65' title="bbox 356 3385 1919 3465">
     <span class='ocr_line' id='line_1_65' title="bbox 356 3385 1919 3465; baseline -0.006 -18"><span class='ocrx_word' id='word_1_449' title='bbox 356 3397 653 3465; x_wconf 73' lang='grc' dir='ltr'>εἰσηγεῖται</span> <span class='ocrx_word' id='word_1_450' title='bbox 698 3392 1085 3463; x_wconf 77' lang='grc' dir='ltr'>προσωπικήν·</span> <span class='ocrx_word' id='word_1_451' title='bbox 1138 3387 1500 3459; x_wconf 81' lang='grc' dir='ltr'>ἀδιαγνὼστου</span> <span class='ocrx_word' id='word_1_452' title='bbox 1550 3385 1823 3449; x_wconf 82' lang='grc' dir='ltr'>παντελῶς</span> <span class='ocrx_word' id='word_1_453' title='bbox 1854 3386 1919 3456; x_wconf 83' lang='grc' dir='ltr'>τῇ</span> 
     </span>
    </p>
   </div>
   <div class='ocr_carea' id='block_1_66' title="bbox 356 3477 1923 3559">
    <p class='ocr_par' dir='ltr' id='par_1_66' title="bbox 356 3477 1923 3559">
     <span class='ocr_line' id='line_1_66' title="bbox 356 3477 1923 3559; baseline -0.004 -21"><span class='ocrx_word' id='word_1_454' title='bbox 356 3484 463 3540; x_wconf 84' lang='grc' dir='ltr'><strong>τῶν</strong></span> <span class='ocrx_word' id='word_1_455' title='bbox 488 3485 786 3556; x_wconf 78' lang='grc' dir='ltr'>ἰδιωμάτων</span> <span class='ocrx_word' id='word_1_456' title='bbox 816 3483 1082 3555; x_wconf 78' lang='grc' dir='ltr'>μεταϐολῇ</span> <span class='ocrx_word' id='word_1_457' title='bbox 1102 3484 1200 3554; x_wconf 81' lang='grc' dir='ltr'><strong>τῆς</strong></span> <span class='ocrx_word' id='word_1_458' title='bbox 1230 3483 1463 3554; x_wconf 83' lang='grc' dir='ltr'>φυσικῆς</span> <span class='ocrx_word' id='word_1_459' title='bbox 1490 3479 1667 3535; x_wconf 81' lang='grc' dir='ltr'>αὐτῶν</span> <span class='ocrx_word' id='word_1_460' title='bbox 1701 3477 1923 3559; x_wconf 75' lang='grc' dir='ltr'>γενομέ-</span> 
     </span>
    </p>
   </div>
   <div class='ocr_carea' id='block_1_67' title="bbox 358 3575 789 3649">
    <p class='ocr_par' dir='ltr' id='par_1_67' title="bbox 358 3575 789 3649">
     <span class='ocr_line' id='line_1_67' title="bbox 358 3575 789 3649; baseline -0.002 -20"><span class='ocrx_word' id='word_1_461' title='bbox 358 3594 457 3649; x_wconf 86' lang='grc' dir='ltr'><strong>νης</strong></span> <span class='ocrx_word' id='word_1_462' title='bbox 488 3575 789 3649; x_wconf 81' lang='grc' dir='ltr'>ὑπάρξεως.</span> 
     </span>
    </p>
   </div>
   <div class='ocr_carea' id='block_1_68' title="bbox 573 3819 1704 3892">
    <p class='ocr_par' dir='ltr' id='par_1_68' title="bbox 573 3819 1704 3892">
     <span class='ocr_line' id='line_1_68' title="bbox 573 3819 1704 3892; baseline -0.002 -17"><span class='ocrx_word' id='word_1_463' title='bbox 573 3819 682 3876; x_wconf 83' lang='grc' dir='ltr'><strong>Τοῦ</strong></span> <span class='ocrx_word' id='word_1_464' title='bbox 713 3820 919 3886; x_wconf 83' lang='grc' dir='ltr'>αὑτοῦ,</span> <span class='ocrx_word' id='word_1_465' title='bbox 953 3822 1021 3874; x_wconf 86' lang='grc' dir='ltr'><strong>ἐκ</strong></span> <span class='ocrx_word' id='word_1_466' title='bbox 1045 3820 1152 3874; x_wconf 83' lang='grc' dir='ltr'>τοῦ</span> <span class='ocrx_word' id='word_1_467' title='bbox 1178 3821 1363 3877; x_wconf 84' lang='grc' dir='ltr'>αὐτοῦ</span> <span class='ocrx_word' id='word_1_468' title='bbox 1392 3822 1595 3892; x_wconf 69' lang='grc' dir='ltr'><strong>λόγου.</strong></span> <span class='ocrx_word' id='word_1_469' title='bbox 1644 3820 1704 3887; x_wconf 78' lang='grc' dir='ltr'><strong>ζ’.</strong></span> 
     </span>
    </p>
   </div>
   <div class='ocr_carea' id='block_1_69' title="bbox 430 3936 1922 4008">
    <p class='ocr_par' dir='ltr' id='par_1_69' title="bbox 430 3936 1922 4008">
     <span class='ocr_line' id='line_1_69' title="bbox 430 3936 1922 4008; baseline 0.001 -20"><span class='ocrx_word' id='word_1_470' title='bbox 430 3939 495 3992; x_wconf 83' lang='grc' dir='ltr'>Εἰ</span> <span class='ocrx_word' id='word_1_471' title='bbox 519 3936 575 3989; x_wconf 85' lang='grc' dir='ltr'><strong>δέ</strong></span> <span class='ocrx_word' id='word_1_472' title='bbox 606 3937 704 4005; x_wconf 83' lang='grc' dir='ltr'><strong>τῆς</strong></span> <span class='ocrx_word' id='word_1_473' title='bbox 729 3938 897 4008; x_wconf 80' lang='grc' dir='ltr'>αὐτῆς</span> <span class='ocrx_word' id='word_1_474' title='bbox 924 3936 1076 4006; x_wconf 84' lang='grc' dir='ltr'>αύτῷ</span> <span class='ocrx_word' id='word_1_475' title='bbox 1101 3938 1175 4008; x_wconf 85' lang='grc' dir='ltr'>μὴ</span> <span class='ocrx_word' id='word_1_476' title='bbox 1205 3937 1399 4007; x_wconf 85' lang='grc' dir='ltr'>γέγονε</span> <span class='ocrx_word' id='word_1_477' title='bbox 1426 3936 1659 4007; x_wconf 87' lang='grc' dir='ltr'>φύσεως,</span> <span class='ocrx_word' id='word_1_478' title='bbox 1676 3937 1796 3990; x_wconf 82' lang='grc' dir='ltr'><strong>ούδέ</strong></span> <span class='ocrx_word' id='word_1_479' title='bbox 1822 3938 1922 4007; x_wconf 74' lang='grc' dir='ltr'>τῆς</span> 
     </span>
    </p>
   </div>
   <div class='ocr_carea' id='block_1_70' title="bbox 358 4025 1922 4099">
    <p class='ocr_par' dir='ltr' id='par_1_70' title="bbox 358 4025 1922 4099">
     <span class='ocr_line' id='line_1_70' title="bbox 358 4025 1922 4099; baseline 0.001 -19"><span class='ocrx_word' id='word_1_480' title='bbox 358 4026 527 4097; x_wconf 74' lang='grc' dir='ltr'>αὐτῆς</span> <span class='ocrx_word' id='word_1_481' title='bbox 550 4025 697 4096; x_wconf 86' lang='grc' dir='ltr'>αύτῴ</span> <span class='ocrx_word' id='word_1_482' title='bbox 735 4042 866 4079; x_wconf 85' lang='grc' dir='ltr'>ποτε</span> <span class='ocrx_word' id='word_1_483' title='bbox 911 4028 1201 4097; x_wconf 77' lang='grc' dir='ltr'>γενήσεται</span> <span class='ocrx_word' id='word_1_484' title='bbox 1232 4028 1469 4098; x_wconf 82' lang='grc' dir='ltr'>φυσικῆς</span> <span class='ocrx_word' id='word_1_485' title='bbox 1485 4027 1782 4099; x_wconf 74' lang='grc' dir='ltr'>ἐνεργείαςο</span> <span class='ocrx_word' id='word_1_486' title='bbox 1834 4029 1922 4082; x_wconf 83' lang='grc' dir='ltr'><strong>ἵνα</strong></span> 
     </span>
    </p>
   </div>
   <div class='ocr_carea' id='block_1_71' title="bbox 362 4108 1918 4190">
    <p class='ocr_par' dir='ltr' id='par_1_71' title="bbox 362 4108 1918 4190">
     <span class='ocr_line' id='line_1_71' title="bbox 362 4108 1918 4190; baseline -0.001 -18"><span class='ocrx_word' id='word_1_487' title='bbox 362 4108 437 4187; x_wconf 79' lang='grc' dir='ltr'>μὴ</span> <span class='ocrx_word' id='word_1_488' title='bbox 466 4116 576 4188; x_wconf 68' lang='grc'><strong>(56)</strong></span> <span class='ocrx_word' id='word_1_489' title='bbox 607 4116 788 4188; x_wconf 85' lang='grc' dir='ltr'>δειχθῇ</span> <span class='ocrx_word' id='word_1_490' title='bbox 816 4120 881 4190; x_wconf 77' lang='grc' dir='ltr'>τῇ</span> <span class='ocrx_word' id='word_1_491' title='bbox 931 4116 1090 4187; x_wconf 85' lang='grc' dir='ltr'>φύσει</span> <span class='ocrx_word' id='word_1_492' title='bbox 1119 4119 1215 4190; x_wconf 81' lang='grc' dir='ltr'>τὴν</span> <span class='ocrx_word' id='word_1_493' title='bbox 1241 4119 1518 4190; x_wconf 72' lang='grc' dir='ltr'>ἐνέργειαν</span> <span class='ocrx_word' id='word_1_494' title='bbox 1551 4119 1733 4174; x_wconf 80' lang='grc' dir='ltr'>ἄνισον</span> <span class='ocrx_word' id='word_1_495' title='bbox 1763 4119 1918 4190; x_wconf 79' lang='grc' dir='ltr'>ἔχων,</span> 
     </span>
    </p>
   </div>
   <div class='ocr_carea' id='block_1_72' title="bbox 360 4204 1918 4277">
    <p class='ocr_par' dir='ltr' id='par_1_72' title="bbox 360 4204 1918 4277">
     <span class='ocr_line' id='line_1_72' title="bbox 360 4204 1918 4277; baseline 0.002 -18"><span class='ocrx_word' id='word_1_496' title='bbox 360 4205 456 4259; x_wconf 82' lang='grc' dir='ltr'>καὶ</span> <span class='ocrx_word' id='word_1_497' title='bbox 497 4204 885 4277; x_wconf 76' lang='grc' dir='ltr'>ἀκατάλληλον·</span> <span class='ocrx_word' id='word_1_498' title='bbox 912 4204 1007 4259; x_wconf 75' lang='grc' dir='ltr'>καὶ</span> <span class='ocrx_word' id='word_1_499' title='bbox 1031 4207 1129 4277; x_wconf 84' lang='grc' dir='ltr'><strong>τῆς</strong></span> <span class='ocrx_word' id='word_1_500' title='bbox 1162 4207 1325 4261; x_wconf 82' lang='grc' dir='ltr'>αὑτοῦ</span> <span class='ocrx_word' id='word_1_501' title='bbox 1347 4209 1415 4262; x_wconf 78' lang='grc' dir='ltr'>δι’</span> <span class='ocrx_word' id='word_1_502' title='bbox 1439 4208 1575 4261; x_wconf 76' lang='grc' dir='ltr'>ὅλων</span> <span class='ocrx_word' id='word_1_503' title='bbox 1593 4207 1703 4262; x_wconf 87' lang='grc' dir='ltr'><strong>τῶν</strong></span> <span class='ocrx_word' id='word_1_504' title='bbox 1726 4208 1918 4262; x_wconf 79' lang='grc' dir='ltr'>ἑαυτοῦ</span> 
     </span>
    </p>
   </div>
   <div class='ocr_carea' id='block_1_73' title="bbox 358 4296 1921 4374">
    <p class='ocr_par' dir='ltr' id='par_1_73' title="bbox 358 4296 1921 4374">
     <span class='ocr_line' id='line_1_73' title="bbox 358 4296 1921 4374; baseline 0.005 -25"><span class='ocrx_word' id='word_1_505' title='bbox 358 4297 592 4369; x_wconf 78' lang='grc' dir='ltr'>φυσικῆς</span> <span class='ocrx_word' id='word_1_506' title='bbox 614 4297 720 4364; x_wconf 76' lang='grc' dir='ltr'>ἔξω</span> <span class='ocrx_word' id='word_1_507' title='bbox 743 4296 981 4367; x_wconf 86' lang='grc' dir='ltr'>γεγονὼς</span> <span class='ocrx_word' id='word_1_508' title='bbox 1007 4299 1269 4372; x_wconf 75' lang='grc' dir='ltr'>ἰσότητος,</span> <span class='ocrx_word' id='word_1_509' title='bbox 1299 4300 1395 4355; x_wconf 75' lang='grc' dir='ltr'>καὶ</span> <span class='ocrx_word' id='word_1_510' title='bbox 1420 4300 1764 4374; x_wconf 79' lang='grc' dir='ltr'>ταυτότητος’</span> <span class='ocrx_word' id='word_1_511' title='bbox 1786 4303 1921 4373; x_wconf 81' lang='grc' dir='ltr'>ὅπερ</span> 
     </span>
    </p>
   </div>
   <div class='ocr_carea' id='block_1_74' title="bbox 354 4386 573 4451">
    <p class='ocr_par' dir='ltr' id='par_1_74' title="bbox 354 4386 573 4451">
     <span class='ocr_line' id='line_1_74' title="bbox 354 4386 573 4451; baseline -0.009 -10"><span class='ocrx_word' id='word_1_512' title='bbox 354 4386 573 4451; x_wconf 74' lang='grc' dir='ltr'>ἀσεϐές.</span> 
     </span>
    </p>
   </div>
   <div class='ocr_carea' id='block_1_75' title="bbox 2026 3273 3585 3329">
    <p class='ocr_par' dir='ltr' id='par_1_75' title="bbox 2026 3273 3585 3329">
     <span class='ocr_line' id='line_1_75' title="bbox 2026 3273 3585 3329; baseline 0.002 -3"><span class='ocrx_word' id='word_1_513' title='bbox 2026 3280 2161 3327; x_wconf 71' lang='lat' dir='ltr'><strong>tura:</strong></span> <span class='ocrx_word' id='word_1_514' title='bbox 2187 3288 2299 3327; x_wconf 74' lang='lat' dir='ltr'><strong>sua:</strong></span> <span class='ocrx_word' id='word_1_515' title='bbox 2328 3273 2737 3327; x_wconf 81' lang='lat' dir='ltr'><strong>substantialeni</strong></span> <span class='ocrx_word' id='word_1_516' title='bbox 2795 3274 3059 3327; x_wconf 86' lang='lat' dir='ltr'><strong>rationem</strong></span> <span class='ocrx_word' id='word_1_517' title='bbox 3096 3273 3237 3327; x_wconf 86' lang='lat' dir='ltr'><strong>ultra</strong></span> <span class='ocrx_word' id='word_1_518' title='bbox 3268 3274 3585 3329; x_wconf 86' lang='lat' dir='ltr'><strong>salvandam</strong></span> 
     </span>
    </p>
   </div>
   <div class='ocr_carea' id='block_1_76' title="bbox 2023 3361 3587 3433">
    <p class='ocr_par' dir='ltr' id='par_1_76' title="bbox 2023 3361 3587 3433">
     <span class='ocr_line' id='line_1_76' title="bbox 2023 3361 3587 3433; baseline 0.003 -18"><span class='ocrx_word' id='word_1_519' title='bbox 2023 3361 2274 3417; x_wconf 86' lang='lat' dir='ltr'><strong>habente.</strong></span> <span class='ocrx_word' id='word_1_520' title='bbox 2304 3361 2407 3429; x_wconf 87' lang='lat' dir='ltr'><strong>Qui</strong></span> <span class='ocrx_word' id='word_1_521' title='bbox 2432 3364 2575 3417; x_wconf 82' lang='lat' dir='ltr'><strong>enim</strong></span> <span class='ocrx_word' id='word_1_522' title='bbox 2597 3379 2783 3417; x_wconf 84' lang='lat' dir='ltr'><strong>eorum</strong></span> <span class='ocrx_word' id='word_1_523' title='bbox 2808 3380 2929 3433; x_wconf 69' lang='lat' dir='ltr'><strong>qua:</strong></span> <span class='ocrx_word' id='word_1_524' title='bbox 2959 3364 3182 3419; x_wconf 85' lang='lat' dir='ltr'><strong>alterius</strong></span> <span class='ocrx_word' id='word_1_525' title='bbox 3220 3374 3349 3420; x_wconf 89' lang='lat' dir='ltr'><strong>sunt</strong></span> <span class='ocrx_word' id='word_1_526' title='bbox 3377 3374 3587 3419; x_wconf 62' lang='lat' dir='ltr'><strong>naturae</strong></span> 
     </span>
    </p>
   </div>
   <div class='ocr_carea' id='block_1_77' title="bbox 2024 3454 3591 3528">
    <p class='ocr_par' dir='ltr' id='par_1_77' title="bbox 2024 3454 3591 3528">
     <span class='ocr_line' id='line_1_77' title="bbox 2024 3454 3591 3528; baseline 0.002 -19"><span class='ocrx_word' id='word_1_527' title='bbox 2024 3454 2187 3509; x_wconf 85' lang='lat' dir='ltr'><strong>sentit</strong></span> <span class='ocrx_word' id='word_1_528' title='bbox 2213 3455 2457 3528; x_wconf 82' lang='lat' dir='ltr'><strong>eamdem</strong></span> <span class='ocrx_word' id='word_1_529' title='bbox 2489 3456 2875 3525; x_wconf 83' lang='lat' dir='ltr'><strong>operationem,</strong></span> <span class='ocrx_word' id='word_1_530' title='bbox 2899 3455 3274 3513; x_wconf 83' lang='lat' dir='ltr'><strong>confusionem</strong></span> <span class='ocrx_word' id='word_1_531' title='bbox 3296 3457 3459 3512; x_wconf 91' lang='lat' dir='ltr'><strong>simul</strong></span> <span class='ocrx_word' id='word_1_532' title='bbox 3490 3474 3591 3512; x_wconf 86' lang='lat' dir='ltr'><strong>na-</strong></span> 
     </span>
    </p>
   </div>
   <div class='ocr_carea' id='block_1_78' title="bbox 2023 3548 3591 3621">
    <p class='ocr_par' dir='ltr' id='par_1_78' title="bbox 2023 3548 3591 3621">
     <span class='ocr_line' id='line_1_78' title="bbox 2023 3548 3591 3621; baseline 0.004 -19"><span class='ocrx_word' id='word_1_533' title='bbox 2023 3548 2277 3615; x_wconf 88' lang='lat' dir='ltr'><strong>turalem,</strong></span> <span class='ocrx_word' id='word_1_534' title='bbox 2308 3557 2362 3603; x_wconf 90' lang='lat' dir='ltr'><strong>et</strong></span> <span class='ocrx_word' id='word_1_535' title='bbox 2387 3548 2709 3603; x_wconf 86' lang='lat' dir='ltr'><strong>divisionem</strong></span> <span class='ocrx_word' id='word_1_536' title='bbox 2748 3564 2938 3604; x_wconf 87' lang='lat' dir='ltr'><strong>eorum</strong></span> <span class='ocrx_word' id='word_1_537' title='bbox 2975 3552 3316 3621; x_wconf 88' lang='lat' dir='ltr'><strong>personalem</strong></span> <span class='ocrx_word' id='word_1_538' title='bbox 3341 3553 3591 3609; x_wconf 86' lang='lat' dir='ltr'><strong>introdu-</strong></span> 
     </span>
    </p>
   </div>
   <div class='ocr_carea' id='block_1_79' title="bbox 2023 3640 3593 3711">
    <p class='ocr_par' dir='ltr' id='par_1_79' title="bbox 2023 3640 3593 3711">
     <span class='ocr_line' id='line_1_79' title="bbox 2023 3640 3593 3711; baseline 0.004 -17"><span class='ocrx_word' id='word_1_539' title='bbox 2023 3641 2135 3694; x_wconf 89' lang='lat' dir='ltr'><strong>cit:</strong></span> <span class='ocrx_word' id='word_1_540' title='bbox 2186 3640 2459 3711; x_wconf 83' lang='lat' dir='ltr'><strong>incognita</strong></span> <span class='ocrx_word' id='word_1_541' title='bbox 2511 3656 2740 3710; x_wconf 87' lang='lat' dir='ltr'><strong>prorsus</strong></span> <span class='ocrx_word' id='word_1_542' title='bbox 2790 3642 3109 3699; x_wconf 87' lang='lat' dir='ltr'><strong>idiomatum</strong></span> <span class='ocrx_word' id='word_1_543' title='bbox 3164 3645 3593 3703; x_wconf 82' lang='lat' dir='ltr'><strong>commutatione</strong></span> 
     </span>
    </p>
   </div>
   <div class='ocr_carea' id='block_1_80' title="bbox 2022 3731 3011 3790">
    <p class='ocr_par' dir='ltr' id='par_1_80' title="bbox 2022 3731 3011 3790">
     <span class='ocr_line' id='line_1_80' title="bbox 2022 3731 3011 3790; baseline 0.003 -3"><span class='ocrx_word' id='word_1_544' title='bbox 2022 3732 2258 3787; x_wconf 87' lang='lat' dir='ltr'><strong>naturali</strong></span> <span class='ocrx_word' id='word_1_545' title='bbox 2280 3747 2470 3787; x_wconf 87' lang='lat' dir='ltr'><strong>eorum</strong></span> <span class='ocrx_word' id='word_1_546' title='bbox 2500 3731 2641 3788; x_wconf 80' lang='lat' dir='ltr'><strong>facta</strong></span> <span class='ocrx_word' id='word_1_547' title='bbox 2671 3733 3011 3790; x_wconf 78' lang='lat' dir='ltr'><strong>exsistentia.</strong></span> 
     </span>
    </p>
   </div>
   <div class='ocr_carea' id='block_1_81' title="bbox 2271 3823 3343 3894">
    <p class='ocr_par' dir='ltr' id='par_1_81' title="bbox 2271 3823 3343 3894">
     <span class='ocr_line' id='line_1_81' title="bbox 2271 3823 3343 3894; baseline 0.003 -17"><span class='ocrx_word' id='word_1_548' title='bbox 2271 3823 2545 3894; x_wconf 77' lang='lat' dir='ltr'><strong>Ejusdem,</strong></span> <span class='ocrx_word' id='word_1_549' title='bbox 2577 3840 2642 3880; x_wconf 73' lang='lat' dir='ltr'><strong>ea:</strong></span> <span class='ocrx_word' id='word_1_550' title='bbox 2692 3826 2872 3880; x_wconf 83' lang='lat' dir='ltr'><strong>eodem</strong></span> <span class='ocrx_word' id='word_1_551' title='bbox 2921 3842 3177 3883; x_wconf 75' lang='lat' dir='ltr'><strong>sermone.</strong></span> <span class='ocrx_word' id='word_1_552' title='bbox 3216 3824 3343 3881; x_wconf 83' lang='lat' dir='ltr'><strong>VII.</strong></span> 
     </span>
    </p>
   </div>
   <div class='ocr_carea' id='block_1_82' title="bbox 2093 3936 3591 4008">
    <p class='ocr_par' dir='ltr' id='par_1_82' title="bbox 2093 3936 3591 4008">
     <span class='ocr_line' id='line_1_82' title="bbox 2093 3936 3591 4008; baseline 0.003 -18"><span class='ocrx_word' id='word_1_553' title='bbox 2093 3936 2206 3991; x_wconf 77' lang='lat' dir='ltr'><strong>V’ll.</strong></span> <span class='ocrx_word' id='word_1_554' title='bbox 2242 3937 2296 3992; x_wconf 91' lang='lat' dir='ltr'><strong>Si</strong></span> <span class='ocrx_word' id='word_1_555' title='bbox 2330 3953 2458 3993; x_wconf 74' lang='lat' dir='ltr'><strong>vero</strong></span> <span class='ocrx_word' id='word_1_556' title='bbox 2509 3939 2752 4008; x_wconf 86' lang='lat' dir='ltr'><strong>ejusdem</strong></span> <span class='ocrx_word' id='word_1_557' title='bbox 2795 3939 2897 3995; x_wconf 89' lang='lat' dir='ltr'><strong>sibi</strong></span> <span class='ocrx_word' id='word_1_558' title='bbox 2928 3955 3037 3994; x_wconf 92' lang='lat' dir='ltr'><strong>non</strong></span> <span class='ocrx_word' id='word_1_559' title='bbox 3062 3939 3165 3995; x_wconf 89' lang='lat' dir='ltr'><strong>l&#39;uit</strong></span> <span class='ocrx_word' id='word_1_560' title='bbox 3207 3950 3435 4004; x_wconf 72' lang='lat' dir='ltr'><strong>naturae,</strong></span> <span class='ocrx_word' id='word_1_561' title='bbox 3490 3954 3591 3994; x_wconf 71' lang='lat' dir='ltr'><strong>ne:</strong></span> 
     </span>
    </p>
   </div>
   <div class='ocr_carea' id='block_1_83' title="bbox 2021 4030 3591 4102">
    <p class='ocr_par' dir='ltr' id='par_1_83' title="bbox 2021 4030 3591 4102">
     <span class='ocr_line' id='line_1_83' title="bbox 2021 4030 3591 4102; baseline 0.001 -19"><span class='ocrx_word' id='word_1_562' title='bbox 2021 4031 2263 4100; x_wconf 87' lang='lat' dir='ltr'><strong>ejusdem</strong></span> <span class='ocrx_word' id='word_1_563' title='bbox 2297 4030 2402 4086; x_wconf 91' lang='lat' dir='ltr'><strong>sibi</strong></span> <span class='ocrx_word' id='word_1_564' title='bbox 2449 4031 2742 4101; x_wconf 84' lang='lat' dir='ltr'><strong>aliquando</strong></span> <span class='ocrx_word' id='word_1_565' title='bbox 2791 4033 2882 4085; x_wconf 85' lang='lat' dir='ltr'><strong>liet</strong></span> <span class='ocrx_word' id='word_1_566' title='bbox 2923 4033 3185 4087; x_wconf 88' lang='lat' dir='ltr'><strong>naturalis</strong></span> <span class='ocrx_word' id='word_1_567' title='bbox 3224 4032 3591 4102; x_wconf 85' lang='lat' dir='ltr'><strong>operationis;</strong></span> 
     </span>
    </p>
   </div>
   <div class='ocr_carea' id='block_1_84' title="bbox 2023 4123 3589 4192">
    <p class='ocr_par' dir='ltr' id='par_1_84' title="bbox 2023 4123 3589 4192">
     <span class='ocr_line' id='line_1_84' title="bbox 2023 4123 3589 4192; baseline 0.002 -18"><span class='ocrx_word' id='word_1_568' title='bbox 2023 4137 2091 4175; x_wconf 87' lang='lat' dir='ltr'><strong>ne</strong></span> <span class='ocrx_word' id='word_1_569' title='bbox 2116 4131 2373 4191; x_wconf 72' lang='lat' dir='ltr'><strong>appareat</strong></span> <span class='ocrx_word' id='word_1_570' title='bbox 2399 4123 2697 4177; x_wconf 88' lang='lat' dir='ltr'><strong>secundum</strong></span> <span class='ocrx_word' id='word_1_571' title='bbox 2756 4132 3007 4176; x_wconf 87' lang='lat' dir='ltr'><strong>naturam</strong></span> <span class='ocrx_word' id='word_1_572' title='bbox 3041 4123 3410 4192; x_wconf 80' lang='lat' dir='ltr'><strong>Operationem</strong></span> <span class='ocrx_word' id='word_1_573' title='bbox 3453 4124 3589 4177; x_wconf 58' lang='lat' dir='ltr'><strong>ina»</strong></span> 
     </span>
    </p>
   </div>
   <div class='ocr_carea' id='block_1_85' title="bbox 2020 4210 3591 4281">
    <p class='ocr_par' dir='ltr' id='par_1_85' title="bbox 2020 4210 3591 4281">
     <span class='ocr_line' id='line_1_85' title="bbox 2020 4210 3591 4281; baseline 0 -17"><span class='ocrx_word' id='word_1_574' title='bbox 2020 4211 2238 4279; x_wconf 89' lang='lat' dir='ltr'><strong>qualem</strong></span> <span class='ocrx_word' id='word_1_575' title='bbox 2267 4212 2469 4266; x_wconf 84' lang='lat' dir='ltr'><strong>habere</strong></span> <span class='ocrx_word' id='word_1_576' title='bbox 2490 4220 2545 4266; x_wconf 91' lang='lat' dir='ltr'><strong>et</strong></span> <span class='ocrx_word' id='word_1_577' title='bbox 2576 4212 3070 4277; x_wconf 85' lang='lat' dir='ltr'><strong>inconvenientem,</strong></span> <span class='ocrx_word' id='word_1_578' title='bbox 3101 4210 3177 4281; x_wconf 88' lang='grc' dir='ltr'><strong>(σ)</strong></span> <span class='ocrx_word' id='word_1_579' title='bbox 3203 4220 3258 4265; x_wconf 86' lang='lat' dir='ltr'><strong>et</strong></span> <span class='ocrx_word' id='word_1_580' title='bbox 3283 4226 3395 4266; x_wconf 73' lang='lat' dir='ltr'><strong>sua:</strong></span> <span class='ocrx_word' id='word_1_581' title='bbox 3417 4210 3591 4280; x_wconf 86' lang='lat' dir='ltr'><strong>ipsius</strong></span> 
     </span>
    </p>
   </div>
   <div class='ocr_carea' id='block_1_86' title="bbox 2021 4302 3593 4374">
    <p class='ocr_par' dir='ltr' id='par_1_86' title="bbox 2021 4302 3593 4374">
     <span class='ocr_line' id='line_1_86' title="bbox 2021 4302 3593 4374; baseline 0.001 -17"><span class='ocrx_word' id='word_1_582' title='bbox 2021 4314 2120 4371; x_wconf 86' lang='lat' dir='ltr'><strong>per</strong></span> <span class='ocrx_word' id='word_1_583' title='bbox 2140 4302 2322 4358; x_wconf 87' lang='lat' dir='ltr'><strong>omnia</strong></span> <span class='ocrx_word' id='word_1_584' title='bbox 2354 4317 2547 4358; x_wconf 86' lang='lat' dir='ltr'><strong>eorum</strong></span> <span class='ocrx_word' id='word_1_585' title='bbox 2582 4319 2703 4374; x_wconf 74' lang='lat' dir='ltr'><strong>quae</strong></span> <span class='ocrx_word' id='word_1_586' title='bbox 2731 4319 2831 4358; x_wconf 80' lang='lat' dir='ltr'><strong>sua</strong></span> <span class='ocrx_word' id='word_1_587' title='bbox 2854 4311 2982 4358; x_wconf 88' lang='lat' dir='ltr'><strong>sunt</strong></span> <span class='ocrx_word' id='word_1_588' title='bbox 3003 4303 3271 4360; x_wconf 84' lang='lat' dir='ltr'><strong>naturalis</strong></span> <span class='ocrx_word' id='word_1_589' title='bbox 3302 4314 3593 4359; x_wconf 80' lang='lat' dir='ltr'><strong>extraneus</strong></span> 
     </span>
    </p>
   </div>
   <div class='ocr_carea' id='block_1_87' title="bbox 2020 4394 3593 4471">
    <p class='ocr_par' dir='ltr' id='par_1_87' title="bbox 2020 4394 3593 4471">
     <span class='ocr_line' id='line_1_87' title="bbox 2020 4394 3593 4471; baseline 0.003 -19"><span class='ocrx_word' id='word_1_590' title='bbox 2020 4394 2200 4453; x_wconf 77' lang='lat' dir='ltr'><strong>factus</strong></span> <span class='ocrx_word' id='word_1_591' title='bbox 2227 4398 2553 4468; x_wconf 72' lang='lat' dir='ltr'><strong>aequalitatis</strong></span> <span class='ocrx_word' id='word_1_592' title='bbox 2602 4408 2658 4454; x_wconf 89' lang='lat' dir='ltr'><strong>et</strong></span> <span class='ocrx_word' id='word_1_593' title='bbox 2701 4399 3038 4456; x_wconf 86' lang='lat' dir='ltr'><strong>identitatis:</strong></span> <span class='ocrx_word' id='word_1_594' title='bbox 3080 4400 3223 4471; x_wconf 87' lang='lat' dir='ltr'><strong>quod</strong></span> <span class='ocrx_word' id='word_1_595' title='bbox 3247 4411 3330 4456; x_wconf 92' lang='lat' dir='ltr'><strong>est</strong></span> <span class='ocrx_word' id='word_1_596' title='bbox 3375 4401 3593 4471; x_wconf 82' lang='lat' dir='ltr'><strong>penitus</strong></span> 
     </span>
    </p>
   </div>
   <div class='ocr_carea' id='block_1_88' title="bbox 1950 4492 2268 4562">
    <p class='ocr_par' dir='ltr' id='par_1_88' title="bbox 1950 4492 2268 4562">
     <span class='ocr_line' id='line_1_88' title="bbox 1950 4492 2268 4562; baseline 0.003 -16"><span class='ocrx_word' id='word_1_597' title='bbox 1950 4506 1995 4562; x_wconf 77' lang='grc' dir='ltr'><strong>ι)</strong></span> <span class='ocrx_word' id='word_1_598' title='bbox 2020 4492 2268 4562; x_wconf 88' lang='lat' dir='ltr'><strong>impium.</strong></span> 
     </span>
    </p>
   </div>
   <div class='ocr_carea' id='block_1_89' title="bbox 574 4584 1707 4668">
    <p class='ocr_par' dir='ltr' id='par_1_89' title="bbox 574 4584 1707 4668">
     <span class='ocr_line' id='line_1_89' title="bbox 574 4584 1707 4668; baseline 0.004 -23"><span class='ocrx_word' id='word_1_599' title='bbox 574 4588 689 4645; x_wconf 82' lang='grc' dir='ltr'><strong>Τοῦ</strong></span> <span class='ocrx_word' id='word_1_600' title='bbox 715 4589 920 4656; x_wconf 83' lang='grc' dir='ltr'>αὐτοῦ,</span> <span class='ocrx_word' id='word_1_601' title='bbox 947 4590 1017 4645; x_wconf 78' lang='grc' dir='ltr'>ἐκ</span> <span class='ocrx_word' id='word_1_602' title='bbox 1043 4591 1149 4647; x_wconf 81' lang='grc' dir='ltr'><strong>τοῦ</strong></span> <span class='ocrx_word' id='word_1_603' title='bbox 1179 4584 1377 4647; x_wconf 74' lang='grc' dir='ltr'>αὐτοῦ’</span> <span class='ocrx_word' id='word_1_604' title='bbox 1403 4596 1606 4665; x_wconf 68' lang='grc' dir='ltr'><strong>λόγου.</strong></span> <span class='ocrx_word' id='word_1_605' title='bbox 1639 4604 1707 4668; x_wconf 85' lang='grc' dir='ltr'><strong>η’.</strong></span> 
     </span>
    </p>
   </div>
   <div class='ocr_carea' id='block_1_90' title="bbox 430 4687 1923 4779">
    <p class='ocr_par' dir='ltr' id='par_1_90' title="bbox 430 4687 1923 4779">
     <span class='ocr_line' id='line_1_90' title="bbox 430 4687 1923 4779; baseline 0.005 -22"><span class='ocrx_word' id='word_1_606' title='bbox 430 4703 522 4767; x_wconf 86' lang='grc' dir='ltr'>Εἰς</span> <span class='ocrx_word' id='word_1_607' title='bbox 566 4702 767 4776; x_wconf 85' lang='grc' dir='ltr'>ταύτην</span> <span class='ocrx_word' id='word_1_608' title='bbox 810 4703 867 4757; x_wconf 87' lang='grc' dir='ltr'>δὲ</span> <span class='ocrx_word' id='word_1_609' title='bbox 898 4703 995 4775; x_wconf 79' lang='grc' dir='ltr'><strong>τὴν</strong></span> <span class='ocrx_word' id='word_1_610' title='bbox 1053 4703 1259 4776; x_wconf 82' lang='grc' dir='ltr'>πλάνην</span> <span class='ocrx_word' id='word_1_611' title='bbox 1303 4687 1669 4779; x_wconf 73' lang='grc' dir='ltr'>κατήχθησαν,</span> <span class='ocrx_word' id='word_1_612' title='bbox 1737 4711 1923 4777; x_wconf 89' lang='grc' dir='ltr'>κακῶς</span> 
     </span>
    </p>
   </div>
   <div class='ocr_carea' id='block_1_91' title="bbox 359 4780 1922 4875">
    <p class='ocr_par' dir='ltr' id='par_1_91' title="bbox 359 4780 1922 4875">
     <span class='ocr_line' id='line_1_91' title="bbox 359 4780 1922 4875; baseline 0.005 -27"><span class='ocrx_word' id='word_1_613' title='bbox 359 4780 671 4858; x_wconf 86' lang='grc' dir='ltr'>πεισθέντες</span> <span class='ocrx_word' id='word_1_614' title='bbox 709 4795 844 4849; x_wconf 86' lang='grc' dir='ltr'>ἰδίαν</span> <span class='ocrx_word' id='word_1_615' title='bbox 875 4794 1125 4865; x_wconf 80' lang='grc' dir='ltr'>γενέσθαι</span> <span class='ocrx_word' id='word_1_616' title='bbox 1173 4797 1273 4869; x_wconf 81' lang='grc' dir='ltr'>τῆς</span> <span class='ocrx_word' id='word_1_617' title='bbox 1302 4799 1503 4869; x_wconf 77' lang='grc' dir='ltr'>σαρκὸς</span> <span class='ocrx_word' id='word_1_618' title='bbox 1541 4799 1638 4871; x_wconf 78' lang='grc' dir='ltr'><strong>τὴν</strong></span> <span class='ocrx_word' id='word_1_619' title='bbox 1663 4800 1730 4855; x_wconf 78' lang='grc' dir='ltr'>δι’</span> <span class='ocrx_word' id='word_1_620' title='bbox 1752 4802 1922 4875; x_wconf 83' lang='grc' dir='ltr'>αὐτῆς</span> 
     </span>
    </p>
   </div>
   <div class='ocr_carea' id='block_1_92' title="bbox 361 4886 1925 4970">
    <p class='ocr_par' dir='ltr' id='par_1_92' title="bbox 361 4886 1925 4970">
     <span class='ocr_line' id='line_1_92' title="bbox 361 4886 1925 4970; baseline 0.006 -29"><span class='ocrx_word' id='word_1_621' title='bbox 361 4886 721 4958; x_wconf 70' lang='grc' dir='ltr'>ὲκφανθεῖσαν</span> <span class='ocrx_word' id='word_1_622' title='bbox 746 4888 803 4940; x_wconf 82' lang='grc' dir='ltr'>ὲν</span> <span class='ocrx_word' id='word_1_623' title='bbox 836 4890 948 4952; x_wconf 87' lang='grc' dir='ltr'>τοῖς</span> <span class='ocrx_word' id='word_1_624' title='bbox 985 4886 1225 4960; x_wconf 89' lang='grc' dir='ltr'>θαύμασι</span> <span class='ocrx_word' id='word_1_625' title='bbox 1280 4889 1430 4945; x_wconf 90' lang='grc' dir='ltr'>θείαν</span> <span class='ocrx_word' id='word_1_626' title='bbox 1473 4892 1772 4965; x_wconf 75' lang='grc' dir='ltr'><strong>ἐνέργειαν⁸</strong></span> <span class='ocrx_word' id='word_1_627' title='bbox 1862 4895 1925 4950; x_wconf 79' lang='grc' dir='ltr'>τὸ</span> 
     </span>
    </p>
   </div>
   <div class='ocr_carea' id='block_1_93' title="bbox 306 4978 1926 5052">
    <p class='ocr_par' dir='ltr' id='par_1_93' title="bbox 306 4978 1926 5052">
     <span class='ocr_line' id='line_1_93' title="bbox 306 4978 1926 5052; baseline 0.009 -22"><span class='ocrx_word' id='word_1_628' title='bbox 306 5040 312 5045; x_wconf 14' lang='grc' dir='ltr'><strong>γ</strong></span> <span class='ocrx_word' id='word_1_629' title='bbox 361 4980 469 5032; x_wconf 78' lang='grc' dir='ltr'>πᾶν</span> <span class='ocrx_word' id='word_1_630' title='bbox 499 4981 527 5032; x_wconf 92' lang='lat'><strong>6</strong></span> <span class='ocrx_word' id='word_1_631' title='bbox 556 4978 788 5049; x_wconf 78' lang='grc' dir='ltr'>Χριστὸς</span> <span class='ocrx_word' id='word_1_632' title='bbox 819 4978 1085 5044; x_wconf 79' lang='grc' dir='ltr'>ούσιὼσας</span> <span class='ocrx_word' id='word_1_633' title='bbox 1113 4981 1235 5035; x_wconf 82' lang='grc' dir='ltr'>καθ’</span> <span class='ocrx_word' id='word_1_634' title='bbox 1277 4981 1306 5036; x_wconf 86' lang='lat'><strong>6</strong></span> <span class='ocrx_word' id='word_1_635' title='bbox 1351 4987 1549 5040; x_wconf 86' lang='grc' dir='ltr'>νοεῖται</span> <span class='ocrx_word' id='word_1_636' title='bbox 1586 4987 1739 5052; x_wconf 81' lang='grc' dir='ltr'>Θεὸς,</span> <span class='ocrx_word' id='word_1_637' title='bbox 1770 4990 1926 5044; x_wconf 84' lang='grc' dir='ltr'>συνέ-</span> 
     </span>
    </p>
   </div>
   <div class='ocr_carea' id='block_1_94' title="bbox 360 5070 1927 5161">
    <p class='ocr_par' dir='ltr' id='par_1_94' title="bbox 360 5070 1927 5161">
     <span class='ocr_line' id='line_1_94' title="bbox 360 5070 1927 5161; baseline 0.01 -37"><span class='ocrx_word' id='word_1_638' title='bbox 360 5089 446 5144; x_wconf 86' lang='grc' dir='ltr'><strong>χει</strong></span> <span class='ocrx_word' id='word_1_639' title='bbox 476 5070 860 5143; x_wconf 88' lang='grc' dir='ltr'>κρατούμενον.</span> <span class='ocrx_word' id='word_1_640' title='bbox 911 5073 984 5126; x_wconf 82' lang='grc' dir='ltr'>Ού</span> <span class='ocrx_word' id='word_1_641' title='bbox 1041 5074 1151 5147; x_wconf 81' lang='grc' dir='ltr'>γὰρ</span> <span class='ocrx_word' id='word_1_642' title='bbox 1188 5075 1448 5146; x_wconf 78' lang='grc' dir='ltr'>ἔγνωσαν,</span> <span class='ocrx_word' id='word_1_643' title='bbox 1494 5079 1751 5161; x_wconf 61' lang='grc' dir='ltr'>ἀδύνατον</span> <span class='ocrx_word' id='word_1_644' title='bbox 1785 5078 1927 5139; x_wconf 77' lang='grc' dir='ltr'>εἶναι</span> 
     </span>
    </p>
   </div>
   <div class='ocr_carea' id='block_1_95' title="bbox 362 5162 1925 5249">
    <p class='ocr_par' dir='ltr' id='par_1_95' title="bbox 362 5162 1925 5249">
     <span class='ocr_line' id='line_1_95' title="bbox 362 5162 1925 5249; baseline 0.01 -32"><span class='ocrx_word' id='word_1_645' title='bbox 362 5162 512 5226; x_wconf 79' lang='grc' dir='ltr'>θείας</span> <span class='ocrx_word' id='word_1_646' title='bbox 539 5163 814 5236; x_wconf 80' lang='grc' dir='ltr'>ἐνέργειαν</span> <span class='ocrx_word' id='word_1_647' title='bbox 860 5164 1070 5233; x_wconf 84' lang='grc' dir='ltr'>φύσεως</span> <span class='ocrx_word' id='word_1_648' title='bbox 1125 5169 1482 5243; x_wconf 80' lang='grc' dir='ltr'>ἐτεροφανοῦς</span> <span class='ocrx_word' id='word_1_649' title='bbox 1511 5174 1698 5240; x_wconf 82' lang='grc' dir='ltr'>οὐσίας</span> <span class='ocrx_word' id='word_1_650' title='bbox 1730 5176 1925 5249; x_wconf 80' lang='grc' dir='ltr'>ἰδίωμα</span> 
     </span>
    </p>
   </div>
   <div class='ocr_carea' id='block_1_96' title="bbox 359 5251 1925 5335">
    <p class='ocr_par' dir='ltr' id='par_1_96' title="bbox 359 5251 1925 5335">
     <span class='ocr_line' id='line_1_96' title="bbox 359 5251 1925 5335; baseline 0.012 -30"><span class='ocrx_word' id='word_1_651' title='bbox 359 5251 617 5325; x_wconf 79' lang='grc' dir='ltr'>γενέσθαι</span> <span class='ocrx_word' id='word_1_652' title='bbox 645 5253 767 5325; x_wconf 86' lang='grc' dir='ltr'>δίχα</span> <span class='ocrx_word' id='word_1_653' title='bbox 794 5257 1021 5327; x_wconf 84' lang='grc' dir='ltr'>τροπῆς·</span> <span class='ocrx_word' id='word_1_654' title='bbox 1045 5258 1165 5313; x_wconf 77' lang='grc' dir='ltr'>οὐδὲ</span> <span class='ocrx_word' id='word_1_655' title='bbox 1206 5262 1464 5334; x_wconf 78' lang='grc' dir='ltr'>συνῆκαν,</span> <span class='ocrx_word' id='word_1_656' title='bbox 1496 5264 1573 5329; x_wconf 84' lang='grc' dir='ltr'><strong>ὡς</strong></span> <span class='ocrx_word' id='word_1_657' title='bbox 1625 5267 1687 5319; x_wconf 90' lang='grc' dir='ltr'><strong>ού</strong></span> <span class='ocrx_word' id='word_1_658' title='bbox 1724 5269 1925 5335; x_wconf 83' lang='grc' dir='ltr'>παντὸς</span> 
     </span>
    </p>
   </div>
   <div class='ocr_carea' id='block_1_97' title="bbox 362 5345 1923 5430">
    <p class='ocr_par' dir='ltr' id='par_1_97' title="bbox 362 5345 1923 5430">
     <span class='ocr_line' id='line_1_97' title="bbox 362 5345 1923 5430; baseline 0.011 -32"><span class='ocrx_word' id='word_1_659' title='bbox 362 5345 491 5399; x_wconf 69' lang='grc' dir='ltr'>ἰδιόν</span> <span class='ocrx_word' id='word_1_660' title='bbox 526 5347 641 5399; x_wconf 78' lang='grc' dir='ltr'>ἐστι</span> <span class='ocrx_word' id='word_1_661' title='bbox 680 5347 900 5417; x_wconf 82' lang='grc' dir='ltr'>σαρκὸς,</span> <span class='ocrx_word' id='word_1_662' title='bbox 950 5350 1012 5403; x_wconf 78' lang='grc' dir='ltr'><strong>τὸ</strong></span> <span class='ocrx_word' id='word_1_663' title='bbox 1037 5349 1104 5404; x_wconf 87' lang='grc' dir='ltr'>δι’</span> <span class='ocrx_word' id='word_1_664' title='bbox 1138 5353 1308 5424; x_wconf 81' lang='grc' dir='ltr'>αὐτῆς</span> <span class='ocrx_word' id='word_1_665' title='bbox 1356 5356 1454 5427; x_wconf 80' lang='grc' dir='ltr'>μὲν</span> <span class='ocrx_word' id='word_1_666' title='bbox 1507 5359 1923 5430; x_wconf 77' lang='grc' dir='ltr'>ὲκφαινόμενον,</span> 
     </span>
    </p>
   </div>
   <div class='ocr_carea' id='block_1_98' title="bbox 360 5437 1924 5519">
    <p class='ocr_par' dir='ltr' id='par_1_98' title="bbox 360 5437 1924 5519">
     <span class='ocr_line' id='line_1_98' title="bbox 360 5437 1924 5519; baseline 0.012 -32"><span class='ocrx_word' id='word_1_667' title='bbox 360 5437 462 5491; x_wconf 81' lang='grc' dir='ltr'>οὐκ</span> <span class='ocrx_word' id='word_1_668' title='bbox 495 5437 663 5509; x_wconf 77' lang='grc' dir='ltr'>αὐτῆς</span> <span class='ocrx_word' id='word_1_669' title='bbox 685 5438 741 5491; x_wconf 81' lang='grc' dir='ltr'><strong>δὲ</strong></span> <span class='ocrx_word' id='word_1_670' title='bbox 762 5439 1002 5508; x_wconf 86' lang='grc' dir='ltr'>φυσικῶς</span> <span class='ocrx_word' id='word_1_671' title='bbox 1026 5442 1373 5515; x_wconf 76' lang='grc' dir='ltr'>ὲκφυόμενονο</span> <span class='ocrx_word' id='word_1_672' title='bbox 1400 5447 1576 5502; x_wconf 85' lang='grc' dir='ltr'>καίτοι</span> <span class='ocrx_word' id='word_1_673' title='bbox 1599 5450 1803 5519; x_wconf 76' lang='grc' dir='ltr'>σαφοῦς</span> <span class='ocrx_word' id='word_1_674' title='bbox 1827 5453 1924 5505; x_wconf 85' lang='grc' dir='ltr'>αύ-</span> 
     </span>
    </p>
   </div>
   <div class='ocr_carea' id='block_1_99' title="bbox 363 5527 1924 5614">
    <p class='ocr_par' dir='ltr' id='par_1_99' title="bbox 363 5527 1924 5614">
     <span class='ocr_line' id='line_1_99' title="bbox 363 5527 1924 5614; baseline 0.011 -34"><span class='ocrx_word' id='word_1_675' title='bbox 363 5530 476 5593; x_wconf 86' lang='grc' dir='ltr'>τοῖς</span> <span class='ocrx_word' id='word_1_676' title='bbox 526 5527 711 5600; x_wconf 76' lang='grc' dir='ltr'>οὔσης.</span> <span class='ocrx_word' id='word_1_677' title='bbox 761 5532 855 5585; x_wconf 72' lang='grc' dir='ltr'>καὶ</span> <span class='ocrx_word' id='word_1_678' title='bbox 908 5537 1216 5605; x_wconf 80' lang='grc' dir='ltr'>προφανοῦς</span> <span class='ocrx_word' id='word_1_679' title='bbox 1248 5539 1349 5611; x_wconf 85' lang='grc' dir='ltr'>τῆς</span> <span class='ocrx_word' id='word_1_680' title='bbox 1398 5541 1744 5609; x_wconf 80' lang='grc' dir='ltr'>ἀποδείξεως.</span> <span class='ocrx_word' id='word_1_681' title='bbox 1783 5544 1924 5614; x_wconf 84' lang='grc' dir='ltr'>Ἐγὼ</span> 
     </span>
    </p>
   </div>
   <div class='ocr_carea' id='block_1_100' title="bbox 365 5616 1922 5705">
    <p class='ocr_par' dir='ltr' id='par_1_100' title="bbox 365 5616 1922 5705">
     <span class='ocr_line' id='line_1_100' title="bbox 365 5616 1922 5705; baseline 0.011 -33"><span class='ocrx_word' id='word_1_682' title='bbox 365 5616 474 5690; x_wconf 75' lang='grc' dir='ltr'>γὰρ</span> <span class='ocrx_word' id='word_1_683' title='bbox 504 5617 719 5689; x_wconf 69' lang='grc' dir='ltr'>γλώσσῃ</span> <span class='ocrx_word' id='word_1_684' title='bbox 744 5619 939 5687; x_wconf 88' lang='grc' dir='ltr'>λαλῶν,</span> <span class='ocrx_word' id='word_1_685' title='bbox 965 5624 1058 5679; x_wconf 75' lang='grc' dir='ltr'>καὶ</span> <span class='ocrx_word' id='word_1_686' title='bbox 1085 5628 1230 5699; x_wconf 86' lang='grc' dir='ltr'>χειρί</span> <span class='ocrx_word' id='word_1_687' title='bbox 1256 5631 1501 5701; x_wconf 81' lang='grc' dir='ltr'>γράφων,</span> <span class='ocrx_word' id='word_1_688' title='bbox 1542 5634 1668 5705; x_wconf 88' lang='grc' dir='ltr'>μίαν</span> <span class='ocrx_word' id='word_1_689' title='bbox 1701 5634 1795 5689; x_wconf 76' lang='grc' dir='ltr'><strong>καὶ</strong></span> <span class='ocrx_word' id='word_1_690' title='bbox 1825 5635 1922 5689; x_wconf 82' lang='grc' dir='ltr'>αύ-</span> 
     </span>
    </p>
   </div>
   <div class='ocr_carea' id='block_1_101' title="bbox 2274 4602 3342 4677">
    <p class='ocr_par' dir='ltr' id='par_1_101' title="bbox 2274 4602 3342 4677">
     <span class='ocr_line' id='line_1_101' title="bbox 2274 4602 3342 4677; baseline 0.001 -19"><span class='ocrx_word' id='word_1_691' title='bbox 2274 4603 2551 4677; x_wconf 76' lang='lat' dir='ltr'><strong>Ejusdem,</strong></span> <span class='ocrx_word' id='word_1_692' title='bbox 2576 4619 2640 4659; x_wconf 73' lang='lat' dir='ltr'><strong>ea:</strong></span> <span class='ocrx_word' id='word_1_693' title='bbox 2669 4606 2845 4658; x_wconf 78' lang='lat' dir='ltr'><strong>eodem</strong></span> <span class='ocrx_word' id='word_1_694' title='bbox 2881 4621 3133 4661; x_wconf 76' lang='lat' dir='ltr'><strong>sermone.</strong></span> <span class='ocrx_word' id='word_1_695' title='bbox 3179 4602 3342 4659; x_wconf 80' lang='lat' dir='ltr'><strong><em>VIII.</em></strong></span> 
     </span>
    </p>
   </div>
   <div class='ocr_carea' id='block_1_102' title="bbox 2102 4717 3600 4786">
    <p class='ocr_par' dir='ltr' id='par_1_102' title="bbox 2102 4717 3600 4786">
     <span class='ocr_line' id='line_1_102' title="bbox 2102 4717 3600 4786; baseline 0.001 -12"><span class='ocrx_word' id='word_1_696' title='bbox 2102 4717 2234 4775; x_wconf 85' lang='lat' dir='ltr'><strong>Vill.</strong></span> <span class='ocrx_word' id='word_1_697' title='bbox 2266 4718 2326 4774; x_wconf 90' lang='lat' dir='ltr'><strong>ln</strong></span> <span class='ocrx_word' id='word_1_698' title='bbox 2380 4720 2527 4776; x_wconf 91' lang='lat' dir='ltr'><strong>hunc</strong></span> <span class='ocrx_word' id='word_1_699' title='bbox 2565 4729 2746 4775; x_wconf 84' lang='lat' dir='ltr'><strong>autem</strong></span> <span class='ocrx_word' id='word_1_700' title='bbox 2798 4735 3042 4775; x_wconf 87' lang='lat' dir='ltr'><strong>errorem</strong></span> <span class='ocrx_word' id='word_1_701' title='bbox 3070 4721 3205 4776; x_wconf 87' lang='lat' dir='ltr'><strong>illati</strong></span> <span class='ocrx_word' id='word_1_702' title='bbox 3267 4729 3414 4786; x_wconf 91' lang='lat' dir='ltr'><strong>sunt,</strong></span> <span class='ocrx_word' id='word_1_703' title='bbox 3455 4721 3600 4776; x_wconf 84' lang='lat' dir='ltr'><strong>male</strong></span> 
     </span>
    </p>
   </div>
   <div class='ocr_carea' id='block_1_103' title="bbox 2025 4811 3599 4885">
    <p class='ocr_par' dir='ltr' id='par_1_103' title="bbox 2025 4811 3599 4885">
     <span class='ocr_line' id='line_1_103' title="bbox 2025 4811 3599 4885; baseline 0.001 -17"><span class='ocrx_word' id='word_1_704' title='bbox 2025 4813 2307 4868; x_wconf 88' lang='lat' dir='ltr'><strong>credentes</strong></span> <span class='ocrx_word' id='word_1_705' title='bbox 2322 4812 2591 4883; x_wconf 89' lang='lat' dir='ltr'><strong>propriam</strong></span> <span class='ocrx_word' id='word_1_706' title='bbox 2614 4813 2795 4868; x_wconf 89' lang='lat' dir='ltr'><strong>carnis</strong></span> <span class='ocrx_word' id='word_1_707' title='bbox 2811 4811 3055 4868; x_wconf 78' lang='lat' dir='ltr'><strong>eli‘ectam</strong></span> <span class='ocrx_word' id='word_1_708' title='bbox 3072 4813 3315 4873; x_wconf 80' lang='lat' dir='ltr'><strong>divinam</strong></span> <span class='ocrx_word' id='word_1_709' title='bbox 3334 4816 3599 4885; x_wconf 86' lang='lat' dir='ltr'><strong>operatio-</strong></span> 
     </span>
    </p>
   </div>
   <div class='ocr_carea' id='block_1_104' title="bbox 2029 4904 3596 4978">
    <p class='ocr_par' dir='ltr' id='par_1_104' title="bbox 2029 4904 3596 4978">
     <span class='ocr_line' id='line_1_104' title="bbox 2029 4904 3596 4978; baseline 0.003 -22"><span class='ocrx_word' id='word_1_710' title='bbox 2029 4918 2175 4969; x_wconf 90' lang='lat' dir='ltr'><strong>nem,</strong></span> <span class='ocrx_word' id='word_1_711' title='bbox 2200 4919 2323 4974; x_wconf 69' lang='lat' dir='ltr'><strong>quaz</strong></span> <span class='ocrx_word' id='word_1_712' title='bbox 2345 4904 2628 4974; x_wconf 87' lang='lat' dir='ltr'><strong>peripsam</strong></span> <span class='ocrx_word' id='word_1_713' title='bbox 2653 4904 2710 4958; x_wconf 89' lang='lat' dir='ltr'><strong>in</strong></span> <span class='ocrx_word' id='word_1_714' title='bbox 2740 4904 3017 4960; x_wconf 84' lang='lat' dir='ltr'><strong>miraculis</strong></span> <span class='ocrx_word' id='word_1_715' title='bbox 3035 4904 3377 4963; x_wconf 81' lang='lat' dir='ltr'><strong>manifestata</strong></span> <span class='ocrx_word' id='word_1_716' title='bbox 3400 4916 3503 4975; x_wconf 88' lang='lat' dir='ltr'><strong>est;</strong></span> <span class='ocrx_word' id='word_1_717' title='bbox 3521 4914 3596 4978; x_wconf 82' lang='grc' dir='ltr'><strong>(τ)</strong></span> 
     </span>
    </p>
   </div>
   <div class='ocr_carea' id='block_1_105' title="bbox 2029 4996 3597 5070">
    <p class='ocr_par' dir='ltr' id='par_1_105' title="bbox 2029 4996 3597 5070">
     <span class='ocr_line' id='line_1_105' title="bbox 2029 4996 3597 5070; baseline 0.002 -21"><span class='ocrx_word' id='word_1_718' title='bbox 2029 5011 2135 5066; x_wconf 83' lang='lat' dir='ltr'><strong>qua</strong></span> <span class='ocrx_word' id='word_1_719' title='bbox 2160 5003 2332 5052; x_wconf 87' lang='lat' dir='ltr'><strong>totum</strong></span> <span class='ocrx_word' id='word_1_720' title='bbox 2359 4996 2613 5053; x_wconf 84' lang='lat' dir='ltr'><strong>Christus</strong></span> <span class='ocrx_word' id='word_1_721' title='bbox 2634 4996 3007 5053; x_wconf 83' lang='lat' dir='ltr'><strong>substantians</strong></span> <span class='ocrx_word' id='word_1_722' title='bbox 3028 5000 3324 5055; x_wconf 90' lang='lat' dir='ltr'><strong>secundum</strong></span> <span class='ocrx_word' id='word_1_723' title='bbox 3344 4998 3490 5070; x_wconf 86' lang='lat' dir='ltr'><strong>quod</strong></span> <span class='ocrx_word' id='word_1_724' title='bbox 3511 4999 3597 5053; x_wconf 88' lang='lat' dir='ltr'><strong>in-</strong></span> 
     </span>
    </p>
   </div>
   <div class='ocr_carea' id='block_1_106' title="bbox 2031 5085 3593 5161">
    <p class='ocr_par' dir='ltr' id='par_1_106' title="bbox 2031 5085 3593 5161">
     <span class='ocr_line' id='line_1_106' title="bbox 2031 5085 3593 5161; baseline 0.003 -20"><span class='ocrx_word' id='word_1_725' title='bbox 2031 5086 2287 5157; x_wconf 80' lang='lat' dir='ltr'><strong>telligitur</strong></span> <span class='ocrx_word' id='word_1_726' title='bbox 2307 5085 2470 5153; x_wconf 70' lang='lat' dir='ltr'><strong>Deus.</strong></span> <span class='ocrx_word' id='word_1_727' title='bbox 2504 5095 2650 5143; x_wconf 89' lang='lat' dir='ltr'><strong>tenet</strong></span> <span class='ocrx_word' id='word_1_728' title='bbox 2677 5096 2968 5144; x_wconf 90' lang='lat' dir='ltr'><strong>retentum.</strong></span> <span class='ocrx_word' id='word_1_729' title='bbox 3002 5086 3121 5144; x_wconf 82' lang='lat' dir='ltr'><strong>Non</strong></span> <span class='ocrx_word' id='word_1_730' title='bbox 3147 5091 3291 5146; x_wconf 86' lang='lat' dir='ltr'><strong>enim</strong></span> <span class='ocrx_word' id='word_1_731' title='bbox 3317 5104 3593 5161; x_wconf 74' lang='lat' dir='ltr'><strong>cognove-</strong></span> 
     </span>
    </p>
   </div>
   <div class='ocr_carea' id='block_1_107' title="bbox 2030 5179 3594 5251">
    <p class='ocr_par' dir='ltr' id='par_1_107' title="bbox 2030 5179 3594 5251">
     <span class='ocr_line' id='line_1_107' title="bbox 2030 5179 3594 5251; baseline 0.002 -17"><span class='ocrx_word' id='word_1_732' title='bbox 2030 5188 2179 5246; x_wconf 88' lang='lat' dir='ltr'><strong>runt,</strong></span> <span class='ocrx_word' id='word_1_733' title='bbox 2214 5179 2550 5250; x_wconf 88' lang='lat' dir='ltr'><strong>impossibile</strong></span> <span class='ocrx_word' id='word_1_734' title='bbox 2598 5195 2719 5236; x_wconf 91' lang='lat' dir='ltr'><strong>esse</strong></span> <span class='ocrx_word' id='word_1_735' title='bbox 2750 5180 2945 5236; x_wconf 65' lang='lat' dir='ltr'><strong>divina:</strong></span> <span class='ocrx_word' id='word_1_736' title='bbox 2967 5182 3337 5251; x_wconf 84' lang='lat' dir='ltr'><strong>operationem</strong></span> <span class='ocrx_word' id='word_1_737' title='bbox 3364 5191 3594 5248; x_wconf 56' lang='lat' dir='ltr'><strong>natura,</strong></span> 
     </span>
    </p>
   </div>
   <div class='ocr_carea' id='block_1_108' title="bbox 2027 5268 3596 5343">
    <p class='ocr_par' dir='ltr' id='par_1_108' title="bbox 2027 5268 3596 5343">
     <span class='ocr_line' id='line_1_108' title="bbox 2027 5268 3596 5343; baseline 0.002 -17"><span class='ocrx_word' id='word_1_738' title='bbox 2027 5271 2254 5327; x_wconf 86' lang='lat' dir='ltr'><strong>alterius</strong></span> <span class='ocrx_word' id='word_1_739' title='bbox 2312 5281 2522 5328; x_wconf 62' lang='lat' dir='ltr'><strong>natura:</strong></span> <span class='ocrx_word' id='word_1_740' title='bbox 2575 5268 2897 5329; x_wconf 79' lang='lat' dir='ltr'><strong>substantiae</strong></span> <span class='ocrx_word' id='word_1_741' title='bbox 2951 5274 3156 5330; x_wconf 84' lang='lat' dir='ltr'><strong>idioma</strong></span> <span class='ocrx_word' id='word_1_742' title='bbox 3211 5273 3326 5328; x_wconf 80' lang='lat' dir='ltr'><strong>ﬁeri</strong></span> <span class='ocrx_word' id='word_1_743' title='bbox 3389 5273 3596 5343; x_wconf 85' lang='lat' dir='ltr'><strong>absque</strong></span> 
     </span>
    </p>
   </div>
   <div class='ocr_carea' id='block_1_109' title="bbox 2028 5364 3593 5436">
    <p class='ocr_par' dir='ltr' id='par_1_109' title="bbox 2028 5364 3593 5436">
     <span class='ocr_line' id='line_1_109' title="bbox 2028 5364 3593 5436; baseline 0.002 -18"><span class='ocrx_word' id='word_1_744' title='bbox 2028 5364 2482 5420; x_wconf 81' lang='lat' dir='ltr'><strong>convertibililate</strong></span> <span class='ocrx_word' id='word_1_745' title='bbox 2539 5382 2553 5419; x_wconf 92' lang='lat'><strong>:</strong></span> <span class='ocrx_word' id='word_1_746' title='bbox 2607 5380 2783 5436; x_wconf 86' lang='lat' dir='ltr'><strong>neque</strong></span> <span class='ocrx_word' id='word_1_747' title='bbox 2834 5364 3246 5431; x_wconf 78' lang='lat' dir='ltr'><strong>intellexerunt,</strong></span> <span class='ocrx_word' id='word_1_748' title='bbox 3297 5365 3440 5434; x_wconf 93' lang='lat' dir='ltr'><strong>quod</strong></span> <span class='ocrx_word' id='word_1_749' title='bbox 3483 5382 3593 5421; x_wconf 89' lang='lat' dir='ltr'><strong>non</strong></span> 
     </span>
    </p>
   </div>
   <div class='ocr_carea' id='block_1_110' title="bbox 2029 5456 3594 5529">
    <p class='ocr_par' dir='ltr' id='par_1_110' title="bbox 2029 5456 3594 5529">
     <span class='ocr_line' id='line_1_110' title="bbox 2029 5456 3594 5529; baseline 0.002 -17"><span class='ocrx_word' id='word_1_750' title='bbox 2029 5458 2216 5528; x_wconf 91' lang='lat' dir='ltr'><strong>utique</strong></span> <span class='ocrx_word' id='word_1_751' title='bbox 2244 5458 2524 5528; x_wconf 88' lang='lat' dir='ltr'><strong>proprium</strong></span> <span class='ocrx_word' id='word_1_752' title='bbox 2558 5458 2629 5513; x_wconf 90' lang='lat' dir='ltr'><strong>sit</strong></span> <span class='ocrx_word' id='word_1_753' title='bbox 2656 5458 2871 5519; x_wconf 87' lang='lat' dir='ltr'><strong>carnis,</strong></span> <span class='ocrx_word' id='word_1_754' title='bbox 2919 5456 3063 5527; x_wconf 91' lang='lat' dir='ltr'><strong>quod</strong></span> <span class='ocrx_word' id='word_1_755' title='bbox 3102 5472 3199 5528; x_wconf 89' lang='lat' dir='ltr'><strong>per</strong></span> <span class='ocrx_word' id='word_1_756' title='bbox 3228 5471 3347 5512; x_wconf 87' lang='lat' dir='ltr'><strong>eam</strong></span> <span class='ocrx_word' id='word_1_757' title='bbox 3376 5456 3594 5529; x_wconf 88' lang='lat' dir='ltr'><strong>quidem</strong></span> 
     </span>
    </p>
   </div>
   <div class='ocr_carea' id='block_1_111' title="bbox 2030 5548 3597 5620">
    <p class='ocr_par' dir='ltr' id='par_1_111' title="bbox 2030 5548 3597 5620">
     <span class='ocr_line' id='line_1_111' title="bbox 2030 5548 3597 5620; baseline 0.003 -17"><span class='ocrx_word' id='word_1_758' title='bbox 2030 5559 2310 5605; x_wconf 81' lang='lat' dir='ltr'><strong>ostensum</strong></span> <span class='ocrx_word' id='word_1_759' title='bbox 2339 5559 2443 5616; x_wconf 90' lang='lat' dir='ltr'><strong>est,</strong></span> <span class='ocrx_word' id='word_1_760' title='bbox 2470 5565 2578 5605; x_wconf 90' lang='lat' dir='ltr'><strong>non</strong></span> <span class='ocrx_word' id='word_1_761' title='bbox 2609 5565 2674 5604; x_wconf 81' lang='lat' dir='ltr'><strong>ex</strong></span> <span class='ocrx_word' id='word_1_762' title='bbox 2699 5564 2763 5604; x_wconf 88' lang='lat' dir='ltr'><strong>ea</strong></span> <span class='ocrx_word' id='word_1_763' title='bbox 2794 5548 3114 5603; x_wconf 80' lang='lat' dir='ltr'><strong>naturaliter</strong></span> <span class='ocrx_word' id='word_1_764' title='bbox 3136 5558 3339 5616; x_wconf 85' lang='lat' dir='ltr'><strong>ortum,</strong></span> <span class='ocrx_word' id='word_1_765' title='bbox 3367 5564 3597 5620; x_wconf 62' lang='lat' dir='ltr'><strong>praescr-</strong></span> 
     </span>
    </p>
   </div>
   <div class='ocr_carea' id='block_1_112' title="bbox 2034 5638 3595 5715">
    <p class='ocr_par' dir='ltr' id='par_1_112' title="bbox 2034 5638 3595 5715">
     <span class='ocr_line' id='line_1_112' title="bbox 2034 5638 3595 5715; baseline 0.003 -20"><span class='ocrx_word' id='word_1_766' title='bbox 2034 5642 2130 5697; x_wconf 89' lang='lat' dir='ltr'><strong>tim</strong></span> <span class='ocrx_word' id='word_1_767' title='bbox 2155 5657 2280 5698; x_wconf 91' lang='lat' dir='ltr'><strong>cum</strong></span> <span class='ocrx_word' id='word_1_768' title='bbox 2302 5642 2463 5698; x_wconf 82' lang='lat' dir='ltr'><strong>clarae</strong></span> <span class='ocrx_word' id='word_1_769' title='bbox 2490 5642 2561 5697; x_wconf 88' lang='lat' dir='ltr'><strong>sit</strong></span> <span class='ocrx_word' id='word_1_770' title='bbox 2585 5641 2665 5697; x_wconf 81' lang='lat' dir='ltr'><strong>eis</strong></span> <span class='ocrx_word' id='word_1_771' title='bbox 2693 5649 2747 5697; x_wconf 87' lang='lat' dir='ltr'><strong>et</strong></span> <span class='ocrx_word' id='word_1_772' title='bbox 2770 5638 3071 5698; x_wconf 57' lang='lat' dir='ltr'><strong>manifesta</strong></span> <span class='ocrx_word' id='word_1_773' title='bbox 3094 5641 3451 5711; x_wconf 86' lang='lat' dir='ltr'><strong>probationis.</strong></span> <span class='ocrx_word' id='word_1_774' title='bbox 3484 5642 3595 5715; x_wconf 66' lang='lat' dir='ltr'><strong>Ego</strong></span> 
     </span>
    </p>
   </div>
   <div class='ocr_carea' id='block_1_113' title="bbox 442 5798 3094 5915">
    <p class='ocr_par' dir='ltr' id='par_1_113' title="bbox 442 5798 3094 5915">
     <span class='ocr_line' id='line_1_113' title="bbox 442 5798 3094 5915; baseline 0.005 -29"><span class='ocrx_word' id='word_1_775' title='bbox 442 5817 553 5888; x_wconf 72' lang='grc'><strong>(56)</strong></span> <span class='ocrx_word' id='word_1_776' title='bbox 595 5820 710 5889; x_wconf 79' lang='grc' dir='ltr'><strong>Μή.</strong></span> <span class='ocrx_word' id='word_1_777' title='bbox 760 5820 834 5879; x_wconf 86' lang='lat' dir='ltr'><strong>Ita</strong></span> <span class='ocrx_word' id='word_1_778' title='bbox 883 5840 1005 5882; x_wconf 89' lang='lat' dir='ltr'><strong>cum</strong></span> <span class='ocrx_word' id='word_1_779' title='bbox 1035 5826 1327 5900; x_wconf 83' lang='lat' dir='ltr'><strong>interprete</strong></span> <span class='ocrx_word' id='word_1_780' title='bbox 1368 5832 1748 5897; x_wconf 85' lang='lat' dir='ltr'><strong>Combelisius.</strong></span> <span class='ocrx_word' id='word_1_781' title='bbox 1775 5838 1916 5899; x_wconf 82' lang='lat' dir='ltr'><strong>Editi</strong></span> <span class='ocrx_word' id='word_1_782' title='bbox 1955 5841 2232 5900; x_wconf 87' lang='lat' dir='ltr'><strong>Sirmond.</strong></span> <span class='ocrx_word' id='word_1_783' title='bbox 2263 5852 2318 5900; x_wconf 90' lang='lat' dir='ltr'><strong>et</strong></span> <span class='ocrx_word' id='word_1_784' title='bbox 2344 5844 2557 5901; x_wconf 82' lang='lat' dir='ltr'><strong>Fabric.</strong></span> <span class='ocrx_word' id='word_1_785' title='bbox 2590 5852 2781 5915; x_wconf 69' lang='lat' dir='ltr'><strong>prteter</strong></span> <span class='ocrx_word' id='word_1_786' title='bbox 2807 5798 2940 5912; x_wconf 84' lang='lat' dir='ltr'><strong>rem,</strong></span> <span class='ocrx_word' id='word_1_787' title='bbox 2978 5845 3094 5915; x_wconf 82' lang='grc' dir='ltr'>μέν.</span> 
     </span>
    </p>
   </div>
  </div>
