4134 6430
558 363 662 419 859

1227 355 1283 411 S.
1322 354 1682 412 HIPPOLYTI
1720 358 1869 417 OPP.
1912 361 2095 418 PARS
2133 360 2201 419 ll.
2239 391 2309 402 —
2347 358 2650 414 DOGMAT.
2695 358 2783 415 ΕΤ
2822 360 3167 420 HISTORIC.

3703 375 3823 434 840

555 487 703 541 enim
750 486 935 555 lingua
981 482 1209 551 loquens
1252 487 1306 535 et
1351 497 1519 534 manu
1570 482 1849 546 scribens,
1886 501 2048 540 unam
2077 501 2100 539 ε

2205 481 2332 553 ,τὴν
2364 480 2431 534 δι’
2463 481 2663 551 ἀμφοῖν
2686 481 2784 551 τῆς
2810 484 3001 553 νοερᾶς
3034 501 3141 555 μου
3189 483 3367 557 ψυχῆς
3409 488 3650 556 ὲκφαίνω
3695 484 3829 549 ags;

554 580 803 634 eamdem
851 592 948 647 per
992 584 1279 642 utramque
1328 574 1707 630 intellectualis
1752 575 1949 631 anima:
1999 594 2131 632 mea:

458 670 461 671 ⁷
556 671 773 741 profero
793 667 1211 739 cogitationem;
1244 667 1609 733 operationem
1642 666 1762 736 ejus
1782 670 2130 724 exsistentem

558 761 858 816 naturalem
893 778 907 814 :
941 759 1089 813 nulla
1118 759 1329 814 ratione
1354 760 1650 814 ostendens
1677 775 1798 815 eam
1834 759 2016 831 lingua
2048 761 2130 814 vel

554 867 718 905 manu
763 850 1083 904 naturaliter
1129 859 1339 916 ortam;
1392 852 1485 906 sed
1515 867 1615 906 nec
1645 850 1896 907 eﬁ‘ectam
1939 866 2127 907 earum

554 945 636 998 vel
687 943 887 997 dictam
933 942 1317 1012 cogitationem
1366 952 1588 1013 propter
1635 944 1754 1012 ejus
1794 960 1861 998 ex
1902 954 2129 1015 utraque

550 1033 1063 1090 manifestationem.
1104 1034 1370 1106 Linguam
1404 1036 1550 1090 enim
1594 1037 1679 1090 vel
1727 1053 1948 1090 manum
1977 1037 2126 1107 cogi-

549 1127 772 1180 tativam
813 1126 1087 1196 sapienter
1117 1128 1269 1181 novit
1300 1142 1461 1181 nemo
1489 1146 1499 1180 :
1538 1129 1682 1183 sicut
1715 1144 1816 1183 nec
1844 1129 2126 1185 sanctissi-

548 1234 693 1273 mam
717 1219 814 1273 Dei
848 1234 1090 1285 carnem,
1121 1234 1221 1288 pro
1250 1234 1317 1273 eo
1337 1222 1481 1288 quod
1521 1228 1802 1288 assumpta
1831 1221 1921 1283 sit,
1957 1229 2011 1274 et
2032 1237 2126 1290 per

544 1329 666 1367 eam
701 1312 885 1367 divina
913 1312 987 1367 sit
1015 1314 1260 1381 operatio
1287 1312 1433 1367 clara
1460 1311 1669 1377 eﬁ‘ecta,
1690 1313 1987 1368 secundum
2024 1329 2123 1368 na-

546 1413 721 1458 turam
780 1402 1157 1458 conditricem.
1221 1402 1326 1455 Sed
1386 1403 1471 1471 pie
1526 1402 1814 1457 conlitetur
1874 1403 2118 1469 credens,

550 1494 679 1563 quia
710 1501 930 1562 propter
960 1492 1190 1547 salutem
1222 1501 1487 1559 nostram,
1515 1501 1571 1546 et
1601 1501 1659 1546 ut
1689 1493 1754 1547 ad
1780 1494 2119 1548 inconversi-

545 1582 809 1637 bilitatem
841 1583 1032 1651 ligaret
1059 1583 1489 1649 universitatem,
1524 1583 1902 1639 universorum
1929 1586 2118 1640 condi-

538 1683 624 1729 tor
649 1689 715 1728 ex
748 1675 1093 1729 sanctissima
1141 1689 1355 1744 semper
1404 1672 1626 1743 Virgine
1655 1673 1825 1730 Maria
1857 1691 1952 1746 per
1980 1692 2115 1732 con-

537 1766 844 1834 ceptionem
898 1765 1265 1821 inviolabilem
1317 1764 1434 1819 sine
1480 1767 1939 1822 conversibilitate
1982 1768 2113 1823 sub-

2235 591 2406 637 νοιαν,
2448 573 2726 644 ἐνέργειαν
2754 575 2926 646 αὐτῆς
2951 577 3299 649 ὑπάρχουσαν
3334 584 3586 653 φυσικήνο
3612 586 3820 657 μηδενὶ

2230 665 2376 737 λόγῳ
2426 666 2604 732 δείξας
2658 666 2825 738 αὐτὴν
2881 667 3155 741 γλώσσης,
3219 671 3252 743 ἦ
3309 673 3511 745 χειρὸς,
3557 678 3817 746 φυσικῶς

2230 757 2592 827 ὲκςιουομένην⁸
2622 758 2759 829 μήτε
2797 758 2902 831 μὴν
2956 760 3255 832 γενομένην
3285 764 3464 816 αὐτῶν
3494 764 3525 836 ἦ
3569 765 3811 840 λεγομέ-

2229 866 2326 918 νην
2354 848 2610 914 διάνοιαν,
2664 849 2752 903 διὰ
2806 851 2905 923 τὴν
2948 851 3014 905 δι’
3058 853 3258 924 ἀμφοῖν
3308 856 3477 927 αὐτῆς
3517 858 3806 929 ἔκφανσιν.

2227 939 2484 994 Γλῶσσαν
2511 940 2641 1011 γὰρ,
2688 941 2721 1012 ἢ
2777 946 2950 1014 χεῖρα,
3001 944 3344 1018 διανοητικὴν
3408 950 3627 1017 συνετὸς
3658 948 3809 1007 οἶδεν

2226 1032 2419 1097 οὐδείς·
2471 1033 2658 1105 ῶσπερ
2682 1034 2801 1087 οὐδὲ
2853 1035 2951 1107 τὴν
2999 1038 3269 1107 παναγίαν
3307 1039 3400 1092 τοῦ
3431 1040 3567 1094 Θεοῦ
3594 1042 3801 1114 σάρκα,

2224 1124 2312 1179 διὰ
2365 1125 2427 1178 τὸ
2463 1126 2893 1197 προσληφϐἧναι,
2926 1127 3020 1180 καὶ
3064 1128 3126 1181 τὸ
3173 1129 3240 1183 δι’
3271 1131 3438 1203 αὐτῆς
3465 1134 3803 1207 ὲκφανθῆναι

2224 1214 2321 1285 τὴν
2384 1214 2534 1269 θείαν
2586 1216 2885 1288 ἐνέργειαν,
2916 1218 3212 1289 γενομένην
3255 1221 3375 1274 κατ’
3418 1223 3578 1277 αὐτὸν
3633 1226 3799 1296 φύσει

2222 1303 2570 1374 δημιουργόν.
2615 1304 2751 1357 Ἀλλ’
2802 1304 3039 1370 εὐσεϐῶς
3067 1306 3316 1377 ὁμολογεί
3370 1311 3660 1374 πιστεύων,
3709 1313 3797 1367 ὅτι

2220 1396 2307 1450 διὰ
2339 1397 2436 1467 τὴν
2460 1397 2614 1467 ἡμῶν
2640 1398 2932 1470 σωτηρίαν,
2961 1399 3054 1452 καὶ
3080 1400 3141 1451 τὸ
3170 1398 3327 1470 δῆσαι
3368 1402 3503 1474 πρὸς
3527 1403 3795 1476 ἁτρεψίαν

2221 1484 2279 1535 τὸ
2310 1487 2440 1549 πᾶν,
2473 1488 2501 1538 ὁ
2529 1485 2636 1540 τῶν
2668 1485 2805 1539 ὅλων
2864 1487 3192 1559 δημιουργὸς
3257 1491 3321 1543 ἐκ
3370 1491 3467 1563 τῆς
3520 1496 3795 1564 παναγίας

2220 1576 2579 1648 ἁειπαρθένου
2613 1579 2852 1650 Μαρίας,
2888 1580 3029 1633 κατὰ
3065 1580 3324 1652 σύλληψιν
3350 1582 3637 1655 ἄχραντον,
3666 1586 3793 1659 δίχα

2218 1669 2426 1739 τροπῆς
2449 1710 2462 1733 ,
2533 1670 2860 1737 ἐνουσιώσας
2921 1672 3097 1743 ἑαυτῷ
3158 1672 3334 1745 ψυχὴν
3395 1675 3586 1747 νοέρὰν
3647 1681 3791 1748 μετὰ

2218 1761 2537 1832 αἰσθητικοῦ
2576 1762 2844 1834 σώματος,
2901 1764 3122 1833 γέγονεν
3172 1765 3456 1836 ἄνθρωπος
3500 1767 3659 1835 φύσει
3688 1787 3792 1825 κα·-

540 1858 813 1913 stantians
850 1857 1070 1912 sibimet
1121 1857 1357 1911 animam
1392 1856 1806 1914 intellectualem
1836 1876 1959 1914 eum
1987 1877 2100 1917 sen-

2217 1854 2338 1918 κίας
2360 1854 2658 1924 ἀλλότριος·
2695 1854 2812 1918 ὅλος
2856 1855 2988 1919 Θεὸς
3012 1858 3040 1909 ὁ
3063 1856 3242 1920 αὐτὸς,
3292 1858 3386 1910 καὶ
3426 1858 3544 1922 ὅλος
3570 1860 3785 1933 ἄνθρω-

537 1948 656 2003 sive
700 1964 925 2017 corpore
944 1991 958 2014 ,
1007 1958 1200 2003 natura
1228 1947 1406 2004 factus
1437 1958 1521 2003 est
1544 1950 1706 2004 homo
1732 1952 1951 2007 malitia:
1975 1954 2109 2008 alie-

2215 1961 2315 2007 πος
2344 1945 2372 1996 ὁ
2411 1945 2595 2008 αὑτός·
2628 1944 2747 2008 ὅλος
2772 1945 2903 2009 Θεὸς
2942 1945 3076 2017 ὁμοῦ
3123 1945 3282 2015 φύσει
3317 1946 3411 2000 καὶ
3452 1948 3785 2021 ἄνθρωποςὸ

536 2055 642 2094 nus
674 2057 687 2093 :
726 2048 874 2094 totus
898 2039 1041 2095 Deus
1067 2040 1179 2110 ipse
1199 2080 1214 2105 ,
1248 2048 1394 2094 totus
1422 2040 1586 2095 homo
1617 2040 1754 2095 idem
1791 2042 1932 2112 ipse;
1966 2052 2100 2099 totus

2210 2038 2390 2100 αὐτός.
2420 2037 2642 2108 Θεότητι
2678 2037 2785 2109 (57)
2845 2039 2940 2109 μὲν
2960 2037 3027 2091 τὰ
3053 2038 3171 2092 θεῖα
3202 2039 3290 2094 διὰ
3323 2042 3423 2111 τῆς
3446 2041 3609 2095 αὐτοῦ
3641 2060 3779 2097 παν-

535 2132 680 2188 Deus
723 2134 923 2204 pariter
971 2144 1165 2188 natura
1198 2144 1252 2189 et
1299 2134 1465 2189 homo
1517 2136 1659 2190 idem
1706 2137 1837 2205 ipse.
1906 2138 2100 2195 Deitate

2210 2130 2373 2198 αγίας
2424 2130 2648 2201 σαρκὸς,
2679 2131 2778 2184 οὐκ
2808 2131 2938 2184 ὅντα
2971 2130 3131 2200 φύσει
3160 2133 3258 2203 τῆς
3290 2135 3491 2204 σαρκὸς
3516 2136 3773 2208 ἐνεργῶν·

534 2225 786 2294 quidem,
832 2226 1012 2280 divina
1044 2242 1138 2295 per
1164 2242 1318 2281 suam
1353 2227 1523 2297 ipsius
1550 2229 1950 2285 sanctissimam
1987 2246 2100 2286 car-

2208 2221 2584 2293 ἀνορωπὸτητι
2633 2222 2690 2275 δὲ
2716 2223 2784 2277 τὰ
2813 2222 3149 2294 ἀνθρώπινα,
3178 2226 3277 2278 οὐκ
3313 2225 3441 2279 ὄντα
3480 2226 3636 2297 φύσει
3661 2228 3777 2282 θεό-

533 2330 657 2368 nem
679 2354 694 2378 ,
733 2331 841 2370 non
873 2317 1190 2372 exsistentia
1221 2328 1415 2374 natura
1448 2321 1650 2385 carnis,
1700 2336 1963 2391 operans;
2000 2322 2100 2376 hu-

2205 2330 2383 2383 τητος,
2432 2314 2599 2385 ἀνοχῇ
2630 2314 2852 2386 πάσχων
2887 2314 3159 2386 Θεότητος.
3188 2316 3370 2388 Μηδὲν
3403 2317 3541 2373 Θείον
3570 2318 3774 2390 γυμνὸν

528 2402 788 2456 manitate
816 2419 966 2468 vero,
995 2405 1257 2471 humana,
1288 2422 1395 2460 non
1419 2410 1737 2464 exsistentia
1766 2421 1958 2466 natura
1987 2412 2100 2467 dei-

2208 2404 2457 2476 σώματος
2493 2408 2810 2479 ἐνεργήσαςε
2853 2407 2985 2479 μηδὲ
3016 2408 3349 2480 ἀνθρώπινον
3386 2413 3415 2465 ὁ
3436 2411 3598 2476 αὐτὸς
3620 2412 3775 2484 ἄμοι-

528 2494 681 2558 tatis,
708 2494 922 2550 deitatis
951 2497 1282 2568 indulgentia
1326 2502 1560 2570 patiens.
1602 2500 1687 2556 Nil
1720 2503 1965 2558 divinum
2000 2521 2100 2559 nu-

2206 2516 2297 2570 ρον
2322 2499 2525 2570 δράσας
2547 2501 2817 2572 θεότητος
2843 2502 3026 2571 τηρῶν
3058 2503 3233 2574 ἐαυτῷ
3256 2505 3352 2557 καὶ
3378 2505 3499 2559 καθ’
3526 2506 3584 2560 ὃν
3615 2507 3775 2578 ἐνήρ-

524 2581 653 2636 dum
705 2598 936 2654 corpore
982 2596 1238 2656 Operatur
1286 2607 1298 2641 :
1351 2590 1428 2643 nil
1474 2592 1772 2646 humanum
1816 2594 1955 2648 idem
1986 2594 2100 2665 ipse

2205 2607 2371 2661 γησεν
2404 2592 2689 2664 ἀμφότερα
2746 2596 3082 2667 καινοπρεπῆ
3119 2596 3318 2667 τρόπον
3370 2587 3503 2669 (38),
3555 2598 3613 2669 τὸ
3651 2599 3770 2654 κατ’

521 2673 791 2744 privatum
817 2677 1097 2733 divinitate
1119 2696 1343 2750 gerens;
1380 2697 1606 2738 servans
1638 2684 1854 2739 sibimet
1878 2686 2097 2741 modum

2205 2685 2367 2754 ἄμφω
2396 2686 2641 2755 φυσικῶς
2688 2686 3064 2741 ἀναλλοίωτον·
3104 2691 3183 2751 είς
3212 2690 3475 2744 πίστωσιν
3513 2691 3613 2762 τῆς
3644 2694 3773 2748 ἐαυ-

522 2766 823 2821 secundum
852 2776 1145 2839 utrumque
1193 2772 1609 2839 immutabilem,
1644 2791 1738 2844 per
1773 2791 1932 2845 quem
1961 2792 2095 2847 ope-

2205 2776 2294 2831 τοῦ
2325 2777 2534 2846 τελείας
2586 2779 3081 2856 ὲῈνθρωπήσεως,
3123 2782 3223 2852 τῆς
3246 2782 3442 2846 .ὅντως
3501 2783 3764 2856 ἀληθοῦς,

521 2869 677 2914 ratus
704 2869 787 2914 est
816 2871 1046 2932 utraque
1086 2862 1296 2918 decenti
1344 2881 1517 2928 more,
1554 2868 1621 2921 ad
1648 2868 2091 2937 approbationem

2205 2868 2295 2920 καὶ
2324 2867 2487 2939 μηδὲν
2532 2848 2762 2939 exorans
2806 2848 3157 2942 φαολότητος.
3180 2848 3260 2925 ⁷Ὀ
3308 2873 3406 2942 μὲν
3434 2869 3526 2927 οὖν
3556 2848 3764 2947 ΒΙήρων,
3838 2868 3846 2879 ’

519 2951 770 3020 perfectae
794 2969 860 3007 ac
888 2970 1047 3018 verae,
1076 2955 1319 3025 nihilque
1345 2957 1595 3012 habentis
1621 2959 1904 3028 pravitatis
1933 2958 2095 3013 inhu-

2205 2956 2369 3022 οὕτως
2394 2958 2552 3029 ἔχων,
2584 2960 2658 3024 ὡς
2692 2961 2847 3031 ἔφην,
2878 2962 3156 3033 ἐνεργείας
3192 2963 3377 3034 μονάδι
3403 2964 3501 3035 τὴν
3541 2963 3786 3036 θεότηται

518 3045 849 3101 manationis
879 3061 1011 3101 suae.
1052 3045 1241 3117 Itaque
1269 3048 1405 3104 Bero
1437 3048 1655 3119 quidem
1683 3051 1762 3105 sic
1783 3066 1842 3105 se
1863 3051 2091 3118 habens,

2205 3048 2289 3105 τοῦ
2333 3048 2571 3121 Χριστοῦ
2633 3053 2728 3105 καὶ
2772 3051 2870 3123 τὴν
2910 3053 3307 3126 ἀνθρωπότητα
3337 3056 3572 3125 συγχέας
3628 3056 3762 3127 ὁμοῦ

519 3144 577 3188 ut
604 3135 737 3201 dixi,
771 3138 1102 3206 operationis
1134 3139 1368 3193 monade
1395 3140 1651 3195 deitatem
1680 3141 1881 3198 Christi
1910 3154 1963 3198 et
1987 3145 2091 3199 hu-

2205 3142 2460 3212 φυσικῶς,
2512 3143 2608 3196 καὶ
2662 3144 3031 3217 προσωπικῶς
3078 3146 3336 3217 μερίζων,
3382 3148 3637 3202 καταλύει
3671 3148 3760 3202 τὸν

423 3220 428 3225 ’
514 3227 831 3281 inanitatem
881 3229 1199 3284 naturaliter
1248 3230 1411 3285 simul
1462 3232 1824 3302 confundens,
1860 3246 1914 3289 et
1958 3251 2088 3306 par-

2205 3234 2330 3305 βίον·
2360 3237 2633 3307 ἀγνοήσας
2648 3215 2826 3308 μόνης
2873 3238 2971 3310 τῆς
3008 3215 3118 3307 τῶν
3154 3215 3428 3311 -ὁμοφυῶν
3456 3239 3759 3311 προσώπων

510 3318 653 3373 tiens
676 3320 1050 3389 personaliter,
1072 3321 1320 3378 dissolvit
1350 3324 1512 3379 vitam
1547 3345 1559 3379 :
1601 3323 1674 3397 (υ)
1708 3327 1967 3398 ignorans
1993 3345 2086 3384 su-

2205 3330 2466 3402 5μοφυοῢς
2516 3330 2842 3403 ταυτότητος
2894 3330 2991 3405 τὴν
3015 3334 3374 3406 ταυτουργίαν
3424 3330 3562 3389 εἶναι
3587 3332 3758 3404 δηλω-

513 3409 619 3464 lius
672 3419 861 3467 contra
919 3414 1251 3469 naturalium
1306 3432 1659 3486 personarum
1721 3422 2085 3477 connaturalis
2190 3422 2370 3493 τικήν.
3025 3468 3046 3509 κ

516 3499 817 3559 identitatis
859 3503 1102 3558 eamdem
1134 3506 1306 3576 ipsam
1334 3509 1701 3578 operationem
1725 3525 1848 3567 esse
1876 3512 2082 3582 signiti-

1871 3888 2374 3952 SYLLOGISMI.

1114 4040 1206 4100 De
1274 4038 1628 4116 suppositis
1686 4038 1812 4121 (39)
1844 4038 2195 4113 “divinitus
2260 4038 2662 4117 sapientibus
2717 4038 3126 4114 testimoniis,
3188 4100 3193 4105 .

1545 4168 1549 4173 ’
1587 4154 1649 4204 et
1685 4142 1853 4217 aliis,
1887 4142 2179 4223 ejusdem
2210 4144 2272 4204 S.
2305 4142 2651 4205 Anastasii.

567 4329 608 4387 ι.
649 4351 668 4384 ι
712 4332 852 4390 Ecce
898 4348 1045 4389 nunc
1094 4340 1148 4388 et
1196 4332 1603 4389 sacratissimns
1636 4333 1723 4388 hic
1755 4341 1810 4388 et
1835 4348 2064 4406 magnus

495 4424 707 4492 doctor,
746 4427 1095 4496 veritatisque
1132 4426 1286 4481 testis
1326 4425 1518 4492 ﬁdelis,
1551 4426 1895 4481 concorditer
1937 4442 2061 4480 cum

495 4516 618 4571 aliis
664 4518 917 4571 omnibus
958 4517 1159 4572 sanctis
1200 4518 1479 4572 catholica:
1508 4515 1597 4571 Dei
1636 4533 1699 4572 ac
1752 4517 2064 4587 apostolicae

2170 4333 2617 4421 praevaricatione
2644 4331 2817 4403 jubet.
2870 4332 3253 4389 Dilﬁeillimum
3285 4344 3465 4392 autem
3504 4348 3647 4411 esse,
3679 4350 3745 4392 ac

2172 4423 2347 4477 modis
2395 4422 2651 4477 omnibus
2701 4422 3041 4492 impossibile
3080 4422 3305 4482 deﬁnit,
3339 4432 3397 4476 ut
3443 4428 3605 4482 unam
3648 4439 3744 4480 vo-

2167 4514 2432 4569 luntatem
2474 4506 2528 4567 et
2559 4513 2951 4583 Operationem,
2994 4522 3089 4568 aut
3128 4522 3371 4567 naturam
3420 4528 3580 4567 unam
3624 4514 3743 4568 dei-

494 4606 898 4663 institutorihus
929 4607 1201 4671 Ecclesiae,
1237 4609 1375 4663 duas
1413 4608 1713 4663 secundum
1758 4609 2061 4671 unitionem
2171 4603 2297 4658 tatis
2334 4614 2389 4658 et
2416 4603 2771 4660 humanitatis
2808 4604 2928 4674 ejus
2957 4603 3320 4683 confiteantur
3350 4602 3423 4657 ‘hi
3447 4641 3465 4669 ,
3517 4604 3609 4673 qui
3651 4604 3738 4673 pie

494 4697 833 4755 inconfusam
852 4700 1793 4771 etimpartihilem,quemadmodum
1815 4708 2059 4766 naturas,
2099 4759 2133 4771 κ
2171 4696 2350 4751 vivere
2397 4695 2606 4750 volunt.
2660 4694 3077 4765 Proptcr'quod
3131 4706 3184 4748 et
3229 4694 3333 4751 tale
3377 4694 3508 4764 quid
3567 4695 3621 4750 ln
3670 4710 3739 4751 eo

492 4791 564 4846 ita
590 4792 750 4847 etiam
782 4793 919 4847 duas
942 4793 1248 4848 voluntates
1282 4803 1335 4849 et
1358 4759 1504 4849 lduas
1547 4795 1892 4864 operationes
1926 4807 2058 4846 c0n—
2096 4759 2139 4814 θ
2171 4788 2620 4858 ἀθειηειιὶῑίιηίεες
2671 4797 2927 4857 tanquam
2975 4786 3170 4855 impios
3198 4793 3251 4838 ει
3280 4785 3490 4840 δίίθυοδ
3539 4785 3738 4840 imma”

485 4885 1219 4952 gruentesetconvenientes
1244 4888 1474 4949 naturis,
1498 4887 1734 4941 divinam
1774 4886 2057 4939 utdictum
2162 4882 2355 4934 calata:
2392 4889 2593 4936 nostra:
2622 4879 3058 4935 Christianorum
3104 4877 3229 4933 ﬁdei
3274 4878 3462 4947 abjieit
3507 4886 3562 4933 et
3599 4893 3737 4933 con-

484 4985 643 5032 estet
665 4978 979 5041 humanam,
1006 4979 1299 5033 inereatam
1338 4988 1391 5032 et
1422 4987 1690 5041 creatam,
1738 4991 1846 5029 non
1887 4976 2058 5030 inem-
2165 4975 2406 5033 demnat,
2442 4988 2650 5043 nosque
2684 4972 2787 5026 hoc
2821 4970 2997 5026 facere
3030 4977 3401 5040 protestatur.‘
3417 4970 3492 5026 De
3517 4971 3732 5027 duabus

484 5077 630 5137 ptam
671 5080 724 5124 et
767 5079 1020 5140 emptam,
1071 5079 1327 5139 tanquam
1360 5068 1451 5123 Dei
1506 5067 1669 5122 simul
1723 5077 1778 5121 et
1821 5067 2058 5122 hominis
2159 5067 2304 5121 enim
2336 5064 2633 5121 Salvatoris
2679 5064 2847 5120 nostri
2895 5062 3096 5119 Christi
3126 5063 3336 5119 naturis
3369 5073 3423 5118 et
3454 5064 3734 5134 operatio-

484 5162 647 5218 unius
663 5170 716 5217 et
734 5163 977 5234 ejusdem
1001 5162 1213 5217 Domini
1243 5161 1415 5216 nostri
1436 5159 1563 5216 Jesu
1596 5160 1824 5219 Christi,
1855 5174 2054 5229 magna
2162 5159 2350 5223 nibus,
2400 5167 2461 5212 ut
2512 5159 2746 5213 breviter
2786 5173 2957 5228 pauca
3001 5174 3066 5212 ex
3102 5159 3273 5213 sacris
3317 5157 3460 5213 illius
3497 5152 3730 5228 eloquiis

481 5269 610 5308 voce
639 5254 924 5310 conﬁtetur
954 5270 1019 5310 ac
1046 5254 1332 5325 prazdicat,
1371 5261 1426 5307 et
1454 5252 1700 5307 conﬁteri
1744 5251 1900 5309 nobis
1932 5251 2053 5308 sine
2158 5252 2465 5322 expediam,
2501 5251 2616 5306 haec
2646 5250 2921 5306 evidenter
2944 5250 3194 5305 allatum

2157 5516 2177 5552 ‹
2214 5498 2434 5573 tleitatis
2468 5496 2805 5573 indulgentia
2831 5505 3077 5573 patiens;
3113 5513 3152 5573 _r
3177 5490 3720 5573 quiaa_alias_desnnt.

2220 5570 2330 5640 (58)
2372 5564 3018 5645 quroxga;ﬁ_rpdxor,
3059 5587 3078 5616 ι
3111 5564 3610 5645 Νονσᾱςςθηιίιιηο.
3636 5574 3728 5645 ra:

2147 5630 2323 5693 tione;
2340 5658 2359 5690 ›
2382 5638 2550 5692 Alline
2567 5630 2708 5707 istud
2726 5630 2821 5707 τῷ,
2841 5640 3061 5707 καινήν
3088 5651 3220 5707 τινα
3245 5631 3549 5707 ἐνέργειαν
3578 5630 3725 5699 ἡμῖν

2147 5711 2528 5773 πολιτεύσας.
2564 5700 2789 5776 Dionysi
2809 5700 2984 5776 epist.
3008 5700 3053 5759 λι
3084 5707 3149 5760 ad
3182 5700 3717 5776 Gaiun‘t.'_CouBr.rts.

2216 5780 2327 5852 (59)
2371 5770 2789 5848 διῳροείιὶδίω
2815 5770 2919 5849 es;
2949 5791 3113 5848 supra
3146 5775 3356 5845 positis.
3386 5770 3607 5826 anic.

548 5496 659 5567 (57)
678 5497 856 5564 Ὄλος
870 5497 1425 5566 Θεὸς...θεότητι.“1ω
1443 5513 1564 5551 eum
1584 5498 1873 5567 interprete
1890 5497 2049 5552 Com.

479 5564 717 5637 heﬁsins.
761 5569 969 5637 Heliqui
994 5608 1008 5629 ,
1036 5564 1339 5631 Sirmond.,
1380 5568 1588 5623 Fabric.
1629 5580 1684 5622 et
1721 5564 1984 5637 Basnag.,
2016 5570 2045 5621 ὀ

475 5635 650 5709 Λόγος
682 5638 813 5701 Θεὸς
838 5642 867 5691 ὁ
899 5635 1077 5702 αὐτός’
1116 5639 1347 5709 θεότητι,
1383 5656 1437 5691 κ.
1469 5656 1518 5691 τ.
1555 5638 1602 5694 λ.
1634 5635 2039 5709 Interjectalob

476 5708 755 5772 repetitam
804 5724 986 5762 vocem
1023 5711 1218 5773 αὐτὸς,
1261 5706 1529 5764 excidisse
1587 5706 1856 5763 videntur.
1914 5706 2039 5763 [hee

475 5774 603 5831 item
650 5793 716 5833 ex
753 5777 1083 5835 Combetlsio
1116 5780 1169 5835 in
1203 5780 1648 5849 interpretatione
1677 5779 2035 5847 restituimus,
