4134 6372
403 420 499 477 8H

813 548 891 604 Ea:
920 550 1148 606 editione
1180 550 1582 606 Sirmondiano.

474 637 540 692 ll.
592 636 835 712 Utraque
857 641 971 714 (40)
994 643 1288 698 ostendens
1323 659 1486 714 super
1517 659 1639 714 quae
1670 642 1982 714 dupliciter,

402 729 585 786 divine
623 733 833 788 scilicet
865 741 920 788 et
951 734 1207 803 humane,
1243 745 1529 804 operatum
1556 742 1641 791 est
1678 734 1983 789 secundum

401 822 650 878 eamdem
698 839 820 892 qua:
853 825 1118 881 veraciter
1165 841 1289 880 vera
1331 835 1415 881 est
1458 834 1513 881 et
1543 827 1815 881 naturalis
1845 826 1980 880 sub-

403 914 626 979 stantia,
656 913 824 971 Deum
864 915 1191 975 immensum
1225 918 1389 973 simul
1421 927 1476 973 et
1503 919 1979 988 circumscriptum

401 1007 675 1063 hominem
728 1011 1077 1067 exsistentem
1129 1022 1183 1068 et
1227 1013 1579 1078 intellectum,
1616 1012 1978 1069 substantiam

400 1101 685 1172 utriusque
712 1102 948 1173 perfecte
973 1103 1269 1174 perfectam
1300 1105 1588 1160 habentem
1623 1120 1748 1160 cum
1779 1120 1979 1175 opera-

399 1192 545 1249 tione
582 1210 717 1259 sua,
767 1195 819 1250 id
856 1207 941 1251 est
972 1198 1208 1253 naturali
1246 1199 1596 1269 proprietate.
1643 1197 1713 1252 Et
1755 1216 1978 1257 rursus:

394 1284 512 1341 Non
543 1287 687 1341 cnim
722 1288 835 1356 (Η)
868 1288 1008 1345 facta
1037 1299 1122 1346 est
1164 1300 1358 1347 natura
1394 1292 1572 1348 deitas
1605 1300 1974 1348 transmutata

395 1387 588 1433 natura
642 1395 794 1446 caro,
854 1381 995 1437 facta
1050 1393 1247 1439 natura
1297 1384 1597 1441 divinitatis
1642 1401 1836 1442 carO':
1881 1387 1976 1442 sed

392 1470 539 1542 quod
575 1482 692 1528 erat
724 1476 886 1529 etiam
917 1476 1106 1532 deitati
1152 1488 1402 1551 coaptata
1445 1480 1652 1537 mansit
1692 1497 1842 1549 caro,
1892 1482 1977 1536 in-

392 1562 550 1619 ﬁrma
593 1576 648 1621 et
690 1570 968 1639 passibilis
1013 1580 1210 1627 natura
1243 1582 1298 1627 et
1325 1576 1677 1644 operatione,
1731 1576 1875 1632 sicut
1900 1576 1978 1631 ait

396 1656 647 1713 Salvator
673 1677 686 1712 :
720 1680 738 1712 ι
768 1660 1004 1732 Spiritus
1035 1667 1254 1735 quidem
1291 1676 1595 1739 promptus,
1627 1684 1756 1725 caro
1788 1680 1972 1725 autem

390 1750 612 1807 inﬁrma
634 1751 699 1807 “.
731 1772 750 1802 δ
790 1753 860 1808 Et
885 1756 1076 1811 iterum
1101 1773 1119 1812 :
1141 1757 1245 1813 Per
1274 1776 1435 1830 quam
1471 1760 1586 1833 (42)
1631 1772 1890 1833 operatus
1920 1770 1975 1818 et

390 1845 606 1913 patiens
643 1861 766 1917 quae
810 1859 968 1905 erant
1007 1852 1191 1907 carnis
1241 1854 1359 1909 sine
1393 1863 1638 1923 peccato,
1683 1872 1781 1925 pro
1813 1856 1973 1913 nobis

1436 426 1716 482 CONTRA
1755 422 2081 482 BERONEM
2120 423 2207 479 ΕΤ
2248 420 2662 482 HELlCONEM.

2012 553 2060 610 Α

3567 425 3673 480 812

2410 546 2492 602 Ea:
2526 547 2756 603 editione
2790 544 3179 619 Combcﬁsiana
3213 524 3349 615 (49).

2154 638 2218 693 ll.
2264 637 2506 709 Utraque
2535 640 2829 696 ostendens
2861 656 2940 704 se,
2969 654 3036 694 eo
3063 639 3209 710 quod
3241 637 3532 708 dupliciter
3566 638 3673 711 (di-

2082 729 2211 787 vine
2250 732 2461 787 scilicet
2498 740 2554 787 et
2597 732 2860 803 humane)
2896 742 3182 803 operatum
3209 739 3325 799 est,
3370 732 3671 787 secundum

2082 822 2332 879 eamdem
2375 838 2499 894 quae
2531 825 2798 881 veraciter
2827 840 2955 880 vera
2984 834 3039 880 et
3068 825 3337 880 naturalis
3364 824 3672 880 substantia

2084 925 2188 982 est,
2226 917 2397 972 Deum
2433 917 2762 973 immensum
2791 918 2975 984 simul,
3002 926 3057 974 et
3078 917 3553 988 circumsciiptum
3579 933 3676 971 ex-

2083 1004 2277 1059 sistere
2324 1020 2389 1060 ac
2437 1004 2666 1077 intelligi
2711 1006 3032 1073 hominem;
3098 1008 3387 1078 utriusque
3433 1005 3675 1078 perfecte

2080 1093 2376 1165 perfectam
2409 1097 2706 1152 essentiam
2741 1096 3051 1163 habentem,
3071 1114 3195 1154 cum
3224 1098 3371 1154 illius
3405 1099 3676 1169 operatio-

2082 1201 2184 1249 ne,
2233 1187 2287 1242 id
2319 1198 2433 1253 est,
2489 1188 2727 1242 naturali
2765 1189 3121 1259 proprietate.
3187 1189 3253 1243 Et
3286 1206 3472 1245 rursus
3501 1205 3520 1244 :
3551 1191 3673 1246 Non

2079 1277 2226 1331 enim
2256 1293 2387 1334 caro
2425 1278 2569 1334 facta
2600 1290 2684 1336 est
2714 1289 2910 1335 natura
2938 1281 3134 1348 deitas,
3162 1283 3425 1338 translata
3450 1293 3671 1349 natura,

2080 1366 2223 1423 facta
2252 1370 2512 1427 videlicet
2539 1372 2841 1428 secundum
2876 1382 3135 1429 naturam
3166 1374 3471 1432 divinitatis
3498 1391 3629 1432 caro
3654 1394 3671 1443 ;

2079 1460 2174 1515 sed
2202 1462 2349 1530 quod
2373 1470 2511 1527 erat,
2548 1462 2715 1518 etiam
2755 1462 2941 1518 deitati
2972 1473 3188 1535 coapta,
3226 1467 3451 1532 mansit,
3482 1465 3533 1521 id
3565 1475 3670 1533 cst,

2078 1569 2208 1609 caro
2234 1555 2451 1610 inﬁrma
2483 1566 2536 1612 et
2561 1558 2839 1627 passibilis
2869 1567 3067 1614 natura
3103 1557 3511 1630 etOperalione,
3530 1560 3675 1615 sicut

2078 1647 2155 1701 ait
2206 1646 2458 1703 Salvator
2497 1668 2509 1703 :
2572 1668 2591 1701 ι
2637 1650 2872 1720 Spiritus
2938 1652 3160 1722 quidem
3209 1662 3531 1722 promptus,
3573 1668 3672 1708 ca-

2079 1754 2142 1793 ro
2189 1748 2374 1796 autem
2421 1741 2660 1797 inﬁrma.
2700 1762 2719 1795 ›
2779 1742 2849 1797 Ει
2883 1760 3069 1799 rursus
3104 1759 3123 1798 :
3166 1743 3284 1811 Qua
3329 1756 3586 1814 Operatus
3618 1751 3674 1800 et

2078 1847 2295 1903 passus,
2317 1850 2442 1906 quae
2463 1844 2625 1890 erant
2654 1836 2840 1892 carnis
2871 1836 2940 1891 ab
2963 1836 3113 1891 omni
3135 1846 3359 1907 peccato
3382 1836 3669 1903 immunis,

390 1936 652 1993 indicavit
684 1940 1114 1998 exinanitionem
1152 1945 1399 2013 deitatis,
1436 1947 1719 2003 miraculis
1764 1957 1821 2003 et
1852 1963 1968 2005 car-

2079 1923 2385 1982 divinitatis
2431 1944 2531 1999 pro
2585 1928 2749 1985 nobis
2795 1930 3226 1986 exinanitionem
3282 1930 3566 1988 miraculis
3618 1938 3676 1986 et

391 2027 477 2085 nis
504 2030 855 2100 passionibus
884 2037 1208 2093 naturaliter
1241 2039 1577 2094 roboratam.
1635 2040 1704 2095 Et
1742 2042 1975 2117 iterum:

388 2119 706 2193 Mysterium
754 2125 866 2196 (45)
913 2127 1109 2184 divina:
1172 2129 1565 2188 incarnationis
1608 2134 1876 2203 apostolis
1923 2143 1978 2191 et

387 2214 667 2284 prophetis
697 2226 862 2287 atque
899 2219 1218 2278 doctoribus
1251 2224 1472 2293 duplam
1503 2233 1558 2279 et
1578 2224 1857 2289 diversam
1886 2226 1979 2281 ha-

386 2307 515 2362 bere
564 2308 908 2380 dignoscitur
947 2313 1250 2385 naturalem
1288 2314 1341 2369 in
1378 2316 1636 2372 omnibus
1682 2318 1974 2383 theoriam,

389 2397 730 2456 iudiminutaa
755 2402 974 2481 deitatis
1005 2406 1299 2475 exsistens,
1331 2415 1387 2462 et
1422 2408 1596 2477 plenae
1633 2408 1976 2466 demonstra~

385 2490 557 2546 tivum
592 2491 972 2552 humanitatis.
1032 2496 1103 2550 Et
1131 2500 1325 2554 iterum
1355 2515 1374 2555 :
1405 2500 1617 2568 Quibus
1646 2503 1761 2574 (M)
1793 2504 1975 2560 divine

262 2563 268 2570 ’
348 2638 351 2641 ,
384 2582 591 2651 pariter
617 2592 674 2640 et
702 2585 942 2643 humane
965 2598 1223 2659 operatus
1252 2601 1338 2647 est
1358 2634 1372 2660 ,
1406 2563 1796 2663 perfectionem
1819 2636 1834 2662 ,
1880 2611 1975 2667 per

384 2687 604 2739 omnem
637 2678 927 2758 utriusque
957 2682 1251 2748 rationem,
1274 2684 1377 2739 sibi
1409 2686 1735 2742 naturaliter
1757 2687 1973 2743 incom-

385 2769 704 2824 mutabilem
763 2772 1001 2828 salvans.
1045 2772 1116 2827 Et
1160 2774 1352 2829 iterum
1380 2775 1530 2832 :\Nil
1574 2779 1820 2835 divinum
1858 2780 1972 2853 (45)

384 2861 592 2915 nudum
638 2876 871 2933 corpore
902 2875 1183 2934 operatus,
1233 2869 1310 2923 nil
1344 2868 1646 2926 humanum
1681 2873 1824 2929 idem
1856 2876 1974 2947 ipse

382 2948 657 3020 privatum
678 2951 962 3010 divinitate
983 2971 1210 3025 gerens:
1247 2974 1474 3015 servans
1498 2961 1718 3017 sibimet
1747 2966 1971 3022 modum

383 3041 682 3097 secundum
713 3048 1007 3117 utrumque
1034 3045 1427 3104 immutabilem
1449 3091 1465 3117 ,
1517 3067 1615 3120 per
1638 3069 1802 3123 quem
1839 3070 1971 3125 ope-

382 3142 540 3189 ratus
569 3143 653 3190 est
696 3146 931 3207 utraque
958 3138 1172 3211 decenti
1205 3156 1378 3206 more,
1422 3142 1487 3196 ad
1522 3145 1970 3213 approbationem

2076 2019 2264 2075 carnis
2287 2021 2641 2089 passionibus
2670 2021 2993 2078 naturaliter
3019 2022 3399 2078 conﬁrmatam
3422 2062 3436 2088 ,
3472 2023 3672 2093 proba-

2075 2110 2174 2165 vit.
2244 2110 2311 2164 Et
2362 2113 2602 2168 iterum:
2637 2112 2956 2186 Mysterium
3005 2114 3205 2171 divinae
3234 2115 3667 2182 incarnationis,

2082 2203 2347 2273 apostolis
2377 2213 2429 2259 et
2460 2206 2742 2275 prophetis
2769 2214 2933 2277 atque
2965 2206 3318 2272 doctoribus,
3355 2206 3574 2278 duplam
3606 2222 3671 2262 ac

2078 2296 2351 2351 diversam
2388 2297 2441 2350 in
2466 2297 2724 2353 omnibus
2754 2298 2952 2353 habere
2978 2306 3317 2369 compertum
3341 2306 3671 2354 estnaturam

2074 2388 2181 2443 lem
2219 2389 2748 2458 considerationem;
2785 2398 2911 2446 cum
2936 2390 3189 2462 perfecta;
3215 2391 3456 2457 deitatis,
3479 2401 3531 2446 ct
3551 2391 3670 2462 ple-

2077 2494 2162 2535 nae
2196 2480 2305 2534 vim
2337 2481 2534 2537 habeat
2564 2482 2913 2538 ostendenda:
2940 2483 3321 2539 humanitatis.
3345 2482 3415 2536 Et
3441 2471 3670 2539 iterum:

2075 2572 2287 2642 Quibus
2311 2571 2496 2628 divine
2525 2574 2733 2645 pariter
2756 2584 2810 2629 et
2839 2576 3084 2631 humane
3118 2584 3377 2647 operatus
3401 2584 3505 2641 est,
3540 2592 3668 2648 per--

2077 2665 2218 2723 fecte
2261 2675 2496 2739 utroque
2528 2667 2613 2723 sui
2646 2668 2916 2735 rationem
2959 2676 3153 2723 natura
3193 2684 3418 2724 servans
3452 2669 3670 2725 incom-

2076 2759 2422 2814 mutabilem.
2477 2757 2548 2813 Et
2580 2759 2771 2813 iterum
2795 2774 2815 2813 :
2846 2757 2993 2813 Nihil
3028 2745 3273 2815 divinum
3306 2760 3513 2816 nudum
3543 2776 3671 2816 cor-

2075 2852 2210 2924 pere
2256 2859 2551 2922 Operatus,
2609 2852 2747 2906 nihil
2783 2851 3087 2907 humanum
3127 2852 3267 2906 idem
3316 2853 3432 2922 ipse
3472 2869 3669 2924 gerens

2076 2943 2222 3015 quod
2246 2959 2446 3015 expers
2481 2952 2628 2999 esset
2653 2943 2873 3000 deitatis
2908 2963 2921 2998 :
2956 2960 3063 3014 qua
3102 2944 3218 3012 ipsa
3248 2960 3389 2999 nova
3423 2945 3668 3000 decenti-

2074 3052 2182 3107 que
2210 3036 2419 3091 ratione
2454 3043 2686 3105 utraque
2715 3043 2974 3106 cperatus
3000 3044 3104 3097 est,
3132 3036 3423 3107 utriusque
3456 3036 3667 3093 ratione

2075 3129 2378 3183 immunem
2414 3143 2473 3184 se
2499 3144 2528 3181 a
2561 3128 2866 3183 mutatione
2894 3143 3142 3193 servans,
3178 3131 3245 3185 ad
3279 3128 3530 3199 perfecta:
3552 3146 3666 3187 suae

381 3224 634 3296 perfecta:
665 3242 728 3283 ac
761 3230 1179 3301 verte'nihilque
1195 3231 1455 3288 habentis
1489 3235 1773 3303 pravitatis
1805 3238 1968 3292 inhu-

2077 3218 2510 3286 humanationis,
2544 3235 2667 3290 quae
2694 3219 2855 3289 plane
2879 3235 3003 3274 vera
3030 3221 3121 3286 sit,
3146 3221 3393 3292 nihilque
3426 3234 3522 3279 aut
3548 3226 3669 3281 vitii

380 3320 714 3375 manationis
743 3335 878 3376 suae.
1400 3372 1407 3376 .
1678 3376 1679 3379 η

450 3409 540 3467 111.
581 3411 661 3492 De
688 3413 770 3467 his
793 3398 944 3484 vero,
980 3416 1071 3487 qui
1097 3434 1258 3472 unum
1305 3417 1522 3474 deitatis
1545 3429 1596 3475 et
1620 3421 1968 3477 humanitatis

375 3502 493 3575 ejus
528 3506 896 3575 operationem
920 3548 936 3575 ,
984 3517 1033 3563 et
1078 3521 1330 3564 naturam
1368 3528 1532 3565 unam
1574 3513 1965 3584 dogmatizant,

374 3597 512 3652 dicit
538 3614 558 3651 :
579 3595 699 3654 Non
728 3601 875 3655 enim
909 3601 1023 3674 (46)
1059 3603 1537 3661 circumscribitur
1568 3603 1777 3661 factitia
1808 3615 1970 3663 natu-

379 3704 437 3743 ra
467 3690 522 3745 id
551 3692 698 3761 quod
728 3707 826 3763 per
855 3704 1109 3750 naturam
1136 3690 1365 3752 factum
1395 3714 1502 3754 non
1533 3709 1638 3764 est,
1682 3701 1809 3756 licet
1838 3706 1970 3757 coo-

378 3782 553 3837 riatur
586 3785 637 3839 ei
672 3801 768 3855 per
801 3785 1481 3859 coniceptionem,omnem
1506 3793 1967 3849 circumscriben-

374 3882 485 3930 tem
529 3889 750 3931 sensum
786 3895 799 3932 :
835 3880 1124 3935 hec‘etiam
1159 3880 1213 3935 in
1241 3883 1432 3938 eodem
1474 3884 1593 3953 ipso
1624 3885 1727 3940 sibi
1768 3896 1964 3941 natura

374 3966 623 4021 differtur
667 3969 963 4045 aliquando
1019 3979 1076 4026 et
1129 3973 1396 4028 naturalis
1452 3978 1737 4043 operatio,
1789 3976 1964 4033 donec

376 4061 673 4125 utrumque
718 4058 859 4112 intra
896 4060 1171 4137 propriam
1205 4071 1390 4116 manet
1436 4065 1737 4119 naturalem
1769 4066 1960 4119 incon-

373 4146 806 4211 versibilitatem.
850 4147 919 4202 Et
944 4151 1070 4203 item
1096 4167 1114 4204 :
1136 4151 1587 4208 Connaturalium
1617 4154 1729 4225 (47)
1761 4156 1963 4226 quippe

373 4246 587 4292 tantum
634 4248 722 4296 est
757 4241 945 4298 eadem
996 4242 1113 4312 ipsa
1143 4260 1379 4314 operans
1406 4255 1620 4312 motus,
1665 4249 1959 4304 essentiam

372 4329 646 4399 indicans,
698 4334 859 4404 cujus
907 4336 1215 4390 naturalem
1265 4346 1482 4392 constat
1521 4355 1645 4394 esse
1677 4341 1955 4406 virtutem,

369 4424 597 4480 alterius
642 4435 856 4505 natura:
906 4428 1239 4497 proprietate
1285 4432 1606 4487 substantiie
1653 4434 1954 4490 secundum

370 4516 578 4570 nullam
613 4517 882 4572 rationem
915 4533 1039 4574 esse
1065 4518 1151 4573 vel
1179 4518 1298 4574 ﬁeri
1327 4519 1448 4576 sine
1490 4523 1955 4581 conversibilitate

2077 3320 2175 3367 aut
2200 3313 2339 3368 labis
2372 3314 2646 3379 admittat,
2675 3313 2833 3368 ﬁdem
2863 3315 3234 3369 astruendam.

2147 3404 2239 3458 111.
2280 3403 2358 3459 De
2379 3404 2461 3459 his
2482 3421 2625 3470 vero,
2661 3406 2754 3476 qui
2787 3423 2949 3459 unam
2978 3406 3196 3462 deitatis
3230 3416 3280 3461 et
3311 3408 3663 3467 humanitatis

2072 3498 2188 3568 ejus
2218 3500 2597 3568 operationem,
2651 3509 2701 3553 et
2747 3510 3001 3555 naturam
3043 3501 3433 3573 dogmatizant,
3483 3505 3661 3563 dicit:

2072 3587 2191 3645 Non
2221 3591 2367 3645 enim
2398 3591 2777 3646 circumscribi
2830 3600 3022 3646 natura
3068 3594 3249 3664 genita
3277 3607 3661 3667 comparatum

2071 3690 2193 3742 est.
2254 3680 2402 3752 quod
2454 3682 2758 3737 secundum
2794 3695 3047 3741 naturam
3093 3686 3396 3757 ingenitum
3429 3697 3545 3757 est,
3580 3701 3658 3745 ta-

2073 3770 2232 3827 metsi
2261 3772 2311 3827 ei
2335 3772 2561 3838 coaluit,
2588 3790 2684 3844 per
2706 3778 3286 3848 conceptionem,quae
3308 3780 3416 3834 vim
3441 3796 3657 3836 omnem

2068 3868 2271 3919 mentis
2315 3864 2749 3932 circumscribit;
2807 3882 2871 3921 ac
2904 3883 3003 3923 nec
3031 3884 3272 3940 unquam
3316 3872 3374 3926 in
3408 3874 3655 3926 eamdem

2069 3965 2328 4010 naturam
2373 3958 2796 4036 naturalemque
2840 3960 3097 4014 virtutem
3143 3976 3241 4015 seu
3281 3962 3654 4032 Operationem

2066 4058 2372 4116 vertantur,
2408 4049 2582 4105 donec
2608 4059 2904 4122 utrumque
2936 4052 3078 4107 intra
3120 4053 3399 4122 propriam
3429 4061 3656 4110 natura-

2067 4139 2172 4194 lem
2217 4139 2790 4196 inconverlibilitatem
2838 4151 3042 4198 manet.
3104 4143 3174 4197 Et
3211 4144 3339 4197 item
3380 4158 3401 4197 .'
3446 4144 3653 4201 Eorum

2064 4232 2211 4286 enim
2239 4231 2539 4301 duntaxat,
2587 4249 2713 4304 qua:
2735 4234 2982 4305 ejusdem
3017 4244 3224 4291 natura:
3251 4247 3414 4305 sunt,
3470 4250 3654 4298 motus

2063 4323 2307 4393 ejusdem
2341 4324 2557 4381 virtutis
2585 4341 2651 4380 ac
2675 4323 2928 4380 efﬁcaciae
2958 4334 3071 4389 est,
3101 4328 3466 4385 substantiam
3498 4331 3652 4386 desi-

2062 4434 2263 4487 gnans,
2313 4419 2472 4488 cujus
2497 4428 2582 4473 est
2610 4420 2878 4475 naturalis
2902 4421 3107 4489 virtus;
3165 4438 3291 4477 cum
3343 4424 3650 4482 substantia

2060 4508 2293 4565 diversae
2322 4519 2520 4564 natura
2547 4510 2902 4582 proprietatis
2928 4512 3075 4566 nulla
3101 4514 3315 4570 ratione
3330 4530 3452 4571 esse
3476 4518 3652 4587 possit

367 4608 604 4663 valente.
678 4607 816 4662 “em
845 4625 864 4663 ε
898 4608 975 4665 Ea
1023 4611 1222 4681 quippe
1245 4611 1357 4684 (43)
1379 4652 1394 4678 ,
1443 4630 1567 4684 qua,
1600 4626 1792 4672 mutuo
1823 4630 1952 4674 sum
1986 4602 2029 4657 ι)
2058 4607 2153 4652 aut
2187 4598 2303 4654 ﬁeri
2326 4641 2342 4660 ,
2389 4601 2598 4671 absque
2645 4601 3120 4681 convertibilitate.
3160 4602 3297 4659 Item
3320 4622 3340 4660 :
3370 4604 3446 4662 Ea
3477 4609 3648 4675 enim,

367 4700 755 4771 cooperantia,
804 4708 860 4756 et
884 4700 1074 4777 eadem
1121 4704 1438 4772 operantia,
1472 4714 1527 4759 et
1551 4705 1797 4776 ejusdem
1836 4709 1950 4763 ori-

367 4791 540 4863 ginis;
575 4791 821 4863 profecto
864 4802 920 4848 et
960 4795 1364 4873 compassibilia
1391 4805 1603 4853 natura:
1637 4816 1747 4854 non
1772 4802 1946 4856 susci-

366 4888 574 4957 pientia
623 4886 987 4943 differentiam
1021 4906 1035 4943 :
1068 4897 1122 4944 et
1164 4890 1378 4945 naturis
1420 4890 1524 4945 sibi
1567 4891 1814 4949 confusis
1845 4894 1953 4949 erit

365 4980 603 5036 dualitas
627 4978 905 5046 Christus,
935 4989 988 5037 et
1018 4984 1270 5052 personis
1301 4984 1570 5054 separatis
1604 4987 1695 5040 ﬁet
1728 4995 1949 5056 quater-

365 5073 545 5130 nitas:
574 5073 718 5142 quod
744 5074 830 5129 est
857 5073 1085 5129 nimium
1115 5073 1457 5148 fugiendum.
1495 5076 1559 5131 Et
1599 5078 1792 5132 iterum
1822 5094 1841 5133 :
1885 5077 1945 5134 Si

433 5209 485 5243 ³⁸
518 5207 712 5265 Matth.
752 5225 904 5273 xxvi,
943 5209 1034 5265 42.

435 5320 550 5396 (-40)
593 5320 846 5396 Utraque.
882 5321 1058 5396 Supra
1091 5341 1210 5395 cap.
1248 5326 1297 5391 i,
1330 5341 1424 5383 seu
1457 5326 1734 5384 testimon.
1767 5327 1818 5383 1.

436 5394 549 5461 (41)
584 5394 705 5449 Non
739 5394 896 5450 enim.
939 5394 1240 5451 Testim.2.
1274 5445 1284 5461 ,

395 5460 401 5473 ⁸
436 5460 550 5536 (42)
595 5465 696 5519 Per
725 5483 906 5536 quam.
943 5468 1078 5522 Ibid.

437 5534 549 5603 (45)
588 5534 922 5606 Mysterium.
964 5537 1190 5592 Testim.
1226 5539 1279 5593 οἱ.

436 5606 549 5676 (44)
587 5608 806 5671 Quibus.
850 5607 984 5663 Ibid.

438 5674 550 5745 (45)
591 5676 686 5730 Nil
710 5678 966 5733 diuinum.
1008 5676 1233 5735 Testim.
1265 5679 1317 5739 8.

435 5745 545 5815 (46)
590 5745 709 5801 Νοη
736 5751 896 5806 enim.
934 5749 1159 5804 Testim.
1187 5752 1239 5806 5.

457 5816 547 5885 47)
587 5816 1049 5873 Counaturalium.
1092 5819 1224 5876 una.

457 5821 547 5885 47)
587 5821 1049 5873 Counaturalium.
1092 5821 1224 5876 nun.

432 5821 544 5960 €48)
585 5887 666 5941 Ea
695 5890 901 5959 quippe.
944 5888 1171 5946 Testim.
1202 5891 1254 5947 ὅ.

678 5986 953 6048 Ρηιιοι..
1023 5989 1140 6049 Gn.
1182 5989 1266 6054 X.

2059 4707 2181 4761 quae
2223 4691 2468 4762 ejusdem
2517 4694 2658 4749 inter
2705 4708 2765 4750 se
2802 4694 3019 4750 virtutis
3045 4706 3174 4753 sunt
3199 4708 3253 4752 ct
3283 4700 3644 4769 operationis,

2051 4783 2410 4854 ejusdemque
2452 4800 2680 4857 prorsus
2727 4785 2959 4859 originis
2987 4803 3053 4843 ac
3075 4790 3393 4847 earumdem
3430 4792 3646 4863 passio~

2051 4891 2208 4943 num,
2239 4893 2302 4932 ea
2330 4885 2539 4932 naturae
2567 4878 2977 4934 distinctionem
3010 4896 3120 4937 non
3157 4883 3481 4952 admittunt;
3509 4902 3643 4942 con-

2049 4962 2301 5040 fusisque
2351 4986 2538 5026 secum
2597 4972 2845 5038 naturis,
2896 4971 3002 5029 erit
3055 4973 3308 5032 Christus
3367 4977 3638 5047 dualitas,

2048 5063 2413 5134 personisque
2445 5064 2638 5120 divisis
2667 5062 2760 5120 ﬁet
2794 5067 3137 5141 quategnitas
3167 5086 3181 5123 :
3210 5068 3357 5138 quod
3387 5072 3634 5125 omnium

2120 5330 2233 5404 (49)
2273 5330 2401 5387 Haec
2433 5331 2748 5404 testimonia
2769 5372 2785 5396 ,
2843 5346 2921 5404 ex;
2953 5330 3237 5404 superiore
3270 5327 3631 5404 S.Hippolyti

2047 5402 2301 5458 sermone
2343 5412 2529 5456 contra
2571 5402 2829 5456 Heronem
2874 5402 2945 5456 ab
2984 5402 3279 5455 Anastasio
3320 5402 3631 5469 desumpta,

2044 5471 3132 5545 recensuitcastigavitqueﬂombeﬁsius
3159 5471 3212 5524 in
3237 5472 3480 5545 editione
3502 5487 3634 5543 0pc-

2043 5558 2169 5624 Eum
2202 5542 2260 5603 Si.
2292 5540 2550 5624 hiaximj,
2587 5540 2809 5624 tofm},
2839 5557 2963 5624 pag.
2993 5540 3060 5623 ’7ςὶ
3080 5583 3095 5606 ,
3129 5557 3195 5624 eo
3219 5547 3363 5612 quod
3394 5543 3456 5624 in_
3481 5540 3629 5597 edito

2046 5611 2437 5684 Sirmondiano
2467 5611 2745 5684 Anastasii
2796 5611 2979 5667 versio
3010 5611 3263 5684 implexa
3312 5613 3516 5684 passim
3548 5628 3633 5684 iac

2043 5683 2310 5738 mendosa
2363 5693 2641 5737 noscatur.
2703 5679 2944 5750 Utraque
2977 5679 3241 5737 sivecum
3279 5679 3465 5748 textu,
3515 5683 3631 5737 sive

2041 5769 2167 5809 cum
2193 5755 2339 5808 notis
2359 5751 2994 5809 et-animadversionibus
3007 5753 3460 5823 Cappcronnierii
3486 5750 3623 5809 infra

2041 5824 2227 5879 relatis
2249 5823 2596 5879 conferenda.

3233 5983 3307 6043 27
