4134 6396
463 376 571 433 843

860 499 947 556 Ea:
984 502 1213 555 editione
1245 501 1646 557 Sirmoudiana.

452 594 617 659 igitur
641 587 757 663 (50)
810 598 1110 648 secundum
1157 593 1422 649 Beronem
1453 605 1735 667 assumpta
1769 596 1874 652 sibi
1901 612 2030 653 caro

450 683 702 753 ejusdem
731 686 1069 754 operationis
1095 686 1284 742 eli'ecta
1322 697 1424 753 est,
1463 690 1606 744 haud
1642 691 1868 746 dubium
1898 692 2031 762 quin

454 783 509 827 et
554 775 797 843 ejusdem
834 776 975 831 facta
1015 787 1099 832 est
1145 779 1248 833 sibi
1300 790 1540 849 naturae,
1592 797 1716 836 cum
1765 794 2035 855 quotquot

456 876 541 921 est
572 876 786 934 natura,
835 869 886 922 id
916 878 1000 924 est
1024 870 1502 942 inpr-incipalitate,
1535 874 1850 942 infactione,
1906 877 2030 932 inli-

457 958 662 1025 nitate,
720 962 1183 1030 sempiternitate,
1251 965 1930 1038 incomprehensibilitatc;
1981 979 2035 1026 et

458 1065 795 1120 quaecunque
823 1051 1017 1106 horum
1051 1054 1351 1109 secundum
1375 1059 1803 1127 magnitudinem
1828 1061 2035 1116 theolo-

457 1142 575 1209 gica
610 1140 947 1209 amplissime
995 1142 1049 1196 in
1099 1142 1298 1198 deitate
1326 1145 1466 1198 ratio
1514 1148 1951 1217 contemplatur:
1979 1159 2035 1205 et

454 1232 887 1287 vicissitudinem
928 1243 1158 1304 utraque
1190 1252 1351 1306 passa
1399 1248 1547 1302 sunt,
1597 1242 1792 1297 neutro
1828 1251 2034 1300 natura:

455 1338 570 1378 sua:
599 1324 1009 1379 substantialcm
1036 1326 1299 1382 rationem
1326 1328 1464 1383 ultra
1491 1331 1803 1385 salt-audam
1828 1330 2034 1385 haben-

455 1420 530 1468 te.
574 1410 643 1465 Et
675 1430 905 1469 rursus:
945 1414 1047 1481 Qui
1081 1416 1226 1470 enim
1265 1418 1375 1487 (51)
1410 1434 1633 1484 eorum,
1664 1435 1786 1489 quae
1811 1421 2035 1477 alterius

455 1515 586 1563 snnt
637 1521 877 1573 naturaa,
921 1509 1165 1563 eamdem
1213 1511 1386 1580 ipsam
1436 1512 1600 1566 sentit
1624 1514 2031 1582 operationem;

456 1599 835 1657 confusionem
885 1604 1087 1673 pariter
1120 1607 1425 1660 naturalem
1447 1646 1463 1671 ,
1506 1617 1561 1661 et
1587 1606 1910 1662 divisionem
1941 1622 2036 1663 eo-

454 1706 577 1746 rum
635 1693 844 1748 inducit
889 1695 1269 1764 personalcm;
1316 1697 1591 1767 incognita
1627 1715 1852 1768 prorsus
1888 1700 2032 1753 idio-

456 1794 663 1838 matum
708 1786 1069 1840 translatione
1114 1787 1351 1841 naturali
1381 1776 1570 1843 eorum
1605 1788 1748 1844 facta
1773 1790 2029 1844 essentia.

456 1872 640 1929 Item:
684 1873 740 1929 Si
786 1892 916 1930 vero
952 1877 1065 1948 (52)
1110 1878 1351 1946 ejusdem
1385 1880 1486 1933 sibi
1529 1896 1636 1935 non
1669 1880 1771 1936 fuit
1804 1891 2033 1949 naturae,

453 1982 633 2037 neque
678 1967 921 2037 ejusdem
974 1969 1077 2024 sibi
1129 1969 1217 2024 fiet
1262 1972 1524 2027 naturalis
1569 1974 1922 2043 operationis.
1965 1972 2035 2026 Et

454 2058 649 2112 iterum
678 2075 696 2112 :
732 2058 788 2112 In
817 2060 1067 2115 eumdem
1093 2062 1205 2135 (55)
1235 2072 1419 2117 autem
1456 2079 1697 2118 errorem
1723 2065 1855 2119 illati
1883 2074 2033 2133 sunt,

456 2151 600 2205 male
646 2154 929 2207 credentes
971 2155 1246 2223 propriam
1298 2154 1497 2210 factam
1560 2158 1741 2213 carnis
1794 2158 2036 2213 divinam

457 2238 851 2317 operationem,
886 2260 1007 2314 qum
1042 2247 1093 2299 in
1122 2247 1404 2303 miraculis
1435 2264 1534 2317 per
1561 2249 1731 2318 ipsam
1759 2252 2033 2320 apparuit,

458 2348 565 2404 qua
612 2343 785 2389 totum
834 2335 1087 2392 Christus
1138 2339 1514 2395 subslantians
1560 2343 1859 2397 secundum
1887 2345 2036 2415 quod

458 2427 777 2498 intelligitur
822 2428 966 2486 Deus
1008 2432 1251 2487 continet
1299 2443 1589 2491 retentum.
1660 2434 1730 2489 Et
1782 2436 1975 2492 iterum
2014 2452 2036 2493 :

454 2518 577 2575 Non
605 2523 749 2576 enim
778 2523 889 2594 (54)
921 2535 1292 2593 cognoverunt
1324 2526 1662 2596 impossibile
1686 2543 1807 2584 esse
1838 2531 2035 2586 divinae

456 2613 828 2681 operationem
880 2624 1089 2668 natura:
1133 2614 1335 2670 idioma
1367 2617 1482 2671 fieri
1512 2618 1633 2673 sine
1667 2620 2037 2675 convertibili-

459 2711 589 2759 tate.
640 2703 709 2758 Et
739 2706 928 2758 iterant
961 2722 980 2759 :
1014 2703 1257 2773 Quarum
1290 2707 1401 2779 (55)
1436 2707 1612 2765 donec
1643 2727 1808 2764 unam
1840 2727 2036 2767 secun-

454 2794 586 2849 dum
618 2796 978 2851 substantiam
1025 2807 1387 2868 cognoscatur
1416 2798 1656 2855 Verbum
1706 2802 1871 2857 unius
1905 2817 2035 2872 ope-

454 2887 709 2951 rationis,
742 2903 1021 2957 nunquam
1056 2890 1351 2960 aliquando
1380 2906 1446 2945 eo
1470 2892 1617 2961 quod
1651 2893 1938 2962 utriusque
1964 2893 2036 2948 sit

453 2990 812 3049 cognoscetur
866 2989 1068 3035 motus.
1134 2981 1202 3036 Et
1243 2984 1484 3037 iterum:
1524 2983 1710 3055 Itaque
1756 2984 1894 3040 Bero
1919 2984 2032 3058 (56)

453 3071 670 3140 quidem
700 3071 777 3124 sic
810 3085 869 3125 se
901 3071 1129 3139 habens,
1158 3082 1216 3127 ut
1241 3074 1375 3140 dixi,
1405 3075 1739 3143 operationis
1773 3076 2035 3131 unalitate

452 3163 708 3217 deitatem
743 3162 946 3218 Christi
983 3174 1037 3219 et
1066 3166 1459 3221 humanitatem
1491 3168 1655 3222 simul
1685 3166 2027 3224 confundens

453 3254 809 3319 naturaliter,
845 3264 899 3310 et
941 3258 1183 3326 partiens
1236 3259 1632 3328 personaliter,
1674 3259 1922 3315 dissolvit
1945 3261 2028 3315 vi-

455 3351 598 3408 tam;
649 3344 909 3412 ignorans
962 3346 1133 3402 solius
1178 3349 1615 3403 connaturalium
1669 3363 2027 3418 personarum

453 3438 827 3492 connaturalis
848 3438 1149 3496 identitatis
1168 3440 1413 3496 eamdem
1449 3442 1622 3512 ipsam
1653 3443 2029 3512 operationem

454 3542 579 3585 esse
611 3529 1043 3601 signiﬁcativam.

528 3920 553 3955 ί
583 3899 675 3956 ιν.
714 3899 810 3959 His
846 3900 1013 3972 igitur
1044 3900 1118 3957 ita
1146 3908 1201 3957 et
1228 3900 1297 3956 ab
1348 3901 1455 3958 hoc
1499 3916 1720 3973 quoque
1771 3904 2032 3961 sacratis-

454 3994 597 4050 simo
641 4002 696 4049 et
749 4010 946 4065 magno
990 3994 1213 4050 doctore
1255 4010 1321 4050 ac
1371 4007 1613 4067 martyre
1664 3997 1909 4052 veritatis
1942 3997 2033 4066 (id

453 4085 634 4158 ipsum
664 4094 847 4141 autem
874 4095 978 4152 est,
1011 4088 1056 4142 si
1092 4089 1338 4143 dicamus
1379 4103 1410 4142 a
1450 4088 1818 4152 sanctissimo,
1849 4090 1943 4160 qui
1979 4090 2034 4144 in

453 4196 521 4236 eo
553 4182 813 4251 loquitur,
847 4179 1116 4251 Spiritu),
1165 4179 1512 4236 manifestius
1537 4182 1720 4248 dictis,
1750 4182 2037 4252 diligenter

454 4271 740 4326 intendant
785 4272 881 4340 qui
908 4272 1115 4336 volunt,
1145 4280 1199 4325 et
1246 4271 1485 4326 maxime
1507 4271 1599 4340 qui
1627 4273 2037 4328 communicant

455 4363 565 4430 his,
593 4364 685 4432 qui
710 4365 975 4418 novitates
1011 4378 1158 4427 nunc
1203 4362 1414 4433 Operati
1447 4371 1604 4417 sunt:
1634 4371 1687 4417 et
1712 4362 1887 4417 sciant
1911 4378 2033 4418 eer-

453 4455 687 4524 tissime,
724 4457 851 4526 quia
879 4456 972 4526 qui
995 4456 1131 4510 duas
1159 4455 1457 4510 Salvatoris
1491 4455 1666 4509 nostri
1700 4454 1904 4510 Christi
1933 4470 2025 4509 vo-

1136 380 1194 436 S.
1237 379 1597 436 HIPPOLYTI
1634 379 1788 435 OPP.
1828 378 2010 434 PARS
2048 377 2115 435 II.
2176 409 2226 422 -
2261 378 2565 438 DOGMA'I'.
2603 379 2692 436 ET
2732 380 3075 439 HISTONC.

2071 509 2116 565 Δ

2052 3220 2094 3278 C

3614 389 3723 445 ειι

2530 502 2615 556 Ex
2653 504 2879 559 editione
2915 503 3324 574 Combe/ieiuna.

2136 594 2373 648 maxime
2398 593 2720 650 cavendum.
2763 594 2832 647 Et
2870 598 3059 649 iterum
3087 612 3104 647 :
3137 594 3417 667 Siquidem
3448 595 3633 665 igitur,
3663 609 3726 654 ut

2137 694 2326 739 auctor
2350 684 2486 739 Bero
2519 697 2619 753 est,
2668 699 2943 758 assumpta
2969 688 3046 741 illi
3075 704 3205 743 caro
3238 688 3484 758 ejusdem
3509 705 3574 744 ac
3600 689 3721 759 ipse

2134 779 2351 833 virtutis
2380 795 2475 834 seu
2507 779 2843 849 operationis
2878 780 3018 834 facta
3047 790 3164 847 est;
3191 781 3347 849 plane
3379 780 3543 834 etiam
3572 781 3725 850 ejus-

2135 873 2257 927 dem
2306 872 2446 925 facta
2491 882 2573 928 est
2603 882 2834 935 naturae,
2865 888 2989 927 cum
3018 873 3218 942 quibus
3241 872 3499 927 omnibus
3524 884 3719 929 natura

2135 972 2237 1027 est,
2275 964 2421 1032 quod
2454 964 2710 1033 principii
2743 979 2959 1033 expers,
2987 964 3132 1033 quod
3163 964 3424 1034 ingenita,
3456 965 3603 1034 quod
3635 966 3722 1019 in-

2136 1050 2307 1112 finita,
2357 1049 2503 1118 quod
2530 1050 2885 1119 sempiterna,
2916 1052 3061 1120 quod
3092 1050 3571 1119 incomprehensa,
3596 1051 3720 1107 etsi

2136 1153 2243 1208 qua
2278 1138 2549 1208 ejusmodi
2597 1139 2895 1194 secundum
2946 1139 3323 1194 excellentiam
3374 1140 3721 1212 theologicus

2137 1245 2317 1284 sermo
2369 1229 2568 1285 eximie
2618 1229 2675 1284 in
2722 1230 2922 1284 deitate
2950 1231 3351 1300 contemplatur
3379 1247 3394 1284 :
3428 1241 3482 1286 et
3509 1233 3724 1288 vicissi-

2138 1321 2378 1373 tudinem
2417 1328 2649 1390 utraque
2691 1335 2854 1389 passa
2884 1327 3042 1386 sunt,
3076 1330 3272 1375 neutro
3302 1320 3720 1377 substantialem

2136 1420 2345 1466 natura:
2393 1427 2506 1466 sum
2550 1413 2819 1467 rationem
2867 1413 3011 1466 ultra
3065 1412 3399 1467 incolumem
3434 1423 3717 1470 servante.

2138 1502 2207 1557 Et
2242 1520 2465 1561 rursus:
2492 1502 2596 1571 Qui
2627 1506 2770 1559 enim
2798 1520 3013 1571 eorum,
3047 1520 3169 1575 qua:
3211 1516 3339 1562 sunt
3371 1506 3601 1563 diversa
3623 1522 3722 1561 na-

2136 1605 2306 1661 tura},
2351 1598 2596 1651 eamdem
2651 1597 2813 1652 sentit
2864 1597 3271 1667 operationem;
3338 1597 3720 1653 confusionem

2136 1688 2344 1757 pariter
2395 1672 2698 1743 naturalem
2740 1689 3174 1758 divisionemquc
3224 1690 3470 1758 ipsorum
3510 1690 3722 1745 inducit

2137 1779 2442 1834 naturalem
2470 1796 2484 1847 ;
2509 1780 2689 1850 ignota
2721 1795 2945 1849 prorsus
2968 1796 3030 1835 ac
3054 1781 3345 1836 obscurata
3381 1798 3477 1851 per
3500 1782 3725 1837 idioma-

2067 1876 2110 1931 B
2142 1878 2253 1924 tum
2283 1872 2766 1926 commutationem
2799 1872 3037 1925 naturali
3067 1887 3258 1926 eorum
3287 1873 3593 1927 sul-stantia
3624 1887 3723 1927 ex—

2138 1965 2514 2035 sistentiaqne.
2562 1963 2696 2019 Item
2726 1980 2745 2017 :
2774 1963 2831 2019 Si
2862 1980 2995 2020 vero
3025 1981 3133 2019 non
3158 1966 3401 2035 ejusdem
3427 1981 3491 2021 ac
3514 1966 3605 2020 ille
3634 1964 3710 2019 fa~

2137 2067 2221 2112 cta
2258 2066 2340 2111 est
2368 2067 2599 2124 naturae,
2648 2072 2747 2112 nec
2776 2058 3019 2127 ejusdem
3054 2073 3297 2127 unquam
3330 2057 3423 2112 ﬁet
3446 2058 3724 2127 Operatio-

2136 2150 2242 2204 nis.
2304 2148 2374 2201 Et
2413 2150 2605 2203 iterum
2638 2164 2655 2203 .'
2692 2148 2749 2203 In
2787 2150 2933 2204 hunc
2966 2158 3146 2204 autem
3181 2165 3421 2204 errorem
3473 2150 3716 2219 impege-

2135 2249 2303 2306 runt,
2365 2241 2647 2295 credentes
2705 2240 2847 2294 male
2899 2241 3176 2310 propriam
3235 2240 3418 2296 carnis
3467 2240 3716 2295 eﬂ‘ectam

2136 2333 2375 2388 divinam
2411 2335 2804 2403 Operationem,
2858 2349 2981 2403 quae
3014 2348 3110 2403 per
3141 2334 3311 2403 ipsam
3349 2333 3403 2387 in
3438 2332 3720 2389 miraculis

2134 2425 2481 2481 manifestata
2530 2436 2641 2493 est;
2698 2442 2805 2497 qua
2834 2425 3109 2492 Christus,
3160 2441 3345 2481 rerum
3375 2427 3476 2481 hac
3502 2426 3721 2481 univer-

2136 2517 2297 2571 sitate
2350 2517 2591 2580 condita,
2645 2517 2944 2571 secundum
2994 2517 3137 2586 quod
3184 2518 3506 2587 intrlligitur
3551 2517 3718 2582 Deus,

2134 2607 2281 2676 quod
2330 2607 2402 2661 ita
2434 2608 2712 2662 conditum
2742 2614 2859 2673 est,
2901 2615 3048 2660 tenet
3076 2622 3139 2661 ac
3162 2616 3471 2661 conservat.
3520 2605 3588 2659 Et
3615 2607 3721 2660 ite-

2134 2714 2254 2752 rum
2289 2714 2307 2753 :
2351 2697 2470 2753 Non
2511 2699 2653 2752 enim
2689 2707 3094 2769 cognoverunt,
3143 2698 3262 2753 fieri
3297 2713 3404 2752 non
3432 2714 3625 2769 posse,
3664 2709 3722 2753 ut

2134 2790 2332 2845 divina:
2384 2799 2593 2845 natura:
2625 2793 2897 2861 operatio,
2945 2792 3169 2846 alterius
3220 2791 3557 2860 diversaeque
3589 2793 3713 2846 sub-

2137 2885 2351 2937 stantiae
2395 2884 2696 2953 pr0prietas
2750 2884 2936 2949 ticret,
2988 2884 3196 2952 absque
3242 2883 3718 2938 convertibilitate.

2135 2972 2206 3027 Et
2236 2976 2428 3028 iterum
2475 2992 2494 3031 :
2532 2974 2781 3042 Quandiu
2821 2990 2929 3029 non
2981 2990 3151 3029 unum
3191 2974 3491 3030 secundum
3525 2990 3718 3031 essen-

2136 3067 2264 3120 tiam
2293 3067 2456 3121 unius
2482 3068 2728 3122 noscitur
2759 3066 2995 3121 Verbum
3023 3068 3362 3137 Operationis
3382 3108 3397 3132 ,
3440 3068 3589 3121 nulla
3617 3084 3721 3121 un-

2135 3174 2299 3229 quam
2332 3161 2544 3215 ratione
2572 3162 2686 3225 liat,
2721 3168 2781 3215 ut
2807 3160 3093 3214 amborum
3123 3169 3305 3215 motus
3334 3168 3717 3230 cognoscatur.

2137 3250 2206 3305 Et
2232 3254 2424 3305 iterum
2472 3268 2491 3305 :
2531 3250 2717 3322 Itaque
2747 3251 2919 3318 Bero,
2955 3253 3047 3321 qui
3091 3254 3171 3308 sic
3204 3254 3434 3321 habeat,
3468 3262 3528 3309 ut
3567 3255 3711 3310 dice-

2137 3343 2284 3409 bam,
2315 3361 2421 3398 una
2445 3345 2760 3414 operatione
2788 3345 2991 3399 Christi
3020 3347 3229 3416 pariter
3254 3346 3507 3401 deitatem
3541 3355 3595 3401 et
3620 3347 3721 3401 hu-

2140 3436 2465 3491 manitatem
2501 3445 2693 3490 natura
2721 3436 3063 3491 confundens
3090 3452 3155 3491 ac
3175 3438 3423 3507 personis
3447 3438 3717 3506 dividens,

2145 3529 2315 3582 vitam
2362 3529 2643 3596 dissolvit;
2698 3530 2790 3599 qui
2839 3545 3033 3599 nempe
3062 3531 3280 3602 nesciat,
3304 3531 3547 3585 eamdem
3582 3544 3714 3599 ope-

2137 3616 2430 3680 rationem,
2484 3631 2840 3686 personarum
2875 3634 2998 3688 quae
3037 3619 3281 3689 ejusdem
3331 3626 3538 3672 naturae
3579 3617 3708 3682 sint,

2139 3705 2481 3762 identitatem
2521 3709 2784 3763 duntaxat
2813 3708 3115 3781 designare.
3550 3698 3555 3701 5

2136 3903 2434 3962 fessionem
2488 3908 2761 3979 abnegant
2793 3916 2846 3962 et
2893 3907 3178 3978 abjiciunt,
3210 3915 3375 3978 atque
3403 3905 3630 3976 impiam
3662 3914 3720 3965 et

2139 4000 2372 4055 alienam
2397 4017 2428 4055 a
2452 4000 2820 4056 Christianico
2868 4000 3123 4072 dogmate
3156 4016 3276 4056 esse
3302 4007 3636 4065 asseverant,
3665 4009 3723 4055 et

2141 4108 2296 4163 teque
2324 4102 2384 4147 ut
2415 4095 2705 4164 praedictus
2743 4097 3055 4163 haereticus,
3088 4096 3222 4166 quin
3246 4096 3431 4168 potius
3453 4104 3511 4150 ut
3528 4109 3725 4150 omnes

2142 4189 2305 4243 simul
2338 4188 2550 4259 profani
2577 4189 2837 4255 haeretici,
2873 4190 2967 4260 qui
3006 4190 3061 4244 in
3096 4191 3420 4246 confusione
3448 4205 3513 4244 ac
3551 4189 3724 4259 phan-

2141 4277 2279 4331 tasia
2303 4286 2357 4332 et
2385 4277 2651 4333 divisione
2673 4278 2881 4348 decepti
2904 4288 3052 4345 sunt,
3079 4282 3256 4335 solum
3294 4278 3722 4350 supersubstan-

2142 4370 2287 4425 tialis
2318 4369 2605 4441 theologia:
2632 4387 2696 4427 ac
2726 4373 3024 4428 incantata:
3041 4373 3461 4445 dispensationis
3478 4389 3587 4427 non
3618 4374 3720 4427 ab-

2137 4471 2339 4532 negant
2356 4472 2409 4517 ct
2432 4464 2748 4519 subvertunt
2781 4468 3133 4536 mysterium:
3165 4475 3581 4536 quaternttatem
3606 4466 3723 4535 qui-

455 4546 693 4602 lunlales
734 4547 1013 4602 naturales
1036 4557 1090 4602 el
1119 4548 1464 4617 operationes
1515 4547 1788 4619 denegat"-
1808 4556 1862 4602 ει
1890 4548 2032 4618 abji-
2068 4556 2110 4611 D
2141 4553 2262 4609 dem
2322 4553 2691 4611 Personarum
2727 4567 2971 4613 sanctam
3016 4558 3334 4613 confitentes
3355 4556 3673 4610 Trinitatem
3702 4574 3718 4626 ;

457 4639 630 4703 eiunt,
658 4640 878 4709 impiam
910 4654 974 4693 ac
995 4639 1226 4693 alienam
1249 4639 1597 4695 Christianici
1626 4639 1895 4709 dogmatis
1925 4650 2033 4701 tam

456 4742 672 4786 sacram
722 4739 777 4785 et
832 4730 1191 4785 orthodoxam
1253 4731 1656 4789 confessionem
1712 4733 2035 4802 appellant,

459 4838 738 4893 unamque
772 4822 990 4879 deitatis
1016 4834 1069 4878 et
1102 4825 1459 4880 humanitatis
1478 4825 1597 4895 ejus
1614 4825 1953 4881 voluntatem
1985 4835 2040 4881 et

456 4911 828 4986 operationem
856 4915 1252 4984 dogmatizant,
1277 4932 1371 4973 eos
1399 4917 1503 4988 ξ(ιυί
1547 4918 1724 4972 taliter
1758 4918 1862 4972 sibi
1899 4932 2069 4994 con-g

457 5021 595 5064 eone
626 5023 734 5064 non
786 5007 1117 5064 confitentur
1154 5010 1703 5075 anathematizantes,
1740 5008 1952 5079 liquido
1985 5018 2040 5065 et

457 5102 665 5172 absque
690 5100 799 5157 ullo
843 5109 1060 5173 tegente
1083 5102 1352 5157 velamine
1396 5110 1616 5158 sanctos
1654 5103 1953 5171 prophetas
1984 5113 2040 5156 et

457 5193 732 5264 apostolos
766 5202 929 5264 atque
949 5193 1241 5260 doctores;
1284 5194 1370 5246 vel
1421 5194 1605 5258 etiam,
1633 5203 1689 5248 ut
1737 5194 1920 5249 verius
1956 5194 2043 5249 di-

454 5295 638 5351 catur,
667 5285 1073 5341 sanctissimum
1116 5284 1380 5354 Spiritum
1429 5284 1525 5356 qui
1573 5286 1628 5339 in
1669 5286 1778 5339 illis
1823 5285 2041 5341 locutus

455 5387 562 5442 est,
596 5377 843 5446 quinimo
876 5384 931 5433 et
978 5377 1242 5445 loquitur,
1291 5376 1776 5440 anathematizant,
1804 5379 1948 5431 etab
1973 5394 2039 5433 eo

457 5480 556 5540 per
587 5466 708 5522 illos
726 5468 990 5523 traditam
1014 5468 1174 5522 nobis
1192 5482 1406 5522 sacram
1427 5476 1482 5524 et
1507 5467 1868 5523 orthodoxam
1901 5484 2031 5524 con-

531 5602 644 5670 (50)
687 5599 746 5656 Si
776 5604 958 5672 igitur.
1001 5601 1229 5657 Testim.
1256 5602 1305 5656 6.

531 5673 644 5737 (5i)
686 5674 791 5736 Qui
824 5675 983 5727 enim.
1027 5672 1158 5727 Ibid.

503 5805 505 5807 ι
531 5741 644 5815 (52)
686 5741 745 5815 δέ
774 5759 927 5815 vero.
956 5742 1182 5815 Test_im.
1204 5743 1266 5815 _7.

532 5812 646 5885 (53)
680 5812 749 5867 In
774 5814 1032 5867 eumdem.
1071 5812 1294 5868 Testim.
1321 5813 1376 5869 8.

2138 4651 2195 4697 at
2228 4659 2356 4700 vero
2387 4661 2556 4700 unum
2590 4646 2774 4715 hujus,
2826 4647 2881 4702 id
2907 4646 3308 4710 est,Dominum
3339 4654 3591 4700 nostrum
3630 4645 3723 4701 Je-

2139 4750 2262 4789 snm
2279 4735 2583 4803 Christum,
2606 4738 2986 4804 inanimatum,
3008 4746 3063 4791 et
3082 4737 3199 4791 sine
3215 4736 3489 4791 intellectu
3513 4752 3578 4791 ac
3602 4738 3723 4793 sine

2140 4827 2372 4894 ratione,
2392 4829 2689 4884 secundum
2707 4830 2853 4900 quod
2870 4838 3090 4899 propter
3111 4842 3213 4884 nos
3232 4826 3408 4883 factus
3423 4837 3506 4884 est
3526 4829 3719 4896 homo,

2141 4917 2569 4986 introducentes,
2604 4930 2660 4975 et
2706 4920 3215 4976 convertibilitatem
3269 4920 3437 4975 simul
3486 4929 3541 4976 et
3588 4937 3724 4977 con-

2141 5011 2479 5080 spersione'm
2531 5026 2596 5067 ac
2627 5012 3068 5079 mutabilitatem,
3118 5013 3608 5083 eonfusionemque
3657 5029 3723 5068 ac

2142 5099 2490 5168 phantasiam
2538 5108 2594 5155 et
2619 5100 2942 5155 divisionem
2972 5101 3262 5171 utriusque
3308 5113 3516 5157 natura:
3550 5101 3724 5171 ipsius

2142 5192 2583 5261 pronuntiantes,
2612 5201 2667 5248 et
2707 5193 2830 5264 puri
2863 5208 2958 5261 per
3007 5193 3114 5249 boc
3140 5193 3400 5258 hominis,
3426 5193 3508 5248 vel
3536 5193 3721 5264 prodi-

2143 5283 2214 5353 gii
2244 5283 2532 5352 cujusdam
2569 5292 3078 5340 matrem‘sanetam
3102 5300 3318 5356 semper
3363 5285 3626 5358 virginem
3657 5299 3724 5340 ac

2144 5375 2240 5433 Dei
2271 5377 2587 5447 genitricem
2612 5376 2841 5435 Mariam
2869 5378 3191 5434 scribentes.

2222 5487 2241 5519 ι
2266 5466 2331 5522 ν.
2354 5469 2557 5525 Deinde
2586 5484 2717 5524 vero
2740 5470 2900 5536 hanc,
2928 5486 3050 5540 qute
3070 5456 3406 5525 videlicet'iu
3433 5482 3500 5524 eo
3527 5466 3725 5524 abillis

2215 5610 2329 5678 (54)
2356 5607 2408 5662 Ν
2411 5625 2477 5661 an
2505 5610 2663 5666 enim.
2681 5607 2833 5678 gIbid.

2216 5677 2329 5751 (55)
2371 5678 2633 5751 Quarum.
2664 5677 2976 5751 Testim._4.

2216 5746 2330 5822 (56)
2363 5750 2552 5820 Itaque
2582 5746 2996 5819 Bero.,Testim.
3030 5748 3081 5803 ὃ.
