4134 6380
423 409 528 468 845

1431 410 1710 467 CONTRA
1751 411 2074 467 BERONEM
2117 409 2205 466 ET
2244 410 2650 468 HELlCONEM.

3551 411 3654 467 εισ

421 527 784 599 d0gmatizata
813 536 914 594 est,
932 542 1094 582 unam
1123 527 1452 581 voluntatem
1471 537 1702 582 etunam
1721 528 1994 596 operatio—
2021 532 2066 588 Α
2094 526 2264 581 tivum
2323 513 2998 596 uniuscujusque'naturze
3027 526 3268 596 operatio
3297 536 3350 580 et
3381 535 3534 582 estet
3557 543 3653 584 co-

423 635 549 674 nem
579 629 916 690 respuentes,
943 629 997 674 et
1036 635 1209 689 neque
1238 636 1425 682 unam,
1453 637 1626 690 neque
1652 621 1810 687 duas,
1836 621 1886 674 id
1909 630 1990 675 est

423 709 666 764 divinam
701 721 755 764 et
790 712 1080 764 humanam
1137 711 1468 765 voluntatem
1497 714 1578 764 vel
1621 714 1988 782 operationem

424 802 483 856 in
521 817 607 865 eo,
639 803 720 856 vel
751 804 1037 871 quamdam
1075 819 1140 857 ex
1169 806 1423 859 omnibus
1453 807 1696 860 conﬁteri
1728 807 1987 871 volentes,

423 908 531 947 non
563 894 737 947 solum
794 894 1073 949 instabiles
1097 903 1150 948 et
1180 896 1646 965 tergiversatores,
1677 898 1768 951 sed
1800 912 1852 951 et
1883 899 1991 952 Ine-

422 985 605 1039 reticis
632 986 725 1054 qui
758 986 811 1038 in
859 986 1182 1041 confusione
1211 1003 1274 1042 ac
1302 989 1589 1058 phantasia
1641 999 1694 1043 et
1722 991 1990 1045 divisione

421 1084 760 1142 erraverunt,
794 1078 968 1148 magis
998 1079 1192 1148 impios
1226 1079 1328 1148 ipsi
1355 1082 1564 1150 seipsos
1602 1081 1840 1150 pr0priis
1868 1097 1990 1135 ver-

421 1168 507 1222 bis
532 1177 586 1222 et
617 1169 961 1238 dogmatibus
1017 1183 1341 1228 monstrant.
1380 1172 1512 1228 Nam
1557 1175 1632 1227 illi
1663 1175 1880 1244 quidem
1907 1176 1990 1229 vel

421 1257 720 1322 unam,isti
751 1274 879 1313 vero
918 1277 1018 1316 nec
1069 1280 1232 1317 unam
1284 1265 1616 1318 voluntatem
1665 1267 1748 1319 vel
1799 1281 1992 1335 opera-

324 1334 334 1346 ’
422 1351 623 1405 tionem
651 1365 773 1404 eum
811 1353 1012 1408 habere
1035 1356 1244 1418 volunt,
1284 1372 1346 1412 ac
1404 1373 1498 1427 per
1531 1357 1636 1411 hoc
1681 1358 1992 1412 insuhstan-

422 1440 603 1494 tialem
641 1440 791 1495 illum
821 1452 873 1496 et
914 1444 1350 1513 inessentialem;
1401 1447 1582 1500 minus
1607 1448 1752 1501 enim
1779 1457 1864 1502 est
1908 1449 1992 1504 di-

419 1543 565 1595 cere,
602 1530 718 1585 sine
765 1533 1039 1589 voluntate
1091 1552 1153 1590 ac
1208 1537 1644 1606 impotem(57)
1692 1542 1990 1596 secundum

418 1631 683 1691 utrasque
710 1634 936 1681 naturas
963 1629 1337 1696 pronuntiant,
1365 1647 1485 1685 cum
1509 1631 1666 1700 juxta
1690 1648 1876 1688 sacras
1897 1634 1992 1688 de-.

417 1713 692 1770 ﬁnitiones
718 1727 772 1772 et
802 1719 1040 1774 rationes
1081 1723 1375 1791 corruptio,
1431 1723 1481 1776 id
1532 1733 1615 1778 est
1648 1726 1991 1794 interemptio

417 1808 864 1864 etinexsistentia
894 1824 1121 1875 naturai,
1167 1815 1493 1867 naturalium
1531 1815 1909 1870 habitudinum
1937 1827 1991 1872 et

416 1900 797 1967 operationum
829 1911 992 1971 atque
1022 1905 1284 1958 virtutum
1321 1905 1610 1960 inﬁrmitas
1641 1915 1694 1959 et
1745 1905 1988 1962 defectus

415 1993 664 2057 exsistat,
700 2003 754 2048 et
775 1997 920 2064 quod
947 1998 1323 2051 universaliter
1356 2001 1633 2052 voluntate
1657 2000 1891 2053 naturali
1921 2015 1986 2054 ac

418 2085 763 2140 substantiali
802 2089 1115 2156 operatione
1149 2089 1413 2158 privatur,
1471 2106 1647 2159 neque
1674 2101 1777 2156 est,
1813 2107 1987 2161 neque

417 2175 620 2246 aliquid
653 2186 754 2242 est,
787 2194 962 2248 neque
977 2179 1274 2250 estquaavis
1296 2180 1418 2249 ejus
1448 2181 1706 2236 essentia.

494 2281 513 2314 ι
555 2264 644 2320 Vl.
673 2266 739 2320 Et
789 2283 898 2322 non
948 2269 1124 2337 ipsum
1159 2278 1391 2333 tantum,
1428 2272 1522 2325 sed
1573 2281 1627 2326 et
1662 2271 1898 2333 Patrem,
1935 2281 1989 2327 et

421 2353 683 2425 Spiritum
711 2371 981 2424 sanctum,
1009 2361 1469 2416 insubstantivum
1489 2373 1740 2418 astruunt
1762 2373 1816 2418 et
1839 2367 1988 2418 inex-

420 2448 728 2503 sistentem.
783 2449 1036 2518 Ejusdem
1086 2453 1230 2506 enim
1281 2454 1528 2522 utrisque
1577 2453 1682 2509 illis
1733 2456 1989 2509 substan-

416 2542 527 2606 tize,
570 2541 623 2594 id
661 2551 746 2597 est
778 2542 1018 2610 deitatis,
1079 2553 1133 2598 et
1170 2547 1487 2611 voluntatis,
1539 2562 1603 2602 ac
1659 2547 1988 2616 Operationis

421 2633 672 2688 Salvator
699 2635 932 2701 exsistit,
959 2637 1256 2690 secundum
1289 2639 1431 2707 quod
1459 2650 1541 2692 est
1579 2649 1632 2693 et
1661 2640 1859 2694 dicitur
1889 2656 1988 2693 na-

417 2732 538 2779 tura
574 2725 751 2791 Deus;
791 2728 862 2780 ita
919 2736 978 2780 ut
1034 2729 1427 2799 subsequenter
1459 2741 1512 2785 et
1562 2731 1838 2785 dominam
1890 2745 1991 2784 no-

422 2825 590 2871 stram
644 2835 770 2874 vere
823 2823 1246 2886 sanctissimam,
1300 2837 1463 2891 super
1518 2837 1710 2879 omnes
1769 2834 1989 2880 sanctos

417 2910 782 2964 venerandam
829 2912 1035 2967 scilicet
1095 2923 1150 2966 et
1187 2913 1531 2978 laudandam,
1583 2923 1642 2969 ut
1677 2915 1892 2985 proprie
1927 2931 1992 2971 ac

418 3015 526 3052 non
557 2999 839 3065 fallat-iter,
880 3003 1146 3057 veraciter
1181 3003 1273 3057 Dei
1317 3005 1628 3071 genitricem
1671 3021 1991 3075 semperque

417 3089 708 3158 virginem,
741 3108 847 3147 non
881 3094 1100 3163 proprie
1123 3109 1189 3148 ac
1226 3096 1490 3150 veraciter
1521 3104 1746 3150 matrem
1775 3097 1866 3150 Dei
1897 3099 1992 3151 de-

419 3181 681 3246 scribant,
718 3183 810 3238 sed
839 3184 959 3254 ejus
983 3187 1078 3255 qui
1123 3187 1437 3241 nullomodo
1491 3188 1790 3242 secundum
1841 3190 1990 3258 ipsos

2093 619 2373 686 gnoscitur
2402 616 2668 672 naturalis
2693 635 2704 670 :
2756 627 2810 671 et
2831 617 3010 671 omnis
3048 628 3241 672 natura
3271 619 3501 687 propriae
3525 633 3655 688 ope-

2089 711 2318 765 rationis
2345 712 2686 766 substantiali
2713 711 2923 766 ratione
2968 712 3337 782 cognoscitur,
3371 724 3425 766 et
3474 713 3655 767 omnis

2089 810 2282 855 natura
2313 804 2716 857 convenientem
2749 804 2850 857 sibi
2883 817 3048 872 seque
3078 805 3469 873 signiﬁcantem
3493 807 3658 861 habet

2090 892 2483 960 operationem,
2525 895 2664 949 hanc
2685 895 2752 949 ab
2780 895 2901 950 aliis
2941 896 3359 962 discernentem,
3387 899 3657 952 deﬁnitio-

2089 997 2296 1052 nesqne
2323 984 2752 1039 substantiarum
2775 988 3050 1042 naturales
3097 1003 3282 1042 earum
3314 991 3656 1059 operationes

2089 1088 2216 1127 vera
2267 1077 2408 1130 ratio
2437 1077 2602 1130 novit.
2642 1076 2707 1129 Et
2751 1087 2811 1132 ut
2842 1079 3223 1148 compendiose
3276 1080 3509 1147 dicatur,
3559 1095 3660 1134 nec

2089 1174 2339 1219 naturam
2371 1167 2487 1221 sine
2519 1169 2832 1237 Operatione
2864 1185 2985 1238 quae
3035 1170 3182 1223 illam
3229 1171 3660 1226 substantialiter

2090 1258 2504 1321 characterizet,
2533 1275 2632 1322 nec
2665 1275 2856 1314 rursus
2909 1262 3241 1315 voluntatem
3271 1262 3352 1316 vel
3385 1263 3657 1331 Operatio-

2090 1363 2214 1402 nem
2245 1357 2456 1402 constat
2504 1364 2627 1404 esse
2675 1350 2791 1404 sine
2829 1351 3063 1420 quadam
3116 1354 3443 1418 substantia,
3496 1355 3546 1408 id
3574 1362 3660 1410 est

2088 1439 2348 1508 possibile
2379 1440 2531 1510 (6!);
2574 1442 3222 1510 quemadmodumdivina
3263 1445 3659 1499 concionantur

2089 1530 2340 1600 Eloquia,
2391 1541 2446 1586 et
2493 1533 2608 1601 ipsa
2639 1549 2819 1586 rerum
2849 1543 3040 1589 natura
3072 1537 3293 1591 clamat.

2165 1641 2184 1672 ε
2236 1621 2346 1676 Vll.
2385 1623 2553 1694 Igitur
2596 1625 2930 1679 voluntatem
2963 1635 3018 1680 et
3067 1630 3437 1696 operationem
3491 1647 3655 1687 unam

2089 1725 2286 1782 praeter
2311 1715 2447 1769 duas
2480 1716 2625 1770 circa
2676 1715 3010 1771 Salvatorem
3043 1719 3321 1773 Christum
3372 1723 3656 1792 ﬁngentes,

2088 1811 2142 1856 et
2168 1805 2491 1859 necessitate
2520 1804 2634 1876 (6‘2)
2671 1809 2834 1862 etiam
2865 1808 3027 1862 aliam
3077 1819 3327 1864 naturam
3360 1823 3554 1880 praeter
3575 1815 3660 1869 die

2019 1895 2063 1951 Β
2090 1894 2293 1959 vinam,
2315 1905 2373 1950 ut
2394 1897 2598 1952 dictum
2621 1907 2726 1963 est,
2748 1908 2802 1953 et
2823 1899 3118 1954 humanam
3140 1911 3450 1956 extraneam
3475 1921 3662 1974 quam-

2085 1984 2212 2039 dam
2247 1987 2626 2043 exsistentium
2657 1991 2899 2044 omnium
2925 1992 3156 2046 alienam
3183 1993 3515 2062 plasmantes
3560 2011 3659 2066 ap~

2085 2078 2288 2146 plicant
2315 2081 2385 2143 ei,
2415 2081 2573 2150 cujus
2602 2097 2723 2137 esse
2751 2083 2861 2154 (65)
2892 2084 3006 2153 jam
3065 2086 3264 2140 dictam
3299 2102 3329 2140 a
3382 2102 3440 2141 se
3493 2105 3658 2142 unam

1986 2191 1988 2196 υ
2084 2169 2439 2252 voluntatem,
2471 2187 2591 2241 quae
2619 2172 2780 2228 inane
2823 2174 3134 2244 ﬁgmentum
3183 2177 3322 2231 ﬁctae
3375 2178 3661 2247 cogitatio-

2086 2260 2174 2315 nis
2189 2269 2292 2328 est,
2320 2272 2372 2316 et
2392 2277 2608 2329 germen
2635 2266 2776 2334 quod
2808 2267 2875 2321 ab
2903 2267 3204 2322 idololatria
3228 2271 3302 2322 ml
3328 2272 3542 2340 penitus
3556 2269 3661 2324 dif-

2088 2353 2209 2407 fert.
2238 2353 2378 2409 Deus
2401 2357 2545 2410 enim
2575 2358 2740 2412 simul
2788 2367 2841 2413 et
2880 2361 3044 2414 homo
3079 2362 3328 2416 Salvator
3368 2363 3659 2428 exsistens,

2087 2445 2226 2500 duas
2250 2455 2459 2501 tantum
2484 2459 2842 2516 congruentes
2875 2451 2977 2504 sibi
3024 2461 3246 2507 naturas
3273 2461 3326 2508 et
3354 2453 3661 2510 voluntates

2089 2545 2144 2591 et
2174 2539 2540 2606 operationes,
2577 2539 2627 2594 id
2658 2549 2741 2594 est
2765 2541 3003 2594 divinam
3035 2552 3089 2596 et
3134 2543 3428 2598 humanam
3478 2545 3658 2608 habet.

2090 2631 2549 2698 quemadmodum
2573 2632 2758 2704 inclyti
2803 2645 3163 2705 praeceptores
3186 2638 3359 2692 nostri
3390 2653 3454 2691 ac
3483 2638 3665 2693 docto-

2090 2735 2179 2775 res
2210 2720 2482 2778 aﬁirmant
2516 2743 2529 2777 :
2582 2739 2690 2777 non
2723 2740 2884 2778 unam
2918 2738 2971 2778 et
3023 2727 3182 2789 duas,
3215 2727 3267 2780 id
3323 2737 3406 2781 est
3442 2737 3570 2794 tres,
3603 2737 3663 2781 nt

2092 2814 2390 2869 adversarii
2443 2815 2845 2884 dogmatizant;
2911 2833 3022 2886 quo
3075 2818 3207 2872 illud
3258 2819 3663 2874 evidentissima

2093 2914 2303 2976 gerant,
2367 2906 2511 2974 quod
2564 2906 2692 2960 olim
2747 2922 2776 2960 a
2832 2907 2940 2962 Deo
2993 2924 3087 2978 per
3115 2909 3306 2964 Isaiam
3339 2913 3658 2981 prophetam

2090 2996 2147 3051 in
2176 2997 2507 3051 calumniam
2536 2998 2754 3065 dicitur,
2785 2999 2838 3052 id
2893 3009 3011 3055 est:
3058 3001 3330 3072 Caupones
3381 3007 3458 3058 tui
3483 3008 3662 3060 vinum

2093 3105 2232 3158 aqua
2262 3091 2477 3144 miscent
2502 3089 2570 3142 ⁸⁵.
2601 3088 2671 3143 Ut
2702 3091 2846 3145 enim
2874 3103 3094 3162 apparet
3121 3136 3137 3157 ,
3195 3105 3249 3150 et
3290 3097 3381 3151 isti
3436 3097 3660 3152 verbum

2093 3182 2336 3236 veritatis
2396 3197 2700 3250 cauponum
2768 3199 2921 3238 more
2975 3185 3376 3251 adulterando,
3441 3197 3666 3244 natura-

418 3272 653 3326 exsistit.
684 3273 749 3328 Et
777 3275 1106 3344 istiquidem
1137 3278 1334 3332 talibus
1355 3293 1420 3332 ac
1441 3262 2055 3348 tantisimpietatibusC
2090 3274 2196 3329 lem
2250 3275 2564 3329 dualitatem
2609 3275 2948 3329 voluntatum
3000 3285 3054 3330 et
3109 3279 3483 3346 operationum
3541 3279 3664 3334 Sal-

419 3364 587 3434 capti,
611 3380 706 3434 per
737 3382 834 3421 sua
881 3367 1054 3436 ipsius
1082 3368 1194 3438 (58)
1227 3369 1481 3439 dogmata
1520 3370 1890 3438 propalantur.
1925 3369 1989 3424 Hi

418 3467 572 3520 vero,
605 3457 698 3526 qui
736 3458 899 3511 simul
921 3474 1045 3514 cum
1070 3459 1284 3514 duabus
1311 3461 1683 3516 voluntatibus
1708 3471 1762 3516 et
1798 3477 1992 3530 opera-

418 3547 681 3614 tionibus,
716 3563 836 3616 qute
887 3551 1090 3604 sanctis
1121 3551 1403 3605 catholicae
1447 3552 1850 3608 institutoribus
1883 3553 1990 3607 Ec'

417 3638 596 3693 clesia‘
617 3639 701 3708 pie
718 3639 770 3692 in
797 3636 1075 3694 Salvatore
1092 3650 1280 3696 nostro
1297 3640 1802 3707 Christodieuntur,
1828 3644 1989 3697 aliam

418 3743 584 3784 unam
609 3731 794 3784 nescio
821 3731 960 3786 unde
984 3733 1244 3802 ﬁngentes
1268 3734 1511 3788 conﬁteri
1536 3736 1741 3799 volunt,
1773 3745 1826 3790 et
1855 3753 1989 3790 ana-

419 3822 778 3875 thematizant
801 3837 895 3876 eos
920 3824 1014 3891 qui
1043 3839 1151 3876 non
1174 3840 1413 3879 consone
1429 3826 1530 3878 sibi
1559 3842 1722 3880 unam
1755 3836 1808 3879 et
1831 3828 1988 3890 duas,

419 3912 474 3966 id
507 3920 590 3966 est
617 3921 728 3966 tres
785 3913 1090 3968 voluntates
1121 3925 1175 3968 et
1221 3917 1563 3982 operationes
1609 3918 1662 3970 in
1718 3933 1784 3972 eo
1830 3919 1994 3971 conﬁ-

421 4011 640 4069 tentur;
689 4005 1046 4060 nihilominus
1097 4016 1152 4061 et
1209 4008 1294 4061 isti
1333 4016 1553 4064 sanctos
1599 4011 1885 4078 prophetas
1940 4020 1996 4065 et

421 4094 701 4162 apostolos
735 4108 799 4147 ac
840 4094 1113 4160 doctores,
1139 4096 1271 4162 quin
1301 4103 1355 4148 et
1411 4111 1572 4163 super
1626 4097 1750 4162 hos,
1799 4099 1890 4166 qui
1939 4099 1992 4151 in

423 4185 556 4255 ipsis
581 4187 792 4242 locutus
814 4194 918 4248 est,
940 4186 1050 4238 imo
1065 4194 1118 4238 et
1147 4201 1290 4238 nunc
1309 4201 1401 4249 per
1416 4202 1510 4240 eos
1527 4186 1741 4251 aﬁatur,
1765 4189 1995 4242 sanctis-

422 4283 619 4337 simum
649 4282 908 4353 Spiritum
926 4281 1404 4347 anathematizant,
1429 4293 1484 4335 et
1499 4283 1749 4336 traditam
1779 4299 1873 4354 per
1898 4299 1994 4338 eos

421 4376 582 4430 nobis
607 4375 676 4429 ab
699 4375 792 4428 illo
837 4382 1078 4428 sanctam
1128 4381 1182 4426 et
1211 4371 1615 4431 immaculatam
1647 4374 1803 4430 ﬁdem
1839 4377 1995 4431 novis

420 4465 1273 4523 adulterantesadinventionibus
1308 4468 1598 4537 abnegauit,
1637 4480 1692 4522 et
1722 4469 1882 4522 aliam
1938 4469 1992 4522 in

2093 3367 2298 3421 vatoris
2325 3368 2500 3420 nostri
2529 3367 2732 3422 Christi
2764 3383 2872 3421 una
2887 3369 3166 3423 voluntate
3211 3386 3276 3425 ac
3323 3373 3662 3441 operatione,

2093 3475 2216 3530 quae
2240 3460 2294 3513 in
2327 3460 2444 3528 ipso
2471 3460 2540 3514 ab
2585 3459 2852 3515 lueretieis
2886 3461 2975 3530 qui
3006 3461 3058 3516 in
3091 3462 3410 3518 confusione
3437 3479 3502 3519 ac
3526 3465 3665 3520 divi-

2093 3553 2250 3606 sione
2283 3565 2376 3603 seu
2412 3551 2695 3618 phantasia
2743 3550 2948 3620 decepti
2991 3561 3138 3618 sunt,
3189 3554 3352 3623 impie
3395 3555 3664 3624 dogmati-

2095 3650 2213 3695 zata
2239 3651 2341 3703 est,
2377 3641 2544 3694 veluti
2575 3640 2759 3694 vinum
2785 3658 2926 3711 aqua
2958 3644 3270 3708 miscentes,
3297 3653 3554 3715 utrasque
3575 3662 3665 3700 se-

2093 3737 2211 3782 ctas
2244 3730 2488 3782 conﬁteri
2511 3729 2881 3796 compellunt;
2926 3737 3070 3799 quod
3129 3733 3355 3804 impium
3400 3735 3666 3790 veraciter

2094 3832 2178 3873 est
2213 3827 2268 3872 et
2299 3819 2535 3874 alienum
2584 3820 2944 3875 immaculata:
2981 3821 3105 3876 ﬁdei
3147 3833 3353 3878 nostrae
3399 3825 3667 3881 Christia-

2093 3926 2326 3977 norum;
2380 3912 2474 3981 qui
2507 3927 2573 3966 ex
2601 3911 2870 3966 diametro
2904 3912 3157 3968 similiter
3191 3922 3251 3966 ut
3304 3931 3666 3983 pracessores

2094 4003 2180 4058 ευὶ
2205 4003 2367 4056 etiam
2422 4018 2519 4071 per
2553 4004 2699 4060 hunc
2757 4020 2790 4060 a
2847 4004 3070 4058 veritate
3115 4005 3371 4060 decidunt
3417 4009 3662 4062 modum.

2096 4091 2330 4162 Equale
2349 4094 2551 4163 quippe
2587 4111 2653 4149 ex
2699 4094 2967 4149 diametro
3010 4103 3066 4148 et
3112 4095 3288 4149 simile
3345 4096 3548 4151 malum
3580 4107 3667 4152 est

2095 4200 2218 4238 eum
2255 4186 2506 4240 haeretica
2537 4187 2795 4255 opinione
2825 4195 3106 4257 paternam
3156 4187 3421 4256 projicere
3467 4203 3532 4243 ac
3575 4205 3666 4243 re-

2094 4276 2330 4344 probare
2357 4276 2761 4340 orthodoxiam,
2785 4285 2839 4331 et
2870 4293 2901 4332 e
2919 4278 3137 4332 diverso
3180 4293 3304 4331 cum
3339 4279 3442 4332 hac
3463 4279 3666 4347 pariter

2095 4375 2150 4421 et
2172 4367 2317 4420 illam
2349 4365 2594 4421 conﬁteri
2617 4375 2670 4421 et
2709 4368 3042 4436 approbare:
3098 4366 3230 4432 Qua:
3260 4368 3400 4421 enim
3436 4371 3664 4438 partici-

2095 4460 2241 4529 patio
2264 4458 2496 4528 justitite
2524 4470 2574 4514 et
2609 4459 2880 4528 iniquitati
2905 4461 2931 4514 ?
2951 4470 3044 4513 aut
3065 4477 3181 4530 qua:
3209 4462 3430 4515 societas
3456 4461 3564 4516 luci
3593 4463 3662 4515 ad

423 4558 704 4616 salvatore
763 4559 984 4615 Christo
1031 4569 1282 4614 naturam
1326 4567 1520 4629 ρι-ωιθι·
1547 4559 1786 4612 divinam
1813 4568 1866 4613 et
1891 4560 1993 4613 hu-
2025 4599 2069 4653 D
2099 4550 2380 4606 tenebras?
2409 4560 2640 4620 antqua:
2667 4554 2936 4606 conventio
2969 4551 3167 4607 Christi
3197 4553 3265 4605 ad
3311 4553 3527 4606 Belial?
3571 4565 3666 4607 aut

421 4669 663 4719 manam,
690 4661 1004 4706 extraneam
1054 4652 1345 4721 quamdam
1397 4659 1452 4705 et
1475 4653 1719 4704 omnium
1755 4649 1986 4704 alienam
2025 4642 2065 4653 ν
2093 4659 2212 4713 εἵκω
2237 4659 2359 4708 ρανε
2398 4642 2542 4710 ﬁde“
2596 4659 2714 4696 cum
2768 4643 3021 4712 inﬁde“?
3046 4645 3136 4713 (Ιυί
3165 4653 3343 4696 “Mem
3383 4660 3664 4698 εοηδεηδαδ

421 4745 796 4800 exsistentium
849 4745 1057 4814 ﬁngunt
1089 4744 1227 4815 (59),
1257 4743 1416 4812 cujus
1467 4759 1588 4797 esse
1631 4743 1820 4797 volunt
1859 4757 1889 4796 a
1929 4757 1990 4797 se

423 4836 611 4891 ﬁctam.
630 4839 684 4890 in
707 4837 798 4890 illo
822 4852 984 4890 unam
1001 4837 1333 4890 voluntatem
1355 4836 1815 4904 etoperationem.
1841 4833 1990 4900 Quo-

423 4926 568 4980 niam
593 4926 774 4980 omnis
799 4927 1050 4980 voluntas
1073 4926 1342 4980 naturalis
1366 4933 1420 4979 et
1471 4925 1843 4979 substantialis
1865 4939 1991 4994 ope-

423 5018 584 5084 ratio,
613 5027 819 5072 natura:
839 5017 1080 5086 profecto
1095 5016 1442 5072 voluntativa:
1465 5032 1529 5070 ac
1545 5016 1832 5084 operativai
1854 5015 1990 5068 idio-

346 5170 354 5182 ,
424 5121 571 5166 mata
604 5117 749 5165 sunt.
781 5107 847 5163 Et
876 5110 1052 5163 omnis
1076 5110 1316 5166 Operatio
1339 5108 1602 5161 naturalis
1628 5106 1988 5162 substantiam

424 5205 648 5268 indicat,
673 5218 741 5258 ex
765 5217 872 5272 qua
911 5203 1154 5271 procedit
1203 5210 1256 5256 et
1313 5201 1452 5255 inest
1483 5199 1637 5269 (60):
1701 5207 1754 5253 et
1787 5197 1992 5252 indica-

497 5391 542 5422 ⁸⁸
573 5391 680 5443 lsa.
713 5401 754 5454 l,
777 5387 867 5442 22.
947 5384 994 5415 ⁸ο
1021 5382 1207 5438 llCor.
1238 5397 1310 5449 vt,
1342 5382 1526 5436 H-lﬁ.

497 5572 607 5642 (57)
631 5571 1292 5642 [impotemlmpotentem
1321 5569 1488 5626 BAUN.

499 5641 610 5712 (58)
644 5641 839 5711 Ipsi'ns.
868 5644 1134 5712 Ipsorum.
1168 5644 1245 5695 In.

496 5710 608 5781 (59)
626 5710 691 5764 Et
712 5710 1010 5765 omniain...
1036 5715 1260 5782 ﬁngunt.
1282 5710 1348 5765 Et
1364 5713 1430 5764 ab
1446 5710 1695 5765 omnibus
1719 5725 1837 5780 qua:
1864 5717 1994 5765 sunt

431 5780 485 5833 in
509 5780 950 5853 rehnsahenain,
987 5780 1213 5853 lingunt.
1243 5783 1480 5853 Conon.

501 5850 613 5921 (60)
644 5851 713 5904 Et
747 5853 896 5906 inest.
923 5852 1020 5906 Cui
1057 5850 1216 5906 inest.
1248 5851 1320 5906 In.

2097 4736 2288 4805 templo
2316 4735 2410 4790 Dei
2436 4753 2556 4790 cum
2577 4737 2733 4790 idolis
2757 4737 2804 4769 ⁸⁸
2822 4739 2847 4791 ?
2879 4737 3098 4792 divinus
3128 4737 3207 4790 ait
3229 4736 3547 4806 Apostolus.
3577 4736 3666 4790 ln-

2096 4845 2260 4900 quam
2293 4843 2425 4884 vero
2451 4840 2506 4884 et
2556 4831 2705 4900 ipse:
2737 4830 2868 4898 Quae
2898 4829 3261 4900 partieipatio,
3294 4830 3378 4884 vel
3413 4845 3662 4886 commu-

2096 4922 2320 4987 nicatio,
2353 4923 2660 4986 conventio,
2705 4931 2800 4976 aut
2823 4937 2969 4992 pars,
2992 4929 3086 4976 aut
3104 4936 3404 4976 consensus
3429 4930 3666 4990 paterna:

2096 5014 2452 5079 orthodoxias,
2486 5015 2553 5069 ad
2615 5029 2847 5084 nequam
2889 5015 3268 5070 haereticorum
3327 5013 3663 5082 opinionem,

2097 5115 2158 5160 nt
2175 5121 2298 5160 cum
2325 5107 2492 5161 altera
2517 5105 2683 5161 altera
2703 5107 3044 5176 praedicetur,
3061 5106 3145 5160 vel
3161 5106 3322 5158 etiam
3341 5102 3667 5172 respuatur?

2178 5216 2197 5250 ι
2247 5195 2382 5253 Vlll.
2411 5197 2478 5254 Et
2506 5200 2610 5255 hoc
2633 5214 2854 5270 quoque
2887 5199 3173 5269 diligenter
3203 5193 3506 5258 intendant,
3534 5192 3666 5262 quia

2168 5571 2280 5642 (61)
2303 5572 2525 5628 Constat
2653 5571 2920 5642 possibile.
2982 5571 3249 5625 Constare
3288 5569 3404 5624 sine
3429 5567 3664 5639 quadam

2099 5645 2426 5703 substantia.
2463 5653 2546 5697 est
2576 5644 2850 5712 possibile.
2880 5644 2958 5694 lo.

2169 5734 2284 5804 (62)
2313 5735 2379 5788 Et
2408 5735 2730 5788 necessitate.
2771 5732 2847 5786 Ex
2876 5735 3218 5786 necessitate.
3245 5729 3322 5782 lo.

2175 5826 2285 5897 (63)
2313 5825 2477 5894 Cujus
2509 5840 2636 5878 esse.
2667 5824 2836 5893 Cujus
2870 5823 3032 5877 velint
3061 5839 3198 5876 esse.
3229 5822 3301 5876 lo.
