2067 3191
234 189 287 217 δι’]

562 187 590 215 S.
611 186 792 229 HIPPOLYTI
811 185 886 214 OPP.
907 185 998 214 PARS
1017 185 1051 214 ll.
1071 202 1106 207 —
1124 185 1275 214 DOGMAT.
1296 186 1340 214 ET
1360 186 1541 225 iiISTORiC.‘

1807 187 1860 214 848

234 249 257 275 si
274 247 502 284 quemadmodum
518 255 633 282 magnus
649 247 683 274 ab
699 247 902 274 immortalitate
915 253 1017 281 cogno—
1031 248 1055 277 Α
1069 252 1187 274 creatam
1196 246 1860 282 etcri-atam,sineinceptioneetcumlnceptione.

235 295 356 323 minatus
371 294 438 330 (64)⁷
453 296 509 322 imo
524 301 589 321 vero
604 297 718 320 cunctus
740 297 898 320 sanctorum
919 292 1022 320 chorus

234 341 360 373 afﬁrmat,
374 340 447 375 quod
468 347 535 375 pene
553 339 618 366 ﬁdes
630 339 780 366 Salvatoris
795 338 880 366 nostri
903 345 956 365 non
977 337 1023 364 ad-

233 387 334 420 mittat,
349 394 411 414 cum
431 386 483 413 hoc
500 384 624 412 instabile
634 384 763 419 quiddam
777 384 926 411 secundum
942 390 1020 411 suam

233 433 319 467 ipsius
334 432 466 460 rationem
479 431 603 459 exsistat.
618 430 695 463 Quod
710 430 732 457 si
748 430 800 457 hoc
823 430 906 456 fuerit
928 436 1020 465 passa,

233 478 343 513 etquod
358 478 421 505 huic
431 481 472 505 est
492 477 660 505 contrarium
690 475 784 511 procul
803 475 886 502 dubio
903 476 1022 503 sustine-

232 525 282 557 bit.
308 524 522 553 additamentum
549 523 663 555 scilicet,
683 526 710 549 et
735 521 874 557 quomodo
899 521 1021 549 manebit

232 571 347 599 ulterius
361 570 426 597 ﬁdes
447 569 595 597 defectibus
611 576 643 596 ac
668 567 835 603 profectibus
855 567 1021 595 immutata?

232 617 339 649 Dicant,
356 617 455 651 inquit,
483 615 568 648 nobis,
586 615 630 650 qui
657 623 703 650 per
729 613 847 649 singulos
873 614 927 640 dies
955 613 1021 648 ﬁdet

232 667 333 696 creant,
351 663 402 689 imo
413 663 473 689 deos
490 662 541 688 sibi
560 661 675 688 diversos
691 660 803 695 ﬁngunt,
819 660 945 695 quoniam
961 668 1020 686 cum

232 709 294 743 ﬁdei
306 708 380 735 verba
397 712 516 734 mutatur
532 711 610 742 atque
633 705 826 740 multiplicatur
851 713 868 732 α
883 705 980 732 talibus
993 704 1021 731 id

232 754 301 790 quod
316 754 442 781 creditur.
460 752 531 788 Ergo
546 757 573 780 et
588 752 737 780 adversarii
753 751 818 779 ﬁdes
835 751 886 779 sibi
903 751 1021 778 conden-

232 806 273 828 tes
284 801 417 833 diversas,
428 800 533 834 absque
547 798 623 826 omni
637 797 851 826 contradictione
871 797 1020 825 secundum

232 846 389 881 qualitatem
406 849 433 872 et
444 844 624 879 quantitatem
641 847 722 878 atque
738 841 953 869 immutationem
970 842 1019 869 do-

232 896 354 927 gmatum
370 898 494 923 suorum,
511 890 657 916 immutant
682 888 764 916 simul
787 892 813 915 et
839 888 1020 923 multiplicant

232 937 259 965 id
277 937 349 972 quod
361 937 491 968 creditur,
506 939 533 963 et
548 935 669 970 quinque
693 934 819 961 Christos
834 938 946 961 eatenus
961 933 1019 968 pla-

232 991 338 1012 sutasse
351 987 550 1011 monstrantur.
571 981 649 1009 Hunc
664 980 774 1016 quidem
787 987 869 1007 unam
880 980 1017 1015 operatio~

233 1037 306 1062 nem,
324 1028 399 1056 illum
417 1035 481 1056 vero
496 1036 545 1056 nec
561 1035 643 1055 unam
670 1027 866 1063 operationem,
884 1029 912 1053 et
931 1025 1015 1052 alium

233 1083 315 1102 unam
330 1079 508 1108 voluntatem,
533 1080 560 1102 et
586 1075 700 1102 alterum
720 1082 770 1102 nec
789 1081 871 1102 unam
891 1073 1018 1100 volunta-

232 1128 306 1148 tem:
329 1129 410 1156 porro
426 1122 550 1156 quintum
577 1129 658 1148 unam
688 1126 715 1148 et
735 1121 815 1154 duas,
829 1124 910 1155 atque
935 1127 1017 1147 unam

232 1170 260 1195 ct
273 1167 352 1200 duas,
366 1167 390 1194 id
401 1171 444 1194 est
457 1171 512 1194 tres
527 1167 698 1201 operationes
726 1171 753 1194 et
775 1171 830 1194 tres
854 1161 1017 1197 voluntates,
1035 1187 1057 1216 Β

233 1217 263 1240 ut
276 1213 364 1245 aiunt,
384 1213 539 1240 habentem.
552 1212 585 1240 Et
604 1213 696 1240 dicant
724 1212 746 1240 si
768 1213 862 1240 volunt
890 1212 928 1239 illi
955 1212 1017 1247 ipsi,

232 1260 279 1294 qui
302 1258 366 1286 talia
387 1263 526 1293 exponunt
539 1259 676 1294 dogmata,
697 1262 724 1286 et
750 1259 796 1293 qui
815 1258 1019 1286 communicant

231 1305 283 1337 eis,
301 1304 328 1331 in
338 1312 418 1339 quem
434 1304 527 1331 talium
539 1312 571 1331 ac
583 1308 622 1331 tot
641 1303 811 1332 Clirislorum
823 1312 837 1331 a
852 1312 881 1332 se
895 1304 1018 1331 ﬁctorum

233 1350 375 1378 credentes
385 1350 516 1384 baptizati
545 1354 609 1377 sunt
623 1350 664 1377 vel
675 1350 848 1385 baptizantur
862 1359 869 1377 :
883 1353 930 1376 aut
940 1350 1020 1384 cujus

232 1404 327 1425 eorum
351 1404 450 1431 corpus
467 1402 494 1424 et
509 1397 669 1432 sanguinem
695 1401 807 1424 sumunt
829 1400 910 1431 atque
925 1396 1019 1423 distri-

233 1444 337 1478 buunt;
354 1448 445 1471 utrum
456 1444 516 1479 ejus
528 1444 574 1479 qui
590 1451 683 1477 unam,
695 1451 729 1471 an
741 1444 787 1479 qui
801 1451 852 1471 nee
861 1451 943 1470 unam
959 1450 1021 1477 ope-

234 1492 387 1525 rationem;
403 1491 463 1526 ejus
473 1490 519 1526 qui
538 1498 621 1517 unam
636 1490 815 1522 voluntatem,
840 1497 874 1516 an
900 1488 960 1523 ejus
974 1488 1022 1523 qui

236 1545 317 1564 unam
331 1541 357 1564 et
374 1537 453 1569 duas,
469 1540 495 1563 et
506 1543 588 1563 unam
600 1541 625 1563 et
640 1536 719 1568 duas,
747 1535 774 1562 id
789 1539 833 1562 est
856 1539 912 1563 tres
925 1541 1022 1569 opera-

234 1583 323 1610 tiones
337 1586 364 1609 et
374 1586 430 1609 tres
448 1582 613 1614 voluntates,
629 1586 655 1609 et
671 1585 813 1616 propterea
841 1580 898 1615 jam
922 1588 955 1608 ex
970 1588 1019 1606 ne-

233 1627 360 1654 cessitate
375 1631 432 1654 tres
446 1626 528 1653 etiam
543 1630 655 1653 naturas
668 1625 758 1652 habet.
773 1623 825 1652 Sed
837 1632 889 1651 non
905 1629 962 1651 erat
971 1630 1022 1650 vos

232 1679 257 1700 et
273 1682 323 1700 non
335 1678 392 1700 erat
403 1672 505 1699 auditio
515 1672 548 1704 '",
570 1671 802 1706 quemadmodum
827 1671 866 1697 ait
889 1670 1021 1704 propheta

235 1727 350 1755 magnus
362 1718 445 1751 Elias,
457 1718 587 1745 scelestos
598 1718 753 1745 sacerdotes
765 1720 792 1744 et
802 1715 1022 1752 pseudoprophe-

236 1768 277 1791 tas
292 1764 461 1791 confusionis
476 1764 653 1797 redarguens.

274 1819 283 1836 ι
302 1810 346 1837 IX.
363 1809 431 1837 Nam
447 1809 579 1845 quidquid
609 1808 706 1835 horum
724 1808 853 1839 dixerint,
871 1807 946 1834 illinc
958 1814 1020 1834 cum

236 1855 374 1890 impietate
384 1855 465 1882 etiam
474 1854 692 1889 redargutionem
704 1860 794 1881 sermo
801 1860 895 1880 eorum
907 1853 1023 1879 circuat-

235 1902 323 1934 feret;
342 1902 470 1937 quoniam
487 1908 540 1927 non
556 1900 582 1927 in
597 1907 690 1927 verum
702 1904 729 1927 et
742 1899 876 1926 veraciter
886 1898 1023 1926 exsisten-

235 1954 289 1976 tem
311 1947 450 1975 Christum
471 1946 584 1974 credunt
605 1951 686 1980 atque
713 1944 861 1979 baptizant,
887 1952 936 1971 nec
949 1944 1022 1971 illius

235 2001 335 2029 corpus
347 1998 374 2020 et
391 1994 552 2028 sanguinem
568 1992 706 2027 accipiunt
716 1996 743 2018 et
752 1991 929 2018 distribuunt.
942 1989 1020 2016 illum

237 2041 321 2073 enim,
342 2047 436 2067 verum
463 2039 576 2071 scilicet,
591 2042 617 2065 et
628 2038 674 2072 qui
697 2045 761 2065 vere
786 2037 922 2069 consistit,
939 2036 1020 2063 Chri-

240 2091 313 2115 stum
328 2086 411 2113 Deum
423 2085 504 2113 simul
519 2089 546 2112 ct
569 2085 705 2111 hominem
721 2083 814 2119 inclyti
837 2083 959 2118 magistri
978 2091 1022 2110 no-

235 2132 286 2159 stri
301 2139 333 2158 ac
342 2137 519 2166 praeceptores
530 2130 658 2162 scientes,
670 2130 738 2156 duas
760 2134 788 2156 et
807 2133 911 2155 tantum
924 2135 1021 2163 quem-

236 2178 382 2206 admodum
392 2182 514 2209 naturas,
524 2176 563 2203 sic
572 2176 654 2203 etiam
663 2180 690 2203 et
697 2176 766 2203 duas
774 2175 938 2206 voluntates,
947 2178 974 2201 et
982 2179 1023 2202 to—

236 2225 320 2252 tidem
328 2223 502 2259 operationcs
509 2226 690 2257 congruentes
698 2222 761 2254 sibi,
769 2222 888 2249 divinam
906 2222 1021 2255 scilicet,

237 2275 267 2297 ut
275 2270 331 2305 jam
341 2269 444 2297 dictum
457 2273 498 2297 est
510 2268 760 2303 elieomprobatum,
769 2272 796 2296 et
810 2268 970 2302 humanam,
981 2268 1024 2295 in-

1074 293 1102 320 in
1116 293 1175 326 ipso
1183 292 1347 319 conﬁtentur
1356 296 1383 320 et
1392 292 1516 320 canﬁteri
1528 292 1607 320 nobis
1616 292 1788 327 praecipiunt.
1800 292 1861 328 Non

1073 343 1177 371 autem,
1193 342 1223 365 ut
1237 338 1264 365 hi
1280 346 1354 365 nunc
1366 338 1501 365 novitates
1518 337 1649 370 fecerunt,
1665 345 1749 365 unam
1770 342 1798 365 et
1812 345 1862 365 nec

1072 393 1168 417 unam,
1181 393 1231 412 nec
1243 384 1321 417 duas,
1337 388 1363 411 et
1379 392 1475 412 rursus
1485 391 1568 411 unam
1584 387 1611 411 et
1621 384 1700 416 duas,
1714 383 1740 411 id
1751 387 1793 410 est
1806 388 1861 410 tres

1072 432 1226 458 voluntates
1236 436 1263 458 et
1276 430 1451 465 operationes
1470 431 1571 463 habere
1582 430 1658 457 illum
1676 430 1807 457 fatentur.

1110 487 1120 503 α
1138 477 1171 504 Χ.
1187 477 1273 512 Super
1290 478 1348 504 haec
1360 481 1450 504 autem
1463 477 1555 504 omnia
1572 484 1633 511 qua:
1648 477 1720 504 dicta
1744 480 1818 509 sunt,
1835 481 1861 502 et

1072 523 1137 550 illud
1153 531 1263 558 quoque
1281 524 1434 551 certissime
1465 522 1601 555 noverint,
1616 522 1746 557 quoniam
1777 530 1860 549 unam

1072 577 1122 596 nec
1138 577 1231 601 unam,
1247 577 1334 604 neque
1354 569 1434 602 duas,
1450 573 1479 596 et
1511 569 1610 596 iterum
1636 576 1719 596 unam
1748 572 1776 596 et
1792 568 1862 597 duas

1071 616 1224 644 voluntates
1237 620 1264 643 et
1280 616 1464 651 operationes,
1478 619 1505 642 et
1518 616 1611 643 omnia
1624 623 1685 643 cum
1700 615 1862 642 anathema-

1073 661 1145 689 tibus
1153 666 1178 689 et
1187 661 1401 697 depositionibus
1415 668 1448 688 ac
1459 661 1741 688 cxcommunicatione
1750 661 1862 695 dogma-

1071 707 1198 739 tizantes,
1216 712 1309 742 aperte
1321 707 1372 734 sibi
1384 704 1411 734 et
1425 706 1565 734 alterutris
1579 714 1731 741 repugnare
1743 706 1862 741 proban-

1071 759 1137 787 tur;
1156 758 1183 781 et
1197 754 1248 788 ipsi
1266 761 1313 788 per
1339 760 1369 781 sc
1384 752 1459 787 ipsos
1472 756 1499 779 et
1525 752 1639 779 invicem
1656 752 1817 780 subvertunt
1829 759 1862 779 ac

1071 801 1225 832 destruunt,
1238 799 1340 826 alterna
1357 799 1438 826 verba
1468 802 1495 825 et
1511 798 1650 833 dogmata,
1679 805 1763 832 seque
1787 798 1862 832 ipsos

1070 851 1098 875 et
1109 847 1264 878 alterutros,
1279 849 1306 872 et
1320 853 1368 872 eos
1382 845 1429 879 qui
1443 844 1495 872 sibi
1517 844 1732 876 communicant,
1748 844 1862 870 anathe-

1071 892 1213 925 matizant,
1233 892 1304 919 etab
1320 891 1394 919 omni
1408 898 1486 919 sacra
1502 890 1633 924 dignitate
1656 897 1688 917 ac
1709 889 1862 916 ministerio

1071 938 1175 972 peﬂunt
1193 941 1274 971 atque
1289 937 1439 971 deponunt.
1454 936 1565 963 Necnon
1577 940 1604 962 et
1616 943 1631 962 a
1645 935 1818 970 perceptione
1827 934 1861 961 il-

1070 983 1160 1010 libate
1166 982 1368 1010 communionis
1375 982 1472 1009 viviﬁci
1482 981 1603 1016 corporis
1613 986 1640 1008 et
1654 981 1795 1016 sanguinis
1804 989 1862 1008 ma-

1070 1030 1114 1066 gni
1123 1029 1170 1057 Dei
1179 1034 1204 1057 et
1213 1029 1454 1057 Salvatorisnostri
1463 1028 1527 1056 Jesu
1536 1028 1636 1055 Christi
1644 1031 1825 1062 sequestram.

1109 1086 1118 1102 ε
1135 1075 1179 1103 XI.
1193 1075 1227 1103 Et
1238 1076 1296 1103 haec
1315 1075 1421 1110 liquido
1444 1083 1505 1107 nos,
1527 1079 1554 1101 et
1569 1075 1644 1102 nullo
1671 1074 1811 1101 intuentes
1835 1077 1863 1100 et

1071 1122 1188 1149 scientes
1200 1121 1325 1149 obstante
1334 1120 1478 1153 velamine,
1490 1127 1545 1147 non
1557 1120 1645 1147 solum
1655 1126 1767 1154 propter
1773 1119 1864 1146 multi-

1072 1167 1187 1196 formem
1203 1175 1335 1198 errorem,
1361 1174 1454 1194 verum
1470 1166 1552 1194 etiam
1569 1170 1595 1193 et
1609 1170 1718 1201 propter
1734 1164 1866 1192 instabili-

1074 1217 1155 1240 tatem
1171 1217 1198 1239 et
1224 1212 1422 1240 absurditatem
1447 1219 1479 1239 ac
1505 1211 1750 1246 reciprocationem
1767 1212 1862 1239 talium

1071 1260 1193 1286 virorum
1211 1262 1239 1286 et
1250 1258 1420 1294 dogmatum,
1438 1258 1514 1286 omni
1539 1258 1664 1285 custodia
1680 1257 1864 1292 nosmetipsos

1073 1306 1108 1332 ab
1130 1306 1239 1333 illorum
1270 1305 1410 1339 impietate
1433 1309 1461 1332 et
1489 1305 1684 1332 communione
1711 1312 1862 1338 servemus,

1073 1354 1208 1386 quotquot
1226 1351 1253 1377 in
1275 1351 1390 1378 veritate
1416 1358 1477 1378 esse
1492 1358 1524 1377 ac
1538 1351 1590 1377 dici
1619 1351 1768 1377 Christiani
1791 1351 1866 1378 volu-

1073 1405 1147 1424 mus.
1161 1396 1287 1424 Alienum
1300 1397 1399 1432 quippe
1412 1406 1425 1423 a
1442 1397 1606 1424 Christianis
1623 1402 1676 1429 est,
1694 1405 1754 1424 cum
1767 1398 1863 1424 ortho-

1073 1443 1154 1470 doxia
1185 1444 1266 1470 etiam
1297 1443 1463 1478 impietatem
1494 1444 1647 1477 suscipere;
1676 1448 1722 1469 aut
1742 1443 1864 1470 conﬁteri

1073 1489 1182 1525 quidem
1189 1490 1370 1517 orthodoxam
1381 1491 1472 1521 ﬁdem,
1481 1490 1684 1517 communicare
1693 1497 1756 1517 vero
1767 1490 1809 1516 liis
1817 1489 1863 1523 qui

1072 1536 1144 1563 hanc
1157 1544 1205 1571 per
1220 1544 1305 1563 novas
1315 1536 1485 1563 inventiones
1499 1537 1636 1570 ahnegant
1658 1541 1681 1563 et
1696 1536 1862 1562 adulterant.

1073 1580 1187 1616 Propter
1200 1582 1274 1617 quod
1288 1582 1376 1609 divina
1397 1582 1475 1609 nobis
1500 1583 1540 1608 lex
1563 1582 1644 1608 simul
1673 1587 1699 1608 οι
1715 1582 1863 1616 apostolica

1070 1628 1157 1663 jubet,
1171 1636 1218 1656 eos
1233 1629 1280 1663 qui
1293 1629 1367 1656 aliud
1385 1633 1481 1662 przeler
1491 1628 1562 1663 quod
1579 1637 1592 1655 a
1609 1628 1778 1655 Christiferis
1799 1628 1864 1654 viris

1073 1675 1228 1710 accepimus
1243 1676 1276 1709 ⁵⁸,
1292 1675 1389 1703 docere
1402 1683 1432 1701 ac
1450 1675 1625 1702 introducere
1643 1676 1733 1702 conati
1751 1676 1863 1706 fuerint,

1072 1723 1193 1747 avertere
1212 1719 1269 1754 (65)
1281 1723 1308 1746 et
1321 1719 1566 1750 analllemalizare,
1582 1727 1635 1745 non
1651 1723 1755 1745 tantum
1773 1719 1795 1745 si
1814 1718 1860 1744 hoc

1074 1765 1163 1793 mines
1179 1765 1290 1798 fuerint,
1307 1765 1354 1792 sed
1366 1769 1391 1791 et
1409 1765 1470 1791 licet
1495 1764 1582 1798 angeli
1613 1764 1739 1790 fortassis
1766 1771 1781 1789 e
1793 1763 1863 1789 cudo

1073 1810 1269 1838 descendentes
1283 1810 1446 1837 exstiterint.
1470 1809 1534 1836 Etsi
1552 1810 1603 1836 hoc
1616 1809 1772 1840 fecerimus,
1785 1814 1809 1835 et
1823 1808 1862 1834 di-

1072 1856 1165 1883 vinam
1191 1856 1250 1883 sine
1278 1856 1502 1891 praevaricatione
1526 1854 1765 1888 adimpleverimns
1793 1861 1861 1887 pne-

1072 1901 1235 1936 ceptionem,
1252 1908 1412 1935 sacramque
1425 1908 1456 1926 ac
1471 1899 1648 1926 orthodoxam
1666 1900 1743 1925 ﬁdem
1759 1899 1862 1932 alisque

1072 1946 1270 1974 adulteratione
1283 1946 1365 1973 simul
1381 1952 1407 1972 et
1425 1945 1600 1972 innovatione
1618 1945 1822 1979 pnssederilnus
1835 1948 1863 1969 et

1072 1991 1192 2019 confessi
1221 1991 1374 2024 fuerimus;
1403 1991 1436 2018 ad
1449 1992 1531 2017 vitam
1542 1990 1770 2016 salviellieiemur
1785 1994 1863 2016 icter-

1073 2046 1135 2065 nam
1151 2039 1178 2065 in
1191 2037 1302 2065 Christo
1312 2037 1377 2064 Jesu
1401 2037 1517 2064 Domino
1530 2043 1622 2064 nostro
1636 2046 1642 2062 :
1658 2044 1718 2063 cum
1737 2044 1790 2070 quo
1810 2035 1864 2061 Deo

1072 2089 1099 2112 et
1121 2084 1207 2116 Patri,
1225 2092 1278 2111 una
1294 2091 1357 2111 cum
1373 2084 1548 2111 sanctissimo
1563 2088 1588 2110 et
1610 2084 1682 2109 bono
1695 2091 1726 2109 ac
1755 2082 1863 2107 vivilico

1074 2129 1188 2165 Spiritu,
1203 2129 1299 2165 gloria,
1316 2130 1415 2161 honor,
1439 2130 1594 2163 imperium,
1612 2134 1637 2155 et
1655 2127 1777 2154 adoratio
1791 2134 1863 2153 nunc

1071 2179 1098 2203 et
1114 2183 1230 2209 semper,
1256 2180 1284 2203 et
1300 2175 1327 2202 in
1344 2176 1435 2202 omnia
1454 2182 1650 2210 nunquamque
1677 2173 1792 2199 ﬁnienda
1813 2179 1863 2198 sae—

1073 2223 1134 2250 cula
1148 2222 1322 2250 smeulorum.
1339 2221 1436 2249 Amen.
1458 2229 1468 2247 ι

238 2362 365 2395 Claudii
394 2361 634 2401 Cappcronnier
649 2370 679 2392 v.
708 2369 735 2392 c.
761 2360 1061 2401 animadversiones
1087 2363 1120 2394 in
1147 2361 1305 2393 Anastasii
1322 2357 1668 2401 Versionem_Latiriam
1685 2356 1863 2393 Fragmen-

366 2395 470 2433 toruiti
490 2400 668 2440 Hippolyti,
689 2401 805 2432 Contra
824 2400 975 2431 Beronem
991 2407 1020 2432 et
1035 2403 1176 2434 Helicem
1191 2412 1198 2432 :
1211 2401 1302 2440 juxta
1318 2400 1495 2431 editionem
1511 2395 1743 2428 Fabricianam.

395 2463 487 2490 Anast.
501 2463 593 2491 versio.

272 2508 291 2527 α
321 2498 495 2527 Naturalibus
527 2499 658 2533 producta
687 2497 754 2533 legi-

237 2537 296 2563 bus.

789 2539 824 2559 να
834 2532 937 2567 νόμοις.

274 2571 289 2605 β
310 2569 475 2597 Vertibilitas
491 2569 564 2597 enim
577 2568 636 2603 ejus
653 2567 754 2605 quiest

239 2641 288 2668 niti
303 2640 369 2676 (66).
791 2645 879 2672 νησις.

273 2719 292 2745 γ
310 2710 388 2738 Omni
410 2710 491 2738 etiam
512 2712 625 2744 excepta
638 2708 756 2735 circum—

240 2746 388 2780 scriptione
403 2745 565 2781 permansit.
792 2750 835 2770 κε.

274 2804 296 2819 ⁸⁷
309 2802 340 2830 Ill
352 2802 505 2836 ch.xvul,
524 2800 569 2827 26.
607 2799 629 2815 ⁸⁸
642 2798 702 2827 Gal.
721 2807 741 2832 I,
758 2798 785 2826 8.

275 2862 331 2897 (64)
341 2860 452 2897 Magnus
464 2860 496 2897 alt
509 2859 709 2897 immortalitate
721 2857 928 2897 cognominatus.
938 2856 1019 2897 Atha-

240 2892 336 2924 nasius
353 2892 397 2922 de'
407 2896 503 2930 synod.
528 2895 674 2930 Sele-umet
687 2894 801 2930 Arimin.
816 2892 867 2920 Sed
889 2893 1016 2930 mendum

243 2933 270 2959 in
294 2939 359 2958 voce
370 2927 442 2964 pene.
462 2929 531 2956 Num
550 2928 679 2961 consules,
702 2929 743 2955 vel
767 2932 865 2962 tempus
881 2932 927 2954 aut
945 2927 1017 2961 defc-

998 2463 1102 2491 erca.

825 2497 887 2533 Tot;
899 2497 1002 2525 ἕκαστα
1016 2500 1140 2533 φυσικοῖς
1153 2497 1310 2533 διεξαγὸμε-

825 2566 918 2602 Τρὸπὴ
931 2567 985 2603 γὰρ
995 2568 1041 2595 τοῦ
1055 2568 1124 2595 κατὰ
1134 2567 1214 2602 φύσιν
1228 2567 1308 2594 ἀπεί-

238 2601 363 2639 lnéxpers
379 2605 519 2638 motionis,
537 2601 628 2631 motus
640 2601 682 2629 est
697 2601 755 2628 inﬁ-
791 2601 993 2638 ρουζκινέῖάθὰι
1009 2613 1021 2638 μ

1072 2603 1223 2638 πεφυκότος,
1236 2604 1252 2639 ἡ
1264 2603 1307 2630 κι-

827 2706 919 2742 Πάσης
933 2707 986 2740 ἔξω
1000 2709 1172 2744 περιγραφῆς
1188 2707 1308 2743 μεμένη-

1524 2458 1686 2485 Emendata.

1382 2495 1445 2523 Suis
1458 2501 1573 2530 quaeque
1586 2492 1691 2527 legibus
1703 2492 1864 2525 temperata,

1345 2532 1384 2559 vel
1398 2531 1532 2558 ordinata.
1595 2562 1604 2565 _
1623 2562 1630 2565 _
1712 2560 1728 2565 __
1760 2560 1766 2565 ‘
1797 2558 1803 2565 _
1856 2557 1863 2563 .

1381 2565 1494 2592 Mutatio
1509 2572 1563 2591 non
1588 2562 1667 2600 debet
1685 2560 1767 2600 tribui
1779 2560 1804 2600 ei
1818 2560 1865 2592 qui

1345 2601 1379 2629 de
1397 2606 1495 2628 natura
1511 2607 1561 2627 sua
1586 2598 1622 2625 sit
1634 2596 1801 2636 immotionis
1815 2600 1847 2636 es

1345 2644 1417 2672 pers.
1439 2637 1605 2664 Immensum
1627 2639 1729 2660 moveri
1748 2636 1802 2656 non
1815 2635 1865 2662 po-

1347 2676 1448 2733 tesstine
1482 2704 1559 2732 omni
1609 2697 1865 2733 circumscriptione

1347 2740 1507 2776 permansit.

1072 2860 1143 2882 ctum
1155 2855 1167 2881 .’
1181 2855 1300 2881 Counsr.

1108 2890 1164 2924 (65)
1181 2890 1312 2915 Avertere.
1327 2887 1471 2924 Aversari.
1482 2886 1567 2924 lium.
1588 2919 1593 2924 .
1779 2916 1784 2924 Ι
1798 2916 1802 2920 Α

1107 2916 1163 2960 (665
1185 2924 1245 2951 llaec
1263 2923 1353 2951 versio
1368 2922 1473 2949 nullum
1497 2919 1595 2956 legenti
1613 2925 1724 2946 sensum
1742 2916 1862 2944 exhibet.
