4134 6448
495 404 602 459 855

1531 406 1768 463 SERMO
1807 405 1875 461 ΙΝ
1918 406 2188 462 ΒΑΝΕΤΑ
2227 398 2693 464 ἸῊΕΟΡΗΛΝῘᾹ.

3636 411 3746 466 854
3776 444 3779 447 -

561 519 639 574 Οὐ
678 504 837 591 μόνον
856 521 915 576 δὲ
934 521 1091 577 τοῦτο
1118 523 1216 597 τὴν
1238 523 1578 590 ἀξιοπιστίαν
1604 525 1696 579 τοῦ
1723 523 1913 590 ὓδατος
1937 541 2065 595 παρ-

2247 525 2312 579 ll.
2352 522 2537 594 Neque
2562 528 2662 580 hoc
2688 527 3064 581 tantummodo
3087 528 3400 598 dignitatem
3421 544 3576 599 aquae
3598 531 3751 584 evin-

496 609 748 685 ίστησιν,
794 614 943 667 ἀλλὰ⁴
968 616 1062 669 καὶ
1103 617 1164 669 τὸ
1202 617 1417 671 πάντων
1460 618 1902 689 αίδεσιμώτερονη
1938 618 2017 670 ὅτι
2050 621 2079 681 6

494 697 711 765 παντων
743 706 1074 779 δημιουργὸς
1103 710 1355 781 Χριστὸς,
1388 711 1464 774 ὡς
1499 712 1654 773 ὑετὸς
1681 710 1965 781 κατῆλθεν,
1984 706 2078 764 καὶ

490 794 568 858 ὡς
616 799 766 868 πηγὴ
817 798 1084 872 ἐγνώσθη,
1122 794 1219 855 καὶ
1245 802 1321 864 ὡς
1353 803 1594 872 ποταμὸς
1625 802 1855 873 διεδόθη,
1889 804 1981 857 καί
2021 805 2077 855 ὲν

490 886 570 956 τῷ
607 886 842 961 Ἰορδάνῃ
872 889 1439 962 ὲ6απτίσθη.Ἤκουες
1469 896 1577 964 γὰρ
1609 895 1811 964 ἀρτίως
1842 893 1958 956 πῶς
1991 893 2077 945 ελ-

439 988 445 994 “
493 977 601 1032 θὼν
648 981 677 1032 6
713 981 930 1051 Ἰησοῦς
966 983 1102 1054 πρὸς
1164 984 1253 1063 τδν
1302 985 1554 1055 Ἰωάννην
1602 988 1659 1039 ὲν
1711 984 1788 1055 τῷ
1835 986 2077 1058 Ἰορδάνῃ

442 1138 449 1153 ι
491 1071 793 1143 ἐϐαπτίσθη
821 1073 912 1125 ὑπ’
937 1071 1211 1128 αὑτοῦ.⁷Ω
1229 1077 1548 1149 παραδόξων
1580 1077 2075 1149 πραγμάτων-’πῶς

487 1163 516 1214 6
541 1161 951 1234 ἀπερίγραπτος
980 1166 1223 1237 ποταμὸς
1252 1169 1281 1220 6
1310 1169 1617 1239 εὐφραίνων
1653 1168 1749 1239 τὴν
1782 1169 1939 1221 πόλιν
1978 1168 2072 1222 τοῦ

264 1236 275 1242 ’
318 1269 343 1311 ’.
383 1312 386 1315 λ
465 1251 643 1316 θεοῦ,
673 1255 731 1307 ἐν
758 1254 923 1326 ὀλίγῳ
955 1255 1104 1309 ὕδατι
1128 1236 1463 1325 γὲλοὺετομΗ
1488 1236 1868 1331 ἀκατάληπτος
1899 1259 2070 1330 πηγὴ,

472 1343 521 1413 -ή
564 1341 708 1414 ζωὴν
750 1344 1118 1414 βλαστάνουσα
1152 1349 1318 1402 πᾶσιν
1356 1348 1662 1421 ἀνθρώποις
1693 1351 1785 1404 καὶ
1816 1350 2070 1423 τέλοςὶμὴ

486 1433 704 1504 ἔχουσα,
739 1437 842 1489 ὑπὸ
876 1439 1147 1512 πενιχρῶν
1193 1442 1287 1494 καὶ
1326 1443 1671 1515 προσκαίρων
1707 1442 1911 1495 ὑδάτων
1941 1445 2071 1494 ἐκα-

486 1520 737 1576 λύπτετο.
757 1525 814 1577 '0
846 1528 1019 1598 παντῆ
1049 1527 1259 1599 παρὼν,
1292 1531 1384 1583 καὶ
1420 1530 1670 1602 μηδαμοῦ
1697 1522 2073 1601 ἀπολιμπανό-

489 1630 668 1684 μενος,
702 1616 730 1668 6
761 1617 1143 1690 ἀκατάληπτος
1185 1622 1439 1690 ἀγγέλοις
1470 1624 1564 1676 καὶ
1594 1621 1827 1698 ᾁόρατός
1862 1622 2077 1695 ἀνθρώ-

309 1685 315 1693 ’
404 1780 405 1783 η
487 1721 628 1768 ποις,
654 1706 746 1759 ἐπὶ
780 1708 847 1779 τδρ
872 1685 1150 1781 βάπτισμα
1173 1685 1513 1783 ἔργεταίμῦς
1542 1685 1865 1784 ηὑδόκησεν.
1888 1685 2071 1768 Ταῦτα

417 1800 433 1809 ”’
487 1790 721 1853 ἀκούων,
754 1795 1026 1868 ἀγαπητὲ,
1058 1799 1131 1870 μὴ
1161 1802 1402 1869 φυσικῶς
1426 1802 1734 1874 ἐκλάμϐανε
1754 1804 1821 1858 τὰ
1846 1804 2072 1877 λεγόμε-

485 1900 573 1973 να,
622 1884 735 1936 ἀλλ’
769 1888 1125 1960 οἰκονομικῶς
1142 1891 1330 1973 ﬁcu
1378 1893 1447 1946 τὰ
1494 1895 1925 1967 παρατιθέμενα.
1980 1899 2072 1952 Διὸ

380 2008 385 2019 ι
438 1990 441 1993 λ
485 1972 580 2024 καὶ
629 1974 657 2025 6
710 1975 913 2046 Κύριος
957 1981 1022 2048 τῇ
1078 1972 1457 2055 φιλανθρωπίᾳ
1485 1985 1585 2055 τῆς
1616 1986 2092 2054 συγκαταὸάσεως.

478 2064 585 2137 ,εὑκ
611 2064 800 2139 ἔλαθεν
829 2069 926 2139 τὴν
959 2069 1066 2126 τῶν
1102 2072 1311 2127 ὑδάτων
1343 2074 1524 2143 φύσιν,
1559 2077 1696 2148 ὅπερ
1728 2066 1980 2149 ἐποίησεν
2013 2082 2071 2136 ἐν

382 2238 385 2241 Δ
485 2158 694 2227 κρυφῇ.
731 2178 749 2208 ι
784 2154 938 2213 Εἶδον
983 2160 1092 2234 γὰρ
1144 2164 1305 2219 αὑτὸν
1348 2166 1415 2221 τὰ
1458 2166 1645 2232 ὕδατα,
1676 2169 1771 2247 καὶ
1802 2169 2073 2242 ἐφοϐήθη-

442 2298 446 2306 .
488 2264 643 2303 σαν.»
666 2249 991 2323 Ἐξέστησαν
1027 2256 1221 2327 μικροῦ
1254 2257 1383 2323 δεῖν,
1402 2261 1494 2313 καὶ
1524 2261 1623 2332 τῆς
1650 2258 1926 2332 ὁροθεσίας
1940 2264 2073 2317 ἀπέ-

486 2342 844 2409 φυγον.”Οθεν
866 2346 894 2397 6
913 2346 1208 2418 Προφήτης
1233 2349 1297 2403 ἐκ
1325 2348 1531 2403 πολλῶν
1572 2352 1679 2404 τῶν
1722 2353 1923 2423 χρόνων
1946 2354 2070 2407 τοῦ-

482 2448 545 2485 το
574 2431 871 2506 θεωρήσας,
906 2437 1157 2512 ἐπερωτᾷ
1190 2440 1393 2510 λέγων·
1433 2461 1451 2494 ι
1486 2442 1549 2496 Τί
1586 2462 1668 2497 σοι
1696 2446 1833 2510 ἐστὶ,
1871 2446 2065 2501 θάλασ-

485 2539 575 2587 σα,
607 2525 688 2578 ὅτι
738 2525 958 2597 ἔφυγες,
989 2531 1085 2584 καὶ
1134 2533 1218 2597 σὺ,
1264 2534 1523 2605 Ἰορδάνη,
1556 2537 1637 2589 ὅτι
1685 2518 1959 2609 ἐστράφης
1990 2543 2069 2604 είς

482 2615 553 2671 τὰ
579 2617 786 2683 ὀπίσω;
814 2639 833 2672 ι
864 2621 1012 2675 Αὑτὰ
1040 2622 1096 2675 δὲ
1129 2624 1492 2697 ἀποκριθέντα
1517 2624 1686 2682 εἶπον·
1724 2629 1826 2682 Τὸν
1856 2631 2068 2685 πάντων

482 2710 706 2781 κτιστὴν
739 2712 796 2763 ὲν
832 2717 1011 2794 μορφῇ
1047 2714 1234 2769 δούλου
1268 2716 1499 2787 εἴδομεν,
1538 2721 1631 2775 καὶ
1666 2721 1726 2773 τὸ
1773 2723 2069 2794 μυστήριον

481 2804 582 2873 τῆς
605 2790 929 2877 οἰκονομίαξ
944 2808 1331 2881 ἀγνοήσαντες,
1362 2813 1469 2866 ἀπὸ
1499 2813 1596 2884 τῆς
1623 2790 1821 2879 δειλίας
1851 2790 2069 2870 ἐλαυνό-

487 2893 649 2965 μεθα.
956 2902 962 2906 ’

554 2987 669 3043 Νῦν
694 2989 748 3042 δὲ
778 2991 998 3060 γνόντες
1029 2992 1126 3064 τὴν
1159 2994 1491 3065 οἰκονομίαν,
1526 2999 1935 3072 προσκυνοῦμεν
1967 3002 2065 3056 αὑ-

480 3079 576 3134 τοῦ
603 3081 701 3155 τὴν
734 3083 1156 3155 εὑσπλαγχνίαν,
1190 3088 1270 3141 ὅτι
1303 3090 1643 3161 παραγέγονε
1678 3092 1849 3146 σῶσαι
1879 3095 1973 3148 καὶ
2003 3096 2063 3149 οὑ

482 3174 664 3244 κρίναι
692 3174 789 3247 τὴν
832 3177 1348 3250 οίκουμένην.”0οεν
1394 3183 1643 3255 Ἰωάννης
1674 3186 1703 3237 6
1734 3184 1828 3238 τοῦ
1857 3185 2062 3257 Κυρίου

481 3265 788 3338 πρόδρομος
818 3269 1092 3340 ἀγνοήσας
1120 3271 1278 3325 τοῦτο
1301 3272 1363 3325 τὸ
1394 3276 1711 3347 μυστήριον,
1735 3278 1828 3330 καὶ
1854 3275 2061 3347 μαθὼν,

479 3353 562 3409 δτι
580 3355 809 3440 ,ἀληθῶς
833 3361 861 3411 6
890 3358 1094 3430 Κύριός
1128 3363 1293 3425 ἐστιν,
1322 3360 1453 3418 ἕϐόα
1486 3363 1658 3433 λέγων
1689 3371 1801 3431 τοῖς
1829 3368 2067 3440 ἀπερχο-

413 3479 416 3483 ~
482 3448 684 3516 μένοις,
703 3450 791 3502 ὑπ’
809 3451 972 3505 αὑτοῦ
999 3453 1375 3525 βαπτισθῆναιο
1403 3475 1420 3508 ι
1445 3457 1764 3528 Γεννήματα
1783 3459 2058 3531 sxta/av,»

477 3539 532 3592 τί
560 3558 649 3612 μοι
676 3543 920 3615 σφοδρῶς
947 3546 1217 3612 ἀτενίζετε
1238 3564 1251 3612 ;
1276 3567 1294 3600 ι
1318 3549 1430 3602 Οὑκ
1452 3550 1567 3621 εἰμὶ
1586 3549 1698 3618 ἐγὼ
1719 3554 1746 3605 6
1771 3554 2023 3622 Χριστός·
2039 3574 2057 3605 t

483 3632 759 3707 ὑπηρέτης
789 3638 904 3708 είμὶ
952 3640 1046 3691 καὶ
1091 3640 1191 3694 οὑκ
1234 3639 1523 3711 αὐθέντης·
1583 3641 1796 3714 ἰδιώτης
1829 3645 1965 3715 εἰμὶ,
2001 3646 2061 3699 οὑ

480 3723 734 3793 βασιλεῦς
752 3744 764 3757 ·
803 3728 1072 3799 πρόϐατόν
1105 3733 1239 3801 είμι,
1263 3733 1322 3785 οὐ
1356 3734 1556 3804 ποιμήν
1575 3750 1588 3763 ·
1619 3733 1899 3808 ἄνθρωπός
1925 3739 2059 3807 εἰμι,

477 3816 539 3868 οὑ
571 3817 715 3882 Θεός.
752 3819 1044 3894 Στείρωσιν
1074 3823 1238 3877 ἔλυσα
1266 3824 1471 3896 μητρὸς
1496 3826 1796 3899 γεννηθεὶς,
1828 3829 1888 3882 οὑ
1924 3846 2064 3901 παρ-

478 3905 659 3965 θενίαν
688 3911 986 3983 ὲστείρωσα
1012 3914 1142 3984 (76).
1163 3916 1257 3968 Ἐκ
1283 3917 1391 3969 τῶν
1425 3917 1665 3971 κάτωθεν
1685 3918 1962 3989 ἁνεδόθην,
1998 3922 2063 3975 ἐκ

423 4064 428 4069 ἡ
476 3998 587 4051 τῶν
621 4000 824 4054 ἄνωθεν
852 4004 911 4054 οὑ
942 4005 1232 4074 κατῆλθον.
1264 4008 1544 4079 Πατρικὴν
1582 4009 1749 4080 ἔδησα
1791 4011 2059 4079 γλῶσσαν,

479 4091 539 4142 οὑ
572 4089 756 4163 θεῖκὴν
790 4093 1019 4163 ἥπλωσα
1050 4097 1229 4167 χάριν.
1249 4097 1384 4150 Ὑπὸ
1414 4102 1618 4171 μητρὸς
1644 4100 2064 4173 ἐγνώσθην,ὑπὸ

479 4180 710 4254 ἀστέρος
753 4183 811 4237 δὲ
853 4185 952 4238 οὑκ
991 4186 1453 4258 ,ἐμηνύθην.Ἑγὼ
1490 4189 1713 4261 εὐτελὴς
1744 4192 1838 4245 καὶ
1884 4192 2093 4269 ὲλάχι-¹

480 4291 623 4354 στος,
655 4274 873 4347 ἔρχεται
903 4274 959 4332 δὲ
991 4277 1168 4334 ὀπίσω
1199 4297 1297 4350 μου
1330 4280 1387 4344 ὃς
1420 4280 1725 4352 ἔμπροσθέν
1758 4300 1859 4354 μου
1892 4286 2059 4337 ἐστίν’

476 4352 653 4425 όπίόω
678 4365 892 4445 διὰτδν
911 4369 1120 4440 χρόνον,
1154 4369 1459 4444 ἔμπροσθεν
1486 4372 1541 4425 δὲ
1569 4372 1657 4429 διὰ
1682 4373 1739 4427 τὸ
1761 4352 2062 4446 Ἵάπρόσιτον

476 4455 572 4508 καὶ
626 4456 1000 4529 ἁνέκςρραστον
1049 4459 1146 4531 τῆς
1189 4459 1440 4530 θεότητος
1497 4461 1633 4530 φῶς.
1681 4464 1970 4534 (Ἔρχεται
2033 4465 2061 4520 6

2180 616 2289 680 cit;
2320 617 2411 670 sed
2457 625 2511 671 et
2557 618 2701 687 quod
2734 619 2988 674 omnibus
3016 618 3137 674 aliis
3165 620 3327 675 rebus
3357 628 3439 676 est
3470 622 3751 675 venerabi-

2178 704 2308 771 lius;
2338 707 2520 776 Opilex
2551 708 2794 762 omnium
2829 709 3079 765 Christus
3098 709 3293 779 pluviae
3323 711 3376 765 in
3407 726 3611 766 morem
3649 710 3749 765 de-

2150 798 2466 865 scendit“,
2500 808 2559 853 ut
2606 798 2728 853 fons
2759 810 2843 854 est
2872 801 3122 870 cognitus
3140 802 3208 867 ’1,
3243 810 3498 869 tanquam
3544 793 3745 855 ﬂumen

2148 903 2299 947 .sese
2343 888 2640 952 dilfudit”,
2673 899 2722 943 et
2770 890 2824 943 in
2864 889 3100 945 Jordane
3144 892 3450 961 baptizatus
3487 901 3588 947 est.
3625 890 3744 946 1am

2176 979 2321 1037 enim
2351 982 2514 1035 modo
2545 982 2761 1036 audiisti
2784 981 2926 1050 quod
2952 982 3016 1036 ad
3040 980 3303 1036 Joannem
3335 983 3479 1036 venit
3505 981 3745 1048 Iesus”,

2176 1079 2230 1125 et
2260 1071 2587 1141 baptismum
2622 1074 2691 1127 ab
2718 1088 2783 1126 eu
2812 1074 3070 1145 suscepit.
3101 1072 3146 1127 Ο
3175 1090 3259 1129 res
3281 1075 3630 1144 dignissimas
3652 1075 3749 1130 ad-

2176 1163 2494 1216 miratione!
2521 1161 2790 1216 Inﬁnitum
2815 1163 3009 1216 (lumen
3040 1163 3183 1232 quod
3210 1163 3447 1217 laetificat
3467 1164 3744 1218 civitatem

2179 1251 2356 1316 Dei”,
2390 1254 2586 1323 exigua
2632 1253 2869 1307 abluitur
2910 1270 3069 1323 aqua.
3109 1253 3254 1309 Fons
3280 1253 3748 1323 incomprehensi-

2174 1343 2299 1431 bilis
2328 1345 2419 1414 qui
2454 1345 2615 1399 vitam
2656 1346 2909 1401 omnibus
2952 1346 3266 1399 hominibus
3295 1345 3660 1416 progermiuat
3692 1354 3748 1400 et

2173 1434 2408 1488 termino
2442 1444 2610 1500 caret,
2637 1449 2668 1488 a
2696 1436 2878 1505 parvis
2907 1443 2959 1489 et
2994 1436 3340 1503 temporariis
3373 1435 3528 1504 aquis
3554 1434 3745 1490 obrui-

2139 1568 2148 1579 .
2175 1532 2283 1577 tur.
2327 1522 2428 1590 Qui
2463 1521 2661 1593 ubique
2690 1539 2928 1593 praesens
2955 1531 3039 1579 est
3062 1539 3162 1577 nec
3191 1539 3420 1594 usquam
3457 1525 3631 1590 abest,
3661 1526 3747 1578 in-

2173 1616 2683 1685 comprehensibilis
2713 1616 2919 1686 angelis
2947 1623 2999 1670 et
3038 1615 3106 1669 ab
3141 1614 3420 1668 hominum
3453 1626 3745 1683 conspectu

2172 1716 2436 1770 remotus,
2467 1712 2534 1761 ad
2570 1707 2898 1776 baptismum
2935 1707 3143 1761 accedit
3170 1715 3227 1760 ut
3256 1707 3356 1775 ipsi
3384 1705 3747 1775 placuit.Haee

2174 1814 2298 1853 cum
2341 1799 2516 1862 audis,
2545 1799 2759 1862 dilecte,
2798 1813 2863 1852 ne
2896 1798 3130 1852 naturali
3168 1814 3319 1852 more
3349 1799 3491 1853 dieta
3534 1799 3744 1868 accipe,

2174 1893 2267 1946 sed
2299 1908 2395 1961 per
2422 1890 2885 1960 dispensationem
2921 1890 3167 1960 apposita
3202 1890 3481 1959 suscipito.
3506 1891 3747 1960 Ideoque

2173 1966 2276 2037 nec
2319 1996 2491 2050 aquas
2520 1982 2677 2036 latuit
2703 1982 2848 2050 quod
2884 1980 3145 2036 Dominus
3174 1997 3240 2035 ex
3268 1997 3452 2036 amore
3479 1982 3531 2036 in
3562 1982 3745 2038 homi-

2174 2087 2272 2126 nes
2302 2086 2362 2125 se
2384 2070 2783 2134 demitteus,‘in
2811 2071 3024 2125 occulto
3050 2072 3411 2141 operabatur:
3438 2092 3455 2123 ι
3486 2070 3748 2129 Viderunt

2172 2154 2316 2219 enim
2365 2152 2488 2218 eum
2525 2178 2702 2233 aquae,
2741 2171 2795 2217 et
2845 2163 3225 2218 timuerunt".
3260 2181 3278 2214 ›
3336 2161 3535 2217 Parum
3574 2161 3748 2219 abfuit

2170 2254 2301 2326 quin
2334 2264 2691 2325 exsurgerent
2711 2263 2874 2324 atque
2902 2254 3168 2309 limitibus
3191 2254 3307 2312 suis
3337 2254 3530 2324 positis
3560 2267 3746 2308 erum-

2170 2355 2377 2416 perent.
2410 2344 2565 2401 Unde
2594 2344 2863 2414 Propheta
2898 2344 3060 2414 longo
3094 2353 3333 2413 tempore
3372 2354 3497 2399 ante
3535 2343 3638 2399 hoc
3664 2344 3742 2399 vi-

2171 2439 2323 2506 dcn's,
2350 2456 2444 2494 eas
2485 2440 2785 2511 interrogat
2828 2448 2883 2495 et
2929 2439 3047 2494 ait-:
3083 2458 3102 2491 ι
3133 2438 3271 2507 Quid
3302 2448 3386 2493 est
3415 2438 3531 2498 tibi,
3572 2454 3744 2505 mare,

2171 2534 2316 2604 quod
2370 2532 2681 2604 lugisti?et
2732 2542 2810 2597 tu,
2836 2530 3108 2596 Jordanis,
3150 2532 3295 2602 quod
3349 2547 3645 2588 conversus
3683 2546 3747 2589 es

2170 2639 2466 2680 retrorsum
2490 2625 2572 2678 ’6?
2608 2645 2625 2676 ι
2661 2624 2767 2680 ιιιω
2803 2640 2932 2679 vero
2964 2624 3334 2693 respondent:
3373 2622 3628 2679 Omnium
3656 2639 3745 2678 re-

2169 2734 2291 2773 rum
2340 2718 2673 2773 conditorem
2724 2717 2779 2771 in
2810 2716 2985 2772 forma
3021 2717 3161 2792 servi
3195 2717 3433 2773 vidimus
3451 2717 3528 2784 9";
3558 2716 3746 2772 ethoc

2171 2811 2491 2881 mysterium
2542 2809 2969 2879 dispensationis
3022 2824 3147 2865 cum
3200 2808 3595 2881 ignoraremus,
3632 2825 3746 2880 pra:

2169 2912 2316 2958 metu
2347 2913 2630 2958 commota)
2668 2918 2882 2958 sumus.

2240 2994 2327 3050 ΙΙΙ.
2368 2994 2479 3050 Nos
2513 3012 2641 3050 vero
2672 2995 2874 3065 quibus
2908 2992 3213 3049 meonomia
3250 2995 3341 3049 illa
3389 2995 3604 3065 cognita
3627 2994 3741 3062 jam

2167 3096 2271 3151 est,
2303 3088 2597 3145 adoramus
2623 3089 2741 3159 ejus
2770 3089 3222 3153 misericordiam,
3253 3091 3398 3160 quod
3439 3090 3585 3144 venit
3627 3105 3745 3146 scr-

2168 3189 2353 3235 vatum
2386 3189 2609 3245 terram,
2640 3197 2749 3235 non
2785 3179 3280 3251 jutticatum.Unde
3309 3182 3472 3236 etiam
3502 3178 3742 3239 Joannes

2167 3289 2473 3346 prazcursor
2504 3272 2740 3335 Domini,
2774 3289 2899 3328 cum
2951 3274 3056 3328 hoc
3102 3275 3442 3345 mysterium,
3470 3276 3612 3345 quod
3646 3290 3745 3329 ne-

2168 3367 2400 3420 sciverat
2443 3374 2622 3432 antea,
2654 3365 2880 3420 edoctus
2909 3366 3271 3435 cognovisset,
3298 3366 3444 3436 quod
3479 3382 3605 3422 vere
3635 3365 3743 3420 Do-

2166 3455 2349 3525 minus
2382 3464 2547 3520 esset,
2577 3454 2905 3510 exclamavit
2932 3455 2998 3509 ad
3032 3456 3132 3510 hos
3159 3456 3252 3525 qui
3292 3455 3356 3510 ad
3391 3471 3517 3510 eum
3564 3456 3745 3524 bapti“

2166 3549 2323 3604 zandi
2351 3560 2613 3604 venerant
2641 3567 2653 3602 :
2693 3567 2712 3600 ι
2743 3547 3036 3617 Progenies
3057 3549 3366 3617 viperarum
3385 3548 3452 3615 ³⁸,
3484 3567 3502 3599 ›
3532 3548 3660 3618 quid
3686 3548 3741 3602 in

2164 3656 2253 3696 me
2286 3651 2414 3695 'tam
2473 3642 2818 3696 vehementer
2850 3641 3183 3696 intuemini?
3241 3658 3259 3692 ι
3290 3639 3407 3694 Νοη
3466 3655 3587 3694 sum
3640 3654 3743 3711 ego

2163 3732 2495 3799 Christus";
2530 3751 2547 3783 ι
2584 3733 2852 3800 minister,
2890 3748 2999 3789 non
3033 3732 3289 3788 dominus
3315 3747 3414 3802 ego
3445 3748 3602 3797 sum;
3632 3732 3744 3800 pri-

2163 3834 2345 3889 vatus,
2377 3838 2485 3878 non
2520 3840 2614 3879 rex
2646 3843 2660 3892 ;
2693 3825 2813 3879 ovis
2854 3840 2996 3888 sum,
3028 3839 3136 3880 non
3168 3832 3383 3894 pastor;
3418 3823 3599 3885 homo,
3632 3838 3742 3876 non

2167 3913 2327 3971 Deus.
2363 3915 2710 3989 Sterilitatem
2758 3916 2948 3970 matris
2978 3931 3110 3969 mete
3139 3931 3263 3969 cum
3295 3929 3548 3971 nascerer
3580 3913 3738 3980 solvi,

2165 4021 2275 4061 non
2307 4006 2669 4076 virginitatem
2701 4006 2895 4075 reliqui
2927 4007 3185 4064 sterilem.
3223 4004 3363 4058 Infra
3391 4005 3743 4070 emersi,non

2163 4098 2397 4167 desuper
2425 4097 2700 4152 descendi.
2734 4096 2911 4155 Patris
2937 4098 3176 4167 linguam
3205 4096 3423 4166 ligavi‘,
3456 4110 3562 4150 non
3599 4096 3740 4151 divi-

2160 4182 2289 4243 nam
2317 4189 2545 4258 gratiam
2573 4188 2828 4258 explicui.
2855 4188 2897 4240 A
2919 4199 3091 4245 matre
3125 4188 3363 4259 agnitus,
3385 4203 3494 4241 non
3519 4202 3548 4241 a
3584 4187 3737 4242 stella

2163 4278 2613 4349 praesignificatus
2648 4281 2827 4333 sum'.
2860 4276 3065 4337 Tenuis
3105 4294 3205 4347 ego
3233 4288 3287 4332 et
3315 4279 3613 4343 minimus;
3645 4293 3740 4333 ve-

2166 4372 2244 4426 nit
2275 4380 2454 4425 autem
2488 4379 2611 4441 post
2651 4384 2737 4424 me
2777 4369 2870 4439 qui
2900 4376 3025 4424 ante
3052 4385 3139 4425 me
3165 4370 3310 4436 est”;
3342 4381 3463 4440 post
3496 4386 3581 4425 me
3615 4371 3738 4440 qui-

2164 4464 2285 4521 dem
2319 4464 2529 4518 ratione
2557 4462 2837 4530 temporis,
2866 4458 2990 4523 aut
3018 4478 3104 4517 me
3129 4471 3308 4519 autem
3340 4471 3558 4533 propter
3588 4462 3739 4517 inac-

479 4548 824 4621 ἰσχυρότερός
861 4567 984 4620 μου.
1009 4543 1069 4604 όῦ
1100 4553 1199 4604 οὐκ
1240 4552 1356 4623 εἰμί
1393 4553 1573 4617 ίκανὸς
1619 4553 1686 4607 τὰ
1733 4554 2057 4625 ὑποδήματα

2165 4569 2376 4608 cessum
2426 4562 2480 4610 et
2527 4553 2890 4608 inenarrabile
2935 4553 3118 4609 lumen
3167 4554 3485 4609 divinitatis.
3526 4574 3544 4607 ι
3579 4553 3738 4609 Venit

477 4639 764 4709 βαστάσαι,
801 4642 963 4718 αὑτὸς
1013 4644 1158 4714 ὑμᾶς
1204 4643 1454 4713 βαπτίσει
1494 4648 1550 4698 ἐν
1596 4645 1871 4716 ῌνεὺματι
1915 4646 2055 4719 ἁγίῳ

475 4733 569 4785 καὶ
621 4735 771 4807 πυρί.
799 4755 815 4786 ι
839 4734 979 4804 Ἐγὼ
1012 4735 1349 4802 ὑπεξοὺσιος,
1382 4737 1540 4801 αὐτὸς
1587 4736 1644 4790 δὲ
1692 4736 2051 4801 αὑτεξίιύσιος.

488 4823 626 4891 Ἐγὼ
652 4827 937 4907 ἁμαρτιῶν
967 4826 1171 4896 ἔνοχος,
1204 4827 1366 4890 αὑτὸς
1411 4826 1469 4879 δὲ
1513 4827 1791 4900 ἁμαρτιῶν
1825 4828 2052 4900 ἀφαιρέ-

473 4934 593 4988 της.
612 4918 750 4987 Ἐγὼ
780 4920 873 4975 τὸν
921 4920 1082 4991 νόμον
1128 4921 1419 4992 παράπτω,
1449 4921 1610 4985 αὑτὸς
1659 4922 1715 4977 δὲ
1755 4924 1854 4995 τὴν
1896 4923 2052 4994 χάριν

474 5013 816 5079 φωταγωγεῖ.
836 5011 974 5079 Ἐγὼ
1018 5011 1093 5075 ὡς
1147 5012 1330 5073 δοῦλος
1375 5013 1649 5084 κατηχῶν,
1675 5015 1837 5077 αὑτὸς
1881 5014 1937 5077 δὲ
1978 5015 2054 5078 ὡς

483 5100 749 5173 δεσπότης
776 5103 993 5175 κρίνων.
1012 5092 1151 5172 Ἐγὼ
1190 5105 1251 5158 τὸ
1283 5105 1476 5175 ἔδαφος
1521 5105 1706 5176 κλίνην
1734 5106 1861 5177 ἔχω,
1890 5107 2052 5172 αὑτὸς

469 5193 561 5252 τὸν
586 5193 974 5267 οὐρανὸνοέχει.
994 5196 1132 5266 Ἐγὼ
1159 5198 1444 5268 μετανοίας
1476 5197 1720 5268 βαπτίζω
1746 5198 2047 5271 βάπτισμα,

542 5357 588 5389 ⁹⁰
627 5355 764 5411 Osee
796 5370 870 5420 Vl,
901 5354 956 5409 ὅ.
1029 5354 1073 5385 ⁹’¹
1113 5348 1281 5411 δοοηί
1307 5372 1381 5420 ιν,
1414 5356 1501 5411 M.
1576 5357 1622 5390 ⁹²
1660 5356 1815 5411 Joan.
1844 5373 1938 5420 vu,
1969 5356 2058 5414 58.

2165 5357 2182 5391 ³
2218 5356 2407 5413 Matth.
2437 5373 2519 5419 ιιι,
2555 5357 2643 5411 15.
2719 5355 2768 5387 ’⁸
2802 5352 2949 5408 Psal.
2979 5369 3103 5418 ην,
3133 5353 3186 5405 5.

1515 5469 1525 5479 .
1556 5443 1615 5489 ιι,
1647 5428 1697 5482 7.
1773 5428 1819 5462 ⁸⁸
1857 5428 2045 5484 Matth.
2074 5442 2160 5495 tu,
2197 5428 2248 5483 7.
2324 5429 2368 5476 ³-³
2392 5426 2551 5482 Joau.
2590 5443 2629 5492 l,
2666 5424 2758 5482 20.

472 5428 559 5480 17.
634 5429 681 5460 ⁸³
719 5418 1051 5485 Ρειιιζεχιιι,
1082 5428 1135 5481 5.
1211 5429 1255 5460 θ’
1295 5418 1507 5496 Philipp

470 5498 493 5529 ⁸
527 5496 684 5553 Joan.
728 5513 767 5563 ι,
795 5497 883 5550 27.
961 5495 984 5527 ⁸
1021 5496 1210 5555 Matth.
1241 5512 1320 5564 ut,
1355 5495 1450 5550 ll.
1477 5495 1487 5496 ί
1517 5498 1538 5528 ⁵
1576 5497 1738 5559 Juan.
1766 5514 1806 5564 ι,
1831 5497 1921 5559 29.

538 5652 650 5725 (‘76)
695 5653 1137 5727 Obstapaerlar
1161 5655 1507 5723 ἐστείρωσα.
1549 5655 2037 5727 (ἓνεςονὶυξίτιιιιιι-

476 5724 834 5795 maturgnsin
860 5736 1046 5778 sancta
1074 5724 1431 5795 Theopltam'a,
1463 5743 1516 5795 p.
1550 5728 1650 5780 106
1664 5724 1990 5782 'edit.Vossii
2023 5748 2036 5782 :

471 5794 542 5849 Σὺ
568 5793 625 5868 δὲ
650 5793 859 5868 τεχθεὶς
881 5798 944 5868 ἐκ
973 5796 1076 5868 τῆς
1097 5793 1367 5868 παρθένου
1398 5793 1682 5868 Μαρίας...
1701 5797 1819 5868 ,οὑκ
1850 5796 2042 5862 ἔλυσας

473 5862 766 5934 παρθενίαν
797 5864 994 5937 αὐτῆς·
1029 5862 1286 5923 etiam
1319 5862 1518 5939 ταύτην
1549 5866 1712 5940 ὲφρού
1724 5884 1914 5939 ρησας,
1949 5869 2042 5925 καὶ

2160 4643 2354 4707 fortior
2385 4662 2491 4711 me,
2522 4645 2679 4714 cujus
2720 4661 2820 4715 ego
2859 4659 2967 4698 non
3000 4661 3119 4700 sum
3152 4646 3350 4716 dignus
3379 4655 3596 4715 portare
3625 4647 3737 4701 cali-

2159 4745 2471 4799 ceamenta;
2507 4736 2639 4804 ipse
2686 4750 2782 4792 vos
2819 4734 3112 4803 baptizabit
3144 4735 3198 4788 in
3230 4734 3435 4805 Spiritu
3467 4746 3657 4793 sancto
3682 4744 3737 4790 et

2159 4827 2282 4897 igne
2305 4826 2344 4880 ⁸.
2380 4846 2399 4879 ι
2449 4825 2562 4896 Ego
2602 4825 2855 4896 potestati
2891 4826 3181 4893 obnoxius,
3218 4825 3333 4896 ipse
3361 4841 3454 4895 per
3498 4841 3557 4880 se
3591 4836 3737 4896 pote-

2160 4927 2353 4973 statem
2399 4919 2625 4973 habens.
2656 4916 2766 4987 Ego
2796 4928 3140 4986 peccatorum
3174 4933 3321 4981 reus,
3367 4917 3482 4991 ipse
3520 4925 3603 4971 est
3638 4917 3733 4985 qui

2160 5008 2337 5065 aufert
2360 5006 2753 5080 peccata'.Ego
2785 5009 2953 5076 legem
2986 5007 3221 5069 inculco,
3287 5006 3378 5060 ille
3424 5007 3610 5076 gratia:
3648 5006 3733 5058 lu-

2154 5105 2275 5158 c'em
2324 5100 2560 5172 praefert.
2591 5098 2704 5170 Ego
2733 5107 2793 5154 ut
2821 5113 3011 5154 servus
3041 5098 3287 5161 instituo,
3320 5097 3408 5150 ille
3437 5096 3645 5169 jmlicat
3672 5104 3732 5149 ut

2162 5195 2439 5253 dominus.
2467 5193 2595 5248 Mihi
2628 5193 2805 5249 solum
2843 5194 3016 5249 lectus
3047 5199 3147 5257 est,
3183 5192 3295 5261 ipse
3333 5190 3530 5244 coelum
3561 5197 3726 5245 tenet.

3272 5350 3317 5382 ⁸³
3358 5348 3500 5404 Psal.
3535 5364 3722 5418 Lxxw,

2833 5427 2851 5457 ι
2878 5423 3011 5479 Luc.
3045 5439 3083 5489 ι,
3122 5421 3209 5477 20.
3285 5422 3306 5451 ²
3344 5419 3535 5477 Matth.
3570 5438 3630 5489 η,
3667 5423 3725 5481 9.

2141 5657 2240 5731 τῆς
2256 5657 2478 5734 ’μητρὸς
2511 5656 2645 5727 αὑτῇ
2679 5654 3047 5734 προσηγορίαν
3075 5651 3374 5734 etiamm.
3395 5670 3430 5734 ¹ι
3478 5650 3559 5734 ξΐιι
3596 5668 3724 5708 vero

2145 5723 2213 5783 ex
2252 5723 2417 5794 Maria
2449 5723 2939 5793 natus'vir’gine...,
2962 5739 3090 5794 non
3127 5723 3334 5779 solvisti
3359 5723 3722 5793 virginitatem

2148 5797 2300 5865 ejus:
2332 5793 2424 5852 sed
2449 5805 2502 5850 et
2527 5797 2667 5850 hanc
2688 5793 2997 5865 custodisti,
3023 5803 3072 5851 et
3110 5794 3283 5865 ipsam
3316 5794 3508 5850 matris
3533 5795 3721 5863 appel-

2147 5863 2349 5925 latione
2377 5865 2610 5924 donasti.
2645 5884 2662 5917 ›
2699 5863 2918 5922 Ελιιιιιεῑ.
