4134 6418
365 396 471 451 855

1037 395 1096 452 S.
1135 342 1497 450 ΗΠ)Ρόιῖτί
1537 393 1685 449 ΟΡΡ.
1731 391 1912 447 PARS
1942 391 2004 445 ll.
2043 402 2115 432 -—'-
2159 391 2463 450 DUGMAT.
2503 391 2593 447 ET
2631 390 2989 449 HISTORIC.‘

3520 391 3625 449 850

364 512 478 578 Ego
514 511 847 581 pmnitentire
874 511 1093 582 baptizo
1121 512 1466 583 baptismate,
1498 513 1588 567 ille
1634 512 1935 582 adoptionis

2042 486 2205 575 αὐτὸς
2257 511 2314 564 δὲ
2370 510 2639 574 υἱοθεσίας
2685 510 2936 583 δωρεῖται
2978 510 3255 583 χάρισμαθ
3293 509 3456 575 αὐτὸς
3481 512 3624 582 ὑμᾶς

362 602 531 655 donat
563 607 794 672 gratiam
825 620 839 655 :
867 602 980 671 ipse
1011 617 1109 657 vos
1140 601 1346 673 Spiritu
1382 613 1574 658 sancto
1600 612 1653 657 et
1691 588 1825 671 igne
1850 603 1944 655 ba-

360 692 609 762 ptizabit.
636 690 779 758 Quid
832 691 966 746 mihi
1012 693 1331 749 attenditis?
1380 709 1492 749 non
1540 710 1642 767 ego
1690 694 1945 751 Christus

362 798 506 839 sunt.

432 873 521 928 ιν.
565 873 690 931 Haec
709 874 947 931 Joannes
971 875 1038 931 ad
1061 877 1324 948 populum
1348 893 1473 932 cum
1505 878 1754 943 dixisset,
1782 888 1837 934 et
1856 879 1945 936 hic

360 969 591 1025 arrectis
616 969 885 1038 capitibus
910 979 1255 1038 exspectaret
1284 986 1483 1026 novum
1506 972 1711 1041 aliquid
1736 982 1946 1042 specta-

363 1062 545 1117 culum
576 1062 750 1116 oculis
778 1062 1025 1132 corporis
1046 1078 1292 1130 cernere,
1314 1063 1533 1119 diabolo
1560 1066 1724 1119 etiam
1747 1067 1813 1120 ad
1839 1067 1943 1121 hoc

359 1153 590 1210 Joannis
616 1153 991 1209 testimonium
1035 1154 1318 1223 perculso;
1354 1171 1481 1212 ecce
1505 1155 1770 1213 Dominus
1807 1174 1944 1228 prae-

359 1264 488 1304 sens
504 1243 659 1303 adest
678 1246 929 1319 simplex,
952 1247 1126 1313 solus,
1154 1248 1358 1317 nudus,
1383 1249 1505 1304 Sine
1529 1251 1817 1315 comitatu,
1841 1251 1944 1305 hu-

357 1356 521 1396 mano
559 1355 792 1411 corpore
836 1340 1005 1394 veluti
1049 1349 1199 1396 veste
1232 1340 1479 1407 indutus,
1512 1341 1943 1413 dignitatemque
1980 1418 1985 1419 γ

355 1430 658 1487 divinitatis
702 1432 1003 1495 occultans,
1041 1441 1100 1486 ut
1151 1433 1342 1487 lateret
1393 1433 1650 1489 draconis
1698 1434 1937 1490 fraudes.

355 1519 466 1578 Nec
520 1531 729 1577 tantum
780 1532 838 1577 ut
889 1521 1155 1579 Dominus
1204 1524 1325 1581 sine
1370 1526 1522 1595 regio
1575 1527 1829 1583 satellitio
1872 1529 1940 1582 ad

353 1613 619 1669 Joannem
673 1615 936 1678 accessit;
977 1616 1071 1670 sed
1122 1615 1286 1670 etiam
1335 1627 1393 1671 ut
1432 1617 1663 1688 simplex
1696 1619 1861 1673 homo
1887 1629 1942 1675 et

356 1706 629 1761 obnoxius
655 1707 915 1776 peccatis,
946 1715 1111 1776 caput
1138 1722 1299 1761 suum
1330 1708 1611 1763 inclinavit
1639 1718 1697 1765 ut
1722 1727 1752 1765 a
1773 1709 1941 1765 Joan-

356 1811 425 1853 ne
457 1798 845 1885 baptizaretur.
884 1797 1040 1855 Unde
1072 1800 1163 1855 ille
1188 1800 1382 1857 videns
1415 1811 1619 1857 tantam
1654 1803 1941 1862 demissio-

2047 603 2296 674 βαπτίσει
2313 605 2370 657 ἐν
2386 603 2662 673 Πνεύματι
2689 604 2830 674 ἁγίῳ
2854 603 2948 656 καὶ
2974 601 3198 673 πυρί.Τί
3220 602 3343 674 ἐμοὶ
3361 603 3628 677 προσανέ-

2045 713 2203 767 χετε;
2235 696 2335 749 οὐκ
2366 696 2487 777 εἰμὶ,
2511 695 2621 764 ἐγὼ
2645 696 2674 750 6
2699 696 2950 766 Χριστός.

2114 877 2301 931 Ταῦτα
2329 876 2424 931 τοῦ
2467 877 2713 932 Ἰωάννου
2732 862 2885 951 ’πρὸς
2924 878 3016 932 τὸν
3056 876 3211 948 δχλον
3244 874 3492 946 λέγοντος
3531 874 3626 930 καὶ

2042 968 2136 1022 τοῦ
2170 968 2300 1023 λαοῦ
2338 954 2765 1041 καραδοκοῦντος
2795 969 2942 1035 ξένον
2966 987 3018 1023 τι
3046 968 3227 1041 θέαμα
3246 971 3360 1033 τοῖς
3385 984 3627 1039 σωματι-
3656 962 3661 968 ’

2045 1064 2160 1125 κοῖς
2205 1061 2502 1132 ὀφθαλμοῖς
2549 1061 2866 1128 θεάσασθαι,
2898 1061 2995 1115 καὶ
3031 1061 3127 1115 τοῦ
3162 1059 3409 1114 διαϐόλου
3457 1075 3627 1112 κατα-

2043 1153 2413 1225 πληττομένου
2445 1153 2555 1224 (77)
2584 1155 2675 1207 ἐπὶ
2705 1156 2771 1225 τῇ
2806 1142 3046 1227 τοσαύτῃ
3067 1152 3161 1206 τοῦ
3205 1151 3452 1206 Ἰωάννου
3485 1167 3628 1222 μαρ-

2043 1245 2237 1317 τυρίᾳο
2298 1245 2407 1299 ἰδοὺ
2462 1247 2491 1299 6
2541 1244 2744 1316 Κύριος
2800 1245 3158 1317 παραγίνεται
3213 1243 3388 1306 λιτὸς,
3444 1242 3624 1313 μόνος,

2042 1336 2267 1407 γυμνὸς,
2300 1336 2754 1407 ἁπροστάτευτος,
2788 1335 2989 1406 ἔνδυμα
3035 1333 3175 1404 ἔχων
3202 1332 3263 1385 τὸ
3291 1330 3627 1403 ἀνθρώπινον

2044 1408 2223 1500 σῶμα,
2259 1428 2517 1500 κρύπτων
2547 1427 2606 1480 δὲ
2629 1427 2689 1481 τὸ
2711 1428 2811 1499 τῆς
2837 1426 3087 1498 θεότητος
3110 1424 3348 1495 ἀξίωμα,
3377 1424 3464 1476 ἵνα
3484 1422 3629 1497 λάθῃ

2039 1520 2133 1573 τοῦ
2164 1520 2452 1594 δράκοντος
2481 1520 2545 1573 τὸ
2576 1519 2856 1592 πανρύργη
2867 1537 2960 1590 μα.
2995 1520 3105 1572 Καὶ
3132 1520 3193 1572 οὺ
3225 1518 3381 1589 μόνον
3406 1518 3482 1582 ὼς
3513 1516 3627 1570 Κύ-

2043 1630 2156 1686 ριος
2190 1614 2346 1678 ἐκτὸς
2371 1614 2470 1685 τῆς
2499 1612 2782 1685 βασιλικῆς
2803 1612 3130 1686 δορυφορίας
3157 1612 3292 1683 πρὸς
3316 1609 3407 1663 τὸν
3449 1610 3629 1663 Ἰωάν-

2040 1723 2137 1776 νην
2172 1705 2565 1779 παραγέγονεν,
2594 1704 2730 1759 άλλὰ
2771 1688 2868 1759 καὶ
2897 1705 2973 1771 ὡς
3014 1704 3299 1776 ἅνθρωπος
3342 1702 3487 1766 λιτὸς
3533 1701 3629 1755 καὶ

2041 1798 2322 1870 ὑπόχρεως
2354 1796 2660 1870 ἁμαρτιῶν,
2693 1797 2901 1852 ἔκλινεν
2925 1799 3025 1871 τὴν
3055 1796 3296 1869 κεφαλὴν
3335 1793 3500 1850 αὑτοῦ
3533 1793 3631 1866 βα·-

357 1904 503 1955 nem,
534 1890 613 1945 rei
647 1872 1009 1946 admiratione
1038 1902 1264 1963 stupens
1288 1894 1454 1965 coepit
1484 1910 1608 1951 eum
1627 1896 1935 1965 prohibere,

2040 1865 2332 1961 πτισθῆναι
2533 1865 2993 1943 Ἰωάννουβοθεν-
3019 1887 3050 1939 6
3083 1865 3333 1975 Ἰωάννης
3358 1865 3630 1956 θεασάμε-

2038 2000 2128 2047 νος
2153 1983 2251 2055 τὴν
2275 1984 2544 2054 τοσαύτην
2569 1981 3083 2053 ταπεινοφροσύνην,
3109 1980 3409 2052 θαμὸηθεὶς
3441 1982 3532 2033 ἐπὶ
3550 1979 3629 2053 τῷ
3738 2038 3749 2048 ὅ

353 1988 536 2050 atque,
559 1989 617 2034 ut
643 1981 807 2036 modo
825 1981 1132 2048 audivistis,
1152 1983 1218 2039 ad
1241 1998 1366 2040 eum
1390 1986 1529 2041 dixit
1555 2005 1569 2042 :
1599 2006 1619 2040 ι
1646 1985 1775 2042 Mihi
1800 2003 1938 2059 opus

353 2082 436 2127 est
465 2072 728 2142 baptizari
752 2089 784 2128 a
810 2084 882 2140 te,
912 2083 969 2130 et
1002 2082 1056 2129 tu
1087 2076 1152 2130 ad
1185 2092 1273 2132 me
1301 2078 1532 2133 venis“?
1553 2099 1571 2131 ι
1604 2080 1744 2145 Quid
1777 2078 1934 2149 facis,

355 2161 619 2218 Domine?
650 2165 814 2221 doces
865 2182 989 2236 quae
1042 2182 1167 2222 cum
1214 2169 1402 2239 regula
1448 2185 1557 2224 non
1619 2162 1756 2227 bene
1802 2187 1938 2228 con-

353 2265 578 2325 gruunt.
616 2256 737 2312 Alia
787 2258 855 2313 de
888 2268 938 2313 te
973 2260 1285 2329 praedicari,
1314 2271 1370 2317 et
1406 2263 1514 2318 alia
1551 2247 1781 2321 tu'ollis.
1813 2264 1936 2321 Alia

353 2348 563 2403 audivit
596 2349 868 2417 diabolus,
900 2363 956 2408 et
1000 2354 1105 2408 alia
1154 2353 1321 2409 videt.
1354 2354 1576 2424 Baptiza
1605 2364 1660 2410 tu
1695 2371 1783 2412 me
1813 2357 1937 2427 igne

350 2443 651 2500 divinitatis
697 2463 710 2500 :
752 2445 882 2515 quid
929 2462 1128 2516 aquam
1181 2448 1514 2517 exspectas?
1560 2449 1807 2504 illumina
1848 2465 1937 2506 me

352 2532 595 2603 Spiritu;
634 2535 765 2606 quid
803 2552 918 2591 rem
969 2547 1206 2592 creatam
1242 2539 1610 2608 praestolari-is?
1640 2556 1727 2595 me
1762 2541 1938 2611 bapti-

349 2633 490 2679 stam
541 2625 779 2697 baptiza,
832 2638 894 2683 ut
941 2611 1300 2701 prmi-ogativa
1350 2640 1443 2685 tua
1483 2640 1611 2686 nota
1647 2633 1761 2687 ﬁat.
1801 2634 1933 2705 Ego,

350 2716 600 2785 Domine,
647 2719 917 2789 baptisma
966 2723 1299 2791 paenitentia:
1344 2726 1585 2795 baptizo,
1616 2742 1793 2796 neque
1840 2744 1934 2784 eos

348 2812 441 2881 qui
472 2813 539 2866 ad
565 2829 653 2868 me
681 2813 950 2870 accedunt
975 2830 1200 2885 possum
1237 2817 1537 2888 baptizare,
1568 2820 1674 2874 nisi
1710 2830 1931 2890 peccata

348 2917 450 2958 sua
484 2903 723 2961 confessi
748 2907 901 2976 prius
928 2906 1153 2963 fuerint.
1188 2907 1415 2965 Etiamsi
1454 2912 1731 2981 baptizare
1758 2920 1809 2967 te
1843 2929 1936 2970 ve-

350 2996 467 3062 lim,
501 2997 631 3067 quid
676 2998 844 3054 habes
888 3001 1033 3069 quod
1067 3003 1423 3058 confitearis?
1450 3002 1531 3057 Tu
1571 3020 1631 3059 es
1658 3006 1751 3074 qui
1790 3006 1936 3062 tollis

350 3100 605 3158 peccata,
661 3101 715 3146 et
762 3091 1036 3162 baptismo
1086 3093 1171 3149 vis
1218 3093 1488 3164 baptizari
1551 3097 1935 3167 paenitentiae?

2038 3096 2558 3171 έξομολογήσωνται.
2608 3097 2824 3153 Κείσθω
2863 3099 2946 3153 ὅτι
2997 3097 3246 3171 βαπτίζω
3282 3114 3366 3163 σε,
3394 3096 3448 3150 τί
3478 3096 3633 3168 ἔχεις.

2039 2076 2348 2148 πράγματι,
2384 2072 2587 2147 ἤρξατο
2633 2073 2953 2142 διακωλύειν
3003 2065 3175 2127 αὑτὸν
3211 2072 3404 2140 λέγων,
3443 2071 3628 2137 καθὼς

2037 2167 2239 2238 ἀρτίως
2270 2166 2568 2238 ἠκούσατε·
2600 2186 2619 2219 ι
2642 2165 2784 2235 Ἐγὼ
2815 2166 3002 2239 χρείαν
3027 2164 3135 2235 έχω
3164 2164 3269 2217 ὑπὸ
3304 2165 3399 2218 σοῦ
3434 2165 3628 2235 βαπτι-

2039 2262 2254 2332 σθῆναι,
2284 2259 2381 2315 καὶ
2413 2261 2479 2314 σὺ
2517 2260 2653 2331 ἔρχῃ
2680 2259 2817 2334 πρὸς
2847 2258 2949 2329 μέ;
2977 2277 2995 2309 ι
3023 2257 3101 2316 ,Τί
3130 2260 3322 2321 ποιεῖς,
3350 2250 3396 2315 ὦ
3423 2257 3627 2310 Δέσπο-

2035 2371 2138 2420 τα;
2175 2354 2504 2408 ἀκανόνιστα
2546 2349 3091 2423 δογματίζεις.Ἀλλα
3131 2350 3488 2421 κατήγγειλα,
3532 2349 3626 2403 καὶ

2036 2447 2173 2503 ἄλλα
2201 2445 2469 2518 μετέρχῃο
2500 2444 2634 2500 ἄλλα
2655 2445 2887 2517 ῆκουσεν
2913 2446 2941 2497 6
2967 2442 3231 2510 διάϐολος,
3255 2442 3348 2496 καὶ
3376 2441 3510 2496 ἄλλα
3532 2457 3627 2495 mp

2036 2543 2235 2595 τανοεῖ.
2270 2539 2540 2594 Βάπτισόν
2582 2556 2651 2610 με
2678 2537 2757 2609 τῷ
2786 2536 3051 2625 πυρὶθτῆς
3079 2527 3351 2608 θεότητος·
3384 2533 3438 2587 τί
3468 2550 3646 2605 περι-.

2040 2635 2221 2707 μένεις
2263 2634 2325 2689 τὸ
2365 2633 2547 2705 ὖδωρ;
2581 2631 2817 2686 Φώτισον
2851 2630 2929 2702 τῷ
2952 2630 3251 2702 Πνεύματι·
3279 2630 3333 2683 τί
3361 2628 3625 2702 προσανέ-
3700 2679 3711 2687 ,

2037 2746 2153 2799 χεις
2195 2727 2273 2799 τῷ
2327 2727 2622 2799 κτίσμα-εις
2663 2725 3031 2796 Βάπτισόνιμε
3062 2724 3153 2777 τὸν
3180 2722 3500 2794 βαπτιστὴν,
3535 2721 3623 2775 ἵνα
3659 2778 3667 2789 ,

2036 2821 2253 2892 γνωσθῇ
2305 2837 2400 2873 σου
2445 2822 2478 2892 ἡ
2537 2820 2800 2892 ὑπεροχή.
2819 2817 2980 2904 Ἐγὼ,
3016 2818 3279 2900 Δέσποτα,
3334 2814 3625 2888 μετανοίας

2038 2913 2285 2982 βαπτίζω
2326 2912 2629 2985 βάπτισμα,
2663 2914 2757 2968 καὶ
2801 2911 2927 2977 τοὺς
2973 2911 3442 2984 προσερχομένους
3487 2910 3625 2983 πρὸς

2039 3005 2110 3076 μὲ
2148 3008 2428 3079 ἀμήχανον
2477 3006 2738 3082 βαπτίσαι
2773 3005 2869 3060 ἐὰν
2904 3005 2979 3078 μὴ
3010 3005 3109 3071 τὰς
3141 3005 3416 3077 ἁμαρτίας
3442 3004 3624 3060 αὐτῶν

350 3178 576 3236 Etiamsi
623 3197 724 3253 ego
758 3193 810 3239 te
838 3184 1118 3253 baptizare
1166 3185 1501 3261 sustinuero,
1529 3186 1795 3244 Jordanes
1822 3205 1930 3244 non

2039 3188 2565 3263 ὲξομολογήσασθαι;
2611 3190 2920 3263 Ἀμαρτιῶν
2963 3190 3266 3263 ἀφαιρέτης
3315 3190 3621 3263 ὑπάρχεις,

348 3270 513 3330 audet
548 3273 775 3359 prapius
804 3276 872 3329 ad
901 3282 954 3330 te
985 3278 1246 3331 accedere
1277 3292 1292 3329 :
1331 3295 1349 3328 ι
1382 3277 1496 3349 Ego
1522 3293 1662 3349 opus
1695 3278 1873 3335 habeo
1902 3295 1935 3336 ι

349 3372 403 3418 te
438 3363 726 3435 baptizari.
755 3376 810 3423 et
841 3376 899 3422 tu
930 3367 1084 3423 venis
1115 3367 1184 3421 ad
1211 3368 1334 3422 me?
1361 3387 1382 3422 ι

422 3637 485 3694 ν.
527 3639 669 3707 Quid
698 3640 862 3711 igitur
890 3641 940 3697 ei
967 3640 1233 3699 Dominus
1259 3643 1589 3714 respondet?
1625 3663 1644 3695 ι
1672 3643 1936 3702 Permitte

344 3731 480 3801 jam,
512 3732 586 3786 ita
612 3732 757 3787 enim
791 3732 948 3789 decet
972 3749 1072 3788 nos
1100 3734 1325 3804 implere
1357 3751 1573 3791 omnem
1599 3736 1927 3807 justitiam.»

347 3822 609 3880 Permitte
640 3823 777 3894 jam,
808 3822 1069 3890 Joannes,
1102 3842 1213 3882 non
1240 3842 1300 3882 es
1325 3843 1411 3883 me
1441 3827 1848 3898 sapientior.Tu
1876 3842 1934 3888 ut

351 3917 536 3980 homo,
552 3916 809 3988 respicis;
832 3933 951 3990 ego,
972 3928 1031 3973 ut
1046 3917 1207 3990 Deus,
1222 3918 1369 3974 novi.
1394 3918 1641 3975 Primum
1662 3937 1747 3976 me
1768 3937 1932 3992 opor-

349 4019 425 4065 tet
453 4008 655 4077 facere,
688 4019 854 4081 atque
899 4010 973 4065 ita
1003 4012 1221 4067 docere.
1265 4009 1413 4066 Nihil
1465 4011 1725 4069 indecens
1767 4014 1928 4081 obeo,

288 4162 291 4165 η
346 4102 547 4158 decore
574 4112 720 4160 totus
751 4103 995 4159 indutus.
1026 4102 1264 4168 Miraris,
1293 4120 1326 4159 ο
1356 4103 1617 4169 Joannes,
1645 4107 1789 4175 quod
1821 4121 1932 4161 non

346 4195 471 4251 veni
522 4211 648 4251 cum
684 4195 969 4267 dignitatis
1015 4212 1151 4251 mea:
1194 4197 1489 4268 insiguiis?
1527 4198 1744 4253 Privato
1783 4200 1929 4254 enim

346 4301 458 4343 non
489 4287 752 4357 competit
784 4288 933 4359 regia
983 4303 1264 4358 purpura;
1315 4304 1499 4359 regem
1547 4301 1729 4345 autem
1778 4291 1934 4349 decet

347 4379 603 4435 militaris
632 4390 858 4433 ornatus
888 4398 900 4434 :
934 4395 1065 4434 num
1099 4381 1366 4435 adversus
1393 4390 1708 4452 tyrannum,
1740 4392 1792 4439 et
1821 4400 1929 4439 non

344 4472 415 4527 ad
443 4473 682 4528 amicum
713 4472 874 4528 veni?
915 4471 985 4527 At
1015 4474 1270 4544 permitte
1300 4489 1466 4539 nunc,
1514 4476 1587 4530 ita
1622 4478 1767 4531 enim
1799 4492 1931 4533 con-

344 4565 497 4620 venit
527 4565 690 4621 nobis
712 4581 928 4620 omnem
947 4566 1220 4636 justitiam
1243 4566 1489 4638 implere.
1518 4566 1775 4639 lmpletor
1797 4569 1931 4640 legis

2038 4585 2106 4631 τι,
2138 4567 2311 4631 οὕτως
2336 4565 2685 4637 γὰρπρέπον
2712 4567 2844 4637 ἡμῖν
2874 4568 3040 4631 ἐστιν,
3065 4567 3246 4619 πᾶσαν
3271 4562 3617 4633 δικαιοσύνην
3676 4602 3681 4607 .

345 4673 504 4724 sum;
547 4657 684 4712 nihil
712 4658 840 4712 volo
873 4658 1303 4729 praetermissum
1345 4659 1412 4714 ad
1452 4660 1618 4717 totius
1654 4661 1928 4731 impletio-

346 4768 471 4809 nem
507 4752 839 4823 relinquere,
872 4763 931 4807 nt
957 4763 1079 4823 post
1106 4768 1195 4809 me
1223 4754 1537 4811 exclamare
1578 4757 1755 4826 possit
1785 4755 1929 4811 Pau-

344 4849 432 4901 lus
461 4864 475 4901 :
505 4865 523 4895 ι
554 4845 803 4916 lmpletio
849 4845 985 4915 legis
1036 4844 1311 4912 Christus,
1362 4847 1416 4902 in
1457 4848 1730 4917 justitiam
1778 4850 1927 4903 omni

343 4939 652 4995 credenti’.
688 4936 820 4994 Sine
852 4940 1016 4994 modo
1047 4957 1061 4994 :
1097 4939 1178 4994 sic
1210 4941 1356 4994 enim
1389 4940 1545 4994 decet
1573 4954 1676 4994 nos
1703 4938 1928 5008 implere

336 5049 562 5088 omnem
588 5032 862 5103 justitiam
884 5034 924 5087 ⁸.
966 5053 985 5087 ι
1030 5031 1250 5102 Baptiza
1284 5049 1393 5100 me,
1416 5032 1680 5099 Joannes,
1713 5048 1783 5087 ne
1802 5033 1928 5104 quis

342 5125 674 5195 baptismum
707 5139 1053 5197 aspernetur.
1085 5127 1131 5182 A
1155 5133 1207 5180 te
1233 5140 1395 5181 servo
1418 5125 1687 5194 baptizor,
1714 5139 1781 5178 ne
1802 5124 1927 5194 quis

343 5233 536 5288 regum
572 5225 671 5272 ant
708 5218 1053 5287 superiorum
1090 5227 1316 5285 respuat
1348 5228 1380 5269 a
1413 5223 1726 5284 contempto
1750 5228 1926 5270 sacer-

341 5313 466 5367 dote
488 5309 776 5381 baptizari.
803 5308 1064 5366 Permitte
1090 5309 1146 5363 in
1170 5306 1465 5363 Jordanem
1486 5305 1836 5372 descendam,
1865 5316 1927 5363 ut

342 5405 569 5459 audiant
599 5401 780 5459 Patris
810 5401 1216 5463 testimonium,
1241 5406 1296 5454 et
1332 5398 1455 5454 Filii
1490 5399 1790 5469 potentiam
1829 5414 1924 5454 co-

342 5505 629 5567 gnoscant.
673 5493 937 5551 Permitte
981 5507 1161 5559 nunc;
1208 5491 1285 5547 ita
1330 5491 1478 5546 enim
1514 5491 1672 5546 decet
1698 5505 1919 5547 omnem

412 5660 432 5688 '
470 5656 663 5714 Matth.
698 5676 780 5727 ιιι,
814 5658 903 5713 ιι.
978 5655 1002 5688 '
1038 5656 1197 5715 Rom.
1226 5675 1283 5724 ι,
1311 5658 1365 5713 4.
1443 5659 1465 5692 ⁸
1488 5658 1680 5718 Matth.
1716 5677 1797 5729 tn,
1825 5661 1910 5716 15.

411 5792 523 5862 (77)
567 5793 678 5847 Τοῦ
704 5791 988 5846 διαϐόλου
1027 5796 1611 5864 καταπληττομένων.
1664 5795 1924 5851 Commu-

344 5863 430 5920 nis
459 5870 701 5919 veterum
735 5863 1005 5921 sententia
1037 5874 1138 5923 est.
1163 5866 1440 5921 diabolum
1468 5868 1749 5939 ignorasse
1779 5881 1925 5923 oeco-

2039 3282 2135 3336 xa‘t
2162 3282 2223 3336 τὸ
2253 3283 2355 3354 τῆς
2386 3283 2674 3354 μετανοίας
2702 3283 2877 3348 θέλεις
2902 3283 3267 3355 βαπτισθῆναι
3297 3283 3580 3355 βάπτισμα
3603 3297 3619 3347 ;

2037 3374 2101 3428 Εί
2131 3374 2225 3429 καὶ
2248 3376 2365 3443 ῑγώ
2389 3392 2447 3428 σε
2468 3374 2724 3447 τολμήσω
2755 3375 3037 3449 βαπτίσαι,
3064 3378 3093 3430 6
3124 3377 3394 3450 Ἰορδάνης
3421 3376 3481 3430 ού
3505 3373 3623 3431 τολ-

2040 3465 2120 3535 μᾷ
2148 3463 2467 3537 πλησιάσαι.
2497 3483 2518 3519 ι
2540 3463 2682 3534 Ἐγὼ
2709 3467 2900 3538 χρείαν
2932 3466 3040 3538 ἔχω
3064 3468 3169 3523 ὑπὸ
3202 3465 3306 3522 σοῦ.
3329 3465 3623 3538 βαπτισθῆ-

2036 3573 2147 3622 ναι,
2180 3556 2274 3610 xui.
2305 3559 2369 3610 σὺ
2403 3556 2538 3631 ἔρχῃ
2568 3557 2707 3629 πρὸς
2742 3560 2844 3630 μέ;
2878 3578 2898 3612 ι

2108 3646 2175 3698 Τί
2215 3642 2310 3700 οὖν
2336 3647 2366 3700 6
2397 3646 2603 3719 Κύριος
2640 3650 2779 3721 πρὸς
2806 3648 3001 3714 αὐτόν;
3036 3649 3237 3718 «Ἄφες
3268 3647 3412 3718 ἄρτι,
3446 3644 3618 3707 οὕτως
3670 3646 3673 3649 ’

2036 3737 2146 3811 γὰρ
2197 3739 2405 3810 πρέπον
2437 3740 2569 3810 ἡμῖν
2615 3738 2773 3794 ἐστιν
2799 3740 3084 3811 πληρῶσαι
3135 3740 3313 3791 πᾶσαν
3345 3733 3617 3789 δικαιοσύ-

2035 3832 2371 3902 νην.›Ἀφες
2402 3832 2811 3904 ἄρτι,Ἰωάννη,
2842 3832 2941 3885 οὐκ
2971 3826 3023 3883 εἴ
3047 3847 3149 3900 μου
3182 3827 3506 3898 σοφώτερος.
3541 3827 3616 3881 Σὺ

2033 3921 2110 3986 ὡς
2156 3921 2444 3996 ἄνθρωπος
2493 3923 2729 3995 βλέπεις,
2778 3920 2888 3991 ἐγὼ
2933 3919 3011 3985 ὡς
3057 3920 3189 3984 Θεὸς
3235 3917 3614 3992 προγινώσκω.

2033 4013 2255 4086 Πρῶτόν
2302 4031 2369 4086 με
2411 4014 2497 4068 δεῖ
2538 4016 2780 4086 ποιῆσαι,
2825 4013 2918 4065 καὶ
2968 4011 3140 4076 οὓτως
3182 4009 3407 4077 διδάξαι.
3451 4011 3618 4065 Οὐδὲν

2034 4106 2281 4179 ἀπρεπὲς
2313 4106 2668 4179 μετέρχομαι,
2695 4104 3026 4176 εὐπρέπειαν
3055 4105 3165 4177 γὰρ
3195 4102 3613 4175 περιϐέϐλημαι.

2032 4198 2365 4270 Θαυμάξεις,
2392 4194 2437 4254 ὧ
2472 4198 2711 4271 Ἰωάννη,
2734 4198 2816 4251 ὄτι
2842 4198 2942 4251 οὐκ
2967 4193 3129 4269 ἦλθον
3159 4197 3295 4269 μετὰ
3322 4194 3414 4250 τοῦ
3447 4194 3615 4262 ἀξιώ-

2036 4291 2203 4361 ματός
2258 4308 2398 4363 μου;
2436 4289 2642 4363 Ἰδιώτῃ
2696 4289 2796 4360 μὲν
2842 4290 2952 4362 γὰρ
2999 4292 3061 4344 οὐ
3108 4284 3308 4365 πρέπει
3361 4287 3616 4360 βασιλικὴ

2031 4382 2306 4453 ἁλουργὶς,
2340 4379 2550 4453 βασιλεῖ
2594 4379 2653 4433 δὲ
2702 4380 2902 4452 πρέπει
2954 4381 3343 4454 στρατιωτικὸν
3389 4380 3576 4450 σχῆμα
3597 4396 3613 4410 ⁸

2033 4475 2169 4546 πρὸς
2202 4474 2461 4545 τύραννον
2486 4468 2671 4545 ἦλθον,
2705 4472 2779 4545 μὴ
2812 4472 2921 4545 γὰρ
2945 4474 3081 4545 πρὸς
3106 4475 3291 4543 φίλον;
3327 4469 3618 4544 Ἀφεςᾶρ·

2032 4658 2339 4731 πληρῶσαι.
2383 4657 2685 4730 Πληρωτής
2716 4656 2832 4728 είμι
2862 4657 3047 4728 νόμου,
3069 4656 3218 4710 οὐδὲν
3249 4655 3507 4727 βούλομαι
3529 4653 3618 4708 ὲλ-

2031 4752 2187 4815 λιπὲς
2227 4750 2551 4821 καταλεῖψαι
2594 4754 2674 4815 είς
2719 4753 2829 4805 πᾶν
2858 4749 2920 4803 τὸ
2949 4750 3223 4822 πλήρωμα
3250 4749 3337 4803 ἵνα
3368 4750 3482 4820 μετ’
3514 4749 3617 4819 ἐμὲ

2032 4847 2202 4920 βοήσῃ
2224 4847 2253 4898 6
2277 4845 2487 4910 Παῦλος
2506 4862 2520 4876 °
2563 4863 2582 4898 ι
2615 4844 2893 4918 Πλήρωμα
2926 4844 3089 4914 νόμου
3117 4846 3146 4898 6
3168 4843 3402 4915 Χριστὸς
3432 4846 3512 4907 είς
3534 4843 3614 4897 δι-

2030 4937 2323 5007 καιοσύνην
2372 4937 2536 4991 παντὶ
2577 4937 2655 5009 τῷ
2697 4935 3022 4992 πιστεύοντι.
3044 4936 3214 5005 Ἀιρες
3261 4934 3405 5006 ἄρτι,
3443 4932 3616 4998 οὕτως

2032 5032 2141 5105 γὰρ
2187 5030 2398 5102 πρέπον
2442 5032 2577 5102 ἡμῖν
2623 5032 2794 5094 ἐστιν,
2823 5027 3108 5100 πληρῶσαι
3139 5030 3321 5081 πᾶσαν
3345 5024 3617 5080 δικαιοώ-

2031 5141 2147 5196 νην.
2175 5142 2194 5174 ι
2224 5121 2496 5177 Βάπτισόν
2523 5140 2612 5193 με,
2629 5122 2873 5193 Ἰωάννη,
2909 5121 2994 5175 ἴνα
3023 5120 3211 5192 μηδεὶς
3238 5118 3615 5190 βαπτίσματος

2033 5212 2438 5286 καταφρονήσῃ.
2457 5212 2593 5267 Ὑπὸ
2638 5212 2735 5266 σοῦ
2777 5211 2874 5266 τοῦ
2905 5211 3091 5266 δούλου
3144 5210 3499 5281 βαπτίζομαι,
3527 5208 3614 5263 ἵνα

2033 5304 2225 5377 μηδεὶς
2256 5303 2521 5375 βασιλέων
2549 5304 2584 5377 ἢ
2615 5305 2986 5378 ὑπερεχόντων
3015 5303 3284 5378 διαπτύσῃ
3323 5302 3428 5355 ὑπὸ
3464 5319 3616 5356 πενι-

2028 5396 2162 5468 χροῦ
2187 5398 2377 5470 ἱερέως
2424 5397 2983 5471 βαπτισθῆναι.”Αφες
3018 5400 3075 5449 ἐν
3099 5395 3179 5469 τῷ
3219 5395 3457 5469 Ἰορδάνῃ
3481 5412 3615 5448 κατι

2027 5488 2186 5555 έλθω,
2230 5489 2320 5544 ἵνα
2364 5489 2671 5546 ἀκούσωσιν
2707 5490 2809 5563 τὴν
2851 5488 3118 5561 Πατρῴαν
3162 5486 3505 5561 μαρτυρίαν,
3521 5483 3615 5572 καλ.

2032 5798 2230 5925 gmina:
2285 5798 2623 5868 mysterium,
2677 5815 2744 5855 cx
2793 5797 2979 5853 Matth.
3026 5813 3101 5866 ιν,
3132 5796 3188 5864 '5,
3244 5804 3299 5852 et
3325 5793 3351 5849 Ἰ
3380 5794 3509 5850 Cor.
3550 5810 3610 5857 It.

2072 5908 2085 5925 .
2168 5883 2347 5925 Αιιιιιε.

2072 5908 2085 5925 .
2124 5883 2152 5922 I‘
2168 5883 2347 5926 ABRlC.

3630 5976 3647 6009 J
