  <div class='ocr_page' id='page_1' title='image "/cluster/home/n/w/nwhite01/storage/ocr_20150623/10/coo.31924054872894/440.png"; bbox 0 0 4134 6378; ppageno 0'>
   <div class='ocr_carea' id='block_1_1' title="bbox 403 401 534 462">
    <p class='ocr_par' dir='ltr' id='par_1_1' title="bbox 403 401 534 462">
     <span class='ocr_line' id='line_1_1' title="bbox 403 401 534 462; baseline -0.008 0"><span class='ocrx_word' id='word_1_1' title='bbox 403 401 534 462; x_wconf 77' lang='grc'><strong>”857</strong></span> 
     </span>
    </p>
   </div>
   <div class='ocr_carea' id='block_1_2' title="bbox 1486 367 2666 462">
    <p class='ocr_par' dir='ltr' id='par_1_2' title="bbox 1486 367 2666 462">
     <span class='ocr_line' id='line_1_2' title="bbox 1486 367 2666 462; baseline -0.006 0"><span class='ocrx_word' id='word_1_2' title='bbox 1486 405 1718 462; x_wconf 77' lang='lat' dir='ltr'><strong>SERMO</strong></span> <span class='ocrx_word' id='word_1_3' title='bbox 1757 367 2134 460; x_wconf 62' lang='lat' dir='ltr'><strong>tN&#39;SAXCTA</strong></span> <span class='ocrx_word' id='word_1_4' title='bbox 2173 401 2666 457; x_wconf 76' lang='lat' dir='ltr'><strong>THEOPHANIA.‘</strong></span> 
     </span>
    </p>
   </div>
   <div class='ocr_carea' id='block_1_3' title="bbox 3577 407 3684 464">
    <p class='ocr_par' dir='ltr' id='par_1_3' title="bbox 3577 407 3684 464">
     <span class='ocr_line' id='line_1_3' title="bbox 3577 407 3684 464; baseline -0.009 0"><span class='ocrx_word' id='word_1_5' title='bbox 3577 407 3684 464; x_wconf 86' lang='lat'><strong>858</strong></span> 
     </span>
    </p>
   </div>
   <div class='ocr_carea' id='block_1_4' title="bbox 431 502 2010 599">
    <p class='ocr_par' dir='ltr' id='par_1_4' title="bbox 431 521 2010 599">
     <span class='ocr_line' id='line_1_4' title="bbox 431 521 2010 599; baseline 0.003 -24"><span class='ocrx_word' id='word_1_6' title='bbox 431 521 836 590; x_wconf 80' lang='grc' dir='ltr'>ἐπιγνὼσωνται</span> <span class='ocrx_word' id='word_1_7' title='bbox 868 523 968 597; x_wconf 78' lang='grc' dir='ltr'>τὴν</span> <span class='ocrx_word' id='word_1_8' title='bbox 997 523 1091 579; x_wconf 91' lang='grc' dir='ltr'><strong>τοῦ</strong></span> <span class='ocrx_word' id='word_1_9' title='bbox 1115 523 1246 586; x_wconf 79' lang='grc' dir='ltr'>Υίοῦ</span> <span class='ocrx_word' id='word_1_10' title='bbox 1278 525 1704 598; x_wconf 50' lang='grc' dir='ltr'>δύναμινβᾼφες</span> <span class='ocrx_word' id='word_1_11' title='bbox 1737 528 1884 599; x_wconf 81' lang='grc' dir='ltr'>ἄρτι,</span> <span class='ocrx_word' id='word_1_12' title='bbox 1919 526 2010 580; x_wconf 83' lang='grc' dir='ltr'>οῦ-</span> 
     </span>
    </p>
   </div>
   <div class='ocr_carea' id='block_1_5' title="bbox 2096 502 3683 599">
    <p class='ocr_par' dir='ltr' id='par_1_5' title="bbox 2115 502 3683 596">
     <span class='ocr_line' id='line_1_5' title="bbox 2115 502 3683 596; baseline 0.002 -18"><span class='ocrx_word' id='word_1_13' title='bbox 2115 525 2476 593; x_wconf 88' lang='lat' dir='ltr'><strong>nosimplere</strong></span> <span class='ocrx_word' id='word_1_14' title='bbox 2502 522 2795 594; x_wconf 89' lang='lat' dir='ltr'><strong>justitiam.</strong></span> <span class='ocrx_word' id='word_1_15' title='bbox 2828 521 2983 578; x_wconf 91' lang='lat' dir='ltr'><strong>Tunc</strong></span> <span class='ocrx_word' id='word_1_16' title='bbox 3021 523 3277 594; x_wconf 86' lang='lat' dir='ltr'><strong>deinceps</strong></span> <span class='ocrx_word' id='word_1_17' title='bbox 3309 502 3549 580; x_wconf 77' lang='lat' dir='ltr'><strong>Joannes</strong></span> <span class='ocrx_word' id='word_1_18' title='bbox 3577 527 3683 596; x_wconf 88' lang='lat' dir='ltr'><strong>ipsi</strong></span> 
     </span>
    </p>
   </div>
   <div class='ocr_carea' id='block_1_6' title="bbox 428 613 2012 688">
    <p class='ocr_par' dir='ltr' id='par_1_6' title="bbox 428 613 2012 688">
     <span class='ocr_line' id='line_1_6' title="bbox 428 613 2012 688; baseline 0.004 -23"><span class='ocrx_word' id='word_1_19' title='bbox 428 629 537 676; x_wconf 84' lang='grc' dir='ltr'><strong>τως</strong></span> <span class='ocrx_word' id='word_1_20' title='bbox 570 613 679 686; x_wconf 84' lang='grc' dir='ltr'>γὰρ</span> <span class='ocrx_word' id='word_1_21' title='bbox 721 615 928 687; x_wconf 80' lang='grc' dir='ltr'>πρέπον</span> <span class='ocrx_word' id='word_1_22' title='bbox 953 617 1085 686; x_wconf 81' lang='grc' dir='ltr'>ἡμῖν</span> <span class='ocrx_word' id='word_1_23' title='bbox 1111 619 1256 671; x_wconf 83' lang='grc' dir='ltr'>ἐστιν</span> <span class='ocrx_word' id='word_1_24' title='bbox 1286 618 1568 688; x_wconf 84' lang='grc' dir='ltr'>πληρῶσαι</span> <span class='ocrx_word' id='word_1_25' title='bbox 1597 621 1776 672; x_wconf 79' lang='grc' dir='ltr'>πᾶσαν</span> <span class='ocrx_word' id='word_1_26' title='bbox 1807 619 2012 673; x_wconf 81' lang='grc' dir='ltr'>δικαιο-</span> 
     </span>
    </p>
   </div>
   <div class='ocr_carea' id='block_1_7' title="bbox 431 703 2012 781">
    <p class='ocr_par' dir='ltr' id='par_1_7' title="bbox 431 703 2012 781">
     <span class='ocr_line' id='line_1_7' title="bbox 431 703 2012 781; baseline 0.004 -22"><span class='ocrx_word' id='word_1_27' title='bbox 431 703 619 777; x_wconf 85' lang='grc' dir='ltr'>σύνην.</span> <span class='ocrx_word' id='word_1_28' title='bbox 651 707 784 760; x_wconf 86' lang='grc' dir='ltr'><strong>Τότε</strong></span> <span class='ocrx_word' id='word_1_29' title='bbox 827 705 1012 763; x_wconf 75' lang='grc' dir='ltr'>λοιπὸν</span> <span class='ocrx_word' id='word_1_30' title='bbox 1039 709 1260 779; x_wconf 78' lang='grc' dir='ltr'><strong>ἀφίησιν</strong></span> <span class='ocrx_word' id='word_1_31' title='bbox 1288 711 1450 764; x_wconf 80' lang='grc' dir='ltr'>αὐτὸν</span> <span class='ocrx_word' id='word_1_32' title='bbox 1496 713 1524 764; x_wconf 96' lang='lat'><strong>6</strong></span> <span class='ocrx_word' id='word_1_33' title='bbox 1563 712 1834 781; x_wconf 84' lang='grc' dir='ltr'><strong>Ἰωάννης,</strong></span> <span class='ocrx_word' id='word_1_34' title='bbox 1875 731 1892 763; x_wconf 81' lang='grc' dir='ltr'><strong>ι</strong></span> <span class='ocrx_word' id='word_1_35' title='bbox 1917 713 2012 766; x_wconf 72' lang='grc' dir='ltr'><strong>καὶ</strong></span> 
     </span>
    </p>
   </div>
   <div class='ocr_carea' id='block_1_8' title="bbox 431 793 2006 870">
    <p class='ocr_par' dir='ltr' id='par_1_8' title="bbox 431 793 2006 870">
     <span class='ocr_line' id='line_1_8' title="bbox 431 793 2006 870; baseline 0.006 -23"><span class='ocrx_word' id='word_1_36' title='bbox 431 793 744 866; x_wconf 75' lang='grc' dir='ltr'><strong>βαπτισθεὶς</strong></span> <span class='ocrx_word' id='word_1_37' title='bbox 781 799 810 852; x_wconf 91' lang='lat'><strong>6</strong></span> <span class='ocrx_word' id='word_1_38' title='bbox 847 797 1052 868; x_wconf 82' lang='grc' dir='ltr'>Ἰησοῦς</span> <span class='ocrx_word' id='word_1_39' title='bbox 1089 799 1290 862; x_wconf 74' lang='grc' dir='ltr'>εὐθέως</span> <span class='ocrx_word' id='word_1_40' title='bbox 1318 799 1484 870; x_wconf 87' lang='grc' dir='ltr'>ἀνέϐη</span> <span class='ocrx_word' id='word_1_41' title='bbox 1528 801 1636 854; x_wconf 79' lang='grc' dir='ltr'><strong>ἀπὸ</strong></span> <span class='ocrx_word' id='word_1_42' title='bbox 1659 801 1754 854; x_wconf 88' lang='grc' dir='ltr'><strong>τοῦ</strong></span> <span class='ocrx_word' id='word_1_43' title='bbox 1783 801 2006 866; x_wconf 78' lang='grc' dir='ltr'>ὓδατος·</span> 
     </span>
    </p>
   </div>
   <div class='ocr_carea' id='block_1_9' title="bbox 431 883 2007 963">
    <p class='ocr_par' dir='ltr' id='par_1_9' title="bbox 431 883 2007 963">
     <span class='ocr_line' id='line_1_9' title="bbox 431 883 2007 963; baseline 0.006 -27"><span class='ocrx_word' id='word_1_44' title='bbox 431 884 523 936; x_wconf 74' lang='grc' dir='ltr'><strong>καὶ</strong></span> <span class='ocrx_word' id='word_1_45' title='bbox 549 883 899 958; x_wconf 82' lang='grc' dir='ltr'>ἠνεῴχθησαν</span> <span class='ocrx_word' id='word_1_46' title='bbox 921 885 1070 957; x_wconf 82' lang='grc' dir='ltr'>αὑτῷ</span> <span class='ocrx_word' id='word_1_47' title='bbox 1095 889 1409 963; x_wconf 74' lang='grc' dir='ltr'>οἱοὺρανοὶ,</span> <span class='ocrx_word' id='word_1_48' title='bbox 1441 890 1536 943; x_wconf 72' lang='grc' dir='ltr'><strong>καὶ</strong></span> <span class='ocrx_word' id='word_1_49' title='bbox 1559 890 1666 944; x_wconf 70' lang='grc' dir='ltr'>ἰδοὺ</span> <span class='ocrx_word' id='word_1_50' title='bbox 1694 892 1755 944; x_wconf 87' lang='grc' dir='ltr'><strong>τὸ</strong></span> <span class='ocrx_word' id='word_1_51' title='bbox 1784 892 2007 963; x_wconf 79' lang='grc' dir='ltr'><strong>Πνεῦμα</strong></span> 
     </span>
    </p>
   </div>
   <div class='ocr_carea' id='block_1_10' title="bbox 428 973 2009 1053">
    <p class='ocr_par' dir='ltr' id='par_1_10' title="bbox 428 973 2009 1053">
     <span class='ocr_line' id='line_1_10' title="bbox 428 973 2009 1053; baseline 0.006 -28"><span class='ocrx_word' id='word_1_52' title='bbox 428 973 522 1026; x_wconf 88' lang='grc' dir='ltr'><strong>τοῦ</strong></span> <span class='ocrx_word' id='word_1_53' title='bbox 548 974 682 1028; x_wconf 82' lang='grc' dir='ltr'><strong>Θεοῦ</strong></span> <span class='ocrx_word' id='word_1_54' title='bbox 711 979 1030 1050; x_wconf 76' lang='grc' dir='ltr'>κατέρχεται</span> <span class='ocrx_word' id='word_1_55' title='bbox 1058 984 1116 1034; x_wconf 85' lang='grc' dir='ltr'><strong>ἐν</strong></span> <span class='ocrx_word' id='word_1_56' title='bbox 1145 981 1275 1035; x_wconf 81' lang='grc' dir='ltr'>εἴδει</span> <span class='ocrx_word' id='word_1_57' title='bbox 1306 983 1653 1052; x_wconf 82' lang='grc' dir='ltr'>περιστερᾶς,</span> <span class='ocrx_word' id='word_1_58' title='bbox 1677 983 1771 1035; x_wconf 78' lang='grc' dir='ltr'><strong>καὶ</strong></span> <span class='ocrx_word' id='word_1_59' title='bbox 1797 983 2009 1053; x_wconf 79' lang='grc' dir='ltr'><strong>ἔμεινεν</strong></span> 
     </span>
    </p>
   </div>
   <div class='ocr_carea' id='block_1_11' title="bbox 429 1053 2009 1144">
    <p class='ocr_par' dir='ltr' id='par_1_11' title="bbox 429 1053 2009 1144">
     <span class='ocr_line' id='line_1_11' title="bbox 429 1053 2009 1144; baseline 0.007 -28"><span class='ocrx_word' id='word_1_60' title='bbox 429 1064 516 1116; x_wconf 77' lang='grc' dir='ltr'>ἐπ’</span> <span class='ocrx_word' id='word_1_61' title='bbox 545 1067 725 1122; x_wconf 81' lang='grc' dir='ltr'>αὐτόν.</span> <span class='ocrx_word' id='word_1_62' title='bbox 759 1071 870 1124; x_wconf 78' lang='grc' dir='ltr'>Καὶ</span> <span class='ocrx_word' id='word_1_63' title='bbox 893 1072 1051 1144; x_wconf 82' lang='grc' dir='ltr'>’φωνὴ</span> <span class='ocrx_word' id='word_1_64' title='bbox 1081 1077 1145 1127; x_wconf 88' lang='grc' dir='ltr'><strong>ἐκ</strong></span> <span class='ocrx_word' id='word_1_65' title='bbox 1181 1073 1300 1126; x_wconf 86' lang='grc' dir='ltr'><strong>τῶν</strong></span> <span class='ocrx_word' id='word_1_66' title='bbox 1329 1053 1574 1144; x_wconf 46' lang='grc' dir='ltr'>οὒνρανῶν</span> <span class='ocrx_word' id='word_1_67' title='bbox 1605 1074 1835 1141; x_wconf 79' lang='grc' dir='ltr'><strong>λέγουσα</strong></span> <span class='ocrx_word' id='word_1_68' title='bbox 1855 1091 1869 1105; x_wconf 81' lang='grc'><em>’</em></span> <span class='ocrx_word' id='word_1_69' title='bbox 1906 1068 2009 1127; x_wconf 62' lang='lat'><strong>05-</strong></span> 
     </span>
    </p>
   </div>
   <div class='ocr_carea' id='block_1_12' title="bbox 425 1153 1899 1242">
    <p class='ocr_par' dir='ltr' id='par_1_12' title="bbox 425 1153 1899 1242">
     <span class='ocr_line' id='line_1_12' title="bbox 425 1153 1899 1242; baseline 0.007 -34"><span class='ocrx_word' id='word_1_70' title='bbox 425 1154 516 1218; x_wconf 88' lang='grc' dir='ltr'><strong>τός</strong></span> <span class='ocrx_word' id='word_1_71' title='bbox 545 1159 694 1212; x_wconf 80' lang='grc' dir='ltr'>ἐστιν</span> <span class='ocrx_word' id='word_1_72' title='bbox 719 1161 748 1213; x_wconf 92' lang='lat'><strong>6</strong></span> <span class='ocrx_word' id='word_1_73' title='bbox 778 1160 904 1226; x_wconf 77' lang='grc' dir='ltr'>Υἱός</span> <span class='ocrx_word' id='word_1_74' title='bbox 939 1180 1040 1234; x_wconf 91' lang='grc' dir='ltr'><strong>μου</strong></span> <span class='ocrx_word' id='word_1_75' title='bbox 1068 1165 1096 1217; x_wconf 90' lang='lat'><strong>6</strong></span> <span class='ocrx_word' id='word_1_76' title='bbox 1123 1153 1424 1242; x_wconf 70' lang='grc' dir='ltr'>ἀγαπητὸς,</span> <span class='ocrx_word' id='word_1_77' title='bbox 1447 1168 1505 1219; x_wconf 86' lang='grc' dir='ltr'><strong>ἐν</strong></span> <span class='ocrx_word' id='word_1_78' title='bbox 1532 1159 1577 1234; x_wconf 85' lang='grc' dir='ltr'>ᾧ</span> <span class='ocrx_word' id='word_1_79' title='bbox 1607 1167 1899 1237; x_wconf 79' lang='grc' dir='ltr'>ηὐδόκησα.</span> 
     </span>
    </p>
   </div>
   <div class='ocr_carea' id='block_1_13' title="bbox 500 1241 2005 1330">
    <p class='ocr_par' dir='ltr' id='par_1_13' title="bbox 500 1241 2005 1330">
     <span class='ocr_line' id='line_1_13' title="bbox 500 1241 2005 1330; baseline 0.006 -27"><span class='ocrx_word' id='word_1_80' title='bbox 500 1251 658 1316; x_wconf 78' lang='grc' dir='ltr'>Ἰδες,</span> <span class='ocrx_word' id='word_1_81' title='bbox 693 1253 965 1326; x_wconf 80' lang='grc' dir='ltr'>ἁγαπητὲ,</span> <span class='ocrx_word' id='word_1_82' title='bbox 990 1259 1175 1312; x_wconf 93' lang='grc' dir='ltr'>πόσων</span> <span class='ocrx_word' id='word_1_83' title='bbox 1203 1241 1297 1312; x_wconf 73' lang='grc' dir='ltr'><strong>καὶ</strong></span> <span class='ocrx_word' id='word_1_84' title='bbox 1326 1260 1570 1329; x_wconf 76' lang='grc' dir='ltr'>πηλίκων</span> <span class='ocrx_word' id='word_1_85' title='bbox 1599 1259 1818 1327; x_wconf 80' lang='grc' dir='ltr'>ἀγαθῶν</span> <span class='ocrx_word' id='word_1_86' title='bbox 1845 1259 2005 1330; x_wconf 82' lang='grc' dir='ltr'>ἐμέλ-</span> 
     </span>
    </p>
   </div>
   <div class='ocr_carea' id='block_1_14' title="bbox 426 1335 2004 1424">
    <p class='ocr_par' dir='ltr' id='par_1_14' title="bbox 426 1335 2004 1424">
     <span class='ocr_line' id='line_1_14' title="bbox 426 1335 2004 1424; baseline 0.008 -30"><span class='ocrx_word' id='word_1_87' title='bbox 426 1341 588 1414; x_wconf 89' lang='grc' dir='ltr'>λομεν</span> <span class='ocrx_word' id='word_1_88' title='bbox 623 1343 971 1416; x_wconf 79' lang='grc' dir='ltr'><strong>ζημιοῦσθαι,</strong></span> <span class='ocrx_word' id='word_1_89' title='bbox 999 1352 1047 1404; x_wconf 85' lang='grc' dir='ltr'><strong>εί</strong></span> <span class='ocrx_word' id='word_1_90' title='bbox 1074 1335 1212 1417; x_wconf 83' lang='grc' dir='ltr'>εἶξεν</span> <span class='ocrx_word' id='word_1_91' title='bbox 1245 1354 1273 1404; x_wconf 97' lang='lat'><strong>6</strong></span> <span class='ocrx_word' id='word_1_92' title='bbox 1301 1351 1505 1424; x_wconf 84' lang='grc' dir='ltr'>Κύριος</span> <span class='ocrx_word' id='word_1_93' title='bbox 1533 1356 1598 1424; x_wconf 81' lang='grc' dir='ltr'>τῇ</span> <span class='ocrx_word' id='word_1_94' title='bbox 1629 1354 1721 1406; x_wconf 83' lang='grc' dir='ltr'><strong>τοῦ</strong></span> <span class='ocrx_word' id='word_1_95' title='bbox 1766 1355 2004 1410; x_wconf 81' lang='grc' dir='ltr'>Ἰωάννου</span> 
     </span>
    </p>
   </div>
   <div class='ocr_carea' id='block_1_15' title="bbox 426 1438 2008 1520">
    <p class='ocr_par' dir='ltr' id='par_1_15' title="bbox 426 1438 2008 1520">
     <span class='ocr_line' id='line_1_15' title="bbox 426 1438 2008 1520; baseline 0.008 -32"><span class='ocrx_word' id='word_1_96' title='bbox 426 1438 792 1511; x_wconf 81' lang='grc' dir='ltr'>παρακλήσει,</span> <span class='ocrx_word' id='word_1_97' title='bbox 822 1444 917 1496; x_wconf 75' lang='grc' dir='ltr'><strong>καὶ</strong></span> <span class='ocrx_word' id='word_1_98' title='bbox 951 1438 1306 1516; x_wconf 72' lang='grc' dir='ltr'>παρῃτήσατο</span> <span class='ocrx_word' id='word_1_99' title='bbox 1341 1447 1402 1498; x_wconf 88' lang='grc' dir='ltr'><strong>τὸ</strong></span> <span class='ocrx_word' id='word_1_100' title='bbox 1435 1444 1750 1518; x_wconf 58' lang='grc' dir='ltr'>βάπὲισμας</span> <span class='ocrx_word' id='word_1_101' title='bbox 1788 1447 2008 1520; x_wconf 84' lang='grc' dir='ltr'>Κεκλει-</span> 
     </span>
    </p>
   </div>
   <div class='ocr_carea' id='block_1_16' title="bbox 427 1527 2008 1609">
    <p class='ocr_par' dir='ltr' id='par_1_16' title="bbox 427 1527 2008 1609">
     <span class='ocr_line' id='line_1_16' title="bbox 427 1527 2008 1609; baseline 0.006 -31"><span class='ocrx_word' id='word_1_102' title='bbox 427 1528 611 1597; x_wconf 87' lang='grc' dir='ltr'>σμένοι</span> <span class='ocrx_word' id='word_1_103' title='bbox 642 1530 749 1602; x_wconf 83' lang='grc' dir='ltr'>γὰρ</span> <span class='ocrx_word' id='word_1_104' title='bbox 775 1527 914 1602; x_wconf 79' lang='grc' dir='ltr'>ἦσαν</span> <span class='ocrx_word' id='word_1_105' title='bbox 939 1533 1045 1604; x_wconf 79' lang='grc' dir='ltr'>πρὸ</span> <span class='ocrx_word' id='word_1_106' title='bbox 1063 1533 1252 1587; x_wconf 85' lang='grc' dir='ltr'>τούτου</span> <span class='ocrx_word' id='word_1_107' title='bbox 1282 1536 1329 1586; x_wconf 85' lang='grc' dir='ltr'><strong>οί</strong></span> <span class='ocrx_word' id='word_1_108' title='bbox 1354 1536 1589 1609; x_wconf 67' lang='grc' dir='ltr'>οὐρανοὶ,</span> <span class='ocrx_word' id='word_1_109' title='bbox 1621 1534 1817 1588; x_wconf 86' lang='grc' dir='ltr'>ἄϐατον</span> <span class='ocrx_word' id='word_1_110' title='bbox 1846 1530 1914 1606; x_wconf 82' lang='grc' dir='ltr'>ἦν</span> <span class='ocrx_word' id='word_1_111' title='bbox 1946 1534 2008 1587; x_wconf 83' lang='grc' dir='ltr'>τὸ</span> 
     </span>
    </p>
   </div>
   <div class='ocr_carea' id='block_1_17' title="bbox 423 1613 2006 1698">
    <p class='ocr_par' dir='ltr' id='par_1_17' title="bbox 423 1613 2006 1698">
     <span class='ocr_line' id='line_1_17' title="bbox 423 1613 2006 1698; baseline 0.003 -22"><span class='ocrx_word' id='word_1_112' title='bbox 423 1621 536 1676; x_wconf 77' lang='grc' dir='ltr'>ἄνω</span> <span class='ocrx_word' id='word_1_113' title='bbox 555 1624 770 1696; x_wconf 89' lang='grc' dir='ltr'>χωρίον.</span> <span class='ocrx_word' id='word_1_114' title='bbox 812 1627 900 1680; x_wconf 88' lang='grc' dir='ltr'>Ἐν</span> <span class='ocrx_word' id='word_1_115' title='bbox 919 1629 1030 1690; x_wconf 84' lang='grc' dir='ltr'>τοῖς</span> <span class='ocrx_word' id='word_1_116' title='bbox 1056 1627 1204 1681; x_wconf 81' lang='grc' dir='ltr'>κάτω</span> <span class='ocrx_word' id='word_1_117' title='bbox 1233 1628 1550 1698; x_wconf 84' lang='grc' dir='ltr'>κατείημεν,</span> <span class='ocrx_word' id='word_1_118' title='bbox 1580 1613 1641 1681; x_wconf 76' lang='grc' dir='ltr'><strong>¹ἐν</strong></span> <span class='ocrx_word' id='word_1_119' title='bbox 1672 1630 1783 1692; x_wconf 88' lang='grc' dir='ltr'>τοῖς</span> <span class='ocrx_word' id='word_1_120' title='bbox 1814 1627 1924 1682; x_wconf 80' lang='grc' dir='ltr'>ἄνω</span> <span class='ocrx_word' id='word_1_121' title='bbox 1949 1627 2006 1681; x_wconf 81' lang='grc' dir='ltr'><strong>δὲ</strong></span> 
     </span>
    </p>
   </div>
   <div class='ocr_carea' id='block_1_18' title="bbox 424 1707 2006 1792">
    <p class='ocr_par' dir='ltr' id='par_1_18' title="bbox 424 1707 2006 1792">
     <span class='ocr_line' id='line_1_18' title="bbox 424 1707 2006 1792; baseline 0.004 -26"><span class='ocrx_word' id='word_1_122' title='bbox 424 1715 524 1767; x_wconf 86' lang='grc' dir='ltr'><strong>οὐκ</strong></span> <span class='ocrx_word' id='word_1_123' title='bbox 557 1716 821 1788; x_wconf 84' lang='grc' dir='ltr'>ἀνίειμεν.</span> <span class='ocrx_word' id='word_1_124' title='bbox 851 1719 1025 1772; x_wconf 84' lang='grc' dir='ltr'>Μόνον</span> <span class='ocrx_word' id='word_1_125' title='bbox 1053 1719 1110 1772; x_wconf 83' lang='grc' dir='ltr'><strong>δὲ</strong></span> <span class='ocrx_word' id='word_1_126' title='bbox 1154 1721 1182 1772; x_wconf 93' lang='lat'><strong>6</strong></span> <span class='ocrx_word' id='word_1_127' title='bbox 1223 1707 1497 1790; x_wconf 82' lang='grc' dir='ltr'>Δεσπότης</span> <span class='ocrx_word' id='word_1_128' title='bbox 1538 1719 1871 1792; x_wconf 88' lang='grc' dir='ltr'>ἐϐαπτίσθη;</span> <span class='ocrx_word' id='word_1_129' title='bbox 1911 1721 2006 1772; x_wconf 68' lang='grc' dir='ltr'><strong>κςιι)⁵</strong></span> 
     </span>
    </p>
   </div>
   <div class='ocr_carea' id='block_1_19' title="bbox 423 1805 2006 1882">
    <p class='ocr_par' dir='ltr' id='par_1_19' title="bbox 423 1805 2006 1882">
     <span class='ocr_line' id='line_1_19' title="bbox 423 1805 2006 1882; baseline 0.003 -23"><span class='ocrx_word' id='word_1_130' title='bbox 423 1805 516 1860; x_wconf 72' lang='grc' dir='ltr'><strong>’ὠν</strong></span> <span class='ocrx_word' id='word_1_131' title='bbox 552 1808 780 1862; x_wconf 82' lang='grc' dir='ltr'>παλαιὸν</span> <span class='ocrx_word' id='word_1_132' title='bbox 809 1808 1094 1880; x_wconf 77' lang='grc' dir='ltr'>ἄνθρωπον</span> <span class='ocrx_word' id='word_1_133' title='bbox 1136 1812 1495 1874; x_wconf 85' lang='grc' dir='ltr'>ἀνεκαίνισεν,</span> <span class='ocrx_word' id='word_1_134' title='bbox 1535 1810 1720 1864; x_wconf 75' lang='grc' dir='ltr'>καὶτὰ</span> <span class='ocrx_word' id='word_1_135' title='bbox 1751 1811 2006 1882; x_wconf 79' lang='grc' dir='ltr'>σκῆπτρα</span> 
     </span>
    </p>
   </div>
   <div class='ocr_carea' id='block_1_20' title="bbox 2112 611 3680 684">
    <p class='ocr_par' dir='ltr' id='par_1_20' title="bbox 2112 611 3680 684">
     <span class='ocr_line' id='line_1_20' title="bbox 2112 611 3680 684; baseline 0.003 -18"><span class='ocrx_word' id='word_1_136' title='bbox 2112 614 2378 684; x_wconf 73' lang='lat' dir='ltr'><strong>permittit</strong></span> <span class='ocrx_word' id='word_1_137' title='bbox 2407 631 2419 666; x_wconf 92' lang='lat'>:</span> <span class='ocrx_word' id='word_1_138' title='bbox 2457 633 2474 664; x_wconf 80' lang='grc' dir='ltr'><strong>ι</strong></span> <span class='ocrx_word' id='word_1_139' title='bbox 2513 612 2579 667; x_wconf 87' lang='grc' dir='ltr'>Ει</span> <span class='ocrx_word' id='word_1_140' title='bbox 2613 613 2921 682; x_wconf 79' lang='lat' dir='ltr'><strong>baptizatus</strong></span> <span class='ocrx_word' id='word_1_141' title='bbox 2954 611 3135 680; x_wconf 82' lang='lat' dir='ltr'><strong>Jesus,</strong></span> <span class='ocrx_word' id='word_1_142' title='bbox 3166 615 3352 669; x_wconf 82' lang='lat' dir='ltr'><strong>statim</strong></span> <span class='ocrx_word' id='word_1_143' title='bbox 3383 615 3577 670; x_wconf 85' lang='lat' dir='ltr'><strong>iterum</strong></span> <span class='ocrx_word' id='word_1_144' title='bbox 3613 631 3680 670; x_wconf 78' lang='lat' dir='ltr'><strong>ex</strong></span> 
     </span>
    </p>
   </div>
   <div class='ocr_carea' id='block_1_21' title="bbox 2109 703 3682 774">
    <p class='ocr_par' dir='ltr' id='par_1_21' title="bbox 2109 703 3682 774">
     <span class='ocr_line' id='line_1_21' title="bbox 2109 703 3682 774; baseline 0 -16"><span class='ocrx_word' id='word_1_145' title='bbox 2109 718 2251 773; x_wconf 83' lang='lat' dir='ltr'><strong>aqua</strong></span> <span class='ocrx_word' id='word_1_146' title='bbox 2279 705 2558 770; x_wconf 84' lang='lat' dir='ltr'><strong>ascendit;</strong></span> <span class='ocrx_word' id='word_1_147' title='bbox 2583 712 2636 756; x_wconf 72' lang='lat' dir='ltr'><strong>et</strong></span> <span class='ocrx_word' id='word_1_148' title='bbox 2662 703 2833 772; x_wconf 88' lang='lat' dir='ltr'><strong>aperti</strong></span> <span class='ocrx_word' id='word_1_149' title='bbox 2860 713 2988 757; x_wconf 89' lang='lat' dir='ltr'><strong>sunt</strong></span> <span class='ocrx_word' id='word_1_150' title='bbox 3011 705 3114 774; x_wconf 90' lang='lat' dir='ltr'><strong>ipsi</strong></span> <span class='ocrx_word' id='word_1_151' title='bbox 3140 705 3263 759; x_wconf 66' lang='lat' dir='ltr'><strong>caeli</strong></span> <span class='ocrx_word' id='word_1_152' title='bbox 3290 724 3302 760; x_wconf 92' lang='lat'><strong>:</strong></span> <span class='ocrx_word' id='word_1_153' title='bbox 3329 715 3384 760; x_wconf 91' lang='lat' dir='ltr'><strong>et</strong></span> <span class='ocrx_word' id='word_1_154' title='bbox 3406 722 3533 760; x_wconf 89' lang='lat' dir='ltr'><strong>ecce</strong></span> <span class='ocrx_word' id='word_1_155' title='bbox 3557 704 3682 774; x_wconf 88' lang='lat' dir='ltr'><strong>Spi-</strong></span> 
     </span>
    </p>
   </div>
   <div class='ocr_carea' id='block_1_22' title="bbox 2109 795 3686 866">
    <p class='ocr_par' dir='ltr' id='par_1_22' title="bbox 2109 795 3686 866">
     <span class='ocr_line' id='line_1_22' title="bbox 2109 795 3686 866; baseline 0.003 -18"><span class='ocrx_word' id='word_1_156' title='bbox 2109 796 2248 850; x_wconf 82' lang='lat' dir='ltr'><strong>ritus</strong></span> <span class='ocrx_word' id='word_1_157' title='bbox 2285 795 2379 851; x_wconf 86' lang='lat' dir='ltr'><strong>Dei</strong></span> <span class='ocrx_word' id='word_1_158' title='bbox 2424 797 2703 850; x_wconf 77' lang='lat' dir='ltr'><strong>descendit</strong></span> <span class='ocrx_word' id='word_1_159' title='bbox 2749 797 2927 866; x_wconf 86' lang='lat' dir='ltr'><strong>specie</strong></span> <span class='ocrx_word' id='word_1_160' title='bbox 2964 797 3250 863; x_wconf 70' lang='lat' dir='ltr'><strong>columbaz,</strong></span> <span class='ocrx_word' id='word_1_161' title='bbox 3289 809 3343 851; x_wconf 93' lang='lat' dir='ltr'><strong>et</strong></span> <span class='ocrx_word' id='word_1_162' title='bbox 3371 812 3535 866; x_wconf 87' lang='lat' dir='ltr'><strong>super</strong></span> <span class='ocrx_word' id='word_1_163' title='bbox 3563 800 3686 866; x_wconf 84' lang='lat' dir='ltr'><strong>ipso</strong></span> 
     </span>
    </p>
   </div>
   <div class='ocr_carea' id='block_1_23' title="bbox 2109 885 3683 954">
    <p class='ocr_par' dir='ltr' id='par_1_23' title="bbox 2109 885 3683 954">
     <span class='ocr_line' id='line_1_23' title="bbox 2109 885 3683 954; baseline 0.004 -14"><span class='ocrx_word' id='word_1_164' title='bbox 2109 887 2330 941; x_wconf 82' lang='lat' dir='ltr'><strong>mansit.</strong></span> <span class='ocrx_word' id='word_1_165' title='bbox 2358 885 2423 940; x_wconf 86' lang='lat' dir='ltr'><strong>Et</strong></span> <span class='ocrx_word' id='word_1_166' title='bbox 2449 903 2553 940; x_wconf 84' lang='lat' dir='ltr'><strong>vox</strong></span> <span class='ocrx_word' id='word_1_167' title='bbox 2577 888 2642 942; x_wconf 93' lang='lat' dir='ltr'><strong>de</strong></span> <span class='ocrx_word' id='word_1_168' title='bbox 2668 890 2828 954; x_wconf 68' lang='lat' dir='ltr'><strong>cmlo,</strong></span> <span class='ocrx_word' id='word_1_169' title='bbox 2855 890 3040 944; x_wconf 77' lang='lat' dir='ltr'><strong>dicens</strong></span> <span class='ocrx_word' id='word_1_170' title='bbox 3070 907 3083 944; x_wconf 93' lang='lat'><strong>:</strong></span> <span class='ocrx_word' id='word_1_171' title='bbox 3112 888 3211 944; x_wconf 90' lang='lat' dir='ltr'><strong>llic</strong></span> <span class='ocrx_word' id='word_1_172' title='bbox 3230 898 3314 944; x_wconf 90' lang='lat' dir='ltr'><strong>est</strong></span> <span class='ocrx_word' id='word_1_173' title='bbox 3335 888 3506 946; x_wconf 88' lang='lat' dir='ltr'><strong>Filius</strong></span> <span class='ocrx_word' id='word_1_174' title='bbox 3527 904 3683 947; x_wconf 84' lang='lat' dir='ltr'><strong>meus</strong></span> 
     </span>
    </p>
   </div>
   <div class='ocr_carea' id='block_1_24' title="bbox 2111 978 3042 1050">
    <p class='ocr_par' dir='ltr' id='par_1_24' title="bbox 2111 978 3042 1050">
     <span class='ocr_line' id='line_1_24' title="bbox 2111 978 3042 1050; baseline 0 -16"><span class='ocrx_word' id='word_1_175' title='bbox 2111 978 2362 1044; x_wconf 84' lang='lat' dir='ltr'><strong>dilectus,</strong></span> <span class='ocrx_word' id='word_1_176' title='bbox 2396 979 2450 1032; x_wconf 91' lang='lat' dir='ltr'><strong>in</strong></span> <span class='ocrx_word' id='word_1_177' title='bbox 2484 995 2594 1049; x_wconf 84' lang='lat' dir='ltr'><strong>quo</strong></span> <span class='ocrx_word' id='word_1_178' title='bbox 2623 981 2927 1050; x_wconf 79' lang='lat' dir='ltr'><strong>complacui</strong></span> <span class='ocrx_word' id='word_1_179' title='bbox 2942 981 2982 1037; x_wconf 84' lang='grc'>³.</span> <span class='ocrx_word' id='word_1_180' title='bbox 3022 1000 3042 1034; x_wconf 77' lang='grc' dir='ltr'><strong>ι</strong></span> 
     </span>
    </p>
   </div>
   <div class='ocr_carea' id='block_1_25' title="bbox 2183 1252 3681 1324">
    <p class='ocr_par' dir='ltr' id='par_1_25' title="bbox 2183 1252 3681 1324">
     <span class='ocr_line' id='line_1_25' title="bbox 2183 1252 3681 1324; baseline 0.003 -18"><span class='ocrx_word' id='word_1_181' title='bbox 2183 1252 2272 1308; x_wconf 82' lang='lat' dir='ltr'><strong>Vl.</strong></span> <span class='ocrx_word' id='word_1_182' title='bbox 2315 1252 2501 1320; x_wconf 82' lang='lat' dir='ltr'><strong>Vides,</strong></span> <span class='ocrx_word' id='word_1_183' title='bbox 2544 1253 2760 1318; x_wconf 85' lang='lat' dir='ltr'><strong>dilecte,</strong></span> <span class='ocrx_word' id='word_1_184' title='bbox 2799 1263 2934 1324; x_wconf 89' lang='lat' dir='ltr'><strong>quot</strong></span> <span class='ocrx_word' id='word_1_185' title='bbox 2961 1262 3015 1309; x_wconf 89' lang='lat' dir='ltr'><strong>et</strong></span> <span class='ocrx_word' id='word_1_186' title='bbox 3049 1265 3378 1322; x_wconf 86' lang='lat' dir='ltr'><strong>quantorum</strong></span> <span class='ocrx_word' id='word_1_187' title='bbox 3412 1254 3681 1310; x_wconf 86' lang='lat' dir='ltr'><strong>bonorum</strong></span> 
     </span>
    </p>
   </div>
   <div class='ocr_carea' id='block_1_26' title="bbox 2103 1343 3682 1413">
    <p class='ocr_par' dir='ltr' id='par_1_26' title="bbox 2103 1343 3682 1413">
     <span class='ocr_line' id='line_1_26' title="bbox 2103 1343 3682 1413; baseline 0.002 -16"><span class='ocrx_word' id='word_1_188' title='bbox 2103 1343 2378 1413; x_wconf 90' lang='lat' dir='ltr'><strong>jacturam</strong></span> <span class='ocrx_word' id='word_1_189' title='bbox 2425 1343 2622 1412; x_wconf 74' lang='lat' dir='ltr'><strong>facturi</strong></span> <span class='ocrx_word' id='word_1_190' title='bbox 2665 1345 2997 1408; x_wconf 75' lang='lat' dir='ltr'><strong>fuissemus,</strong></span> <span class='ocrx_word' id='word_1_191' title='bbox 3041 1345 3088 1399; x_wconf 89' lang='lat' dir='ltr'><strong>si</strong></span> <span class='ocrx_word' id='word_1_192' title='bbox 3130 1344 3358 1401; x_wconf 82' lang='lat' dir='ltr'><strong>Joannis</strong></span> <span class='ocrx_word' id='word_1_193' title='bbox 3393 1347 3682 1401; x_wconf 84' lang='lat' dir='ltr'><strong>monitioni</strong></span> 
     </span>
    </p>
   </div>
   <div class='ocr_carea' id='block_1_27' title="bbox 2108 1435 3685 1509">
    <p class='ocr_par' dir='ltr' id='par_1_27' title="bbox 2108 1435 3685 1509">
     <span class='ocr_line' id='line_1_27' title="bbox 2108 1435 3685 1509; baseline 0.003 -20"><span class='ocrx_word' id='word_1_194' title='bbox 2108 1435 2374 1492; x_wconf 89' lang='lat' dir='ltr'><strong>Dominus</strong></span> <span class='ocrx_word' id='word_1_195' title='bbox 2402 1438 2685 1509; x_wconf 81' lang='lat' dir='ltr'><strong>cessisset,</strong></span> <span class='ocrx_word' id='word_1_196' title='bbox 2727 1447 2780 1491; x_wconf 90' lang='lat' dir='ltr'><strong>et</strong></span> <span class='ocrx_word' id='word_1_197' title='bbox 2809 1438 3138 1506; x_wconf 89' lang='lat' dir='ltr'><strong>baptismum</strong></span> <span class='ocrx_word' id='word_1_198' title='bbox 3171 1453 3277 1491; x_wconf 92' lang='lat' dir='ltr'><strong>non</strong></span> <span class='ocrx_word' id='word_1_199' title='bbox 3312 1439 3685 1508; x_wconf 85' lang='lat' dir='ltr'><strong>suscepisset?</strong></span> 
     </span>
    </p>
   </div>
   <div class='ocr_carea' id='block_1_28' title="bbox 2107 1526 3682 1599">
    <p class='ocr_par' dir='ltr' id='par_1_28' title="bbox 2107 1526 3682 1599">
     <span class='ocr_line' id='line_1_28' title="bbox 2107 1526 3682 1599; baseline 0.001 -17"><span class='ocrx_word' id='word_1_200' title='bbox 2107 1526 2290 1583; x_wconf 89' lang='lat' dir='ltr'><strong>Clausi</strong></span> <span class='ocrx_word' id='word_1_201' title='bbox 2331 1529 2475 1582; x_wconf 90' lang='lat' dir='ltr'><strong>enim</strong></span> <span class='ocrx_word' id='word_1_202' title='bbox 2517 1536 2674 1582; x_wconf 79' lang='lat' dir='ltr'><strong>erant</strong></span> <span class='ocrx_word' id='word_1_203' title='bbox 2711 1529 2943 1582; x_wconf 90' lang='lat' dir='ltr'><strong>antehac</strong></span> <span class='ocrx_word' id='word_1_204' title='bbox 2981 1529 3126 1592; x_wconf 65' lang='lat' dir='ltr'><strong>caeli,</strong></span> <span class='ocrx_word' id='word_1_205' title='bbox 3173 1529 3450 1584; x_wconf 88' lang='lat' dir='ltr'><strong>inaccessa</strong></span> <span class='ocrx_word' id='word_1_206' title='bbox 3484 1544 3682 1599; x_wconf 87' lang='lat' dir='ltr'><strong>supera</strong></span> 
     </span>
    </p>
   </div>
   <div class='ocr_carea' id='block_1_29' title="bbox 2105 1619 3682 1691">
    <p class='ocr_par' dir='ltr' id='par_1_29' title="bbox 2105 1619 3682 1691">
     <span class='ocr_line' id='line_1_29' title="bbox 2105 1619 3682 1691; baseline 0.001 -17"><span class='ocrx_word' id='word_1_207' title='bbox 2105 1623 2276 1691; x_wconf 82' lang='lat' dir='ltr'><strong>regio.</strong></span> <span class='ocrx_word' id='word_1_208' title='bbox 2309 1619 2368 1674; x_wconf 91' lang='lat' dir='ltr'><strong>In</strong></span> <span class='ocrx_word' id='word_1_209' title='bbox 2408 1620 2667 1676; x_wconf 84' lang='lat' dir='ltr'><strong>inferiora</strong></span> <span class='ocrx_word' id='word_1_210' title='bbox 2697 1621 3079 1676; x_wconf 88' lang='lat' dir='ltr'><strong>descendimus</strong></span> <span class='ocrx_word' id='word_1_211' title='bbox 3114 1639 3128 1675; x_wconf 90' lang='lat'><strong>:</strong></span> <span class='ocrx_word' id='word_1_212' title='bbox 3163 1621 3230 1676; x_wconf 88' lang='lat' dir='ltr'><strong>ad</strong></span> <span class='ocrx_word' id='word_1_213' title='bbox 3264 1622 3548 1691; x_wconf 84' lang='lat' dir='ltr'><strong>superiora</strong></span> <span class='ocrx_word' id='word_1_214' title='bbox 3583 1638 3682 1676; x_wconf 86' lang='lat' dir='ltr'><strong>au-</strong></span> 
     </span>
    </p>
   </div>
   <div class='ocr_carea' id='block_1_30' title="bbox 2106 1710 3684 1768">
    <p class='ocr_par' dir='ltr' id='par_1_30' title="bbox 2106 1710 3684 1768">
     <span class='ocr_line' id='line_1_30' title="bbox 2106 1710 3684 1768; baseline -0.001 -1"><span class='ocrx_word' id='word_1_215' title='bbox 2106 1721 2212 1768; x_wconf 90' lang='lat' dir='ltr'><strong>tem</strong></span> <span class='ocrx_word' id='word_1_216' title='bbox 2241 1727 2349 1766; x_wconf 90' lang='lat' dir='ltr'><strong>non</strong></span> <span class='ocrx_word' id='word_1_217' title='bbox 2383 1713 2580 1767; x_wconf 90' lang='lat' dir='ltr'><strong>iterum</strong></span> <span class='ocrx_word' id='word_1_218' title='bbox 2624 1712 2992 1768; x_wconf 85' lang='lat' dir='ltr'><strong>ascendimus.</strong></span> <span class='ocrx_word' id='word_1_219' title='bbox 3022 1710 3161 1764; x_wconf 86' lang='lat' dir='ltr'><strong>Num</strong></span> <span class='ocrx_word' id='word_1_220' title='bbox 3197 1727 3327 1765; x_wconf 90' lang='lat' dir='ltr'><strong>vero</strong></span> <span class='ocrx_word' id='word_1_221' title='bbox 3365 1712 3543 1766; x_wconf 89' lang='lat' dir='ltr'><strong>solum</strong></span> <span class='ocrx_word' id='word_1_222' title='bbox 3577 1711 3684 1766; x_wconf 83' lang='lat' dir='ltr'><strong>Do-</strong></span> 
     </span>
    </p>
   </div>
   <div class='ocr_carea' id='block_1_31' title="bbox 2105 1803 3683 1875">
    <p class='ocr_par' dir='ltr' id='par_1_31' title="bbox 2105 1803 3683 1875">
     <span class='ocr_line' id='line_1_31' title="bbox 2105 1803 3683 1875; baseline -0.001 -15"><span class='ocrx_word' id='word_1_223' title='bbox 2105 1807 2290 1861; x_wconf 90' lang='lat' dir='ltr'><strong>minus</strong></span> <span class='ocrx_word' id='word_1_224' title='bbox 2317 1806 2623 1875; x_wconf 82' lang='lat' dir='ltr'><strong>baptizatus</strong></span> <span class='ocrx_word' id='word_1_225' title='bbox 2646 1805 2764 1861; x_wconf 89' lang='lat' dir='ltr'><strong>est?</strong></span> <span class='ocrx_word' id='word_1_226' title='bbox 2790 1815 2842 1860; x_wconf 89' lang='lat' dir='ltr'><strong>et</strong></span> <span class='ocrx_word' id='word_1_227' title='bbox 2875 1813 3109 1858; x_wconf 80' lang='lat' dir='ltr'><strong>veterem</strong></span> <span class='ocrx_word' id='word_1_228' title='bbox 3144 1803 3422 1857; x_wconf 84' lang='lat' dir='ltr'><strong>hominem</strong></span> <span class='ocrx_word' id='word_1_229' title='bbox 3451 1819 3683 1858; x_wconf 87' lang='lat' dir='ltr'><strong>renova-</strong></span> 
     </span>
    </p>
   </div>
   <div class='ocr_carea' id='block_1_32' title="bbox 424 1871 2010 1974">
    <p class='ocr_par' dir='ltr' id='par_1_32' title="bbox 424 1871 2006 1974">
     <span class='ocr_line' id='line_1_32' title="bbox 424 1871 2006 1974; baseline 0.004 -26"><span class='ocrx_word' id='word_1_230' title='bbox 424 1896 527 1966; x_wconf 79' lang='grc' dir='ltr'>τῆς</span> <span class='ocrx_word' id='word_1_231' title='bbox 579 1897 851 1964; x_wconf 78' lang='grc' dir='ltr'>υἱοθεσίας</span> <span class='ocrx_word' id='word_1_232' title='bbox 881 1871 1039 1972; x_wconf 66' lang='grc' dir='ltr'>αὐτῷ,</span> <span class='ocrx_word' id='word_1_233' title='bbox 1063 1901 1224 1954; x_wconf 84' lang='grc' dir='ltr'>πάλιν</span> <span class='ocrx_word' id='word_1_234' title='bbox 1253 1871 1593 1955; x_wconf 76' lang='grc' dir='ltr'>ἐπίστευσεν.</span> <span class='ocrx_word' id='word_1_235' title='bbox 1637 1871 1854 1964; x_wconf 65' lang='grc' dir='ltr'>Εὐθέως</span> <span class='ocrx_word' id='word_1_236' title='bbox 1897 1871 2006 1974; x_wconf 53' lang='grc' dir='ltr'><strong>γαρ</strong></span> 
     </span>
    </p>
   </div>
   <div class='ocr_carea' id='block_1_33' title="bbox 2096 1871 3714 1974">
    <p class='ocr_par' dir='ltr' id='par_1_33' title="bbox 2108 1871 3714 1966">
     <span class='ocr_line' id='line_1_33' title="bbox 2108 1871 3714 1966; baseline -0.002 -14"><span class='ocrx_word' id='word_1_237' title='bbox 2108 1898 2206 1961; x_wconf 91' lang='lat' dir='ltr'><strong>vit,</strong></span> <span class='ocrx_word' id='word_1_238' title='bbox 2233 1908 2285 1952; x_wconf 89' lang='lat' dir='ltr'><strong>et</strong></span> <span class='ocrx_word' id='word_1_239' title='bbox 2309 1871 2521 1966; x_wconf 72' lang='lat' dir='ltr'><strong>sceptra</strong></span> <span class='ocrx_word' id='word_1_240' title='bbox 2545 1895 2855 1965; x_wconf 88' lang='lat' dir='ltr'><strong>adoptionis</strong></span> <span class='ocrx_word' id='word_1_241' title='bbox 2872 1895 2975 1964; x_wconf 92' lang='lat' dir='ltr'><strong>ipsi</strong></span> <span class='ocrx_word' id='word_1_242' title='bbox 2996 1894 3193 1949; x_wconf 86' lang='lat' dir='ltr'><strong>iterum</strong></span> <span class='ocrx_word' id='word_1_243' title='bbox 3217 1894 3464 1949; x_wconf 87' lang='lat' dir='ltr'><strong>credidit.</strong></span> <span class='ocrx_word' id='word_1_244' title='bbox 3485 1893 3680 1949; x_wconf 89' lang='lat' dir='ltr'><strong>Statim</strong></span> <span class='ocrx_word' id='word_1_245' title='bbox 3709 1921 3714 1926; x_wconf 62' lang='grc' dir='ltr'><strong>ι</strong></span> 
     </span>
    </p>
   </div>
   <div class='ocr_carea' id='block_1_34' title="bbox 431 1987 2004 2084">
    <p class='ocr_par' dir='ltr' id='par_1_34' title="bbox 431 1987 2004 2084">
     <span class='ocr_line' id='line_1_34' title="bbox 431 1987 2004 2084; baseline 0.006 -46"><span class='ocrx_word' id='word_1_246' title='bbox 431 2005 450 2038; x_wconf 70' lang='grc' dir='ltr'><strong>ι</strong></span> <span class='ocrx_word' id='word_1_247' title='bbox 486 1987 836 2060; x_wconf 72' lang='grc' dir='ltr'>ἠνεῴχθησαν</span> <span class='ocrx_word' id='word_1_248' title='bbox 865 1991 1014 2062; x_wconf 83' lang='grc' dir='ltr'>αὐτῷ</span> <span class='ocrx_word' id='word_1_249' title='bbox 1054 1995 1102 2050; x_wconf 74' lang='lat' dir='ltr'><strong>oi</strong></span> <span class='ocrx_word' id='word_1_250' title='bbox 1140 1992 1378 2084; x_wconf 64' lang='grc' dir='ltr'>οὐρανοί.</span> <span class='ocrx_word' id='word_1_251' title='bbox 1411 2013 1430 2046; x_wconf 76' lang='grc' dir='ltr'><strong>ι</strong></span> <span class='ocrx_word' id='word_1_252' title='bbox 1477 1994 1747 2066; x_wconf 82' lang='grc' dir='ltr'>Διαλλαγὴ</span> <span class='ocrx_word' id='word_1_253' title='bbox 1780 1994 2004 2062; x_wconf 86' lang='grc' dir='ltr'>γέγονεν</span> 
     </span>
    </p>
   </div>
   <div class='ocr_carea' id='block_1_35' title="bbox 422 2080 2004 2159">
    <p class='ocr_par' dir='ltr' id='par_1_35' title="bbox 422 2080 2004 2159">
     <span class='ocr_line' id='line_1_35' title="bbox 422 2080 2004 2159; baseline 0.003 -26"><span class='ocrx_word' id='word_1_254' title='bbox 422 2080 530 2134; x_wconf 81' lang='grc' dir='ltr'><strong>τῶν</strong></span> <span class='ocrx_word' id='word_1_255' title='bbox 565 2081 774 2153; x_wconf 82' lang='grc' dir='ltr'>ὁρατῶν</span> <span class='ocrx_word' id='word_1_256' title='bbox 801 2082 939 2154; x_wconf 77' lang='grc' dir='ltr'>πρὸς</span> <span class='ocrx_word' id='word_1_257' title='bbox 967 2084 1031 2136; x_wconf 69' lang='grc' dir='ltr'><strong>τὰ</strong></span> <span class='ocrx_word' id='word_1_258' title='bbox 1061 2080 1294 2156; x_wconf 56' lang='grc' dir='ltr'>ἀόραταλ</span> <span class='ocrx_word' id='word_1_259' title='bbox 1327 2085 1800 2159; x_wconf 66' lang='grc' dir='ltr'>ὲχαροποιήθησαν</span> <span class='ocrx_word' id='word_1_260' title='bbox 1823 2085 1892 2138; x_wconf 80' lang='grc' dir='ltr'>τὰ</span> <span class='ocrx_word' id='word_1_261' title='bbox 1915 2085 2004 2138; x_wconf 83' lang='grc' dir='ltr'>οὐ·</span> 
     </span>
    </p>
   </div>
   <div class='ocr_carea' id='block_1_36' title="bbox 427 2173 1999 2251">
    <p class='ocr_par' dir='ltr' id='par_1_36' title="bbox 427 2173 1999 2251">
     <span class='ocr_line' id='line_1_36' title="bbox 427 2173 1999 2251; baseline 0.003 -27"><span class='ocrx_word' id='word_1_262' title='bbox 427 2173 583 2238; x_wconf 73' lang='grc' dir='ltr'>ράνια</span> <span class='ocrx_word' id='word_1_263' title='bbox 612 2173 885 2244; x_wconf 81' lang='grc' dir='ltr'>τάγματα,</span> <span class='ocrx_word' id='word_1_264' title='bbox 922 2173 1142 2247; x_wconf 76' lang='grc' dir='ltr'>ίᾶθητὰ</span> <span class='ocrx_word' id='word_1_265' title='bbox 1169 2179 1389 2247; x_wconf 83' lang='grc' dir='ltr'>ἐπίγεια</span> <span class='ocrx_word' id='word_1_266' title='bbox 1419 2181 1721 2251; x_wconf 76' lang='grc' dir='ltr'>νοσήματα,</span> <span class='ocrx_word' id='word_1_267' title='bbox 1756 2177 1999 2249; x_wconf 78' lang='grc' dir='ltr'>ἐγνώσθη</span> 
     </span>
    </p>
   </div>
   <div class='ocr_carea' id='block_1_37' title="bbox 419 2262 1997 2373">
    <p class='ocr_par' dir='ltr' id='par_1_37' title="bbox 419 2262 1997 2373">
     <span class='ocr_line' id='line_1_37' title="bbox 419 2262 1997 2373; baseline 0.005 -59"><span class='ocrx_word' id='word_1_268' title='bbox 419 2262 489 2316; x_wconf 85' lang='grc' dir='ltr'><strong>τὰ</strong></span> <span class='ocrx_word' id='word_1_269' title='bbox 532 2263 816 2336; x_wconf 76' lang='grc' dir='ltr'>ἀπόρρητα</span> <span class='ocrx_word' id='word_1_270' title='bbox 859 2267 1178 2339; x_wconf 84' lang='grc' dir='ltr'>πράγματα,</span> <span class='ocrx_word' id='word_1_271' title='bbox 1224 2269 1483 2340; x_wconf 83' lang='grc' dir='ltr'>ὲφιλιώθη</span> <span class='ocrx_word' id='word_1_272' title='bbox 1520 2270 1587 2324; x_wconf 77' lang='grc' dir='ltr'>τὰ</span> <span class='ocrx_word' id='word_1_273' title='bbox 1613 2270 1997 2373; x_wconf 49' lang='grc' dir='ltr'>ἃίθραίνοντα.</span> 
     </span>
    </p>
   </div>
   <div class='ocr_carea' id='block_1_38' title="bbox 423 2355 2000 2432">
    <p class='ocr_par' dir='ltr' id='par_1_38' title="bbox 423 2355 2000 2432">
     <span class='ocr_line' id='line_1_38' title="bbox 423 2355 2000 2432; baseline 0.01 -26"><span class='ocrx_word' id='word_1_274' title='bbox 423 2355 657 2421; x_wconf 84' lang='grc' dir='ltr'>Ἥκουες</span> <span class='ocrx_word' id='word_1_275' title='bbox 701 2359 810 2430; x_wconf 77' lang='grc' dir='ltr'><strong>γὰρ</strong></span> <span class='ocrx_word' id='word_1_276' title='bbox 854 2359 948 2412; x_wconf 82' lang='grc' dir='ltr'><strong>τοῦ</strong></span> <span class='ocrx_word' id='word_1_277' title='bbox 991 2361 1376 2430; x_wconf 81' lang='grc' dir='ltr'>εὐαγγελιστοῦ</span> <span class='ocrx_word' id='word_1_278' title='bbox 1416 2355 1695 2432; x_wconf 73' lang='grc' dir='ltr'>λέγοντοξ·</span> <span class='ocrx_word' id='word_1_279' title='bbox 1734 2382 1752 2414; x_wconf 87' lang='grc'><strong><em>‹</em></strong></span> <span class='ocrx_word' id='word_1_280' title='bbox 1802 2355 2000 2432; x_wconf 74' lang='grc' dir='ltr'>Ἦνεῴ-</span> 
     </span>
    </p>
   </div>
   <div class='ocr_carea' id='block_1_39' title="bbox 421 2445 2007 2528">
    <p class='ocr_par' dir='ltr' id='par_1_39' title="bbox 421 2445 2007 2528">
     <span class='ocr_line' id='line_1_39' title="bbox 421 2445 2007 2528; baseline 0.009 -30"><span class='ocrx_word' id='word_1_281' title='bbox 421 2445 627 2518; x_wconf 78' lang='grc' dir='ltr'>χθησαν</span> <span class='ocrx_word' id='word_1_282' title='bbox 658 2450 888 2522; x_wconf 70' lang='grc' dir='ltr'>αύτῷωί</span> <span class='ocrx_word' id='word_1_283' title='bbox 915 2453 1164 2526; x_wconf 83' lang='grc' dir='ltr'>οὐρανοί·</span> <span class='ocrx_word' id='word_1_284' title='bbox 1210 2474 1229 2506; x_wconf 78' lang='grc' dir='ltr'><strong>ι</strong></span> <span class='ocrx_word' id='word_1_285' title='bbox 1261 2455 1426 2526; x_wconf 83' lang='grc' dir='ltr'>τριῶν</span> <span class='ocrx_word' id='word_1_286' title='bbox 1467 2455 2007 2528; x_wconf 80' lang='grc' dir='ltr'>παραδόξωνχάριν.</span> 
     </span>
    </p>
   </div>
   <div class='ocr_carea' id='block_1_40' title="bbox 279 2535 2003 2628">
    <p class='ocr_par' dir='ltr' id='par_1_40' title="bbox 279 2535 2003 2628">
     <span class='ocr_line' id='line_1_40' title="bbox 279 2535 2003 2628; baseline 0.004 -35"><span class='ocrx_word' id='word_1_287' title='bbox 279 2589 284 2593; x_wconf 85' lang='grc'><strong>.</strong></span> <span class='ocrx_word' id='word_1_288' title='bbox 322 2615 324 2618; x_wconf 12' lang='grc' dir='ltr'>ν</span> <span class='ocrx_word' id='word_1_289' title='bbox 421 2539 528 2591; x_wconf 85' lang='grc' dir='ltr'>Τοῦ</span> <span class='ocrx_word' id='word_1_290' title='bbox 560 2535 676 2612; x_wconf 77' lang='grc' dir='ltr'>γὰρ’</span> <span class='ocrx_word' id='word_1_291' title='bbox 699 2543 932 2614; x_wconf 81' lang='grc' dir='ltr'>νυμφίου</span> <span class='ocrx_word' id='word_1_292' title='bbox 961 2545 1642 2628; x_wconf 32' lang='grc' dir='ltr'>Χριστοῦρβαπτιζομὲνου,</span> <span class='ocrx_word' id='word_1_293' title='bbox 1671 2547 1776 2602; x_wconf 77' lang='grc' dir='ltr'>ἔδει</span> <span class='ocrx_word' id='word_1_294' title='bbox 1801 2549 1890 2601; x_wconf 86' lang='grc' dir='ltr'><strong>τὸν</strong></span> <span class='ocrx_word' id='word_1_295' title='bbox 1915 2549 2003 2601; x_wconf 78' lang='grc' dir='ltr'>οὐ·</span> 
     </span>
    </p>
   </div>
   <div class='ocr_carea' id='block_1_41' title="bbox 422 2628 1996 2711">
    <p class='ocr_par' dir='ltr' id='par_1_41' title="bbox 422 2628 1996 2711">
     <span class='ocr_line' id='line_1_41' title="bbox 422 2628 1996 2711; baseline 0.006 -25"><span class='ocrx_word' id='word_1_296' title='bbox 422 2633 605 2704; x_wconf 75' lang='grc' dir='ltr'>ρὰνιον</span> <span class='ocrx_word' id='word_1_297' title='bbox 648 2634 888 2707; x_wconf 85' lang='grc' dir='ltr'>θάλαμον</span> <span class='ocrx_word' id='word_1_298' title='bbox 933 2638 1032 2702; x_wconf 75' lang='grc' dir='ltr'>τὰς</span> <span class='ocrx_word' id='word_1_299' title='bbox 1084 2628 1504 2711; x_wconf 78' lang='grc' dir='ltr'>λαμπροφόρους</span> <span class='ocrx_word' id='word_1_300' title='bbox 1553 2640 1766 2708; x_wconf 75' lang='grc' dir='ltr'>ἀνοῖξαι</span> <span class='ocrx_word' id='word_1_301' title='bbox 1804 2639 1996 2704; x_wconf 80' lang='grc' dir='ltr'>πύλας.</span> 
     </span>
    </p>
   </div>
   <div class='ocr_carea' id='block_1_42' title="bbox 338 2725 1999 2804">
    <p class='ocr_par' dir='ltr' id='par_1_42' title="bbox 338 2725 1999 2804">
     <span class='ocr_line' id='line_1_42' title="bbox 338 2725 1999 2804; baseline 0.003 -26"><span class='ocrx_word' id='word_1_302' title='bbox 338 2740 345 2748; x_wconf 94' lang='grc'><strong>·</strong></span> <span class='ocrx_word' id='word_1_303' title='bbox 431 2725 792 2792; x_wconf 75' lang='grc' dir='ltr'>Ὠσαύτωςιδέ</span> <span class='ocrx_word' id='word_1_304' title='bbox 820 2732 914 2784; x_wconf 77' lang='grc' dir='ltr'>καὶ</span> <span class='ocrx_word' id='word_1_305' title='bbox 943 2731 1034 2785; x_wconf 86' lang='grc' dir='ltr'><strong>τοῦ</strong></span> <span class='ocrx_word' id='word_1_306' title='bbox 1063 2732 1220 2802; x_wconf 78' lang='grc' dir='ltr'>ἁγίου</span> <span class='ocrx_word' id='word_1_307' title='bbox 1249 2733 1566 2803; x_wconf 82' lang='grc' dir='ltr'>Πνεύματος</span> <span class='ocrx_word' id='word_1_308' title='bbox 1595 2736 1654 2788; x_wconf 82' lang='grc' dir='ltr'><strong>ἐν</strong></span> <span class='ocrx_word' id='word_1_309' title='bbox 1678 2733 1810 2787; x_wconf 86' lang='grc' dir='ltr'>εἴδει</span> <span class='ocrx_word' id='word_1_310' title='bbox 1844 2751 1999 2804; x_wconf 86' lang='grc' dir='ltr'>περι-</span> 
     </span>
    </p>
   </div>
   <div class='ocr_carea' id='block_1_43' title="bbox 422 2817 1998 2896">
    <p class='ocr_par' dir='ltr' id='par_1_43' title="bbox 422 2817 1998 2896">
     <span class='ocr_line' id='line_1_43' title="bbox 422 2817 1998 2896; baseline 0.004 -26"><span class='ocrx_word' id='word_1_311' title='bbox 422 2819 618 2889; x_wconf 75' lang='grc' dir='ltr'>στερᾶς</span> <span class='ocrx_word' id='word_1_312' title='bbox 647 2817 942 2886; x_wconf 73' lang='grc' dir='ltr'>κατιόντος,</span> <span class='ocrx_word' id='word_1_313' title='bbox 972 2824 1065 2876; x_wconf 77' lang='grc' dir='ltr'>καὶ</span> <span class='ocrx_word' id='word_1_314' title='bbox 1090 2825 1189 2896; x_wconf 85' lang='grc' dir='ltr'>τῆς</span> <span class='ocrx_word' id='word_1_315' title='bbox 1209 2825 1473 2896; x_wconf 79' lang='grc' dir='ltr'>Πατρῴας</span> <span class='ocrx_word' id='word_1_316' title='bbox 1506 2826 1687 2896; x_wconf 83' lang='grc' dir='ltr'>φωνῆς</span> <span class='ocrx_word' id='word_1_317' title='bbox 1724 2823 1998 2895; x_wconf 84' lang='grc' dir='ltr'>πανταχοῦ</span> 
     </span>
    </p>
   </div>
   <div class='ocr_carea' id='block_1_44' title="bbox 417 2905 1998 2989">
    <p class='ocr_par' dir='ltr' id='par_1_44' title="bbox 417 2905 1998 2989">
     <span class='ocr_line' id='line_1_44' title="bbox 417 2905 1998 2989; baseline 0.006 -30"><span class='ocrx_word' id='word_1_318' title='bbox 417 2905 859 2982; x_wconf 82' lang='grc' dir='ltr'>διαδεδραμένης,</span> <span class='ocrx_word' id='word_1_319' title='bbox 895 2911 1003 2965; x_wconf 81' lang='grc' dir='ltr'>ἔδει</span> <span class='ocrx_word' id='word_1_320' title='bbox 1041 2915 1140 2977; x_wconf 84' lang='grc' dir='ltr'>τὰς</span> <span class='ocrx_word' id='word_1_321' title='bbox 1175 2933 1194 2965; x_wconf 78' lang='grc' dir='ltr'><strong>ι</strong></span> <span class='ocrx_word' id='word_1_322' title='bbox 1235 2916 1589 2986; x_wconf 85' lang='grc' dir='ltr'>ἐπουρανίους</span> <span class='ocrx_word' id='word_1_323' title='bbox 1618 2915 1791 2980; x_wconf 80' lang='grc' dir='ltr'>πύλας</span> <span class='ocrx_word' id='word_1_324' title='bbox 1823 2917 1998 2989; x_wconf 80' lang='grc' dir='ltr'>ἐπῃρ-</span> 
     </span>
    </p>
   </div>
   <div class='ocr_carea' id='block_1_45' title="bbox 352 2997 2000 3078">
    <p class='ocr_par' dir='ltr' id='par_1_45' title="bbox 352 2997 2000 3078">
     <span class='ocr_line' id='line_1_45' title="bbox 352 2997 2000 3078; baseline 0.006 -28"><span class='ocrx_word' id='word_1_325' title='bbox 352 3044 373 3067; x_wconf 73' lang='grc'><strong>,</strong></span> <span class='ocrx_word' id='word_1_326' title='bbox 423 2997 590 3068; x_wconf 84' lang='grc' dir='ltr'>μένας</span> <span class='ocrx_word' id='word_1_327' title='bbox 619 3000 904 3072; x_wconf 81' lang='grc' dir='ltr'>ὑπάρχειν.</span> <span class='ocrx_word' id='word_1_328' title='bbox 937 3005 1098 3078; x_wconf 22' lang='grc' dir='ltr'>ιΙΚαὶ</span> <span class='ocrx_word' id='word_1_329' title='bbox 1131 3004 1238 3058; x_wconf 74' lang='grc' dir='ltr'>ἰδοῦ</span> <span class='ocrx_word' id='word_1_330' title='bbox 1271 3004 1623 3077; x_wconf 74' lang='grc' dir='ltr'>ἠνεῴχθησαν</span> <span class='ocrx_word' id='word_1_331' title='bbox 1659 3005 1807 3077; x_wconf 79' lang='grc' dir='ltr'>αὐτῷ</span> <span class='ocrx_word' id='word_1_332' title='bbox 1835 3008 1883 3060; x_wconf 77' lang='lat' dir='ltr'><strong>oi</strong></span> <span class='ocrx_word' id='word_1_333' title='bbox 1909 3007 2000 3060; x_wconf 77' lang='grc' dir='ltr'><strong>οὐ·</strong></span> 
     </span>
    </p>
   </div>
   <div class='ocr_carea' id='block_1_46' title="bbox 422 3088 1998 3164">
    <p class='ocr_par' dir='ltr' id='par_1_46' title="bbox 422 3088 1998 3164">
     <span class='ocr_line' id='line_1_46' title="bbox 422 3088 1998 3164; baseline 0.007 -24"><span class='ocrx_word' id='word_1_334' title='bbox 422 3088 591 3158; x_wconf 76' lang='grc' dir='ltr'>ρανοὶ,</span> <span class='ocrx_word' id='word_1_335' title='bbox 622 3091 720 3150; x_wconf 75' lang='grc' dir='ltr'>,καὶ</span> <span class='ocrx_word' id='word_1_336' title='bbox 766 3092 916 3164; x_wconf 82' lang='grc' dir='ltr'>φωνὴ</span> <span class='ocrx_word' id='word_1_337' title='bbox 963 3093 1198 3162; x_wconf 78' lang='grc' dir='ltr'>ἐγένετο,</span> <span class='ocrx_word' id='word_1_338' title='bbox 1240 3094 1504 3164; x_wconf 79' lang='grc' dir='ltr'>λέγουσα·</span> <span class='ocrx_word' id='word_1_339' title='bbox 1537 3115 1556 3148; x_wconf 81' lang='grc' dir='ltr'><strong>ι</strong></span> <span class='ocrx_word' id='word_1_340' title='bbox 1595 3092 1762 3162; x_wconf 76' lang='grc' dir='ltr'>Οὗτός</span> <span class='ocrx_word' id='word_1_341' title='bbox 1792 3093 1998 3152; x_wconf 83' lang='grc' dir='ltr'>ἐστιν’ό</span> 
     </span>
    </p>
   </div>
   <div class='ocr_carea' id='block_1_47' title="bbox 419 3178 1585 3259">
    <p class='ocr_par' dir='ltr' id='par_1_47' title="bbox 419 3178 1585 3259">
     <span class='ocr_line' id='line_1_47' title="bbox 419 3178 1585 3259; baseline 0.008 -27"><span class='ocrx_word' id='word_1_342' title='bbox 419 3178 545 3244; x_wconf 82' lang='grc' dir='ltr'>Υἱός</span> <span class='ocrx_word' id='word_1_343' title='bbox 572 3179 672 3252; x_wconf 82' lang='grc' dir='ltr'><strong>μου</strong></span> <span class='ocrx_word' id='word_1_344' title='bbox 705 3184 734 3236; x_wconf 94' lang='lat'><strong>6</strong></span> <span class='ocrx_word' id='word_1_345' title='bbox 758 3183 1060 3256; x_wconf 82' lang='grc' dir='ltr'>ἀγαπητὸς,</span> <span class='ocrx_word' id='word_1_346' title='bbox 1091 3188 1149 3240; x_wconf 83' lang='grc' dir='ltr'><strong>ἐν</strong></span> <span class='ocrx_word' id='word_1_347' title='bbox 1177 3179 1220 3256; x_wconf 83' lang='grc' dir='ltr'>ᾧ</span> <span class='ocrx_word' id='word_1_348' title='bbox 1243 3188 1537 3259; x_wconf 79' lang='grc' dir='ltr'>ηὐδόκησα.</span> <span class='ocrx_word' id='word_1_349' title='bbox 1565 3208 1585 3241; x_wconf 85' lang='grc' dir='ltr'><strong>ι</strong></span> 
     </span>
    </p>
   </div>
   <div class='ocr_carea' id='block_1_48' title="bbox 2105 1984 3684 2056">
    <p class='ocr_par' dir='ltr' id='par_1_48' title="bbox 2105 1984 3684 2056">
     <span class='ocr_line' id='line_1_48' title="bbox 2105 1984 3684 2056; baseline -0.002 -12"><span class='ocrx_word' id='word_1_350' title='bbox 2105 1988 2252 2044; x_wconf 90' lang='lat' dir='ltr'><strong>enim</strong></span> <span class='ocrx_word' id='word_1_351' title='bbox 2291 2005 2310 2039; x_wconf 78' lang='grc' dir='ltr'><strong>ι</strong></span> <span class='ocrx_word' id='word_1_352' title='bbox 2345 1986 2518 2056; x_wconf 89' lang='lat' dir='ltr'><strong>aperti</strong></span> <span class='ocrx_word' id='word_1_353' title='bbox 2558 1987 2660 2056; x_wconf 91' lang='lat' dir='ltr'><strong>ipsi</strong></span> <span class='ocrx_word' id='word_1_354' title='bbox 2709 1995 2837 2042; x_wconf 88' lang='lat' dir='ltr'><strong>sunt</strong></span> <span class='ocrx_word' id='word_1_355' title='bbox 2877 1986 3024 2041; x_wconf 68' lang='lat' dir='ltr'><strong>caeli.</strong></span> <span class='ocrx_word' id='word_1_356' title='bbox 3058 2004 3078 2039; x_wconf 76' lang='grc' dir='ltr'><strong>ι</strong></span> <span class='ocrx_word' id='word_1_357' title='bbox 3117 1984 3513 2040; x_wconf 77' lang='lat' dir='ltr'><strong>Reconciliatio</strong></span> <span class='ocrx_word' id='word_1_358' title='bbox 3539 1985 3684 2041; x_wconf 79' lang='lat' dir='ltr'><strong>facta</strong></span> 
     </span>
    </p>
   </div>
   <div class='ocr_carea' id='block_1_49' title="bbox 2104 2077 3684 2150">
    <p class='ocr_par' dir='ltr' id='par_1_49' title="bbox 2104 2077 3684 2150">
     <span class='ocr_line' id='line_1_49' title="bbox 2104 2077 3684 2150; baseline -0.001 -14"><span class='ocrx_word' id='word_1_359' title='bbox 2104 2091 2189 2136; x_wconf 87' lang='lat' dir='ltr'><strong>est</strong></span> <span class='ocrx_word' id='word_1_360' title='bbox 2219 2078 2519 2150; x_wconf 68' lang='lat' dir='ltr'><strong>visibilium</strong></span> <span class='ocrx_word' id='word_1_361' title='bbox 2565 2094 2687 2132; x_wconf 91' lang='lat' dir='ltr'><strong>cum</strong></span> <span class='ocrx_word' id='word_1_362' title='bbox 2735 2078 3137 2144; x_wconf 89' lang='lat' dir='ltr'><strong>invisibilibus;</strong></span> <span class='ocrx_word' id='word_1_363' title='bbox 3177 2077 3430 2134; x_wconf 70' lang='lat' dir='ltr'><strong>coalestes</strong></span> <span class='ocrx_word' id='word_1_364' title='bbox 3462 2077 3684 2134; x_wconf 84' lang='lat' dir='ltr'><strong>ordines</strong></span> 
     </span>
    </p>
   </div>
   <div class='ocr_carea' id='block_1_50' title="bbox 2105 2168 3678 2242">
    <p class='ocr_par' dir='ltr' id='par_1_50' title="bbox 2105 2168 3678 2242">
     <span class='ocr_line' id='line_1_50' title="bbox 2105 2168 3678 2242; baseline 0.002 -19"><span class='ocrx_word' id='word_1_365' title='bbox 2105 2170 2305 2242; x_wconf 82' lang='lat' dir='ltr'><strong>gaudio</strong></span> <span class='ocrx_word' id='word_1_366' title='bbox 2350 2179 2479 2224; x_wconf 92' lang='lat' dir='ltr'><strong>sunt</strong></span> <span class='ocrx_word' id='word_1_367' title='bbox 2510 2168 2752 2238; x_wconf 91' lang='lat' dir='ltr'><strong>impleti;</strong></span> <span class='ocrx_word' id='word_1_368' title='bbox 2779 2178 2986 2224; x_wconf 77' lang='lat' dir='ltr'><strong>sanata:</strong></span> <span class='ocrx_word' id='word_1_369' title='bbox 3021 2169 3074 2223; x_wconf 91' lang='lat' dir='ltr'><strong>in</strong></span> <span class='ocrx_word' id='word_1_370' title='bbox 3106 2169 3268 2224; x_wconf 87' lang='lat' dir='ltr'><strong>terris</strong></span> <span class='ocrx_word' id='word_1_371' title='bbox 3297 2170 3678 2242; x_wconf 66' lang='lat' dir='ltr'><strong>aegritudines;</strong></span> 
     </span>
    </p>
   </div>
   <div class='ocr_carea' id='block_1_51' title="bbox 2103 2261 3684 2334">
    <p class='ocr_par' dir='ltr' id='par_1_51' title="bbox 2103 2261 3684 2334">
     <span class='ocr_line' id='line_1_51' title="bbox 2103 2261 3684 2334; baseline 0 -16"><span class='ocrx_word' id='word_1_372' title='bbox 2103 2277 2192 2318; x_wconf 91' lang='lat' dir='ltr'><strong>res</strong></span> <span class='ocrx_word' id='word_1_373' title='bbox 2237 2261 2571 2317; x_wconf 75' lang='lat' dir='ltr'><strong>abscondita:</strong></span> <span class='ocrx_word' id='word_1_374' title='bbox 2617 2277 2740 2332; x_wconf 78' lang='lat' dir='ltr'><strong>quae</strong></span> <span class='ocrx_word' id='word_1_375' title='bbox 2789 2271 2968 2326; x_wconf 88' lang='lat' dir='ltr'><strong>erant,</strong></span> <span class='ocrx_word' id='word_1_376' title='bbox 3021 2261 3303 2330; x_wconf 79' lang='lat' dir='ltr'><strong>patefacta:</strong></span> <span class='ocrx_word' id='word_1_377' title='bbox 3349 2272 3516 2330; x_wconf 91' lang='lat' dir='ltr'><strong>sunt;</strong></span> <span class='ocrx_word' id='word_1_378' title='bbox 3562 2281 3684 2334; x_wconf 73' lang='lat' dir='ltr'><strong>qua:</strong></span> 
     </span>
    </p>
   </div>
   <div class='ocr_carea' id='block_1_52' title="bbox 2105 2350 3685 2416">
    <p class='ocr_par' dir='ltr' id='par_1_52' title="bbox 2105 2350 3685 2416">
     <span class='ocr_line' id='line_1_52' title="bbox 2105 2350 3685 2416; baseline 0 -8"><span class='ocrx_word' id='word_1_379' title='bbox 2105 2353 2344 2408; x_wconf 90' lang='lat' dir='ltr'><strong>hostium</strong></span> <span class='ocrx_word' id='word_1_380' title='bbox 2378 2360 2535 2405; x_wconf 86' lang='lat' dir='ltr'><strong>erant</strong></span> <span class='ocrx_word' id='word_1_381' title='bbox 2566 2351 2621 2405; x_wconf 89' lang='lat' dir='ltr'><strong>in</strong></span> <span class='ocrx_word' id='word_1_382' title='bbox 2652 2366 2904 2416; x_wconf 89' lang='lat' dir='ltr'><strong>numero,</strong></span> <span class='ocrx_word' id='word_1_383' title='bbox 2941 2351 3152 2406; x_wconf 90' lang='lat' dir='ltr'><strong>reddita</strong></span> <span class='ocrx_word' id='word_1_384' title='bbox 3179 2350 3328 2407; x_wconf 82' lang='lat' dir='ltr'><strong>fuere</strong></span> <span class='ocrx_word' id='word_1_385' title='bbox 3352 2353 3548 2407; x_wconf 85' lang='lat' dir='ltr'><strong>amica.</strong></span> <span class='ocrx_word' id='word_1_386' title='bbox 3579 2355 3685 2408; x_wconf 82' lang='lat' dir='ltr'><strong>Au-</strong></span> 
     </span>
    </p>
   </div>
   <div class='ocr_carea' id='block_1_53' title="bbox 2101 2442 3685 2514">
    <p class='ocr_par' dir='ltr' id='par_1_53' title="bbox 2101 2442 3685 2514">
     <span class='ocr_line' id='line_1_53' title="bbox 2101 2442 3685 2514; baseline -0.001 -14"><span class='ocrx_word' id='word_1_387' title='bbox 2101 2443 2230 2500; x_wconf 91' lang='lat' dir='ltr'><strong>disti</strong></span> <span class='ocrx_word' id='word_1_388' title='bbox 2259 2442 2405 2497; x_wconf 84' lang='lat' dir='ltr'><strong>enim</strong></span> <span class='ocrx_word' id='word_1_389' title='bbox 2442 2444 2830 2514; x_wconf 82' lang='lat' dir='ltr'><strong>evangelistam</strong></span> <span class='ocrx_word' id='word_1_390' title='bbox 2864 2443 3135 2500; x_wconf 88' lang='lat' dir='ltr'><strong>dicentem</strong></span> <span class='ocrx_word' id='word_1_391' title='bbox 3165 2463 3178 2499; x_wconf 93' lang='lat'><strong>:</strong></span> <span class='ocrx_word' id='word_1_392' title='bbox 3217 2463 3235 2496; x_wconf 79' lang='grc' dir='ltr'><strong>ι</strong></span> <span class='ocrx_word' id='word_1_393' title='bbox 3269 2443 3533 2501; x_wconf 77' lang='lat' dir='ltr'><strong>Patefacti</strong></span> <span class='ocrx_word' id='word_1_394' title='bbox 3554 2454 3685 2500; x_wconf 89' lang='lat' dir='ltr'><strong>sunt</strong></span> 
     </span>
    </p>
   </div>
   <div class='ocr_carea' id='block_1_54' title="bbox 2103 2535 3680 2607">
    <p class='ocr_par' dir='ltr' id='par_1_54' title="bbox 2103 2535 3680 2607">
     <span class='ocr_line' id='line_1_54' title="bbox 2103 2535 3680 2607; baseline 0.002 -18"><span class='ocrx_word' id='word_1_395' title='bbox 2103 2535 2206 2604; x_wconf 90' lang='lat' dir='ltr'><strong>ipsi</strong></span> <span class='ocrx_word' id='word_1_396' title='bbox 2232 2535 2390 2602; x_wconf 70' lang='lat' dir='ltr'><strong>coeli;</strong></span> <span class='ocrx_word' id='word_1_397' title='bbox 2427 2553 2447 2587; x_wconf 78' lang='grc' dir='ltr'><strong>ι</strong></span> <span class='ocrx_word' id='word_1_398' title='bbox 2486 2535 2556 2590; x_wconf 92' lang='lat' dir='ltr'><strong>ob</strong></span> <span class='ocrx_word' id='word_1_399' title='bbox 2588 2535 2691 2590; x_wconf 88' lang='lat' dir='ltr'><strong>tria</strong></span> <span class='ocrx_word' id='word_1_400' title='bbox 2740 2537 2854 2590; x_wconf 59' lang='lat' dir='ltr'><strong>haec</strong></span> <span class='ocrx_word' id='word_1_401' title='bbox 2892 2535 3256 2591; x_wconf 88' lang='lat' dir='ltr'><strong>admirabilia.</strong></span> <span class='ocrx_word' id='word_1_402' title='bbox 3289 2536 3502 2607; x_wconf 91' lang='lat' dir='ltr'><strong>Sponso</strong></span> <span class='ocrx_word' id='word_1_403' title='bbox 3534 2538 3680 2593; x_wconf 90' lang='lat' dir='ltr'><strong>enim</strong></span> 
     </span>
    </p>
   </div>
   <div class='ocr_carea' id='block_1_55' title="bbox 2099 2626 3679 2700">
    <p class='ocr_par' dir='ltr' id='par_1_55' title="bbox 2099 2626 3679 2700">
     <span class='ocr_line' id='line_1_55' title="bbox 2099 2626 3679 2700; baseline 0 -17"><span class='ocrx_word' id='word_1_404' title='bbox 2099 2626 2320 2683; x_wconf 88' lang='lat' dir='ltr'><strong>Christo</strong></span> <span class='ocrx_word' id='word_1_405' title='bbox 2352 2629 2628 2699; x_wconf 86' lang='lat' dir='ltr'><strong>baptizato</strong></span> <span class='ocrx_word' id='word_1_406' title='bbox 2660 2628 2946 2698; x_wconf 87' lang='lat' dir='ltr'><strong>oportebat</strong></span> <span class='ocrx_word' id='word_1_407' title='bbox 2971 2629 3210 2684; x_wconf 66' lang='lat' dir='ltr'><strong>ccelestis</strong></span> <span class='ocrx_word' id='word_1_408' title='bbox 3245 2629 3466 2684; x_wconf 89' lang='lat' dir='ltr'><strong>thalami</strong></span> <span class='ocrx_word' id='word_1_409' title='bbox 3493 2630 3679 2700; x_wconf 88' lang='lat' dir='ltr'><strong>splen-</strong></span> 
     </span>
    </p>
   </div>
   <div class='ocr_carea' id='block_1_56' title="bbox 2099 2721 3681 2793">
    <p class='ocr_par' dir='ltr' id='par_1_56' title="bbox 2099 2721 3681 2793">
     <span class='ocr_line' id='line_1_56' title="bbox 2099 2721 3681 2793; baseline 0.002 -17"><span class='ocrx_word' id='word_1_410' title='bbox 2099 2721 2256 2778; x_wconf 89' lang='lat' dir='ltr'><strong>didas</strong></span> <span class='ocrx_word' id='word_1_411' title='bbox 2283 2731 2472 2792; x_wconf 83' lang='lat' dir='ltr'><strong>portas</strong></span> <span class='ocrx_word' id='word_1_412' title='bbox 2511 2723 2733 2793; x_wconf 89' lang='lat' dir='ltr'><strong>aperiri.</strong></span> <span class='ocrx_word' id='word_1_413' title='bbox 2765 2721 3033 2778; x_wconf 88' lang='lat' dir='ltr'><strong>Similiter</strong></span> <span class='ocrx_word' id='word_1_414' title='bbox 3074 2731 3129 2778; x_wconf 90' lang='lat' dir='ltr'><strong>et</strong></span> <span class='ocrx_word' id='word_1_415' title='bbox 3161 2722 3368 2793; x_wconf 88' lang='lat' dir='ltr'><strong>Spiritu</strong></span> <span class='ocrx_word' id='word_1_416' title='bbox 3401 2736 3592 2780; x_wconf 90' lang='lat' dir='ltr'><strong>sancto</strong></span> <span class='ocrx_word' id='word_1_417' title='bbox 3625 2726 3681 2779; x_wconf 90' lang='lat' dir='ltr'><strong>in</strong></span> 
     </span>
    </p>
   </div>
   <div class='ocr_carea' id='block_1_57' title="bbox 2099 2813 3680 2885">
    <p class='ocr_par' dir='ltr' id='par_1_57' title="bbox 2099 2813 3680 2885">
     <span class='ocr_line' id='line_1_57' title="bbox 2099 2813 3680 2885; baseline 0.004 -17"><span class='ocrx_word' id='word_1_418' title='bbox 2099 2813 2365 2869; x_wconf 70' lang='lat' dir='ltr'><strong>columba:</strong></span> <span class='ocrx_word' id='word_1_419' title='bbox 2404 2815 2586 2885; x_wconf 89' lang='lat' dir='ltr'><strong>specie</strong></span> <span class='ocrx_word' id='word_1_420' title='bbox 2627 2815 3014 2882; x_wconf 84' lang='lat' dir='ltr'><strong>descendente,</strong></span> <span class='ocrx_word' id='word_1_421' title='bbox 3044 2822 3098 2870; x_wconf 92' lang='lat' dir='ltr'><strong>et</strong></span> <span class='ocrx_word' id='word_1_422' title='bbox 3125 2814 3302 2872; x_wconf 87' lang='lat' dir='ltr'><strong>Patris</strong></span> <span class='ocrx_word' id='word_1_423' title='bbox 3328 2833 3461 2873; x_wconf 90' lang='lat' dir='ltr'><strong>voce</strong></span> <span class='ocrx_word' id='word_1_424' title='bbox 3495 2819 3680 2874; x_wconf 90' lang='lat' dir='ltr'><strong>omnia</strong></span> 
     </span>
    </p>
   </div>
   <div class='ocr_carea' id='block_1_58' title="bbox 2097 2907 3683 2979">
    <p class='ocr_par' dir='ltr' id='par_1_58' title="bbox 2097 2907 3683 2979">
     <span class='ocr_line' id='line_1_58' title="bbox 2097 2907 3683 2979; baseline 0.004 -19"><span class='ocrx_word' id='word_1_425' title='bbox 2097 2914 2450 2974; x_wconf 86' lang='lat' dir='ltr'><strong>percurrente</strong></span> <span class='ocrx_word' id='word_1_426' title='bbox 2506 2907 2648 2971; x_wconf 91' lang='lat' dir='ltr'><strong>loca,</strong></span> <span class='ocrx_word' id='word_1_427' title='bbox 2703 2907 2990 2978; x_wconf 88' lang='lat' dir='ltr'><strong>oportebat</strong></span> <span class='ocrx_word' id='word_1_428' title='bbox 3039 2925 3059 2960; x_wconf 82' lang='grc' dir='ltr'><strong>ι</strong></span> <span class='ocrx_word' id='word_1_429' title='bbox 3119 2919 3307 2979; x_wconf 83' lang='lat' dir='ltr'><strong>portas</strong></span> <span class='ocrx_word' id='word_1_430' title='bbox 3339 2909 3512 2966; x_wconf 88' lang='lat' dir='ltr'><strong>attolli</strong></span> <span class='ocrx_word' id='word_1_431' title='bbox 3569 2925 3683 2966; x_wconf 71' lang='lat' dir='ltr'><strong>cm-</strong></span> 
     </span>
    </p>
   </div>
   <div class='ocr_carea' id='block_1_59' title="bbox 2095 2997 3682 3068">
    <p class='ocr_par' dir='ltr' id='par_1_59' title="bbox 2095 2997 3682 3068">
     <span class='ocr_line' id='line_1_59' title="bbox 2095 2997 3682 3068; baseline 0.003 -16"><span class='ocrx_word' id='word_1_432' title='bbox 2095 2997 2263 3053; x_wconf 89' lang='lat' dir='ltr'><strong>lestes</strong></span> <span class='ocrx_word' id='word_1_433' title='bbox 2293 3000 2357 3055; x_wconf 86' lang='grc'>¹⁰.</span> <span class='ocrx_word' id='word_1_434' title='bbox 2401 3017 2422 3053; x_wconf 77' lang='grc' dir='ltr'><strong>ι</strong></span> <span class='ocrx_word' id='word_1_435' title='bbox 2457 2997 2524 3054; x_wconf 85' lang='grc' dir='ltr'>Ει</span> <span class='ocrx_word' id='word_1_436' title='bbox 2551 3015 2678 3053; x_wconf 90' lang='lat' dir='ltr'><strong>ecce</strong></span> <span class='ocrx_word' id='word_1_437' title='bbox 2709 2999 2880 3068; x_wconf 84' lang='lat' dir='ltr'><strong>aperti</strong></span> <span class='ocrx_word' id='word_1_438' title='bbox 2909 3007 3037 3055; x_wconf 91' lang='lat' dir='ltr'><strong>sunt</strong></span> <span class='ocrx_word' id='word_1_439' title='bbox 3059 3001 3109 3054; x_wconf 88' lang='lat' dir='ltr'><strong>ei</strong></span> <span class='ocrx_word' id='word_1_440' title='bbox 3137 3002 3283 3064; x_wconf 68' lang='lat' dir='ltr'><strong>cmli,</strong></span> <span class='ocrx_word' id='word_1_441' title='bbox 3317 3011 3372 3056; x_wconf 93' lang='lat' dir='ltr'><strong>et</strong></span> <span class='ocrx_word' id='word_1_442' title='bbox 3403 3017 3509 3056; x_wconf 80' lang='lat' dir='ltr'><strong>vox</strong></span> <span class='ocrx_word' id='word_1_443' title='bbox 3538 3000 3682 3056; x_wconf 81' lang='lat' dir='ltr'><strong>facta</strong></span> 
     </span>
    </p>
   </div>
   <div class='ocr_carea' id='block_1_60' title="bbox 2096 3089 3680 3166">
    <p class='ocr_par' dir='ltr' id='par_1_60' title="bbox 2096 3089 3680 3166">
     <span class='ocr_line' id='line_1_60' title="bbox 2096 3089 3680 3166; baseline 0.003 -21"><span class='ocrx_word' id='word_1_444' title='bbox 2096 3099 2181 3145; x_wconf 88' lang='lat' dir='ltr'><strong>est</strong></span> <span class='ocrx_word' id='word_1_445' title='bbox 2209 3091 2436 3145; x_wconf 91' lang='lat' dir='ltr'><strong>dicens:</strong></span> <span class='ocrx_word' id='word_1_446' title='bbox 2475 3108 2494 3142; x_wconf 73' lang='grc' dir='ltr'><strong>ι</strong></span> <span class='ocrx_word' id='word_1_447' title='bbox 2530 3089 2631 3147; x_wconf 78' lang='lat' dir='ltr'><strong>llic</strong></span> <span class='ocrx_word' id='word_1_448' title='bbox 2660 3099 2744 3146; x_wconf 89' lang='lat' dir='ltr'><strong>est</strong></span> <span class='ocrx_word' id='word_1_449' title='bbox 2783 3089 2957 3146; x_wconf 85' lang='lat' dir='ltr'><strong>Filius</strong></span> <span class='ocrx_word' id='word_1_450' title='bbox 2991 3106 3148 3149; x_wconf 90' lang='lat' dir='ltr'><strong>meus</strong></span> <span class='ocrx_word' id='word_1_451' title='bbox 3191 3091 3445 3160; x_wconf 87' lang='lat' dir='ltr'><strong>dilectus,</strong></span> <span class='ocrx_word' id='word_1_452' title='bbox 3485 3094 3541 3148; x_wconf 91' lang='lat' dir='ltr'><strong>in</strong></span> <span class='ocrx_word' id='word_1_453' title='bbox 3569 3109 3680 3166; x_wconf 90' lang='lat' dir='ltr'><strong>quo</strong></span> 
     </span>
    </p>
   </div>
   <div class='ocr_carea' id='block_1_61' title="bbox 2099 3181 3609 3251">
    <p class='ocr_par' dir='ltr' id='par_1_61' title="bbox 2099 3181 3609 3251">
     <span class='ocr_line' id='line_1_61' title="bbox 2099 3181 3609 3251; baseline -0.009 -14"><span class='ocrx_word' id='word_1_454' title='bbox 2099 3181 2428 3251; x_wconf 90' lang='lat' dir='ltr'><strong>complacui.</strong></span> <span class='ocrx_word' id='word_1_455' title='bbox 2459 3200 2478 3234; x_wconf 83' lang='grc' dir='ltr'><strong>ι</strong></span> <span class='ocrx_word' id='word_1_456' title='bbox 3604 3195 3609 3200; x_wconf 55' lang='grc'><strong>’</strong></span> 
     </span>
    </p>
   </div>
   <div class='ocr_carea' id='block_1_62' title="bbox 438 3243 2010 3352">
    <p class='ocr_par' dir='ltr' id='par_1_62' title="bbox 438 3243 1994 3352">
     <span class='ocr_line' id='line_1_62' title="bbox 438 3243 1994 3352; baseline 0.008 -28"><span class='ocrx_word' id='word_1_457' title='bbox 438 3278 444 3285; x_wconf 88' lang='grc'><em>’</em></span> <span class='ocrx_word' id='word_1_458' title='bbox 500 3273 806 3346; x_wconf 81' lang='grc' dir='ltr'>Ἀγαπητὸς</span> <span class='ocrx_word' id='word_1_459' title='bbox 854 3243 1075 3349; x_wconf 64' lang='grc' dir='ltr'>άγόιπην</span> <span class='ocrx_word' id='word_1_460' title='bbox 1118 3243 1301 3352; x_wconf 67' lang='grc' dir='ltr'>γεννρί,</span> <span class='ocrx_word' id='word_1_461' title='bbox 1349 3243 1445 3334; x_wconf 60' lang='grc' dir='ltr'><strong>καί</strong></span> <span class='ocrx_word' id='word_1_462' title='bbox 1491 3281 1605 3350; x_wconf 80' lang='grc' dir='ltr'><strong>φῶς</strong></span> <span class='ocrx_word' id='word_1_463' title='bbox 1653 3281 1832 3346; x_wconf 82' lang='grc' dir='ltr'>ἅῦλον,</span> <span class='ocrx_word' id='word_1_464' title='bbox 1880 3282 1994 3352; x_wconf 85' lang='grc' dir='ltr'><strong>φῶς</strong></span> 
     </span>
    </p>
   </div>
   <div class='ocr_carea' id='block_1_63' title="bbox 2096 3243 3680 3352">
    <p class='ocr_par' dir='ltr' id='par_1_63' title="bbox 2171 3273 3680 3345">
     <span class='ocr_line' id='line_1_63' title="bbox 2171 3273 3680 3345; baseline 0.001 -17"><span class='ocrx_word' id='word_1_465' title='bbox 2171 3273 2281 3328; x_wconf 80' lang='lat' dir='ltr'><strong>VII.</strong></span> <span class='ocrx_word' id='word_1_466' title='bbox 2323 3275 2552 3329; x_wconf 90' lang='lat' dir='ltr'><strong>Amatus</strong></span> <span class='ocrx_word' id='word_1_467' title='bbox 2585 3289 2829 3329; x_wconf 89' lang='lat' dir='ltr'><strong>amorem</strong></span> <span class='ocrx_word' id='word_1_468' title='bbox 2864 3283 3106 3345; x_wconf 79' lang='lat' dir='ltr'><strong>generat,</strong></span> <span class='ocrx_word' id='word_1_469' title='bbox 3134 3285 3188 3330; x_wconf 91' lang='lat' dir='ltr'><strong>et</strong></span> <span class='ocrx_word' id='word_1_470' title='bbox 3216 3275 3310 3330; x_wconf 82' lang='lat' dir='ltr'><strong>lux</strong></span> <span class='ocrx_word' id='word_1_471' title='bbox 3341 3275 3680 3332; x_wconf 87' lang='lat' dir='ltr'><strong>immateria-</strong></span> 
     </span>
    </p>
   </div>
   <div class='ocr_carea' id='block_1_64' title="bbox 413 3360 1988 3447">
    <p class='ocr_par' dir='ltr' id='par_1_64' title="bbox 413 3360 1988 3447">
     <span class='ocr_line' id='line_1_64' title="bbox 413 3360 1988 3447; baseline 0.01 -33"><span class='ocrx_word' id='word_1_472' title='bbox 413 3360 706 3431; x_wconf 79' lang='grc' dir='ltr'>ἀπρόσιτον</span> <span class='ocrx_word' id='word_1_473' title='bbox 723 3363 853 3437; x_wconf 81' lang='grc'>(78).</span> <span class='ocrx_word' id='word_1_474' title='bbox 885 3384 904 3418; x_wconf 74' lang='grc' dir='ltr'><strong>ι</strong></span> <span class='ocrx_word' id='word_1_475' title='bbox 927 3361 1094 3434; x_wconf 73' lang='grc' dir='ltr'>Οὗτός</span> <span class='ocrx_word' id='word_1_476' title='bbox 1120 3372 1266 3424; x_wconf 81' lang='grc' dir='ltr'>ἐστιν</span> <span class='ocrx_word' id='word_1_477' title='bbox 1292 3373 1320 3425; x_wconf 91' lang='lat'><strong>6</strong></span> <span class='ocrx_word' id='word_1_478' title='bbox 1343 3371 1468 3435; x_wconf 89' lang='grc' dir='ltr'>Υἱός</span> <span class='ocrx_word' id='word_1_479' title='bbox 1496 3390 1596 3444; x_wconf 81' lang='grc' dir='ltr'><strong>μου</strong></span> <span class='ocrx_word' id='word_1_480' title='bbox 1614 3376 1641 3427; x_wconf 92' lang='lat'><strong>6</strong></span> <span class='ocrx_word' id='word_1_481' title='bbox 1658 3375 1988 3447; x_wconf 80' lang='grc' dir='ltr'>ἁγαπητὸς,ι</span> 
     </span>
    </p>
   </div>
   <div class='ocr_carea' id='block_1_65' title="bbox 413 3453 1996 3540">
    <p class='ocr_par' dir='ltr' id='par_1_65' title="bbox 413 3453 1996 3540">
     <span class='ocr_line' id='line_1_65' title="bbox 413 3453 1996 3540; baseline 0.011 -35"><span class='ocrx_word' id='word_1_482' title='bbox 413 3453 441 3505; x_wconf 92' lang='lat'><strong>6</strong></span> <span class='ocrx_word' id='word_1_483' title='bbox 473 3453 622 3510; x_wconf 75' lang='grc' dir='ltr'>κάτω</span> <span class='ocrx_word' id='word_1_484' title='bbox 651 3457 934 3528; x_wconf 69' lang='grc' dir='ltr'>ἐπιφανεὶς</span> <span class='ocrx_word' id='word_1_485' title='bbox 968 3461 1061 3514; x_wconf 75' lang='grc' dir='ltr'><strong>καὶ</strong></span> <span class='ocrx_word' id='word_1_486' title='bbox 1097 3462 1202 3516; x_wconf 84' lang='grc' dir='ltr'><strong>τῶν</strong></span> <span class='ocrx_word' id='word_1_487' title='bbox 1230 3465 1506 3535; x_wconf 77' lang='grc' dir='ltr'>Πατρῴων</span> <span class='ocrx_word' id='word_1_488' title='bbox 1543 3465 1762 3521; x_wconf 82' lang='grc' dir='ltr'>κόλπων</span> <span class='ocrx_word' id='word_1_489' title='bbox 1794 3467 1868 3540; x_wconf 81' lang='grc' dir='ltr'>μὴ</span> <span class='ocrx_word' id='word_1_490' title='bbox 1892 3487 1996 3540; x_wconf 87' lang='grc' dir='ltr'>χω-</span> 
     </span>
    </p>
   </div>
   <div class='ocr_carea' id='block_1_66' title="bbox 417 3546 1992 3632">
    <p class='ocr_par' dir='ltr' id='par_1_66' title="bbox 417 3546 1992 3632">
     <span class='ocr_line' id='line_1_66' title="bbox 417 3546 1992 3632; baseline 0.01 -34"><span class='ocrx_word' id='word_1_491' title='bbox 417 3546 640 3618; x_wconf 81' lang='grc' dir='ltr'>ρισθεὶς,</span> <span class='ocrx_word' id='word_1_492' title='bbox 683 3551 945 3624; x_wconf 79' lang='grc' dir='ltr'>ἐπεφάνη,</span> <span class='ocrx_word' id='word_1_493' title='bbox 977 3553 1075 3607; x_wconf 77' lang='grc' dir='ltr'><strong>οὐκ</strong></span> <span class='ocrx_word' id='word_1_494' title='bbox 1119 3557 1318 3627; x_wconf 86' lang='grc' dir='ltr'>ἐφάνη·</span> <span class='ocrx_word' id='word_1_495' title='bbox 1351 3555 1478 3610; x_wconf 83' lang='grc' dir='ltr'>ἄλλο</span> <span class='ocrx_word' id='word_1_496' title='bbox 1515 3557 1624 3630; x_wconf 79' lang='grc' dir='ltr'>γὰρ</span> <span class='ocrx_word' id='word_1_497' title='bbox 1655 3558 1716 3611; x_wconf 86' lang='grc' dir='ltr'><strong>τὸ</strong></span> <span class='ocrx_word' id='word_1_498' title='bbox 1742 3560 1992 3632; x_wconf 81' lang='grc' dir='ltr'>φανῆναι,</span> 
     </span>
    </p>
   </div>
   <div class='ocr_carea' id='block_1_67' title="bbox 413 3638 1992 3722">
    <p class='ocr_par' dir='ltr' id='par_1_67' title="bbox 413 3638 1992 3722">
     <span class='ocr_line' id='line_1_67' title="bbox 413 3638 1992 3722; baseline 0.009 -32"><span class='ocrx_word' id='word_1_499' title='bbox 413 3638 601 3712; x_wconf 79' lang='grc' dir='ltr'>ἐπειδὴ</span> <span class='ocrx_word' id='word_1_500' title='bbox 647 3642 783 3714; x_wconf 82' lang='grc' dir='ltr'>πρὸς</span> <span class='ocrx_word' id='word_1_501' title='bbox 827 3643 888 3696; x_wconf 81' lang='grc' dir='ltr'><strong>τὸ</strong></span> <span class='ocrx_word' id='word_1_502' title='bbox 917 3645 1236 3717; x_wconf 86' lang='grc' dir='ltr'>φαινόμενον</span> <span class='ocrx_word' id='word_1_503' title='bbox 1261 3649 1288 3701; x_wconf 91' lang='lat'><strong>6</strong></span> <span class='ocrx_word' id='word_1_504' title='bbox 1321 3647 1594 3719; x_wconf 78' lang='grc' dir='ltr'>βαπτίζων</span> <span class='ocrx_word' id='word_1_505' title='bbox 1616 3649 1712 3703; x_wconf 88' lang='grc' dir='ltr'><strong>τοῦ</strong></span> <span class='ocrx_word' id='word_1_506' title='bbox 1737 3651 1992 3722; x_wconf 75' lang='grc' dir='ltr'>βαπτιζο-</span> 
     </span>
    </p>
   </div>
   <div class='ocr_carea' id='block_1_68' title="bbox 416 3731 1994 3815">
    <p class='ocr_par' dir='ltr' id='par_1_68' title="bbox 416 3731 1994 3815">
     <span class='ocr_line' id='line_1_68' title="bbox 416 3731 1994 3815; baseline 0.01 -32"><span class='ocrx_word' id='word_1_507' title='bbox 416 3731 578 3800; x_wconf 89' lang='grc' dir='ltr'>μένου</span> <span class='ocrx_word' id='word_1_508' title='bbox 607 3736 850 3807; x_wconf 71' lang='grc' dir='ltr'>προέχει.</span> <span class='ocrx_word' id='word_1_509' title='bbox 876 3737 1076 3793; x_wconf 84' lang='grc' dir='ltr'>Τούτου</span> <span class='ocrx_word' id='word_1_510' title='bbox 1099 3740 1283 3794; x_wconf 76' lang='grc' dir='ltr'>ἕνεκεν</span> <span class='ocrx_word' id='word_1_511' title='bbox 1306 3744 1334 3795; x_wconf 96' lang='lat'><strong>6</strong></span> <span class='ocrx_word' id='word_1_512' title='bbox 1374 3741 1565 3814; x_wconf 78' lang='grc' dir='ltr'>Πατὴρ</span> <span class='ocrx_word' id='word_1_513' title='bbox 1603 3743 1894 3815; x_wconf 82' lang='grc' dir='ltr'>οὐρανόθεν</span> <span class='ocrx_word' id='word_1_514' title='bbox 1933 3744 1994 3798; x_wconf 87' lang='grc' dir='ltr'>τὸ</span> 
     </span>
    </p>
   </div>
   <div class='ocr_carea' id='block_1_69' title="bbox 414 3822 1990 3908">
    <p class='ocr_par' dir='ltr' id='par_1_69' title="bbox 414 3822 1990 3908">
     <span class='ocr_line' id='line_1_69' title="bbox 414 3822 1990 3908; baseline 0.01 -34"><span class='ocrx_word' id='word_1_515' title='bbox 414 3822 567 3891; x_wconf 78' lang='grc' dir='ltr'>ἅγιον</span> <span class='ocrx_word' id='word_1_516' title='bbox 623 3826 847 3898; x_wconf 88' lang='grc' dir='ltr'>Πνεῦμα</span> <span class='ocrx_word' id='word_1_517' title='bbox 900 3830 992 3883; x_wconf 75' lang='grc' dir='ltr'><strong>ἐπὶ</strong></span> <span class='ocrx_word' id='word_1_518' title='bbox 1032 3832 1124 3886; x_wconf 76' lang='grc' dir='ltr'><strong>τὸν</strong></span> <span class='ocrx_word' id='word_1_519' title='bbox 1172 3831 1564 3904; x_wconf 79' lang='grc' dir='ltr'>βαπτιζόμενον</span> <span class='ocrx_word' id='word_1_520' title='bbox 1618 3835 1990 3908; x_wconf 84' lang='grc' dir='ltr'>κατέπεμπεν.</span> 
     </span>
    </p>
   </div>
   <div class='ocr_carea' id='block_1_70' title="bbox 415 3913 1993 4002">
    <p class='ocr_par' dir='ltr' id='par_1_70' title="bbox 415 3913 1993 4002">
     <span class='ocr_line' id='line_1_70' title="bbox 415 3913 1993 4002; baseline 0.011 -36"><span class='ocrx_word' id='word_1_521' title='bbox 415 3913 628 3988; x_wconf 82' lang='grc' dir='ltr'>Ὥσπερ</span> <span class='ocrx_word' id='word_1_522' title='bbox 657 3920 767 3990; x_wconf 78' lang='grc' dir='ltr'>γὰρ</span> <span class='ocrx_word' id='word_1_523' title='bbox 810 3923 866 3974; x_wconf 81' lang='grc' dir='ltr'><strong>ἐν</strong></span> <span class='ocrx_word' id='word_1_524' title='bbox 912 3925 976 3994; x_wconf 82' lang='grc' dir='ltr'>τῇ</span> <span class='ocrx_word' id='word_1_525' title='bbox 1009 3925 1225 3997; x_wconf 80' lang='grc' dir='ltr'>κιϐωτῷ</span> <span class='ocrx_word' id='word_1_526' title='bbox 1249 3925 1343 3979; x_wconf 87' lang='grc' dir='ltr'><strong>τοῦ</strong></span> <span class='ocrx_word' id='word_1_527' title='bbox 1382 3927 1504 3980; x_wconf 81' lang='grc' dir='ltr'>Νῶε</span> <span class='ocrx_word' id='word_1_528' title='bbox 1533 3928 1621 3982; x_wconf 83' lang='grc' dir='ltr'><strong>διὰ</strong></span> <span class='ocrx_word' id='word_1_529' title='bbox 1664 3933 1993 4002; x_wconf 77' lang='grc' dir='ltr'>περιστερᾶς</span> 
     </span>
    </p>
   </div>
   <div class='ocr_carea' id='block_1_71' title="bbox 415 4010 1995 4084">
    <p class='ocr_par' dir='ltr' id='par_1_71' title="bbox 415 4010 1995 4084">
     <span class='ocr_line' id='line_1_71' title="bbox 415 4010 1995 4084; baseline 0.008 -22"><span class='ocrx_word' id='word_1_530' title='bbox 415 4010 732 4081; x_wconf 88' lang='grc' dir='ltr'>μηνύεταιὴ</span> <span class='ocrx_word' id='word_1_531' title='bbox 762 4011 1139 4084; x_wconf 84' lang='grc' dir='ltr'>φιλανθρωπία</span> <span class='ocrx_word' id='word_1_532' title='bbox 1167 4015 1260 4068; x_wconf 85' lang='grc' dir='ltr'><strong>τοῦ</strong></span> <span class='ocrx_word' id='word_1_533' title='bbox 1292 4015 1447 4081; x_wconf 83' lang='grc' dir='ltr'>Θεοῦ,</span> <span class='ocrx_word' id='word_1_534' title='bbox 1478 4017 1650 4084; x_wconf 90' lang='grc' dir='ltr'>οῦτως</span> <span class='ocrx_word' id='word_1_535' title='bbox 1680 4021 1773 4073; x_wconf 80' lang='grc' dir='ltr'><strong>καὶ</strong></span> <span class='ocrx_word' id='word_1_536' title='bbox 1801 4020 1896 4074; x_wconf 92' lang='grc' dir='ltr'><strong>νῦν</strong></span> <span class='ocrx_word' id='word_1_537' title='bbox 1926 4020 1995 4074; x_wconf 83' lang='grc' dir='ltr'><strong>τὸ</strong></span> 
     </span>
    </p>
   </div>
   <div class='ocr_carea' id='block_1_72' title="bbox 410 4101 1995 4183">
    <p class='ocr_par' dir='ltr' id='par_1_72' title="bbox 410 4101 1995 4183">
     <span class='ocr_line' id='line_1_72' title="bbox 410 4101 1995 4183; baseline 0.007 -30"><span class='ocrx_word' id='word_1_538' title='bbox 410 4101 470 4153; x_wconf 78' lang='grc' dir='ltr'>ὲν</span> <span class='ocrx_word' id='word_1_539' title='bbox 505 4101 635 4155; x_wconf 79' lang='grc' dir='ltr'>εἴδει</span> <span class='ocrx_word' id='word_1_540' title='bbox 679 4105 1008 4174; x_wconf 74' lang='grc' dir='ltr'>περιστερᾶς</span> <span class='ocrx_word' id='word_1_541' title='bbox 1060 4104 1337 4159; x_wconf 84' lang='grc' dir='ltr'>κατελθὼν</span> <span class='ocrx_word' id='word_1_542' title='bbox 1383 4106 1627 4179; x_wconf 85' lang='grc' dir='ltr'>Πνεῦμα,</span> <span class='ocrx_word' id='word_1_543' title='bbox 1669 4109 1744 4172; x_wconf 81' lang='grc' dir='ltr'>ὡς</span> <span class='ocrx_word' id='word_1_544' title='bbox 1783 4112 1995 4183; x_wconf 80' lang='grc' dir='ltr'>καρπὸν</span> 
     </span>
    </p>
   </div>
   <div class='ocr_carea' id='block_1_73' title="bbox 412 4191 1986 4274">
    <p class='ocr_par' dir='ltr' id='par_1_73' title="bbox 412 4191 1986 4274">
     <span class='ocr_line' id='line_1_73' title="bbox 412 4191 1986 4274; baseline 0.006 -28"><span class='ocrx_word' id='word_1_545' title='bbox 412 4192 600 4255; x_wconf 75' lang='grc' dir='ltr'>ἐλαίας</span> <span class='ocrx_word' id='word_1_546' title='bbox 643 4191 939 4262; x_wconf 84' lang='grc' dir='ltr'>βαστάσαν,</span> <span class='ocrx_word' id='word_1_547' title='bbox 989 4195 1080 4247; x_wconf 78' lang='grc' dir='ltr'><strong>ἐπὶ</strong></span> <span class='ocrx_word' id='word_1_548' title='bbox 1119 4195 1210 4249; x_wconf 83' lang='grc' dir='ltr'><strong>τὸν</strong></span> <span class='ocrx_word' id='word_1_549' title='bbox 1247 4199 1693 4269; x_wconf 87' lang='grc' dir='ltr'>μαρτυρούμενον</span> <span class='ocrx_word' id='word_1_550' title='bbox 1731 4202 1986 4274; x_wconf 81' lang='grc' dir='ltr'>κατέστη.</span> 
     </span>
    </p>
   </div>
   <div class='ocr_carea' id='block_1_74' title="bbox 411 4280 1994 4361">
    <p class='ocr_par' dir='ltr' id='par_1_74' title="bbox 411 4280 1994 4361">
     <span class='ocr_line' id='line_1_74' title="bbox 411 4280 1994 4361; baseline 0.008 -28"><span class='ocrx_word' id='word_1_551' title='bbox 411 4280 509 4334; x_wconf 78' lang='grc' dir='ltr'><strong>Διὰ</strong></span> <span class='ocrx_word' id='word_1_552' title='bbox 529 4283 616 4347; x_wconf 89' lang='grc' dir='ltr'><strong>τί;</strong></span> <span class='ocrx_word' id='word_1_553' title='bbox 648 4285 734 4336; x_wconf 83' lang='grc' dir='ltr'><strong>ἵνα</strong></span> <span class='ocrx_word' id='word_1_554' title='bbox 759 4281 854 4336; x_wconf 76' lang='grc' dir='ltr'>καὶ</span> <span class='ocrx_word' id='word_1_555' title='bbox 883 4283 981 4354; x_wconf 78' lang='grc' dir='ltr'><strong>τῆς</strong></span> <span class='ocrx_word' id='word_1_556' title='bbox 1008 4283 1275 4356; x_wconf 80' lang='grc' dir='ltr'>Πατρῴας</span> <span class='ocrx_word' id='word_1_557' title='bbox 1295 4287 1478 4357; x_wconf 82' lang='grc' dir='ltr'>φωνῆς</span> <span class='ocrx_word' id='word_1_558' title='bbox 1519 4287 1580 4341; x_wconf 82' lang='grc' dir='ltr'><strong>τὸ</strong></span> <span class='ocrx_word' id='word_1_559' title='bbox 1609 4289 1824 4360; x_wconf 85' lang='grc' dir='ltr'>βέϐαιον</span> <span class='ocrx_word' id='word_1_560' title='bbox 1855 4308 1994 4361; x_wconf 83' lang='grc' dir='ltr'>γνω-</span> 
     </span>
    </p>
   </div>
   <div class='ocr_carea' id='block_1_75' title="bbox 409 4374 1992 4451">
    <p class='ocr_par' dir='ltr' id='par_1_75' title="bbox 409 4374 1992 4451">
     <span class='ocr_line' id='line_1_75' title="bbox 409 4374 1992 4451; baseline 0.006 -24"><span class='ocrx_word' id='word_1_561' title='bbox 409 4374 593 4446; x_wconf 85' lang='grc' dir='ltr'>ρισθῇ,</span> <span class='ocrx_word' id='word_1_562' title='bbox 627 4375 722 4429; x_wconf 79' lang='grc' dir='ltr'><strong>καὶ</strong></span> <span class='ocrx_word' id='word_1_563' title='bbox 759 4377 792 4446; x_wconf 80' lang='grc' dir='ltr'>ἡ</span> <span class='ocrx_word' id='word_1_564' title='bbox 841 4376 1150 4448; x_wconf 82' lang='grc' dir='ltr'>προφητικὴ</span> <span class='ocrx_word' id='word_1_565' title='bbox 1199 4377 1502 4451; x_wconf 75' lang='grc' dir='ltr'>πρόρρησις</span> <span class='ocrx_word' id='word_1_566' title='bbox 1545 4381 1609 4433; x_wconf 87' lang='grc' dir='ltr'><strong>ἐκ</strong></span> <span class='ocrx_word' id='word_1_567' title='bbox 1641 4381 1851 4434; x_wconf 85' lang='grc' dir='ltr'>πολλῶν</span> <span class='ocrx_word' id='word_1_568' title='bbox 1883 4381 1992 4437; x_wconf 86' lang='grc' dir='ltr'><strong>τῶν</strong></span> 
     </span>
    </p>
   </div>
   <div class='ocr_carea' id='block_1_76' title="bbox 409 4465 1992 4542">
    <p class='ocr_par' dir='ltr' id='par_1_76' title="bbox 409 4465 1992 4542">
     <span class='ocr_line' id='line_1_76' title="bbox 409 4465 1992 4542; baseline 0.004 -23"><span class='ocrx_word' id='word_1_569' title='bbox 409 4467 616 4537; x_wconf 85' lang='grc' dir='ltr'>χρόνων</span> <span class='ocrx_word' id='word_1_570' title='bbox 640 4465 904 4540; x_wconf 82' lang='grc' dir='ltr'>πιστωθῇ.</span> <span class='ocrx_word' id='word_1_571' title='bbox 932 4468 1068 4521; x_wconf 88' lang='grc' dir='ltr'>Ποία</span> <span class='ocrx_word' id='word_1_572' title='bbox 1099 4467 1237 4539; x_wconf 80' lang='grc' dir='ltr'>αῦτη</span> <span class='ocrx_word' id='word_1_573' title='bbox 1258 4485 1272 4534; x_wconf 90' lang='grc'><strong>;</strong></span> <span class='ocrx_word' id='word_1_574' title='bbox 1322 4489 1340 4522; x_wconf 71' lang='grc' dir='ltr'><strong>ι</strong></span> <span class='ocrx_word' id='word_1_575' title='bbox 1367 4471 1522 4542; x_wconf 82' lang='grc' dir='ltr'>Φωνὴ</span> <span class='ocrx_word' id='word_1_576' title='bbox 1545 4471 1750 4542; x_wconf 85' lang='grc' dir='ltr'>Κυρίου</span> <span class='ocrx_word' id='word_1_577' title='bbox 1773 4471 1992 4527; x_wconf 73' lang='grc' dir='ltr'>ἐπὶτῶν</span> 
     </span>
    </p>
   </div>
   <div class='ocr_carea' id='block_1_77' title="bbox 411 4559 1988 4639">
    <p class='ocr_par' dir='ltr' id='par_1_77' title="bbox 411 4559 1988 4639">
     <span class='ocr_line' id='line_1_77' title="bbox 411 4559 1988 4639; baseline 0.006 -27"><span class='ocrx_word' id='word_1_578' title='bbox 411 4559 636 4625; x_wconf 80' lang='grc' dir='ltr'>ὑδάτων,</span> <span class='ocrx_word' id='word_1_579' title='bbox 683 4564 712 4615; x_wconf 94' lang='lat'><strong>6</strong></span> <span class='ocrx_word' id='word_1_580' title='bbox 753 4561 884 4625; x_wconf 83' lang='grc' dir='ltr'>Θεὸς</span> <span class='ocrx_word' id='word_1_581' title='bbox 928 4563 1027 4633; x_wconf 79' lang='grc' dir='ltr'>τῆς</span> <span class='ocrx_word' id='word_1_582' title='bbox 1056 4561 1211 4634; x_wconf 81' lang='grc' dir='ltr'>δόξης</span> <span class='ocrx_word' id='word_1_583' title='bbox 1257 4562 1603 4636; x_wconf 84' lang='grc' dir='ltr'>ἐϐρόντησεν,</span> <span class='ocrx_word' id='word_1_584' title='bbox 1656 4567 1862 4639; x_wconf 88' lang='grc' dir='ltr'>Κύριος</span> <span class='ocrx_word' id='word_1_585' title='bbox 1894 4569 1988 4622; x_wconf 73' lang='grc' dir='ltr'><strong>ἐπὶ</strong></span> 
     </span>
    </p>
   </div>
   <div class='ocr_carea' id='block_1_78' title="bbox 410 4648 1984 4726">
    <p class='ocr_par' dir='ltr' id='par_1_78' title="bbox 410 4648 1984 4726">
     <span class='ocr_line' id='line_1_78' title="bbox 410 4648 1984 4726; baseline 0.005 -22"><span class='ocrx_word' id='word_1_586' title='bbox 410 4652 616 4706; x_wconf 76' lang='grc' dir='ltr'>ὑδάτων</span> <span class='ocrx_word' id='word_1_587' title='bbox 645 4652 875 4706; x_wconf 86' lang='grc' dir='ltr'>πολλῶν.</span> <span class='ocrx_word' id='word_1_588' title='bbox 916 4673 934 4704; x_wconf 82' lang='grc' dir='ltr'><strong>ι</strong></span> <span class='ocrx_word' id='word_1_589' title='bbox 974 4652 1110 4706; x_wconf 82' lang='grc' dir='ltr'>Ποία</span> <span class='ocrx_word' id='word_1_590' title='bbox 1140 4656 1328 4726; x_wconf 57' lang='lat' dir='ltr'><strong>(parvi);</strong></span> <span class='ocrx_word' id='word_1_591' title='bbox 1371 4673 1390 4707; x_wconf 76' lang='grc' dir='ltr'><strong>ι</strong></span> <span class='ocrx_word' id='word_1_592' title='bbox 1419 4648 1589 4719; x_wconf 82' lang='grc' dir='ltr'>Οῦτός</span> <span class='ocrx_word' id='word_1_593' title='bbox 1620 4659 1767 4711; x_wconf 86' lang='grc' dir='ltr'>ἐστιν</span> <span class='ocrx_word' id='word_1_594' title='bbox 1796 4661 1825 4712; x_wconf 93' lang='lat'><strong>6</strong></span> <span class='ocrx_word' id='word_1_595' title='bbox 1857 4660 1984 4723; x_wconf 86' lang='grc' dir='ltr'>Υἱός</span> 
     </span>
    </p>
   </div>
   <div class='ocr_carea' id='block_1_79' title="bbox 412 4738 1982 4817">
    <p class='ocr_par' dir='ltr' id='par_1_79' title="bbox 412 4738 1982 4817">
     <span class='ocr_line' id='line_1_79' title="bbox 412 4738 1982 4817; baseline 0.004 -22"><span class='ocrx_word' id='word_1_596' title='bbox 412 4758 512 4814; x_wconf 86' lang='grc' dir='ltr'><strong>μου</strong></span> <span class='ocrx_word' id='word_1_597' title='bbox 541 4745 570 4795; x_wconf 92' lang='lat'><strong>6</strong></span> <span class='ocrx_word' id='word_1_598' title='bbox 603 4745 900 4816; x_wconf 82' lang='grc' dir='ltr'>ἀγαπητὸς,</span> <span class='ocrx_word' id='word_1_599' title='bbox 934 4746 990 4808; x_wconf 84' lang='grc' dir='ltr'><strong>ἐν</strong></span> <span class='ocrx_word' id='word_1_600' title='bbox 1085 4745 1380 4817; x_wconf 80' lang='grc' dir='ltr'>ηὑδόκησα.</span> <span class='ocrx_word' id='word_1_601' title='bbox 1415 4745 1442 4798; x_wconf 71' lang='grc' dir='ltr'><strong>ἰ</strong></span> <span class='ocrx_word' id='word_1_602' title='bbox 1473 4739 1640 4811; x_wconf 82' lang='grc' dir='ltr'>Οῦτός</span> <span class='ocrx_word' id='word_1_603' title='bbox 1667 4749 1814 4801; x_wconf 77' lang='grc' dir='ltr'>ἐστιν</span> <span class='ocrx_word' id='word_1_604' title='bbox 1842 4751 1870 4802; x_wconf 89' lang='lat'><strong>6</strong></span> <span class='ocrx_word' id='word_1_605' title='bbox 1889 4749 1982 4802; x_wconf 92' lang='grc' dir='ltr'><strong>τοῦ</strong></span> 
     </span>
    </p>
   </div>
   <div class='ocr_carea' id='block_1_80' title="bbox 423 4834 1983 4911">
    <p class='ocr_par' dir='ltr' id='par_1_80' title="bbox 423 4834 1983 4911">
     <span class='ocr_line' id='line_1_80' title="bbox 423 4834 1983 4911; baseline 0.005 -25"><span class='ocrx_word' id='word_1_606' title='bbox 423 4834 618 4904; x_wconf 75' lang='grc' dir='ltr'>Ἰωσὴφ</span> <span class='ocrx_word' id='word_1_607' title='bbox 650 4835 1044 4907; x_wconf 77' lang='grc' dir='ltr'>ὀνομαζόμενος</span> <span class='ocrx_word' id='word_1_608' title='bbox 1071 4838 1205 4902; x_wconf 81' lang='grc' dir='ltr'>υίὸς,</span> <span class='ocrx_word' id='word_1_609' title='bbox 1233 4839 1327 4890; x_wconf 77' lang='grc' dir='ltr'>καὶ</span> <span class='ocrx_word' id='word_1_610' title='bbox 1359 4837 1490 4909; x_wconf 85' lang='grc' dir='ltr'>ἐμὸς</span> <span class='ocrx_word' id='word_1_611' title='bbox 1507 4839 1814 4911; x_wconf 86' lang='grc' dir='ltr'>Μονογενὴς</span> <span class='ocrx_word' id='word_1_612' title='bbox 1843 4841 1983 4895; x_wconf 82' lang='grc' dir='ltr'>κατὰ</span> 
     </span>
    </p>
   </div>
   <div class='ocr_carea' id='block_1_81' title="bbox 409 4921 1983 5004">
    <p class='ocr_par' dir='ltr' id='par_1_81' title="bbox 409 4921 1983 5004">
     <span class='ocr_line' id='line_1_81' title="bbox 409 4921 1983 5004; baseline 0.004 -26"><span class='ocrx_word' id='word_1_613' title='bbox 409 4927 509 4997; x_wconf 85' lang='grc' dir='ltr'>τὴν</span> <span class='ocrx_word' id='word_1_614' title='bbox 537 4924 720 4998; x_wconf 79' lang='grc' dir='ltr'>θεῖκὴν</span> <span class='ocrx_word' id='word_1_615' title='bbox 741 4928 946 4982; x_wconf 81' lang='grc' dir='ltr'>οὐσίαν.</span> <span class='ocrx_word' id='word_1_616' title='bbox 977 4947 994 4979; x_wconf 79' lang='grc' dir='ltr'><strong>ι</strong></span> <span class='ocrx_word' id='word_1_617' title='bbox 1026 4921 1192 4992; x_wconf 78' lang='grc' dir='ltr'>Οὗτός</span> <span class='ocrx_word' id='word_1_618' title='bbox 1219 4931 1368 4982; x_wconf 83' lang='grc' dir='ltr'>ἐστιν</span> <span class='ocrx_word' id='word_1_619' title='bbox 1391 4931 1420 4982; x_wconf 95' lang='lat'><strong>6</strong></span> <span class='ocrx_word' id='word_1_620' title='bbox 1443 4929 1570 4994; x_wconf 86' lang='grc' dir='ltr'>Υίός</span> <span class='ocrx_word' id='word_1_621' title='bbox 1595 4947 1697 5001; x_wconf 86' lang='grc' dir='ltr'><strong>μου</strong></span> <span class='ocrx_word' id='word_1_622' title='bbox 1718 4933 1747 4984; x_wconf 94' lang='lat'><strong>6</strong></span> <span class='ocrx_word' id='word_1_623' title='bbox 1773 4931 1983 5004; x_wconf 85' lang='grc' dir='ltr'>ἀγαπη-</span> 
     </span>
    </p>
   </div>
   <div class='ocr_carea' id='block_1_82' title="bbox 409 5018 1979 5093">
    <p class='ocr_par' dir='ltr' id='par_1_82' title="bbox 409 5018 1979 5093">
     <span class='ocr_line' id='line_1_82' title="bbox 409 5018 1979 5093; baseline 0.004 -23"><span class='ocrx_word' id='word_1_624' title='bbox 409 5018 530 5079; x_wconf 81' lang='grc' dir='ltr'>τός⁶</span> <span class='ocrx_word' id='word_1_625' title='bbox 577 5036 596 5069; x_wconf 80' lang='grc' dir='ltr'><strong>ι</strong></span> <span class='ocrx_word' id='word_1_626' title='bbox 627 5019 656 5071; x_wconf 91' lang='lat'><strong>6</strong></span> <span class='ocrx_word' id='word_1_627' title='bbox 688 5019 906 5085; x_wconf 90' lang='grc' dir='ltr'>πεινῶν,</span> <span class='ocrx_word' id='word_1_628' title='bbox 936 5019 1030 5074; x_wconf 80' lang='grc' dir='ltr'>καὶ</span> <span class='ocrx_word' id='word_1_629' title='bbox 1059 5021 1274 5092; x_wconf 84' lang='grc' dir='ltr'>τρέφων</span> <span class='ocrx_word' id='word_1_630' title='bbox 1309 5021 1596 5093; x_wconf 73' lang='grc' dir='ltr'>μυριάδαςο</span> <span class='ocrx_word' id='word_1_631' title='bbox 1634 5022 1732 5076; x_wconf 74' lang='grc' dir='ltr'><strong>καὶ</strong></span> <span class='ocrx_word' id='word_1_632' title='bbox 1751 5023 1979 5090; x_wconf 85' lang='grc' dir='ltr'>κοπιῶν,</span> 
     </span>
    </p>
   </div>
   <div class='ocr_carea' id='block_1_83' title="bbox 411 5109 1981 5186">
    <p class='ocr_par' dir='ltr' id='par_1_83' title="bbox 411 5109 1981 5186">
     <span class='ocr_line' id='line_1_83' title="bbox 411 5109 1981 5186; baseline 0.003 -22"><span class='ocrx_word' id='word_1_633' title='bbox 411 5109 504 5164; x_wconf 77' lang='grc' dir='ltr'>καὶ</span> <span class='ocrx_word' id='word_1_634' title='bbox 531 5109 822 5164; x_wconf 86' lang='grc' dir='ltr'>ἀναπαύων</span> <span class='ocrx_word' id='word_1_635' title='bbox 849 5113 974 5176; x_wconf 77' lang='grc' dir='ltr'>τοὺς</span> <span class='ocrx_word' id='word_1_636' title='bbox 1003 5113 1306 5176; x_wconf 89' lang='grc' dir='ltr'>κοπιῶντας</span> <span class='ocrx_word' id='word_1_637' title='bbox 1325 5130 1338 5143; x_wconf 87' lang='grc'><strong>·</strong></span> <span class='ocrx_word' id='word_1_638' title='bbox 1380 5115 1410 5168; x_wconf 91' lang='grc' dir='ltr'><strong>ό</strong></span> <span class='ocrx_word' id='word_1_639' title='bbox 1453 5113 1528 5186; x_wconf 84' lang='grc' dir='ltr'>μὴ</span> <span class='ocrx_word' id='word_1_640' title='bbox 1566 5113 1705 5185; x_wconf 73' lang='grc' dir='ltr'>ἔχων</span> <span class='ocrx_word' id='word_1_641' title='bbox 1738 5114 1841 5168; x_wconf 88' lang='grc' dir='ltr'><strong>ποῦ</strong></span> <span class='ocrx_word' id='word_1_642' title='bbox 1882 5114 1981 5186; x_wconf 78' lang='grc' dir='ltr'>τὴν</span> 
     </span>
    </p>
   </div>
   <div class='ocr_carea' id='block_1_84' title="bbox 411 5201 1982 5277">
    <p class='ocr_par' dir='ltr' id='par_1_84' title="bbox 411 5201 1982 5277">
     <span class='ocr_line' id='line_1_84' title="bbox 411 5201 1982 5277; baseline 0.003 -21"><span class='ocrx_word' id='word_1_643' title='bbox 411 5201 649 5274; x_wconf 78' lang='grc' dir='ltr'>κεφαλὴν</span> <span class='ocrx_word' id='word_1_644' title='bbox 677 5201 873 5269; x_wconf 87' lang='grc' dir='ltr'>κλῖναι,</span> <span class='ocrx_word' id='word_1_645' title='bbox 903 5205 997 5257; x_wconf 71' lang='grc' dir='ltr'>καὶ</span> <span class='ocrx_word' id='word_1_646' title='bbox 1032 5205 1208 5258; x_wconf 82' lang='grc' dir='ltr'>πάντα</span> <span class='ocrx_word' id='word_1_647' title='bbox 1240 5205 1299 5258; x_wconf 86' lang='grc' dir='ltr'><strong>ἐν</strong></span> <span class='ocrx_word' id='word_1_648' title='bbox 1331 5207 1398 5276; x_wconf 82' lang='grc' dir='ltr'>τῇ</span> <span class='ocrx_word' id='word_1_649' title='bbox 1425 5206 1569 5276; x_wconf 76' lang='grc' dir='ltr'>χειρὶ</span> <span class='ocrx_word' id='word_1_650' title='bbox 1603 5205 1886 5277; x_wconf 80' lang='grc' dir='ltr'>βαστάζων</span> <span class='ocrx_word' id='word_1_651' title='bbox 1905 5222 1919 5236; x_wconf 86' lang='grc'><strong>·</strong></span> <span class='ocrx_word' id='word_1_652' title='bbox 1953 5208 1982 5262; x_wconf 91' lang='lat'><strong>6</strong></span> 
     </span>
    </p>
   </div>
   <div class='ocr_carea' id='block_1_85' title="bbox 410 5295 1984 5370">
    <p class='ocr_par' dir='ltr' id='par_1_85' title="bbox 410 5295 1984 5370">
     <span class='ocr_line' id='line_1_85' title="bbox 410 5295 1984 5370; baseline 0.003 -22"><span class='ocrx_word' id='word_1_653' title='bbox 410 5296 652 5367; x_wconf 80' lang='grc' dir='ltr'>πάσχων,</span> <span class='ocrx_word' id='word_1_654' title='bbox 671 5295 844 5350; x_wconf 76' lang='grc' dir='ltr'>καὶτὰ</span> <span class='ocrx_word' id='word_1_655' title='bbox 860 5296 1005 5368; x_wconf 82' lang='grc' dir='ltr'>πάθη</span> <span class='ocrx_word' id='word_1_656' title='bbox 1027 5295 1270 5368; x_wconf 81' lang='grc' dir='ltr'>ἰώμενος·</span> <span class='ocrx_word' id='word_1_657' title='bbox 1288 5301 1316 5353; x_wconf 96' lang='lat'><strong>6</strong></span> <span class='ocrx_word' id='word_1_658' title='bbox 1334 5298 1526 5370; x_wconf 77' lang='grc' dir='ltr'>ραπιξό</span> <span class='ocrx_word' id='word_1_659' title='bbox 1533 5315 1712 5369; x_wconf 86' lang='grc' dir='ltr'>μενος,</span> <span class='ocrx_word' id='word_1_660' title='bbox 1732 5300 1824 5353; x_wconf 82' lang='grc' dir='ltr'><strong>καὶ</strong></span> <span class='ocrx_word' id='word_1_661' title='bbox 1839 5299 1984 5352; x_wconf 74' lang='grc' dir='ltr'>ἐλευο</span> 
     </span>
    </p>
   </div>
   <div class='ocr_carea' id='block_1_86' title="bbox 407 5387 1981 5463">
    <p class='ocr_par' dir='ltr' id='par_1_86' title="bbox 407 5387 1981 5463">
     <span class='ocr_line' id='line_1_86' title="bbox 407 5387 1981 5463; baseline 0.002 -20"><span class='ocrx_word' id='word_1_662' title='bbox 407 5387 590 5460; x_wconf 82' lang='grc' dir='ltr'>θερίαν</span> <span class='ocrx_word' id='word_1_663' title='bbox 613 5387 690 5459; x_wconf 83' lang='grc' dir='ltr'>τῷ</span> <span class='ocrx_word' id='word_1_664' title='bbox 710 5389 897 5460; x_wconf 79' lang='grc' dir='ltr'>κόσμῳ</span> <span class='ocrx_word' id='word_1_665' title='bbox 917 5389 1251 5460; x_wconf 88' lang='grc' dir='ltr'>δωρούμενος</span> <span class='ocrx_word' id='word_1_666' title='bbox 1277 5389 1408 5462; x_wconf 63' lang='grc' dir='ltr'><strong>(79)ς</strong></span> <span class='ocrx_word' id='word_1_667' title='bbox 1429 5393 1458 5445; x_wconf 94' lang='lat'><strong>6</strong></span> <span class='ocrx_word' id='word_1_668' title='bbox 1475 5390 1573 5462; x_wconf 80' lang='grc' dir='ltr'><strong>τὴν</strong></span> <span class='ocrx_word' id='word_1_669' title='bbox 1595 5389 1832 5463; x_wconf 80' lang='grc' dir='ltr'>πλευρὰν</span> <span class='ocrx_word' id='word_1_670' title='bbox 1855 5408 1981 5446; x_wconf 87' lang='grc' dir='ltr'>νυτ-</span> 
     </span>
    </p>
   </div>
   <div class='ocr_carea' id='block_1_87' title="bbox 479 5528 1092 5594">
    <p class='ocr_par' dir='ltr' id='par_1_87' title="bbox 479 5528 1092 5594">
     <span class='ocr_line' id='line_1_87' title="bbox 479 5528 1092 5594; baseline 0.003 -12"><span class='ocrx_word' id='word_1_671' title='bbox 479 5529 498 5560; x_wconf 87' lang='grc'><strong><em>⁹</em></strong></span> <span class='ocrx_word' id='word_1_672' title='bbox 535 5528 728 5584; x_wconf 85' lang='lat' dir='ltr'><strong>Matth.</strong></span> <span class='ocrx_word' id='word_1_673' title='bbox 755 5545 838 5594; x_wconf 87' lang='grc' dir='ltr'>ιιι,</span> <span class='ocrx_word' id='word_1_674' title='bbox 877 5529 968 5593; x_wconf 71' lang='grc'><strong>16,</strong></span> <span class='ocrx_word' id='word_1_675' title='bbox 1006 5529 1092 5584; x_wconf 80' lang='grc'><strong>17.</strong></span> 
     </span>
    </p>
   </div>
   <div class='ocr_carea' id='block_1_88' title="bbox 476 5640 1974 5714">
    <p class='ocr_par' dir='ltr' id='par_1_88' title="bbox 476 5640 1974 5714">
     <span class='ocr_line' id='line_1_88' title="bbox 476 5640 1974 5714; baseline 0.007 -22"><span class='ocrx_word' id='word_1_676' title='bbox 476 5640 588 5714; x_wconf 76' lang='grc'><strong>(78)</strong></span> <span class='ocrx_word' id='word_1_677' title='bbox 626 5640 749 5705; x_wconf 78' lang='grc' dir='ltr'>Φῶς</span> <span class='ocrx_word' id='word_1_678' title='bbox 787 5641 979 5714; x_wconf 59' lang='lat' dir='ltr'><strong>dimov</strong></span> <span class='ocrx_word' id='word_1_679' title='bbox 1004 5640 1190 5714; x_wconf 59' lang='grc' dir='ltr'>γεννᾷ</span> <span class='ocrx_word' id='word_1_680' title='bbox 1229 5643 1354 5711; x_wconf 76' lang='grc' dir='ltr'><strong>φῶς</strong></span> <span class='ocrx_word' id='word_1_681' title='bbox 1391 5645 1738 5714; x_wconf 68' lang='grc' dir='ltr'>ἁπρόσιτονᾷ</span> <span class='ocrx_word' id='word_1_682' title='bbox 1783 5645 1974 5712; x_wconf 87' lang='lat' dir='ltr'><strong>Filius,</strong></span> 
     </span>
    </p>
   </div>
   <div class='ocr_carea' id='block_1_89' title="bbox 412 5710 1978 5785">
    <p class='ocr_par' dir='ltr' id='par_1_89' title="bbox 412 5710 1978 5785">
     <span class='ocr_line' id='line_1_89' title="bbox 412 5710 1978 5785; baseline 0.004 -22"><span class='ocrx_word' id='word_1_683' title='bbox 412 5730 432 5763; x_wconf 71' lang='grc' dir='ltr'><strong>ι</strong></span> <span class='ocrx_word' id='word_1_684' title='bbox 468 5710 648 5785; x_wconf 83' lang='lat' dir='ltr'><strong>lumen</strong></span> <span class='ocrx_word' id='word_1_685' title='bbox 672 5714 738 5767; x_wconf 90' lang='lat' dir='ltr'><strong>de</strong></span> <span class='ocrx_word' id='word_1_686' title='bbox 773 5713 977 5785; x_wconf 84' lang='lat' dir='ltr'><strong>lumine</strong></span> <span class='ocrx_word' id='word_1_687' title='bbox 1005 5710 1024 5763; x_wconf 63' lang='grc' dir='ltr'>ε</span> <span class='ocrx_word' id='word_1_688' title='bbox 1058 5710 1241 5785; x_wconf 75' lang='lat' dir='ltr'><strong>dictus</strong></span> <span class='ocrx_word' id='word_1_689' title='bbox 1258 5710 1420 5769; x_wconf 85' lang='lat' dir='ltr'><strong>etiam</strong></span> <span class='ocrx_word' id='word_1_690' title='bbox 1468 5710 1538 5770; x_wconf 80' lang='lat' dir='ltr'><strong>ab</strong></span> <span class='ocrx_word' id='word_1_691' title='bbox 1571 5714 1856 5785; x_wconf 78' lang='lat' dir='ltr'><strong>Hippolyto</strong></span> <span class='ocrx_word' id='word_1_692' title='bbox 1885 5710 1978 5770; x_wconf 57' lang='lat' dir='ltr'><strong>sué</strong></span> 
     </span>
    </p>
   </div>
   <div class='ocr_carea' id='block_1_90' title="bbox 408 5775 1980 5871">
    <p class='ocr_par' dir='ltr' id='par_1_90' title="bbox 408 5775 1980 5871">
     <span class='ocr_line' id='line_1_90' title="bbox 408 5775 1980 5871; baseline 0.008 -40"><span class='ocrx_word' id='word_1_693' title='bbox 408 5781 610 5871; x_wconf 39' lang='grc' dir='ltr'><strong>ιιιίιίιις»Ι</strong></span> <span class='ocrx_word' id='word_1_694' title='bbox 627 5798 747 5871; x_wconf 49' lang='lat' dir='ltr'><strong>gap.</strong></span> <span class='ocrx_word' id='word_1_695' title='bbox 781 5783 846 5836; x_wconf 80' lang='grc'>10</span> <span class='ocrx_word' id='word_1_696' title='bbox 875 5775 1334 5871; x_wconf 46' lang='lat' dir='ltr'><strong>cqqfrq‘Noetum.</strong></span> <span class='ocrx_word' id='word_1_697' title='bbox 1356 5785 1476 5852; x_wconf 81' lang='grc' dir='ltr'>Φῶς</span> <span class='ocrx_word' id='word_1_698' title='bbox 1478 5775 1794 5871; x_wconf 56' lang='grc' dir='ltr'><strong>⁴ξιειρόὶιὶτον</strong></span> <span class='ocrx_word' id='word_1_699' title='bbox 1813 5789 1980 5858; x_wconf 51' lang='lat' dir='ltr'><strong>respi&#39;</strong></span> 
     </span>
    </p>
   </div>
   <div class='ocr_carea' id='block_1_91' title="bbox 409 5851 1260 5920">
    <p class='ocr_par' dir='ltr' id='par_1_91' title="bbox 409 5851 1260 5920">
     <span class='ocr_line' id='line_1_91' title="bbox 409 5851 1260 5920; baseline 0.004 -16"><span class='ocrx_word' id='word_1_700' title='bbox 409 5854 482 5906; x_wconf 82' lang='lat' dir='ltr'><strong>cit</strong></span> <span class='ocrx_word' id='word_1_701' title='bbox 501 5851 566 5905; x_wconf 86' lang='lat' dir='ltr'><strong>ad</strong></span> <span class='ocrx_word' id='word_1_702' title='bbox 597 5851 776 5909; x_wconf 86' lang='lat' dir='ltr'><strong>lTim.</strong></span> <span class='ocrx_word' id='word_1_703' title='bbox 811 5870 882 5920; x_wconf 82' lang='grc' dir='ltr'><strong>νι,</strong></span> <span class='ocrx_word' id='word_1_704' title='bbox 921 5853 997 5908; x_wconf 84' lang='grc'><strong>16.</strong></span> <span class='ocrx_word' id='word_1_705' title='bbox 1040 5853 1260 5909; x_wconf 71' lang='grc' dir='ltr'>ΡΑιιιιιε.</span> 
     </span>
    </p>
   </div>
   <div class='ocr_carea' id='block_1_92' title="bbox 2095 3365 3680 3425">
    <p class='ocr_par' dir='ltr' id='par_1_92' title="bbox 2095 3365 3680 3425">
     <span class='ocr_line' id='line_1_92' title="bbox 2095 3365 3680 3425; baseline 0.001 -3"><span class='ocrx_word' id='word_1_706' title='bbox 2095 3367 2164 3423; x_wconf 90' lang='lat' dir='ltr'><strong>lis</strong></span> <span class='ocrx_word' id='word_1_707' title='bbox 2193 3366 2371 3421; x_wconf 90' lang='lat' dir='ltr'><strong>lucem</strong></span> <span class='ocrx_word' id='word_1_708' title='bbox 2410 3365 2870 3422; x_wconf 88' lang='lat' dir='ltr'><strong>inaccessibilem.</strong></span> <span class='ocrx_word' id='word_1_709' title='bbox 2910 3385 2930 3419; x_wconf 77' lang='grc' dir='ltr'><strong>ι</strong></span> <span class='ocrx_word' id='word_1_710' title='bbox 2967 3365 3067 3423; x_wconf 85' lang='lat' dir='ltr'><strong>Hic</strong></span> <span class='ocrx_word' id='word_1_711' title='bbox 3095 3377 3180 3424; x_wconf 90' lang='lat' dir='ltr'><strong>est</strong></span> <span class='ocrx_word' id='word_1_712' title='bbox 3211 3368 3382 3425; x_wconf 84' lang='lat' dir='ltr'><strong>Filius</strong></span> <span class='ocrx_word' id='word_1_713' title='bbox 3409 3384 3565 3424; x_wconf 89' lang='lat' dir='ltr'><strong>meus</strong></span> <span class='ocrx_word' id='word_1_714' title='bbox 3590 3369 3680 3425; x_wconf 92' lang='lat' dir='ltr'><strong>di-</strong></span> 
     </span>
    </p>
   </div>
   <div class='ocr_carea' id='block_1_93' title="bbox 2093 3457 3678 3529">
    <p class='ocr_par' dir='ltr' id='par_1_93' title="bbox 2093 3457 3678 3529">
     <span class='ocr_line' id='line_1_93' title="bbox 2093 3457 3678 3529; baseline 0.001 -15"><span class='ocrx_word' id='word_1_715' title='bbox 2093 3458 2292 3526; x_wconf 87' lang='lat' dir='ltr'><strong>lectus,</strong></span> <span class='ocrx_word' id='word_1_716' title='bbox 2330 3477 2348 3509; x_wconf 83' lang='grc' dir='ltr'><strong>ι</strong></span> <span class='ocrx_word' id='word_1_717' title='bbox 2392 3459 2488 3529; x_wconf 90' lang='lat' dir='ltr'><strong>qui</strong></span> <span class='ocrx_word' id='word_1_718' title='bbox 2535 3457 2678 3512; x_wconf 79' lang='lat' dir='ltr'><strong>infra</strong></span> <span class='ocrx_word' id='word_1_719' title='bbox 2722 3459 2994 3529; x_wconf 87' lang='lat' dir='ltr'><strong>apparuit,</strong></span> <span class='ocrx_word' id='word_1_720' title='bbox 3047 3475 3149 3516; x_wconf 88' lang='lat' dir='ltr'><strong>nec</strong></span> <span class='ocrx_word' id='word_1_721' title='bbox 3199 3469 3380 3516; x_wconf 89' lang='lat' dir='ltr'><strong>tamen</strong></span> <span class='ocrx_word' id='word_1_722' title='bbox 3426 3475 3457 3514; x_wconf 88' lang='lat' dir='ltr'><strong>a</strong></span> <span class='ocrx_word' id='word_1_723' title='bbox 3502 3460 3678 3515; x_wconf 85' lang='lat' dir='ltr'><strong>Patris</strong></span> 
     </span>
    </p>
   </div>
   <div class='ocr_carea' id='block_1_94' title="bbox 2092 3550 3678 3623">
    <p class='ocr_par' dir='ltr' id='par_1_94' title="bbox 2092 3550 3678 3623">
     <span class='ocr_line' id='line_1_94' title="bbox 2092 3550 3678 3623; baseline 0.001 -17"><span class='ocrx_word' id='word_1_724' title='bbox 2092 3550 2218 3606; x_wconf 82' lang='lat' dir='ltr'><strong>sinu</strong></span> <span class='ocrx_word' id='word_1_725' title='bbox 2248 3551 2352 3605; x_wconf 73' lang='lat' dir='ltr'><strong>fuit</strong></span> <span class='ocrx_word' id='word_1_726' title='bbox 2375 3563 2658 3620; x_wconf 80' lang='lat' dir='ltr'><strong>separatus</strong></span> <span class='ocrx_word' id='word_1_727' title='bbox 2684 3569 2697 3604; x_wconf 89' lang='lat'><strong>:</strong></span> <span class='ocrx_word' id='word_1_728' title='bbox 2719 3552 2972 3621; x_wconf 86' lang='lat' dir='ltr'><strong>apparuit</strong></span> <span class='ocrx_word' id='word_1_729' title='bbox 2991 3560 3046 3607; x_wconf 93' lang='lat' dir='ltr'><strong>et</strong></span> <span class='ocrx_word' id='word_1_730' title='bbox 3076 3568 3184 3608; x_wconf 89' lang='lat' dir='ltr'><strong>non</strong></span> <span class='ocrx_word' id='word_1_731' title='bbox 3217 3554 3486 3623; x_wconf 78' lang='lat' dir='ltr'><strong>apparuit.</strong></span> <span class='ocrx_word' id='word_1_732' title='bbox 3516 3553 3678 3608; x_wconf 85' lang='lat' dir='ltr'><strong>Aliud</strong></span> 
     </span>
    </p>
   </div>
   <div class='ocr_carea' id='block_1_95' title="bbox 2092 3643 3676 3716">
    <p class='ocr_par' dir='ltr' id='par_1_95' title="bbox 2092 3643 3676 3716">
     <span class='ocr_line' id='line_1_95' title="bbox 2092 3643 3676 3716; baseline 0.001 -18"><span class='ocrx_word' id='word_1_733' title='bbox 2092 3643 2239 3698; x_wconf 89' lang='lat' dir='ltr'><strong>enim</strong></span> <span class='ocrx_word' id='word_1_734' title='bbox 2285 3644 2432 3713; x_wconf 91' lang='lat' dir='ltr'><strong>quod</strong></span> <span class='ocrx_word' id='word_1_735' title='bbox 2483 3643 2822 3714; x_wconf 84' lang='lat' dir='ltr'><strong>apparebat:</strong></span> <span class='ocrx_word' id='word_1_736' title='bbox 2862 3645 3157 3715; x_wconf 87' lang='lat' dir='ltr'><strong>siquidem,</strong></span> <span class='ocrx_word' id='word_1_737' title='bbox 3201 3655 3365 3715; x_wconf 89' lang='lat' dir='ltr'><strong>prout</strong></span> <span class='ocrx_word' id='word_1_738' title='bbox 3401 3647 3676 3716; x_wconf 86' lang='lat' dir='ltr'><strong>apparuit,</strong></span> 
     </span>
    </p>
   </div>
   <div class='ocr_carea' id='block_1_96' title="bbox 2093 3734 3679 3809">
    <p class='ocr_par' dir='ltr' id='par_1_96' title="bbox 2093 3734 3679 3809">
     <span class='ocr_line' id='line_1_96' title="bbox 2093 3734 3679 3809; baseline 0.002 -19"><span class='ocrx_word' id='word_1_739' title='bbox 2093 3735 2383 3805; x_wconf 85' lang='lat' dir='ltr'><strong>baptizans</strong></span> <span class='ocrx_word' id='word_1_740' title='bbox 2403 3734 2682 3804; x_wconf 86' lang='lat' dir='ltr'><strong>baptizato</strong></span> <span class='ocrx_word' id='word_1_741' title='bbox 2706 3737 3056 3806; x_wconf 81' lang='lat' dir='ltr'><strong>praestantior</strong></span> <span class='ocrx_word' id='word_1_742' title='bbox 3079 3735 3201 3792; x_wconf 79' lang='lat' dir='ltr'><strong>fuit.</strong></span> <span class='ocrx_word' id='word_1_743' title='bbox 3223 3736 3409 3809; x_wconf 87' lang='lat' dir='ltr'><strong>Itaque</strong></span> <span class='ocrx_word' id='word_1_744' title='bbox 3428 3737 3586 3792; x_wconf 88' lang='lat' dir='ltr'><strong>Pater</strong></span> <span class='ocrx_word' id='word_1_745' title='bbox 3610 3737 3679 3793; x_wconf 85' lang='lat' dir='ltr'><strong>de</strong></span> 
     </span>
    </p>
   </div>
   <div class='ocr_carea' id='block_1_97' title="bbox 2093 3826 3677 3896">
    <p class='ocr_par' dir='ltr' id='par_1_97' title="bbox 2093 3826 3677 3896">
     <span class='ocr_line' id='line_1_97' title="bbox 2093 3826 3677 3896; baseline -0.001 -13"><span class='ocrx_word' id='word_1_746' title='bbox 2093 3827 2234 3883; x_wconf 59' lang='lat' dir='ltr'><strong>caelo</strong></span> <span class='ocrx_word' id='word_1_747' title='bbox 2255 3826 2516 3896; x_wconf 89' lang='lat' dir='ltr'><strong>Spiritum</strong></span> <span class='ocrx_word' id='word_1_748' title='bbox 2543 3834 2794 3881; x_wconf 83' lang='lat' dir='ltr'><strong>sanctum</strong></span> <span class='ocrx_word' id='word_1_749' title='bbox 2819 3827 2873 3880; x_wconf 93' lang='lat' dir='ltr'><strong>in</strong></span> <span class='ocrx_word' id='word_1_750' title='bbox 2902 3827 3235 3896; x_wconf 81' lang='lat' dir='ltr'><strong>baptizatum</strong></span> <span class='ocrx_word' id='word_1_751' title='bbox 3259 3829 3500 3883; x_wconf 90' lang='lat' dir='ltr'><strong>demisit.</strong></span> <span class='ocrx_word' id='word_1_752' title='bbox 3521 3827 3677 3882; x_wconf 81' lang='lat' dir='ltr'><strong>Sicut</strong></span> 
     </span>
    </p>
   </div>
   <div class='ocr_carea' id='block_1_98' title="bbox 2093 3916 3673 3989">
    <p class='ocr_par' dir='ltr' id='par_1_98' title="bbox 2093 3916 3673 3989">
     <span class='ocr_line' id='line_1_98' title="bbox 2093 3916 3673 3989; baseline -0.001 -14"><span class='ocrx_word' id='word_1_753' title='bbox 2093 3919 2238 3975; x_wconf 90' lang='lat' dir='ltr'><strong>enim</strong></span> <span class='ocrx_word' id='word_1_754' title='bbox 2267 3919 2324 3972; x_wconf 91' lang='lat' dir='ltr'><strong>in</strong></span> <span class='ocrx_word' id='word_1_755' title='bbox 2353 3933 2480 3974; x_wconf 90' lang='lat' dir='ltr'><strong>arca</strong></span> <span class='ocrx_word' id='word_1_756' title='bbox 2501 3916 2614 3972; x_wconf 87' lang='lat' dir='ltr'><strong>Noe</strong></span> <span class='ocrx_word' id='word_1_757' title='bbox 2642 3934 2738 3989; x_wconf 88' lang='lat' dir='ltr'><strong>per</strong></span> <span class='ocrx_word' id='word_1_758' title='bbox 2766 3919 3081 3973; x_wconf 89' lang='lat' dir='ltr'><strong>columbam</strong></span> <span class='ocrx_word' id='word_1_759' title='bbox 3111 3919 3450 3989; x_wconf 79' lang='lat' dir='ltr'><strong>signiﬁcatus</strong></span> <span class='ocrx_word' id='word_1_760' title='bbox 3471 3928 3554 3973; x_wconf 92' lang='lat' dir='ltr'><strong>est</strong></span> <span class='ocrx_word' id='word_1_761' title='bbox 3579 3919 3673 3974; x_wconf 88' lang='lat' dir='ltr'><strong>Dei</strong></span> 
     </span>
    </p>
   </div>
   <div class='ocr_carea' id='block_1_99' title="bbox 2095 4010 3676 4081">
    <p class='ocr_par' dir='ltr' id='par_1_99' title="bbox 2095 4010 3676 4081">
     <span class='ocr_line' id='line_1_99' title="bbox 2095 4010 3676 4081; baseline -0.001 -14"><span class='ocrx_word' id='word_1_762' title='bbox 2095 4012 2150 4067; x_wconf 91' lang='lat' dir='ltr'><strong>in</strong></span> <span class='ocrx_word' id='word_1_763' title='bbox 2196 4010 2452 4066; x_wconf 89' lang='lat' dir='ltr'><strong>homines</strong></span> <span class='ocrx_word' id='word_1_764' title='bbox 2502 4026 2690 4075; x_wconf 86' lang='lat' dir='ltr'><strong>amor;</strong></span> <span class='ocrx_word' id='word_1_765' title='bbox 2737 4011 2816 4066; x_wconf 91' lang='lat' dir='ltr'><strong>sic</strong></span> <span class='ocrx_word' id='word_1_766' title='bbox 2849 4020 2903 4065; x_wconf 90' lang='lat' dir='ltr'><strong>et</strong></span> <span class='ocrx_word' id='word_1_767' title='bbox 2936 4027 3082 4066; x_wconf 90' lang='lat' dir='ltr'><strong>nunc</strong></span> <span class='ocrx_word' id='word_1_768' title='bbox 3115 4010 3373 4081; x_wconf 88' lang='lat' dir='ltr'><strong>Spiritus,</strong></span> <span class='ocrx_word' id='word_1_769' title='bbox 3407 4011 3676 4066; x_wconf 66' lang='lat' dir='ltr'><strong>columba:</strong></span> 
     </span>
    </p>
   </div>
   <div class='ocr_carea' id='block_1_100' title="bbox 2092 4101 3677 4173">
    <p class='ocr_par' dir='ltr' id='par_1_100' title="bbox 2092 4101 3677 4173">
     <span class='ocr_line' id='line_1_100' title="bbox 2092 4101 3677 4173; baseline -0.001 -15"><span class='ocrx_word' id='word_1_770' title='bbox 2092 4103 2429 4158; x_wconf 89' lang='lat' dir='ltr'><strong>descendens</strong></span> <span class='ocrx_word' id='word_1_771' title='bbox 2466 4103 2666 4173; x_wconf 88' lang='lat' dir='ltr'><strong>specie,</strong></span> <span class='ocrx_word' id='word_1_772' title='bbox 2692 4103 2841 4158; x_wconf 89' lang='lat' dir='ltr'><strong>velut</strong></span> <span class='ocrx_word' id='word_1_773' title='bbox 2869 4101 3107 4159; x_wconf 82' lang='lat' dir='ltr'><strong>fructum</strong></span> <span class='ocrx_word' id='word_1_774' title='bbox 3134 4113 3361 4173; x_wconf 89' lang='lat' dir='ltr'><strong>portans</strong></span> <span class='ocrx_word' id='word_1_775' title='bbox 3399 4103 3551 4167; x_wconf 65' lang='lat' dir='ltr'><strong>oleae,</strong></span> <span class='ocrx_word' id='word_1_776' title='bbox 3581 4117 3677 4157; x_wconf 85' lang='lat' dir='ltr'><strong>su-</strong></span> 
     </span>
    </p>
   </div>
   <div class='ocr_carea' id='block_1_101' title="bbox 2093 4193 3670 4266">
    <p class='ocr_par' dir='ltr' id='par_1_101' title="bbox 2093 4193 3670 4266">
     <span class='ocr_line' id='line_1_101' title="bbox 2093 4193 3670 4266; baseline -0.001 -15"><span class='ocrx_word' id='word_1_777' title='bbox 2093 4211 2192 4266; x_wconf 82' lang='lat' dir='ltr'><strong>per</strong></span> <span class='ocrx_word' id='word_1_778' title='bbox 2231 4211 2358 4251; x_wconf 91' lang='lat' dir='ltr'><strong>eum</strong></span> <span class='ocrx_word' id='word_1_779' title='bbox 2407 4197 2498 4252; x_wconf 93' lang='lat' dir='ltr'><strong>cui</strong></span> <span class='ocrx_word' id='word_1_780' title='bbox 2542 4195 2916 4251; x_wconf 90' lang='lat' dir='ltr'><strong>testimonium</strong></span> <span class='ocrx_word' id='word_1_781' title='bbox 2972 4193 3360 4264; x_wconf 85' lang='lat' dir='ltr'><strong>perhibebatur</strong></span> <span class='ocrx_word' id='word_1_782' title='bbox 3408 4195 3670 4250; x_wconf 89' lang='lat' dir='ltr'><strong>substitit.</strong></span> 
     </span>
    </p>
   </div>
   <div class='ocr_carea' id='block_1_102' title="bbox 2092 4286 3674 4354">
    <p class='ocr_par' dir='ltr' id='par_1_102' title="bbox 2092 4286 3674 4354">
     <span class='ocr_line' id='line_1_102' title="bbox 2092 4286 3674 4354; baseline 0.002 -14"><span class='ocrx_word' id='word_1_783' title='bbox 2092 4287 2318 4354; x_wconf 83' lang='lat' dir='ltr'><strong>Quare?</strong></span> <span class='ocrx_word' id='word_1_784' title='bbox 2351 4297 2412 4342; x_wconf 89' lang='lat' dir='ltr'><strong>ut</strong></span> <span class='ocrx_word' id='word_1_785' title='bbox 2441 4287 2676 4342; x_wconf 87' lang='lat' dir='ltr'><strong>Paterna</strong></span> <span class='ocrx_word' id='word_1_786' title='bbox 2707 4286 2872 4341; x_wconf 88' lang='lat' dir='ltr'><strong>etiam</strong></span> <span class='ocrx_word' id='word_1_787' title='bbox 2904 4301 3011 4341; x_wconf 82' lang='lat' dir='ltr'><strong>vox</strong></span> <span class='ocrx_word' id='word_1_788' title='bbox 3057 4295 3206 4342; x_wconf 89' lang='lat' dir='ltr'><strong>certa</strong></span> <span class='ocrx_word' id='word_1_789' title='bbox 3240 4295 3295 4341; x_wconf 90' lang='lat' dir='ltr'><strong>et</strong></span> <span class='ocrx_word' id='word_1_790' title='bbox 3338 4287 3500 4341; x_wconf 89' lang='lat' dir='ltr'><strong>ﬁrma</strong></span> <span class='ocrx_word' id='word_1_791' title='bbox 3550 4303 3674 4343; x_wconf 86' lang='lat' dir='ltr'><strong>esse</strong></span> 
     </span>
    </p>
   </div>
   <div class='ocr_carea' id='block_1_103' title="bbox 2092 4377 3673 4449">
    <p class='ocr_par' dir='ltr' id='par_1_103' title="bbox 2092 4377 3673 4449">
     <span class='ocr_line' id='line_1_103' title="bbox 2092 4377 3673 4449; baseline -0.001 -15"><span class='ocrx_word' id='word_1_792' title='bbox 2092 4388 2390 4447; x_wconf 82' lang='lat' dir='ltr'><strong>constaret,</strong></span> <span class='ocrx_word' id='word_1_793' title='bbox 2434 4389 2490 4434; x_wconf 91' lang='lat' dir='ltr'><strong>et</strong></span> <span class='ocrx_word' id='word_1_794' title='bbox 2532 4377 2866 4449; x_wconf 74' lang='lat' dir='ltr'><strong>pr0plueticae</strong></span> <span class='ocrx_word' id='word_1_795' title='bbox 2913 4377 3255 4448; x_wconf 68' lang='lat' dir='ltr'><strong>praedictioni</strong></span> <span class='ocrx_word' id='word_1_796' title='bbox 3311 4378 3500 4433; x_wconf 89' lang='lat' dir='ltr'><strong>multis</strong></span> <span class='ocrx_word' id='word_1_797' title='bbox 3546 4387 3673 4433; x_wconf 90' lang='lat' dir='ltr'><strong>ante</strong></span> 
     </span>
    </p>
   </div>
   <div class='ocr_carea' id='block_1_104' title="bbox 2093 4469 3674 4541">
    <p class='ocr_par' dir='ltr' id='par_1_104' title="bbox 2093 4469 3674 4541">
     <span class='ocr_line' id='line_1_104' title="bbox 2093 4469 3674 4541; baseline -0.001 -15"><span class='ocrx_word' id='word_1_798' title='bbox 2093 4473 2430 4541; x_wconf 89' lang='lat' dir='ltr'><strong>temporibus</strong></span> <span class='ocrx_word' id='word_1_799' title='bbox 2474 4470 2632 4525; x_wconf 64' lang='lat' dir='ltr'><strong>factae</strong></span> <span class='ocrx_word' id='word_1_800' title='bbox 2681 4470 2976 4524; x_wconf 87' lang='lat' dir='ltr'><strong>haberetur</strong></span> <span class='ocrx_word' id='word_1_801' title='bbox 3038 4469 3195 4525; x_wconf 87' lang='lat' dir='ltr'><strong>ﬁdes.</strong></span> <span class='ocrx_word' id='word_1_802' title='bbox 3246 4469 3507 4537; x_wconf 74' lang='lat' dir='ltr'><strong>Quantam</strong></span> <span class='ocrx_word' id='word_1_803' title='bbox 3545 4471 3674 4526; x_wconf 87' lang='lat' dir='ltr'><strong>illa?</strong></span> 
     </span>
    </p>
   </div>
   <div class='ocr_carea' id='block_1_105' title="bbox 2099 4561 3673 4634">
    <p class='ocr_par' dir='ltr' id='par_1_105' title="bbox 2099 4561 3673 4634">
     <span class='ocr_line' id='line_1_105' title="bbox 2099 4561 3673 4634; baseline 0.001 -18"><span class='ocrx_word' id='word_1_804' title='bbox 2099 4582 2119 4616; x_wconf 72' lang='grc' dir='ltr'><strong>ι</strong></span> <span class='ocrx_word' id='word_1_805' title='bbox 2156 4563 2273 4619; x_wconf 83' lang='lat' dir='ltr'><strong>Vox</strong></span> <span class='ocrx_word' id='word_1_806' title='bbox 2308 4563 2523 4618; x_wconf 88' lang='lat' dir='ltr'><strong>Domini</strong></span> <span class='ocrx_word' id='word_1_807' title='bbox 2549 4577 2712 4633; x_wconf 89' lang='lat' dir='ltr'><strong>super</strong></span> <span class='ocrx_word' id='word_1_808' title='bbox 2739 4576 2934 4631; x_wconf 88' lang='lat' dir='ltr'><strong>aquas,</strong></span> <span class='ocrx_word' id='word_1_809' title='bbox 2966 4561 3110 4618; x_wconf 86' lang='lat' dir='ltr'><strong>Deus</strong></span> <span class='ocrx_word' id='word_1_810' title='bbox 3138 4563 3323 4634; x_wconf 66' lang='lat' dir='ltr'><strong>gloriae</strong></span> <span class='ocrx_word' id='word_1_811' title='bbox 3346 4563 3544 4630; x_wconf 88' lang='lat' dir='ltr'><strong>tonuit,</strong></span> <span class='ocrx_word' id='word_1_812' title='bbox 3573 4563 3673 4618; x_wconf 93' lang='lat' dir='ltr'><strong>Do-</strong></span> 
     </span>
    </p>
   </div>
   <div class='ocr_carea' id='block_1_106' title="bbox 2089 4652 3671 4726">
    <p class='ocr_par' dir='ltr' id='par_1_106' title="bbox 2089 4652 3671 4726">
     <span class='ocr_line' id='line_1_106' title="bbox 2089 4652 3671 4726; baseline 0 -15"><span class='ocrx_word' id='word_1_813' title='bbox 2089 4657 2272 4711; x_wconf 91' lang='lat' dir='ltr'><strong>minus</strong></span> <span class='ocrx_word' id='word_1_814' title='bbox 2307 4671 2468 4726; x_wconf 92' lang='lat' dir='ltr'><strong>super</strong></span> <span class='ocrx_word' id='word_1_815' title='bbox 2489 4671 2661 4726; x_wconf 88' lang='lat' dir='ltr'><strong>aquas</strong></span> <span class='ocrx_word' id='word_1_816' title='bbox 2688 4653 2888 4709; x_wconf 90' lang='lat' dir='ltr'><strong>multas</strong></span> <span class='ocrx_word' id='word_1_817' title='bbox 2910 4655 3004 4707; x_wconf 70' lang='lat' dir='ltr'><strong>“.i</strong></span> <span class='ocrx_word' id='word_1_818' title='bbox 3033 4653 3296 4722; x_wconf 69' lang='lat' dir='ltr'><strong>Quaenam</strong></span> <span class='ocrx_word' id='word_1_819' title='bbox 3347 4653 3492 4721; x_wconf 63' lang='lat' dir='ltr'><strong>vox?</strong></span> <span class='ocrx_word' id='word_1_820' title='bbox 3526 4675 3544 4707; x_wconf 81' lang='grc' dir='ltr'><strong>ι</strong></span> <span class='ocrx_word' id='word_1_821' title='bbox 3569 4652 3671 4711; x_wconf 83' lang='lat' dir='ltr'><strong>Hic</strong></span> 
     </span>
    </p>
   </div>
   <div class='ocr_carea' id='block_1_107' title="bbox 2092 4745 3668 4817">
    <p class='ocr_par' dir='ltr' id='par_1_107' title="bbox 2092 4745 3668 4817">
     <span class='ocr_line' id='line_1_107' title="bbox 2092 4745 3668 4817; baseline -0.002 -14"><span class='ocrx_word' id='word_1_822' title='bbox 2092 4757 2176 4803; x_wconf 90' lang='lat' dir='ltr'><strong>est</strong></span> <span class='ocrx_word' id='word_1_823' title='bbox 2202 4747 2374 4802; x_wconf 89' lang='lat' dir='ltr'><strong>Filius</strong></span> <span class='ocrx_word' id='word_1_824' title='bbox 2414 4763 2570 4804; x_wconf 92' lang='lat' dir='ltr'><strong>meus</strong></span> <span class='ocrx_word' id='word_1_825' title='bbox 2613 4747 2868 4816; x_wconf 87' lang='lat' dir='ltr'><strong>dilectus,</strong></span> <span class='ocrx_word' id='word_1_826' title='bbox 2915 4747 2970 4802; x_wconf 91' lang='lat' dir='ltr'><strong>in</strong></span> <span class='ocrx_word' id='word_1_827' title='bbox 3003 4762 3116 4817; x_wconf 92' lang='lat' dir='ltr'><strong>quo</strong></span> <span class='ocrx_word' id='word_1_828' title='bbox 3161 4746 3485 4817; x_wconf 89' lang='lat' dir='ltr'><strong>complacui.</strong></span> <span class='ocrx_word' id='word_1_829' title='bbox 3517 4765 3537 4800; x_wconf 83' lang='grc' dir='ltr'><strong>ι</strong></span> <span class='ocrx_word' id='word_1_830' title='bbox 3567 4745 3668 4800; x_wconf 82' lang='lat' dir='ltr'><strong>llic</strong></span> 
     </span>
    </p>
   </div>
   <div class='ocr_carea' id='block_1_108' title="bbox 2087 4837 3669 4909">
    <p class='ocr_par' dir='ltr' id='par_1_108' title="bbox 2087 4837 3669 4909">
     <span class='ocr_line' id='line_1_108' title="bbox 2087 4837 3669 4909; baseline -0.002 -13"><span class='ocrx_word' id='word_1_831' title='bbox 2087 4850 2170 4896; x_wconf 88' lang='lat' dir='ltr'><strong>est</strong></span> <span class='ocrx_word' id='word_1_832' title='bbox 2210 4839 2304 4909; x_wconf 91' lang='lat' dir='ltr'><strong>qui</strong></span> <span class='ocrx_word' id='word_1_833' title='bbox 2352 4837 2575 4908; x_wconf 84' lang='lat' dir='ltr'><strong>Josephi</strong></span> <span class='ocrx_word' id='word_1_834' title='bbox 2609 4840 2930 4893; x_wconf 88' lang='lat' dir='ltr'><strong>nominatus</strong></span> <span class='ocrx_word' id='word_1_835' title='bbox 2957 4847 3042 4893; x_wconf 91' lang='lat' dir='ltr'><strong>est</strong></span> <span class='ocrx_word' id='word_1_836' title='bbox 3072 4838 3242 4906; x_wconf 88' lang='lat' dir='ltr'><strong>ﬁlius,</strong></span> <span class='ocrx_word' id='word_1_837' title='bbox 3294 4846 3350 4894; x_wconf 90' lang='lat' dir='ltr'><strong>et</strong></span> <span class='ocrx_word' id='word_1_838' title='bbox 3391 4853 3550 4894; x_wconf 90' lang='lat' dir='ltr'><strong>meus</strong></span> <span class='ocrx_word' id='word_1_839' title='bbox 3582 4849 3669 4893; x_wconf 88' lang='lat' dir='ltr'><strong>est</strong></span> 
     </span>
    </p>
   </div>
   <div class='ocr_carea' id='block_1_109' title="bbox 2088 4928 3671 5003">
    <p class='ocr_par' dir='ltr' id='par_1_109' title="bbox 2088 4928 3671 5003">
     <span class='ocr_line' id='line_1_109' title="bbox 2088 4928 3671 5003; baseline -0.003 -14"><span class='ocrx_word' id='word_1_840' title='bbox 2088 4933 2412 5003; x_wconf 74' lang='lat' dir='ltr'><strong>Unigenitus</strong></span> <span class='ocrx_word' id='word_1_841' title='bbox 2440 4930 2742 4987; x_wconf 87' lang='lat' dir='ltr'><strong>secundum</strong></span> <span class='ocrx_word' id='word_1_842' title='bbox 2777 4929 3016 4985; x_wconf 91' lang='lat' dir='ltr'><strong>divinam</strong></span> <span class='ocrx_word' id='word_1_843' title='bbox 3043 4930 3363 4990; x_wconf 89' lang='lat' dir='ltr'><strong>essentiam.</strong></span> <span class='ocrx_word' id='word_1_844' title='bbox 3403 4948 3424 4982; x_wconf 77' lang='grc' dir='ltr'><strong>ι</strong></span> <span class='ocrx_word' id='word_1_845' title='bbox 3455 4928 3554 4984; x_wconf 82' lang='lat' dir='ltr'><strong>Hic</strong></span> <span class='ocrx_word' id='word_1_846' title='bbox 3581 4939 3671 4984; x_wconf 87' lang='lat' dir='ltr'><strong>est</strong></span> 
     </span>
    </p>
   </div>
   <div class='ocr_carea' id='block_1_110' title="bbox 2082 5019 3668 5091">
    <p class='ocr_par' dir='ltr' id='par_1_110' title="bbox 2082 5019 3668 5091">
     <span class='ocr_line' id='line_1_110' title="bbox 2082 5019 3668 5091; baseline -0.002 -14"><span class='ocrx_word' id='word_1_847' title='bbox 2082 5021 2258 5077; x_wconf 88' lang='lat' dir='ltr'><strong>Filius</strong></span> <span class='ocrx_word' id='word_1_848' title='bbox 2291 5036 2449 5077; x_wconf 87' lang='lat' dir='ltr'><strong>meus</strong></span> <span class='ocrx_word' id='word_1_849' title='bbox 2476 5019 2747 5076; x_wconf 89' lang='lat' dir='ltr'><strong>dilectus:</strong></span> <span class='ocrx_word' id='word_1_850' title='bbox 2785 5038 2805 5072; x_wconf 82' lang='grc' dir='ltr'><strong>ι</strong></span> <span class='ocrx_word' id='word_1_851' title='bbox 2842 5021 3094 5076; x_wconf 81' lang='lat' dir='ltr'><strong>esuriens</strong></span> <span class='ocrx_word' id='word_1_852' title='bbox 3130 5021 3219 5076; x_wconf 90' lang='lat' dir='ltr'><strong>ille</strong></span> <span class='ocrx_word' id='word_1_853' title='bbox 3248 5019 3344 5091; x_wconf 92' lang='lat' dir='ltr'><strong>qui</strong></span> <span class='ocrx_word' id='word_1_854' title='bbox 3376 5019 3668 5074; x_wconf 84' lang='lat' dir='ltr'><strong>innumera</strong></span> 
     </span>
    </p>
   </div>
   <div class='ocr_carea' id='block_1_111' title="bbox 2086 5109 3660 5182">
    <p class='ocr_par' dir='ltr' id='par_1_111' title="bbox 2086 5109 3660 5182">
     <span class='ocr_line' id='line_1_111' title="bbox 2086 5109 3660 5182; baseline -0.003 -13"><span class='ocrx_word' id='word_1_855' title='bbox 2086 5113 2183 5169; x_wconf 88' lang='lat' dir='ltr'><strong>alit</strong></span> <span class='ocrx_word' id='word_1_856' title='bbox 2208 5112 2407 5179; x_wconf 88' lang='lat' dir='ltr'><strong>millia;</strong></span> <span class='ocrx_word' id='word_1_857' title='bbox 2430 5111 2711 5179; x_wconf 88' lang='lat' dir='ltr'><strong>laborans,</strong></span> <span class='ocrx_word' id='word_1_858' title='bbox 2750 5110 3004 5182; x_wconf 90' lang='lat' dir='ltr'><strong>idemque</strong></span> <span class='ocrx_word' id='word_1_859' title='bbox 3032 5125 3284 5168; x_wconf 86' lang='lat' dir='ltr'><strong>recreans</strong></span> <span class='ocrx_word' id='word_1_860' title='bbox 3315 5109 3660 5172; x_wconf 87' lang='lat' dir='ltr'><strong>laborantes;</strong></span> 
     </span>
    </p>
   </div>
   <div class='ocr_carea' id='block_1_112' title="bbox 2086 5200 3662 5273">
    <p class='ocr_par' dir='ltr' id='par_1_112' title="bbox 2086 5200 3662 5273">
     <span class='ocr_line' id='line_1_112' title="bbox 2086 5200 3662 5273; baseline -0.004 -13"><span class='ocrx_word' id='word_1_861' title='bbox 2086 5222 2195 5261; x_wconf 90' lang='lat' dir='ltr'><strong>non</strong></span> <span class='ocrx_word' id='word_1_862' title='bbox 2250 5205 2456 5260; x_wconf 88' lang='lat' dir='ltr'><strong>habens</strong></span> <span class='ocrx_word' id='word_1_863' title='bbox 2496 5203 2590 5258; x_wconf 90' lang='lat' dir='ltr'><strong>ubi</strong></span> <span class='ocrx_word' id='word_1_864' title='bbox 2637 5212 2802 5273; x_wconf 90' lang='lat' dir='ltr'><strong>caput</strong></span> <span class='ocrx_word' id='word_1_865' title='bbox 2845 5203 3072 5259; x_wconf 87' lang='lat' dir='ltr'><strong>reclinet</strong></span> <span class='ocrx_word' id='word_1_866' title='bbox 3112 5217 3270 5257; x_wconf 91' lang='lat' dir='ltr'><strong>suum</strong></span> <span class='ocrx_word' id='word_1_867' title='bbox 3305 5201 3369 5264; x_wconf 74' lang='grc' dir='ltr'><strong>ι’,</strong></span> <span class='ocrx_word' id='word_1_868' title='bbox 3395 5208 3448 5253; x_wconf 91' lang='lat' dir='ltr'><strong>et</strong></span> <span class='ocrx_word' id='word_1_869' title='bbox 3477 5200 3662 5254; x_wconf 86' lang='lat' dir='ltr'><strong>omnia</strong></span> 
     </span>
    </p>
   </div>
   <div class='ocr_carea' id='block_1_113' title="bbox 2087 5290 3663 5369">
    <p class='ocr_par' dir='ltr' id='par_1_113' title="bbox 2087 5290 3663 5369">
     <span class='ocr_line' id='line_1_113' title="bbox 2087 5290 3663 5369; baseline -0.005 -16"><span class='ocrx_word' id='word_1_870' title='bbox 2087 5312 2280 5369; x_wconf 79' lang='lat' dir='ltr'><strong>gerens</strong></span> <span class='ocrx_word' id='word_1_871' title='bbox 2329 5311 2532 5364; x_wconf 89' lang='lat' dir='ltr'><strong>manu;</strong></span> <span class='ocrx_word' id='word_1_872' title='bbox 2583 5295 2682 5365; x_wconf 83' lang='lat' dir='ltr'><strong>qui</strong></span> <span class='ocrx_word' id='word_1_873' title='bbox 2710 5296 2949 5365; x_wconf 88' lang='lat' dir='ltr'><strong>patitur,</strong></span> <span class='ocrx_word' id='word_1_874' title='bbox 3009 5303 3064 5349; x_wconf 88' lang='lat' dir='ltr'><strong>et</strong></span> <span class='ocrx_word' id='word_1_875' title='bbox 3113 5291 3367 5348; x_wconf 88' lang='lat' dir='ltr'><strong>omnibus</strong></span> <span class='ocrx_word' id='word_1_876' title='bbox 3415 5290 3663 5345; x_wconf 88' lang='lat' dir='ltr'><strong>medetur</strong></span> 
     </span>
    </p>
   </div>
   <div class='ocr_carea' id='block_1_114' title="bbox 2087 5383 3661 5463">
    <p class='ocr_par' dir='ltr' id='par_1_114' title="bbox 2087 5383 3661 5463">
     <span class='ocr_line' id='line_1_114' title="bbox 2087 5383 3661 5463; baseline -0.004 -17"><span class='ocrx_word' id='word_1_877' title='bbox 2087 5390 2468 5463; x_wconf 88' lang='lat' dir='ltr'><strong>passionibus;</strong></span> <span class='ocrx_word' id='word_1_878' title='bbox 2507 5389 2601 5459; x_wconf 92' lang='lat' dir='ltr'><strong>qui</strong></span> <span class='ocrx_word' id='word_1_879' title='bbox 2631 5388 2856 5445; x_wconf 62' lang='lat' dir='ltr'><strong>caeditur</strong></span> <span class='ocrx_word' id='word_1_880' title='bbox 2891 5385 3161 5459; x_wconf 60' lang='lat' dir='ltr'><strong>golaphis,</strong></span> <span class='ocrx_word' id='word_1_881' title='bbox 3199 5392 3254 5439; x_wconf 89' lang='lat' dir='ltr'><strong>et</strong></span> <span class='ocrx_word' id='word_1_882' title='bbox 3278 5383 3546 5438; x_wconf 88' lang='lat' dir='ltr'><strong>mundum</strong></span> <span class='ocrx_word' id='word_1_883' title='bbox 3567 5383 3661 5440; x_wconf 60' lang='lat' dir='ltr'><strong>duo</strong></span> 
     </span>
    </p>
   </div>
   <div class='ocr_carea' id='block_1_115' title="bbox 1168 5529 2732 5600">
    <p class='ocr_par' dir='ltr' id='par_1_115' title="bbox 1168 5529 2732 5600">
     <span class='ocr_line' id='line_1_115' title="bbox 1168 5529 2732 5600; baseline 0.001 -19"><span class='ocrx_word' id='word_1_884' title='bbox 1168 5530 1212 5562; x_wconf 73' lang='grc' dir='ltr'><strong>³ο</strong></span> <span class='ocrx_word' id='word_1_885' title='bbox 1241 5529 1382 5586; x_wconf 90' lang='lat' dir='ltr'><strong>Psal.</strong></span> <span class='ocrx_word' id='word_1_886' title='bbox 1416 5547 1574 5598; x_wconf 83' lang='lat' dir='ltr'><strong>xxnt,</strong></span> <span class='ocrx_word' id='word_1_887' title='bbox 1601 5531 1654 5586; x_wconf 84' lang='lat'><strong>7;</strong></span> <span class='ocrx_word' id='word_1_888' title='bbox 1730 5535 1772 5564; x_wconf 83' lang='grc'>¹¹</span> <span class='ocrx_word' id='word_1_889' title='bbox 1797 5531 1944 5589; x_wconf 87' lang='lat' dir='ltr'><strong>Psal.</strong></span> <span class='ocrx_word' id='word_1_890' title='bbox 1981 5549 2176 5600; x_wconf 76' lang='lat' dir='ltr'><strong>xxvnl,</strong></span> <span class='ocrx_word' id='word_1_891' title='bbox 2205 5532 2260 5588; x_wconf 82' lang='lat'><strong>3.</strong></span> <span class='ocrx_word' id='word_1_892' title='bbox 2339 5534 2382 5566; x_wconf 77' lang='lat'>“</span> <span class='ocrx_word' id='word_1_893' title='bbox 2407 5531 2542 5586; x_wconf 87' lang='lat' dir='ltr'><strong>Luc.</strong></span> <span class='ocrx_word' id='word_1_894' title='bbox 2568 5545 2646 5593; x_wconf 78' lang='grc' dir='ltr'><strong>ιι,</strong></span> <span class='ocrx_word' id='word_1_895' title='bbox 2679 5529 2732 5584; x_wconf 84' lang='grc'>5.</span> 
     </span>
    </p>
   </div>
   <div class='ocr_carea' id='block_1_116' title="bbox 2150 5636 3657 5716">
    <p class='ocr_par' dir='ltr' id='par_1_116' title="bbox 2150 5636 3657 5716">
     <span class='ocr_line' id='line_1_116' title="bbox 2150 5636 3657 5716; baseline -0.005 -17"><span class='ocrx_word' id='word_1_896' title='bbox 2150 5646 2264 5716; x_wconf 79' lang='lat'><strong>(79)</strong></span> <span class='ocrx_word' id='word_1_897' title='bbox 2315 5647 2370 5698; x_wconf 90' lang='lat'><strong>&#39;0</strong></span> <span class='ocrx_word' id='word_1_898' title='bbox 2385 5641 2800 5716; x_wconf 67' lang='grc' dir='ltr'>ῥαπιζόμενος,</span> <span class='ocrx_word' id='word_1_899' title='bbox 2839 5644 2940 5716; x_wconf 56' lang='grc' dir='ltr'>περὶ</span> <span class='ocrx_word' id='word_1_900' title='bbox 2966 5638 3312 5716; x_wconf 58' lang='grc' dir='ltr'>ἐλευθερίαν</span> <span class='ocrx_word' id='word_1_901' title='bbox 3341 5636 3422 5703; x_wconf 84' lang='grc' dir='ltr'>τῷ</span> <span class='ocrx_word' id='word_1_902' title='bbox 3450 5641 3657 5708; x_wconf 77' lang='grc' dir='ltr'>κόσμῳ</span> 
     </span>
    </p>
   </div>
   <div class='ocr_carea' id='block_1_117' title="bbox 2076 5709 3656 5785">
    <p class='ocr_par' dir='ltr' id='par_1_117' title="bbox 2076 5709 3656 5785">
     <span class='ocr_line' id='line_1_117' title="bbox 2076 5709 3656 5785; baseline -0.004 -14"><span class='ocrx_word' id='word_1_903' title='bbox 2076 5709 2467 5785; x_wconf 72' lang='grc' dir='ltr'>δωρούμενος.</span> <span class='ocrx_word' id='word_1_904' title='bbox 2501 5709 2706 5767; x_wconf 81' lang='lat' dir='ltr'><strong>Alludit</strong></span> <span class='ocrx_word' id='word_1_905' title='bbox 2735 5713 2829 5785; x_wconf 81' lang='lat' dir='ltr'><strong>hic</strong></span> <span class='ocrx_word' id='word_1_906' title='bbox 2849 5709 3171 5785; x_wconf 71' lang='lat' dir='ltr'><strong>Hippolytus</strong></span> <span class='ocrx_word' id='word_1_907' title='bbox 3198 5709 3262 5763; x_wconf 84' lang='lat' dir='ltr'><strong>ad</strong></span> <span class='ocrx_word' id='word_1_908' title='bbox 3293 5722 3498 5763; x_wconf 84' lang='lat' dir='ltr'><strong>morem</strong></span> <span class='ocrx_word' id='word_1_909' title='bbox 3535 5725 3656 5764; x_wconf 81' lang='lat' dir='ltr'><strong>ma-</strong></span> 
     </span>
    </p>
   </div>
   <div class='ocr_carea' id='block_1_118' title="bbox 2077 5781 3121 5854">
    <p class='ocr_par' dir='ltr' id='par_1_118' title="bbox 2077 5781 3121 5854">
     <span class='ocr_line' id='line_1_118' title="bbox 2077 5781 3121 5854; baseline -0.009 -12"><span class='ocrx_word' id='word_1_910' title='bbox 2077 5781 2404 5842; x_wconf 78' lang='lat' dir='ltr'><strong>numittendi</strong></span> <span class='ocrx_word' id='word_1_911' title='bbox 2445 5799 2634 5840; x_wconf 87' lang='lat' dir='ltr'><strong>servos</strong></span> <span class='ocrx_word' id='word_1_912' title='bbox 2661 5797 2756 5854; x_wconf 90' lang='lat' dir='ltr'><strong>per</strong></span> <span class='ocrx_word' id='word_1_913' title='bbox 2783 5781 3018 5850; x_wconf 85' lang='lat' dir='ltr'><strong>alapam.</strong></span> <span class='ocrx_word' id='word_1_914' title='bbox 3047 5781 3121 5833; x_wconf 84' lang='lat' dir='ltr'><strong>lo.</strong></span> 
     </span>
    </p>
   </div>
  </div>
