4134 6380
463 380 565 437 859

1132 379 1193 435 ε.
1234 378 1596 435 mpmn'n
1632 381 1779 437 ore.
1821 383 2002 439 mas
2039 381 2105 439 ιι.
2142 413 2215 423 --
2251 382 2562 440 noenu.
2602 384 2692 439 ET
2728 366 3079 444 ιιιετοιιιίιὶ

3599 386 3707 445 860

464 506 559 551 nat
579 496 832 551 libertate
852 495 932 559 υς
960 494 1054 564 qui
1079 494 1134 548 in
1168 493 1338 549 latere
1378 495 1681 565 percutitur
1705 497 1771 566 “,
1804 507 1860 554 et
1886 498 2030 555 latus

2131 498 2373 569 τόμενος,
2389 500 2485 554 καὶ
2496 499 2592 572 τὴν
2610 501 2742 555 πλευ
2750 499 2848 574 ράν
2869 500 2962 556 τοῦ
2993 500 3162 573 ’Δδάμ
3177 501 3555 574 διορθούμενος
3570 502 3703 575 (80).

463 588 653 643 Adami
688 587 910 657 corrigit
927 588 991 639 ¹⁵.

541 674 677 732 VIII.
718 674 825 730 Sed
870 684 1131 741 mentem,
1167 691 1377 746 quaeso,
1406 679 1543 733 mihi
1575 686 1826 734 accurate
1860 678 2038 733 inten-

467 765 580 821 dite
610 785 625 821 :
652 769 777 823 volo
811 768 957 822 enim
996 784 1276 823 recurrere
1305 771 1373 825 ad
1403 769 1604 825 fontem
1638 773 1784 836 vitae,
1815 779 1871 824 et
1911 769 2036 825 fon-

463 866 574 913 tem
611 859 848 914 medelas
888 861 1277 916 scaturientem
1323 863 1697 931 contemplari.
1742 861 1901 917 Pater
1935 862 2036 914 im-

466 951 812 1005 mortaiitatis
838 951 1203 1006 immortalem
1235 950 1431 1006 Filium
1459 969 1523 1007 ac
1546 950 1783 1007 Verbum
1807 953 1863 1007 in
1886 967 2037 1007 mun-

462 1041 592 1095 dum
623 1041 791 1107 misit,
826 1042 922 1112 qui
955 1043 1104 1097 venit
1137 1043 1205 1098 ad
1247 1046 1495 1100 homines
1532 1045 1748 1099 loturus
1775 1060 1870 1101 eos
1894 1061 2034 1115 aqua

462 1140 517 1185 et
542 1129 753 1205 Spiritu
783 1150 798 1185 :
827 1140 881 1186 et
909 1145 1325 1203 regeneraturus
1358 1135 1427 1189 ad
1461 1136 1657 1191 anima:
1681 1136 2034 1205 corporisque

464 1203 1052 1291 incorruptibilitatem,
1084 1224 1370 1294 inspiravit
1393 1224 1447 1279 in
1480 1241 1580 1281 nos
1610 1227 1861 1295 spiritum
1890 1227 2031 1293 vitae,

465 1317 521 1363 et
565 1310 967 1381 incorruptibili
1027 1324 1301 1369 armatura
1351 1331 1452 1371 nos
1508 1318 1703 1372 induit.
1762 1317 1819 1372 Si
1872 1318 2036 1388 igitur

462 1400 628 1454 homo
657 1399 833 1457 factus
873 1402 1202 1459 immortalis
1240 1415 1343 1471 est,
1384 1406 1529 1461 Deus
1555 1409 1718 1463 etiam
1741 1409 1846 1462 erit
1871 1409 1936 1462 “.
1974 1408 2032 1462 Si

461 1505 595 1545 vero
631 1507 728 1561 per
769 1508 965 1562 aquam
1012 1503 1069 1549 et
1101 1493 1365 1564 Spiritum
1399 1506 1650 1553 sanctum
1680 1515 1711 1553 a
1744 1514 2033 1569 regenera-

464 1580 613 1635 tione
648 1595 717 1636 ex
746 1581 963 1637 lavacro
1008 1582 1153 1640 Deus
1195 1584 1272 1648 lit,
1322 1587 1654 1656 comperitur
1697 1589 1861 1643 etiam
1912 1598 2036 1658 post

461 1674 919 1728 resurrectionem
960 1689 993 1728 e
1035 1677 1268 1732 mortuis
1307 1679 1547 1734 cohaares
1590 1678 1797 1736 Christi
1829 1683 2030 1738 esse".

461 1761 628 1831 Igitur
654 1765 921 1834 praeconis
950 1782 1085 1822 voce
1110 1769 1390 1838 proclamo
1422 1789 1437 1825 :
1470 1769 1683 1837 Venite,
1718 1788 1908 1828 omnes
1931 1776 2030 1828 tri-

2217 675 2380 729 Ἀλλά
2419 677 2727 754 συντείνατέ
2775 697 2864 750 μοι
2893 681 2986 734 τὸν
3027 680 3174 747 νοῦν,
3204 682 3529 754 παρακαλῶ,
3568 683 3706 754 μετά

2133 765 2445 838 ἀκριϐείαςο
2498 749 2755 841 βούλομαι
2780 749 2904 841 ίγάρ
2939 774 3032 825 ἐπὶ
3066 773 3163 844 τὴν
3426 775 3524 847 τῆς
3561 749 3708 847 ζωῆς

2132 856 2482 929 ἀναδραμεῖν,
2518 862 2614 914 καὶ
2641 860 2935 917 θεάσασθαι
2968 865 3068 937 τὴν
3106 866 3289 936 πηγὴν
3319 865 3427 919 τῶν
3463 868 3706 938 ἰαμάτων

2133 945 2504 1014 πηγὰζουσαν.
2546 948 2604 1001 '0
2632 950 2730 1020 τῆς
2755 952 3054 1017 ἀθανασίας
3083 955 3293 1026 Πατὴρ,
3318 955 3408 1009 τὸν
3441 955 3709 1011 ἀθάνατον

2133 1034 2260 1089 Υίὸν
2280 1037 2373 1090 καὶ
2394 1038 2564 1106 Λόγον
2590 1041 2906 1096 ἀπέστειλεν
2929 1047 3009 1108 είς
3035 1045 3127 1100 τὸν
3158 1047 3359 1117 κόσμον
3376 1064 3391 1077 ο
3428 1047 3489 1111 ὃς
3516 1048 3709 1116 ἀφικό-

2137 1145 2298 1199 μενος
2329 1132 2409 1194 de
2441 1130 2532 1184 τὸν
2563 1131 2866 1205 ἄνθρωπον,
2908 1136 3199 1193 λούσασθαι
3234 1139 3384 1193 ῦδατι
3418 1141 3511 1194 καὶ
3537 1140 3707 1195 Πνεύφ

2135 1234 2263 1287 ματι
2280 1235 2294 1248 θ
2325 1220 2418 1272 καὶ
2439 1221 2811 1293 ἀναγεννήσας
2831 1226 2965 1297 πρὸς
2985 1228 3292 1301 ἀφθαρσίαν
3316 1230 3494 1302 ψυχῆς
3523 1249 3583 1285 τε
3611 1234 3708 1287 καὶ
3748 1258 3753 1261 -

2134 1307 2401 1379 σώματος,
2432 1312 2760 1385 ἐνεφύσησεν
2785 1318 2915 1386 ἡμῖν
2938 1319 3153 1388 πνεῦμα
3174 1319 3337 1391 ζωῆς,
3364 1323 3706 1394 περιαμφιά-

2134 1413 2231 1460 σας
2260 1400 2403 1468 ἡμᾶς
2422 1398 3006 1476 ἀφθάρτῳπανοπλίᾳ.
3041 1409 3104 1460 El
3132 1404 3223 1462 οῦν
3255 1409 3519 1474 ἀθάνατος
3548 1412 3708 1479 γέγο-

2132 1504 2220 1541 νεν
2248 1489 2277 1539 6
2307 1488 2608 1560 ἄνθρωπος,
2652 1491 2804 1546 ἔσται
2845 1495 2939 1546 καὶ
2967 1495 3096 1559 Θεός
3128 1497 3259 1567 (81).
3298 1498 3359 1551 Ei
3400 1499 3455 1552 δὲ
3483 1498 3614 1564 Θεὸς
3639 1499 3727 1553 δι’.

2135 1576 2325 1641 ὕδατος
2359 1580 2453 1632 καὶ
2483 1580 2798 1651 Πνεύματος
2825 1583 2982 1651 ἀγίου
3015 1585 3153 1656 μετά
3182 1585 3277 1657 τὴν
3306 1586 3405 1657 τῆς
3434 1588 3707 1659 κολυμϐή-

2134 1668 2267 1741 θρας
2300 1670 2655 1742 ἀναγέννησιν
2685 1672 2915 1741 γίνεται,
2947 1676 3257 1747 εὑρίσκεται
3291 1678 3387 1731 καὶ
3409 1678 3707 1750 συγκληρο-

2110 1759 2296 1830 μνόμος
2331 1762 2565 1832 Χριστοῦ
2606 1765 2745 1833 μετὰ
2775 1765 2872 1836 τὴν
2906 1768 2971 1819 ἐκ
3002 1767 3209 1838 νεκρῶν
3244 1768 3562 1823 ἀνάστασιν.
3612 1768 3705 1822 Διὸ

460 1852 565 1906 bus
591 1854 855 1923 gentium,
886 1856 951 1909 ad
979 1856 1323 1926 baptismatis
1346 1860 1826 1921 immortalitatem.
1854 1862 2030 1920 Vitam

2133 1852 2390 1923 κηρύσσω
2420 1853 2612 1923 λέγων·
2644 1855 2830 1924 Δεῦτε,
2864 1860 3035 1912 πᾶσαι
3067 1861 3378 1931 αἱπατριαὶ
3398 1860 3504 1913 τῶν
3518 1857 3708 1924 ἐθνῶν,

464 1943 622 1999 vobis
651 1946 742 2015 qui
771 1946 828 2001 in
852 1948 1172 2018 ignorantiae
1199 1953 1431 2023 caligine
1455 1955 1652 2009 versati
1675 1956 1855 2012 adhuc
1876 1958 2029 2025 estis,

462 2026 645 2088 fausto
670 2035 918 2107 signiﬁco
945 2040 1159 2095 nuntio.
1186 2039 1379 2096 Venite
1408 2057 1474 2096 ex
1504 2044 1766 2100 servitute
1795 2047 1849 2100 in
1872 2048 2033 2102 liber-

464 2133 651 2189 tatem,
682 2140 750 2180 ex
787 2130 1073 2198 tyrannide
1107 2132 1173 2185 ad
1204 2148 1452 2202 regnum,
1476 2150 1544 2189 ex
1581 2137 1929 2206 corruptione
1964 2139 2033 2193 ad

462 2215 1056 2287 incorruptibilitatem.
1089 2221 1156 2276 Et
1180 2225 1478 2293 quomodo,
1498 2227 1695 2296 inquit,
1718 2228 2034 2285 veniemus?

460 2305 781 2373 Quomodo?
820 2311 926 2368 Per
965 2329 1163 2385 aquam
1211 2326 1266 2371 et
1311 2317 1573 2387 Spiritum
1608 2331 1880 2376 sanctum.
1908 2321 2034 2378 Haec

460 2406 546 2452 est
574 2415 713 2471 aqua
743 2418 867 2458 cum
896 2404 1101 2475 Spiritu
1134 2408 1448 2478 conjuncta,
1497 2426 1604 2481 qua
1637 2413 1923 2481 paradisus
1953 2416 2033 2469 ri—

460 2500 638 2562 gatur,
689 2504 835 2551 terra
887 2499 1214 2570 pinguescit,
1257 2502 1654 2559 incrementum
1696 2506 1894 2576 plantae
1939 2525 2033 2564 ca-

463 2581 638 2651 piunt,
669 2598 931 2655 generant
961 2590 1250 2657 animalia;
1286 2600 1449 2663 atque
1473 2603 1533 2649 ut
1562 2597 1747 2651 omnia
1771 2614 2031 2668 compen-

462 2670 554 2725 dio
583 2674 900 2742 amplectar,
938 2692 1035 2745 per
1071 2693 1236 2748 quam
1267 2692 1618 2753 regeneratus
1651 2685 1816 2740 homo
1857 2688 2032 2741 viviti-

460 2770 637 2830 catur,
662 2780 768 2836 qua
798 2765 1048 2824 Christus
1072 2770 1495 2840 baptizatusest,
1526 2776 1581 2829 in
1603 2790 1766 2846 quam
1797 2774 2032 2846 Spiritus

461 2863 685 2911 sanctus
714 2856 980 2915 columbae
1009 2864 1188 2931 specie
1214 2862 1515 2921 descendit.

532 3037 625 3093 IX.
665 3037 766 3096 Hic
798 3051 880 3098 est
910 3044 1147 3114 Spiritus
1172 3048 1267 3118 qui
1294 3049 1363 3104 ab
1395 3049 1555 3106 initio
1588 3069 1609 3103 ι
1646 3050 1920 3109 ferebatur
1944 3070 2035 3110 su-

462 3144 560 3199 per
599 3146 770 3201 aquas
794 3132 868 3200 ";
905 3153 924 3186 ι
963 3152 1058 3205 per
1085 3153 1247 3207 quem
1282 3141 1517 3196 mundus
1544 3152 1812 3209 movetur,
1838 3159 2031 3203 natura

462 3230 645 3276 creata
684 3225 955 3291 consistit,
993 3236 1047 3281 et
1070 3230 1257 3284 omnia
1290 3231 1460 3286 vitam
1503 3234 1812 3304 accipiunt;
1846 3238 1939 3307 qui
1968 3238 2043 3293 in»

462 3315 741 3383 prophetis
792 3328 1048 3387 operatus
1072 3330 1157 3375 est
1179 3323 1244 3387 ",
1276 3322 1333 3376 in
1365 3323 1641 3382 Christum
1666 3328 1936 3385 devolavit
1959 3332 2033 3393 ²⁰.,

462 3404 564 3462 llic
610 3416 694 3462 est
741 3407 975 3479 Spiritus
1017 3414 1197 3480 specie
1229 3414 1536 3484 linguarum
1565 3418 1843 3488 ignearum
1874 3422 2031 3480 datus

457 3500 720 3568 apostolis
742 3504 807 3557 “.
843 3501 998 3557 llunc
1022 3504 1298 3572 quaerebat
1321 3505 1492 3562 David
1522 3524 1643 3564 cum
1675 3506 1813 3568 dixit
1840 3532 1854 3568 :
1880 3532 1898 3565 ι
1923 3515 2032 3571 Cor

461 3593 728 3647 mundum
765 3609 887 3648 crea
925 3593 977 3646 in
1008 3593 1291 3660 me,Deus,
1336 3609 1389 3651 et
1416 3600 1665 3668 spiritum
1700 3616 1908 3659 rectum
1948 3606 2031 3660 in-
2066 3606 2073 3609 λ

460 3694 600 3734 nova
629 3681 681 3734 in
712 3679 1009 3734 visceribus
1041 3682 1178 3734 meis
1199 3682 1264 3735 ²².
1287 3703 1305 3734 ι
1341 3683 1416 3739 De
1447 3687 1549 3741 hoc
1575 3687 1792 3745 Gabriel
1822 3693 1888 3748 ad
1916 3692 2032 3748 Vir-

462 3769 641 3839 ginem
670 3789 683 3824 :
719 3788 738 3821 ι
776 3769 1010 3839 Spiritus
1034 3781 1258 3827 sanctus
1287 3780 1629 3844 superveniet
1657 3781 1712 3835 in
1740 3791 1810 3849 te,
1841 3793 1894 3838 et
1914 3784 2029 3847 vir-

465 3873 552 3917 tus
578 3862 846 3916 Altissimi
881 3862 1232 3918 obumbrabit
1261 3866 1357 3920 tibi
1376 3869 1441 3922 “.
1476 3887 1495 3921 ι
1540 3869 1642 3926 Per
1684 3873 1827 3929 hunc
1859 3874 2031 3945 Spiri-

462 3963 576 4009 tum
598 3951 793 4006 Petrus
819 3953 1031 4007 beatam
1058 3956 1204 4010 illam
1238 3974 1424 4014 vocem
1446 3961 1638 4019 etiatus
1659 3974 1741 4020 est
1767 3985 1779 4020 :
1818 3986 1837 4019 ι
1862 3967 1942 4023 Tu
1967 3984 2026 4025 es

458 4042 711 4098 Christus
768 4042 939 4100 Filius
966 4045 1060 4101 Dei
1088 4048 1317 4108 viventis
1338 4053 1402 4106 “.
1430 4072 1449 4105 ι
1472 4053 1575 4109 Per
1598 4057 1743 4112 hunc
1764 4056 2025 4128 Spiritum

458 4134 669 4188 ﬁrmata
697 4134 952 4193 Ecclesiae
987 4147 1136 4208 petra
1166 4153 1248 4198 est
1271 4144 1336 4198 ’⁸.
1365 4143 1465 4216 llic
1485 4156 1568 4201 est
1596 4145 1830 4217 Spiritus
1859 4150 2027 4207 Para-

2131 1943 2223 1995 ἐπὶ
2248 1943 2345 2014 τὴν
2366 1944 2454 1997 τοῦ
2483 1945 2853 2018 βαπτίσματος
2882 1949 3198 2005 ἀθανασίαν.
3229 1951 3379 2022 Ζωὴν
3401 1952 3528 2021 ὑμῖν
3552 1952 3707 2021 εύαγ-

2130 2032 2435 2105 γελίζομαι,
2466 2040 2578 2100 τοῖς
2621 2040 2678 2091 ἐν
2717 2038 2793 2109 τῷ
2825 2040 2972 2111 ζόφῳ
3008 2041 3106 2111 τῆς
3138 2042 3411 2109 ἀγνωσίας
3440 2042 3709 2113 ἐνδιατρί-ι

2132 2124 2336 2189 6ουσιν.
2368 2127 2533 2181 Δεῦτε
2564 2131 2644 2193 είς
2686 2130 2997 2203 ἐλευθερίαν
3022 2134 3101 2207 ⁸ἐκ
3144 2134 3408 2198 δουλείας,
3445 2136 3523 2198 είς
3554 2135 3708 2205 βασι-
3758 2136 3767 2144 ’

2130 2215 2280 2271 λείαν
2317 2218 2383 2271 ἐκ
2426 2221 2758 2290 τυραννίδος,
2792 2223 2872 2285 είς
2909 2222 3215 2293 ἀφθαρσίαν
3255 2227 3319 2278 ἐκ
3349 2226 3447 2294 τῆς
3476 2225 3701 2298 φθορᾶς.

2132 2309 2242 2362 Καὶ
2270 2309 2407 2374 πῶς,
2438 2313 2622 2382 φησὶν,
2662 2313 3028 2384 ἐλευσόμεθα;
3072 2316 3232 2382 Πῶς;
3278 2318 3356 2369 Δι’
3393 2317 3580 2381 ὓδατος
3612 2320 3706 2372 καὶ

2132 2399 2285 2469 ἁγίου
2313 2402 2645 2472 Πνεύματος.
2681 2403 2851 2457 Τοῦτο
2878 2404 2933 2458 δέ
2964 2407 3109 2459 ἐστιν
3151 2406 3212 2458 τὸ
3255 2406 3399 2477 65009
3438 2408 3500 2461 τὸ
3537 2407 3706 2461 Πνεύ-

2135 2507 2263 2561 ματι
2296 2491 2603 2557 κοινωνοῦν,
2634 2492 2700 2546 δι’
2725 2486 2784 2548 οῦ
2813 2495 3137 2568 παράδεισος
3169 2463 3465 2563 mergeret,
3496 2498 3563 2552 δι’
3589 2494 3703 2572 οὖή
3806 2532 3817 2545 ι

2131 2576 2204 2647 γῆ
2238 2578 2529 2644 πιαίνεται,
2558 2581 2625 2634 δι’
2658 2577 2718 2636 οὗ
2758 2584 2922 2652 φυτὸν
2947 2584 3129 2651 αῦξει,
3169 2586 3236 2639 δι’
3264 2583 3324 2640 οὗ
3366 2587 3480 2652 ζῶα
3514 2605 3707 2642 ,τεκνο-
3819 2595 3827 2601 ’

2132 2670 2307 2737 γονεῖο
2339 2670 2432 2722 καὶ
2458 2669 2545 2722 ἵνα
2574 2670 2751 2724 πάντα
2778 2671 3010 2725 συνελὼν
3033 2674 3191 2737 εἴπω,
3230 2673 3297 2726 δι’
3318 2669 3377 2728 οὗ
3406 2674 3706 2742 ἀναγεννώ-

2135 2776 2293 2830 μενος
2342 2759 2685 2830 ζωογονεῖται
2735 2761 3040 2834 ἄνθρωπος,
3089 2764 3148 2817 ἐν
3273 2765 3366 2818 καὶ
3405 2766 3434 2816 6
3472 2746 3706 2835 Χριστός

2132 2852 2464 2906 ἐϐαπτίσατο
2482 2893 2498 2919 ,
2532 2855 2589 2907 ἐν
2615 2846 2659 2922 ᾧ
2691 2853 2784 2929 καὶ
2811 2855 2872 2908 τὸ
2904 2854 3126 2927 Πνεῦμα
3163 2858 3468 2929 κατήρχετο
3493 2860 3550 2911 ἐν
3576 2856 3706 2911 εῖδει

2133 2945 2480 3016 περιστερᾶς.
3617 2964 3627 2973 ’

2205 3037 2375 3091 Τοῦτο
2396 3037 2452 3090 δέ
2481 3037 2627 3091 ἐστιν
2653 3038 2713 3091 τὸ
2732 3037 2975 3109 Πνεῦμα,
3002 3038 3063 3093 τὸ
3083 3040 3177 3093 ἀπ’
3202 3040 3371 3111 ἀρχῆς
3402 3059 3420 3091 ι
3450 3041 3706 3112 ἐπιφερό-

2137 3146 2296 3200 μενον
2331 3128 2515 3182 ἐπάνω
2547 3128 2654 3182 τῶν
2692 3129 2899 3183 ὑδάτων
2922 3147 2936 3162 ο
2986 3149 3006 3182 ι
3036 3130 3102 3183 δι’
3128 3125 3199 3185 οῦ
3226 3131 3426 3201 κόσμος
3456 3135 3702 3198 κινεῖται,

2130 3221 2198 3274 δι’
2222 3214 2282 3275 οῦ
2311 3220 2489 3284 κτίσις
2520 3219 2733 3274 ἵσταται
2771 3221 2865 3275 καὶ⁸
2895 3221 2965 3274 τά
2996 3220 3286 3293 σύμπαντα
3322 3222 3700 3292 ζωογονεῖταιο

2129 3310 2188 3363 τὸ
2209 3312 2266 3364 ἐν
2293 3312 2596 3383 προφήταις
2622 3313 2941 3384 ἐνεργῆσαν,
2959 3313 3022 3366 τὸ
3043 3315 3380 3385 ἐπὶΧριστδν
3402 3316 3702 3369 καταπτάν.

2130 3400 2300 3454 Τοῦτό
2331 3403 2476 3455 ἐστιν
2508 3402 2567 3456 τὸ
2606 3402 2827 3473 Πνεῦμα
2858 3403 2919 3454 τὸ
2959 3401 3108 3456 δοθὲν
3154 3384 3259 3466 τοῖς
3302 3384 3614 3467 ἀποστόλοίς
3647 3406 3706 3457 ὲν

2129 3491 2257 3544 εἴδει
2280 3492 2518 3565 πυρίνων
2550 3492 2826 3561 γλωσσῶν.
2856 3490 3025 3546 Τοῦτο
3055 3494 3113 3545 τὸ
3143 3493 3366 3563 Πνεῦμα
3386 3493 3566 3564 ἐζήτει
3595 3496 3699 3547 Δα-

2130 3581 2216 3634 ϐὶδ
2236 3582 2410 3649 λέγων
2428 3599 2445 3612 ’
2463 3583 2741 3652 «Καρδίαν
2767 3582 3012 3654 καθαρὰν
3035 3584 3216 3636 κτίσον
3240 3586 3296 3636 ἐν
3318 3584 3462 3653 ἐμοὶ,
3484 3584 3512 3635 6
3548 3583 3700 3648 Θεὸς,

2129 3674 2224 3728 καὶ
2265 3673 2481 3745 πνεῦμα
2507 3674 2660 3737 εύθές
2687 3675 2994 3743 ἐγκαίνισον
3020 3677 3077 3727 ἐν
3109 3677 3220 3737 τοῖς
3242 3674 3494 3740 ἐγκάτοις
3528 3691 3695 3743 μου..)

2131 3739 2482 3836 Περίτούτου
2513 3766 2606 3817 καὶ
2632 3739 2867 3837 Γαθριὴλ
2897 3766 3078 3833 ἔλεγεν
3098 3768 3162 3835 τῇ
3180 3764 3465 3835 Παρθένῳ·
3499 3739 3706 3845 (Πνεῦ-

2132 3871 2210 3926 μα
2246 3856 2399 3924 ἅγιον
2428 3856 2774 3909 ἐπελεύσεται
2807 3857 2898 3908 ἐπὶ
2932 3857 3011 3920 σὲ,
3052 3857 3149 3909 καὶ
3184 3856 3417 3926 δύναμις
3451 3855 3703 3925 Ὑψίστου

2128 3946 2437 4001 ἐπισκιάσει
2466 3965 2566 4001 σοι.
2607 3966 2625 3999 ι
2662 3947 2759 4000 Διά
2802 3947 2988 4000 τούτου
3029 3947 3122 4000 τοῦ
3157 3947 3469 4017 Πνεύματος
3499 3947 3704 4018 Πέτρος

2128 4039 2426 4107 ἐφθέγξατο
2467 4041 2564 4112 τὴν
2614 4040 2888 4112 μακαρίαν
2929 4039 3143 4110 ἐκείνην
3185 4041 3390 4111 φωνήνο
3428 4059 3446 4090 ‹
3481 4040 3552 4094 Σὺ
3593 4036 3645 4092 εἴ
3675 4041 3705 4093 6

2124 4131 2356 4202 Χριστὸς
2404 4133 2434 4184 6
2480 4131 2606 4195 Υἱὸς
2651 4132 2744 4185 τοῦ
2776 4130 2907 4184 Θεοῦ
2948 4129 3165 4195 ζῶντος.
3202 4151 3221 4183 ›
3258 4131 3355 4185 Διά
3386 4128 3574 4186 τούτου
3607 4128 3701 4184 τοῦ

457 4224 629 4279 cletus
651 4239 869 4297 propter
899 4238 951 4286 te
982 4233 1183 4290 missus
1223 4238 1291 4302 “,
1332 4245 1391 4292 ut
1416 4238 1816 4296 demonstraret
1851 4243 2024 4299 tilium

2130 4223 2439 4294 Πνεύματος
2463 4220 2815 4295 ἐστερεώθηὴ
2837 4223 3011 4292 πέτρα
3036 4220 3136 4293 τῆς
3167 4221 3508 4292 Ἐκκλησίας.
3530 4220 3703 4274 Τοῦτό

458 4326 512 4372 te
532 4332 652 4373 esse
683 4319 799 4377 Dei.

2064 4318 2067 4319 ⁷
2127 4317 2275 4369 ἐστιν
2307 4314 2367 4368 τὸ
2399 4313 2645 4385 Πνεῦμα,
2673 4315 2702 4367 6
2732 4313 3103 4384 Παράκλητος,
3136 4312 3197 4365 τὸ
3218 4312 3305 4365 διὰ
3326 4312 3383 4364 σὲ
3410 4313 3701 4382 πεμπόμε-
3786 4354 3790 4359 .

2124 4427 2235 4475 νον,
2266 4408 2355 4461 ἵνα
2390 4406 2538 4480 δείξῃ
2567 4423 2626 4459 σε
2659 4406 2845 4459 τέκνον
2876 4404 3033 4459 Θεοῦ.

526 4496 597 4555 X.
638 4500 846 4557 Accede
872 4503 1035 4574 igitur
1063 4514 1117 4560 et
1148 4522 1489 4576 regenerare,
1522 4525 1555 4565 ο
1585 4511 1769 4579 homo,
1796 4513 1863 4568 ad
1889 4514 2021 4569 ado-

2193 4499 2361 4572 Δεῦρο
2391 4499 2585 4564 τοίνυν,
2605 4497 3019 4569 ἀναγεννήθητι,
3042 4496 3310 4566 ἄνθρωπε,
3332 4497 3413 4558 είς
3432 4494 3701 4548 υἱοθεσίαν

457 4589 697 4660 ptionem
730 4593 783 4645 in
817 4593 985 4648 tilium
1015 4594 1128 4650 Dei.
1163 4595 1228 4651 Et
1255 4601 1566 4667 quomodo?
1594 4601 1791 4672 inquit.
1823 4605 1881 4658 Si
1908 4621 2019 4660 non

458 4682 784 4737 adulterium
813 4700 911 4740 nec
934 4687 1133 4741 caedem
1167 4692 1508 4746 commiseris
1527 4692 1594 4757 ",
1626 4709 1728 4749 nec
1760 4695 1909 4750 idola
1932 4712 2028 4751 co-

458 4773 654 4840 lueris;
680 4776 725 4830 si
752 4784 858 4831 non
883 4778 1118 4834 vincaris
1143 4796 1171 4833 a
1200 4782 1493 4852 voluptate,
1517 4785 1562 4839 si
1586 4801 1695 4840 non
1721 4789 2029 4843 committas

458 4877 517 4922 ut
542 4868 767 4924 affectus
788 4872 1053 4939 superbia:
1079 4874 1173 4928 tibi
1203 4875 1547 4945 dominetur;
1573 4880 1618 4932 si
1643 4879 1830 4933 sordes
1855 4879 2030 4949 impu-

456 4960 632 5014 ritatis
679 4962 979 5031 abstergas,
1028 4973 1082 5019 et
1126 4981 1266 5022 onus
1294 4972 1501 5037 peccati
1536 4986 1567 5024 a
1602 4979 1653 5025 te
1686 4971 1945 5041 abjicias;
1981 4973 2028 5028 si

416 5068 429 5081 ι
453 5068 625 5107 exuas
665 5063 996 5109 armaturam
1044 5056 1243 5112 diaboli
1285 5069 1339 5114 et
1381 5060 1577 5117 induas
1613 5063 1736 5116 lidci
1774 5062 2021 5127 loricam,

455 5145 599 5200 sicut
644 5144 814 5201 Isaias
845 5164 859 5200 :
899 5164 917 5198 ι
950 5146 1253 5215 Lavamini,
1283 5152 1480 5222 inquit,
1523 5160 1579 5207 et
1623 5154 1849 5223 quaerite
1874 5154 2022 5224 judi-

454 5238 624 5301 cium,
658 5239 851 5309 eripite
879 5255 1226 5309 oppressum,
1250 5242 1494 5313 judicate
1534 5245 1803 5315 orphano,
1838 5246 2019 5300 absol-

527 5349 572 5380 ¹³
602 5347 735 5404 Heb.
762 5367 801 5414 I,
824 5353 879 5407 5.
957 5352 1001 5385 ιδ
1028 5350 1218 5416 Matth.
1251 5371 1400 5416 xxvi,
1431 5353 1521 5409 67.

458 5420 499 5490 ff
526 5418 645 5490 act.
677 5436 865 5489 xxvm,
896 5423 986 5490 25.
1063 5425 1108 5454 ²⁰
1134 5418 1325 5479 M'atth.
1364 5441 1447 5490 ιιι,
1480 5424 1567 5477 16.
1636 5426 1687 5482 ι¹¹
1723 5425 1840 5479 Act.
1873 5441 1932 5488 ιι,
1962 5422 2015 5477 5.

456 5488 662 5542 “Ibid.
704 5490 792 5545 18.
869 5492 915 5524 ³⁸
959 5489 1119 5548 Joan.
1174 5510 1286 5560 xvn,
1331 5488 1439 5550 26.
1499 5495 1541 5526 ’⁷
1571 5494 1768 5564 Ephes.
1816 5510 1890 5559 vt,
1928 5493 2018 5547 M.

530 5601 643 5672 (80)
684 5605 805 5671 Τὴν
847 5609 1116 5677 πλευρὰν
1149 5607 1256 5662 τοῦ
1298 5607 1470 5677 Ἀδὰμ
1494 5603 2022 5677 διορθούμενοςηιά

461 5683 566 5755 est,
602 5684 881 5755 peccatum
926 5675 1021 5746 per
1052 5678 1218 5755 Evam
1265 5675 1655 5755 introductum,
1691 5675 1814 5746 qua:
1842 5692 1911 5731 ex
1941 5675 2023 5729 la-

467 5741 803 5831 tentifi‘da'mi
831 5741 1123 5831 fort—nata}
1155 5746 1490 5831 'Deolliuerat.
1521 5741 1736 5831 hama.

541 5811 655 5882 t8!)
694 5814 900 5869 Ἔσται
926 5818 1024 5870 καὶ
1058 5819 1221 5883 Θεός.
1248 5818 1330 5875 Ad
1362 5818 1492 5877 illud
1523 5818 1744 5889 respicit
1764 5814 1806 5871 Il
1835 5813 1950 5871 Pet.
1982 5831 2022 5882 ιι

1600 5355 1643 5385 ³⁸
1665 5354 1822 5409 Joan.
1858 5370 1975 5416 nx,
1997 5350 2083 5408 54.

2129 4594 2286 4649 Θεοῦ.
2318 4595 2428 4647 Καὶ
2461 4592 2606 4657 πῶς;
2644 4592 2836 4663 φησίν·
2885 4591 2979 4643 ἐὰν
3011 4590 3203 4661 μηκέτι
3245 4588 3534 4659 μοιχεύσῃς
3565 4588 3699 4660 (82),
3748 4598 3755 4604 “

2136 4689 2269 4760 μηδὲ
2302 4686 2585 4758 φονεύσῃς,
2622 4685 2757 4757 μηδὲ
2785 4681 3299 4754 είδωλολατρεύσῃς·
3330 4682 3422 4735 ἐὰν
3455 4683 3529 4753 μὴ
3563 4684 3699 4753 κρα-

2129 4779 2297 4851 τηθῇς
2315 4777 2403 4847 ὑφ’
2421 4777 2632 4848 ἡδονῆς,
2651 4777 2745 4828 ἐὰν
2770 4774 2843 4845 μὴ
2865 4773 3031 4836 πάθος
3052 4773 3422 4844 ὑπερηφανίας
3439 4774 3699 4847 κυριεύσῃ
3800 4808 3805 4814 ι

2132 4887 2224 4923 σου
2246 4887 2260 4900 ο
2292 4869 2387 4922 ἐὰν
2421 4869 2693 4941 ἀποξέσῃς
2732 4867 2822 4919 τὸν
2865 4865 3033 4937 ῥύπον
3070 4865 3169 4934 τῆς
3206 4864 3562 4936 ἀκαθαρσίας,
3606 4866 3700 4921 καὶ

2128 4958 2435 5032 ἀπορῤίψῃς
2481 4958 2541 5010 τὸ
2588 4955 2804 5026 φορτίον
2845 4954 2946 5023 τῆς
2982 4951 3281 5044 ἁμαρτίας·
3321 4952 3416 5044 ἐὰν
3455 4953 3699 5044 ἀποδύσῃ

2128 5055 2227 5125 τὴν
2255 5049 2553 5105 πανοπλίαν
2591 5048 2685 5101 τοῦ
2717 5044 2983 5107 διαϐόλου,
3018 5043 3112 5096 καὶ
3140 5043 3329 5113 ἐνδύσῃ
3358 5043 3447 5096 τὸν
3477 5043 3696 5115 θώρακα

2126 5148 2226 5217 τῆς
2260 5144 2515 5207 πίστεως,
2550 5139 2730 5203 καθώς
2759 5152 2921 5208 φησιν
2956 5135 3178 5198 Ἠσαίας
3200 5151 3213 5164 ·
3249 5154 3265 5185 ι
3297 5135 3574 5188 Λούσασθε
3604 5137 3696 5188 καὶ

2124 5235 2394 5308 ζητήσατε
2424 5232 2625 5305 κρίσιν,
2662 5228 2897 5302 ῥύσασθε
2940 5227 3306 5299 ἀδικούμενον,
3348 5230 3567 5301 κρίνατε
3605 5231 3697 5301 όρ-

2131 5352 2195 5405 ¹⁸.
2240 5348 2284 5402 Il
2343 5347 2459 5401 Pet.
2511 5363 2550 5410 ι,
2576 5345 2630 5399 4.
2706 5337 2940 5396 "Rom.
2991 5358 3107 5409 vnt,
3140 5341 3225 5398 l7.
3304 5341 3348 5373 ⁸⁸
3389 5340 3521 5396 Gen.
3566 5357 3604 5407 ι,
3637 5342 3695 5399 2.

2125 5422 2167 5454 ²²
2198 5418 2339 5474 Psal.
2374 5434 2426 5485 ι.,
2459 5416 2545 5470 l2.
2623 5414 2668 5445 "
2710 5411 2844 5468 Luc.
2897 5427 2936 5477 ι,
2985 5412 3074 5466 55.
3148 5412 3195 5444 ἰ
3232 5411 3421 5466 Matth.
3456 5427 3566 5477 1m,
3602 5412 3691 5468 16.

2126 5606 2192 5658 4:
2227 5601 2343 5655 Ἵνα
2363 5597 2451 5653 διὰ
2473 5597 2676 5651 τούτων
2705 5595 2941 5667 γένησθε.
2973 5592 3123 5662 θείας
3159 5593 3402 5655 κοινωνοὶ
3436 5590 3647 5662 φύσεως
3677 5610 3699 5628 ι»

2135 5692 2155 5726 ‹
2194 5671 2265 5725 Ut
2292 5686 2384 5739 per
2411 5672 2526 5724 haec
2556 5666 2864 5739 eﬂiciamini
2894 5666 3402 5739 d_ivin:e_cor_tsorte_s
3430 5673 3689 5739 naturas.)

2199 5733 2312 5812 (82)
2360 5736 3082 5812 ‘Ec‘zryqxégyoqquc.
3107 5733 3162 5812 [ιι
3193 5733 3541 5812 hunclocum
3577 5734 3702 5790 vide

2140 5802 2425 5869 Pdssinum
2464 5802 2531 5868 ad
2570 5802 2629 5866 S.
2664 5802 2773 5863 Nili
2793 5802 3077 5877 epistolam
3104 5803 3159 5857 2.
3193 5802 3408 5861 FABRIC.
