4134 6440
470 459 568 518 861

1637 422 2503 520 εΕΒΜοΝυΜῘΡΒΑοΜΕΝτΑ.

3598 463 3707 518 86?.

468 575 640 645 φανιῖ),
683 578 777 633 καὶ
808 578 1129 633 δικαιιῦσατε
1162 577 1357 651 χήραν.
1397 579 1506 631 Καὶ⁸
1540 578 1691 632 δεῦτε
1726 582 1818 634 καὶ
1854 579 2025 633 διαλε-

2138 582 2247 638 vite
2273 582 2514 636 viduam.
2541 580 2607 636 Et
2631 582 2809 636 venite
2830 590 2883 637 et
2906 581 3293 653 disceptemus,
3321 580 3397 637 ait
3417 579 3700 636 Dominus.

465 671 703 742 χθῶμεν,
757 671 902 740 λέγει
956 671 1178 743 Κύριος.
1230 670 1338 723 Καὶ
1370 670 1464 723 ἐὰν
1506 664 1638 724 ὦσιν
1674 673 1730 725 ai
1768 672 2031 743 ἁμαρτίαι

466 760 618 832 ὑμῶν
646 761 721 824 ὡς
753 759 1045 832 φοινικοῦν,
1079 761 1153 823 ὡς
1177 760 1329 831 χιόνα
1358 760 1630 814 λευκανῶ·
1671 762 1768 816 ἐὰν
1808 762 1864 814 δὲ
1902 756 2033 815 ὦσιν

464 827 539 916 ὡς
573 827 842 916 κόκκινον,
875 827 1006 933 git/esi.
1034 827 1463 923 ἔριον-λευκανῶ.
1493 853 1601 905 Καὶ
1620 852 1713 906 ὲάν
1734 853 1921 924 θέλητε
1940 852 2035 905 καὶ

462 943 565 1013 τῆς
600 943 782 1014 φωνῆς
813 962 913 1015 μου
940 944 1236 1015 ἀκούσητε,
1272 945 1340 999 τὰ
1376 944 1554 1013 ἀγαθά
1590 948 1688 1016 τῆς
1728 947 1828 1017 γῆς
1869 946 2036 1017 φάγε-

466 1034 578 1087 σθε.
617 1055 635 1085 ι
673 1035 827 1099 Ἴδες,
858 1036 1128 1107 ἁγαπητὲ,
1160 1035 1277 1100 πῶς
1306 1040 1561 1108 προεῖπεν
1588 1039 1615 1090 ὀ
1646 1039 1930 1108 προφήτης
1972 1037 2032 1091 τὸ

424 1180 429 1183 ,
460 1124 555 1178 τοῦ
578 1125 949 1197 βαπτίσματος
967 1126 1295 1199 καθάρσιονς
1330 1129 1386 1181 '0
1404 1127 1509 1198 γὰρ
1529 1129 1870 1183 καταϐαίνων
1895 1128 2030 1199 μετά

376 1210 380 1217 ’
462 1216 694 1281 πίστεως
722 1220 801 1283 είς
824 1219 883 1271 τὸ
902 1219 1001 1290 τῆς
1020 1219 1426 1290 ἀναγεννήσεως
1447 1219 1666 1291 λουτρὸν
1686 1219 2030 1274 διατάσσεται

391 1364 398 1377 ,
459 1308 537 1379 τῷ
567 1308 808 1380 πονηρῷ,
844 1311 1197 1365 συντάσσεται
1237 1311 1294 1364 δὲ
1320 1310 1399 1382 τῷ
1425 1310 1646 1382 Χριστῷ
1666 1327 1682 1342 ·
1712 1311 2029 1383 ἀπαρνεῖται

459 1400 550 1454 τὸν
587 1400 799 1474 ἐχθρὸν,
839 1402 1088 1474 ὁμολογεῖ
1115 1404 1172 1457 δὲ
1199 1405 1280 1468 τὸ,
1314 1402 1447 1457 Θεὸν
1476 1400 1615 1457 εἶναι
1643 1403 1735 1457 τὸν
1756 1403 1988 1476 Χριστόν
2012 1420 2025 1433 ·

460 1494 754 1549 ἀποδύεται
783 1495 882 1565 τὴν
912 1495 1174 1561 δουλείαν,
1210 1495 1451 1549 ἐνδύεται
1492 1490 1549 1548 δέ
1586 1496 1685 1566 τὴν
1726 1493 2025 1549 υἱοθεσίαν·

408 1642 418 1650 .
459 1588 745 1659 ἀνέρχεται
780 1588 887 1642 ἀπὸ
916 1588 1012 1642 τοῦ
1045 1587 1416 1659 βαπτίσματος
1445 1587 1692 1659 λαμπρὸς
1723 1584 1797 1650 ὡς
1826 1588 1855 1639 ὁ
1881 1586 2031 1657 ἥλιος

357 1740 366 1757 υ
463 1679 594 1751 (85),
628 1681 1037 1753 ἀπαστράπτων
1063 1685 1162 1745 τὰς
1189 1680 1289 1750 τῆς
1317 1679 1662 1750 δικαιοσύνης
1694 1680 1945 1742 ἀκτῖνας·
1970 1677 2032 1731 τὸ

2131 675 2198 730 Et
2224 676 2270 731 si
2296 677 2407 737 sint
2428 684 2648 745 peccata
2668 685 2847 730 vestra
2873 676 3017 731 sicut
3040 675 3409 744 phaeniceum,
3441 683 3499 729 ut
3526 676 3703 727 nivem

2130 768 2421 831 dealbabo;
2467 767 2623 837 sique
2660 763 2862 821 fuerint
2899 774 2961 822 ut
3004 767 3314 832 coccinum,
3348 766 3614 822 dealbabo
3647 772 3709 818 ut

2130 858 2330 913 lanam.
2374 857 2439 912 Et
2466 858 2684 926 quando
2715 857 2878 912 vultis
2908 872 3095 912 vocem
3127 875 3302 915 meam
3324 858 3534 922 audire,
3561 857 3705 911 bona

2133 958 2289 1004 terra;
2316 949 2612 1004 comedetis
2643 948 2709 1003 ³⁸.
2743 968 2762 1001 ι
2817 947 2999 1013 Vides,
3030 949 3245 1013 dilecte,
3280 949 3554 1018 quomodo
3582 962 3711 1016 pro-

2136 1036 2297 1106 pheta
2333 1036 2587 1104 baptismi
2617 1036 2727 1089 vim
2763 1036 3397 1106 purgativampraadixit.
3426 1036 3530 1102 Qui
3559 1036 3721 1097 enim

2137 1141 2261 1181 cum
2290 1126 2392 1180 fide
2421 1127 2475 1181 in
2508 1127 2612 1180 hoc
2642 1127 3073 1197 regenerationis
3097 1126 3374 1182 lavacrum
3404 1126 3705 1191 descendit,

2136 1217 2412 1272 renuntiat
2434 1217 2672 1281 diabolo,
2701 1227 2755 1272 et
2782 1218 3000 1273 Christo
3026 1233 3085 1274 se
3110 1217 3346 1284 addicit;
3377 1217 3584 1272 hostem
3611 1217 3709 1272 ab-

2136 1317 2318 1379 negat,
2351 1317 2406 1362 at
2430 1306 2709 1364 Christum
2747 1308 2915 1362 Deum
2950 1323 3072 1364 esse
3106 1308 3428 1375 confitetur;
3471 1309 3709 1363 servitu-

2136 1408 2243 1454 tem
2288 1400 2458 1465 exuit,
2505 1400 2682 1454 induit
2731 1400 3113 1469 adoptionem;
3163 1399 3304 1454 redit
3333 1415 3399 1454 ει
3437 1400 3710 1468 baptismo

2136 1490 2454 1561 splendidus
2488 1498 2549 1545 ut
2575 1491 2678 1554 sol,
2714 1490 2898 1546 radios
2924 1490 3150 1560 justitite
3170 1490 3533 1560 eﬂulgurans;
3557 1489 3707 1559 quod

2134 1597 2264 1637 vero
2309 1582 2606 1636 maximum
2654 1589 2756 1647 est,
2806 1582 3098 1636 revertitur
3121 1580 3267 1636 ﬁlius
3299 1580 3394 1635 Dei
3425 1592 3477 1634 et
3504 1578 3710 1635 Christi

2137 1676 2397 1730 coheres.
2449 1672 2557 1742 Ipsi
2605 1674 2776 1743 gloria
2828 1682 2881 1729 et
2910 1675 3153 1744 potentia
3179 1690 3303 1729 cum
3334 1672 3708 1741 sanctissimo,

458 1769 517 1823 δὲ
551 1771 824 1840 μέγιστον,
866 1773 1071 1828 ἄνεισιν
1109 1774 1224 1837 υίὸς
1266 1760 1422 1836 Θεοῦ,
1468 1773 1562 1826 καὶ
1596 1771 2025 1842 συγκληρονόμος

2136 1765 2282 1819 bono
2306 1772 2361 1819 et
2386 1763 2606 1818 viviﬁco
2632 1764 2755 1833 ejus
2785 1762 3015 1835 Spiritu,
3049 1780 3197 1819 nunc
3226 1766 3298 1820 sit
3327 1773 3381 1819 et
3408 1778 3623 1832 semper
3655 1769 3711 1815 et

458 1860 716 1932 Χριστοῦ.
748 1863 969 1935 Amm
990 1848 1114 1929 δόξα
1140 1864 1314 1919 καὶτὸ
1343 1865 1541 1936 κράτος
1568 1864 1663 1917 σὺν
1682 1862 1759 1934 τῷ
1783 1861 2031 1933 παναγίῳ

2138 1857 2193 1911 ὶιι
2223 1857 2406 1911 omnia
2435 1853 2632 1910 saecula
2659 1857 3006 1911 saeculorum.
3037 1858 3231 1911 Amen.

458 1954 550 2009 καὶ
578 1953 764 2033 ἀγαθῷ
786 1955 879 2009 καὶ
909 1952 1157 2026 ζωοποιῷ
1184 1955 1348 2009 αὑτοῦ
1374 1955 1673 2027 Πνεύματι,
1699 1955 1794 2009 νῦν
1816 1955 1911 2008 καὶ
1934 1953 2040 2018 ἀεὶ,
2070 1951 2164 2005 καὶ
2187 1950 2267 2011 είς
2296 1947 2422 2010 τοὺς
2455 1945 2774 2018 σύμπαντας
2802 1949 3006 2014 αἰῶνας
3040 1950 3152 2004 τῶν
3188 1947 3419 2003 αίώνων.
3469 1946 3671 2018 Ἀμήν.

582 2119 3704 2150 Μ-ϋ-α

1459 2291 1593 2405 S.
1677 2286 2692 2404 EIPPOLYTI

1009 2528 1796 2645 SERMONUM
1891 2524 2218 2644 SIVE
2312 2520 3228 2639 HOMILIARUM

1681 2764 2452 2857 FRAGMENTA.

708 3201 740 3282 ί
802 3231 888 3286 Ex
915 3247 1150 3285 sermone
1179 3229 1255 3286 De
1284 3230 1704 3290 resurrectione.
1728 3261 1799 3270 -—-
1828 3233 1980 3301 Apu‘d
2012 3232 2357 3286 Anastasium
2392 3231 2656 3287 Sinat'tam
2689 3232 2745 3286 in
2784 3230 3025 3301 Hodego,
3065 3247 3190 3302 pag.
3219 3229 3339 3291 350.

364 3330 367 3333 Α
442 3304 781 3412 κιπτωλύτου
832 3348 1130 3403 ἐπισκόπου
1171 3348 1417 3421 Ῥώμης,
1464 3351 1529 3404 ὲκ
1566 3350 1660 3404 τοῦ
1703 3351 1842 3419 Περὶ
1875 3350 2021 3406 ἀνα-

2128 3350 2396 3425 Hippolyti
2440 3352 2678 3425 episcopi
2714 3351 2970 3425 Romani,
3025 3366 3091 3406 ex
3128 3365 3386 3425 sermone
3420 3350 3493 3406 De
3523 3369 3703 3408 resur-

680 3437 966 3504 ⁴στάσει-ως
997 3440 1093 3494 καὶ
1128 3440 1464 3511 ἀφθαρσίας
1490 3444 1648 3513 λόγου
1675 3440 1809 3514 (84).

436 3553 460 3587 ε
524 3533 832 3603 (Ἔσονται,
873 3532 1058 3604 φησὶν,
1100 3536 1159 3589 ὲν
1200 3538 1263 3607 τῇ
1304 3537 1597 3591 ἀναστάσει
1632 3539 1680 3590 oi
1712 3536 2021 3617 ἄνθρωποι,

447 3623 523 3687 ὡς
565 3624 615 3676 οί
653 3623 874 3692 ἄγγελοι
917 3624 1012 3678 τοῦ
1042 3625 1210 3678 Θεοῦ·
1252 3646 1270 3679 s
1319 3630 1376 3681 ὲν
1426 3628 1704 3702 ἀφθαρσίᾳ
1753 3628 2020 3701 δηλονότι,

447 3716 543 3768 καὶ
588 3714 884 3786 ἀθανασίᾳ,
923 3716 1019 3770 καὶ
1065 3702 1312 3797 (grauate.
1352 3719 1663 3792 Ἀφθαρτος
1703 3721 1811 3793 γὰρ
1865 3720 2022 3775 οὐσία

445 3806 505 3858 οὐ
540 3806 822 3873 γεννᾶται,
866 3806 968 3861 οὐκ
1008 3806 1196 3871 αὔξει,
1241 3809 1339 3879 οὐχ
1384 3810 1571 3876 ὑπνοῖ,
1619 3810 1680 3863 οὐ
1727 3802 1905 3882 πεινᾷ,
1957 3811 2019 3865 οὐ

444 3892 607 3964 διψᾷ,
646 3895 704 3946 οὐ
736 3896 922 3965 κοπιᾷ,
950 3896 1010 3948 οὐ
1045 3897 1264 3966 πάσχει,
1295 3898 1354 3950 οὐ
1397 3897 1641 3969 θνήσκει,
1681 3900 1740 3952 οὐ
1770 3900 2019 3972 τιτρᾶται

433 3982 552 4037 ’ὑπὸ
599 3984 882 4053 ἧλωνδκαὶ
933 3985 1165 4057 λόγχης,
1211 3988 1309 4059 οὐχ
1360 3988 1511 4060 ἱδροῖ,
1564 3990 1663 4061 οὐχ
1712 3992 2016 4063 αἱμοῤῥοεῖ.

446 4075 705 4132 Τοιαῦται
747 4077 924 4131 οὐσίαι
963 4079 1100 4131 είσὶν
1138 4081 1173 4151 ἣ
1212 4098 1273 4134 τε
1317 4080 1426 4135 τῶν
1469 4083 1734 4150 ἀγγέλων,
1763 4085 1872 4156 ἥτε
1910 4085 2021 4138 τῶν

444 4165 652 4236 ψυχῶν,
692 4166 801 4220 τῶν
852 4170 918 4222 ὲκ
956 4167 1223 4239 σωμάτων
1266 4171 1721 4242 ἀπηλλαγμένων.
1799 4173 2017 4247 Ἐπειδὴ

362 4300 369 4309 μ
444 4259 540 4311 καὶ
569 4259 875 4332 ἀμφότεραι
914 4261 1246 4332 ἑτερογενεῖς
1284 4264 1418 4327 εἰσι,
1462 4264 1554 4316 καὶ
1599 4263 1874 4337 ἀλλότριαι
1918 4264 2018 4335 τῆς

442 4349 763 4421 ὁρωμένης,
815 4351 915 4406 καὶ
976 4350 1338 4426 φθειρομένης
1406 4354 1609 4425 ταύτης
1668 4354 1759 4409 τοῦ
1810 4354 2014 4426 κόσμου

298 4488 303 4493 ,
404 4512 407 4517 ἱ
442 4439 694 4504 κτίσεως.

2038 4631 2103 4689 II.

2532 3424 2759 3477 rectione
2789 3432 2837 3476 et
2870 3423 3282 3490 incorruptione.

2199 3534 2218 3566 ι
2244 3514 2435 3581 Erunt,
2471 3515 2667 3586 inquit,
2710 3516 2960 3571 homines
2997 3531 3052 3569 ιη
3098 3514 3518 3580 resurrectione,
3564 3513 3707 3570 sicut

2122 3610 2299 3679 angeli
2343 3608 2437 3663 Dei
2459 3608 2534 3675 ²⁹;
2580 3629 2598 3660 ι
2674 3610 2934 3664 nimirum
2989 3608 3361 3678 corruptionis
3430 3615 3703 3676 expertes,

2121 3700 2479 3770 immortales,
2529 3701 2665 3755 nihil
2708 3699 2926 3756 deﬂuxu
2970 3700 3155 3771 aliquo
3201 3697 3499 3770 deperdere
3533 3697 3701 3752 soliti.

2120 3792 2255 3848 Nam
2290 3795 2616 3849 immortalis
2662 3802 2858 3848 natura
2900 3808 3008 3847 non
3038 3800 3279 3862 generat,
3333 3806 3442 3844 non
3474 3802 3705 3859 genera-

2125 3895 2233 3950 tur,
2268 3901 2375 3941 non
2406 3897 2653 3957 augetur,
2684 3902 2792 3949 non
2819 3887 3040 3951 dormit,
3073 3898 3181 3938 non
3213 3882 3403 3942 esurit.
3432 3897 3538 3935 non
3564 3879 3702 3945 sitit,

2122 3991 2232 4031 non
2295 3976 2571 4047 fatigatur,
2624 3991 2732 4030 non
2776 3975 2999 4044 patitur,
3053 3988 3163 4027 non
3220 3972 3475 4035 moritur,
3526 3983 3702 4037 neque

2121 4080 2152 4120 a
2180 4067 2348 4122 clavis
2389 4077 2443 4121 et
2480 4068 2668 4122 lancea
2705 4067 3037 4136 perforatur,
3080 4080 3190 4119 non
3224 4065 3403 4131 sudat,
3434 4081 3541 4119 non
3576 4064 3702 4131 fun-

2120 4159 2201 4213 dit
2239 4159 2583 4227 sanguinem.
2621 4158 2899 4228 Ejusmodi
2942 4158 3154 4212 naturis
3203 4165 3456 4212 constant
3500 4156 3698 4225 angeli,

2122 4257 2176 4302 et
2208 4249 2404 4303 animm
2439 4249 2720 4319 corporeis
2747 4250 2982 4304 vinculis
3015 4248 3299 4303 exsoluta).
3326 4247 3512 4301 Ambae
3549 4249 3695 4302 enim

2122 4333 2243 4387 istm.
2295 4343 2507 4388 natura
2558 4345 2687 4390 sunt
2733 4337 2960 4391 alterius
3007 4336 3244 4408 generis,
3296 4345 3351 4390 et
3392 4337 3617 4391 diversa‘
3665 4350 3697 4392 ιι

2121 4426 2388 4481 creaturis
2434 4427 2595 4497 hujus
2623 4427 2832 4491 mundi,
2867 4443 2988 4497 quae
3013 4429 3115 4483 sub
3150 4436 3428 4499 aspectum
3474 4428 3698 4496 cadunt,

2119 4526 2175 4573 et
2198 4519 2535 4589 corruptioni
2567 4519 2949 4589 subjiciuntur.
3262 4542 3267 4545 ·

445 4712 531 4771 Ea:
571 4732 807 4772 sermone
836 4715 1168 4789 Theologite,
1200 4721 1255 4773 id
1286 4729 1364 4774 est
1393 4720 1636 4777 Deitatis.
1665 4752 1738 4762 —
1770 4722 1963 4778 Exstat
2015 4726 2069 4780 in
2096 4728 2245 4784 Actis
2296 4731 2504 4785 concilii
2546 4718 2916 4787 Laternnensis
2951 4733 3047 4789 sub
3085 4735 3322 4789 Marttno
3361 4728 3394 4785 Ι
3433 4748 3559 4786 ann.
3589 4728 3694 4784 649

426 4820 429 4823 -
610 4838 611 4843 η
737 4792 747 4802 ’
1159 4789 1424 4858 celebrati,
1451 4802 1695 4846 secretar.
1735 4808 1782 4861 ι’,
1806 4811 1926 4864 pag.
1955 4796 2080 4860 287.
2114 4810 2240 4853 tant.
2268 4800 2357 4855 Vll
2388 4802 2514 4855 edit.
2563 4802 2950 4858 Veneto-Labb.

514 4874 621 4929 Τοῦ
653 4876 810 4971 thyio?
844 4875 1610 4971 Ἰππολὶότουῄὲπισκόπουκαὶ
1645 4882 1943 4955 μάρτυρος,

2128 4890 2302 4946 Sancti
2341 4891 2619 4971 Hippnlyti
2660 4896 2904 4971 episcopi
2928 4904 2986 4971 _et
3016 4896 3290 4971 martyris,
3330 4909 3400 4950 ex
3439 4908 3694 4951 sermone

779 4950 845 5001 ὲκ
872 4947 967 5001 τοῦ
993 4947 1132 5015 Περὶ
1161 4951 1471 5020 θεολογίας
1500 4947 1676 5019 λόγου.

515 5057 591 5111 To
627 5058 799 5114 θέλειν
834 5060 948 5133 ἔχει
981 5063 1010 5114 ὁ
1036 5061 1189 5126 Θεὸς,
1228 5062 1287 5115 οὐ
1320 5062 1381 5116 τὸ
1418 5063 1492 5135 μὴ
1535 5062 1739 5118 θέλειν·
1780 5066 2011 5138 τρεπτοῦ

2468 4964 2553 5019 De
2577 4964 2859 5036 theologia,
2890 4966 2943 5021 id
2970 4976 3074 5031 est,
3106 4964 3334 5021 Deitate.

2187 5069 2337 5127 Velle
2386 5072 2542 5127 habet
2588 5073 2760 5142 Deus;
2802 5090 2911 5128 non
2961 5083 3142 5130 autem
3196 5091 3305 5129 non
3345 5073 3483 5130 velle
3520 5089 3535 5126 :
3582 5075 3688 5131 hoc

440 5148 553 5223 γὰρ
599 5150 759 5205 τοῦτο
814 5153 910 5206 καὶ
967 5153 1320 5225 προαιρετοῦ·
1378 5155 1532 5227 ἀϊδίῳ
1584 5157 1691 5230 γάρ
1751 5156 2011 5231 θελήματι

2128 5163 2258 5217 enim
2309 5165 2572 5220 vertibilis
2622 5174 2725 5233 est,
2767 5175 2821 5221 et
2865 5167 3114 5237 eligentis
3140 5186 3154 5221 :
3180 5167 3272 5222 sed
3300 5167 3684 5236 sempiternam

442 5240 578 5297 Θεοῦ
625 5242 821 5298 ἕπεται
864 5242 933 5298 τὰ
976 5245 1262 5319 γινόμενα,
1310 5237 1356 5315 ᾧ
1396 5247 1494 5303 καὶ
1544 5249 1807 5322 γενόμενα
1859 5252 2012 5323 μένει

2128 5254 2447 5310 voluntatem
2499 5255 2590 5311 Dei
2649 5268 2953 5328 sequuntur
2996 5273 3120 5330 qua
3166 5258 3337 5325 fiunt,
3381 5271 3480 5326 per
3519 5272 3681 5327 quem

447 5332 752 5405 σωζόμενα.

509 5511 557 5546 ³⁸
584 5512 688 5568 lsa.
725 5529 763 5577 ι,
795 5510 980 5570 1649.
1090 5516 1135 5549 ¹⁹
1157 5515 1344 5572 Matth.
1378 5533 1509 5585 χχιι,
1536 5518 1625 5577 50.

519 5764 628 5836 (85)
662 5768 942 5843 Λαμπρῦς
985 5771 1063 5843 ὡς
1105 5770 1138 5823 ό
1183 5769 1375 5843 ἥλιος.
1418 5773 1555 5843 Illud
1597 5775 1809 5843 videtur
1842 5775 2016 5843 respi-

444 5847 590 5899 cere,
628 5839 770 5907 quod
806 5848 979 5908 poetae
1013 5841 1201 5897 dicunt
1243 5842 1314 5898 de
1352 5842 1465 5899 sole
1517 5859 1581 5898 ex
1618 5842 1817 5901 Oceani
1858 5839 2015 5901 undis

446 5916 773 5981 emergente.
806 5908 1013 5966 FABRIC.

2113 5353 2168 5401 et
2198 5346 2341 5402 facta
2369 5357 2592 5405 manent
2625 5358 2861 5406 servata.

2407 5504 2449 5532 Id

2196 5766 2306 5840 (84)
2342 5769 2448 5821 Ἐκ
2475 5765 2581 5840 τοῦ
2612 5765 2747 5833 περὶ
2777 5765 3167 5840 ἀναστάσεως
3192 5773 3398 5840 λόγου.
3430 5773 3692 5828 Memine-

2122 5846 2248 5913 rnnt
2295 5837 2612 5913 interettlus
2651 5847 3030 5913 marmoreus.
3091 5836 3159 5913 S.
3194 5836 3570 5913 Hieronymus,
3594 5843 3689 5899 so.

2118 5909 2400 5980 phronius,
2425 5905 2783 5977 Nicephorus,
2809 5905 3099 5981 Honorius,
3125 5905 3421 5968 Freculfvs'.
3453 5905 3602 5969 laris.
