4134 6388
475 389 577 443 855
1186 397 1244 454 S.
1279 397 1638 452 IilPPOLYTi
1677 397 1825 454 OPP.
1867 393 2047 454 P'ARS
2087 397 2152 455 11.
2192 431 2260 441 --
2299 398 2605 456 DOGMAT.
2647 400 2736 455 ET
2774 402 3115 460 HISTORIC.
3611 408 3714 467 863

1347 599 1429 654 Ea:
1461 601 1680 655 Iwmilia
1711 601 2006 658 Dominica:
2032 601 2273 658 Paschaa.
2295 635 2363 644 —
2395 603 2536 658 Ibid.
2570 622 2689 674 pag.
2724 605 2851 663 295.

549 681 607 735 S.
632 680 902 756 Hippolyti
947 687 1192 771 episcopi
1234 700 1288 745 et
1313 693 1606 771 lnartyris,
1650 709 1717 748 ex
1754 694 1976 748 homilia
2075 699 2122 756 Α
2150 695 2181 748 Ἰ

2079 699 2122 756 Α
2150 694 2254 748 Τοῦ
2295 695 2451 764 ἀγίου
2488 697 2807 771 ᾎΙππολύτου
2849 697 3147 771 ἐπισκόπου
3186 696 3279 771 καὶ
3319 697 3611 771 μάρτυρος,
3648 702 3711 757 ἐκ

977 756 1269 813 Βοηιίηἰειε
1306 756 1541 816 Ραδείιὶυ.
1593 756 1601 759 ’
2344 756 2355 764 ”
2455 765 2609 836 τῆςὶ

2344 756 2355 764 ”
2455 765 2556 836 τῆς
2586 771 2690 834 Εἰς
2718 764 2784 821 τὸ
2812 768 3028 837 Πάσχα
3056 756 3386 838 ἐξηγήσεως.

549 862 719 920 Totus
769 877 886 922 erat
935 870 988 923 in
1041 872 1296 929 omnibus
1346 884 1400 930 et
1450 874 1680 944 ubique;
1740 875 2041 945 adimplens

2217 877 2377 940 Ὅλος
2417 873 2485 950 ἦν
2527 881 2585 932 ἐν
2632 881 2763 932 πᾶσι
2813 881 2912 934 καὶ·
2951 881 3246 952 πανταχοῦ,
3279 883 3512 954 γεμίσας
3551 883 3610 937 δὲ
3645 884 3705 938 τδ

475 969 606 1008 vero
645 958 824 1010 omnia
871 960 939 1014 ad
977 975 1170 1018 omnes
1217 965 1396 1020 aerios
1443 967 1824 1045 principatus,
1861 967 2040 1021 nudus

2143 971 2252 1023 πᾶν
2288 972 2422 1042 πρὸς
2467 971 2646 1035 πάσας
2682 971 2780 1035 τὰς
2810 973 3025 1041 ἀερίους
3053 975 3228 1045 ἀρχὰς
3256 975 3460 1044 γυμνὸς
3501 975 3705 1030 ἀνταπ-

475 1043 872 1114 redespoliatus
906 1059 989 1105 est
1030 1070 1043 1104 :
1086 1062 1141 1106 et
1182 1054 1249 1108 ad
1291 1072 1517 1124 parvum
1567 1057 1766 1112 clamat
1807 1042 2040 1111 transire

2143 1059 2398 1113 ἐδύσατο·
2453 1062 2547 1115 καὶ
2585 1063 2721 1134 πρὸς
2757 1063 2934 1131 ὀλίγον
2979 1042 3404 1136 βοᾷ-παρελθεῖν
3439 1066 3500 1120 τὸ
3538 1067 3707 1138 ποτή-

472 1133 718 1201 calicem,
765 1146 822 1191 ut
865 1142 1118 1196 ostendat
1155 1159 1300 1210 vere,
1333 1147 1460 1215 quia
1504 1156 1558 1202 et
1583 1147 1745 1201 homo
1775 1157 1920 1212 erat;
1955 1163 2040 1200 rc-

2145 1167 2278 1222 ριον,
2319 1152 2406 1206 ἵνα
2445 1152 2594 1223 δείξῃ
2630 1133 2846 1224 ἀληθῶς
2884 1155 2966 1207 ὅτι
3001 1133 3105 1208 κάξ
3133 1133 3420 1226 ἄνθρωπος
3451 1156 3560 1227 (83;)
3598 1133 3702 1228 ἦν’·

471 1224 768 1282 tniniscens
797 1239 977 1284 autem
1011 1242 1064 1286 et
1105 1243 1324 1305 propter
1358 1237 1504 1306 quod
1543 1239 1745 1292 missus
1777 1247 1880 1300 est,
1911 1251 2035 1305 per-

2143 1240 2488 1311 μεμνημένος
2517 1243 2574 1295 δὲ
2617 1241 2708 1295 καὶ
2740 1243 2820 1295 διὸ
2852 1243 3129 1314 ἀπεστάλη
3149 1285 3164 1308 ,
3203 1224 3398 1317 πληροῖ
3439 1224 3706 1316 οἰκο-

469 1312 583 1368 ﬁcit
628 1317 1090 1386 dispensationem
1141 1327 1207 1380 ad
1245 1344 1408 1398 quam
1444 1328 1646 1383 missus
1687 1337 1802 1394 est;
1842 1336 1897 1382 et
1923 1327 2034 1381 cla-

2135 1333 2327 1406 νομίαν
2359 1335 2436 1396 εἰς
2470 1333 2536 1404 ἣν
2566 1334 2844 1405 ἀπεστάλη
2886 1335 3017 1407 (86),
3051 1312 3146 1390 καὶ
3175 1312 3362 1407 βοᾷ-η(
3393 1312 3594 1409 Πάτερ,
3626 1335 3699 1408 μὴ

467 1416 621 1460 mat:
665 1429 685 1460 ι
717 1407 894 1478 Pater,
942 1430 1052 1469 non
1097 1433 1215 1472 mea
1269 1419 1520 1474 voluntas
1543 1420 1622 1485 ³⁰;
1655 1439 1674 1470 ι
1726 1427 1821 1472 et:
1862 1437 1880 1470 ι
1912 1416 2035 1487 Spi-

2133 1423 2193 1476 τὸ
2227 1423 2435 1494 θέλημά
2468 1440 2656 1494 μουοοι
2683 1454 2741 1466 --
2777 1446 2795 1479 ι
2822 1427 2884 1480 τὸ
2914 1427 3294 1500 μέν’·Πνεῦμα
3328 1407 3637 1501 πρόθυμον,

466 1498 604 1554 ritus
642 1502 858 1571 quidem
895 1519 1196 1580 promptus,
1223 1527 1351 1566 caro
1379 1521 1555 1566 autem
1587 1512 1802 1566 inﬁrma
1825 1511 1890 1564 “.
1923 1529 1942 1562 ι
2135 1514 2191 1567 δέ
2221 1514 2640 1600 σὰρζρισθενήςο
2668 1537 2686 1569 ι
2757 1563 2762 1569 ι

2059 1621 2149 1679 ιγ.

537 1711 618 1765 Ea:
643 1730 878 1769 sermone
904 1717 957 1772 in
991 1718 1241 1774 Eleanam
1277 1729 1330 1774 et
1351 1722 1581 1774 Annam.
1609 1749 1678 1762 -—
1705 1719 1856 1787 Apud
1888 1716 2258 1840 Tlieodorgzum
2289 1710 2422 1773 Dial.
2453 1716 2494 1783 l,
2527 1720 2614 1810 cui
2639 1720 2826 1775 titulus
2851 1721 3180 1790 Ἀτρεπτος,
3211 1721 3344 1792 Opp.
3371 1732 3495 1777 tom.
3521 1720 3627 1790 IV,

1968 1803 2087 1840 una.
2189 1825 2202 1838 .
2569 1811 2574 1814 -

1872 1840 1876 1846 ,
1968 1803 2087 1856 pag.
2117 1803 2202 1840 oo.
2558 1803 2574 1814 '-

529 1896 586 1953 S.
611 1898 879 1975 Hippolyti
910 1906 1160 1984 _epi_scnpi
1192 1916 1244 1960 et
1287 1909 1560 1984 martyris,
1600 1925 1665 1962 ex
1699 1926 1950 1973 sermone
2125 1902 2161 1953 ’Ῑ

2125 1901 2255 1981 Τοῦ.
2279 1902 2433 1984 ἀγίου
2473 1903 2789 1984 Ἱππολύτου
2836 1906 3135 1984 ἐπισκόπου
3174 1906 3264 1984 καὶ
3309 1905 3601 1984 μάρτυρος,
3631 1907 3697 1962 ἐκ

902 1972 971 2027 ἔνι
991 1972 1245 2029 Elcdnam
1279 1991 1322 2030 et
1349 1972 1574 2031 Annam.
2165 1972 2258 2023 τοῦ
2286 1972 2443 2040 λόγου
2468 1976 2534 2025 τοέ

2165 1972 2258 2023 τοῦ
2286 1972 2443 2040 λόγου
2468 1974 2557 2026 τοῦ
2583 1977 2684 2039 Εἰς
2706 1975 2811 2027 τὸν
2847 1975 3136 2055 Ἐλκακὰν
3161 1976 3256 2028 καὶ
3286 1972 3400 2040 an;
3423 1972 3652 2031 Ἄνναν.

529 2059 640 2115 Duc
670 2063 824 2128 mihi,
857 2081 889 2119 o
920 2065 1157 2133 Samuel,
1209 2069 1259 2122 in
1287 2069 1554 2124 Bethleem
1601 2073 1917 2139 juvencam;
1961 2085 2021 2129 ut

2200 2068 2334 2133 Ἀγε
2373 2067 2434 2136 δή
2473 2084 2593 2137 μοι,
2634 2062 2678 2120 ὦ
2707 2068 2977 2138 Σαμουὴλ,
3011 2067 3367 2138 είς-Βηθλεέμ
3397 2068 3692 2140 ἑλκομένην

453 2165 517 2204 ex
549 2149 746 2206 Davide
777 2165 960 2209 natum
1009 2175 1208 2228 regem,
1243 2168 1296 2212 et
1324 2161 1469 2218 hunc
1511 2177 1539 2216 a
1572 2161 1730 2219 Patre
1759 2180 1934 2234 regem
1967 2173 2020 2220 et

2123 2155 2222 2226 τὴν
2268 2157 2514 2226 δάμαλιν,
2571 2157 2656 2210 ἵνα
2706 2157 2978 2228 ἐπιδείξης
3015 2157 3104 2209 τὸν
3155 2157 3218 2209 ἐκ
3261 2155 3423 2208 Δαόὶδ
3468 2157 3687 2226 βασιλέα

454 2243 789 2299 sacerdotem
819 2259 1040 2303 unctum
1075 2253 1348 2308 ostendas.

2122 2247 2457 2317 τικτόμενον,
2486 2247 2579 2302 καὶ
2601 2248 2785 2301 τοῦτον
2812 2249 2914 2300 ὑπὸ
2939 2247 3146 2318 Πατρὸς
3176 2245 3396 2316 βασιλέα
3422 2248 3512 2299 καὶ
3544 2247 3689 2318 ἱερέα

2124 2359 2156 2411 χ
2165 2341 2427 2412 ριόμενον.

807 2426 1062 2498 Ejusdem
1093 2448 1157 2485 ea:
1187 2434 1368 2488 eodem
1409 2453 1662 2494 sermone.
1737 2459 1758 2482 ο
2049 2402 2094 2460 Β
2389 2436 2439 2485 Τ(

2049 2402 2094 2460 Β
2389 2431 2500 2485 Τοῦ
2533 2431 2739 2493 αὑτοῦ,
2775 2431 2842 2484 ἐκ
2873 2430 2978 2484 τοῦ
3010 2429 3194 2483 αὑτοῦ
3223 2431 3426 2499 λόγου.

518 2515 614 2572 Dic
644 2520 796 2584 mihi,
834 2537 866 2574 ο
898 2523 1052 2577 beata
1076 2523 1264 2590 Maria,
1303 2527 1433 2595 quid
1469 2540 1586 2585 erat
1623 2548 1653 2586 a
1682 2539 1737 2587 te
1773 2532 1826 2587 in
1858 2542 2014 2590 utero

2189 2522 2326 2579 Εἷπὲ
2365 2543 2474 2596 μοι,
2510 2519 2552 2578 ὦ
2588 2523 2833 2595 μακαρία
2866 2523 3072 2594 Μαρία,
3108 2524 3158 2575 τί
3190 2520 3257 2596 ἦν
3285 2523 3345 2575 τὸ
3372 2522 3476 2575 ὑπὸ
3505 2521 3598 2574 σοῦ
3628 2521 3685 2574 ἐν

446 2619 789 2679 conceptum,
824 2621 878 2666 et
909 2614 1036 2682 quid
1071 2623 1178 2671 ate
1214 2618 1266 2670 in
1298 2619 1542 2689 virginali
1575 2624 1800 2679 matrice
1835 2633 2014 2695 gesta-

2117 2619 2183 2688 τῇ
2227 2616 2402 2688 κοιλίᾳ
2449 2615 2894 2684 συνειλημμένον,
2931 2613 3022 2666 καὶ
3062 2613 3115 2665 τί
3151 2609 3318 2684 ἦν’τὸ
3355 2612 3460 2665 ὑπὸ
3500 2612 3593 2665 σοῦ
3627 2613 3686 2665 ἐν

448 2699 652 2754 batur?
696 2701 932 2757 Verbum
981 2706 1125 2760 enim
1176 2717 1291 2763 erat
1335 2708 1430 2765 Dei
1467 2711 1910 2784 primogenitum,
1942 2717 2012 2772 de

2117 2709 2417 2781 παρθενικῇ
2460 2709 2639 2778 μήτρᾳ
2668 2705 3095 2775 βασταζόμενονς
3129 2705 3298 2772 Λόγος
3326 2704 3432 2776 γὰρ
3455 2699 3522 2775 ἦν
3545 2702 3679 2756 Θεοῦ

444 2790 598 2844 caelis
638 2791 692 2844 in
739 2799 790 2845 te
826 2793 1192 2861 descendens,
1232 2808 1286 2854 et
1320 2801 1482 2855 homo
1521 2804 1913 2876 primogenitus
1955 2807 2011 2863 in

2116 2802 2460 2874 πρωτότοκος
2497 2803 2591 2854 ἀπ’
2620 2799 2862 2870 οὐρανῶν
2909 2797 2999 2850 ἐπὶ⁵
3045 2797 3102 2850 σὲ
3139 2799 3554 2869 κατερχόμενος,
3588 2795 3681 2850 καὶ

447 2890 599 2936 ntere
621 2879 917 2950 formatus;
954 2894 1011 2938 ut
1038 2888 1452 2960 primogenitum
1483 2891 1720 2951 Verbum
1759 2897 1878 2966 Dei,
1909 2901 2010 2956 ho-

2112 2893 2395 2964 ἆνθρωπος
2435 2891 2776 2962 πρωτότοκος
2816 2891 2874 2942 ἐν
2904 2888 3082 2958 κοιλίᾳ
3123 2888 3524 2958 πλασσόμενος’
3555 2886 3620 2940 ἵν’
3653 2887 3681 2940 ὁ

445 2971 576 3026 mini
608 2973 966 3046 primogenito
994 2980 1203 3034 unitum
1235 2984 1634 3041 ostenderetur.

2110 2985 2451 3057 πρωτότοκος
2485 2982 2653 3050 Λόγος
2683 2980 2836 3045 Θεοῦ,
2867 2980 3194 3052 πρωτοτόκῳ
3222 2977 3494 3050 ἀνθρώπῳ
3519 2995 3681 3032 συνα-
3729 3020 3731 3023 .

2094 3077 2380 3149 ,πιόμενος
2416 3073 2624 3143 δειχθῇ.

806 3153 1058 3226 Ejusdem
1091 3177 1154 3213 ea:
1184 3162 1364 3216 eodem
1393 3180 1645 3220 sermone.
2380 3171 2438 3221 Τί

2380 3167 2490 3221 Τοῦ
2521 3163 2728 3229 αὐτοῦ,
2757 3163 2827 3216 ἑκ
2859 3161 2964 3215 τοῦ
2995 3160 3180 3214 αὐτοῦ
3207 3162 3413 3229 λόγου.

519 3240 864 3310 Secundam,
916 3262 1010 3315 per
1057 3251 1392 3319 prophetas,
1454 3262 1512 3308 ut
1553 3271 1650 3324 per
1703 3254 2008 3315 Samuelem

2187 3261 2297 3330 Τὴν
2341 3261 2397 3312 δὲ
2441 3258 2717 3326 δευτέραν·
2745 3255 2842 3324 τὴν
2885 3253 2971 3306 διὰ
3013 3251 3120 3305 τῶν
3153 3253 3444 3323 προφητῶν
3484 3251 3558 3314 ὡς
3591 3251 3677 3304 διὰ

440 3349 698 3388 revocans
739 3347 791 3390 et
826 3337 1063 3395 liberans
1094 3344 1352 3412 populum
1389 3361 1417 3398 a
1446 3348 1706 3403 servitute
1744 3350 2004 3421 alienige'.

2108 3355 2202 3412 τοῦ
2245 3347 2505 3420 Σαμουὴλ
2541 3345 2845 3408 ἀνακαλῶν,
2891 3343 2982 3395 καὶ
3038 3343 3380 3413 ἐπιστρέφων
3423 3341 3516 3396 τὸν
3556 3342 3680 3395 λαὸν

438 3441 650 3480 narum.
701 3426 959 3496 Tertiam,
1008 3433 1226 3500 quando
1275 3435 1593 3493 incarnatus
1646 3441 1854 3509 aderat,
1904 3444 2005 3498 ho-

2108 3447 2218 3504 ἀπὸ
2248 3445 2347 3514 τῆς
2373 3437 2613 3500 δουλείας
2650 3436 2756 3499 τῶν
2785 3433 3112 3501 ἀλλοφύλων.
3147 3434 3258 3504 Τὴν
3283 3434 3340 3486 δέ
3373 3433 3583 3503 τρίτην,
3621 3433 3678 3484 ἐν

441 3519 586 3572 mine
626 3536 688 3606 ex
724 3519 938 3591 Virgine
985 3536 1293 3595 assumpto;
1335 3529 1429 3598 qui
1470 3538 1523 3583 et
1557 3531 1830 3587 civitatem
1866 3550 2000 3589 con-

2133 3532 2142 3610 i
2180 3536 2437 3604 ἐνσαρκος
2481 3527 2659 3599 παρῆν
2703 3525 2793 3577 τὸν
2836 3527 2899 3576 ἐκ
2933 3523 3035 3590 τῆς
3075 3523 3349 3593 Παρθένου
3396 3521 3679 3591 ἄνθρωπον
3763 3581 3765 3583 ι

413 3611 695 3680 τερὶειιιυε,
724 3610 870 3666 ﬂevit
897 3629 1060 3684 super
1091 3615 1286 3684 ipsam.

2111 3624 2415 3688 ἀναλαϐὼν,
2445 3621 2503 3684 ὃς
2534 3619 2628 3674 καὶ
2653 3617 2774 3671 ἰδὼν
2798 3615 2896 3686 τὴν
2922 3615 3097 3680 πόλιν,
3124 3613 3384 3666 ἔκλαυσεν
3411 3612 3495 3664 ἐπ’
3516 3613 3675 3680 αὐτῇ.

2026 3716 2090 3772 ν.

509 3793 590 3848 Ea:
619 3796 796 3849 eodem
827 3800 1335 3868 sermone.—Apud
1367 3801 1602 3856 eumdem
1637 3803 2006 3863 Theodoritum
2045 3810 2179 3865 Dial.
2212 3808 2274 3875 ll,
2303 3805 2407 3878 qui'
2436 3803 2795 3871 Ἇσύγχυτος
2826 3796 3150 3852 inscribitur.
3187 3793 3326 3848 Ibid.
3357 3811 3477 3865 pag.
3511 3795 3600 3850 88.
3639 3872 3643 3876 γ

506 3885 659 3942 Hanc
701 3888 770 3941 ob
795 3903 1016 3942 causam
1067 3890 1168 3944 tria
1208 3892 1334 3945 anni
1381 3902 1620 3963 tempora
1652 3896 1991 3956 Servatorem
2021 3909 2063 3966 ο

2040 3909 2063 3966 3
2165 3900 2275 3954 Καὶ
2313 3898 2402 3953 διὰ
2438 3895 2593 3949 τοῦτο
2632 3895 2783 3963 τρεῖς
2815 3888 2997 3958 καιροὶ
3035 3888 3128 3940 τοῦ
3157 3887 3398 3940 ἐνιαυτοῦ
3441 3902 3672 3957 προετυ-

432 3978 613 4047 ipsum
659 3981 1173 4050 praesignilicabant,
1222 3994 1280 4039 ut
1317 4001 1438 4054 quae
1471 3987 1536 4041 de
1580 3988 1698 4057 ipso
1743 3993 1998 4060 praedicta

2101 3992 2299 4044 ποῦντο
2330 3991 2410 4052 εἰς
2441 3985 2600 4040 αὐτὸν
2629 3983 2717 4036 τὸν
2741 3981 2992 4050 Σωτῆρα,
3013 3981 3104 4040 ,ἵνα
3136 3978 3201 4032 τὰ
3230 3976 3673 4048 προφητευθέντα

433 4079 592 4126 erant
631 4075 886 4144 mysteria
929 4087 1228 4147 perageret.
1276 4077 1330 4130 In
1363 4077 1626 4135 Paschate
1660 4084 1899 4152 quidem,
1938 4093 1998 4140 ut

2100 4083 2192 4136 ἐπὶ
2221 4079 2385 4135 αὑτοῦ
2419 4077 2693 4150 μυστήρια
2715 4069 3032 4143 ἐπιτελέσῃ.
3068 4071 3175 4132 ,Ἐν
3212 4069 3309 4140 μὲν
3343 4067 3419 4137 τῷ
3447 4068 3671 4136 Πάσχα,

433 4163 744 4221 ostenderet
777 4181 896 4220 sese
942 4175 1194 4236 tanquam
1227 4185 1380 4224 ovem
1422 4174 1787 4242 mactandum,
1818 4187 1872 4230 et
1902 4195 1995 4232 ve-

2100 4176 2188 4228 ἵνα
2222 4173 2413 4227 ἑαυτὸν
2447 4169 2689 4239 ἐπιδείξῃ
2728 4167 2818 4220 τὸν
2853 4166 3109 4238 μέλλοντα
3145 4164 3220 4226 ὼς
3252 4162 3520 4234 πρόϐατον
3552 4159 3673 4213 θύε-

433 4269 554 4308 rum
606 4254 816 4311 Pascha
871 4259 1245 4328 probandum,
1295 4261 1438 4316 sicut
1483 4264 1614 4318 dicit
1658 4266 1990 4335 Apostolus:

2101 4266 2244 4332 σθαι,
2265 4265 2359 4318 κατ¹
2375 4262 2623 4330 ἀληθινὸν
2640 4263 2828 4338 Πάσχα
2843 4257 3170 4329 δείκνυσθαι,
3197 4256 3269 4319 ὡς
3302 4258 3331 4310 ὁ
3357 4251 3672 4315 Ἀπόστολος

439 4363 457 4396 ι
489 4343 698 4400 Pascha
741 4356 986 4403 nostrum
1030 4365 1126 4419 pro
1169 4352 1326 4406 nobis
1364 4353 1674 4412 immolatus
1712 4368 1797 4413 est
1835 4340 2020 4414 Chri-I

2094 4357 2273 4425 λέγει’
2296 4357 2398 4408 (Τὸ
2416 4355 2472 4408 δὲ
2493 4354 2682 4423 Πάσχα
2699 4349 3006 4424 ἡμῶνξπὲρ
3021 4348 3176 4419 ἡμῶν
3201 4344 3362 4416 ὲθύθη
3389 4344 3620 4416 Χριστὸς
3645 4360 3664 4394 ι

431 4431 598 4484 stus“
629 4451 646 4482 ι
699 4431 860 4490 Deus.
911 4435 969 4489 In
1003 4435 1320 4494 Pentecoste
1348 4456 1498 4509 vero,
1532 4454 1591 4498 ut
1621 4461 1847 4516 regnum
1879 4465 1994 4505 ca:-

2095 4451 2123 4502 ὁ
2149 4448 2299 4512 Θεός.
2347 4446 2435 4498 Ἐν
2471 4445 2528 4498 δὲ
2561 4447 2627 4514 τῇ
2668 4435 3046 4514 Πενιὲηκοστῇ,
3091 4441 3177 4493 ἵνα
3219 4438 3543 4506 προσημήνῃ
3573 4434 3670 4505 τὴν

435 4521 609 4575 lorum
663 4527 1136 4595 prmsignilicaret;
1191 4541 1248 4584 ut
1305 4535 1398 4604 qui
1452 4537 1659 4605 primus
1705 4539 1771 4592 ad
1824 4544 1993 4596 caelos

2095 4539 2204 4594 τῶν
2241 4538 2482 4611 οὐρανῶν
2521 4536 2798 4607 βασιλείαν
2819 4551 2833 4566 ο
2873 4532 3033 4594 αὐτὸς
3061 4528 3273 4599 πρῶτος
3307 4529 3386 4590 εἰς
3409 4528 3669 4599 οὐρανοὺς

433 4612 699 4681 ascendit,
734 4614 952 4687 Deoque
979 4619 1181 4674 donum
1223 4623 1494 4680 hominem
1531 4629 1748 4686 obtulit.

2101 4631 2341 4696 ἀναϐὰς,
2385 4629 2479 4685 καὶ
2523 4627 2614 4681 τὸν
2653 4626 2938 4699 ἄνθρωπον
2988 4621 3158 4694 δῶρον
3197 4618 3274 4690 τῷ
3309 4618 3428 4689 Θεῷ
3498 4631 3672 4687 προσ-

471 4713 474 4715 Α
2105 4722 2347 4794 ενέγκας.
2368 4776 2373 4781 .

2005 4833 2097 4892 VI.

598 4907 684 4963 Ea:
723 4913 961 4967 oratione
997 4915 1052 4968 in
1083 4915 1238 4983 illud,
1278 4935 1297 4968 ι
1328 4917 1586 4976 Dominus
1631 4925 1801 4991 pascit
1844 4942 1942 4981 me.
1985 4944 2006 4979 ι
2033 4957 2105 4968 —-
2130 4928 2286 4997 Apud
2316 4925 2554 4981 eumdem
2593 4922 2969 4978 Theodoritum
3001 4919 3139 4974 Dial.
3174 4918 3216 4985 1,
3253 4935 3376 4990 pag.
3409 4919 3499 4974 56.

428 5002 613 5058 Sancti
637 5001 922 5083 Hippolyti
948 5006 1197 5083 cpisyopi
1224 5016 1276 5062 et
1311 5014 1583 5081 martyris,
1628 5030 1696 5068 ex
1737 5016 1985 5072 oratione

2091 5017 2199 5072 Τοῦ
2240 5017 2395 5083 ἁγίου
2436 5013 2778 5083 Ἱππολύτου
2809 5009 3104 5083 ἐπισκόπου
3138 5011 3231 5063 καὶ
3277 5009 3570 5083 μάρτυρος,
3599 5009 3661 5062 ἐκ

710 5020 830 5072 ppm
855 5020 908 5058 ἰι
948 5021 1184 5076 episcopi
1224 5020 1276 5062 et
1311 5020 1583 5081 martyris,
1628 5030 1696 5068 ex
1737 5020 1985 5072 oratione
2091 5020 2199 5072 Τοῦ
2240 5020 2335 5083 ἁγίη

703 5074 756 5128 in
795 5020 947 5142 iliud,
997 5094 1014 5126 ι
1051 5075 1310 5133 Dominus
1340 5083 1516 5150 pascit
1541 5099 1644 5138 me.
1680 5103 1699 5136 ι
2186 5083 2278 5141 τοῦ
2304 5087 2335 5140 λ

1954 5031 1985 5072 e
2091 5020 2199 5072 Τοῦ
2240 5020 2395 5083 ἁγίου
2436 5020 2751 5068 Ἱππολύτου
2809 5020 3104 5094 ἐπισκόπου
3138 5020 3231 5063 καὶ
3277 5020 3570 5095 μαρτυρος,

2186 5083 2278 5141 τοῦ
2304 5087 2461 5154 λόγου
2500 5084 2594 5139 τοῦ
2631 5085 2710 5146 είς
2735 5081 2817 5146 τὸ,
2853 5100 2871 5131 ι
2897 5082 3099 5152 Κυριος
3130 5097 3402 5151 ποιμαινει
3440 5098 3528 5151 με.
3567 5099 3586 5133 ι

496 5183 666 5240 Porro
701 5195 881 5240 autem
913 5202 1038 5243 arca
1073 5204 1139 5242 ex
1169 5189 1327 5258 lignis
1368 5208 1488 5260 quae
1518 5207 1832 5262 putrescere
1871 5211 1981 5250 non

2163 5199 2273 5252 Καὶ
2319 5195 2549 5260 κιϐωτὸς
2595 5197 2652 5248 δὲ
2692 5196 2758 5248 ἐκ
2801 5193 2973 5258 ξύλων
3019 5194 3276 5264 ἀσήπτων
3322 5192 3484 5256 αὐτὸς
3525 5187 3594 5265 ἦν
3637 5195 3666 5247 ἁ

425 5287 696 5346 poterant,
735 5288 853 5334 erat
894 5279 1007 5349 ipse
1040 5279 1306 5336 Salvator.
1354 5281 1459 5338 Per
1497 5285 1637 5338 hanc
1673 5285 1841 5352 enim,
1883 5301 1984 5355 pu-

2092 5290 2313 5362 Σωτήρο
2347 5289 2406 5343 τὸ
2437 5289 2544 5361 γὰρ
2577 5287 2820 5360 ἄσηπτον
2850 5283 3014 5340 αὑτοῦ
3043 5286 3136 5340 καὶ
3171 5284 3496 5360 ἀδιάφθορον
3533 5286 3657 5357 σκῆ-

494 5457 537 5486 ³⁰
561 5455 692 5512 Luc.
728 5475 859 5526 nn,
883 5459 970 5514 42.
1063 5461 1105 5493 ⁸¹
1130 5463 1316 5520 Matth.
1354 5479 1500 5527 xxvr,
1528 5465 1617 5520 41.
1689 5468 1776 5523 ³³1
1806 5469 1929 5524 Cor.
1961 5485 2014 5536 v,
2043 5469 2100 5525 7.

499 5613 612 5695 (δεῇ)
629 5617 748 5671 Ὅτι
778 5620 876 5703 καὶ
899 5620 1226 5703 ᾅνθρωπος.
1247 5621 1386 5677 Nota
1406 5624 1630 5688 dictum,
1659 5643 1677 5675 ι
1697 5633 1750 5703 et
1772 5625 1987 5703 homou
2096 5627 2120 5680 i

1930 5642 1987 5687 ις»
2096 5626 2272 5703 ίοὸὶι
2320 5700 2396 5703 __
2516 5695 2542 5703 _
2599 5649 2604 5654 “
2652 5696 2665 5703 _
2853 5694 2904 5703 __
2983 5692 3026 5703 η
3553 5691 3562 5703 ,

424 5685 682 5764 quoniam
729 5689 935 5764 scilicet
970 5685 1141 5764 aliam;
1172 5685 1394 5764 insuper
1436 5685 1684 5749 naturam
1738 5685 1989 5756 habebat.

2166 5695 2280 5764 ‘86)
2311 5695 2601 5764 mnpoi'...
2633 5692 3106 5762 ἁπεστὰλη.Ηα›ς
3139 5707 3415 5763 perperam
3458 5691 3659 5749 omissa

423 5753 472 5810 ea
509 5753 646 5810 Deus
678 5769 812 5812 erat.
854 5758 1045 5827 Cius,
1079 5762 1144 5815 ad
1185 5753 1319 5818 Bulli
1345 5763 1554 5834 Defens.
1583 5765 1678 5832 ﬁd.
1712 5764 1834 5820 Nic.
1862 5753 1988 5837 pag.
2097 5765 2150 5820 in
2170 5753 2304 5823 edit.
2339 5753 2553 5824 Fabric.
