4134 6450
449 406 554 463 865

1613 405 1994 462 SERMONUM
2035 406 2475 464 FRAGMENTA.

3585 424 3688 478 866

446 543 534 588 νος
565 523 737 596 ταύτῃ
775 523 1192 595 κατηγγέλλετο,
1221 521 1282 575 τὸ
1315 521 1584 593 μηδεμίαν
1623 522 2009 594 ἁμαρτήματος

2122 523 2348 578 tredinis
2397 534 2447 577 et
2481 525 2846 594 corruptionis
2892 543 3086 599 expers
3115 531 3234 602 ejus
3275 533 3686 591 tabernaculum

448 616 720 687 σηπεδόνα
762 615 958 685 φῦσαν.
1014 617 1073 668 ’0
1120 615 1230 686 γὰρ
1267 615 1592 685 ἁμαρτήσας
1629 615 1724 666 καὶ
1769 612 2016 683 ἐξομολο-

445 705 708 777 γούμενός
737 723 904 778 φησι·
949 724 967 758 ι
991 705 1348 777 Προσώζεσαν
1379 705 1472 758 καὶ
1500 705 1784 775 ὲσάπησαν
1823 706 1871 756 οἱ
1901 704 2014 776 μώ-

444 796 625 861 λωπές
677 815 776 868 μου
825 796 936 865 ἀπὸ
979 796 1268 868 προσώπου
1314 796 1414 866 τῆς
1463 796 1778 867 ἀφροσύνης
1835 813 1956 866 μου.
1990 811 2008 846 ι

457 890 515 943 '0
535 890 596 944 δὲ.
617 891 818 961 Κύριος
847 892 1231 962 ἀναμάρτητος
1261 885 1352 961 ἦν,
1383 891 1448 942 ὲκ
1487 888 1594 941 τῶν
1623 889 1884 958 ἀσήπτων
1922 887 2014 952 ξύ-

444 982 551 1036 λων
591 983 652 1036 τὸ
685 983 824 1036 κατά
858 981 1162 1052 ἄνθρωπον,
1200 981 1474 1034 τουτέστιν
1507 984 1571 1033 ὲκ
1602 980 1700 1048 τῆς
1738 979 2013 1050 Παρθένου

444 1075 538 1137 καὶ
584 1073 677 1128 τοῦ
720 1074 870 1141 ἁγίου
919 1071 1267 1143 Πνεύματος,
1317 1071 1514 1125 ἔσωθεν
1544 1073 1638 1125 καὶ
1689 1071 1884 1134 ἔξωθεν
1915 1071 2008 1122 τοῦ

444 1168 618 1235 Λόγου
650 1166 742 1220 τοῦ
771 1166 904 1220 Θεοῦ
934 1161 1023 1219 οἷα
1054 1165 1425 1236 καθαρωτάτῳ
1465 1163 1675 1237 χρυσίῳ
1716 1179 2010 1234 περικεκα-

368 1250 370 1253 ’
442 1257 506 1310 λυ
513 1257 735 1330 μμένος.
1039 1253 1064 1284 ’

2115 615 2559 684 signiﬁcabatur,
2607 619 2752 687 quod
2818 620 3023 676 nullam
3083 627 3285 693 peccati
3343 628 3684 694 putredinem

2091 701 2321 772 'genuit.
2353 709 2487 758 Nam
2520 706 2613 776 qui
2648 709 2908 776 peccavit,
2940 711 3229 767 conﬁtetur
3254 722 3308 770 et
3337 716 3503 770 dicit:
3537 735 3554 768 ι
3576 717 3686 772 Pu-

2115 801 2369 849 truernnt
2407 805 2461 850 et
2492 809 2763 866 corrupta:
2804 810 2933 856 sunt
2964 803 3246 860 cicatrices
3283 821 3435 872 mem,
3483 823 3514 861 a
3547 807 3686 863 facie

2114 885 2438 956 insipientia:
2465 904 2598 943 mea:
2619 889 2684 944 ³³.
2703 909 2720 944 ι
2755 890 3017 948 Dominus
3047 904 3226 950 autem
3252 898 3460 965 peccati
3489 913 3685 967 expers

2113 986 2251 1043 erat,
2285 987 2338 1033 et
2367 995 2433 1034 ex
2467 981 2627 1048 lignis
2657 981 3037 1050 putrefactioni
3070 1001 3174 1040 non
3204 987 3454 1043 obnoxiis
3488 1004 3686 1042 secun-

2117 1067 2246 1123 dum
2297 1070 2596 1138 hominem,
2649 1073 2751 1128 hoc
2792 1084 2875 1129 est
2921 1092 2986 1131 ex
3013 1075 3235 1147 Virgine
3283 1089 3339 1134 et
3376 1095 3440 1134 ex
3478 1080 3683 1149 Spiritu

2116 1170 2325 1226 sancto,
2365 1162 2509 1218 intus
2535 1171 2588 1217 et
2611 1164 2744 1220 foris
2782 1178 3037 1237 tanquam
3066 1171 3364 1240 purissimo
3395 1171 3554 1226 Verbi
3585 1172 3679 1226 Dei

2116 1267 2252 1308 auro
2280 1254 2690 1312 circumtectus.

2006 1345 2120 1400 VII.

635 1427 721 1498 Ea:
761 1459 995 1499 sermone
1017 1442 1072 1496 in
1100 1457 1358 1514 magnum
1407 1441 1714 1496 Canticum.
1741 1439 1990 1510 —Apud
2032 1439 2670 1502 eumdemflieodoritum
2694 1442 2828 1497 Dial.
2867 1441 2930 1510 11,
2954 1446 3082 1498 ibid.
3120 1463 3240 1517 pag.
3270 1447 3356 1510 88,
3397 1449 3485 1502 89.

443 1537 550 1592 Τοῦ
574 1537 758 1603 αὐτοῦ,
783 1535 852 1590 ἐκ
881 1535 986 1590 τοῦ
1005 1534 1234 1656 λόγοᾌ
1242 1533 1347 1588 τοῦ
1368 1534 1445 1596 είς
1469 1532 1566 1604 τὴν
1597 1517 1760 1614 {eam
1789 1531 1887 1602 τὴν
1915 1547 2010 1600 με-

1129 1622 1162 1656 γ
1236 1621 1319 1656 ην.
1602 1637 1604 1640 μ

1129 1621 1319 1675 γαληνο
1464 1667 1467 1670 .
1602 1637 1604 1640 ν

525 1717 584 1771 ’0
624 1717 715 1772 τὸν
744 1715 1057 1798 ἀπολωλότα
1092 1716 1156 1768 ὲκ
1187 1715 1292 1785 γῆς
1336 1712 1755 1786 πρωτόπλαστον
1798 1711 2008 1783 ἄνθρω-

443 1826 564 1873 πον,
595 1809 688 1862 καὶ
727 1810 784 1862 ὲν
823 1807 1040 1877 δεσμοῖς
1073 1805 1301 1859 θανάτου
1341 1804 1726 1876 κρατούμενον,
1774 1803 1833 1870 ἐξ
1880 1803 2007 1874 ᾅδου

441 1901 752 1954 κατωτάτω
795 1899 1057 1962 ἑλκύσας·
1098 1900 1127 1951 6
1172 1897 1376 1951 ἄνωθεν
1419 1895 1715 1960 κατελθὼν,
1770 1895 1863 1949 καὶ
1916 1895 2006 1948 τὸν

2228 1529 2502 1598 Ejusdem,
2531 1547 2595 1586 ex
2618 1549 2853 1587 sermone
2883 1533 2938 1586 In
2973 1551 3227 1605 magnum
3263 1535 3570 1593 Canticum.

2187 1707 2288 1775 Qui
2339 1711 2610 1780 perditum
2661 1714 2936 1768 hominem
2987 1732 3054 1770 ex
3101 1727 3242 1770 terra
3287 1716 3579 1773 formatum
3627 1730 3680 1774 et

2113 1799 2348 1853 vinculis
2395 1803 2590 1856 mortis
2623 1803 2933 1866 astrictum.
2976 1821 3041 1859 ex
3072 1806 3260 1859 intimo
3310 1805 3522 1862 inferno
3564 1812 3675 1864 eri-

2109 1891 2260 1961 puit;
2295 1892 2388 1961 qui
2421 1893 2650 1963 desuper
2680 1895 2922 1958 veniens,
2959 1898 3010 1949 in
3047 1897 3278 1951 sublime
3309 1900 3502 1952 extulit
3529 1901 3678 1956 humi

441 1995 591 2048 κάτω
608 1994 687 2055 εἰς
710 1991 776 2044 τὰ
802 1982 913 2046 ἄνω
942 1991 1239 2060 ἀνενέγκας
1259 2008 1271 2020 ·
1302 1993 1330 2043 ὁ
1354 1989 1461 2043 τῶν
1482 1989 1694 2060 νεκρῶν
1727 1987 2009 2057 εὐαγγελι-

2107 1981 2408 2052 iacentem:
2445 1984 2537 2052 qui
2586 1993 2925 2038 mortuorum
2961 1987 3322 2057 evangelista,
3381 2001 3433 2042 et
3467 1991 3681 2043 anima-

442 2083 590 2155 στὴς,
625 2084 718 2136 καὶ
746 2081 850 2135 τῶν
884 2082 1070 2152 ψυχῶν
1100 2082 1396 2153 λυτρωτὴς,
1433 2084 1524 2134 καὶ
1560 2081 1855 2144 ἀνάστασις
1899 2079 2018 2144 τῶν,

438 2173 792 2244 τεθαμμένων
832 2173 1113 2243 γινόμενος
1132 2209 1146 2234 ,
1174 2163 1329 2233 οὗτος
1357 2167 1426 2242 ἦν
1463 2173 1491 2223 ὀ
1519 2171 1612 2224 τοῦ
1653 2172 2005 2241 νενικημένου
2031 2233 2035 2238 _

439 2267 724 2338 ἀνθρώπου
748 2265 1110 2337 γεγενημένος
1135 2266 1344 2337 βοηθὸς,
1375 2265 1492 2319 κατ’
1513 2265 1671 2319 αὑτὸν
1703 2266 1886 2335 ὅμοιος
1914 2264 2008 2318 αύ-

438 2361 534 2432 τῷ,
575 2362 912 2433 πρωτότοκος
943 2360 1134 2429 Λόγος,
1169 2360 1261 2415 τὸν
1289 2359 1709 2432 πρωτόπλαστον
1749 2357 1922 2428 ’Λδάμ
1950 2359 2007 2413 ἐν

437 2458 504 2526 τῇ
559 2453 824 2526 Παρθένῳ
873 2452 1366 2523 ἐπισκεπτόμενος·
1421 2454 1451 2506 ό
1504 2451 1869 2521 πνευματικὸς
1916 2449 2007 2503 τὸν

435 2546 616 2632 χοξκὸν
643 2549 700 2601 ἐν
725 2549 791 2617 τῇ
819 2547 998 2617 μήτρᾳ
1024 2544 1316 2614 ἐπιζητῶν·
1343 2546 1371 2598 ό
1400 2544 1486 2597 ἀεὶ
1515 2543 1622 2607 ζῶν
1641 2543 1728 2596 τὸν
1758 2543 1847 2596 διὰ
1870 2560 2008 2613 παρ-

437 2637 604 2708 ακὸἦς
649 2637 1011 2691 ἀποθανόντα·
1057 2637 1086 2688 ὁ
1127 2637 1372 2706 οὐράνιος
1418 2635 1510 2689 τὸν
1545 2635 1785 2703 ἐπίγειον
1822 2635 1901 2698 είς
1941 2633 2008 2686 τά

437 2730 550 2784 ἄνω
575 2728 774 2782 καλῶν·
817 2731 846 2782 ό
876 2727 1099 2798 εὐγενὴς
1125 2727 1215 2781 τὸν
1242 2726 1424 2779 δοῦλον
1451 2727 1539 2780 διά
1566 2726 1667 2796 τῆς
1699 2727 1832 2788 ἰδίας
1864 2728 2005 2778 ὐπα-

398 2853 404 2856 -
435 2821 570 2891 κοῆς
597 2819 872 2891 ἐλεύθερον
899 2817 1177 2884 ἀποδεῖξαι
1207 2818 1373 2870 θέλων
1392 2836 1408 2852 ο
1451 2819 1480 2872 ό
1516 2817 1607 2870 τὸν
1649 2817 1726 2879 εἰς
1756 2816 1859 2886 γῆν
1885 2814 2006 2868 λυό-

427 2899 430 2906 ’
441 2931 600 2985 μενον
633 2912 913 2982 ἄνθρωπον
940 2911 1032 2964 καὶ
1061 2910 1258 2982 βρῶμα
1283 2911 1460 2980 ὄφεως
1494 2909 1858 2980 γεγενημένον
1877 2947 1892 2971 ,
1926 2908 2005 2971 είς

435 2991 719 3076 ἀδάμαντα
763 3003 988 3074 τρέψας,
1045 3004 1138 3056 καὶ
1177 3001 1363 3055 τοῦτον
1425 3003 1518 3054 ὲπὶ
1571 3000 1728 3067 ξύλου
1799 3016 2007 3071 κρεμα-

437 3097 631 3151 σθέντα
663 3095 848 3168 κύριον
880 3095 1020 3148 κατὰ
1050 3093 1144 3147 τοῦ
1189 3094 1532 3164 νενικηκότος
1566 3091 1881 3158 ἀποδείξας,
1913 3090 2006 3143 καὶ

438 3189 527 3242 διὰ
557 3187 713 3240 τοῦτο
733 3185 820 3239 διὰ
846 3185 1024 3252 ξύλου,
1056 3183 1352 3255 νικηφόρος
1379 3183 1712 3256 εὑρίσκεται.

690 3278 800 3334 Τοῦ
835 3275 1042 3344 αὑτοῦ,
1083 3276 1150 3330 ἐκ
1187 3275 1292 3330 τοῦ
1322 3275 1508 3330 αὑτοῦ
1532 3278 1738 3344 λόγου.

508 3373 570 3425 Οί
601 3370 710 3443 γὰρ
740 3370 831 3423 τὸν
857 3369 984 3422 Υίὸν
1008 3367 1102 3420 τοῦ
1133 3366 1268 3420 Θεοῦ
1305 3366 1566 3439 ἕνσαρκον
1592 3365 1688 3420 νῦν
1719 3364 1794 3435 μὴ
1819 3363 2004 3434 ἐπιγιά

434 3463 753 3527 νώσκοντες,
779 3459 1168 3531 ἐπι-γνώσονται
1196 3458 1356 3513 αὑτὸν
1381 3456 1570 3532 κριτὴν
1591 3458 1648 3510 ὲν
1674 3455 1802 3528 δόξῃ
1829 3472 2006 3528 παρα-

433 3560 737 3632 γινόμενον,
767 3558 859 3610 τὸν
883 3556 979 3613 νῦν
1008 3557 1066 3637 ὲν
1097 3554 1270 3626 ἀδόξῳ
1300 3552 1511 3625 σώματι
1542 3549 1916 3624 ὑϐριζόμενον.

695 3741 805 3810 Εὖ
838 3738 1046 3805 αὑτοῦ,
1074 3735 1142 3790 ἐκ
1170 3736 1276 3790 τοῦ
1308 3734 1495 3789 αὐτοῦ
1525 3734 1729 3804 λόγου.

505 3832 616 3887 Καὶ⁵
642 3831 748 3903 γὰρ
778 3831 827 3885 οἱ
855 3826 1138 3884 ἀπόστολοι
1164 3825 1408 3888 ἐλθόντες
1440 3827 1518 3908 είς
1545 3823 1606 3876 τὸ
1638 3841 1740 3894 μνη
1751 3825 1897 3894 μεῖον
1929 3823 1998 3894 τῇ

434 3920 615 3992 ἡμέρᾳ
642 3923 709 3990 τῇ
741 3919 917 3991 τρίτῃ,
947 3919 1042 3987 οὐχ
1075 3915 1323 3986 ε’ύρισκον
1361 3915 1421 3966 τὸ
1467 3913 1624 3983 σῶμα
1653 3913 1745 3965 τοῦ
1789 3911 1962 3982 Ἰησοῦ
1982 3928 1995 3941 ·

2039 3179 2086 3240 C

2109 2087 2231 2126 rum
2265 2073 2592 2140 redemptor,
2623 2084 2676 2129 et
2709 2077 3038 2130 resurrectio
3068 2079 3432 2146 sepultorum,
3469 2081 3557 2135 hic
3583 2081 3679 2135 de-

2108 2165 2234 2240 victi
2269 2165 2508 2220 hominis
2543 2165 2646 2220 fuit
2676 2167 2997 2231 auxiliator,
3045 2170 3348 2223 secundum
3383 2171 3562 2240 ipsum
3602 2171 3680 2227 si-

2108 2256 2254 2312 milis
2283 2257 2380 2321 illi,
2413 2258 2832 2327 primogenitum
2867 2257 3103 2314 Verbum
3131 2261 3368 2329 primum
3399 2273 3675 2331 parentem

2106 2347 2278 2402 Adam
2318 2348 2371 2401 in
2406 2347 2628 2416 Virgine
2654 2348 2922 2404 visitans:
2970 2351 3272 2420 Spiritualis
3301 2361 3580 2409 terrenum
3621 2357 3675 2408 in

2108 2439 2331 2492 matrice
2354 2455 2633 2512 qua‘rens;
2658 2455 2873 2510 semper
2895 2441 3104 2507 vivens,
3129 2458 3227 2512 per
3253 2443 3675 2501 inobedientiam

2107 2511 2422 2598 mortuum‘;
2470 2534 2708 2588 caelestis
2761 2543 3069 2589 terrestrem
3127 2537 3194 2590 ad
3254 2537 3535 2606 superiora
3581 2554 3674 2590 νου

2108 2637 2276 2688 cans;
2311 2624 2510 2678 nobilis
2541 2639 2757 2679 servum
2792 2640 2890 2694 per
2917 2625 3191 2694 propriam
3223 2626 3590 2680 obedientiam
3611 2626 3680 2679 li-
3769 2657 3778 2670 -

2107 2712 2314 2768 hertate
2368 2715 2573 2769 donare
2624 2715 2834 2769 volens.
2887 2715 2991 2781 Qui
3018 2717 3072 2769 in
3126 2724 3324 2770 terram
3377 2717 3676 2771 resolutum

2109 2803 2383 2859 hominem
2431 2816 2482 2860 et
2513 2807 2772 2875 pabulum
2825 2807 3090 2877 serpentis
3135 2807 3410 2874 eﬂ‘ectum,
3455 2809 3512 2864 in
3545 2793 3676 2863 ada-

2109 2903 2348 2948 mantem
2396 2897 2697 2964 convertit;
2742 2905 2797 2952 et
2837 2897 2984 2954 hunc
3019 2900 3071 2953 in
3121 2900 3270 2969 ligno
3315 2915 3674 2970 suspensum,

2107 2984 2390 3040 dominum
2433 2989 2694 3043 adversus
2725 2989 2984 3044 victorem
3032 2991 3357 3058 declaravit;
3401 3001 3564 3062 atque
3601 2991 3675 3044 ita

2108 3091 2205 3145 per
2234 3077 2437 3146 lignum
2461 3078 2636 3132 victor
2661 3078 2954 3133 invenitur.

2475 3279 2728 3349 Ejusdem
2754 3298 2819 3336 ex
2839 3283 3019 3336 eodem
3051 3300 3307 3338 sermone.

2181 3364 2282 3431 Qui
2309 3367 2453 3421 enim
2478 3368 2679 3441 Filium
2713 3371 2805 3424 Dei
2835 3371 3175 3426 incarnatum
3202 3387 3348 3428 nunc
3371 3387 3482 3426 non
3512 3385 3676 3443 agnon

2109 3465 2292 3524 scunt,
2323 3469 2618 3528 agnoscent
2655 3461 2832 3530 ipsum
2879 3463 3118 3532 judicem
3163 3465 3216 3516 in
3244 3463 3411 3533 gloria
3451 3465 3674 3516 venien-

2111 3555 2238 3613 tem,
2282 3565 2443 3618 quem
2491 3567 2638 3607 nunc
2686 3553 2740 3606 in
2777 3567 3006 3623 corpore
3047 3553 3281 3624 inglorio
3331 3553 3674 3608 contumeliis

2110 3639 2371 3695 afﬁciunt.

2469 3730 2719 3804 Ejusdem
2747 3749 2812 3788 ea:
2836 3734 3014 3788 eodem
3040 3751 3294 3791 sermone.

2172 3820 2384 3878 Etenim
2424 3827 2654 3895 apostoli
2688 3843 2812 3882 cum
2847 3827 3121 3882 venissent
3149 3828 3216 3881 ad
3258 3835 3670 3881 monumentum

2101 3913 2189 3969 die
2233 3918 2412 3980 tertio,
2459 3933 2567 3971 non
2611 3919 2935 3974 invenerunt
2961 3935 3159 3987 corpus
3187 3917 3314 3973 Jesu
3362 3919 3674 3988 :quemad-

433 4011 492 4062 ὃν
518 4012 712 4080 τρόπον
739 4009 844 4062 υἱοὶ
871 4008 965 4061 τοῦ
1011 4006 1226 4078 Ἰσραὴλ
1258 4007 1356 4076 τὴν
1388 4005 1565 4074 ταφὴν
1593 4004 1687 4062 τοῦ
1723 4003 1998 4065 Μωῦσέως

2107 4007 2322 4060 modum
2356 4006 2452 4059 lilii
2493 4007 2654 4062 Israel
2688 4011 3044 4063 ascendentes
3081 4010 3134 4061 in
3175 4019 3444 4068 montem,
3488 4007 3672 4076 sepul-

433 4099 730 4162 ἀναϐάντες
763 4099 819 4152 ὲν
840 4095 919 4167 τῷ
943 4095 1056 4168 ὄρει
1084 4093 1334 4166 ἐζήτουν,
1375 4093 1468 4147 καὶ
1501 4094 1600 4163 ούχ
1633 4092 1902 4173 εὖρισκον.

2112 4095 2304 4151 chrum
2329 4097 2530 4168 Moysis
2555 4099 2906 4168 quaesierunt,
2933 4107 2987 4153 et
3013 4113 3122 4152 non
3150 4099 3490 4151 invenerunt.

1995 4186 2130 4243 VIII.

779 4281 864 4338 Ea:
907 4297 1142 4336 sermone
1167 4281 1220 4336 in
1249 4281 1525 4335 exordium
1560 4279 1743 4334 Isaia.
1779 4279 1933 4350 Apud
1961 4283 2196 4336 eumdem
2231 4282 2602 4338 Theodoritum
2649 4283 2785 4338 Dial.
2815 4282 2856 4348 l,
2890 4281 3022 4338 ibid.
3075 4297 3195 4350 pag.
3230 4279 3319 4334 56.

436 4397 543 4456 Τοῦ
591 4395 744 4466 ἁγίου
789 4393 1126 4460 Ἱππολύτου,
1164 4394 1230 4466 ἐκ
1255 4392 1346 4466 τοῦ
1389 4391 1548 4461 λόγου
1580 4393 1660 4456 εις
1688 4391 1788 4463 τὴν
1830 4389 1999 4462 ἀρχὴν
2026 4393 2079 4452 D

641 4464 649 4537 ξ
1013 4466 1106 4518 τοῦ
1160 4464 1403 4531 Ἡσαΐου.

503 4559 763 4633 Αἰγύπτῳ
803 4559 900 4632 μὲν
926 4557 1018 4638 τόν
1051 4559 1255 4628 κόσμον
1293 4556 1581 4620 ἀπείκασε,
1609 4554 2004 4627 χειροποιήτοις

432 4653 491 4708 δὲ
516 4651 614 4724 τὴν
654 4641 1085 4720 είδωλολατρῐαν,
1127 4647 1335 4719 σεισμῷ
1379 4646 1435 4699 δὲ
1462 4645 1562 4718 τὴν
1607 4645 2004 4717 μετανάστασιν

436 4738 530 4799 καὶ
556 4743 850 4798 κατάλυσιν
877 4742 1046 4812 αὐτῆς
1065 4758 1080 4770 ·
1111 4737 1314 4813 Κύριον
1340 4739 1397 4792 δὲ
1427 4739 1520 4792 τὸν
1546 4738 1736 4808 Λόγον,
1775 4737 2003 4808 νεφέλην

434 4836 492 4888 δὲ
519 4833 746 4906 κούφην,
761 4833 821 4888 τὸ
845 4831 1226 4905 καθαρώτατον
1257 4830 1475 4901 σκῆνος,
1493 4830 1573 4893 είς
1598 4829 1626 4882 ὃ
1642 4827 2003 4901 ὲνθρονισθεὶς

433 4930 463 4981 ό
514 4926 714 4999 Κύριος
769 4925 924 4998 ¹ἡμῶν
977 4925 1182 4995 Ἰησοῦς
1225 4923 1457 4997 Χριστὸς
1495 4921 1741 4994 εἰσῆλθεν
1789 4923 1867 4985 εἰς
1905 4921 1998 4977 τὸν

439 5021 574 5092 βίον,
605 5023 779 5074 σεῖσαι
803 5020 903 5090 τὴν
926 5019 1157 5091 πλάνην.

2242 4392 2427 4450 Sancti
2460 4395 2731 4466 Hippolyti
2761 4411 2826 4518 ei:
2866 4407 3114 4475 sermone
3155 4393 3209 4445 in
3246 4367 3531 4447 exordium

2818 4479 2967 4518 satas.

2818 4479 2967 4519 εωὲ.

2172 4559 2405 4630 Egypto
2435 4557 2654 4628 quidem
2701 4557 2965 4611 mundum
3002 4555 3361 4623 comparavit,
3415 4553 3672 4611 manufa-

2102 4653 2205 4709 ctis
2236 4668 2366 4707 vero
2399 4649 2782 4716 idololatriam,
2821 4659 2977 4703 terra-
3006 4648 3175 4701 motui
3208 4647 3442 4716 deniqne
3475 4646 3670 4702 interi-

2102 4755 2216 4800 tum
2249 4752 2302 4798 et
2327 4743 2660 4798 eversionem
2684 4741 2856 4810 ipsius
2885 4757 2898 4794 :
2922 4738 3211 4793 Dominum
3237 4753 3398 4808 porro
3427 4737 3666 4793 Verbum

2103 4835 2233 4891 nubi
2259 4834 2381 4900 levi,
2409 4832 2706 4903 purissimo
2736 4829 3125 4895 tabernaculo;
3161 4828 3215 4881 in
3244 4843 3353 4898 quo
3376 4828 3670 4883 considens

2102 4926 2365 4982 Dominus
2395 4933 2580 4978 noster
2607 4920 2766 4976 Jesus
2795 4920 3068 4987 Christus,
3102 4921 3158 4974 in
3190 4920 3356 4974 vitam
3385 4920 3667 4992 ingressus

2103 5027 2187 5075 cst
2215 5026 2274 5072 ut
2302 5030 2541 5071 errorem
2570 5019 2902 5068 concuteret.

2021 5109 2115 5170 IX.

439 5204 524 5261 Ea:
551 5206 785 5260 oratione
805 5203 1033 5257 secunda
1053 5203 1108 5256 in
1135 5201 1430 5256 Danielem.
1453 5229 1526 5243 —
1548 5203 1701 5273 Apud
1720 5202 2053 5257 Eustratium
2077 5201 2433 5272 presbyterum
2451 5194 2562 5273 ΟΡ.
2579 5197 2643 5273 in
2665 5205 2899 5273 tractatu
2914 5193 3308 5273 Adversuseos
3334 5190 3663 5273 qtiitlicunt,

506 5259 718 5331 animas
741 5275 922 5328 statim
943 5282 1104 5342 atque
1129 5288 1160 5326 e
1186 5288 1413 5342 corpore
1440 5259 1632 5328 soluta:
1653 5285 1799 5340 sunt,
1829 5289 1936 5328 non
1965 5259 2201 5342 operari,
2224 5259 2346 5332 5th
2375 5285 2492 5335 cap.
2541 5267 2628 5319 19.
2667 5265 2964 5342 lC.r_A||atio
2997 5263 3071 5317 De
3091 5259 3384 5342 utriusque
3407 5259 3664 5318 Ecclesia:

508 5346 877 5402 Occidentalis
919 5331 1081 5412 atque
1112 5331 1404 5399 Orientalis
1435 5355 1693 5413 perpetua
1723 5331 2057 5415 in'dogma'te
2083 5345 2150 5398 de
2174 5331 2492 5411 purgatorio
2518 5336 2898 5396 consensione,
2925 5349 3046 5401 pag.
3077 5331 3201 5384 492.

436 5440 599 5508 Λέγει
664 5437 845 5508 τοίνυν
911 5433 1217 5508 Ἱππόλυτος
1260 5435 1304 5508 -ό
1367 5434 1598 5508 μάρτυς
1630 5434 1726 5508 xui.
1770 5435 1994 5508 ὲπίσκοτ

504 5503 606 5572 πος
624 5578 650 5588 _
670 5507 888 5578 Ῥώμης
932 5506 992 5559 ὲν
1020 5503 1096 5575 τῷ
1123 5503 1635 5577 δευτέρῳ’λόγῳ·εἰς
1666 5505 1757 5559 τὸν
1796 5505 1996 5578 Δανιὴλ

500 5595 742 5635 τοιαυτα-

500 5671 635 5724 Τότε
680 5669 776 5740 μὲν
805 5660 897 5721 οὖν
930 5665 1129 5729 συστὰς
1167 5664 1423 5738 ’Λζαρίας
1459 5664 1575 5736 ἅμα
1612 5667 1726 5730 τοῖς
1756 5665 1994 5727 λοιποῖς,

350 5841 357 5850 .
432 5761 500 5816 δι’
532 5759 700 5831 ὕμνου
731 5759 826 5813 καὶ
851 5757 1015 5828 εὐχῆς
1051 5757 1468 5831 ὲξομολογοῦντο
1490 5757 1571 5828 τῷ
1603 5757 1722 5827 Θεῷ
1748 5757 1808 5811 ὲν
1849 5755 1998 5828 μέσῳ

504 5875 707 5932 “Psal.
742 5889 944 5937 “ml,
980 5874 1031 5928 5.

2101 5431 2192 5487 Ait
2223 5446 2354 5502 ergo
2401 5428 2718 5502 Hippolytus
2768 5421 3398 5502 martyrnetcpiscopus
3437 5420 3660 5491 Romae,

2343 5491 2866 5566 orati-one'sccunda‘
2887 5491 2939 5546 in
2971 5491 3268 5556 Danielem,
3299 5492 3380 5546 sic
3404 5507 3418 5545 :

2173 5661 2328 5717 Tunc
2362 5674 2490 5714 vero
2524 5666 2676 5713 stans
2702 5651 2929 5707 Azarias
2962 5666 3086 5706 cum
3120 5650 3352 5718 caeteris,
3377 5651 3581 5723 hymno
3609 5663 3662 5708 et

2104 5754 2354 5824 precibus
2383 5750 2549 5804 Deum
2580 5745 2872 5801 laudabant
2908 5741 2961 5796 in
2995 5742 3174 5798 medio
3199 5741 3452 5799 fornacis.
3488 5742 3656 5798 Eatur--
