4134 6442
412 383 518 437 867
1126 385 1183 441 S.
1227 323 1589 441 HIPPDLYTI
1619 383 1773 443 OPP.
1812 384 1988 442 PARS

2084 428 2099 442 .
2140 412 2209 427 -
2246 385 2550 444 DOGMAT.
2594 387 2684 444 ET
2722 388 3070 447 HISTORIC.
3568 389 3679 447 868

412 495 565 551 dium
608 495 796 567 itaque
829 495 1087 554 ducentes
1123 513 1155 553 a
1187 506 1398 565 sancto,
1431 498 1669 570 glorioso
1696 509 1751 554 et
1778 500 1988 570 magni-

2096 500 2196 572 τῆς
2223 502 2471 573 καμίνου.
2523 502 2843 574 Ἀρξάμενοι
2871 498 2963 558 οῦν
2998 505 3106 558 ἀπὸ
3133 504 3228 558 τοῦ
3257 505 3414 574 ἁγίου
3452 506 3548 561 καὶ
3584 482 3693 565 ὲν-Ὶ

414 586 522 642 ﬁco
548 589 789 656 nomine,
830 588 901 644 ad
934 590 1050 659 ipsa
1079 588 1295 644 Domini
1326 605 1490 659 opera
1536 589 1903 657 devenerunt;
1938 601 1988 646 et

2092 591 2244 656 δόξου
2271 594 2366 646 καὶ
2406 592 2853 665 μεγαλοπρεποῦς
2880 596 3163 667 ὀνόματος,
3204 594 3369 669 ἦλθον
3411 600 3499 652 ἐπ’
3535 600 3678 655 αὐτὰ

411 683 651 751 primum
696 682 914 752 quidem
966 683 1205 737 caelestia
1260 682 1677 751 compellantes,
1723 683 1988 753 gloriﬁca-

2093 684 2161 738 τὰ
2185 684 2321 756 ἔργα
2350 685 2442 739 τοῦ
2467 686 2691 757 Κυρίου,
2724 687 2938 760 πρῶτον
2964 689 3034 743 τὰ
3057 691 3356 761 ἐπουράνια
3384 691 3679 762 ὀνομάζον-

414 773 546 827 bant
578 774 854 828 dicentes:
895 791 915 824 ‹
952 771 1287 837 Benedicite,
1324 773 1509 826 omnia
1546 788 1710 842 opera
1744 773 1988 838 Domini,

2093 795 2206 841 τες,
2251 778 2346 831 καὶ
2373 778 2619 844 ἐδόξαζον
2650 779 2931 847 λέγοντες*
2988 800 3007 833 ι
3041 784 3351 852 Εὑλογεῖτε,
3395 786 3573 839 πάντα
3606 785 3675 839 τὰ

414 863 647 919 Domino
688 865 753 919 “.
786 883 806 916 ι
858 863 983 918 Post
1024 865 1140 918 haec
1179 864 1247 918 ad
1287 865 1427 919 ﬁlios
1448 864 1731 918 hominum
1776 864 1988 919 descen-

2096 866 2235 938 ἔργα
2276 868 2503 939 Κυρίου,
2543 868 2634 922 τὸν
2677 869 2902 941 Κύριον.
2939 890 2958 923 ι
3001 875 3233 928 Ἔπειτα
3274 875 3537 947 μετῆλθον
3580 875 3675 928 ἐπὶ

412 958 633 1020 derunt,
669 970 834 1028 atque
856 957 1154 1011 ordinatim
1182 958 1444 1028 hymnum
1477 957 1813 1020 eminentes,
1844 957 1988 1013 dein-

2096 959 2225 1021 τοὺς
2251 958 2401 1021 υἱοὺς
2426 957 2534 1011 τῶν
2560 958 2883 1030 ἀνθρώπων,
2916 963 3011 1015 καὶ
3041 964 3182 1017 κατὰ
3208 963 3361 1029 τάξιν
3389 965 3481 1019 τὸν
3507 965 3675 1037 ὕμνον

425 1065 552 1118 ceps
594 1050 985 1104 subterraneos
1025 1048 1364 1103 advocarunt
1406 1049 1632 1118 spiritus
1677 1048 1988 1118 angelorum

2096 1051 2479 1121 ἀναφέροντες,
2508 1050 2698 1104 ἔπειτα
2733 1052 2802 1104 τὰ
2826 1056 3156 1124 καταχθόνια
3182 1056 3472 1128 ὠνόμασαν
3510 1058 3676 1112 πνεύ-

413 1145 505 1215 qui
535 1153 739 1200 tartara
779 1152 985 1207 tenent,
1004 1144 1390 1216 justorumqne
1439 1145 1673 1210 animas,
1702 1152 1763 1199 ut
1793 1153 1988 1197 etcum

2098 1158 2242 1212 ματα
2269 1140 2652 1213 ταρταρούχων
2685 1142 2931 1211 ἀγγέλων
2964 1147 3058 1199 καὶ
3088 1146 3266 1217 ψυχάς
3306 1148 3556 1215 δικαίων,
3585 1149 3681 1205 ἵνα.

413 1236 521 1292 illis
553 1239 777 1295 insimul
808 1240 1023 1295 divinas
1051 1239 1241 1294 laudes
1269 1238 1641 1294 concinerent.

2096 1233 2187 1285 καὶ
2209 1232 2361 1284 αὐτοὶ
2394 1232 2489 1285 σὺν
2518 1231 2701 1295 αὐτοῖς
2728 1232 2819 1286 τὸν
2844 1233 2976 1289 Θεὸν
3005 1236 3265 1317 ύμνῶσιν.

2018 1346 2087 1403 X.
3036 1392 3041 1396 .

660 1445 747 1499 Ea:
782 1446 1020 1500 oratione
1048 1445 1123 1501 De
1155 1446 1543 1501 distributione
1586 1446 1938 1500 talentorum.
1974 1472 2046 1483 -ο
2075 1439 2226 1508 Apud
2272 1438 2647 1495 Theodoritum
2725 1440 2866 1496 Dial.
2892 1440 2955 1506 11,
2990 1442 3122 1498 ibid.
3172 1459 3290 1512 pag.
3328 1443 3416 1498 88.

416 1537 603 1594 Sancti
634 1536 1184 1612 Hippolytiepismpi
1223 1548 1278 1593 et
1310 1539 1601 1612 martyris,
1640 1554 1707 1593 ex
1745 1538 1988 1593 oratione

2091 1531 2199 1585 Τοῦ
2228 1533 2385 1612 άγίου
2428 1532 3093 1612 Ἱππολύτῳ-ἐπισκόπου
3111 1538 3204 1591 καὶ
3247 1536 3521 1612 μάρτυρος
3541 1578 3574 1612 ,_
3608 1539 3674 1593 ὲκ

775 1602 853 1662 De
875 1602 1244 1663 distributione
1277 1602 1617 1663 talentorum.

2159 1602 2255 1654 τοῦ
2302 1602 2488 1686 λόγου,
2536 1606 2643 1662 ,τοῦ
2699 1609 2806 1672 Εἰς
2859 1606 2973 1675 τὴν
3022 1606 3142 1660 τῶν
3196 1602 3510 1660 τάλᾶντὶιιν
3544 1602 3674 1663 δια-

2163 1689 2377 1741 νομην.

2159 1763 2396 1828 Τούτους
2433 1765 2490 1818 δὲ
2519 1765 2613 1819 καὶ
2660 1769 2786 1832 τοὺς
2823 1767 3187 1840 έτεροδόξους,
3219 1770 3444 1840 φήσειεν
3488 1769 3676 1834 ἄν’τις

2090 1858 2352 1927 γειτνιᾷν,
2400 1858 2800 1930 σςραλλομένους
2834 1861 3262 1933 παραπλησίως’
3313 1862 3409 1915 καὶ
3433 1861 3542 1932 γὰρ
3572 1863 3674 1915 κὰ·-

2089 1950 2280 2011 κεῖνοι,
2332 1950 2452 2019 ἤτοι
2504 1950 2658 2021 χιλὸν
2687 1951 2970 2023 ἄνθρωπον
3007 1951 3325 2023 ὁμολογοῦσι
3373 1952 3676 2019 πεφυκέναι

2086 2036 2178 2089 τὸν
2206 2040 2438 2108 Χριστὸν
2470 2042 2550 2104 εἰς
2572 2042 2663 2093 τὸν
2701 2041 2835 2111 βίον,
2878 2043 2978 2113 τῆς
3005 2043 3257 2114 θεότητος
3285 2044 3449 2098 αὑτοῦ
3476 2046 3538 2098 τὸ
3572 2045 3673 2099 τά-

2087 2127 2278 2183 λαντον
2325 2130 2682 2203 ἀρνούμενοι’·
2718 2134 2833 2205 ἦτοι
2855 2174 2869 2199 ,
2920 2135 3011 2189 τὸν
3061 2136 3192 2189 Θεὸν
3249 2137 3675 2206 ὁμολογοῦντες,

2089 2222 2397 2280 ἀναίνονται
2447 2225 2606 2279 πάλιν
2653 2226 2743 2280 τὸν
2803 2226 3108 2297 ἄνθρωπον,
3169 2230 3673 2296 πεφαντασιιοικέναι

2095 2316 2435 2380 διδάσκοντες
2466 2316 2563 2379 τὰς
2596 2317 2745 2386 ὄψεις
2792 2318 2971 2371 αὐτῶν
2998 2318 3104 2372 τῶν
3140 2319 3452 2390 θεωμένων,
3481 2323 3556 2386 ὡς
3583 2325 3676 2378 ἆν-

2097 2406 2335 2479 θρωπον,
2363 2410 2423 2461 ού
2459 2410 2764 2479 φορέσαντα
2790 2409 3095 2480 ἄνθρωπον,
3126 2412 3260 2465 ἀλλὰ
3288 2413 3511 2483 δόκησίν
3552 2431 3676 2469 τινα.

2017 2519 2062 2574 Β
2096 2502 2429 2574 φασματώδη
2456 2504 2654 2573 μᾶλλον
2682 2504 2963 2572 γεγονέναι
2983 2521 2995 2533 ’
3035 2499 3147 2559 οἷον
3178 2505 3366 2580 ὥσπερ
3387 2508 3673 2581 Μαρκίων,

2086 2596 2182 2647 καὶ
2224 2593 2573 2660 Οὑαλεντίνος
2614 2597 2786 2649 κα.ὶοὶ
2833 2598 2872 2649 Γ
2876 2598 3124 2650 νωστικοὶ
3171 2598 3271 2667 τῆς
3300 2599 3501 2670 σαρκὸς
3543 2602 3679 2654 ἀπο-

2090 2685 2426 2750 διασπῶντες
2449 2687 2540 2740 τὸν
2574 2688 2767 2757 Λόγον,
2802 2689 2863 2742 τὸ
2890 2687 2947 2741 ἓν
2975 2688 3256 2754 τάλαντον,
3279 2691 3677 2763 άποϐάλλονται

2087 2777 2187 2848 τὴν
2215 2777 2375 2833 ὲνανθ
2386 2777 2540 2851 ρὼπη
2549 2797 2654 2834 σιν.

1992 2871 2085 2927 XI.

412 2964 498 3020 Ea:
537 2981 774 3020 sermone
825 2964 902 3020 De
959 2964 1176 3021 duobus
1225 2962 1557 3020 latronibus.
1592 2965 1840 3035 —-Apud
1868 2967 2128 3089 .zudmdem
2175 2964 2551 3089 ζ’ἓιέοάονὶιωη
2621 2966 2756 3024 Dial.
2790 2967 2881 3030 Ill,
2919 2968 3012 3040 qui
3056 2968 3299 3041 ’Δπαθής
3341 2970 3671 3030 inscribi/ur.

1861 3053 1878 3089 ι
1916 3054 1931 3089 ι
1976 3076 1990 3089 .
2012 3052 2133 3089 υασ.
2296 3077 2310 3089 .

1861 3052 1990 3090 una.
2009 3052 2133 3107 pag.
2187 3052 2310 3089 mo.

488 1818 602 1875 Hos
630 1827 809 1874 autem
837 1824 891 1873 et
919 1832 1017 1872 eos
1042 1816 1129 1886 qui
1163 1816 1316 1871 aliter
1335 1815 1599 1880 sentiunt,
1628 1814 1823 1870 dixerit
1841 1814 1994 1884 quis-

411 1914 559 1986 piam
586 1913 640 1967 in
668 1912 834 1968 simili
858 1925 1045 1965 errore
1066 1909 1293 1964 versari.
1313 1907 1447 1962 Nam
1467 1916 1521 1963 et
1551 1908 1649 1971 illi,
1677 1909 1758 1962 vel
1781 1908 1986 1961 nudum

412 2008 694 2062 hominem
730 2004 1059 2060 conﬁtentur
1086 2003 1407 2073 apparuisse
1437 2001 1714 2057 Christum
1737 2003 1787 2053 in
1820 2009 1987 2063 terra,

412 2099 715 2155 divinitatis
740 2097 858 2166 ejus
882 2097 1144 2151 talentum
1175 2105 1469 2168 negantes;
1501 2093 1585 2147 vel
1619 2093 1786 2146 Deum
1819 2092 1991 2146 conﬁ-

414 2199 614 2255 tentes,
645 2189 921 2243 hominem
957 2203 1153 2243 rursus
1184 2197 1404 2257 negant.
1434 2187 1692 2240 docentes
1722 2200 1846 2239 cum
1888 2184 1989 2238 fal—

410 2282 517 2338 laci
541 2281 721 2352 specie
746 2281 1109 2351 spectantium
1138 2281 1314 2335 oculis
1347 2280 1611 2343 illusisse,
1640 2294 1763 2333 cum
1808 2278 1989 2332 homi-

412 2391 539 2429 nem
568 2389 676 2427 non
701 2374 1010 2442 gestaverit,
1041 2372 1133 2427 sed
1167 2373 1329 2427 inane
1359 2373 1540 2442 potius
1571 2381 1844 2440 spcctrum
1874 2369 1991 2425 fuc-

411 2467 514 2521 rit:
542 2468 681 2521 sicut
702 2464 943 2520 Marcion
967 2474 1019 2520 et
1040 2464 1362 2521 Valentinus
1386 2475 1438 2519 et
1456 2464 1732 2529 Gnostici,
1746 2463 1985 2518 Verbum

411 2575 440 2614 a
469 2574 635 2614 carne
660 2546 999 2625 divellentes,
1029 2559 1293 2614 talentum
1325 2574 1516 2625 unum,
1541 2557 1648 2612 hoc
1672 2566 1775 2624 est,
1806 2558 1989 2612 incar-

410 2652 687 2708 nationem
717 2651 1000 2721 abjiciuut.
1396 2642 1413 2662 ’⁸

520 3128 798 3199 Ejusdem,
829 3144 890 3183 ex
927 3142 1177 3181 sermone
1211 3126 1288 3180 De
1310 3126 1513 3181 duobus
1545 3127 1865 3182 latronibus.

2083 3100 2102 3107 '
2157 3126 2263 3179 Τοῦ
2296 3128 2482 3193 αὐτοῦ,
2511 3131 2575 3183 ἐκ
2600 3128 2693 3183 τοῦ
2728 3129 2887 3198 λόγου
2918 3131 3020 3195 Είς
3056 3100 3198 3194 τοὺς
3219 3128 3329 3183 δύο
3355 3129 3611 3200 λῃστάς.

488 3243 793 3313 Utrumque
824 3242 1030 3297 mundo
1061 3241 1294 3311 praebuit
1338 3240 1556 3297 Domini
1600 3258 1826 3312 corpus,
1856 3256 1987 3296 san-

2177 3241 2487 3316 Ἀμφότερα
2506 3245 2749 3317 παρέσχε
2774 3245 2834 3298 τὸ
2849 3244 2942 3298 τοῦ
2966 3244 3172 3315 Κυρίου
3191 3243 3349 3315 σῶμα
3366 3246 3442 3317 τῷ
3466 3246 3674 3317 κόσμῳ,

414 3341 633 3412 guinem
665 3352 881 3393 sacrum
912 3346 967 3391 et
1000 3352 1199 3406 aquam
1231 3344 1503 3391 sanctam.

2090 3332 2231 3407 αἷμα
2254 3337 2317 3389 τὸ
2350 3338 2516 3407 ἱερὸν,
2548 3338 2643 3390 καὶ
2670 3336 2814 3409 ὕδωρ
2848 3337 2908 3390 τὸ
2934 3337 3110 3405 ἆγιον.

765 3449 1042 3522 Ejusdem,
1070 3466 1136 3505 ea:
1164 3450 1344 3505 eodem
1369 3463 1624 3504 sermone.

2370 3447 2482 3501 Τοῦ
2514 3447 2722 3510 αὑτοῦ,
2754 3446 2824 3500 ἐκ
2850 3446 2958 3501 τοῦ
2983 3445 3170 3500 αὑτοῦ
3195 3447 3402 3514 λόγου.

487 3564 556 3619 Et
601 3579 820 3635 corpus,
869 3564 1125 3635 quamvis
1166 3564 1405 3617 humano
1460 3575 1613 3616 more
1669 3568 1987 3627 mortuum,

2162 3560 2273 3614 Καὶ
2304 3560 2497 3630 νεκρόν
2523 3575 2584 3613 τε
2630 3558 2694 3612 ὃν
2733 3559 2795 3612 τὸ
2844 3559 3002 3630 σῶμα
3037 3559 3176 3613 κατὰ
3203 3560 3294 3613 τὸν
3337 3559 3676 3632 ἀνθρώπινον

415 3672 671 3727 magnam
710 3657 766 3711 in
799 3673 857 3712 se
889 3658 1014 3713 vita:
1044 3656 1152 3710 vim
1190 3655 1371 3708 habet.
1403 3654 1536 3719 Quae
1573 3654 1719 3708 enim
1748 3669 1815 3708 ex
1843 3668 1988 3705 mor-

2094 3653 2313 3725 τρόπον,
2341 3652 2582 3729 μεγάλην
2607 3651 2718 3722 ἔχει
2739 3650 2886 3720 ζωῆς
2915 3653 2972 3704 ἐν
2998 3652 3145 3723 αὑτῷ
3169 3650 3421 3722 δύναμιν.
3483 3653 3549 3704 Ἀ
3568 3653 3677 3723 γὰρ

416 3753 527 3808 tuis
558 3750 878 3821 corporibus
921 3765 1030 3805 non
1070 3747 1368 3819 proﬂuunt,
1402 3761 1470 3799 ex
1503 3745 1621 3813 ipso
1658 3753 1987 3808 manarunt,

2095 3745 2156 3798 οὐ
2192 3747 2474 3816 προχεῖται
2506 3744 2614 3797 τῶν
2646 3744 2855 3815 νεκρῶν
2884 3745 3180 3814 σωμάτων,
3212 3743 3382 3798 ταῦτα
3419 3744 3477 3810 ἐξ
3512 3742 3676 3797 αὐτοῦ

417 3843 641 3915 sanguis
678 3851 734 3898 et
764 3858 906 3913 aqua
936 3860 951 3896 :
985 3849 1046 3895 ut
1095 3838 1363 3893 sciremus
1404 3843 1669 3906 quantum
1706 3835 1775 3890 ad
1818 3836 1986 3888 vitam

2097 3837 2388 3910 προεχέθη,
2428 3832 2566 3909 αἷμά
2594 3857 2653 3891 τε
2689 3840 2783 3893 καὶ
2813 3838 2987 3911 ὕδωρ·
3026 3840 3093 3892 ἵν’
3120 3837 3392 3915 εἰδείημεν
3421 3839 3606 3910 ἡλίκον
3641 3842 3675 3907 ἠ
3733 3844 3735 3846 ’

415 3912 595 3992 valeat
634 3946 877 4008 potestas
917 3948 1040 4003 qua:
1073 3932 1126 3984 in
1171 3943 1400 3998 corpore
1448 3928 1748 3994 habitavit;
1786 3935 1845 3981 ut
1885 3941 1988 3981 nec

2096 3926 2564 3998 κατασκηνώσασα
2622 3929 2849 4000 δύναμις
2896 3932 2952 3983 ὲν
2991 3931 3068 4001 τῷ
3095 3928 3303 4002 σώματι
3358 3931 3494 4003 πρὸς
3528 3925 3678 4000 ’ζωὴν

417 4030 598 4100 ipsum
635 4030 812 4084 simile
845 4027 968 4081 aliis
1003 4023 1234 4079 cadaver
1276 4023 1546 4088 videatur,
1583 4029 1638 4075 et
1663 4021 1824 4074 nobis
1865 4020 1988 4074 vita:

2098 4019 2340 4085 δύναται,
2382 4021 2458 4081 ὡς
2486 4023 2559 4093 μή
2592 4039 2651 4074 τε
2683 4022 2813 4075 αὐτὸ
2833 4024 2946 4085 τοῖς
2973 4022 3151 4087 ἄλλοις
3178 4024 3361 4092 ὅμοιον
3392 4022 3677 4091 φαίνεσθαι

417 4136 616 4176 causas
638 4120 812 4190 possit
840 4113 1145 4170 ell‘undere.

2097 4113 2313 4184 νεκρὸν,
2360 4115 2490 4184 ἡμῖν
2524 4114 2580 4167 δὲ
2613 4113 2681 4167 τὰ
2705 4113 2850 4185 ζωῆς
2880 4115 3027 4167 αἴτια
3055 4117 3277 4187 προχεῖν
3307 4114 3587 4168 δύνασθαι.

771 4227 1047 4293 Ejusdem,
1080 4242 1145 4281 ea:
1168 4227 1344 4282 eodem
1368 4242 1620 4281 sermone.

2365 4227 2476 4281 Τοῦ
2503 4226 2710 4292 αὐτοῦ,
2738 4227 2807 4281 ἐκ
2833 4227 2940 4281 τοῦ
2970 4228 3154 4282 αὑτοῦ
3186 4228 3395 4298 λόγου.

489 4344 611 4400 Non
643 4341 1005 4413 confringitur
1045 4355 1109 4396 os
1148 4339 1322 4395 sancti
1351 4339 1522 4408 Agni;
1564 4337 1885 4394 ostendente
1931 4336 1988 4391 ii-

2171 4339 2246 4393 Οὺ
2278 4339 2622 4412 συντρίϐεται
2645 4340 2701 4394 δὲ
2725 4339 2913 4393 ὀστοῦν
2937 4340 3031 4393 τοῦ
3056 4340 3213 4408 ἁγίου
3241 4340 3543 4411 Προϐάτου,
3570 4341 3676 4394 δει-

421 4455 579 4510 gura,
623 4437 932 4509 passionem
967 4450 1073 4489 non
1114 4436 1382 4510 attingere
1422 4433 1702 4488 virtutem.
1737 4431 1988 4502 Corporis

2101 4430 2325 4495 κνύντος
2366 4430 2460 4484 τοῦ
2500 4431 2673 4485 τύπου
2704 4431 2778 4503 μὴ
2807 4430 3233 4502 καθικνούμενον
3267 4433 3364 4504 τῆς
3396 4432 3678 4505 δυνάμεως

421 4531 569 4585 enim
599 4531 772 4585 virtus
803 4536 934 4582 sunt
962 4540 1112 4581 ossa.

2104 4522 2166 4577 τὸ
2198 4522 2387 4587 πάθος.
2419 4522 2677 4595 Σὼματος
2699 4523 2808 4595 γὰρ
2833 4524 2996 4578 ὀστέα
3023 4524 3269 4595 δύναμις.

3274 4675 3678 4691 *—

846 4738 1040 4897 EX
1122 4740 1499 4892 ALllS
1577 4778 1697 4890 s.
1783 4777 2559 4892 HlPPOLYTI
2640 4777 3292 4891 SCRIPTIS

1671 4972 2428 5062 FRAGMENTA.
3039 4974 3047 4983 ’

2010 5186 2053 5242 1.

1107 5281 1261 5352 Apud
1289 5288 1552 5335 auctorem
1593 5280 1851 5335 Chronici
1879 5280 2179 5349 paschalis,
2208 5294 2272 5333 ex
2294 5278 2521 5333 editione
2546 5277 2756 5349 Cangii,
2793 5294 2913 5349 pag.
2946 5277 3000 5333 6.

432 5370 751 5444 Hippolytus
780 5373 946 5445 igitur
976 5374 1189 5444 pietatis
1217 5384 1441 5443 martyr,
1475 5370 1671 5445 Portus
1693 5371 1854 5439 juxta
1895 5371 1988 5445 Βο-

2118 5370 2465 5436 ⁹1ππόλυτος
2509 5370 2717 5445 τοίνυν
2772 5369 2882 5445 τῇς
2929 5372 3238 5445 εὐσεᾷειάς
3278 5369 3529 5440 μάρτυς,
3552 5372 3673 5428 ἐπί-

503 5440 652 5495 inani
674 5440 1049 5519 episr'opus,'in
1074 5444 1210 5519 libro
1234 5440 1386 5519 quem
1415 5443 1662 5519 adversus
1690 5457 1866 5519 omnes
1888 5442 1988 5496 ha:-

2170 5443 2690 5519 auoaoc~783~gmbc
2721 5440 2825 5519 τοῦ
2854 5440 3228 5519 καλουμένου
3256 5445 3492 5519 ,Πόρτοιθ
3525 5447 3670 5519 .111,-

503 5529 639 5566 reses
667 5509 913 5583 confecit,
944 5515 1056 5568 hwc
1082 5516 1157 5568 ita
1186 5509 1334 5568 verba
1363 5523 1512 5567 tenus
1551 5512 1763 5581 scripsit
1786 5527 1805 5564 :

2172 5512 2313 5566 (τίον
2356 5509 2460 5583 τῆς
2499 5509 2745 5583 Ῥώμης,
2774 5510 2844 5563 ἐν
2867 5509 3121 5583 τῷστρᾢ
3146 5509 3390 5578 ἁπάσας
3416 5512 3675 5580 αἱρέσεις

2173 5580 2544 5649 συντάγματι
2575 5582 2839 5649 ἑγιοαψεν
2869 5581 2967 5633 ἐπὶ
3002 5582 3225 5646 λέξεως
3257 5583 3464 5649 οὕτως’

502 5670 675 5726 Video
712 5673 997 5742 equidem,
1028 5673 1083 5729 in
1132 5688 1239 5745 quo
1274 5674 1355 5729 vis
1397 5669 1764 5729 contentionis
1803 5671 1988 5743 praeci-

2183 5672 2326 5744 Ὂρῶ
2356 5672 2453 5744 μὲν
2484 5667 2595 5736 οὖν,
2625 5673 2707 5726 ὅτι
2735 5671 3063 5742 φιλονεικίας
3094 5672 3152 5727 τὸ
3180 5673 3356 5743 ἔργον.
3390 5674 3549 5745 Λέγει
3570 5676 3675 5749 γὰρ

509 5811 553 5842 ³⁸
577 5808 713 5862 Dan.
763 5824 846 5874 ιιι,
883 5809 973 5864 57.
