4134 6378
441 357 536 412 871

1076 359 1132 416 S.
1175 360 1537 418 HIPPOLYTI
1578 361 1726 416 OPP.
1769 359 1947 416 PARS
1983 361 2050 418 ιι.
2091 393 2163 408 —-
2201 361 2504 419 DOGMAT.
2545 361 2632 416 ΕΤ
2671 359 3011 416 HISTORIC.

3583 359 3688 414 872

1401 763 1559 919 S.
1694 761 2748 918 HIPPOLYTI

824 1241 929 1302 DF.
983 1244 1324 1305 VlRGlNE
1379 1240 1936 1307 CORINTHIACA
1997 1241 2101 1301 ET
2155 1242 2264 1302 DE
2321 1240 2668 1314 QUODAM
2735 1241 3324 1305 MAGISTBIANO.

1198 1412 1382 1488 Apud
1430 1409 1784 1471 Palladium
1835 1409 1905 1470 in
1936 1408 2218 1470 Historia
2279 1408 2602 1482 Lausiaca,
2664 1427 2801 1486 cap.
2846 1408 2983 1470 1&8.

1678 1572 1736 1636 (ϐ
1749 1587 1951 1620 Αιιικο.
1986 1568 2234 1632 Βῑῡιξοιιι.,
2255 1571 2321 1633 II,
2346 1573 2453 1623 515.

633 1871 896 1925 Narratio
932 1867 1242 1939 Hippolyti,
1279 1870 1367 1938 qui
1405 1869 1505 1936 fuit
1563 1871 1853 1940 familiaris

1048 1940 1428 2009 apostolorum.

531 2055 591 2110 In
613 2056 720 2110 alio
745 2053 886 2110 libro
907 2054 996 2108 cui
1029 2063 1146 2108 erat
1176 2053 1496 2122 inscriptum
1520 2067 1715 2107 nomen
1737 2051 2028 2124 Hippolyti,

453 2147 552 2217 qui
599 2144 704 2201 fuit
739 2143 1026 2199 familiaris
1067 2141 1482 2213 apostolorum,
1533 2141 1714 2196 inveni
1761 2141 2030 2211 ejusmodi

452 2234 822 2289 narrationem
852 2249 865 2284 :
903 2251 922 2284 ι
956 2231 1079 2286 Fuit
1107 2231 1358 2302 quaedam
1391 2231 1730 2288 nobilissima
1773 2233 1927 2304 virgo
1978 2240 2033 2286 et

456 2325 881 2389 formosissima,
908 2338 1031 2393 qua:
1055 2325 1110 2377 in
1136 2323 1246 2376 vita
1271 2337 1340 2377 ex
1378 2323 1577 2378 virtute
1620 2324 1829 2392 agenda
1872 2339 2031 2378 exer-

457 2415 684 2470 cebatur
707 2413 978 2470 Corinthi.
1021 2411 1172 2467 Hanc
1197 2413 1290 2467 illo
1321 2421 1565 2484 tempore
1604 2414 1917 2469 detulerunt
1963 2413 2032 2468 ad

446 2507 709 2577 judicem,
735 2505 830 2575 qui
855 2505 1230 2575 cratgentilis,
1260 2505 1315 2558 in
1339 2513 1579 2575 tempore
1601 2495 2031 2575 persecutorum,

456 2608 518 2654 ut
550 2613 672 2669 quae
702 2597 1009 2652 maledictis
1033 2597 1328 2652 incesseret
1346 2605 1400 2651 et
1417 2606 1678 2667 'tcmpora
1716 2606 1771 2652 et
1799 2597 2035 2667 impera-

452 2706 600 2747 tores
628 2698 685 2746 et
735 2689 1051 2746 simulacra.
1110 2689 1494 2760 Proponebant
1542 2699 1722 2744 autem
1757 2689 1876 2759 ejus
1912 2687 2036 2758 pul-

453 2783 821 2840 chritudinem
849 2782 1043 2836 harum
1073 2797 1257 2837 rerum
1281 2789 1703 2852 cauponatores,
1747 2779 1916 2849 impio
1942 2781 2033 2849 ju-

454 2873 565 2928 dici
591 2872 825 2929 feminas
847 2871 1042 2928 insano
1065 2887 1253 2926 amore
1284 2872 1624 2942 depereunti.
1650 2873 1700 2925 Is
1728 2887 1858 2926 vero
1881 2871 2038 2941 cqui-

2055 1879 2105 1938 Α

2279 1868 2568 1940 Animam;
2606 1871 2955 1928 Ἱππολύτου
2980 1872 3084 1926 τοῦ
3116 1873 3409 1942 γνωρίμου
3439 1873 3555 1928 τῶν

2729 1944 3081 1996 ἀποστόλων
3092 1984 3104 1996 .

2217 2056 2303 2108 Ἐν
2333 2054 2476 2126 ἄλλῳ
2516 2053 2830 2126 βιϐλιδαρίῳ
2873 2055 3336 2128 ἐπιγεγραμμένῳ
3392 2056 3708 2112 Ἱππολύτου

2129 2146 2225 2200 τοῦ
2248 2147 2522 2217 γνωρίμου
2552 2147 2660 2200 τῶν
2698 2149 3032 2214 ἀποστόλων,
3073 2145 3229 2222 εὖρον
3267 2151 3509 2222 διήγημα
3541 2146 3713 2205 τοιὸὖ-

2132 2255 2223 2292 τον
2243 2255 2255 2268 ·
2285 2238 2658 2309 Εὐγενεστάτη
2683 2255 2765 2304 τις
2795 2239 2904 2310 (89)
2955 2240 3050 2293 καὶ
3086 2241 3394 2312 ὡραιοτάτη
3441 2242 3710 2310 παρθένος

2134 2328 2378 2400 ὑπῆρχεν
2411 2331 2469 2382 ἐν
2495 2333 2560 2400 τῇ
2596 2332 2847 2403 Κορίνθῳ
2878 2331 3028 2384 πόλει
3047 2333 3357 2403 ἀσκουμένη
3380 2336 3459 2395 εἰς
3479 2333 3568 2385 τὸν
3591 2334 3714 2386 ἐνά-

2135 2438 2288 2494 ρετον
2315 2421 2444 2491 βίον.
2497 2423 2713 2492 Ταύτην
2744 2425 2866 2477 κατ’
2909 2427 3082 2478 ἐκεῖνο
3117 2425 3310 2496 καιροῦ
3350 2425 3593 2478 διέϐαλον
3635 2424 3713 2496 τῷ

2134 2512 2252 2565 τότε
2285 2512 2554 2576 δικάζοντι
2579 2515 2798 2586 Ἕλληνι
2817 2515 2930 2568 ὄντι
2959 2517 3051 2568 ἐπὶ
3088 2514 3180 2568 τοῦ
3211 2515 3403 2588 καιροῦ
3447 2515 3554 2568 τῶν
3586 2515 3713 2569 διω-

2135 2603 2298 2667 κτῶν,
2325 2602 2400 2666 ὡς
2435 2603 2860 2676 βλασφημοῦσαν
2893 2605 2987 2658 καὶ
3032 2607 3158 2669 τοὺς
3201 2608 3425 2677 καιροὺς
3464 2606 3557 2658 καὶ
3589 2607 3716 2668 τοὺς

2137 2695 2376 2767 βασιλεῖς
2391 2737 2412 2766 ,,
2452 2699 2546 2752 καὶ
2584 2698 2652 2751 τά
2702 2698 2917 2752 εἴδωλα.
2948 2699 3290 2769 Προεπείνων
3310 2700 3330 2720 ⁶
3356 2699 3413 2752 δέ
3436 2699 3496 2752 τὸ
3518 2698 3717 2768 ταύτης

2136 2790 2350 2854 κάλλος,
2381 2792 2431 2842 οἱ
2465 2792 2594 2864 περὶ
2619 2791 2689 2845 τὰ
2715 2793 2940 2846 τοιαῦτα
2975 2781 3212 2864 κάπηλοι
3230 2791 3716 2864 γυναικομανοῦντι

2092 2931 2097 2937 .
2137 2883 2214 2956 τῷ
2245 2883 2389 2954 ἀθέῳ
2417 2884 2524 2937 τῶν
2554 2885 2841 2939 δικαστῶν.
2886 2886 2945 2938 '0
2969 2886 3025 2938 δὲ
3051 2885 3218 2956 ἡδέως
3245 2885 3458 2949 ἐδέξατο
3488 2885 3584 2956 τὴν
3604 2883 3716 2936 δια-

457 2965 547 3022 nis
585 2965 832 3030 auribus,
869 2974 924 3019 et
951 2963 1190 3019 feminas
1225 2963 1418 3018 insane
1463 2963 1775 3018 amantibus
1823 2963 2035 3034 cogita-

2145 2966 2300 3046 Βολῆν
2331 2978 2443 3039 τοῖς
2475 2978 2717 3040 ἱππικοῖς
2743 2976 2944 3042 ὡτίοις,
2983 2977 3076 3030 καὶ
3112 2979 3223 3040 τοῖς
3260 2976 3590 3047 θηλυμανέσι
3633 2975 3720 3028 λο-

457 3059 702 3114 tionibus
730 3056 939 3126 accepit
967 3055 1324 3112 calumniam.
1356 3053 1433 3109 Ea
1459 3062 1638 3109 autem
1679 3054 1941 3124 producta
1968 3053 2038 3109 ad

2145 3072 2376 3140 γισμοῖςη
2406 3070 2814 3142 Προσαχθείσης
2839 3071 2895 3124 δὲ
2927 3071 3128 3140 ταύτης
3161 3069 3238 3139 τῷ
3259 3069 3544 3140 μιαιφόνῳ,
3582 3068 3717 3122 πολὺ
3791 3097 3794 3102 -
3840 3050 3851 3059 ’

464 3149 741 3206 hominem
773 3139 1098 3204 Sceleratum
1124 3188 1140 3214 ,
1171 3146 1344 3202 multo
1383 3147 1560 3218 magis
1609 3147 1799 3202 insana
1845 3155 2039 3216 captus

2145 3139 2306 3213 πλέον
2339 3164 2404 3232 τῇ
2446 3139 2654 3232 ἀσωτία
2675 3139 3008 3233 ἐκμέμηνεν.
3048 3139 3134 3224 Ὦς
3165 3160 3220 3213 δὲ
3254 3139 3438 3214 πᾶσαν
3473 3160 3720 3231 μηχανὴν

462 3253 546 3301 est
575 3243 1017 3314 intemperantia.
1047 3241 1341 3314 Postquam
1367 3249 1548 3296 autem
1571 3241 1825 3296 omnibus
1849 3241 2042 3297 adver-

2145 3254 2260 3306 κατ’
2292 3219 2463 3323 αὐτὲις
2497 3219 2778 3324 κινήσαςδ
2812 3219 3058 3324 ρέδηλος,
3091 3219 3189 3321 τὴν
3223 3250 3316 3304 τοῦ
3342 3219 3484 3304 Θεοῦ.

463 3352 561 3392 sus
582 3351 700 3390 eam
725 3335 986 3390 adhibitis
1005 3334 1272 3390 machinis
1296 3334 1439 3388 hanc
1457 3333 1550 3387 Dei
1580 3332 1853 3387 hominem
1881 3334 2037 3389 sedu-

2145 3362 2242 3398 πον
2269 3347 2452 3398 πεῖσαι
2481 3345 2581 3397 ούκ
2599 3345 2862 3416 ἠδυνήθη,
2887 3345 3163 3416 διαφόροις
3186 3343 3389 3407 αἰκίαις
3409 3344 3608 3414 ταύτην
3625 3345 3722 3414 τὴν

461 3444 586 3484 cere
645 3444 756 3484 non
806 3427 981 3498 potuit
1029 3426 1292 3496 profanus
1343 3425 1527 3486 homo,
1555 3423 1722 3494 variis
1757 3423 2040 3478 tormentis

2145 3435 2392 3504 γενναίαν
2432 3435 2716 3488 ὑπέϐαλεν.
2781 3436 2866 3498 Ὡς
2887 3436 2943 3488 δὲ
2968 3437 3062 3488 καὶ
3093 3437 3148 3487 ἐν
3176 3434 3386 3496 τούτοις
3431 3435 3719 3502 ἀπέτυχεν,
3794 3473 3798 3480 .

462 3520 696 3590 subjecit
721 3519 912 3574 fortem
940 3516 1220 3572 feminam.
1253 3513 1450 3569 Verum
1471 3531 1595 3569 cum
1626 3530 1693 3569 ne
1716 3515 1802 3568 his
1821 3513 2038 3582 quidem

461 3611 608 3681 quod
637 3610 851 3664 volebat
877 3608 1038 3662 fuerit
1061 3615 1363 3670 assecutus,
1384 3614 1443 3658 ut
1471 3605 1564 3673 qui
1590 3619 1696 3657 non
1724 3612 1903 3672 posset
1923 3617 2042 3655 eam

461 3705 734 3760 abducere
765 3717 796 3755 a
822 3699 1023 3755 Christi
1070 3697 1454 3759 confessione,
1499 3697 1554 3749 in
1593 3711 1712 3749 cam
1760 3693 2044 3748 insaniens

463 3793 724 3854 crudelis,
759 3788 1028 3858 ejusmodi
1059 3803 1220 3857 paena
1255 3788 1431 3856 ipsam
1482 3785 1681 3839 affecit.
1716 3784 1938 3838 Castam
1991 3793 2046 3838 et

466 3889 856 3953 temperantem
883 3879 1143 3934 feminam
1173 3894 1381 3948 ponens
1410 3878 1463 3931 in
1499 3877 1834 3947 prostibula,
1877 3875 2046 3944 jussit

465 3977 516 4031 ei
550 3976 644 4045 qui
691 3987 784 4028 eas
827 3972 1160 4043 possidebat,
1196 3971 1383 4025 dicens
1418 3985 1434 4024 :
1465 3968 1616 4023 Hanc
1644 3968 1780 4022 mihi
1811 3983 1962 4036 cape,
1993 3977 2046 4021 et

467 4078 578 4120 tres
610 4079 863 4119 nummos
901 4078 968 4118 ex
995 4079 1054 4118 ea
1083 4064 1150 4117 ad
1187 4079 1272 4117 me
1296 4062 1447 4117 defer
1474 4062 1738 4132 quotidie.
1783 4059 1834 4114 Is
1865 4069 2044 4114 autem

468 4175 664 4214 aurum
692 4157 912 4228 exigens
935 4171 1001 4210 ex
1028 4154 1172 4224 turpi
1196 4153 1428 4217 actione,
1451 4168 1571 4208 eam
1605 4151 1829 4205 tradidit
1860 4149 2048 4203 volen-

469 4256 616 4311 tibus
639 4256 693 4309 in
722 4253 930 4309 oﬂicina
965 4249 1313 4306 abominandi
1349 4247 1558 4318 ﬂagitii.
1598 4246 1735 4301 Cum
1765 4246 1878 4299 hate
1916 4257 2046 4313 ergo
2069 4275 2088 4309 ι

470 4349 753 4404 novissent
786 4345 879 4415 qui
916 4343 1237 4400 tenebantur
1267 4341 1464 4396 insano
1513 4355 1701 4395 amore
1732 4338 2043 4398 mulierum,

472 4440 785 4498 assidebam
813 4437 1087 4492 scelerata:
1110 4434 1262 4490 exitii
1291 4433 1542 4493 ollicinae,
1580 4429 1882 4485 mercedem
1912 4429 2047 4482 dan-

2147 3525 2220 3597 μὴ
2244 3526 2466 3596 ἰσχύσας
2497 3525 2666 3597 αὐτὴν
2698 3527 3000 3596 ἀποστῆσαι
3023 3527 3121 3596 τῆς
3152 3524 3441 3596 ὁμολογίας
3488 3524 3587 3592 τῆς
3629 3521 3722 3575 τοῦ

2143 3617 2400 3690 Χριστοῦ.
2436 3618 2742 3688 ἀπομανεὶς
2766 3617 2906 3689 πρὸς
2929 3616 3098 3688 αὐτὴν
3115 3619 3143 3670 ὁ
3165 3617 3457 3688 ἀνήμερος,
3491 3615 3612 3668 τότε
3644 3631 3726 3666 τι·

2147 3711 2328 3782 μωρίᾳ
2375 3709 2600 3783 τοιαύτῃ
2635 3710 2805 3780 αὐτὴν
2842 3710 3175 3779 παρέδωκεν.
3220 3710 3428 3780 Στήσας
3465 3709 3563 3779 τὴν
3621 3705 3726 3761 σώ-

2146 3818 2314 3872 φρονα
2337 3803 2416 3863 εἰς
2447 3803 2693 3871 πορνεῖον
2713 3841 2727 3864 ,
2781 3800 3082 3853 ἐνετείλατο
3134 3800 3210 3872 τῷ
3241 3800 3440 3864 ταύτας
3484 3801 3723 3869 νέμοντι,

2145 3888 2349 3956 λέγων’
2400 3887 2558 3952 Δέξαι
2602 3889 2828 3959 ταύτην,
2868 3889 2962 3941 καὶ
2996 3890 3273 3960 ήμερήσιά
3325 3907 3413 3960 μοι
3460 3888 3520 3953 ἐξ
3560 3883 3727 3956 αὐτῆς

2144 3979 2272 4050 τρία
2295 3979 2602 4050 νομίσματα
2633 3978 2952 4050 ἀποκόμιζε.
2992 3980 3048 4031 '0
3075 3981 3132 4032 δὲ
3158 3979 3614 4050 εἰσπραττόμενος
3637 3978 3726 4030 τὸν

2146 4075 2210 4126 ἐκ
2239 4073 2335 4143 τῆς
2360 4072 2793 4142 αίσχροπραγίας
2824 4071 3044 4143 χρυσὸν,
3075 4071 3288 4124 ἔκδοτον
3309 4071 3476 4140 αὐτὴν
3502 4070 3728 4140 ἔστησεν

2145 4163 2258 4223 τοῖς
2279 4160 2638 4232 βουλομένοις,
2673 4162 2730 4213 ὲν
2765 4160 2842 4231 τῷ
2875 4160 2969 4214 τοῦ
3006 4159 3210 4231 μύσους
3233 4160 3595 4232 ἐργαστηρίῳ.
3642 4159 3742 4222 Ὠς
3831 4181 3835 4184 ·

2146 4251 2238 4308 οὖν
2261 4254 2504 4323 ἔγνωσαν
2531 4255 2580 4307 οἱ
2607 4254 2734 4324 περὶ
2758 4252 2826 4306 τὰ
2849 4253 3076 4307 τοιαῦτα
3101 4252 3574 4324 γυναικοῖέρακες,
3591 4268 3730 4324 παρ-

2147 4347 2370 4418 ήδρευον
2402 4345 2480 4415 τῷ
2533 4344 2830 4416 παρανόμῳ
2859 4343 3222 4415 ἐργαστηρίῳ,
3256 4343 3487 4405 διδόντες
3519 4343 3606 4395 τὸν
3629 4343 3730 4411 τῆς

2147 4438 2340 4509 ἀτίμου
2377 4438 2642 4509 ἐργασίας
2674 4435 2885 4508 μισθὸν,
2921 4437 3013 4488 καὶ
3046 4435 3354 4505 βουλόμενοι
3395 4434 3568 4506 ταύτῃ
3595 4435 3728 4506 πρὸς

474 4545 557 4588 tes
607 4532 908 4586 inhonesta:
953 4526 1289 4597 operationis
1338 4525 1729 4593 cupientesque
1781 4535 1905 4591 cum
1952 4520 2042 4574 illa

2151 4521 2362 4602 φθορὰν
2378 4529 2604 4600 ὁμιλεῖν.
2646 4530 2710 4582 Ἦ
2741 4529 2798 4582 δὲ
2829 4529 3130 4599 σεμνοτάτη
3167 4526 3326 4596 αὕτη,
3364 4528 3604 4589 καὶτοὺς
3640 4527 3728 4580 λό-

475 4625 714 4694 turpiter
737 4622 1016 4692 congredi.
1053 4620 1145 4673 llla
1185 4627 1366 4674 autem
1405 4619 1555 4686 virgo
1585 4614 1968 4670 honestissima
1996 4621 2052 4665 et

474 4717 532 4771 in
554 4715 746 4786 primis
773 4717 1104 4777 veneranda,
1136 4711 1366 4768 etvcrba
1397 4713 1461 4766 ad
1484 4711 1854 4780 deceptioncm
1885 4706 2051 4760 defle-

478 4818 652 4871 ctens,
679 4807 994 4876 suppliciter
1018 4807 1099 4861 eis
1133 4806 1372 4868 dicebat,
1400 4819 1634 4876 rogans:
1674 4801 1858 4855 Habeo
1894 4801 2050 4853 ulcus

479 4901 534 4956 in
564 4900 684 4954 loco
705 4900 954 4963 occulto,
995 4899 1140 4969 quod
1194 4898 1506 4952 mirandum
1541 4897 1594 4949 in
1638 4893 1861 4948 modum
1909 4891 2053 4945 male

478 4990 622 5056 olet;
642 4998 697 5044 et
719 4991 883 5044 timeo
903 5005 969 5044 ue
997 5004 1093 5044 vos
1116 4989 1220 5043 mei
1245 4988 1430 5042 odium
1454 4987 1632 5056 capiat
1655 4993 1873 5054 pr0ptcr
1895 4983 2051 5036 ulcus

481 5081 864 5138 aversandum.
911 5081 1203 5136 Concedite
1242 5096 1371 5151 ergo
1418 5079 1552 5134 mihi
1596 5092 1800 5147 paucos
1829 5076 1966 5139 dics,
2000 5084 2053 5127 et

482 5187 614 5229 tunc
660 5173 843 5228 licebit
882 5189 980 5228 vos
1027 5174 1111 5228 vel
1151 5187 1238 5227 me
1295 5173 1497 5226 habere
1526 5168 1712 5241 gratis.
1750 5167 1844 5220 llis
1871 5167 2052 5220 verbis

483 5281 774 5337 persuasus
803 5266 1225 5336 intemperantes
1260 5263 1476 5318 interim
1509 5260 1838 5315 antandabat
1871 5258 2048 5312 beata.

483 5355 733 5410 Assiduis
760 5365 940 5409 autem
968 5355 1219 5426 precibus
1241 5354 1408 5407 Deum
1439 5353 1681 5422 placans,
1708 5362 1761 5406 et
1788 5365 2048 5418 compun-

485 5449 588 5503 ctis
613 5447 1101 5518 supplicationibus
1123 5464 1246 5503 eum
1269 5445 1475 5500 inﬂexit
1501 5445 1568 5498 ad
1596 5442 2047 5498 misericordiam.

493 5540 785 5594 Attendens
818 5553 948 5609 ergo
990 5538 1134 5596 Deus
1172 5539 1266 5610 qui
1314 5538 1462 5593 novit
1487 5535 1878 5607 cogitationes,
1913 5549 2052 5603 quo-

2153 4643 2284 4694 γους
2309 4624 2444 4695 πρὸς
2475 4624 2692 4694 ἀπάτην
2725 4623 3076 4686 ἐκκλίνουσα,
3125 4619 3495 4691 ἐκλιπαροῦσα
3533 4620 3731 4684 αὐτοὺς

2158 4715 2477 4788 παρεκάλει,
2507 4716 2765 4784 λέγουσα’
2807 4716 2927 4768 Ὅτι
2951 4714 3108 4777 ’ἑλκος
3139 4713 3248 4784 ἔχω
3283 4732 3336 4766 τι
3367 4716 3446 4778 είς
3489 4732 3732 4786 κεκρυμ-

2160 4809 2321 4880 μένον
2350 4807 2533 4866 τόπον.
2569 4808 2705 4879 ὅπερ
2731 4806 2974 4876 ἐσχάτως
2998 4805 3108 4869 ὄζει
3127 4821 3140 4834 ⁸
3170 4807 3266 4858 καῖ
3295 4805 3508 4858 δέδοικα
3542 4807 3614 4876 μὴ
3653 4809 3731 4868 εἰς

2159 4902 2314 4970 μῖσος
2345 4914 2447 4968 μου
2486 4897 2677 4967 ἔλθητε
2716 4898 2793 4969 τῷ
2837 4897 3193 4968 ἀποτροπαίῳ
3235 4896 3326 4948 τοῦ
3358 4896 3564 4962 ἕλκους.
3607 4900 3732 4950 ’Ἔν-

2153 4992 2271 5044 δοτε
2302 4987 2394 5044 οὖν
2418 5007 2509 5060 μοι
2539 4990 2725 5060 ὀλίγας
2749 4990 2981 5061 ἡμέρας,
3017 4991 3110 5042 καὶ
3145 4989 3388 5054 ἐξουσίαν
3437 5007 3538 5062 μου
3580 4991 3729 5061 ἔχετε

2157 5083 2252 5136 καὶ
2276 5081 2483 5153 δωρεάν
2513 5098 2578 5152 με
2603 5081 2764 5151 ἔχειν.
2801 5079 3023 5143 Τούτοις
3044 5080 3100 5132 δέ
3131 5082 3242 5141 τοῖς
3271 5079 3449 5148 λόγοις
3477 5083 3510 5153 ὴ
3554 5099 3729 5152 μακα-

2159 5172 2247 5243 ρία
2283 5171 2520 5224 πείσασα
2548 5172 2673 5234 τοὺς
2694 5168 2936 5232 ἀσώτους
2966 5169 3102 5232 τέως
3133 5168 3477 5240 ἀπέπεμψεν.
3527 5173 3730 5242 Ἐμμε-

2153 5261 2440 5326 λεστάταις
2469 5261 2526 5315 δὲ
2555 5261 2768 5332 δεήσεσι
2791 5260 2883 5313 τὸν
2917 5260 3048 5313 Θεὸν
3077 5261 3463 5334 δυσωπήσασα,
3499 5264 3591 5316 καὶ
3637 5280 3734 5315 κα-

2153 5354 2576 5424 τανενυγμέναις
2598 5352 2822 5415 ἱκεσίαις
2863 5352 3048 5405 τοῦτον
3071 5355 3150 5416 εἰς
3181 5354 3579 5424 εύσπλαγχνίαν
3603 5371 3734 5409 κατ-

2163 5443 2426 5514 έκαμψεν.
2470 5443 2864 5516 Προσεσχηκὼς
2889 5444 3070 5509 ἶτοίνυν
3100 5445 3128 5496 ὁ
3155 5444 3285 5508 Θεὸς
3326 5447 3355 5497 ὀ
3396 5444 3491 5507 τάς
3529 5446 3732 5510 ἐννοίας

2162 5536 2336 5600 εἰδὼς,
2370 5537 2487 5600 πῶς
2521 5539 2585 5589 ἐκ
2619 5537 2843 5608 καρδίας
2883 5537 2916 5606 ἡ
2954 5535 3182 5608 σώφρων
3211 5537 3309 5608 τῆς
3344 5537 3566 5604 ἁγνείας
3603 5540 3730 5610 ἐκή-

529 5691 674 5775 .(89)
701 5693 1111 5775 Εὐγεγεοντὰτη
1137 5695 1516 5775 τιςλΜεῐηίη-ἰι
1543 5695 1707 5764 hujus
1736 5693 1964 5775 virginis
1999 5704 2044 5775 et

2145 5693 2448 5763 icephorus,
2486 5694 2625 5749 Hist.
2659 5695 2928 5761 eccl.,,lib.
2983 5711 3080 5762 vn,
3133 5710 3254 5764 cap.
3298 5695 3398 5762 15,
3453 5696 3545 5751 sed
3605 5713 3721 5765 pau-

492 5765 609 5829 cis;
641 5779 813 5832 ucquc
841 5765 1051 5832 uspiam
1084 5782 1201 5820 eam
1230 5765 1635 5822 Corinthiacam
1674 5781 1794 5820 esse
1821 5766 2049 5821 dictitat.

3297 5835 3322 5875 ὖ
