4134 6382
403 353 503 408 εἷδ

1374 345 1724 403 NARRATIO
1747 345 1832 399 DE
1861 342 2134 400 VIRGINE
2149 342 2630 404 CORINTHIACA.

3502 343 3604 398 επ

403 473 551 535 δετο,
591 473 648 524 ἐν
691 470 922 534 ἐκείναις
947 470 1064 532 ταῖς
1097 468 1326 540 ἡμέραις
1348 468 1690 538 ᾠκονόμησεν
1735 465 1762 516 6
1789 463 1955 533 φύλαξ

2061 463 2222 517 modo
2253 471 2401 518 casta
2435 460 2707 532 pudicitia:
2740 474 2923 516 curam
2952 461 3166 528 gerebat
3189 477 3253 516 ex
3303 460 3506 526 animo,
3547 462 3605 518 in

405 563 500 635 τῆς
529 558 1061 632 πάντωψὰνθρώπων
1089 558 1357 630 σωτηρίας
1387 558 1584 611 τοιόνδε
1610 574 1680 610 τι.

2058 554 2165 608 illis
2194 553 2384 609 diebus
2413 568 2510 623 pro
2539 551 2711 608 salute
2735 551 2976 608 omnium
3008 551 3112 606 tale
3145 553 3275 622 quid
3307 551 3526 607 struxit.

1729 693 1922 768 1bid.,
1963 708 2098 769 cap.
2141 691 2274 751 1ῐι9.

781 820 913 887 Περὶ
941 817 1371 887 Μαγιστριανοῦ
1394 819 1571 882 τινός.

477 930 767 994 Νεανίσκος
802 947 884 992 τις
913 929 1020 1001 (90)
1053 931 1452 1001 Μαγιστριανὸς
1477 929 1584 1000 (91)
1612 967 1626 991 ,
1657 928 1852 999 ὡραῖος
1878 927 1953 998 τῷ

409 1025 556 1086 εἴδει,
591 1022 814 1093 εὐσεϐὴς
844 1025 910 1093 τῇ
938 1021 1150 1094 γνώμῃ,
1255 1021 1550 1075 ἐντέθεικεν
1579 1023 1607 1074 6
1638 1021 1766 1084 Θεὸς
1798 1021 1953 1092 ζῆλον

409 1111 766 1182 πνευματικὸν
784 1111 1105 1183 πυριφλεγῆ,
1131 1112 1205 1175 ὡς
1228 1113 1321 1165 κα)⁵
1350 1111 1579 1165 Θανάτου
1614 1113 1952 1184 καταφρονῆ-

407 1219 526 1256 σαι⁸
552 1203 644 1254 καὶ
662 1201 904 1256 ἀπελθὼν
937 1201 1014 1272 τῷ
1053 1204 1286 1274 σχήματι
1325 1203 1419 1274 τῆς
1461 1203 1750 1267 ἀκολασίας
1779 1203 1955 1274 είσέρ-

404 1309 554 1361 χεται
584 1292 797 1362 βαθεῖαν
834 1291 1066 1362 ἑσπέραν
1107 1293 1242 1364 πρὸς
1296 1292 1384 1347 τὸν
1421 1293 1683 1364 τρέφοντα
1724 1291 1951 1355 ταύτας,

403 1381 497 1435 καλ¹
526 1382 734 1436 δίδωσιν
766 1382 914 1454 αὐτῴ
939 1383 1097 1436 πέντε
1122 1383 1451 1454 νομίσματα,
1479 1386 1570 1436 καὶ
1596 1383 1740 1453 λέγει
1767 1383 1914 1454 αὐτῷ
1938 1399 1950 1412 ·

402 1474 756 1546 Συγχώρησόν
790 1492 876 1546 μοι
911 1477 1086 1544 μεῖναι
1107 1474 1306 1545 ταύτην
1324 1474 1423 1546 τὴν
1457 1475 1624 1528 νύκτα
1656 1475 1792 1529 κατὰ
1822 1476 1953 1529 ταύ-

400 1566 620 1636 της’τῆς
645 1565 828 1636 κόρης.
860 1563 1126 1619 Εἰσελθὼν
1151 1561 1243 1618 οὖν
1273 1567 1390 1636 μετ’
1425 1565 1592 1635 αὐτῆς
1613 1567 1690 1628 είς
1720 1565 1809 1618 τὸν
1828 1565 1954 1619 ἀπό-

401 1673 604 1728 κρυφον
629 1651 792 1721 οἷκον,
824 1656 970 1724 λέγει
996 1657 1132 1728 αὐτῇ
1159 1673 1171 1687 ·
1218 1657 1469 1722 Ἀνάστα,
1498 1655 1668 1710 σῶσον
1698 1657 1946 1728 σεαυτήν.

401 1746 512 1798 Καὶ
535 1744 757 1808 ἐκδύσας
780 1745 946 1814 αὐτὴν
970 1743 1036 1796 τὰ
1058 1744 1266 1814 ἱμάτια,
1295 1744 1388 1797 καὶ
1427 1747 1491 1815 τῇ
1531 1742 1722 1796 ἑαυτοῦ
1769 1741 1950 1812 ἐσθῆτι

2450 813 2525 867 De
2557 813 2781 883 quodam
2825 810 3182 883 Magistriano.

2126 925 2351 993 Quidam
2378 925 2708 990 adolescens,
2741 925 3145 998 Magistrianus,
3192 928 3368 996 specie
3396 927 3598 983 formo‘

2058 1033 2170 1083 sus,
2199 1026 2375 1072 mente
2405 1019 2546 1087 pius,
2580 1018 2668 1074 cui
2694 1017 2836 1074 Deus
2862 1019 3034 1072 zelum
3059 1017 3279 1072 immisit
3303 1019 3597 1088 spiritalem

2056 1108 2190 1162 adeo
2211 1109 2484 1163 ardentem
2525 1118 2582 1163 ut
2601 1109 2764 1164 etiam
2794 1119 3019 1165 mortem
3061 1119 3445 1176 contemneret,
3474 1126 3596 1166 cum

2058 1208 2315 1268 praztextu
2368 1201 2792 1270 intemperantiae
2819 1216 2884 1256 eo
2932 1201 3284 1265 accessisset,
3332 1202 3599 1273 profundo

2057 1306 2279 1360 vespere
2323 1292 2618 1362 ingreditur
2649 1294 2716 1348 ad
2738 1309 2859 1348 eum
2885 1295 2975 1363 qui
2998 1296 3116 1351 illas
3137 1295 3328 1359 alebat,
3350 1305 3403 1350 et
3427 1296 3518 1351 dat
3551 1297 3598 1352 ei

2059 1383 2295 1454 quinque
2319 1385 2540 1450 solidos,
2564 1392 2618 1439 et
2645 1384 2774 1441 dicit
2799 1390 2847 1441 ei
2869 1404 2882 1441 :
2908 1388 3151 1443 Concede
3200 1388 3333 1442 mihi
3384 1405 3602 1444 manere

2055 1476 2158 1530 hac
2189 1488 2345 1530 nocte
2384 1491 2505 1530 cum
2532 1477 2629 1531 hac
2666 1478 2860 1547 puella.
2890 1477 2944 1531 In
2974 1479 3146 1533 locum
3175 1495 3302 1550 ergo
3328 1481 3599 1536 occultum

2054 1579 2176 1617 cum
2205 1579 2268 1619 ea
2298 1565 2591 1634 ingressus,
2624 1564 2756 1620 dicit
2791 1565 2871 1622 ei:
2899 1566 3087 1636 Surge,
3125 1581 3278 1622 serva
3301 1577 3353 1622 te
3402 1567 3595 1636 ipsam.

2052 1653 2119 1708 Et
2145 1670 2266 1709 cum
2289 1669 2409 1710 eam
2438 1656 2551 1711 suis
2600 1655 2839 1710 vestibus
2867 1656 3159 1722 induisset,
3197 1658 3399 1724 tunica,
3431 1657 3599 1713 cami-

2055 1744 2156 1810 sia,
2189 1755 2241 1800 et
2271 1747 2584 1818 chlamyde,
2637 1755 2691 1802 et
2731 1730 2981 1803 omnibus
3003 1748 3280 1812 virilibus,
3333 1749 3462 1804 dicit
3511 1751 3594 1804 ei:

403 1837 778 1906 μεταμφιάσας
801 1835 985 1906 αὐτὴν,
1011 1837 1122 1898 τοῖς
1153 1852 1212 1888 τε
1238 1834 1511 1905 καμισίοις
1529 1874 1544 1898 ,
1581 1834 1674 1888 καὶ
1707 1835 1772 1904 τῇ
1821 1832 1949 1903 χλα-

2049 1835 2334 1906 Egredere,
2382 1847 2436 1894 te
2481 1854 2695 1894 summa
2745 1839 3043 1909 chlamydis
3093 1849 3244 1909 parte
3286 1849 3598 1911 contegens.

403 1929 524 2000 μύδι
549 1931 642 1982 καὶ
671 1931 782 1992 τοῖς
806 1929 1064 2002 ἀνδρείοις
1092 1930 1275 1992 πᾶσιν,
1303 1927 1448 1996 λέγει
1473 1928 1607 1998 αὐτῇ
1625 1943 1638 1957 ο
1683 1925 1772 1996 Τῷ
1799 1925 1952 1996 ἄκρῳ

398 2022 498 2092 τῆς
527 2020 789 2092 χλαμύδος
830 2019 1305 2091 περικαλυψαμὲνη
1366 2018 1566 2086 ἔξελθε,
1625 2019 1734 2072 Καὶ
1784 2017 1953 2080 οὕτως

401 2114 689 2184 ποιήσασα,
723 2113 814 2166 καὶ
843 2112 969 2184 ὃλην
1013 2110 1207 2182 ἑαυτὴν
1255 2111 1595 2184 σφραγίσασα
1625 2110 1702 2180 τῷ
1746 2126 1950 2180 μυστη-

379 2206 500 2275 ,ρίῳ
520 2204 611 2258 τοῦ
635 2204 887 2276 σταυροῦ,
907 2202 1190 2268 ἐξελθοῦσα
1204 2202 1436 2274 ἆφθορος
1455 2203 1548 2256 τοῦ
1565 2202 1727 2256 τόπου
1747 2202 1949 2254 ἐκείνου

320 2325 322 2328 ν
399 2298 492 2350 καὶ
533 2294 790 2367 ἀμίαντος
830 2295 1102 2363 παντελῶς
1135 2295 1487 2354 διασέσωσται
1531 2298 1596 2367 τῇ
1639 2295 1817 2368 χάριτι
1857 2294 1948 2348 τοῦ

398 2389 629 2461 Χριστοῦ
652 2429 666 2453 ,
701 2389 795 2442 καὶ
817 2391 882 2458 τῇ
925 2387 1019 2442 τοῦ
1057 2387 1336 2442 νεανίσκου
1373 2388 1554 2457 αἰτίᾳ,
1591 2385 1683 2442 τοῦ
1725 2386 1802 2458 τῷ
1837 2386 1950 2457 ἰδίῳ

399 2482 587 2552 αἵματι
613 2481 814 2552 ταύτην
839 2481 934 2551 τῆς
950 2479 1144 2551 ἀτίμου
1171 2479 1371 2552 φθορᾶς
1397 2469 1814 2544 ἀπαλλάξαντος.
1841 2477 1950 2550 Τὴν

399 2572 443 2626 δ’
475 2571 635 2643 ἀλλην
659 2570 868 2643 ἡμέραν
895 2569 1005 2641 (92)
1039 2567 1282 2639 ἐγνώσθη
1310 2567 1371 2621 τὸ
1400 2566 1600 2639 δρᾶμα,
1618 2568 1717 2622 -καὶ
1743 2583 1948 2638 προση-

400 2663 561 2734 νέχθη
607 2665 637 2716 6
687 2661 1085 2736 Μαγιστριανὸς
1119 2661 1195 2732 τῷ
1239 2659 1648 2731 θηριωδεστάτῳ
1701 2659 1946 2732 δικαστῇ.

413 2756 727 2827 Ἀνακρίνας
764 2754 820 2807 δὲ
867 2754 958 2806 τὸν
992 2756 1231 2821 γενναῖον
1257 2752 1490 2824 ἀθλητὴν
1525 2751 1618 2806 τοῦ
1661 2753 1893 2826 Χριστοῦ
1921 2755 1952 2806 6

400 2848 692 2918 ἀνήμερος,
723 2845 816 2898 καὶ
843 2844 1015 2900 πάντα
1049 2843 1265 2916 μαθὼν,
1301 2845 1508 2916 θηρίοις
1542 2845 1724 2899 τοῦτον
1770 2863 1948 2916 παρα-

399 2939 659 3011 ϐληθῆναι
687 2936 995 2990 ἐκέλευσεν·
1023 2937 1108 2990 ἵνα
1151 2937 1243 2989 καὶ
1284 2938 1342 2992 ὲν
1384 2936 1554 3007 τούτῳ
1590 2939 1620 2989 6
1665 2932 1950 3015 titoéxglo;

401 3032 606 3104 δαίμων
636 3033 1024 3107 καταισχυνθῇ.
1055 3030 1298 3102 Νομίσας
1325 3029 1432 3100 γὰρ
1472 3029 1561 3082 τὸν
1602 3028 1839 3100 ἀνδρεῖον
1881 3032 1947 3101 τῇ

399 3125 639 3196 ἀθεμίτῳ
667 3125 901 3197 τιμωρία
924 3123 1262 3196 περιϐαλεῖν,
1305 3120 1520 3174 διπλοῦν
1561 3120 1808 3192 μάρτυρα
1855 3120 1947 3173 τοῦ
1989 3169 1996 3176 ς

2053 1928 2182 1992 Qua:
2209 1943 2332 1984 cum
2357 1930 2434 1986 sic
2465 1928 2699 1995 fecisset,
2723 1938 2778 1984 et
2806 1945 2866 1985 se
2889 1939 3055 1987 totam
3087 1931 3238 2001 signo
3265 1931 3441 1986 crucis
3480 1948 3602 1986 mu-

2051 2019 2258 2085 niisset,
2305 2035 2520 2090 egressa
2547 2035 2623 2089 ex
2655 2021 2744 2076 illo
2789 2021 2908 2076 loco
2942 2021 3163 2076 omnino
3213 2021 3521 2092 incorrupta
3549 2032 3604 2078 et

2051 2111 2352 2180 impolluta,
2386 2123 2596 2168 servata
2619 2122 2699 2168 est
2721 2112 2920 2167 Christi
2947 2113 3116 2182 gratia
3149 2121 3202 2168 et
3226 2129 3391 2169 causa
3420 2114 3604 2170 adole-

2051 2203 2268 2269 scentis,
2296 2204 2387 2274 qui
2408 2219 2526 2259 eam
2553 2221 2650 2261 suo
2669 2206 2932 2277 sanguine
2954 2205 3199 2260 liberavit
3223 2220 3254 2259 a
3280 2206 3419 2274 turpi
3445 2205 3598 2261 vitio.

2052 2293 2308 2365 Sequenti
2349 2305 2530 2351 autem
2556 2298 2641 2352 die
2667 2314 2752 2353 res
2807 2297 2908 2353 fuit
2938 2298 3148 2366 cognita
3168 2337 3183 2363 ,
3228 2306 3281 2352 et
3311 2299 3602 2367 productus

2050 2395 2134 2441 est
2160 2385 2537 2457 Magistrianus
2576 2388 2642 2442 ad
2672 2389 3026 2445 szevi'ssimum
3047 2389 3304 2460 judicem.
3333 2389 3472 2443 Cum
3500 2405 3602 2444 au-

2051 2486 2155 2530 tem
2183 2485 2458 2531 strenuum
2489 2477 2691 2533 Christi
2717 2479 2973 2534 athletam
3001 2481 3361 2534 examinasset
3384 2481 3601 2551 impius,

2049 2578 2102 2621 et
2154 2568 2332 2623 omnia
2384 2567 2713 2636 didicisset,
2744 2569 2908 2638 jussit
2947 2585 3068 2625 eum
3099 2571 3261 2639 objici
3307 2572 3513 2640 bestiis,
3547 2585 3606 2630 ut

2049 2658 2210 2712 etiam
2236 2657 2393 2714 bonis
2422 2659 2650 2716 infestus
2678 2661 2888 2717 daemon
2931 2664 2983 2717 in
3021 2678 3087 2717 eo
3120 2663 3418 2719 adiceretur
3445 2666 3604 2737 igno-

2046 2751 2234 2806 minia.
2267 2749 2401 2806 Nam
2426 2768 2548 2807 cum
2577 2754 2940 2810 existimasset
2975 2739 3151 2809 virum
3197 2754 3390 2812 fortem
3417 2758 3470 2813 in
3504 2775 3606 2812 ne-

2050 2844 2244 2898 farium
2279 2843 2498 2914 injicere
2544 2845 2867 2915 supplicium
2892 2888 2908 2914 ,
2951 2862 3076 2901 eum
3110 2847 3285 2903 eﬂ'ecit
3335 2849 3606 2919 duplicem

2048 2937 2246 2992 Christi
2274 2947 2594 3009 martyrem;
2624 2947 2682 2992 ut
2701 2939 2791 3008 qui
2818 2947 2873 2994 et
2905 2955 3000 3010 pro
3028 2955 3123 2995 sua
3144 2941 3322 2997 anima
3353 2943 3610 3011 praeclare

2048 3030 2482 3095 decertaverit,et
2499 3046 2597 3100 pro
2611 3032 2697 3086 illa
2716 3032 2869 3086 beata
2890 3031 2944 3086 in
2967 3032 3239 3088 laboribus
3255 3041 3472 3089 strenue
3487 3049 3609 3104 per-

2049 3123 2384 3176 severaverit.
2398 3121 2661 3188 Quocirca
2678 3122 2873 3192 duplici
2890 3123 3091 3178 honore
3105 3131 3158 3177 et
3171 3124 3378 3178 duabus
3394 3112 3614 3192 insigni:

402 3217 634 3288 Χριστοῦ
666 3218 848 3270 τοῦτον
872 3217 1166 3288 ἀπέφηνεν,
1195 3215 1287 3269 καὶ
1309 3213 1575 3285 ὑπὲρτῆς
1605 3211 1797 3265 ἑαυτοῦ
1826 3212 1954 3265 ἀθα-

2053 3213 2154 3269 bus
2180 3215 2394 3270 coronis
2422 3215 2613 3285 dignus
2647 3223 2728 3271 est
2750 3215 2964 3270 habitus
2984 3231 3012 3270 a
3037 3215 3235 3271 Christi
3261 3215 3608 3286 benignitate.

322 3315 329 3321 '
402 3309 561 3364 νάτου
590 3308 765 3380 ψυχῆς
785 3307 1091 3379 ἀθλήσαντα
1119 3306 1396 3376 γενναίως,
1429 3305 1522 3359 καὶ
1573 3304 1713 3374 ὑπὲρ
1768 3303 1868 3372 τῆς
1929 3303 2170 3374 ἀοιδίμου
2201 3305 2413 3376 ἐκείνης
2471 3307 2564 3360 καὶ
2603 3307 2875 3377 μακαρίας
2919 3305 3220 3379 ἀθλητικῶς
3268 3307 3378 3369 τοῖς
3429 3305 3612 3370 πόνοις

405 3405 900 3478 ἐγκαρτερήσαντα.
945 3403 1033 3456 Διὸ
1070 3403 1161 3456 καὶ
1204 3401 1396 3470 διπλῆς
1444 3398 1606 3470 τιμῆς
1660 3393 1806 3469 παρὰ
1860 3397 1952 3452 τοῦ
1991 3400 2224 3471 Χριστοῦ
2263 3402 2357 3455 καὶ
2421 3401 2527 3456 τῶν
2590 3403 2840 3475 ἀοιδίμων
2879 3403 2972 3457 καὶ
3011 3403 3288 3475 μακαρίων
3335 3400 3612 3470 στεφάνων

405 3497 556 3571 παρὰ
576 3496 674 3566 τῆς
698 3497 885 3548 τούτου
913 3493 1314 3566 φιλανθρωπίας
1342 3490 1565 3562 ἠξιώθη.

476 3651 588 3721 (90)
614 3651 944 3716 Nam-laxat:
963 3669 1069 3717 nc,
1103 3650 1252 3707 Hanc
1294 3652 1419 3707 item
1448 3650 1740 3708 historiam.
1767 3666 1942 3720 perse-

408 3722 588 3790 quitur
614 3723 753 3777 idem
784 3721 1118 3789 Nicephorus
1139 3723 1176 3775 l.
1208 3738 1255 3775 c.
1571 3752 1574 3754 η

2049 3651 2239 3727 an???
2276 3651 2480 3727 Wm'l’
2499 3667 2626 3727 Ρβεο
2654 3651 2777 3727 8‘."
2801 3720 2812 3727 .
2994 3719 3060 3727 --.
3181 3719 3202 3727 -
3321 3719 3332 3727 -
3528 3714 3564 3727 σο

2132 3714 2241 3792 (92)
2277 3723 2395 3790 Τὴν
2415 3721 2466 3774 δ’
2483 3714 2680 3792 ἄλλην
2702 3720 2945 3791 ἡμέραν.
2986 3719 3130 3792 Hist.
3171 3719 3451 3790 Lamiam.
3480 3714 3611 3772 edit.

480 3791 587 3865 (9|)
637 3791 1354 3865 Marwz'ptavjdc.___(l_lossre
1407 3791 1521 3865 Lat.
1565 3789 1657 3865 Cr.
1698 3791 1955 3865 Agema):

2059 3789 2231 3848 Paris.
2266 3789 2424 3859 16M,
2461 3794 2527 3865 τῇ
2560 3791 2616 3844 δὲ
2645 3789 2868 3864 ἐπιούσῃ
2894 3789 3090 3862 ἡμέρᾳ.

411 3856 591 3924 rebus;
637 3856 1056 3930 Μαγιστριανός.
1103 3860 1231 3916 Vide
1275 3863 1534 3931 Cangium
1586 3861 1641 3915 in
1687 3856 1954 3915 Glbssario

614 5799 1054 5880 ΡΑτιιοιῘῦιι.
1083 5819 1165 5882 Χ.

3235 5789 3307 5842 93
