4134 6380
392 414 496 475 885

1059 409 1129 467 ΙΝ
1161 404 1489 467 CANONEM
1523 401 1934 463 PASCHALEM
1970 400 2294 462 BUCHERII
2323 398 2989 461 AMMADVEBSIONE-o.

3504 404 3607 459 88G
3658 468 3663 471 _

1277 826 1826 955 fEGIDII
1972 822 2270 951 BUC
2291 817 2735 949 HEBII

1774 1102 1816 1155 E
1873 1097 2219 1175 SOCJESU

761 1290 842 1351 ΙΝ
890 1288 955 1350 S.
1014 1279 1452 1347 HIPPOLYTI
1508 1279 1890 1343 CANONEM
1938 1270 2427 1345 PASCHALEM’
2474 1268 3249 1353 ANIMADVERSIONES.

1967 1494 2037 1510 -υ-

1507 1641 1897 1757 INDEX
1943 1632 2512 1729 CAPITUM.

1971 1884 2034 1895 ..-

463 2004 508 2061 1.
653 2008 698 2062 Α
731 2021 830 2077 quo
855 2018 991 2058 anno
1027 2001 1207 2059 Conon
1238 2000 1580 2074 Hippolyteus
1606 2001 1845 2069 incipiat.

462 2096 533 2155 ll’.
657 2099 768 2155 Cur
798 2097 1116 2170 Hippolytus
1134 2097 1500 2153 octaeteridem
1531 2094 1774 2165 geminet.
1799 2089 1985 2143 Potuit
2009 2086 2240 2156 simplici
2269 2093 2585 2163 octaeteriae
2609 2088 2876 2137 contentus
2897 2093 3024 2133 esse.
3406 2140 3411 2145 ι

486 2194 575 2249 lll.
672 2168 1019 2263 Parergorum
1041 2193 1198 2261 primi
1225 2188 1465 2245 laterculi
1490 2186 1793 2257 explicatio.
1811 2181 1920 2238 Cur
1944 2182 2165 2237 subinde
2195 2179 2304 2234 bini
2331 2179 2444 2234 dies
2475 2168 3414 2263 quartadecima:lunte‘designentur.

455 2281 545 2337 IV.
620 2282 791 2337 Tertia
827 2258 1274 2349 tabulapaschali
1307 2279 1615 2333 Victoriarum
1660 2276 1971 2345 conformior
2020 2274 2347 2346 proponitur.
2382 2272 2543 2328 Lunte
2583 2267 2841 2341 paschalis
2869 2261 3188 2333 Hippolyten:
3230 2268 3357 2314 astas
3385 2258 3604 2312 eruitur.

684 2352 953 2421 Hippolyti
980 2350 1160 2406 Canon
1184 2351 1241 2403 in
1270 2350 1550 2405 Victoriani
1581 2358 1758 2418 typum
1783 2349 2041 2402 redactus.

466 2440 534 2499 γ.
642 2440 960 2513 Hippolytus
988 2439 1262 2513 paschales
1286 2437 1600 2513 Lgtinorunt
1623 2439 1783 2505 primi
1817 2440 2018 2513 generis
2046 2436 2278 2489 rationes
2302 2432 2559 2513 sequitur.
2584 2428 2925 2513 fiimoenim
2956 2437 3112 2496 caput
3143 2428 3328 2480 mensis
3355 2429 3618 2496 paschalis

706 2514 801 2568 a5

893 2498 1019 2565 artii
1051 2511 1279 2564 orditur.
1312 2508 1551 2567 Secundo
1574 2498 1763 2562 lunam
1790 2498 1962 2577 phscln

2053 2522 2093 2558 m
2124 2522 2157 2558 a
2211 2518 2298 2557 xvr
2329 2498 2381 2555 in
2410 2517 2523 2556 χχιι
2565 2498 2837 2567 άὶΙῙιιηάίε.

462 2603 552 2660 Vl.
646 2604 715 2659 Et
742 2603 1076 2657 Dominicam
1106 2600 1401 2671 paschalem
1431 2589 1619 2685 Mirm
1647 2599 1718 2653 20
1750 2599 2008 2653 admittit.
2036 2644 2037 2655 η

461 2700 574 2756 VII.
652 2696 940 2768 Nunquam
971 2696 1157 2768 limitis
1188 2710 1221 2746 a
1251 2692 1450 2763 synodo
1477 2681 1793 2747 Caesariensi
1819 2691 2091 2746 constituti
2113 2690 2268 2759 ﬁnem
2295 2687 2515 2742 excedit.
2556 2683 2703 2755 (chli
2744 2682 3044 2753 Hippolytei
3072 2683 3127 2736 in
3158 2681 3480 2738 Kalendario
3519 2683 3605 2736 Ju-

704 2766 849 2822 liano
874 2766 1167 2835 dispositio.

462 2862 595 2919 Vill.
654 2862 738 2917 An
762 2862 1035 2916 octaeteris
1058 2859 1322 2929 paschalis
1355 2858 1556 2929 passing
1582 2865 1840 2929 usurpata
1868 2855 1937 2908 sit
1967 2872 1999 2929 ᾳ
2026 2853 2209 2922 primis
2232 2851 2572 2925 Christianis.
2608 2847 2939 2904 Octaeridem
2972 2845 3244 2918 Hippolyti
3264 2845 3497 2929 Scaliger
3527 2846 3591 2897 ab

708 2931 927 2992 surdam
954 2922 1103 3000 putat
1133 2946 1151 2984 :
1185 2946 1301 3000 qute
1325 2922 1497 2982 tamen
1521 2922 1839 2981 Latinorum
1876 2925 2105 2979 rationes
2134 2932 2323 2977 servat.
2474 2922 2475 2925 “
3042 2971 3046 2973 .
3357 2928 3363 2933 ’

460 3025 553 3083 IX.
644 3027 933 3082 Octaeteris
957 3025 1200 3094 Dionysii
1224 3024 1575 3079 Alexandrini
1604 3023 1851 3093 episcopi.

462 3122 534 3180 X.
626 3122 789 3177 Julii
821 3123 1081 3191 Africani.

459 3219 552 3274 Χῐ.
650 3218 1138 3276 Hontanistarum..

458 3314 575 3371 XII.
650 3317 1039 3371 Audianorum.
1150 3350 1169 3370 ι

444 3411 599 3467 'Xill.
657 3413 897 3468 Aliorum
925 3414 1066 3485 apud
1087 3413 1307 3469 Bedam.

461 3506 602 3564 XIV.
638 3507 768 3574 .Cur
792 3508 1214 3565 Christianorum
1252 3511 1607 3581 antiquissimi
1636 3510 1997 3566 octaeteridem
2022 3510 2193 3579 potius
2225 3522 2379 3576 quam
2400 3500 2933 3571 enneadecaeteridein
2960 3497 3283 3567 suffecerint.

460 3598 578 3658 IV.
675 3603 1015 3661 Ottaeteridis
1042 3606 1393 3661 incommoda.

1960 3798 2023 3809 —

520 3943 563 3999 ι.
605 3944 655 3997 Α
689 3958 790 4013 quo
818 3960 955 3998 anno
988 3946 1172 4000 Canon
1211 3947 1558 4021 Hippolyteus
1598 3951 1838 4021 incipiat.

467 4138 783 4196 istiusmodi
805 4148 933 4195 sunt
962 4141 1019 4194 in
1061 4152 1246 4197 statua
1271 4146 1358 4199 illa
1389 4161 1690 4202 marmorea
1721 4148 1963 4203 Lauren-

395 4231 549 4287 tiana
590 4230 705 4285 bini
732 4231 1015 4301 paschales
1039 4233 1285 4289 laterculi
1310 4254 1324 4289 :
1350 4236 1443 4305 qui
1466 4238 1540 4291 ab
1566 4253 1709 4293 anno
1732 4239 1964 4293 Alexan-

396 4322 481 4377 dri
509 4323 639 4393 imp.
657 4321 950 4377 Mammaea:
972 4324 1078 4378 ﬁlii“
1090 4325 1287 4395 primo,
1303 4324 1578 4383 Canonem
1593 4328 1749 4393 inire,
1765 4330 1965 4386 diserte

396 4423 682 4471 testantur.
721 4414 965 4477 Primum
995 4426 1179 4472 autem
1208 4418 1497 4473 Alexandri
1530 4435 1641 4474 non
1674 4421 1729 4475 in
1761 4421 1959 4477 Christi

393 4507 669 4583 vulgar-ein
690 4475 824 4572 22E
844 4515 905 4561 ut
932 4507 1123 4563 volunt
1144 4508 1400 4577 Annales,
1425 4512 1519 4567 sed
1546 4512 1672 4577 222,
1696 4522 1757 4568 ut
1775 4475 1961 4570 nostra

395 4600 464 4655 ad
490 4597 791 4679 Victoriam
815 4597 1101 4674 Appendix
1125 4603 1329 4669 sciscit,
1352 4603 1652 4669 incurrere,
1678 4613 1758 4660 tot
1786 4604 1962 4661 Cano-

394 4690 482 4745 nis
510 4690 745 4759 hujusce
773 4689 1120 4747 characteres
1160 4694 1436 4749 evincunt.
1474 4693 1653 4761 Quare
1696 4697 1832 4752 nihil
1860 4699 1962 4752 mi-

392 4797 538 4848 rum,
570 4782 617 4837 si
635 4780 829 4842 Julius
854 4780 1161 4850 Africanus,
1173 4784 1543 4862 hocitempore
1567 4789 1831 4857 scribens,
1856 4807 1961 4845 Lxx

392 4872 634 4930 Danielis
677 4872 1060 4933 hebdomadas
1107 4880 1435 4935 octaeteride
1489 4880 1644 4951 (qua:
1689 4885 1960 4955 geminata

394 4962 1321 5056 hecka'decaéteridem\componit)
1360 4974 1632 5043 explicare
1670 4991 1959 5048 aggressus

391 5059 466 5115 sit
493 5077 507 5113 :
539 5059 837 5129 praesertim
879 5076 1002 5116 cum
1034 5062 1288 5131 "canonis
1327 5066 1686 5121 cnnstantiam
1725 5069 1794 5123 ab
1831 5067 1960 5137 Hip-

392 5151 577 5222 polyto
611 5148 667 5204 iri
695 5155 1027 5221 praeteritum
1061 5144 1215 5225 atque
1244 5172 1309 5212 ac
1338 5157 1581 5213 futurum
1611 5162 1853 5229 promitti
1876 5163 1958 5217 vi-

393 5245 581 5311 deret;
606 5244 835 5298 necdum
862 5246 1030 5300 nimia
1060 5248 1180 5316 ejus
1207 5250 1577 5307 contractione
1600 5240 1952 5322 deprehenSa.

392 5334 549 5402 Quod
575 5334 757 5390 subdit
794 5335 1136 5408 Hippolytus,
1182 5340 1487 5396 solvendum
1526 5359 1636 5397 esse
1669 5344 1956 5413 jejunium,

392 5442 510 5480 cum
531 5428 806 5505 Dominica
827 5429 1099 5497 incideret,
1113 5446 1301 5486 verum
1327 5442 1411 5489 est
1433 5453 1447 5488 :
1469 5434 1583 5505 sive
1608 5435 1675 5490 de
1707 5434 1955 5494 Paschali

393 5514 506 5570 sive
538 5514 698 5571 deiiis
728 5532 850 5587 qua:
888 5518 1084 5589 jejunii
1118 5522 1377 5580 solemnis
1415 5525 1531 5581 dies
1565 5502 1948 5595 intercursant,

392 5603 690 5662 Dominicis
725 5610 1078 5680 accipiamus.
1129 5612 1314 5683 Neque
1346 5616 1522 5685 video,
1563 5621 1837 5688 quomodo
1865 5622 1955 5678 hic

393 5694 839 5768 ἀπονηστίζεσθαι
883 5700 981 5767 δεῖ,
1020 5703 1099 5779 usit
1117 5704 1294 5773 idem,
1339 5707 1487 5776 quod
1535 5710 1955 5779 transferendum

391 5799 505 5841 esse
536 5785 831 5862 jejunium,
866 5802 927 5851 ut
978 5770 1093 5853 vult
1141 5770 1402 5874 Scaliger,
1444 5815 1563 5856 cum
1603 5770 1853 5861 terminus
1900 5806 1962 5862 in.

1988 3955 2033 4012 Α
2068 3948 2341 4035 Dominica
2373 3947 2636 4016 inciderit.
2654 3918 2789 3999 Nam
2822 3956 2929 3998 non
2957 3948 3166 3995 tantum
3188 3952 3311 3993 cum
3333 3936 3623 4009 quartade-

2065 4046 2209 4101 cima
2236 4030 2356 4113 qua:
2380 4044 2506 4095 vere
2533 4037 2798 4095 terminus
2818 4041 2925 4103 est,
2954 4031 3047 4086 sed
3075 4030 3233 4086 etiam
3255 4044 3381 4085 cum
3402 4031 3621 4099 quinta-

2065 4135 2273 4189 decima
2298 4132 2426 4185 luna
2458 4130 2545 4201 (de
2575 4143 2681 4199 qua
2710 4126 2846 4181 nihil
2872 4123 2967 4178 hic
2995 4121 3307 4191 laterculus)
3341 4121 3396 4174 in
3438 4117 3623 4173 Domi-

2065 4224 2243 4279 nicam
2275 4220 2522 4287 incurrit,
2556 4219 2774 4274 octiduo
2804 4214 3010 4273 Pascha
3040 4214 3240 4270 dill‘erri
3274 4212 3388 4267 vult
3417 4210 3621 4280 Hippo-

2064 4319 2227 4388 lytus,
2264 4322 2322 4368 ut
2346 4328 2473 4369 mox
2503 4310 2803 4367 ostendam.

2064 4470 2127 4525 ll.
2186 4471 2293 4527 Cur
2351 4467 2668 4539 Hippolytus
2740 4464 3100 4539 octaeteridem
3148 4462 3389 4533 geminet.
3435 4458 3631 4515 Potuit.

2344 4536 2576 4608 simplici
2599 4536 2910 4591 octaeteride
2925 4542 3191 4589 contentus
3212 4549 3353 4589 esse.

2136 4699 2240 4756 Sed
2274 4714 2372 4755 our
2405 4706 2625 4755 sanctus
2666 4696 2824 4753 Pater
2862 4695 3237 4753 octaeteridem
3274 4696 3531 4765 geminat,
3565 4708 3626 4754 et

2062 4795 2118 4848 in
2170 4808 2282 4849 exn
2328 4793 2550 4863 insuper
2594 4789 3079 4846 annosextendit?
3124 4788 3350 4844 Videbat
3393 4790 3619 4858 scilicet,

2060 4887 2183 4943 rudi
2215 4886 2394 4943 adhuc
2420 4886 2639 4953 saeculo,
2682 4884 2739 4938 in
2787 4884 3000 4939 duabus
3037 4883 3478 4951 octaeteridibus,
3522 4898 3619 4938 seu

2061 4995 2169 5035 una
2195 4976 2735 5044 heckmdecaeteride,
2767 4977 3003 5046 aliquam
3034 4977 3211 5031 inesse
3238 4975 3493 5030 feriarum
3533 4990 3621 5028 se-

2060 5072 2194 5129 riem
2220 5089 2235 5138 ;
2265 5070 2592 5141 tandemque
2623 5070 2906 5138 completis
2938 5079 3143 5137 septem
3186 5068 3616 5123 heckaadecaete-

2059 5164 2291 5231 ridibus,
2330 5164 2495 5220 ferias
2526 5163 2593 5219 ad
2619 5172 2781 5232 caput
2805 5162 3014 5229 redire;
3046 5160 3618 5217 heckaedecaeteridem

2062 5255 2246 5325 itaque
2293 5256 2592 5312 contexuit.
2643 5256 2714 5310 At
2761 5262 2973 5325 poterat
2998 5253 3155 5307 'idem
3204 5260 3355 5305 tanto
3398 5250 3618 5304 brevius

1988 5326 2030 5381 Β
2058 5348 2478 5419 distinctiusque
2518 5348 2575 5403 in
2615 5330 2840 5403 totidem
2883 5344 3298 5402 octaeteridibus
3336 5352 3615 5413 praestare.

2062 5439 2277 5511 Septem
2308 5441 2453 5496 enim
2484 5441 2836 5497 octaeterides
2867 5440 3026 5493 binos
3055 5437 3259 5492 solares
3278 5435 3456 5506 cyclos
3475 5436 3617 5489 inte-

2058 5548 2207 5605 gros,
2233 5542 2293 5589 ut
2333 5533 2556 5590 totidem
2582 5529 3126 5589 heckaedecaeterides
3148 5536 3441 5598 quaternos
3470 5543 3620 5582 com-

2058 5624 2407 5693 plectuntur;
2448 5633 2669 5695 tamque
2689 5626 2819 5690 duo,
2842 5638 3007 5692 quam
3031 5634 3265 5689 quatuor
3295 5621 3424 5675 solis
3457 5621 3615 5690 cycli,

2059 5714 2265 5771 litteras
2303 5714 2667 5771 Dominicales
2706 5716 2761 5770 in
2808 5716 2993 5770 orbem
3023 5699 3323 5781 reducunt;
3366 5723 3419 5769 et
3459 5712 3623 5766 annis

2067 5808 2198 5866 solis
2223 5823 2331 5881 va,
2357 5810 2706 5884 prius_quam
2727 5823 2857 5881 cm,
2891 5809 3230 5867 evolvuntur.
3254 5807 3389 5867 Hinc
3422 5814 3533 5865 tam
3565 5802 3631 5858 in.
