4090 6386
314 400 418 458 895

958 395 1025 450 ιΝ
1061 394 1390 451 CANONEM
1429 395 1844 452 PASCHALEM
1881 396 2206 454 BUCHERII
2247 395 2915 454 ANIMADVERSIONES.

3448 395 3552 454 89$

313 525 428 573 tum
457 515 708 582 incurrit,
738 524 793 570 ut
819 517 980 572 annis
1013 516 1220 587 periodi
1257 531 1311 569 iv
1336 525 1388 571 et
1425 532 1516 582 1.x,
1539 533 1614 570 vn
1651 525 1705 572 et
1729 532 1880 585 Lxlu,
1913 523 1958 581 B
1985 519 2077 589 qui
2099 518 2168 573 δι
2189 513 2454 572 annorum
2477 527 2580 580 est,
2609 519 2784 588 capite
2811 518 2865 572 '5.
2896 515 3044 571 Adeo
3068 529 3252 569 verum
3278 523 3380 579 est,
3407 516 3548 583 quod

313 627 348 664 X
381 619 436 666 ει
475 627 621 675 LXVI,
649 625 746 664 XIII
788 618 841 664 CI.
875 624 1022 673 LXIX,
1061 624 1150 662 XVI
1188 617 1242 663 CI
1285 625 1456 675 LXXII,
1487 625 1578 662 XIX
1620 618 1674 664 ει
1720 625 1880 676 LXXV,

314 716 431 757 χιιι
467 711 520 756 et
549 718 772 756 Lxxvm.
815 699 920 754 Nec
951 710 1060 754 tota
1085 700 1204 770 ejus
1237 699 1338 752 “‘2
1363 715 1628 754 annorum
1661 702 1883 769 periodo

317 812 554 863 unquam
583 796 786 848 νῆάς-ωε
809 804 930 846 ante
956 794 1136 845 lunam
1168 808 1254 844 xvt
1277 791 1483 844 Pascha
1505 791 1880 845 Christianum

317 888 502 941 IlltIlCI.
538 887 809 954 Ejusmodi
837 897 961 940 sunt
990 885 1116 938 anni
1144 900 1351 948 omnes,
1386 899 1616 952 quorum
1643 883 1882 949 termini,

318 994 414 1032 seu
444 978 875 1047 quartusdecimze
908 976 1190 1045 paschales
1219 975 1271 1027 in
1305 973 1492 1028 feriam
1523 990 1574 1028 v1
1604 974 1878 1041 incidunt;

318 1081 378 1122 ιιι
404 1084 510 1121 XVII
535 1077 588 1122 ει
621 1083 811 1133 LXXIII,
848 1084 920 1121 XX
950 1077 1003 1122 ρι
1047 1081 1230 1130 LXXVI,
1266 1080 1402 1119 XXIII
1445 1075 1501 1119 EI.
1543 1080 1728 1128 LXXIX,
1758 1081 1884 1120 XXVI

317 1167 371 1212 CI.
401 1174 605 1224 LXXXII,
635 1175 764 1213 XXIX
795 1167 850 1214 ει
876 1175 1073 1221 LXXXV.
1101 1174 1250 1214 XXXII
1275 1167 1328 1212 ει
1351 1173 1614 1222 LXXXVIII,
1655 1173 1799 1212 XXXV
1832 1166 1887 1211 ει

317 1263 424 1316 xei,
455 1266 661 1305 xxxvm
693 1259 747 1306 et
772 1266 916 1306 χειν.

358 1388 438 1444 Vl.
464 1384 533 1443 Et
561 1390 896 1445 Dominicam
925 1391 1224 1461 paschalem
1257 1390 1443 1444 Martii
1471 1389 1543 1445 20
1578 1389 1843 1444 admittit.

388 1521 452 1577 Et
482 1523 631 1578 hisce
658 1524 874 1592 quidem
899 1525 1040 1580 binis
1067 1526 1462 1594 posterioribus
1486 1525 1642 1580 annis
1669 1525 1720 1579 id
1743 1540 1882 1595 prae-

313 1625 459 1670 terea
498 1617 772 1684 peculiare
808 1623 910 1680 est,
938 1625 996 1670 ut
1026 1617 1235 1672 Pascha
1269 1617 1613 1673 Dominicum
1646 1634 1743 1671 xm
1778 1616 1885 1670 Ka-

312 1707 502 1761 lendas
530 1707 761 1774 Apriles,
795 1723 889 1761 seu
919 1707 1097 1763 Martii
1131 1709 1202 1764 20
1239 1710 1326 1764 die
1367 1710 1682 1774 decernant,
1707 1710 1884 1764 littera

316 1796 640 1852 Dominieali
663 1797 722 1849 Β.
744 1797 895 1864 Quod
920 1808 1095 1853 tamen
1119 1801 1224 1856 line
1247 1802 1455 1870 prologi
1487 1803 1570 1856 sui
1588 1801 1879 1867 Victorius,

1999 608 2169 664 nostri
2219 609 2272 662 in
2301 607 2600 663 Victoriam
2647 605 3039 662 Commentarii
3059 605 3230 673 capite
3262 603 3295 657 4
3335 603 3550 656 ﬁnienle

1985 701 2244 766 diximus,
2273 715 2448 768 neque
2479 698 2681 753 Judmis
2704 698 2992 760 veteribus,
3027 711 3199 764 neque
3232 697 3420 748 ηωειιή-
3459 713 3536 754 in:

1984 793 2095 847 duo
2132 793 2312 860 priora
2349 792 2544 845 szecula
2570 789 2900 844 Christianis
2924 788 3344 841 astronomirum
3399 807 3456 836 l".
3488 805 3538 834 ir

1985 883 2150 937 noctii
2180 883 2321 936 diem
2350 883 2613 953 agnitum,
2644 896 2751 934 non
2789 889 2932 934 certe
2973 888 3120 931 tanto
3161 865 3414 945 scrupulo
3454 878 3548 926 ult~

1986 984 2260 1031 servatum
2290 994 2302 1029 :
2334 991 2457 1030 cum
2487 975 2543 1029 bi
2577 974 2724 1028 nullo
2750 972 2817 1027 ad
2845 988 2938 1026 eas
2971 971 3134 1025 tricas
3158 971 3287 1034 otio,
3323 970 3405 1022 vix
3441 970 3547 1021 ulla

1987 1081 2018 1121 a
2049 1075 2127 1121 tot
2163 1067 2633 1136 persecutionibus
2675 1063 3050 1134 respiratione,
3097 1061 3232 1114 nihil
3277 1075 3437 1128 supra
3496 1058 3547 1111 id

1985 1161 2130 1230 quod
2185 1158 2449 1213 hactenus
2494 1173 2525 1212 a
2575 1156 2858 1228 Synagoga
2903 1161 3220 1222 usurpatum
3261 1153 3545 1216 videbant,

1986 1249 2372 1319 inquirendum
2402 1259 2654 1320 putarent
2685 1254 3025 1311 curarentve,
3070 1259 3169 1298 nec
3200 1259 3423 1296 mensem
3455 1259 3547 1296 uo-

1985 1356 2186 1405 uorum,
2221 1341 2396 1395 solum
2439 1356 2469 1394 a
2507 1339 2788 1408 Scriptura
2824 1345 3204 1402 memoratum,
3245 1335 3351 1388 alio
3383 1349 3544 1403 quam

1985 1428 2155 1483 Judaei
2185 1443 2350 1483 sensu
2385 1429 2888 1498 interpretarentur.
3295 1413 3304 1420 ’
3378 1415 3388 1419 ’

1984 1540 2094 1596 VII.
2139 1539 2423 1611 Nunquam
2462 1541 2646 1594 limitis
2686 1539 2956 1611 arsynodo
2985 1536 3324 1611 Caesariensi
3351 1535 3546 1611 consti-

2055 1614 2155 1664 tuti
2189 1605 2342 1678 ﬁnem
2366 1611 2587 1664 excedit.
2620 1610 2763 1680 (Συειὶ
2787 1605 3099 1678 Ἠἱρροιυιεὶ
3135 1609 3186 1660 in
3217 1605 3542 1659 Kalendario

2054 1681 2273 1734 Juliano
2306 1683 2602 1747 dispositio.

2057 1792 2164 1848 Nec
2190 1793 2318 1846 illud
2359 1791 2448 1848 hic
2475 1793 2856 1859 omittendum,
2887 1791 3234 1862 Hippolytum
3261 1789 3543 1844 constituti

315 1905 587 1958 nunquam
611 1890 818 1956 penitus
853 1889 1171 1944 celebratum
1194 1891 1414 1944 inveniri
1438 1890 1626 1946 scribit
1652 1908 1665 1944 :
1692 1904 1885 1958 nempe
1915 1874 1956 1930 Β
1985 1884 2054 1938 ab
2086 1884 2292 1954 synodo
2317 1883 2642 1939 Caesariensi
2683 1884 2890 1938 limitis-
2917 1883 3186 1952 paschalis
3236 1881 3398 1935 ﬁnem
3438 1897 3544 1935 non

317 1989 441 2050 post
471 1979 741 2035 Nicaenam
777 1981 1067 2052 synodum,
1099 1991 1193 2036 aut
1223 1981 1424 2037 fortean
1455 1997 1520 2036 ex
1562 1997 1670 2051 quo
1705 1980 1880 2036 Latini

315 2070 910 2138 heckaadecaeteridem,
949 2072 1090 2128 hanc
1149 2073 1486 2141 abjecerant,
1541 2071 1611 2127 ad
1667 2081 1880 2127 aetatem

314 2177 490 2231 usque
521 2161 766 2227 Victorii,
805 2171 867 2217 ut
903 2162 1160 2219 diximus.
1206 2161 1320 2219 Nisi
1370 2165 1527 2218 malis
1569 2163 1694 2218 cum
1739 2164 1881 2218 Beda

314 2253 716 2321 celebrandum,
766 2269 927 2322 quam
989 2255 1305 2308 celebratum
1363 2255 1559 2326 legere.
1627 2255 1880 2324 Alioquin

312 2341 582 2414 Hippolyti
617 2344 1048 2399 limc-octaeteris
1091 2347 1392 2415 geminata,
1441 2346 1556 2400 sive
1603 2344 1880 2400 beckmde-

313 2433 565 2498 caeteris,
596 2448 865 2487 annorum
902 2434 1001 2487 ΗΞ
1025 2434 1328 2500 intervallo,
1357 2434 1441 2488 bis
1484 2434 1589 2488 isto
1625 2433 1712 2487 die
1745 2448 1880 2488 con-

314 2523 512 2580 stituit.
545 2521 696 2577 Unde
725 2523 872 2577 vides
901 2524 1245 2596 Hippolytum
1276 2541 1342 2579 ex
1374 2526 1552 2596 primo
1585 2533 1639 2580 et
1665 2525 1882 2596 rigidis-

313 2613 456 2667 simo
498 2611 816 2667 Latinorum
859 2631 1054 2684 genere
1095 2617 1390 2683 exstitisse,
1427 2619 1518 2686 qui
1565 2615 1878 2671 Iudaeorum

314 2704 579 2784 terminos
598 2706 1113 2773 complectebantur;
1131 2716 1185 2764 et
1205 2707 1607 2776 aequinoctium,
1631 2707 1712 2761 vel
1735 2717 1880 2762 certe

315 2793 449 2847 solis
479 2794 529 2846 in
558 2794 795 2850 Arietem
831 2796 1156 2865 ingressum,
1189 2813 1297 2851 non
1327 2813 1449 2851 eum
1487 2797 1551 2852 21
1596 2796 1797 2863 Martii,
1823 2808 1880 2852 ut

313 2880 516 2936 Nicaani
550 2882 768 2951 Patres;
798 2900 971 2954 neque
1011 2902 1134 2940 cum
1166 2887 1256 2950 22,
1291 2895 1350 2940 ut
1388 2888 1592 2956 passim
1629 2887 1879 2942 Anatolio

315 2975 596 3041 tribuunt;
631 2979 723 3032 sed
755 2994 879 3032 cum
913 2978 980 3032 18
1013 2979 1432 3049 comparabant,
1483 2994 1549 3034 ex
1595 2979 1882 3034 nonnullo-

315 3081 438 3120 rum
473 3078 711 3123 veterum
744 3079 798 3124 et
825 3071 1116 3125 eelebrium
1150 3071 1547 3140 astrologorum
1578 3072 1876 3126 sententia:

315 3175 438 3212 cum
473 3163 671 3230 quibus
707 3162 922 3220 Iudaeos
969 3163 1340 3230 consensisse,
1384 3161 1650 3233 Iosephus
1690 3178 1878 3218 eorum

1982 1979 2258 2042 excedere,
2292 1977 2414 2032 licet
2454 1977 2667 2030 initium
2702 1976 2870 2031 biduo
2912 1983 3231 2030 antevertat.
3278 1974 3353 2030 Ea
3399 1976 3544 2030 enim

1982 2068 2220 2139 synodus
2245 2067 2313 2122 ab
2341 2084 2394 2121 XI
2427 2066 2694 2124 Kalendas
2729 2067 2961 2136 Apriles,
3003 2083 3098 2123 seu
3139 2067 3209 2120 22
3247 2065 3445 2133 Martii,
3477 2066 3545 2120 ad

1981 2177 2036 2214 xl
2067 2158 2336 2216 Kalendas
2370 2159 2515 2226 Maii,
2557 2177 2651 2217 seu
2684 2161 2748 2215 21
2784 2161 2986 2231 Aprilis
3023 2161 3306 2226 inclusive,
3345 2175 3439 2230 per
3476 2160 3539 2213 ’51

1981 2251 2096 2305 dies
2129 2249 2334 2306 Pascha
2367 2251 2754 2324 ἀναστάσιμον,
2785 2269 2878 2308 seu
2919 2251 3230 2308 Dominicas
3262 2251 3545 2320 paschales

1983 2342 2276 2398 concludit.
2311 2337 2630 2414 Hippolytus
2661 2344 2730 2398 ab
2763 2360 2861 2398 xm
2892 2343 3159 2398 Kalendas
3186 2343 3417 2412 Apriles,
3449 2359 3543 2396 seu

1981 2433 2156 2488 Martii
2189 2434 2281 2502 20,
2311 2435 2378 2489 ad
2415 2452 2466 2490 XI
2497 2435 2766 2491 Kalendas
2795 2435 2936 2500 Maii,
2951 2451 3044 2504 per
3067 2435 3182 2490 dies
3223 2434 3448 2488 omnino
3477 2434 3545 2487 55

1980 2527 2241 2593 extendit,
2265 2536 2324 2580 ut
2353 2542 2418 2581 ex
2449 2527 2694 2602 subjecto
2738 2526 3126 2598 diagrammate
3155 2535 3316 2596 patet.
3349 2524 3406 2578 In
3437 2539 3546 2593 quo

1981 2632 2155 2672 annos
2204 2617 2761 2672 hcckaedecaeteridos
2805 2619 2924 2687 ejus
2973 2633 3134 2672 senos
3166 2619 3357 2681 denos,
3389 2617 3545 2686 quasi

1980 2707 2200 2762 totidem
2234 2723 2488 2762 numeros
2528 2709 2763 2772 Aureos,
2799 2724 2952 2779 aeque
2996 2725 3058 2764 ac
3101 2725 3192 2763 xix
3235 2708 3458 2761 Latinos
3493 2716 3547 2760 et

1979 2799 2397 2863 Alexandrinos,
2432 2799 2596 2855 certis
2619 2800 2886 2854 mensium
2919 2799 3096 2855 Martii
3128 2811 3182 2855 et
3210 2799 3410 2870 Aprilis
3432 2800 3547 2853 die-

1979 2891 2080 2946 bus
2103 2907 2168 2944 ex
2199 2890 2318 2960 ejus
2345 2891 2589 2945 doctrina
2613 2891 2882 2948 alliximus
2909 2911 2921 2946 :
2952 2894 3023 2946 ita
3048 2901 3247 2959 tamen,
3278 2902 3336 2946 ut
3357 2893 3546 2947 sexde-

1979 2981 2084 3035 cim
2115 2980 2243 3034 anni
2277 2980 2390 3044 isti,
2421 2996 2528 3035 non
2567 2981 2671 3034 nisi
2715 2982 2781 3035 ad
2810 2991 2934 3036 octo
2965 2983 3080 3037 dies
3111 2982 3376 3037 mensium
3414 2981 3545 3035 isto-

1978 3086 2097 3124 rum
2131 3078 2508 3140 apponantur;
2554 3070 2683 3138 quia
2716 3070 2830 3124 bini
2882 3071 2936 3125 in
2984 3063 3230 3126 cellulain
3263 3087 3422 3126 unam
3464 3071 3547 3124 iu-

1979 3168 2207 3217 currunt
2244 3180 2257 3216 :
2295 3161 2513 3232 quando
2545 3161 2700 3230 ;nihil'
2742 3161 2886 3217 aliud
2931 3163 3402 3218 heckaadecaetcris
3439 3173 3542 3227 est,

317 3251 607 3308 historicus
638 3255 908 3321 insinuat;
947 3263 1000 3309 et
1037 3270 1135 3309 nos
1181 3255 1426 3309 dicemus
1453 3256 1507 3308 in
1544 3261 1778 3309 tractatu
1812 3254 1883 3310 De
1909 3239 1951 3298 (ἶ
1983 3270 2146 3325 quam
2174 3255 2462 3310 octaeteris
2493 3255 2788 3324 geminata,
2835 3265 2893 3312 ut
2925 3258 3037 3327 jam
3085 3259 3244 3316 toties
3284 3259 3542 3313 diximus.

313 3341 558 3408 paschali
585 3354 832 3411 veterum,
859 3354 1084 3415 tempore
1129 3344 1348 3412 Christi,
1377 3343 1686 3399 Iudaeorum
1719 3345 1884 3416 ιδεμ-ιο,

1985 3345 2066 3401 En
2098 3346 2235 3418 cycli
2271 3345 2542 3417 Hippolyti
2562 3346 2617 3400 in
2643 3345 2966 3406 Kalendario
2993 3349 3209 3407 Iuliano
3241 3351 3543 3422 dispositio.

945 3527 1173 3590 CYCLI
1219 3526 1705 3588 HIPPOLYTEI
1742 3527 1824 3588 IN
1865 3525 2390 3587 KALENDARIO
2433 3522 2907 3592 DISPOSITIO.
2970 3533 2977 3541 ’

1165 3657 1291 3745 ἐξ
1380 3657 1506 3736 <Ξ
1590 3660 1717 3742 εξ

564 3789 968 3848 manuus
1163 3747 1274 3876 ἓξ
1376 3742 1490 3876 ἓξ
1574 3749 1699 3876 Ξῖ

1162 3861 1290 3954 ἐξ
1376 3861 1506 3946 ἓξ
1573 3861 1716 3954 ἐξ
1822 3883 1875 3920 νε

1164 3953 1273 3997 "1"
1450 3953 1490 3998 τ’
1588 3953 1602 3976 ⁵
1660 3955 1699 3998 τ’
1809 3953 1902 3990 XIV

566 4055 626 4095 ιιι
751 4043 784 4097 5
979 4043 1036 4096 Ἀ
1179 4059 1276 4096 XIX
1372 4058 1508 4096 xvnt
1615 4061 1667 4097 vt
1847 4047 1872 4100 I

526 4140 667 4150 ——
733 4142 876 4158 --
945 4141 1087 4152 --
1158 4141 1299 4156 --
1369 4139 1511 4151 --
1607 4127 1696 4167 XIV
1786 4143 1929 4158 ——

527 4179 676 4233 Prid.
791 4182 824 4234 6
1001 4182 1036 4235 b
1179 4197 1274 4235 vui
1837 4187 1872 4238 2

525 4276 1714 4376 ἆῶἶ”ἷ’”ἴ’““’ῖῖ’““
1783 4282 1926 4378 ῙΓ

523 4417 1920 4552 ᾟΤΤᾘ“ᾚΤ

561 4613 637 4654 vn
792 4601 826 4657 9
1000 4616 1031 4654 e
1205 4617 1240 4654 γ
1400 4618 1466 4656 xv
1840 4607 1876 4661 5

525 4698 1296 4794 Ἶῖ’ἲῖ’”ῖ’““
1363 4699 1506 4796 Ἷῖ
1574 4702 1715 4716 ””
1784 4705 1928 4800 ἿΓ

526 4839 665 4932 ἾΓ
731 4839 878 4934 TT
945 4839 1090 4950 ἾῙ
1157 4841 1299 4936 EI
1367 4840 1511 4853 “’
1578 4845 1717 4856 ’“
1786 4845 1928 4938 ἿΓ

527 4977 1927 5114 Τῖἷῗῖῗῗῖῖζτξῖῗ

563 5175 625 5213 ιιι
780 5160 844 5214 15
1004 5160 1039 5213 b
1427 5180 1445 5218 ι
1841 5167 1875 5221 9

522 5257 1087 5356 Εὗζῖἷ’ῗῗ
1156 5263 1297 5356 TT
1366 5263 1507 5276 “”
1577 5265 1719 5275 ’“
1789 5266 1927 5359 Ἶῑ

527 5397 670 5494 EE
737 5400 878 5493 7?
947 5398 1087 5493 ἾΓ
1156 5402 1297 5414 “”
1365 5402 1508 5498 Ἶῖ
1578 5407 1720 5418 ’”
1788 5407 1930 5500 TT

545 5594 656 5633 xvu
779 5581 846 5636 16
1008 5598 1037 5635 e
1161 5600 1298 5638 ιιι-ιιι
1385 5601 1496 5640 xvu
1598 5567 1696 5676 In.
1827 5587 1894 5640 12

529 5677 671 5773 ἷῖ
737 5680 1040 5775 7T"“i
1159 5683 1302 5778 ῙῘ
1370 5685 1508 5699 -*
1787 5685 1928 5779 Ἶῖ

2028 4374 2083 4411 XI

2049 4463 2076 4516 1

1997 4703 2144 4799 ἾΓ

2047 4885 2084 4940 4
2232 4867 2328 4907 VIII

2234 4938 2326 4978 XVI

1989 4985 2140 5080 ’ξ’
2267 5029 2293 5082 ι

1993 5126 2346 5222 “ἴ’Ἶῖ

1999 5265 2142 5360 Ἳῗ
2209 5267 2353 5362 ἷῖ

2052 5447 2086 5500 ⁸
2259 5447 2314 5514 ιι
2437 5429 2538 5538 ιίἲι

1997 5546 2138 5642 ἾΓ
2205 5546 2348 5640 ῙῙ
2470 5589 2495 5641 ι

1995 5686 2136 5781 Ἷῖ
2205 5686 2346 5780 Ἷῖ
2411 5686 2554 5781 ῙΓ
