4090 6382
321 418 418 475 897

945 404 1013 458 IN
1050 401 1374 459 CANONEM
1414 396 1824 456 PASCHALEM
1856 391 2187 451 BUCllEHlI
2224 383 2893 445 ANIMADVEHSIONES.

3439 382 3540 437 898

392 531 565 598 Atque
597 525 711 581 huic
740 524 806 579 de
835 522 903 578 iis
940 536 1062 591 qua:
1101 520 1169 575 ad
1197 519 1470 590 Hippolyti
1497 517 1796 577 Canonem,
1828 521 1883 568 et
1908 521 1952 573 Α
1980 509 2253 567 riensibus
2295 505 2592 573 collocarit,
2626 504 2771 574 quod
2796 501 2968 572 magis
2997 498 3284 566 existimo;
3319 505 3448 554 tunc
3473 499 3543 552 ab

323 619 624 674 institutum
648 622 892 670 nostrum
917 617 1183 682 spectant,
1208 608 1348 665 dicta
1376 607 1508 662 sint.
1535 606 1735 660 Caetera
1759 617 1879 671 quae

327 713 414 766 hic
441 707 616 765 notari
645 712 885 777 possent,
911 701 1103 757 omitto
1130 719 1144 755 :
1175 708 1290 753 tum
1314 698 1443 768 quia
1468 695 1602 750 nihil
1627 694 1693 749 ad
1724 693 1880 748 insti—

329 812 522 867 tutum,
546 809 658 854 tum
681 796 806 868 quia
831 795 974 865 apud
998 792 1351 863 Scaligerum,
1374 787 1650 844 Petavium
1672 794 1727 842 et
1744 786 1880 842 alios

326 894 490 950 videri
517 899 761 962 possunt.
799 887 915 944 Una
939 888 1101 943 modo
1124 885 1353 957 quzestio
1374 891 1636 953 superest.

331 1068 461 1124 Vill.
502 1067 753 1134 Quamio.
790 1065 867 1119 An
894 1067 1168 1120 octaeteris
1190 1063 1464 1119 Paschalis
1499 1063 1881 1134 passim__usur-

392 1132 680 1208 pataLsitqit
705 1136 890 1208 primis
915 1136 1252 1208 Christianis.
1287 1132 1882 1208 Octaeteﬁdemﬂippo—

392 1202 488 1276 lyti
514 1202 750 1287 Scaliger
780 1205 1063 1287 absurdam
1096 1213 1287 1275 putat:
1310 1219 1427 1276 quw
1459 1215 1633 1259 tamen
1662 1202 1883 1257 Latino-

396 1294 514 1331 rum
541 1283 770 1330 rationes
800 1283 992 1331 servat.

394 1430 633 1502 Scaliger
655 1430 771 1487 suis
805 1429 860 1484 in
896 1428 1045 1484 hunc
1070 1426 1339 1499 Hippolyti
1374 1427 1651 1484 Canonem
1694 1428 1882 1485 obser-

320 1522 653 1587 vationibus,
702 1520 880 1576 vereri
912 1536 970 1577 se
1007 1520 1103 1586 ait,
1156 1528 1218 1574 ut
1268 1519 1360 1574 illa
1409 1518 1884 1574 beckzedecaeteris

325 1612 640 1684 llippolytea
672 1626 913 1682 unquam
934 1618 1148 1680 recepta
1171 1607 1355 1676 fuerit,
1389 1622 1515 1663 cum
1548 1615 1627 1663 tot
1649 1607 1884 1664 absurda

298 1706 379 1759 .in
411 1705 506 1759 illa
532 1704 716 1759 relicta
754 1703 884 1759 sint.
922 1699 1066 1755 Nam
1092 1700 1348 1771 alioquin,
1380 1700 1576 1770 inquit,
1613 1702 1886 1754 octaeteri-

318 1796 408 1850 des
428 1794 705 1865 paschales
731 1794 894 1864 fuisse
926 1792 1160 1846 novimus
1181 1807 1245 1846 ea:
1275 1790 1497 1862 epistola
1523 1790 1763 1860 Dionysii
1786 1791 1888 1859 epi-

318 1888 491 1955 scopi,
523 1895 628 1943 etc.
654 1886 760 1942 Sal
785 1900 889 1941 nos
911 1884 1144 1940 absurda
1172 1883 1225 1939 in
1254 1884 1360 1940 hoc
1378 1882 1646 1955 Hippolyti
1667 1870 1887 1938 Canone
1917 1870 1959 1925 Β

319 1981 476 2035 nulla
495 1978 769 2046 videmus;
801 1992 909 2032 non
931 1976 1032 2031 alia
1054 1983 1218 2043 certe,
1234 1990 1396 2045 quam
1426 1990 1547 2044 qua:
1568 1975 1621 2029 in
1645 1975 1884 2044 paschali

322 2070 647 2126 Latinorum
682 2068 937 2125 methodo
970 2069 1411 2124 monstravimus.
1444 2066 1575 2134 Quae
1605 2081 1765 2122 nemo
1794 2067 1888 2122 ab-

322 2161 494 2217 surda
520 2162 795 2217 vocaverit
821 2178 836 2216 :
869 2170 924 2217 et
949 2167 1235 2228 uressent,
1266 2175 1426 2215 nemo
1456 2167 1672 2229 prepter
1697 2173 1761 2214 ea
1790 2174 1888 2228 pa-

321 2256 566 2311 schalem
607 2252 923 2309 Latinorum
945 2252 1154 2324 cyclum
1183 2251 1240 2305 in
1269 2265 1374 2306 usu
1407 2250 1576 2306 fuisse
1620 2264 1744 2304 cum
1767 2247 1889 2304 Sea-

322 2347 495 2417 ligero
516 2358 714 2416 negare
736 2342 975 2399 auderet.
1008 2339 1120 2397 Nec
1151 2341 1318 2407 enim,
1347 2355 1469 2410 quae
1492 2338 1695 2410 passim
1731 2354 1890 2393 usur-

324 2446 473 2506 pata,
514 2444 609 2491 aut
633 2433 761 2505 quia
794 2439 1072 2504 usurpata,
1106 2445 1214 2486 non
1246 2430 1480 2485 absurda
1508 2436 1657 2484 sunt.
1687 2426 1887 2483 Verum

325 2542 452 2593 nos,
493 2535 556 2583 ut
589 2526 734 2592 dixi,
781 2524 926 2579 nulla
969 2523 1025 2578 in
1055 2523 1124 2579 iis
1152 2522 1469 2578 Latinorum
1497 2527 1591 2576 aut
1619 2518 1887 2589 Hippolyti

322 2618 626 2675 canonibus
657 2616 910 2681 absurda,
945 2615 1039 2671 sed
1084 2615 1266 2684 potius
1308 2622 1463 2669 acuta
1495 2622 1551 2667 et
1575 2610 1888 2666 verisimilia

325 2711 497 2765 multa
537 2708 736 2780 inesse,
773 2707 907 2762 satis
954 2704 1088 2775 jam,
1142 2713 1206 2760 ut
1255 2702 1470 2771 opinor,
1517 2699 1885 2772 probavimus.

322 2802 573 2870 Cumque
612 2798 896 2870 paschales
931 2796 1245 2853 Latinorum
1277 2795 1514 2850 rationes
1558 2793 1649 2848 diu
1692 2793 1749 2847 in
1785 2791 1890 2847 Ec—

324 2894 494 2950 clesia
518 2891 779 2963 viguisse,
809 2905 872 2945 ex
899 2889 1061 2945 dictis
1089 2887 1303 2943 abunde
1328 2886 1442 2957 jam
1474 2890 1718 2950 constet;
1753 2880 1888 2954 Hip-

323 2983 573 3056 polyteas
605 2995 822 3052 quoque
871 2994 995 3050 qua:
1029 2978 1219 3035 iisdem
1249 2975 1531 3047 principiis
1563 2975 1886 3039 innituntur,

324 3072 638 3145 aliquandiu
666 3071 855 3127 saltem
883 3077 1192 3139 usurpatas,
1222 3083 1418 3139 negare
1444 3082 1551 3123 non
1575 3082 1885 3138 possumus.

1980 603 2155 659 Martii
2174 602 2260 667 12,
2284 601 2373 655 ubi
2396 599 2608 654 Aureos
2629 597 2751 667 ejus
2775 609 3031 650 numeros
3048 608 3144 648 vin
3173 602 3228 647 et
3254 605 3343 646 xvr
3373 606 3542 661 appo-

1978 696 2190 752 suimus
2211 734 2227 758 ,
2256 700 2354 747 aut
2378 705 2540 761 quam
2564 688 2847 750 citissime,
2880 685 3166 740 undecimo
3195 683 3392 747 Martii,
3430 682 3544 752 pri-

1977 800 2127 842 mum
2162 783 2514 839 inchoaverit.
2541 778 2726 834 Potuit
2753 787 2935 833 tamen
2965 775 3056 830 hic
3081 776 3319 830 solarum
3351 773 3543 827 Domi-

1979 878 2246 935 nicarum.
2286 888 2396 928 non
2431 873 2557 926 item
2591 868 2947 925 terminorum
2990 865 3327 936 paschalium
3372 864 3543 918 ratio-

1978 983 2103 1023 nem
2134 965 2352 1032 habere,
2385 976 2597 1032 nempe,
2633 968 2694 1016 ut
2716 960 2820 1014 illa:
2851 958 2981 1014 solae
3006 964 3129 1027 post
3157 955 3542 1026 aequinoctium

1980 1058 2378 1122 indicerentur;
2428 1064 2490 1110 ut
2522 1052 2588 1108 de
2631 1051 2903 1116 Anatolio,
2936 1049 3032 1120 qui
3071 1048 3374 1118 discipulus
3419 1047 3543 1116 ejus

1981 1150 2149 1206 fuisse
2184 1140 2419 1212 videtur,
2456 1142 2884 1202 observabimus.

2485 1303 2557 1360 X.
2596 1302 2733 1357 Julii
2768 1300 3030 1372 Africani.

1995 1480 2023 1495 α
2052 1464 2256 1526 Tertio,
2301 1460 2479 1517 Julius
2538 1457 2849 1520 Africanus,
2894 1454 2988 1527 qui
3040 1452 3335 1508 Chronicon
3383 1466 3542 1507 suum

1982 1554 2231 1627 perduxit
2259 1567 2428 1623 usque
2459 1549 2524 1604 ad
2555 1562 2757 1603 annum
2780 1544 2984 1601 Christi
3007 1542 3134 1608 221,
3171 1541 3361 1611 quinto
3386 1538 3541 1593 Tem-

1982 1640 2166 1717 poru'm
2192 1642 2466 1699 volumine
2496 1642 2568 1695 ita
2604 1638 2812 1703 scribit,
2839 1644 2976 1691 teste
3005 1633 3332 1703 Hieronymo
3354 1630 3408 1684 in
3441 1629 3545 1683 Da-

1984 1738 2140 1793 nielis
2177 1751 2295 1805 cap.
2325 1750 2378 1788 tx
2402 1775 2416 1800 ,
2449 1741 2501 1788 et
2532 1730 2763 1787 Eusebio
2800 1728 2939 1782 libro
2970 1725 3327 1779 Demonstrat.
3359 1737 3541 1791 evang.

1984 1845 2080 1883 vm
2113 1846 2127 1882 :
2155 1826 2323 1882 Grarci
2353 1835 2401 1879 et
2428 1823 2605 1878 Judcci
2637 1837 2728 1893 per
2765 1829 2878 1874 acto
2905 1832 3069 1872 annos
3103 1816 3261 1870 triunt
3287 1814 3545 1867 mensium

1999 1893 2387 1992 ’Ep601tcuoil;
2415 1917 2641 1987 faciunt.
2692 1913 2753 1970 Si
2795 1912 2934 1968 enim
2971 1910 3128 1965 octies
3166 1905 3405 1961 undecim
3435 1903 3545 1957 dies

1987 2010 2102 2081 (qui
2139 2016 2429 2079 supersunt
2456 2022 2521 2062 ex
2550 2020 2693 2060 anno
2713 2003 2844 2060 solis
2868 2017 2990 2057 cum
3022 1997 3199 2055 lunari
3225 1993 3545 2065 composito)

1985 2112 2032 2157 et
2052 2112 2297 2172 quartam
2334 2100 2438 2154 diei
2467 2108 2667 2170 partem
2705 2095 2930 2151 volueris
2964 2101 3249 2163 supputare
3269 2105 3289 2154 ;
3316 2089 3384 2145 90
3413 2088 3545 2152 dies,

1987 2191 2080 2246 hoc
2101 2199 2177 2246 est
2234 2201 2339 2244 tres
2370 2186 2799 2256 menses,eﬁicies.
2835 2182 2898 2236 Et
2926 2182 3088 2253 paulo
3118 2189 3243 2235 ante
3272 2196 3285 2234 :
3312 2176 3547 2231 Lunares

1988 2283 2327 2339 Hebraeorum
2373 2294 2594 2344 menses,
2631 2275 2915 2331 secundum
2952 2272 3166 2328 illorum
3209 2269 3548 2340 supputatio-

1987 2389 2122 2436 nem,
2152 2378 2367 2441 possunt
2395 2368 2567 2438 facere
2614 2379 2706 2433 per
2740 2360 2972 2432 singulos
3016 2373 3213 2413 menses
3255 2357 3367 2409 dies
3394 2353 3465 2409 29
3498 2361 3549 2407 et

1986 2466 2175 2528 semis;
2219 2464 2293 2516 ita
2331 2468 2391 2514 ut
2428 2457 2555 2512 solis
2601 2453 2832 2510 circulus
2861 2467 2952 2522 per
2977 2466 3143 2505 annos
3166 2463 3288 2503 suos
3314 2445 3548 2519 singulos

1988 2555 2097 2628 (qui
2142 2556 2331 2608 habent
2357 2552 2467 2604 dies
2494 2547 2598 2603 565
2626 2557 2674 2601 et
2717 2553 2959 2617 quartam
3005 2541 3112 2595 diei
3153 2537 3379 2611 partem)
3429 2537 3549 2607 plus

1986 2648 2173 2700 habeat
2199 2641 2438 2696 undecim
2459 2639 2568 2692 dies
2601 2646 2651 2691 et
2672 2642 2918 2706 quartam
2947 2632 3053 2686 diei
3081 2640 3306 2702 partem.
3331 2628 3551 2685 Graecos

1986 2737 2201 2808 quidem
2232 2730 2557 2788 octaeteride
2579 2741 2708 2782 usos
2726 2765 2742 2791 ,
2771 2734 2825 2780 et
2851 2723 3067 2794 quidem
3103 2722 3317 2792 qualem
3348 2719 3436 2774 hic
3454 2718 3550 2772 de-

1987 2828 2179 2885 scribit
2226 2824 2549 2885 Al'ricanus,
2590 2820 2723 2876 satis
2750 2817 2986 2882 scimus;
3017 2812 3233 2869 Judae’os
3257 2827 3367 2866 non
3394 2811 3547 2875 item,

1986 2919 2095 2974 nisi
2128 2916 2265 2973 forte
2292 2916 2360 2971 de
2387 2910 2712 2969 octaeteride
2743 2906 2957 2962 Juliana
2980 2905 3047 2960 ad
3082 2904 3149 2958 76
3169 2916 3342 2975 annos
3367 2901 3550 2970 Calip-

1985 3011 2140 3080 picos
2169 3008 2223 3061 in
2256 3003 2504 3061 Paschali
2546 3014 2737 3058 eorum
2782 2996 3004 3068 periodo
3051 2994 3173 3051 addi
3208 2994 3369 3048 solita
3405 2990 3548 3045 Alri-

1987 3115 2156 3158 canus
2208 3097 2488 3166 intelligat.
2530 3093 2849 3161 Quanquam
2897 3101 3073 3157 neque
3104 3086 3208 3140 hoc
3239 3083 3411 3149 dicat;
3453 3080 3548 3136 sed

324 3165 516 3261 Neque:
538 3163 1107 3261 prababmmﬁcaret’
1132 3159 1490 3261 °c“f°‘f’"d_”
1512 3159 1632 3261 ei"?
1658 3160 1887 3216 subinde
1914 3202 1954 3261 ς.
1988 3201 2195 3249 tantum
2222 3159 2436 3245 Judaeos
2459 3159 2583 3241 octo
2620 3159 2779 3238 annis
2803 3184 2914 3236 tres
2941 3177 3306 3235 embolimaeos
3335 3189 3550 3230 menses

323 3258 639 3314 emendatas
676 3271 844 3320 esse;
893 3255 1020 3309 licet
1064 3251 1456 3308 emendationis
1504 3251 1747 3317 modum,
1793 3252 1885 3321 qui

323 3348 513 3404 varius
537 3361 657 3403 esse
688 3345 893 3417 potuit,
932 3345 1262 3416 ignoremus.

394 3486 402 3507 ί
434 3503 530 3559 lx.
571 3502 861 3559 Octaeteris
890 3500 1132 3573 Dionysii
1157 3498 1506 3556 Alexandrini
1535 3499 1784 3570 episcopi.
1836 3482 1843 3483 ⁷

399 3615 641 3672 Rursum
670 3615 1028 3672 octaeteridos
1056 3628 1214 3670 usum
1233 3612 1428 3684 priscis
1454 3612 1776 3670 Christianis
1804 3610 1889 3666 l’a-

331 3707 596 3761 miliarem
648 3705 832 3771 fuisse,
874 3704 1071 3775 probat
1104 3702 1343 3774 Dionysii
1377 3702 1615 3774 episcopi
1657 3702 1892 3758 Alexan-

327 3798 474 3853 drini
521 3798 637 3870 (qui
679 3798 748 3852 ab
790 3812 934 3855 anno
959 3797 1292 3853 Cbristi246
1323 3795 1392 3852 ad
1413 3796 1520 3851 265
1549 3795 1729 3851 sedem
1768 3809 1890 3851 eam

328 3888 522 3957 tenuit)
559 3888 784 3957 epistola
829 3887 896 3942 ad
939 3886 1231 3941 Domitium
1276 3895 1331 3942 et
1369 3885 1652 3957 Didymum
1677 3925 1695 3951 ,
1727 3900 1890 3954 quam

330 3977 463 4031 citat
496 3976 761 4031 Eusebius
799 3976 942 4030 Hist.
976 3978 1344 4032 ecclesiasticis
1375 3977 1469 4031 lib.
1493 3992 1601 4040 vtt,
1632 3991 1750 4046 cap.
1782 3975 1888 4031 15:

333 4065 402 4119 In
432 4065 550 4132 huc,
597 4066 707 4132 ait,
752 4065 1015 4121 Cononem
1071 4077 1186 4121 octo
1239 4082 1495 4121 annorum
1545 4068 1709 4133 citat,
1753 4066 1893 4136 quod

332 4156 527 4227 festum
558 4157 834 4212 Paschalis
872 4173 973 4211 non
1013 4157 1118 4210 alio
1161 4155 1286 4211 anni
1326 4167 1547 4226 tempore
1583 4172 1740 4227 quam
1779 4163 1893 4224 post

331 4249 468 4303 veris
516 4248 888 4319 wquinoctium
942 4247 1194 4301 celebrari
1233 4247 1439 4302 debeat.
1487 4246 1740 4302 Fueritne
1780 4247 1896 4301 haec

332 4339 574 4411 Dionysii
614 4338 919 4402 octaeteris,
956 4337 1045 4392 illa
1075 4335 1345 4408 Hippolyti
1373 4336 1583 4391 dierum
1608 4335 1770 4402 2922,
1813 4335 1897 4389 di-

329 4430 519 4485 vinare
546 4436 630 4484 est
661 4446 676 4482 :
707 4442 814 4482 non
841 4426 1010 4481 fuisse
1035 4435 1234 4492 tamen,
1257 4424 1561 4490 videretur;
1594 4423 1640 4480 si
1661 4421 1892 4477 Pascha-

332 4523 403 4577 tis
445 4535 540 4576 eos
564 4519 836 4574 terminos
869 4517 1155 4582 exhibuit,
1203 4515 1297 4586 qui
1336 4524 1462 4586 post
1509 4513 1890 4584 aequinoctium
1928 4546 1970 4601 υ

330 4629 557 4669 vernum
592 4626 806 4680 semper
831 4609 1188 4680 plenilunium
1211 4608 1547 4673 exhiberem,
1564 4614 1616 4661 et
1636 4613 1893 4661 constan-

330 4715 416 4761 ter
448 4723 462 4758 :
498 4705 603 4760 hoc
631 4702 776 4758 enim
810 4700 1126 4772 Hippolytea
1165 4698 1438 4769 sesquidie
1468 4697 1680 4753 brevior
1712 4706 1895 4752 tenere

331 4813 442 4853 non
486 4802 699 4866 potest,
747 4793 854 4851 nisi
894 4793 1111 4848 aliunde
1133 4791 1371 4863 juvetur.
1404 4788 1522 4845 Jam
1560 4798 1690 4846 tunc
1734 4789 1896 4860 igitur

333 4898 581 4958 tempore
631 4886 870 4958 Dionysii
915 4893 1150 4950 constat,
1200 4882 1462 4955 quosdam
1514 4880 1722 4937 Pascha
1771 4892 1897 4937 ante

328 4980 715 5049 mquinoctium
739 5019 754 5044 ,
783 4978 972 5034 saltem
997 4976 1260 5041 Caesaris,
1289 4974 1590 5030 celebrasse
1633 4971 1893 5038 subinde;

332 5086 395 5131 ut
423 5089 485 5128 ex
519 5073 739 5128 Canone
775 5070 1053 5141 Hippolyti,
1079 5076 1133 5125 et
1170 5066 1487 5122 Latinorum
1523 5064 1757 5120 vidimus
1779 5103 1796 5127 ,
1842 5073 1897 5119 et

331 5168 498 5223 etiam
529 5165 582 5219 in
602 5162 827 5220 Judaico
844 5162 1166 5218 videbimus.
1198 5158 1399 5216 Contra
1425 5158 1525 5212 hos
1549 5171 1737 5212 omnes
1767 5155 1894 5211 Dio-

333 5258 551 5330 nysium
575 5255 860 5325 scripsisse
890 5255 1202 5325 conjectura
1222 5268 1359 5324 pene
1384 5261 1531 5308 certa
1551 5257 1665 5317 est;
1697 5257 1754 5304 et
1776 5248 1897 5318 qui-

332 5348 459 5402 dem
495 5346 543 5403 si
578 5344 963 5416 aiquinoctium
1009 5344 1075 5400 21
1133 5343 1318 5399 martii
1363 5339 1566 5398 Juliani
1611 5338 1917 5411 delituerit;

334 5436 481 5508 quod
526 5436 651 5492 inde
678 5435 1060 5506 consequitur,
1109 5433 1348 5490 citimam
1383 5447 1538 5489 suam
1585 5427 1896 5501 paschalem
1944 5470 1947 5475 .

335 5528 677 5584 neomeniam
700 5543 807 5583 non
833 5527 939 5583 nisi
967 5527 1000 5582 8
1021 5527 1262 5597 ejusdem
1290 5524 1464 5579 Martii
1493 5522 1579 5578 die
1603 5534 1760 5577 orsus
1780 5520 1897 5575 fue-

335 5618 430 5680 rit,
478 5632 511 5673 e
552 5616 711 5689 cujus
738 5615 958 5687 regione
984 5629 1106 5681 nos,
1145 5630 1319 5669 annos
1349 5608 1895 5668 hecktedecaeteridos

339 5698 671 5781 Hippolyten:
721 5725 784 5763 tu
824 5719 878 5764 et
905 5724 959 5762 st
991 5707 1430 5777 composuimus:
1455 5718 1460 5728 '
1482 5705 1528 5761 si
1559 5698 1701 5759 vero
1722 5700 1894 5771 aequi-

337 5798 575 5854 noctium
624 5797 695 5853 25
730 5796 905 5854 Martii
954 5811 1077 5853 eum
1107 5794 1316 5853 Caesare
1348 5805 1403 5851 et
1434 5792 1681 5877 Patrihus
1714 5790 1894 5848 Caesa-

1986 3283 2259 3340 inculcare
2273 3322 2289 3347 ,
2312 3276 2455 3349 quod
2479 3284 2534 3331 et
2554 3274 2608 3328 in
2631 3286 2819 3328 eorum
2838 3267 3181 3340 productiore
3195 3266 3263 3320 84
3279 3279 3549 3320 annorum

1986 3370 2210 3443 periodo
2238 3381 2426 3422 verum
2453 3372 2569 3431 est,
2602 3362 2696 3417 ubi
2727 3360 2856 3414 anni
2909 3367 3034 3413 octo
3066 3364 3189 3415 .tres
3231 3355 3552 3425 plerumque

1986 3477 2202 3520 menses
2243 3457 2612 3515 embolimteos
2659 3452 3068 3507 nanciscuntur.
3118 3447 3229 3502 Cur
3270 3455 3449 3501 autem
3492 3445 3549 3498 in

1986 3559 2091 3614 hac
2128 3568 2397 3611 annorum
2433 3550 2710 3607 lunarium
2753 3544 3136 3616 supputatione
3163 3539 3374 3612 cyclum
3404 3538 3551 3593 hunc

1987 3649 2279 3704 Africanus
2314 3643 2497 3716 potius
2546 3656 2711 3712 quam
2746 3648 2825 3695 tot
2844 3638 2981 3693 alios
3012 3632 3270 3691 certiores
3296 3629 3548 3701 accipiat,

1990 3741 2136 3796 nulla
2189 3735 2322 3792 mihi
2350 3734 2570 3805 quidem
2618 3730 2760 3785 ratio
2806 3727 3030 3785 solidior
3068 3722 3336 3789 occurrit,
3382 3734 3547 3791 quam

1990 3831 2135 3903 quod
2166 3845 2291 3885 eum
2319 3835 2374 3884 et
2403 3825 2694 3881 faciliorem
2723 3862 2739 3887 ,
2785 3828 2842 3875 et
2878 3833 2910 3874 a
2953 3815 3277 3889 quibusdam
3311 3812 3410 3869 aevi
3463 3811 3550 3866 sui

1989 3902 2314 3979 Christianis
2355 3919 2410 3972 in
2462 3930 2622 3971 usum
2671 3911 2854 3968 induci
2901 3908 3166 3965 videbat:
3199 3919 3326 3959 nam
3359 3902 3549 3957 eodem

1994 4026 2233 4084 tempore
2299 4023 2453 4066 suam
2532 4004 2897 4064 concinnabat
2973 3993 3548 4055 heckzedecaeteridem

1992 4105 2327 4176 Hippolytus.
2366 4099 2433 4154 Et
2467 4113 2600 4154 sane
2628 4095 2791 4167 paulo
2818 4091 3089 4149 difﬁcilior
3133 4085 3524 4176 enneadeeaete

1994 4172 2077 4254 ris
2089 4172 2328 4251 nondum
2355 4188 2683 4246 Christianis
2704 4189 2985 4255 perspecta
3004 4177 3140 4235 satis
3158 4184 3252 4232 aut
3266 4172 3549 4229 familiaris

1992 4294 2142 4352 erat;
2174 4282 2399 4339 Judaica
2428 4294 2558 4334 vero
2575 4277 2645 4332 84
2671 4285 2940 4329 annorum
2967 4266 3223 4339 periodus
3256 4262 3414 4320 ﬁdem
3432 4260 3547 4333 jam

1994 4377 2162 4433 nimia
2195 4390 2293 4432 sua
2326 4370 2697 4427 contractione
2721 4362 3045 4436 perdiderat.

2474 4547 2564 4604 Χῐ.
2604 4545 2656 4601 Μ
2662 4543 3065 4601 ontanistarum.
3128 4523 3136 4537 ’

2062 4693 2287 4762 Quarto,
2336 4684 2696 4749 Montanistae,
2751 4688 2812 4736 ut
2861 4675 3025 4733 refert
3078 4673 3414 4729 Sozomenus
3454 4669 3548 4725 lib.

1995 4803 2093 4852 vn,
2137 4800 2257 4856 cap.
2304 4781 2373 4837 18
2420 4780 2538 4843 tin.,
2577 4774 3019 4845 argunicntantes
3060 4776 3248 4823 contra
3298 4779 3392 4820 eos
3456 4762 3549 4833 qui

1994 4896 2062 4937 ex
2093 4874 2395 4934 rationibus
2420 4870 2565 4925 lunae
2585 4864 2797 4921 Pascha
2827 4857 3202 4925 celebrabant,
3235 4864 3289 4911 et
3322 4868 3429 4909 non
3453 4867 3555 4923 po-

1994 4974 2104 5028 tius
2131 4985 2198 5025 ex
2230 4967 2359 5024 solis
2384 4961 2609 5025 circulo,
2644 4958 2804 5026 longe
2819 4950 3051 5009 certiore
3077 4957 3133 5004 et
3150 4945 3548 5009 constantiore,

1996 5065 2070 5118 ita
2107 5060 2417 5117 statuebant
2441 5073 2455 5112 :
2483 5052 2685 5108 Menses
2713 5043 2947 5118 singulos
2974 5058 3084 5099 esse
3117 5041 3186 5097 '50
3214 5040 3438 5101 dierum,
3466 5034 3553 5087 in-

1995 5158 2161 5227 cipere
2184 5162 2359 5208 autem
2389 5149 2526 5202 diem
2556 5144 2784 5214 primam
2811 5140 2876 5195 ab
2901 5133 3209 5209 aequinoctio
3232 5145 3409 5196 uerno,
3435 5143 3552 5198 quae

1993 5215 2349 5304 Romanorum
2398 5253 2540 5293 more
2590 5234 2791 5289 dicitur
2843 5246 2901 5284 Ix
2928 5223 3198 5282 Kalendas
3231 5217 3434 5288 Apriles
3477 5215 3547 5287 (id

1994 5349 2080 5397 est
2107 5338 2179 5394 24
2212 5330 2435 5404 Martii),
2484 5320 2938 5400 quandoquidem,
2984 5314 3247 5386 inquiunt,
3298 5310 3402 5363 duo
3445 5309 3548 5404 ista

1994 5428 2286 5487 luminaria
2319 5403 2441 5479 tunc
2467 5428 2645 5477 creata
2669 5424 2791 5487 sunt
2810 5453 2828 5480 ,
2866 5409 3053 5482 quibus
3086 5418 3316 5474 tempora
3344 5408 3392 5456 et
3423 5403 3545 5455 anni

1997 5520 2412 5591 declararentur.
2443 5511 2606 5581 quue
2625 5523 2684 5562 eo
2710 5505 3118 5562 demonstratur,
3148 5493 3285 5567 quod
3314 5493 3438 5547 luna
3464 5507 3551 5549 aer

1996 5586 2361 5667 octaeteridem
2383 5619 2501 5659 cum
2529 5600 2638 5656 sole
2655 5597 2808 5668 paria
2825 5594 3020 5665 faciat,
3052 5587 3348 5656 etutrisque
3372 5583 3544 5639 eodem

1995 5714 2223 5771 tempore
2260 5693 2531 5751 neomenia
2559 5687 2849 5757 contingat.
2886 5679 3158 5752 Siquidem
3197 5674 3469 5731 octaeteris
3494 5673 3546 5727 in

1996 5759 2170 5843 ιιιηᾶνὶ
2203 5798 2359 5840 cursu
2395 5781 2463 5838 99
2503 5775 2784 5843 mensibus,
2816 5770 2996 5827 diebus
3014 5783 3131 5825 rero
3162 5764 3302 5824 2922
3323 5759 3551 5831 comple-

2018 5942 2045 5959 δ
