4090 6380
369 415 475 472 905

1279 415 1551 477 SPURIA.
1591 449 1662 458 —
1697 416 1785 471 DE
1820 411 2410 471 CONSUMMATIONE
2449 410 2689 469 MUNDI.

3493 408 3600 463 906

369 535 463 590 καὶ
491 534 886 605 ἐπιφοιτήσεως
910 532 1003 587 τοῦ
1031 533 1184 603 ἁγίου
1199 534 1531 606 Πνεῦματος,
1548 535 1641 588 καὶ
1672 533 1738 587 τὰ
1767 535 1924 604 μήπω

2030 530 2258 584 adventu
2281 570 2297 595 ,
2351 538 2404 583 et
2449 527 2611 581 verba
2642 525 2708 579 de
2756 524 2822 579 iis
2847 538 2969 594 quae
2999 522 3240 577 nondum
3286 503 3603 579 acCideruttt

368 625 630 696 γεγονότα
675 626 785 695 (26)
832 625 1229 694 διαλεγόμενοι·
1280 625 1400 679 ὅθεν
1442 628 1536 680 καὶ
1577 627 1775 688 πάσαις
1817 628 1934 688 ταῖς

375 716 666 787 μετέπειτα
712 717 959 784 γενεαῖς,
1016 700 1276 786 μεγίστην
1318 715 1547 788 Θεωρίαν
1595 716 1689 768 καὶ
1741 714 1934 784 πρᾶξιν

371 805 853 876 ἀνεζωγράφησαν.
900 806 989 857 Διὸ
1019 805 1081 874 δὴ
1113 806 1207 859 καὶ
1240 806 1339 876 τὴν
1382 806 1476 859 τοῦ
1521 806 1653 860 Θεοῦ
1702 806 1809 875 (‘27)
1848 805 1936 858 διὰ

373 896 570 966 σαρκὸς
602 895 889 965 ἐπιδημίαν
923 892 1000 964 τῷ
1028 894 1214 965 κόσμῳ
1248 894 1596 965 κηρύξαντες,
1622 894 1719 965 τὴν
1748 897 1812 948 ὲκ
1834 894 1934 962 τῆς

374 988 745 1057 παναχράντου
782 988 876 1040 καὶ
915 985 1163 1040 θεοτὸκου
1205 987 1315 1057 (‘28)
1349 987 1566 1057 Μαρίας
1590 1026 1603 1049 ,
1634 984 1934 1057 γεννήσεως

369 1096 429 1132 τε
457 1081 549 1132 καὶ
577 1078 883 1149 αὐξήσεως,
912 1081 1005 1133 καὶ
1032 1080 1132 1149 τῆς
1167 1080 1303 1150 μετὰ
1334 1078 1633 1151 ἀνθρώπων
1674 1079 1933 1149 ἀναστρο-

369 1167 475 1237 φῆς
521 1166 629 1237 (29)
678 1168 772 1220 καὶ
826 1166 1098 1237 βιώσεως,
1145 1169 1238 1223 καὶ
1288 1168 1386 1241 τὴν
1428 1169 1517 1222 διὰ
1566 1168 1934 1239 βαπτίσματος

365 1256 631 1322 ἀνάδειξιν
662 1257 827 1311 αὑτοῦ
847 1297 861 1320 ,
894 1258 987 1311 καὶ
1025 1260 1185 1312 πᾶσιν
1218 1258 1521 1330 ἀνθρώποις
1559 1258 1932 1329 γενησομένην

365 1350 756 1421 ἀναγέννησιν,
790 1350 877 1404 διὰ
921 1350 1145 1421 λουτροῦ
1194 1350 1608 1419 παλιγγενεσίας
1629 1368 1641 1380 ·
1680 1350 1778 1422 τὴν
1806 1350 1929 1421 (τῶν

364 1440 658 1512 θαυμάτων
683 1441 908 1511 πληθὺν,
935 1441 1027 1494 καὶ
1056 1440 1116 1493 τὸ
1141 1441 1232 1494 ἐπὶ
1264 1439 1497 1510 σταυροῦ
1531 1439 1797 1511 μακάριον
1829 1438 1932 1491 πά-

363 1533 492 1597 θος,
526 1534 620 1587 καὶ
650 1533 717 1586 τὰ
751 1536 809 1586 ὲν
845 1533 989 1604 αὑτῴ
1025 1532 1414 1603 ἐμπαίγματα,
1450 1531 1590 1603 άπερ
1635 1532 1784 1604 παρὰ
1823 1530 1931 1583 τῶν

371 1628 639 1682 Ἰουδαίων
669 1629 925 1698 ὑπέμεινε
951 1644 963 1658 ο
1002 1627 1099 1698 τὴν
1131 1628 1307 1698 ταφὴν
1340 1625 1525 1688 αὑτοῦ,
1562 1626 1660 1696 τὴν
1688 1628 1768 1690 εἰς
1803 1625 1928 1697 ᾆδον

357 1722 691 1785 κατάϐασιν,
722 1722 815 1775 καὶ
845 1721 951 1773 τῶν
983 1720 1075 1774 ἀπ’
1110 1718 1320 1772 αἰώνων
1360 1718 1471 1790 (50)
1510 1718 1695 1790 ψυχῶν
1724 1718 1929 1771 ἀνάϐα-

2037 620 2297 674 l'acieutcs
2317 657 2332 681 ,
2380 619 2522 672 unde
2547 618 2708 671 etiam
2748 615 2990 668 omnium
3022 613 3343 667 szeculorum
3375 612 3606 680 posteri-

2036 712 2131 766 tati
2160 711 2451 764 maximam
2491 708 2829 762 delinearunt
2870 704 3266 773 contemplandi
3303 703 3605 774 agendique

2035 805 2375 860 occasionem
2405 822 2418 856 :
2451 817 2613 872 quam
2654 801 2814 854 etiam
2853 797 2923 852 oh
2948 812 3194 879 causam.
3228 794 3319 849 Dei
3365 810 3459 863 per
3484 809 3608 849 car-

2036 914 2158 953 nem
2194 898 2423 953 adventu
2467 897 2520 949 iu
2570 895 2830 948 mundum
2863 884 3232 962 promulgato,
3266 890 3358 958 qui
3395 902 3462 942 ex
3501 886 3607 941 im-

2033 990 2236 1061 polluta
2286 1005 2350 1045 ac
2388 987 2607 1056 deipara
2652 985 2823 1040 Maria
2850 994 3032 1038 ortum
3064 982 3295 1052 sumpsit
3321 988 3484 1051 atque
3514 980 3602 1033 in-

2033 1091 2404 1147 crementum,
2459 1081 2579 1149 ejus
2626 1094 2747 1134 cum
2793 1075 3105 1131 hominibus
3152 1072 3602 1128 consuetudinem

2033 1191 2098 1231 ac
2130 1176 2317 1240 vitam,
2368 1172 2595 1242 ejusque
2620 1186 2715 1241 per
2742 1168 3010 1238 baptisma
3038 1166 3482 1228 declarationem,
3519 1163 3605 1218 fu-

2032 1277 2210 1323 turam
2241 1266 2496 1321 omnibus
2523 1262 2836 1318 hominibus
2880 1258 3368 1330 regenerationem,
3403 1272 3499 1326 per
3524 1257 3606 1309 ιιι--

2032 1375 2254 1414 vacrum
2282 1354 2734 1426 regenerationis;
2762 1353 2879 1423 ejus
2901 1351 3161 1406 miracula
3198 1348 3443 1418 copiosa,
3473 1348 3604 1402 bea-

2033 1461 2144 1506 tam
2177 1450 2322 1504 illam
2356 1448 2407 1501 in
2435 1462 2597 1501 cruce
2624 1445 2934 1516 passionem
2955 1482 2970 1507 ,
3018 1438 3250 1494 ludibria
3292 1436 3607 1493 Judaaorum

2030 1559 2152 1614 qua:
2178 1543 2231 1596 in
2267 1555 2329 1595 ea
2351 1540 2589 1610 pertulit,
2649 1537 2985 1607 sepulturam
3010 1534 3151 1604 ejus,
3181 1535 3512 1592 descensum
3540 1533 3609 1588 ad

2029 1635 2251 1699 inferos,
2277 1647 2564 1688 ascensum
2596 1629 3126 1699 redemptionemque
3148 1626 3457 1683 animarum
3488 1640 3611 1695 quae

2030 1725 2249 1780 fuerunt
2274 1741 2302 1780 a
2338 1723 2586 1786 saeculis,
2619 1706 2808 1776 mortis
2838 1721 3253 1785 exstinctionem
3281 1758 3297 1785 ,
3332 1717 3607 1774 viviticam

2029 1819 2149 1888 ejus
2181 1834 2210 1871 a
2248 1816 2479 1870 mortuis
2505 1813 2996 1876 resurrectionem,
3027 1810 3266 1866 universi
3296 1810 3482 1865 mundi
3517 1824 3609 1864 re-

358 1814 445 1868 σίν
473 1830 533 1867 τε
566 1814 661 1868 καὶ
692 1812 1071 1885 ἀπολύτρωσιν
1105 1813 1214 1883 (51)
1237 1852 1251 1874 ,
1275 1811 1373 1883 τὴν
1408 1811 1500 1865 τοῦ
1534 1810 1763 1865 Θανάτου
1797 1809 1927 1879 φθο-

361 1904 462 1977 ρὰν
481 1945 499 1972 ,
525 1906 621 1975 τήν
648 1922 708 1957 τε
736 1906 801 1957 ἐκ
832 1903 1039 1975 νεκρῶν
1062 1903 1225 1957 αὑτοῦ
1260 1902 1520 1968 ζωοποιδν
1551 1902 1765 1973 ἔγερσιν
1786 1942 1800 1964 ,
1835 1902 1924 1954 καὶ

2032 1909 2438 1970 formationem,
2492 1907 2544 1960 in
2574 1906 2769 1961 coelum
2800 1904 3226 1974 assumptionem
3254 1912 3308 1957 et
3329 1901 3611 1958 ascensio-

308 2052 311 2055 ,
355 1996 559 2061 παντὸς
583 1996 677 2049 τοῦ
710 1997 913 2067 κόσμου
948 1997 1271 2057 ἀνάπλασιν.
1309 1998 1403 2050 καὶ
1429 1994 1525 2065 τὴν
1554 1996 1632 2058 εἰς
1667 1994 1924 2065 οὐρανοὺς

2030 2014 2175 2064 nem,
2203 1997 2378 2052 sancti
2402 1996 2637 2066 Spiritus
2663 1994 3083 2064 susceptionem,
3101 2008 3207 2063 qua
3237 1993 3453 2048 ornavit
3477 2008 3609 2063 apo-

298 2106 303 2107 '
355 2087 676 2159 ἀναλήψεως
702 2087 812 2160 (52)
842 2087 1022 2142 ἄνοδον
1041 2130 1056 2152 ,
1085 2090 1181 2143 καὶ
1208 2089 1306 2161 τὴν
1328 2088 1422 2142 τοῦ
1458 2086 1596 2140 Πνεὺ
1605 2102 1771 2156 ματος
1794 2086 1919 2138 ὑπο-

2028 2090 2234 2156 stolos;
2284 2090 2577 2143 adventum
2621 2089 2855 2153 denique
2883 2086 3219 2148 secundum.
3252 2085 3347 2156 qui
3373 2084 3609 2140 manife-

351 2178 515 2251 δοχὴν
537 2220 552 2244 ,
578 2172 759 2250 ἧσπερ
800 2179 909 2247 (55)
951 2182 999 2233 οἱ
1031 2180 1317 2233 ἀπόστολοι
1349 2177 1761 2251 κατηξιώθησαν
1783 2193 1797 2206 ·
1833 2176 1928 2229 καὶ

355 2270 519 2325 πάλιν
563 2272 661 2342 τὴν
709 2270 967 2343 δεύτεραν
1014 2270 1316 2342 παρουσίαν
1349 2270 1446 2340 τὴν
1497 2267 1793 2340 μέλλουσαν
1837 2268 1928 2320 ὲκ-

352 2358 533 2431 θροεῖν
558 2360 625 2413 τὰ
658 2359 966 2430 σύμπαντα·
994 2360 1308 2429 ἀναγκαίως
1336 2359 1442 2431 γὰρ
1453 2360 1791 2425 βλέποντες
1815 2356 1926 2428 (54)

352 2451 677 2523 καλούμενοι
707 2452 1098 2523 προῦπέδειξαν
1130 2453 1224 2504 καὶ
1257 2454 1536 2520 προεῖπον.

427 2545 495 2598 ΙΙ.
518 2543 608 2596 Διὸ
637 2543 734 2597 ’καὶ
764 2544 863 2614 τῆς
886 2542 1191 2606 συντελείας
1214 2545 1342 2614 ἡμῖν
1374 2543 1474 2613 τὴν
1502 2541 1707 2613 ἡμέραν
1732 2539 1929 2608 ἐνεφά-

298 2652 303 2655 '
352 2652 546 2707 νησαν,
568 2636 668 2705 τὴν
690 2637 747 2687 ὲν
770 2638 882 2698 τοῖς
917 2635 1164 2704 ἐσχάτοις
1198 2636 1426 2706 καιροῖς,
1448 2633 1546 2702 τὴν
1572 2631 1663 2685 τοῦ
1689 2631 1928 2686 ἀποστά-

352 2743 447 2780 του
482 2725 779 2795 ἐμφάνειαν
809 2726 902 2778 καὶ
934 2725 1142 2797 πλάνην
1175 2728 1285 2788 τοῖς
1322 2724 1626 2796 ἀνθρώποις
1660 2723 1798 2796 (55),
1832 2721 1928 2776 καὶ

351 2816 451 2887 τῆς
478 2815 749 2885 βασιλείας
788 2814 953 2868 αὑτοῦ
1000 2817 1099 2886 τὴν
1133 2814 1347 2886 ἕναρξιν
1383 2816 1477 2869 καὶ
1512 2814 1924 2889 συμπλήρωσιν,

350 2907 447 2961 καὶ
465 2907 562 2979 τὴν
582 2906 675 2960 τοῦ
702 2906 886 2977 κριτοῦ
908 2906 1136 2970 ἐλευσιν,
1160 2910 1254 2962 καὶ
1272 2908 1369 2976 τὴν
1388 2907 1494 2960 τῶν
1513 2907 1737 2961 δικαίων
1759 2906 1923 2979 ζωὴν,

350 2998 447 3052 καὶ
474 2999 571 3069 τὴν
605 2997 711 3051 τῶν
739 2996 1077 3068 ἁμαρτωλῶν
1100 2996 1371 3068 τιμωρίαν
1401 2995 1813 3067 προῦπέφηναν,
1839 2997 1925 3049 ἵνα

350 3089 551 3154 πάντες
599 3091 762 3161 ἡμεῖς
798 3091 856 3143 ἐν
888 3088 965 3160 νῷ
999 3088 1253 3160 φέροντες
1298 3087 1469 3142 ταῦτα
1520 3088 1640 3140 καθ’
1689 3088 1924 3157 ἑκάστην

346 3181 560 3252 ἡμέραν
589 3181 683 3233 καὶ
702 3179 869 3252 ὤραν,
890 3178 965 3243 ὡς
990 3179 1152 3233 τέκνα
1179 3180 1276 3249 τῆς
1302 3177 1625 3249 Ἐκκλησίας
1646 3177 1925 3246 γινώσκωο

349 3290 451 3345 μεν
482 3272 590 3344 (56)
624 3273 714 3326 ὅτι
741 3272 879 3326 ἰῶτα
902 3269 1005 3335 ἓν,
1046 3271 1085 3339 ἢ
1136 3272 1247 3340 μία
1289 3272 1496 3337 κεραία
1524 3270 1583 3334 ἐξ
1614 3269 1789 3322 αὐτῶν
1825 3269 1925 3321 οὐκ

342 3363 744 3436 ἀπολυθήσεται
778 3363 888 3435 (57)
913 3403 928 3428 ,
956 3361 1139 3424 καθὼς
1170 3364 1200 3415 ὁ
1226 3362 1488 3432 σωτήριος
1520 3360 1676 3428 λόγος
1710 3358 1923 3429 ὑπέφη-

345 3473 459 3510 νεν.
517 3455 853 3523 Ἀναγκαίως
903 3451 996 3508 οῦν
1053 3453 1253 3517 πάντες
1319 3451 1563 3516 ἀνοίξατε
1619 3449 1752 3522 (58)
1800 3451 1924 3514 τοὺς

343 3546 657 3619 ὀφθαλμοὺς
677 3546 782 3599 τῶν
808 3545 1046 3617 καρδιῶν
1074 3544 1227 3616 ὑμῶν
1252 3545 1346 3598 καὶ
1375 3543 1444 3597 τὰ
1478 3538 1594 3597 ὦτα
1621 3544 1720 3613 τῆς
1746 3541 1925 3611 ψυχῆς

345 3639 519 3709 ὑμῶν,
543 3640 638 3693 κα)⁵
666 3638 1016 3706 ὑποδέξασθε,
1035 3638 1095 3690 ὃν
1130 3637 1395 3709 μέλλομεν
1422 3636 1600 3703 λέγειν
1619 3634 1773 3703 λόγον
1790 3633 1919 3705 (59).

344 3726 534 3798 Πάσης
565 3726 675 3797 γὰρ
703 3727 904 3799 φρίκης
934 3728 1027 3781 καὶ
1055 3725 1221 3797 φόϐου
1258 3725 1451 3797 μεστὸν
1477 3725 1717 3797 διήγημα
1747 3723 1924 3795 μέλλω

343 3817 643 3888 ἐμφανίσαι
689 3820 966 3890 σήμερον,
1012 3823 1113 3890 τὴν
1175 3818 1481 3872 συντέλειαν
1505 3859 1522 3882 ,
1580 3818 1768 3888 ἡγουν,
1825 3815 1923 3888 τὴν

343 3908 686 3978 παγκόσμιον
719 3909 832 3980 (ιο)
870 3910 966 3963 τοῦ
1011 3910 1207 3980 ἐχθροῦ
1254 3910 1348 3963 καὶ
1391 3909 1636 3964 διαϐόλου
1678 3907 1919 3977 πλάνηνο

318 3986 442 4049 ’καὶ
488 3998 625 4067 μετὰ
668 3998 839 4052 ταῦτα
879 3999 974 4053 τοῦ
1009 4001 1216 4072 Κυρίου
1262 4000 1419 4072 ἡμῶν
1471 4000 1642 4072 Ἰησοῦ
1687 3999 1921 4081 Χριστοῦ

340 4085 608 4159 δευτέραν
633 4090 952 4159 παρουσίαν.
1230 4138 1238 4144 .

415 4180 508 4232 III.
538 4177 709 4231 Πόθεν
738 4174 854 4243 οῦν,
881 4178 1234 4250 φιλόχριστοι,
1261 4178 1412 4233 λάϐω
1440 4178 1553 4250 (di)
1587 4180 1794 4251 ἀρχήν;
1828 4180 1921 4232 καὶ

224 4332 227 4335 λ
338 4269 396 4323 τί
428 4268 773 4341 ἀπάρξομαι,
818 4270 851 4343 ἢ
882 4271 933 4323 τί
964 4271 1292 4342 διηγήσομαι
1317 4287 1332 4335 ;
1362 4270 1483 4323 τίνα
1518 4271 1770 4342 μάρτυρα
1807 4271 1919 4342 (49.)

339 4363 456 4425 τοῖς
495 4360 811 4433 λεγομένοις
833 4362 1091 4433 παρέξως
1129 4362 1266 4416 Ἀλλ’
1289 4362 1414 4416 ὅθεν
1448 4364 1540 4417 τὸν
1567 4363 1723 4432 λόγον
1753 4362 1921 4436 ἠρξά-

345 4452 484 4524 μεθα
516 4453 626 4525 (45)
647 4495 662 4521 ,
689 4452 911 4518 τούτους
937 4456 1018 4520 είς
1050 4455 1212 4525 μέσον
1256 4455 1669 4528 παραγάγωμεν
1698 4450 1922 4521 πιστοὺς

411 4567 455 4600 δ’
493 4567 683 4624 Matth.
712 4586 764 4636 ν,
797 4568 881 4623 18.

436 4749 529 4891 26)
570 4748 713 4803 Idem
741 4765 846 4805 ms.
876 4751 1066 4809 codex.
1097 4750 1384 4822 εὑρηκότα.

439 4821 505 4891 27
569 4820 674 4891 Τοῦ
708 4821 839 4874 Υίοῦ
863 4821 957 4875 τοῦ
985 4820 1120 4873 Θεοῦ
1141 4862 1156 4885 ,
1186 4822 1262 4874 id.
1340 4866 1361 4886 ,

439 4820 529 4886 27)
569 4820 674 4873 Τοῦ
708 4821 839 4874 Υίοῦ
863 4821 957 4875 τοῦ
985 4820 1120 4873 Θεοῦ
1141 4820 1262 4885 ,“ὶ(].
1340 4866 1361 4886 ,

419 4890 534 4974 (2.8)
556 4890 687 4970 .Hoc
719 4900 800 4945 est
829 4906 909 4974 οξ)
931 4892 1038 4974 illis
1068 4891 1349 4974 vocabulis
1382 4907 1516 4974 quae
1548 4892 1606 4947 S.
1639 4892 1910 4974 Hippolyti

250 4974 257 4975 ί
340 4960 600 5030 martyris
646 4975 773 5031 aevo,
807 4962 1007 5016 usitata
1037 4977 1146 5014 nou
1193 4960 1364 5015 fuisse
1389 4960 1610 5031 quidam
1644 4960 1910 5017 viri‘docti

282 5093 287 5099 ,
340 5028 679 5085 existimant.
724 5028 783 5082 Si
811 5038 988 5102 tamen
1034 5031 1241 5102 nullum
1274 5028 1423 5085 aliud
1444 5041 1589 5087 esset
1617 5048 1904 5102 argumen-

340 5108 459 5154 tum
510 5108 846 5172 praesentem
877 5101 1154 5172 homiliam
1192 5099 1480 5172 Hippolyto
1524 5099 1866 5170 abjudicandi
1890 5142 1906 5165 ,

341 5183 453 5243 non
480 5183 690 5243 magna:
721 5169 854 5243 illn_d_
884 5171 959 5243 rei
984 5169 1335 5243 esset,_cum
1370 5169 1517 5243 voce,
1543 5169 1634 5227 illa
1677 5174 1789 5243 jam
1822 5176 1907 5228 nsi

341 5242 453 5313 sint
476 5236 739 5309 Origenes
757 5279 773 5303 ,
806 5238 1110 5297 Methodius
1130 5282 1144 5306 ,
1180 5239 1470 5313 Dionysius
1494 5236 1908 5312 Alex.,'Hippo-

341 5308 453 5380 iyto
480 5308 764 5380 suppares.

432 5380 526 5501 '29)
560 5379 673 5448 Τὴν
704 5379 1046 5501 ἀναστρατοίὲ
1065 5420 1080 5446 ,
1108 5377 1168 5433 Β.

434 5448 502 5501 50
576 5449 695 5501 Ἀπ’
724 5452 918 5501 αἰωνος
941 5488 956 5501 .
1039 5490 1053 5501 .

434 5448 526 5513 50)
576 5449 695 5502 Ἀπ’
724 5448 918 5513 αἰῶνος
941 5488 956 5511 ,
992 5448 1053 5503 Β.

437 5517 527 5591 g’3!)
562 5518 778 5591 Dekpiis
804 5517 1523 5591 intellige,autOrigenistas
1542 5538 1692 5579 cave.
1715 5522 1900 5579 Picus.

413 5588 525 5658 (δὴ
562 5588 622 5643 ln
654 5588 717 5665 Β.
750 5590 903 5665 deest
921 5588 1249 5665 vacabulum
1280 5588 1617 5664 ἆναλήψεως,
1647 5603 1703 5649 et
1728 5602 1906 5665 potest

344 5658 461 5712 sine
487 5661 768 5714 sententia:
797 5660 1124 5715 detrimento
1154 5661 1365 5717 abesse.

417 5727 705 5806 (3_3)_Duo_
725 5728 837 5784 Pici
879 5730 1125 5798 codices,
1176 5732 1271 5785 καὶ
1313 5733 1413 5806 τῆς
1453 5732 1546 5787 τοῦ
1591 5733 1906 5805 Πνεὺματος

347 5796 610 5868 ὑποδοχῆς
628 5840 643 5865 ,
677 5800 876 5871 ἥνπερ.

620 5889 892 5952 ΡΑΤηοι..
927 5892 1042 5955 Gn.
1091 5894 1178 5957 X.

2027 2182 2193 2237 stabit
2220 2182 2406 2236 omnia
2440 2199 2454 2233 :
2482 2196 2608 2235 cum
2646 2182 2874 2238 videntes
2905 2180 3264 2250 appellentur,
3295 2178 3612 2235 necessario

2014 2268 2512 2344 'praemonstrarunt
2533 2287 2598 2327 ac
2626 2272 3008 2343 praedixerunt.

2099 2541 2163 2597 ll.
2202 2541 2355 2598 Unde.
2379 2542 2520 2598 diem
2548 2543 2710 2598 etiam
2742 2542 3228 2598 consummationis
3257 2541 3415 2597 nobis
3438 2542 3611 2612 signi-

2028 2634 2297 2699 ﬁcarunt,
2342 2634 2599 2689 extremis
2640 2634 2974 2704 temporibus
3012 2642 3320 2702 apostatam
3360 2649 3610 2691 emersu-

2027 2741 2174 2792 rum,
2220 2726 2315 2796 qui
2346 2725 2595 2781 homines
2642 2727 2946 2789 seduceret,
2983 2725 3193 2780 initium
3237 2739 3301 2780 ac
3327 2725 3486 2780 ﬁnem
3517 2742 3608 2781 re-

2028 2817 2119 2888 gni
2145 2817 2286 2887 ejus,
2317 2817 2521 2888 judicis
2546 2834 2765 2889 quoque
2786 2819 3101 2883 adventum,
3120 2820 3397 2889 justorum
3416 2820 3610 2886 vitam,

2028 2922 2093 2962 ac
2112 2907 2543 2978 delinquentium
2570 2909 2835 2979 supplicia
2860 2910 3258 2980 praesignarunt
3281 2930 3295 2964 :
3319 2911 3398 2965 uti
3417 2925 3613 2966 omnes

2028 2998 2258 3069 singulis
2282 3001 2474 3056 diebus
2506 3016 2573 3056 ac
2617 3002 2767 3059 horis
2800 3002 2915 3057 haec
2944 3004 3128 3060 animo
3156 3012 3440 3059 versantes
3464 3003 3614 3059 velut

2029 3090 2283 3147 Ecclesia:
2328 3094 2421 3148 ﬁlii
2454 3111 2887 3166 cognoscamus,
2932 3112 2993 3150 ne
3036 3112 3200 3150 unum
3248 3097 3460 3167 quidem
3498 3096 3613 3151 iota

2028 3200 2119 3237 nec
2165 3201 2325 3238 unum
2360 3187 2557 3256 apicem
2583 3187 2651 3254 ",
2693 3204 2757 3242 ex
2784 3188 2870 3243 his
2900 3176 3230 3259 praete-ritum
3267 3188 3334 3243 iri
3369 3206 3382 3242 :
3417 3204 3612 3260 quem-

2028 3274 2320 3329 admodum
2373 3286 2554 3331 sermo
2587 3277 2887 3334 Salvatoris
2924 3280 3204 3334 indicavit.
3267 3276 3472 3337 Omnes
3505 3281 3613 3353 igi-

2026 3375 2115 3419 tur
2146 3368 2455 3423 necessario
2505 3370 2709 3439 aperite
2753 3371 2943 3426 oculos
2985 3373 3232 3427 cordium
3278 3382 3609 3438 vestrorum,

2024 3471 2089 3510 ac
2116 3458 2343 3512 auribus
2395 3461 2592 3515 animae
2634 3469 2828 3517 vestrae
2854 3479 2975 3533 quae
3005 3464 3204 3520 dicturi
3239 3480 3431 3520 sumus
3459 3465 3611 3520 exci-

2025 3546 2153 3614 pite.
2193 3546 2489 3617 Explicabo
2519 3550 2665 3605 enim
2694 3551 2851 3607 vobis
2881 3553 3147 3608 hodierno
3168 3553 3262 3609 die
3282 3553 3462 3610 omnis
3481 3555 3613 3609 hor-
3681 3614 3687 3619 _

2025 3638 2168 3694 roris
2193 3641 2528 3711 terrorisque
2578 3641 2795 3711 plenam
2838 3644 3212 3700 narrationem
3250 3663 3266 3701 :
3298 3660 3495 3717 nempe
3541 3645 3640 3702 de-

2024 3734 2519 3796 consummatione,
2577 3733 2630 3788 id
2677 3744 2781 3800 est,
2839 3735 3007 3790 totius
3034 3735 3226 3791 mundi
3265 3735 3606 3801 seductione,

2024 3835 2189 3888 quam
2240 3823 2475 3889 patietur
2522 3823 2591 3877 ab
2622 3823 2777 3879 hoste
2818 3834 2873 3879 et
2914 3825 3165 3893 diabolo;
3205 3842 3372 3896 quam
3406 3814 3641 3897 seque?

2027 3917 2113 3961 tur
2144 3912 2416 3966 secundus
2469 3913 2733 3969 adventus
2767 3911 2982 3969 Domini
3013 3915 3184 3971 nostri
3217 3914 3348 3973 Jesu
3377 3915 3604 3971 Christi.

2093 4178 2179 4235 ill.
2222 4179 2377 4236 Unde
2405 4198 2555 4253 ergo,
2586 4183 2791 4240 Christi
2816 4195 3084 4251 amantes,
3110 4202 3325 4242 sumam
3348 4186 3563 4243 initium
3582 4189 3609 4243 ἲ

2022 4272 2154 4342 quid
2185 4274 2456 4338 exordiar,
2479 4277 2676 4345 quidve
2702 4280 3186 4335 commemorabo?
3215 4279 3386 4348 Quem
3412 4296 3604 4337 eorum

2023 4379 2145 4435 quze
2176 4365 2299 4419 dico
2330 4374 2523 4420 testem
2554 4368 2860 4423 exhibebo?
2887 4369 3096 4425 Verum'
3121 4371 3267 4427 unde
3294 4388 3603 4428 sermonem

2023 4471 2214 4512 sumus
2243 4458 2508 4528 auspicati
2530 4499 2545 4524 ,
2588 4474 2685 4515 eos
2711 4460 2765 4513 in
2796 4461 3034 4517 medium
3065 4452 3414 4533 proferamus
3439 4473 3603 4523 testes

2096 4743 2209 4815 (54)
2250 4743 2381 4821 Quae
2419 4759 2723 4821 sequuntur
2772 4748 2846 4802 ita
2894 4748 2947 4801 in
2996 4746 3061 4821 Β.
3108 4744 3376 4821 expressa
3423 4765 3599 4811 sunt:

2023 4814 2196 4867 πάντα
2228 4814 2635 4897 προῦπέδειξαν,
2658 4816 2738 4897 διὸ
2761 4820 2854 4897 καὶ
2876 4820 2976 4897 την
3004 4819 3103 4897 τῇς
3130 4814 3435 4897 συντελείας
3462 4827 3602 4897 ἡμέ-

2024 4899 2122 4966 ραν
2150 4885 2555 4966 λσυνειράνησαν
2604 4889 2735 4966 ἡμῖν
2776 4890 2874 4966 τῂν
2926 4885 3162 4966 ἐσχάτην
3214 4896 3326 4966 τοῖς
3387 4885 3601 4966 χρόνοις

2020 4954 2236 5039 ἔσεσθαι
2280 4954 2744 5024 μέλλουσαν,”καὶ
2780 4954 2880 5031 τῆν
2921 4954 3022 5013 τοῦ
3066 4954 3263 5032 ἐχθροῦ
3307 4954 3435 5017 καῖ’
3463 4954 3602 5020 ἀποξ-

2022 5041 2084 5077 στ
2088 5041 2215 5078 ατου
2223 5063 2238 5077 .

2240 5093 2297 5172 in
2333 5094 2391 5148 Β.
2423 5095 2832 5172 desuntverba,
2862 5101 2974 5162 τοῖς
3002 5099 3332 5172 ἀνθρώποις.

2110 5165 2199 5237 56)
2238 5165 2283 5237 Β
2338 5174 2392 5237 et
2423 5167 2560 5237 alius
2586 5166 2699 5222 Pici
2726 5171 2916 5231 codex,
2950 5165 3326 5237 γινώσκοντες.

2106 5235 2194 5307 57)
2247 5235 2745 5307 Ἄπολειφθήσεται.

2111 5306 2199 5374 58)
2253 5306 2587 5371 Ἀνοίξαντες
2603 5347 2620 5373 ,
2655 5307 2717 5362 Β.
3094 5334 3097 5339 ·

2111 5310 2199 5374 58)
2253 5310 2620 5373 Ἀνοίξαντες,
2655 5310 2717 5362 Β.
3094 5334 3097 5339 ·

2087 5310 2194 5454 (59)
2237 5376 2296 5429 in
2344 5375 2571 5432 Barocc.
2620 5378 2867 5444 additur,
2925 5377 3281 5444 ὑποδέξασθαι
3330 5379 3360 5435 ὃ
3408 5380 3592 5454 μέλλω

2013 5445 2211 5499 λαλεῖν.

2085 5514 2196 5593 (Ψ)
2235 5513 2347 5593 ζόη
2370 5515 2466 5587 τὴν
2500 5515 2804 5593 σιθιτέλειαν
2831 5517 2929 5590 τὴν
2959 5517 3322 5593 παγκόσμιον.

2106 5586 2196 5657 ﬂ)
2231 5585 2481 5657 ῥάϐομεν
2499 5625 2513 5649 ,
2545 5585 2607 5642 Β.

2084 5593 2196 5727 (ἒ)
2231 5593 2513 5657 Λάϐομεν,
2545 5593 2607 5642 Β,
2715 5659 2727 5673 ⁹
2849 5658 2861 5671 .

2121 5659 2195 5731 __)
2237 5655 2814 5731 :I‘tva-stapcupuv,
2848 5659 2922 5714 ιιι,

2084 5659 2198 5794 (42)
2237 5659 2373 5709 Τίνα
2400 5659 2457 5709 δὲ
2490 5659 2814 5731 μαρτυρίαν,
2848 5659 2922 5714 id.

2065 5726 2176 5810 ⁹(45
2235 5722 2312 5779 Id.
2339 5766 2354 5791 ,
2379 5724 2653 5797 ἠρξάμην,
2682 5741 2734 5785 et
2763 5744 2889 5784 mox
2918 5730 3228 5803 παραγάγω
3263 5747 3364 5803 pro
3408 5745 3588 5801 παρα-

3118 5893 3201 5952 29

2016 5811 2291 5866 γαγωμεν.
