4090 6382
425 408 530 464 90'!

1224 404 1514 462 APPEND.
1555 407 1643 460 AD
1674 403 1956 459 PARTEM
1997 402 2036 456 ΙΙ
2080 402 2363 461 UPERUM
2404 404 2461 460 S.
2504 404 2890 463 IllPPOLYTl.

3584 405 3690 462 908

429 527 536 583 ﬁde
566 526 761 598 dignos
782 569 796 592 ,
834 526 925 596 qui
957 525 1099 581 dicta
1128 527 1515 595 comprobent;
1569 524 1765 581 deinde
1793 532 2011 595 aposto-
2039 575 2045 587 ,

2125 523 2404 596 μάρτυρας
2422 566 2437 588 ,
2474 524 2828 596 βεϐαιοῦντας
2858 525 2965 580 τῶν
2994 525 3303 598 λεγομένων
3333 525 3442 597 (44)
3480 524 3580 597 τὴν
3603 525 3697 597 δή·-

425 621 607 676 lorum
639 635 855 690 quoque
883 619 1212 683 doctrinam,
1244 619 1325 673 vel
1349 616 1686 688 prOphetiam
1714 618 1920 688 potius,
1955 627 2015 672 ut

424 728 525 785 per
552 712 867 765 universum
916 709 1105 764 orbem
1158 717 1423 763 terrarum
1468 709 1628 778 quasi
1659 710 1785 764 tuba
1814 717 2017 764 canant

423 802 923 862 consummationis
965 802 1129 857 diem.
1171 799 1307 856 Cum
1355 802 1518 872 igitur
1550 801 1607 856 hi
1631 818 1849 873 quoque
1878 818 2016 873 pm-

426 896 761 969 siguaverint
821 906 943 965 quae
989 894 1230 950 nondum
1285 904 1607 961 evenerunt,
1658 910 1723 950 ac
1771 893 2014 951 fallacias

423 1001 792 1060 perversaque
841 986 1072 1042 consilia
1125 986 1499 1057 improborum
1551 986 1874 1055 hominum,
1921 988 2014 1059 qui

423 1081 720 1146 exsistent,
773 1075 1121 1149 aperuerint;
1172 1077 1403 1146 agedum
1441 1075 1641 1133 Isaiam
1692 1078 2014 1149 prophetam

422 1180 687 1243 tanquam
719 1171 958 1242 primum
991 1179 1185 1225 testem
1232 1169 1288 1224 in
1341 1169 1582 1225 medium
1623 1170 2017 1240 producamus,

422 1263 517 1333 qui
550 1262 712 1318 docet
755 1275 858 1317 nos
885 1276 1008 1331 quae
1048 1258 1231 1314 futura
1266 1267 1396 1314 sunt
1423 1260 1570 1314 circa
1613 1268 1855 1329 tempora
1884 1273 2018 1314 con-

422 1354 828 1411 summationis.
872 1352 1014 1421 Quid
1046 1353 1211 1425 igitur
1245 1353 1360 1408 ait?
1398 1353 1567 1407 Terra
1593 1364 1767 1409 vestra
1789 1353 2015 1432 deserta,

2116 615 2278 669 λωσιν
2296 634 2309 646 °
2344 618 2438 672 καὶ
2472 618 2764 688 μετέπειτα
2784 660 2798 681 ,
2828 620 2922 672 καὶ
2943 619 3051 671 τῶν
3077 619 3390 673 ἀποστόλων
3422 618 3523 689 τὴν
3550 617 3697 674 διδα-

2117 712 2238 782 χὴν,
2267 712 2465 782 μᾶλλον
2488 713 2543 766 δὲ
2572 714 2930 786 προφητείαν,
2961 713 3079 777 πῶς
3104 712 3377 784 πανταχοῦ
3408 713 3508 783 τῆς
3530 714 3703 766 οἰκου-

2120 804 2286 874 μένης
2308 803 2626 869 σαλπίςουσι
2645 804 2745 875 τῆς
2767 804 3076 869 συντελείας
3102 805 3202 875 τὴν
3224 805 3454 876 ἡμέραν.
3480 803 3699 875 Ἐπειδὴ

2117 890 2210 949 οὖν
2234 896 2327 950 καὶ
2348 896 2461 968 (45)
2482 890 2625 951 οὗτοι
2639 896 2710 950 τὰ
2740 897 2906 967 μήπω
2921 896 3259 968 γενησόμενα
3284 894 3703 967 προῡπέδειξαν,

2117 989 2212 1043 καὶ
2244 989 2354 1043 τῶν
2399 990 2699 1060 μελλόντων
2727 989 3067 1061 ἀναφανῆναι
3101 988 3355 1060 πονηρῶν
3400 987 3703 1060 ἀνθρώπων

2119 1080 2422 1152 σκαιωρίαν
2471 1082 2566 1134 καὶ
2602 1079 2961 1134 κακοϐουλίαν
2994 1081 3340 1152 ἀνεφάνησαν
3387 1078 3498 1152 (46)
3519 1119 3534 1145 ,
3569 1079 3703 1151 φέρε

2117 1168 2234 1235 οὖν,
2267 1172 2358 1227 τὸν
2391 1173 2682 1245 προφήτην
2720 1171 2954 1227 Ἡσαΐαν
2981 1172 3057 1237 ὡς
3088 1171 3301 1245 πρῶτον
3335 1172 3587 1245 μάρτυρα
3614 1171 3705 1243 μέ-

2120 1280 2212 1317 σον
2255 1262 2635 1334 εἰσαγάγωμεν
2656 1302 2671 1327 ,
2712 1262 2840 1335 περ)¹
2876 1261 2985 1317 τῶν
3013 1264 3219 1336 χρόνων
3249 1262 3346 1335 τῆς
3396 1263 3703 1327 συντελείας
3743 1328 3749 1336 Δ

2119 1356 2250 1427 ἡμῖν
2280 1353 2682 1408 ἐκδιδάσκοντα.
2718 1334 2793 1408 Τί
2815 1350 2909 1408 οὖν
2943 1334 3142 1425 (malit;
3179 1354 3241 1411 Ἠ
3268 1334 3342 1424 γῆ
3374 1352 3543 1424 ὑμῶν
3566 1352 3704 1423 ἕρη-

422 1447 664 1501 civitates
716 1454 905 1500 vestrae
950 1445 1070 1515 igne
1113 1454 1333 1500 exustm.
1378 1442 1658 1515 [legionem
1704 1452 1931 1498 uestram
1960 1445 2018 1497 in

2125 1458 2270 1515 μσς-,⁸
2307 1448 2367 1500 al
2415 1446 2625 1513 πόλεις
2661 1445 2830 1516 ὑμῶν
2880 1442 3306 1515 πιφίὸιαυστοι·
3348 1444 3463 1514 τὴν
3508 1444 3705 1515 χώραν

423 1547 707 1608 conspectu
746 1546 918 1593 uestro
962 1538 1215 1591 devorant
1249 1536 1433 1591 alieni.
1476 1536 1880 1607 Derelinquetur
1902 1534 2020 1605 ﬁlia

425 1628 554 1684 Sion
582 1630 721 1683 sicut
752 1628 1125 1683 umbraculum
1164 1629 1223 1683 in
1265 1629 1452 1691 vinea,
1492 1637 1542 1681 et
1572 1629 1709 1682 sicut
1748 1629 2019 1699 tugurium

421 1723 478 1775 in
506 1721 910 1786 cucumerari'o;
960 1730 1215 1792 tanquam
1244 1722 1445 1774 ‘civitas
1505 1735 1624 1790 quce
1673 1729 1915 1774 vastatur
1948 1720 2014 1771 "'.

425 1813 626 1881 Vides,
680 1813 907 1878 dilecte,
961 1813 1150 1867 lumen
1195 1813 1475 1883 propheta:
1507 1813 1850 1878 immissum,
1906 1827 2016 1882 quo

425 1915 643 1975 tempus
668 1904 825 1970 illud,
872 1912 1008 1975 quot
1029 1913 1152 1958 ante
1170 1904 1389 1960 saeculis
1412 1904 1744 1959 vaticinatus
1770 1911 1871 1959 est.
1907 1902 2019 1959 Nec
2047 1892 2091 1947 Β

423 1994 574 2050 enim
604 1994 673 2050 de
712 1992 952 2062 Judaeis,
987 2008 1091 2048 nec
1120 1994 1188 2049 de
1230 1994 1450 2049 civitate
1494 1993 1627 2048 Sion
1652 1992 1879 2047 verbum
1913 1993 2019 2049 hoc

425 2086 711 2157 praedixit,
764 2087 861 2142 sed
906 2086 974 2142 de
1014 2085 1279 2143 Ecclesia.
1343 2085 1477 2142 Nam
1520 2101 1714 2142 omnes
1743 2085 2019 2157 prophetae

427 2178 781 2262 declararunt
834 2178 984 2235 ‘Sion
1039 2194 1164 2234 esse
1219 2192 1479 2250 sponsam
1532 2194 1564 2233 e
1613 2179 1865 2248 gentibus
1924 2178 2013 2234 εὰ-

428 2273 671 2328 ductam.

500 2454 593 2509 Π.
636 2453 905 2523 Quocirca
934 2455 1003 2511 ad
1029 2455 1328 2512 secundum
1363 2464 1556 2510 testem
1591 2455 1888 2509 orationem
1920 2467 2020 2524 ap-

429 2548 720 2620 plicemus.
747 2549 1010 2616 Quisnam
1031 2558 1115 2605 est
1132 2549 1260 2604 ille?
1291 2549 1431 2603 Audi
1457 2547 1620 2603 etiam
1639 2544 1836 2601 Oscam
1858 2560 2022 2617 gran-

431 2642 657 2715 diloqua
700 2642 1017 2699 fundentem
1050 2661 1065 2698 :
1100 2640 1169 2697 In
1211 2641 1397 2696 diebus
1430 2640 1541 2694 illis
1586 2637 1797 2692 inducet
1839 2636 2022 2692 Domi-

431 2751 530 2789 nus
556 2752 584 2789 e
614 2735 817 2790 deserto
849 2744 1060 2790 ventum
1085 2734 1324 2788 uredinis
1355 2742 1540 2786 contra
1564 2731 1728 2796 illos;
1759 2740 1809 2784 et
1853 2729 2022 2783 desic«

433 2828 575 2881 cabit
610 2843 766 2881 venas
799 2838 981 2881 eorum
1003 2866 1019 2891 ,
1070 2834 1120 2880 et
1151 2824 1383 2879 desertos
1431 2823 1589 2893 faciet
1621 2821 1791 2892 fontes
1817 2836 2020 2890 eorum,

431 2927 483 2974 et
525 2920 770 2974 universa
811 2935 940 2974 uasa
988 2917 1366 2972 desiderabilia
1424 2912 1735 2968 delebuntur
1763 2912 1831 2967 “.
1883 2911 2025 2979 Quia

432 3012 739 3065 restiterunt
784 3020 971 3065 contra
1012 3008 1218 3073 Deum,
1253 3009 1309 3062 in
1348 3006 1527 3077 gladio
1559 3006 1779 3068 cadent,
1828 3013 1877 3059 et
1905 3017 2024 3074 quae

432 3118 499 3158 ea:
524 3105 597 3158 eis
622 3112 955 3175 prazgnantes
1001 3103 1237 3173 fuerint,
1283 3100 1680 3169 disrumpentur
1699 3098 1767 3152 ⁸³.
1820 3096 2024 3168 Ecquis

435 3195 578 3251 alius
605 3203 802 3251 ventus
828 3193 1069 3250 uredinis
1098 3207 1128 3247 a
1158 3191 1398 3256 deserto,
1422 3205 1590 3262 quam
1611 3190 2024 3247 Autichristus?

2117 1537 2287 1608 ὑμῶν
2330 1537 2586 1593 ἐνώπιον
2640 1539 2809 1608 ὑμῶν
2868 1540 3172 1608 ἀλλότριοι
3240 1540 3699 1595 κατεσθίουσινο

2118 1633 2728 1703 ἐγκαταλειφθήσεται
2762 1635 2801 1701 ἡ
2849 1633 3111 1705 θυγάτηρ
3148 1633 3332 1699 Σιὼν,
3377 1635 3459 1701 ὡς
3496 1633 3702 1704 σκηνὴ

2118 1726 2188 1780 ἐν
2214 1725 2518 1797 ἀμπελῶνι
2540 1767 2556 1791 ,
2597 1726 2693 1782 καὶ
2732 1727 2811 1793 ὠς
2853 1726 3347 1797 ὀπωροφυλάκιον
3388 1728 3460 1781 ἐν
3494 1722 3707 1795 σικυη-

2118 1819 2282 1889 λάτῳ
2322 1818 2471 1893 (47),
2519 1821 2599 1887 ὡς
2642 1820 2821 1886 πόλις
2866 1818 3361 1888 πολιορκουμένη.
3413 1814 3569 1883 Εἶδες
3607 1817 3705 1871 τοῦ

2120 1916 2399 1985 προφήτου
2421 1955 2436 1981 ,
2464 1911 2717 1982 ἀγαπητέ
2740 1950 2754 1975 ,
2791 1910 2891 1982 τὴν
2922 1909 3229 1981 ἔκλαμψιν,
3274 1910 3343 1981 ἣν
3382 1910 3488 1983 πρὸ
3522 1910 3705 1965 πόσων

2119 2006 2325 2075 γενεῶν
2354 2006 2443 2060 τὸν
2476 2005 2667 2076 καιρὸν
2716 2002 2826 2075 (48)
2874 2003 3290 2074 προεθέσπισεν.
3328 2005 3404 2058 Οὐ
3438 2004 3547 2076 γὰρ
3577 2003 3705 2076 περ),

2122 2098 2230 2151 τῶν
2270 2097 2540 2152 Ἰουδαίων
2580 2096 2768 2151 τοῦτον
2808 2096 2900 2149 τὸν
2930 2096 3086 2165 λόγον
3134 2096 3550 2169 προῦπέφηνεν,
3585 2094 3704 2151 οὐδὲ

2122 2182 2257 2267 mw
2291 2188 2389 2259 τῆς
2416 2188 2555 2241 Σιὼν
2594 2189 2693 2260 τῆς
2732 2186 2963 2251 πόλεως,
3001 2186 3138 2241 ἀλλὰ
3172 2189 3301 2260 περὶ
3339 2187 3442 2257 τῆς
3484 2186 3708 2257 Ἐκκλη-

2124 2280 2243 2344 σίας
2292 2280 2424 2351 (49).
2490 2279 2627 2333 Σιὼν
2674 2280 2784 2352 γὰρ
2836 2279 2933 2352 τὴν
2977 2279 3038 2344 ἐξ
3090 2279 3259 2335 ἐθνῶν
3303 2280 3705 2353 προσαχθεῖσαν

2122 2369 2340 2442 νύμφην
2372 2370 2573 2433 πάντες
2603 2372 2652 2423 οἱ
2687 2370 2966 2442 προφῆται
2999 2370 3275 2442 ἐδήλωσαν

2195 2458 2287 2518 Π.
2337 2460 2431 2513 Διὸ
2482 2460 2578 2515 καὶ
2634 2460 2772 2528 πρὸς
2824 2459 3076 2532 δεύτερον
3123 2462 3376 2535 μάρτυρα
3415 2463 3507 2516 τὸν
3549 2464 3705 2533 λόγον

2124 2550 2560 2622 ὑφαπλώσωμεν.
2593 2551 2753 2604 Ποῖον
2784 2549 2848 2622 δὴ
2893 2549 3118 2617 tofi-cont;
3160 2553 3425 2607 Ἄκουσον
3468 2554 3562 2607 καὶ
3609 2553 3703 2606 τοῦ

2136 2640 2292 2712 Ὠσηέ
2334 2639 2557 2695 τοιαῦτα
2596 2640 2898 2710 φωνοῦντος
2944 2640 3371 2712 μεγαλοφώνως*
3439 2644 3541 2698 Ἐν
3577 2645 3709 2710 ταῖς

2121 2732 2370 2807 ἡμέραις
2400 2730 2657 2797 ἐκείναις
2676 2772 2691 2797 ,
2724 2729 2931 2796 ἑπάξει
2965 2732 3181 2799 Κύριος
3219 2732 3442 2802 ἄνεμον
3474 2736 3708 2789 παύσω.

2122 2820 2338 2921 νος
2375 2817 2488 2888 τῆς
2530 2816 2755 2887 ἐρήμου
2787 2819 2880 2871 ἐπ’
2913 2818 3135 2885 αὐτοὺς
3156 2858 3170 2884 ,
3217 2819 3316 2873 καὶ
3344 2820 3710 2889 ἀναξηρανεῐ

2123 2911 2232 2980 τὰςς
2270 2911 2498 2983 φλέϐας
2541 2911 2741 2966 αὐτῶν
2764 2928 2777 2941 ·
2822 2911 2921 2966 καὶ
2953 2911 3322 2983 ἐξερημὼσει
3362 2913 3469 2979 τὰς
3512 2913 3709 2983 πηγὰς

2124 3006 2322 3061 αὐτῶν
2341 3022 2357 3037 ⁸
2394 3006 2494 3060 καὶ
2526 3005 2724 3061 πάντα
2758 3005 2831 3061 τὰ
2858 3006 3049 3074 σκεύη
3081 3006 3153 3058 τὰ
3182 3004 3512 3084 ἐπιθυμητὰ
3557 3007 3707 3075 ἀφα-

2124 3098 2541 3167 νισθήσονται,
2572 3100 2661 3153 ὅτι
2684 3097 3075 3168 ἀντέστησαν
3105 3097 3214 3168 (51)
3237 3096 3387 3165 πρὸς
3405 3096 3514 3151 τὸν
3536 3097 3706 3161 Θεὸν,

2126 3194 2195 3249 ἑν
2225 3194 2493 3264 ῥομφαία
2544 3192 2872 3247 πεσοῦνται
2891 3230 2905 3254 ,
2941 3192 3039 3244 καὶ
3086 3192 3144 3244 αἱ
3172 3189 3242 3242 ἐν
3271 3190 3483 3261 γαστρὶ
3511 3188 3709 3245 αὐτῶν

434 3289 530 3361 qui
562 3288 905 3360 temporibus
958 3285 1075 3343 suis
1119 3285 1397 3341 deleturus
1426 3292 1511 3340 est
1549 3292 1605 3340 et
1643 3285 2020 3341 desiccaturus

2125 3287 2399 3357 ἔχουσαι,
2428 3284 2951 3354 διαῤῥαπνξσονται.
2985 3282 3080 3346 Τίς
3111 3282 3221 3354 γὰρ
3249 3282 3404 3346 ἄλλος
3434 3280 3546 3354 (52)
3580 3282 3701 3337 ἄνε-

432 3370 603 3438 v'enas
626 3395 897 3452 aquarum
921 3387 977 3433 et
1003 3377 1213 3435 fructus
1244 3378 1529 3443 arborum,
1557 3385 1844 3448 propterea
1873 3376 2020 3447 quod

434 3473 688 3530 homines
707 3470 946 3542 amplexi
969 3478 1097 3527 sunt
1115 3485 1280 3526 onera
1305 3472 1446 3541 ejus.
1470 3470 1657 3541 Itaque
1681 3470 1880 3527 delebit
1901 3486 2015 3536 eos,

435 3566 652 3649 ipsique
683 3564 1005 3620 servientsin
1035 3563 1349 3633 impuritate
1379 3565 1571 3634 ipsius.

2129 3397 2228 3450 μος
2266 3378 2545 3455 καύσωνος
2580 3380 2643 3429 ἐκ
2673 3376 2769 3446 τῆς
2797 3378 3028 3449 ἐρήμου,
3070 3373 3185 3427 ἀλλ’
3217 3374 3249 3445 ἢ
3277 3377 3306 3427 ὁ
3342 3374 3711 3444 Ἀντίχριστος

2126 3473 2155 3523 ὁ
2201 3469 2410 3540 μέλλων
2455 3468 2716 3536 ἀφανίσαι
2766 3466 2879 3538 (55)
2924 3465 3018 3519 καὶ
3075 3462 3414 3535 ἀναξηράναι
3452 3461 3565 3532 (54)
3609 3460 3709 3522 τὰς

2127 3559 2328 3629 φλέϐας
2374 3557 2481 3611 τῶν
2523 3556 2762 3622 ὑδάτων,
2820 3558 2918 3610 καὶ
2978 3556 3103 3617 τοὺς
3148 3555 3395 3627 καρποὺς
3600 3549 3711 3601 τῶν

434 3641 670 3732 δένδρων
720 3662 778 3713 ἐν
819 3658 933 3722 τοῖς
979 3658 1193 3730 χρόνοις
1232 3657 1398 3712 αὐτοῦ
1424 3699 1438 3724 ,
1487 3659 1569 3712 ὅτι
1616 3657 1969 3729 ἐπεθύμησαν
2027 3658 2085 3709 ἐν
2142 3657 2258 3719 τοῖς
2301 3655 2480 3725 ἔργοις
2528 3651 2692 3705 αὐτοῦ
2744 3654 2792 3703 οἱ
2836 3649 3130 3722 ἄνθρωποι.
3182 3647 3272 3701 Διὸ
3315 3646 3410 3700 καὶ
3459 3641 3735 3733 ἀφανίσειν

435 3753 634 3816 αὐτοὺς
660 3793 676 3819 ,
725 3750 821 3805 καὶ
861 3749 1233 3806 δουλεύσουσιν
1279 3751 1442 3805 αὐτὸν
1485 3754 1543 3806 ἐν
1588 3754 1656 3824 τῇ
1706 3750 2022 3823 ἀκαθαρσίᾳ
2056 3748 2246 3803 αὐτοῦ.

514 3842 576 3898 V.
617 3840 849 3898 Attende
878 3841 1226 3897 concordiam
1257 3842 1532 3912 prophetae
1555 3858 1682 3898 cum
1708 3844 1975 3912 propheta
2003 3858 2016 3894 :

439 3948 708 4006 cognosce
723 3933 890 3987 alium
911 3946 1131 4002 quoque
1147 3928 1343 3987 similia
1359 3933 1797 4003 proloquentem.
1818 3930 2021 3987 Eadem

436 4028 581 4084 enim
628 4024 799 4080 Amos
842 4024 1107 4096 propheta
1154 4024 1505 4079 consentiens
1551 4024 1849 4094 praedixit:
1893 4022 2021 4077 Ηωε

437 4119 570 4174 dicit
594 4117 892 4175 Dominus:
942 4115 1082 4181 Quia
1114 4132 1288 4187 pugno
1317 4116 1595 4185 percutitis
1622 4131 1939 4184 pauperem,
1973 4124 2023 4169 et

436 4212 579 4266 dona
606 4210 771 4267 electa
797 4210 1008 4280 cepistis
1036 4208 1102 4263 ab
1133 4225 1213 4275 eo,
1268 4209 1451 4262 domos
1474 4207 1670 4278 politas
1693 4207 2026 4277 tediﬁcastis,

436 4311 488 4357 et
514 4317 619 4357 non
645 4300 956 4356 habitabitis
984 4301 1039 4354 in
1067 4300 1163 4354 eis.
1221 4297 1413 4353 Vincas
1453 4297 1826 4353 desiderabiles
1874 4297 2029 4367 plan-

440 4393 636 4458 tastis,
686 4408 778 4448 nec
823 4401 999 4445 tamen
1043 4391 1220 4445 vinum
1264 4388 1450 4444 bibetis
1488 4405 1689 4442 earum.
1735 4388 1877 4454 Quia
1910 4388 2030 4443 novi

437 4482 729 4554 permultas
759 4484 1054 4553 impietates
1104 4492 1302 4536 vestras
1323 4521 1338 4547 ,
1372 4492 1421 4535 et
1450 4482 1634 4551 gravia
1664 4489 1789 4534 sunt
1810 4492 2028 4551 peccata

439 4586 635 4632 vestra.
685 4575 790 4642 Qui
817 4577 1147 4644 defraudatis
1167 4577 1343 4645 justas
1364 4615 1380 4641 ,
1426 4577 1669 4644 accipitis
1695 4591 1946 4641 munera,
1974 4583 2026 4629 et

438 4681 695 4740 pauperes
720 4668 776 4722 in
805 4668 972 4737 portis
1006 4667 1327 4736 opprimitis.
1386 4664 1515 4719 Ideo
1548 4666 1776 4735 prudens
1816 4666 1872 4718 in
1897 4677 2027 4719 tem-

2200 3836 2266 3891 ν.
2312 3837 2451 3908 Ὅρα
2489 3834 2602 3909 (56)
2653 3833 2969 3905 συμφωνίαν
3017 3833 3296 3907 προφήτου
3329 3833 3467 3906 πρὸς
3498 3832 3711 3902 προφή-

2129 3945 2226 4001 την
2244 3943 2258 3957 ο
2297 3925 2434 3996 μάθε
2462 3926 2558 3978 καὶ
2584 3924 2770 3996 ἕτερον
2800 3924 2870 3978 τὰ
2899 3925 3059 3996 ὅμοια
3088 3923 3487 3995 διαλεγόμενον.
3530 3920 3710 3993 Ἀμὼς

2109 4017 2239 4089 γὰρ
2284 4018 2354 4071 τὰ
2394 4016 2533 4069 αὐτὰ
2576 4013 2882 4086 συμφώνως
2922 4016 3323 4087 προεφήτευσε’
3372 4012 3519 4068 Τάδε
3547 4013 3712 4082 λέγει

2130 4112 2347 4177 Κύριος
2369 4124 2383 4139 ⁸
2399 4108 2501 4162 Διὰ
2524 4107 2700 4160 τοῦτο
2723 4108 2853 4161 ἀνθ’
2879 4100 2968 4160 ὧν
2987 4106 3570 4176 κατηγκονδυλίσετε
3594 4104 3708 4173 (57)

2129 4201 2389 4272 πτωχὸν,
2413 4202 2512 4255 καὶ
2539 4197 2698 4268 δῶρα
2726 4199 2980 4271 ὲκλεκτὰ
3008 4198 3297 4264 ἐδέξασθε
3327 4200 3463 4266 παρ’
3486 4196 3673 4252 αὐτοῦ
3689 4211 3708 4229 ’

2129 4296 2336 4363 οἴκους
2369 4293 2478 4364 γὰρ
2501 4294 2612 4363 (58)
2626 4293 3070 4364 ᾠκοδομήσατε,
3106 4294 3203 4348 καὶ
3233 4294 3305 4348 οὐ
3326 4294 3412 4364 μὴ
3437 4291 3711 4358 κατοική-

2130 4405 2279 4460 σητε
2327 4390 2398 4444 ἐν
2427 4388 2650 4456 αὐτοῖς.
2700 4389 3073 4460 Ἀμπελῶνας
3114 4388 3516 4459 ἐπιθυμητσὺς
3567 4388 3714 4458 ἐφυ-

2132 4483 2415 4548 τεύσατε,
2441 4483 2537 4536 καὶ
2581 4486 2653 4537 οὐ
2682 4483 2769 4553 μὴ
2814 4484 2989 4551 πίητε
3020 4477 3329 4537 τὸνοῒνον
3353 4479 3583 4545 αὐτῶν,
3621 4478 3710 4533 ὅτι

2131 4574 2286 4644 ἔγνω
2326 4574 2437 4644 (59)
2477 4574 2714 4641 πολλὰς
2750 4575 3033 4640 ἀσεϐείας
3055 4589 3069 4604 ·
3119 4571 3603 4637 καταπατοῦντες
3640 4564 3709 4623 τὸ

2130 4664 2369 4720 δίκαιον
2388 4704 2402 4729 ,
2428 4666 2837 4735 λαμϐάνοντες
2861 4665 3257 4734 ἀντάλλαγμα
3288 4662 3437 4736 (60),
3475 4663 3573 4717 καί
3608 4661 3713 4716 πέ-

440 4775 568 4830 pore
614 4758 709 4813 illo
761 4758 982 4824 tacebit,
1013 4760 1141 4830 quia
1171 4769 1371 4829 tempus
1406 4759 1604 4814 malum
1635 4770 1708 4814 est
1732 4758 1798 4814 ⁸⁸.
1846 4757 2027 4824 Disce,

2136 4776 2322 4827 νητας
2341 4761 2410 4814 ἐν
2424 4761 2645 4826 πύλαις
2663 4759 3064 4822 ἐκκλίνοντες.
3090 4758 3194 4810 Διὰ
3216 4755 3392 4809 τοῦτο
3420 4758 3452 4810 ὀ
3482 4752 3712 4810 συνιὼν

516 4922 563 4956 ⁸³
599 4920 706 4979 lsa.
738 4939 776 4991 ι,
804 4922 855 4977 7.
934 4923 979 4955 “
1016 4921 1142 4978 Ose.
1175 4939 1296 4989 xm,
1330 4924 1416 4976 15.

539 5084 627 5155 44)
668 5084 789 5155 Τῶν
818 5084 991 5153 λόγων
1011 5128 1024 5148 ,
1072 5084 1129 5139 Β.

539 5154 629 5227 45)
667 5154 768 5227 Ms.
799 5155 885 5221 B.,
914 5158 1007 5210 καὶ
1032 5156 1140 5227 γὰρ
1167 5157 1280 5210 καί.

669 5225 773 5299 l_d.,
804 5227 1038 5299 ἐνεφάνη
1047 5225 1162 5299 σαν.

540 5297 631 5369 47)
669 5297 1037 5369 ἓικυῃράτῳ.
1060 5297 1123 5353 B.

540 5315 600 5351 41
670 5315 803 5350 ιιικυ
847 5315 1026 5369 ρατῳ,
1060 5315 1123 5353 ι).

664 5366 770 5449 _M_s.
798 5315 884 5435 3.,
910 5369 1028 5449 ergo
1059 5368 1348 5449 τοσούτων
1356 5368 1558 5449 γενεῶν
1588 5367 1696 5421 τῶν
1727 5366 1970 5440 ἡμερῶν.

664 5436 769 5511 13.,
804 5441 933 5511 περ).
962 5436 1064 5508 τῆς
1089 5440 1251 5509 ἁγίας
1292 5436 1638 5511 Ἐκκλησίας.

672 5507 1078 5579 ῌροεδὴλωσεν,
1111 5507 1172 5563 Β.

672 5576 847 5633 verba
871 5576 959 5633 ’ὅτι
987 5581 1351 5653 ἀντέστησαν,
1396 5596 1569 5652 usque
1604 5580 1671 5636 ad
1702 5580 2026 5643 πεσοῦνται,

449 5645 506 5700 in
538 5647 598 5703 Β.
633 5648 853 5704 absunt.

585 5689 598 5703 .
633 5665 853 5703 διιειιιιι.

543 5717 634 5790 52)
669 5719 824 5774 Alius
863 5716 974 5775 Pici
1006 5722 1200 5789 codex,
1227 5724 1309 5777 ὅτι
1339 5722 1447 5796 γὰρ
1479 5722 1625 5791 ἄλλο,
1653 5722 1868 5779 vitiose.

520 5719 636 5874 ἕξει)
674 5788 1093 5874 ςιιναερρνῆθαιφ
1119 5792 1179 5874 n.-
1388 5801 1393 5808 ·

547 5788 636 5859 55)
690 5788 1051 5859 Ἀναφανῆναι
1068 5822 1093 5851 φ
1119 5792 1179 5845 Β.
1351 5788 1362 5792 ⁷
1388 5801 1393 5808 ·

690 5794 1093 5859 Ἀναφανῆναιφ
1119 5794 1179 5845 Β.

521 5859 612 5929 (04
674 5860 776 5928 Ιώ,
823 5860 1194 5931 Ἀναξηρανεῖ.

1492 4924 1537 4954 ⁸⁸
1574 4922 1699 4979 Ose.
1740 4924 1921 4991 XI\',4.
1944 4925 1991 4956 ’⁵⁸
2018 4926 2206 4981 Amos.
2240 4926 2398 4993 v,H,
2438 4925 2527 4992 12,
2566 4926 2653 4979 15.

2210 5085 2322 5169 (55)
2348 5084 2655 5169 Ιιίηιῐιιὶηιιε
2677 5084 3005 5169 emendate:
3035 5085 3095 5169 oin
3116 5083 3324 5169 καρποὶ
3341 5081 3470 5169 τῶν.Γ
3481 5080 3713 5169 δένδρων

2137 5159 2196 5211 ἐν
2218 5151 2336 5220 ταῖς
2362 5157 2601 5228 ἡμέραις
2629 5155 2796 5209 αὐτοῦ
2816 5196 2830 5219 ,
2860 5156 2942 5208 ὅτι
2966 5151 3318 5225 ἐπεθύμησαν
3349 5152 3418 5206 τὰ
3445 5151 3583 5224 ἔργα
3604 5151 3711 5204 αὐ-

2137 5228 2228 5281 τοῦ
2261 5229 2309 5280 οἱ
2341 5226 2615 5281 ἄνθρωποι
2634 5243 2646 5255 ·
2681 5225 2762 5279 διὸ
2786 5228 2879 5279 καὶ
2914 5226 3202 5281 ἐμφανίσει
3223 5265 3239 5281 .
3269 5235 3373 5278 etc.
3402 5236 3408 5241 '

2136 5246 2228 5281 του
2261 5242 2309 5280 οι
2341 5242 2615 5299 ανυρωποι
2634 5243 2646 5255 ·
2681 5242 2762 5279 οιο
2786 5242 2879 5279 και
2914 5242 3202 5296 εμφανισει
3223 5265 3239 5291 ,
3269 5242 3373 5278 etc.

2209 5296 2460 5370 (56)Με.
2491 5296 2737 5370 Eappa;
2764 5297 3083 5370 συμφωνίαν
3118 5294 3417 5367 προφήτου·
3451 5293 3589 5364 μάοε
3621 5288 3713 5345 οὖν

2135 5367 2230 5440 καῖ
2260 5367 2460 5440 ἐτέρων
2492 5367 2560 5421 τὰ
2586 5367 2747 5437 ὃμοια
2768 5367 3186 5440 διαλεγομένων.

2177 5434 2506 5538 filling.
2556 5434 3075 5502 κατεκονδυλίσατε,
3127 5453 3196 5491 ex
3254 5434 3490 5505 vulgatis
3550 5434 3710 5490 codd.

2136 5515 2839 5652 Tw‘(i5§)IAlter_Pici_codex
2869 5578 3228 5652 omittityap.

2210 5645 2323 5737 ('59,)
2371 5650 2472 5704 Ms.
2510 5649 2598 5715 B.,
2639 5649 2808 5717 ἔγνων
2838 5649 3038 5712 πολλὰς
3068 5645 3326 5711 ἁσεῧείας
3356 5645 3509 5718 ὑμῶν
3547 5664 3717 5700 κατα-
3775 5726 3779 5733 Κ

2142 5739 2475 5777 πατουντων.

2215 5791 2322 5865 (60)
2357 5794 2431 5847 ld.
2463 5789 2733 5858 ἁνταλλάγ
2741 5808 2904 5861 ματα.
