4090 6436
477 413 590 469 969

1407 410 1677 470 ΞΡΗΒΙᾹ.
1716 442 1787 456 -ο
1822 414 1907 470 DE
1946 411 2537 470 CONSUMMATIONE
2564 413 2805 470 MUNDI.

3625 413 3724 467 810

482 527 550 580 ἐν
570 525 650 591 τῷ
674 524 852 591 καί,ςῴ
869 521 1074 591 exe/rip
1096 524 1480 591 σιωπήσεται,
1505 525 1592 580 ὅτι
1621 527 1825 596 καιρός
1853 539 2038 593 πονη-

2147 524 2371 592 dileete,
2407 526 2805 596 improbitatem
2838 524 3115 579 hominum
3144 524 3287 600 illius
3316 524 3627 589 memoriae.
3664 537 3727 580 ut

480 618 586 686 ρός
625 617 773 670 ἐστι.
809 616 961 669 Mill):
984 655 997 678 ,
1028 616 1303 685 ἀγαπητὲ,
1334 617 1441 670 τῶν
1472 618 1591 671 τότε
1625 619 1926 691 ἀνθρώπων
1951 620 2048 691 τὴν

484 708 750 780 πονηρίαν
773 749 788 769 ,
828 707 943 770 πῶς
975 706 1418 778 καθαρπάζουσιν
1460 710 1638 773 οἰκίας
1686 713 1780 764 καὶ
1814 712 2083 799 ἀγροὺς,¹

433 849 441 858 .
484 801 578 854 καὶ
617 802 699 853 ὅτι
738 800 799 852 τὸ
839 798 1044 853 δίκαιον
1084 799 1177 851 τοῦ
1209 799 1416 852 δικαίου
1452 797 1560 871 (61)
1607 801 1881 873 αἴροντες·
1923 803 2050 855 ὅταν

482 891 591 963 γὰρ
618 891 786 944 ταῦτα
815 890 1057 961 γένηται,
1093 891 1179 943 ἵνα
1214 891 1328 963 ἴδῃς
1352 892 1433 944 ὅτι
1456 892 1607 957 τέλός
1649 894 1783 947 ἐστι.
1814 892 1905 946 Διὸ
1939 893 2048 963 (62)

483 985 652 1053 ἔγνως
671 983 767 1054 τὴν
795 982 986 1051 σοφίαν
1012 982 1107 1035 τοῦ
1139 985 1441 1054 προφήτου,
1470 984 1562 1037 καὶ
1584 984 1683 1055 τὴν
1711 984 2051 1054 ἀποκάλυψιν

480 1073 578 1145 τὴν
601 1073 895 1143 μέλλουσαν
922 1071 1136 1125 ἔσεσθαι
1158 1074 1217 1124 ὲν
1247 1075 1366 1135 ταῖς
1396 1072 1630 1143 ἡμέραις
1656 1073 1910 1136 ἐκείναις.
1941 1074 2051 1126 Καὶ

482 1165 679 1227 πάντες
706 1165 755 1216 οἱ
783 1163 1057 1234 προφῆται
1082 1204 1097 1229 ,
1131 1163 1206 1227 ὡς
1234 1163 1566 1237 προείπομεν
1589 1204 1603 1227 ,
1648 1163 1724 1226 ὼς
1753 1164 1823 1216 τά
1850 1165 2052 1235 ἀρχαῖα

480 1257 817 1327 ἐνεφάνησαν
839 1255 973 1326 (65),
1006 1254 1175 1319 οὕτως
1207 1255 1302 1309 καὶ
1326 1256 1394 1309 τὰ
1423 1257 1480 1310 ἐν
1510 1260 1622 1320 τοῖς
1652 1257 1900 1329 ὑστέροις
1925 1275 2050 1311 και-

479 1346 923 1418 ροῖςγενήσεσθαι
955 1346 1215 1417 μέλλοντα
1248 1347 1582 1417 διαπρυσίως
1603 1348 1711 1420 (64)
1736 1348 2045 1405 ὲθέσπισαν.

547 1439 635 1494 Vl.
684 1440 821 1492 Ἀλλ’
852 1440 939 1493 ἵνα
988 1438 1060 1511 μὴ
1105 1443 1197 1492 τὸν
1259 1439 1413 1507 λόγον
1455 1439 1711 1494 ἁπάντων
1756 1441 1865 1495 τῶν
1921 1459 2053 1513 προ-

372 1550 386 1577 ι
475 1529 660 1600 φητῶν
687 1532 799 1593 τοῖς
830 1530 1068 1601 ῥήμασιν
1091 1529 1200 1601 (65)
1232 1529 1617 1601 ἀναλώσωμεν,
1641 1531 1759 1595 ἑνὸς
1790 1531 2052 1602 μνησθέν-

473 1639 585 1686 τες,
617 1622 710 1675 ἐπὶ
736 1624 798 1675 τὸ
818 1622 1175 1693 προκείμενον
1205 1621 1607 1693 ἐπανέλθωμεν.
1642 1621 1707 1674 Τί
1738 1606 1796 1675 δὲ
1823 1622 1916 1675 καὶ¹
1947 1624 2053 1677 Μι-

474 1713 634 1783 χαίας
680 1713 1078 1785 προαγορεύεις
1132 1712 1275 1767 Τάδε
1309 1713 1470 1782 λέγει
1502 1714 1735 1781 Κύριος,
1774 1712 1873 1767 ἐπὶ
1913 1712 2052 1779 τοὺς

344 1831 360 1838 -
472 1804 780 1879 προφήτας
820 1806 960 1874 τοὺς
1004 1805 1359 1872 πλανῶντας
1398 1805 1506 1871 τὸν
1546 1806 1702 1860 λαόν
1734 1824 1876 1875 μου,
1910 1807 2051 1872 τοὺς

472 1892 804 1961 δάκνοντας
829 1895 899 1948 ἐν
924 1895 1046 1961 τοῖς
1067 1896 1313 1950 ὀδοῦσιν
1337 1894 1555 1958 αὐτῶν,
1581 1895 1681 1948 καὶ
1705 1896 2047 1963 κηρύσσον-

472 2000 581 2051 τας
628 1985 720 2039 ἐπ’
758 1985 946 2040 αὑτὸν
993 1985 1273 2055 εἰρήνην·
1318 1985 1417 2038 καὶ
1457 1986 1508 2039 ei
1558 1986 1670 2039 οὐκ
1711 1985 1889 2053 ἐδόθη
1933 1984 2043 2056 (66)

471 2077 560 2141 εὶς
584 2074 650 2128 τό
690 2076 885 2145 στόμα
911 2075 1128 2141 αὐτῶν,
1171 2075 1435 2144 ἠνίασαν
1468 2073 1578 2146 (67)
1605 2076 1699 2128 ἐπ’
1730 2074 1917 2130 αὐτόν
1941 2077 2048 2130 πό-

471 2170 677 2236 λεμον.
700 2166 804 2220 Διὰ
841 2167 1014 2221 τοῦτο
1035 2166 1151 2232 νὺξ
1175 2165 1316 2236 ὑμῖν
1336 2167 1506 2220 ἔσται
1529 2165 1599 2230 ἐξ
1632 2165 1915 2234 ὁράσεως,
1945 2165 2047 2221 καὶ

472 2257 685 2310 σκοτία
727 2255 869 2325 ὑμῖν
914 2256 1087 2310 ἔσται
1128 2255 1196 2308 ἐκ
1232 2254 1538 2323 μαντείας.
1574 2254 1684 2308 Καὶ
1727 2254 1971 2309 δύσεται
2012 2257 2045 2308 ό

472 2347 644 2414 ἥλιος
662 2346 761 2401 ἐπὶ
783 2346 926 2414 τοὺς
954 2345 1281 2417 προφήτας,
1296 2346 1397 2399 καὶ
1419 2344 1795 2400 συσκοτὰσει
1817 2345 1926 2417 (68)
1949 2347 2042 2400 ἐπ’

471 2439 693 2505 αὐτοὺς
713 2441 753 2508 ή
776 2437 987 2508 ἡμέρα.
1013 2438 1123 2494 Καὶ
1146 2435 1770 2507 καταισχυνθήσονται
1789 2441 1842 2493 οἱ
1862 2437 2045 2507 ὀρῶν-

470 2548 571 2598 τες
610 2531 684 2585 τὰ
713 2532 988 2594 ἐνύπνια,
1026 2531 1124 2583 καὶ
1153 2528 1787 2599 καταγελασθήσονται
1812 2532 1866 2583 οἱ
1888 2528 2044 2600 μάν-

369 2634 372 2638 ‘
470 2636 609 2686 τεις.
661 2619 847 2672 Ταῦτα
894 2622 1401 2691 προῖστορήσαμεν,
1448 2619 1535 2674 ἵνα
1579 2619 1752 2689 γνῶτε
1801 2620 1900 2691 τὴν
1952 2621 2041 2674 ἐπ’

470 2711 713 2780 ἐσχάτων
741 2711 1113 2784 γενησομένην
1145 2710 1256 2782 (69)
1301 2709 1493 2782 ὀδύνην
1526 2712 1621 2765 καὶ
1650 2712 1918 2784 ταραχὴν,
1949 2714 2046 2767 καὶ

472 2800 694 2854 πάντων
753 2796 1054 2870 ἀνθρώπων
1115 2798 1214 2869 τὴν
1274 2798 1412 2870 πρὸς
1465 2797 1725 2871 ἀλλήλους
1783 2802 2048 2873 ἀναστρο-

472 2890 576 2963 φὴν
605 2890 715 2962 (70)
754 2891 851 2944 καὶ
876 2889 1086 2959 φθόνον,
1124 2890 1218 2944 καὶ
1265 2893 1442 2961 μῖσος,
1470 2890 1565 2944 καὶ
1610 2890 1745 2964 ἔριν,
1795 2890 1895 2962 τὴν
1937 2890 2045 2944 τῶν

470 2980 742 3052 ποιμένων
773 2980 866 3034 ἐπὶ
896 2980 1004 3033 τῶν
1037 2978 1324 3052 προϐάτων
1366 2980 1642 3051 ἀμέλειαν,
1674 2981 1768 3037 καὶ
1797 2979 1889 3033 τοῦ
1914 2979 2044 3034 λαοῦ

469 3075 607 3147 πρὸς
633 3074 760 3136 τοὺς
796 3074 960 3146 ἱερεῖς
997 3073 1365 3126 ἀνυπότακτον
1393 3072 1632 3127 διάθεσιν
1659 3071 1793 3143 (71).

537 3162 647 3219 VII.
691 3164 781 3217 Διὸ
827 3164 1026 3227 πάντες
1066 3161 1147 3234 τῷ
1197 3162 1310 3232 ἰδίῳ
1350 3160 1611 3233 θελήματι
1657 3163 2041 3234 ὲμπεριπατή-
2065 3207 2108 3265 C

467 3269 643 3311 σουσι.
668 3255 779 3308 Καὶ
803 3254 873 3308 τὰ
908 3254 1071 3308 τέκνα
1097 3255 1209 3317 τοῖς
1238 3252 1482 3322 γονεῦσιν
1510 3252 1891 3307 ἐπιϐαλοῦνται
1923 3257 2038 3326 χεῖ-

470 3364 568 3420 ρας
590 3362 604 3378 ·
636 3348 771 3419 γυνὴ
801 3347 892 3401 τὸν
939 3347 1068 3402 ῐδιον
1099 3346 1268 3418 ἄνδρα
1313 3345 1627 3419 παραδώσει
1667 3348 1747 3411 είς
1790 3347 2039 3412 θάνατον,

465 3441 560 3496 καὶ
590 3439 727 3512 ἀνὴρ
759 3439 857 3514 τὴν
885 3437 1077 3492 ἑαυτοῦ
1105 3441 1335 3508 γυναῖκα
1374 3439 1466 3493 ἐπὶ
1495 3439 1778 3511 κριτήριον
1819 3427 1937 3506 ἄξει
1965 3438 2040 3503 ὡς

466 3532 797 3587 ὑπεύθυνον·
847 3531 1100 3587 δεσπόται
1144 3534 1225 3596 εἰς
1265 3531 1393 3595 τοὺς
1428 3530 1648 3595 δούλους
1680 3529 2038 3602 ἀπάνθρωποι

464 3624 884 3696 αὐθεντήσονται
940 3623 1051 3696 (72)
1093 3623 1186 3677 καὶ
1218 3622 1391 3676 δοῦλοι
1439 3623 1577 3694 πρὸς
1606 3623 1733 3686 τοὺς
1774 3622 2039 3686 δεσπότας

463 3714 834 3770 ἀνυπότακτον
872 3713 1110 3767 διάθεσιν
1162 3711 1618 3785 περιϐαλοῦνται’
1664 3711 2036 3785 πρεσϐυτέρου

464 3803 657 3859 πολιὰν
687 3803 862 3867 οὐδεὶς
894 3803 1291 3874 αἰδεσθήσεται,
1318 3801 1411 3856 καὶ
1437 3800 1701 3873 νεωτέρου
1735 3800 1926 3865 κάλλος
1949 3801 2039 3854 οὐ-

462 3898 574 3961 δεὶς
624 3899 1032 3969 οἱκτειρήσεται
1071 3896 1203 3967 (75)ο
1233 3896 1282 3947 οἱ
1315 3894 1434 3948 ναοὶ
1477 3892 1571 3945 τοῦ
1613 3890 1745 3945 Θεοῦ
1778 3891 1853 3955 ὡς
1897 3886 2035 3945 οἴκοι

465 3988 699 4051 ἔσονται,
741 3990 836 4041 καὶ
880 3986 1251 4058 καταστροφαὶ
1277 3984 1386 4038 τῶν
1424 3983 1729 4054 ἐκκλησιῶν
1757 3982 2033 4054 πανταχοῦ

463 4082 809 4151 γενήσονται·
843 4081 899 4132 αἱ
928 4078 1142 4148 Γραφαὶ
1186 4075 1771 4147 καταφρονηθήσονται,
1806 4073 1901 4127 καὶ
1940 4072 2034 4127 τοῦ

466 4171 660 4244 ἐχθροῦ
688 4172 755 4224 τὰ
783 4170 996 4242 ᾅσματα
1018 4168 1129 4238 (74)
1158 4166 1429 4237 πανταχοῦ
1455 4165 1726 4236 ὲξᾴσουσι.
1751 4165 2031 4236 Πορνεῖαι,

465 4265 559 4319 καὶ
583 4265 835 4335 μοιχεῖαι,
854 4262 947 4314 καὶ
970 4259 1244 4330 ἐπιορκίαι
1268 4259 1401 4330 (75),
1419 4258 1517 4329 τὴν
1537 4256 1643 4327 γῆν
1662 4256 1769 4327 πλη
1776 4254 2032 4327 ρώσουσι,

465 4357 802 4428 φαρμακεῖαι
828 4355 923 4406 καὶ
939 4352 1225 4413 ἐπαοιδίαι,
1249 4351 1343 4403 καὶ
1368 4350 1613 4421 μαντεῖαι
1637 4346 1811 4400 ὀπίσω
1828 4345 2033 4399 τούτων

466 4445 709 4518 σφοδρῶς
749 4444 844 4499 καὶ
874 4440 1167 4514 προθύμως
1202 4437 1707 4510 ὲξακολουθήσουσι.
1739 4435 1851 4490 Καὶ
1896 4434 2030 4489 καθ-

2144 619 2350 687 justum
2385 618 2666 688 diripiant,
2715 618 2910 672 domos
2955 626 3009 671 et
3047 632 3242 687 agros,
3276 625 3328 670 et
3356 614 3528 684 ipsam
3551 615 3722 685 justi-

2150 710 2279 773 tiam
2309 709 2561 765 auferant
2602 725 2630 763 a
2663 709 2812 778 justo
2848 727 2861 763 :
2895 718 2953 763 ut
2980 709 3123 765 scias
3154 719 3268 762 tum
3304 708 3465 762 finem
3508 708 3722 774 adesse,

2149 802 2367 871 quando
2401 803 2515 856 haec
2538 802 2685 855 iient.
2712 801 2782 855 At
2800 811 3078 870 perspecta
3107 800 3203 855 tibi
3231 808 3315 855 est
3332 800 3608 870 prOpIieue
3637 816 3727 855 sa-

2150 892 2351 961 pientia
2401 906 2466 946 ac
2509 886 2768 945 revelatio
2812 888 2994 944 futura
3039 890 3371 959 temporibus
3399 889 3526 946 illis.
3581 889 3724 956 Quin

2151 981 2425 1052 prophetae
2455 995 2645 1035 omnes
2670 1018 2686 1042 ,
2734 980 3188 1049 quemadmodum
3228 979 3613 1050 praediximus,
3667 989 3727 1033 ut

2154 1083 2331 1129 vetera
2363 1072 2751 1144 patefecerunt,
2781 1073 2860 1127 sic
2887 1058 3280 1143 posterioribus
3307 1082 3566 1128 eventura
3590 1080 3727 1127 tem-

2152 1163 2378 1234 poribus
2406 1164 2551 1219 clare
2573 1163 2848 1218 vaticinati
2875 1172 3019 1218 sunt.

2224 1435 2312 1492 Vl.
2364 1435 2468 1492 Sed
2520 1452 2589 1492 ne
2635 1438 2985 1493 recensendis
3042 1436 3286 1492 omnium
3333 1439 3761 1509 prophetarum_

2151 1529 2333 1584 verbis
2361 1526 2663 1584 oration’em
2708 1543 3117 1596 consumamus,
3160 1529 3253 1584 ubi
3289 1531 3453 1584 unius
3484 1531 3724 1585 mentio-

2151 1634 2276 1673 nem
2328 1617 2641 1683 fecerimus,
2686 1618 2756 1673 ad
2801 1620 3138 1689 propositum
3183 1630 3542 1676 revertamur.
3583 1620 3724 1687 Quid

2152 1725 2316 1781 porro
2348 1709 2599 1766 Michaeas
2639 1726 2856 1780 quoque
2890 1711 3174 1779 praedicit?
3204 1711 3333 1767 "we
3369 1713 3499 1766 dicit
3539 1713 3725 1766 Domi-

2153 1817 2250 1855 nus
2290 1818 2447 1871 super
2486 1800 2762 1871 prophetas
2808 1802 2898 1871 qui
2942 1802 3195 1856 seducunt
3237 1802 3487 1872 populant
3529 1818 3719 1863 meum,

2150 1894 2240 1965 qui
2273 1894 2513 1947 mordent
2538 1893 2780 1947 dentibus
2804 1895 2938 1957 suis,
2967 1902 3015 1947 et
3039 1891 3331 1962 pradicant
3354 1895 3401 1947 ei
3428 1910 3646 1964 pacem;
3673 1903 3725 1947 et

2148 1985 2194 2038 si
2216 1985 2349 2039 nihil
2379 1985 2564 2039 datum
2604 1984 2765 2053 fuerit
2809 1986 2863 2037 in
2894 2001 2950 2038 os
2974 1999 3177 2050 eorum,
3201 1985 3539 2053 sanctiﬁcunt
3563 2001 3725 2053 super

2146 2092 2265 2130 eum
2296 2076 2508 2131 bellum.
2540 2075 2832 2145 Propterea
2868 2092 2973 2130 nox
3005 2077 3105 2131 erit
3131 2077 3272 2130 vobis
3294 2092 3388 2143 pro
3415 2078 3640 2141 visione,
3672 2087 3724 2131 et

2150 2167 2374 2222 tenebrae
2406 2167 2552 2222 vobis
2599 2178 2752 2222 erunt
2791 2183 2886 2237 pro
2917 2169 3262 2223 divinatione.
3300 2168 3367 2222 Et
3414 2168 3616 2222 occidet
3643 2170 3723 2223 sul

2148 2275 2307 2329 super
2330 2261 2627 2330 prophetas,
2658 2269 2707 2313 et
2737 2258 3159 2314 obtenebrabitur
3190 2277 3345 2330 super
3378 2277 3464 2314 eos
3495 2262 3624 2315 dies.
3656 2260 3722 2314 Et

2155 2347 2540 2417 confundenlur
2583 2350 2673 2419 qui
2718 2348 2891 2402 vident
2945 2350 3187 2416 somnia,
3237 2360 3288 2403 et
3348 2351 3727 2405 deridebuntur

2145 2447 2287 2492 vates
2319 2440 2389 2494 ⁸⁷.
2424 2437 2552 2494 Haec
2591 2440 3076 2510 praenarravimus,
3129 2448 3188 2493 ut
3238 2440 3552 2509 intelligetis
3597 2457 3724 2495 cru-

2144 2531 2347 2610 ciatum
2375 2538 2428 2586 et
2453 2531 2917 2600 perturbationem
2945 2531 3209 2586 extremis
3239 2530 3477 2585 futuram
3512 2540 3616 2585 tem
3630 2549 3723 2602 po-

2145 2623 2318 2689 ribus,
2349 2624 2703 2695 omniumque
2749 2625 3034 2684 hominum
3075 2624 3217 2679 inter
3245 2638 3306 2680 se
3341 2624 3552 2678 vivendi
3590 2640 3723 2679 cou-

2146 2714 2509 2781 suetudinem,
2552 2712 2833 2781 invidiam,
2886 2715 3094 2781 odium,
3139 2714 3584 2782 contentionem;
3626 2732 3725 2786 pa-

2147 2814 2357 2861 storum
2399 2806 2455 2861 in
2488 2807 2683 2862 ovibus
2710 2807 3115 2877 negligentiam,
3143 2807 3328 2879 populi
3364 2822 3493 2879 erga
3538 2823 3720 2864 sacer-

2150 2899 2307 2956 dotes
2347 2899 2589 2954 animum
2630 2900 3065 2970 immorigerum.

2216 3150 2330 3206 VII.
2361 3150 2437 3207 lta
2467 3164 2655 3207 omnes
2685 3164 2787 3205 suo
2826 3150 3094 3204 arbitratu
3134 3148 3339 3204 vivent.
3364 3147 3491 3204 Filii
3522 3163 3720 3205 manus

2142 3243 2388 3314 injicicnt
2434 3242 2488 3295 in
2536 3250 2809 3310 parentes,
2853 3254 2994 3294 uxor
3039 3239 3219 3294 virum
3265 3254 3425 3295 suum
3456 3241 3633 3303 tradet
3663 3241 3717 3294 in

2140 3340 2410 3395 mortem;
2452 3331 2536 3384 vir
2575 3344 2798 3384 uxorem
2845 3343 3023 3394 suam,
3050 3336 3111 3383 ut
3138 3343 3308 3393 ream,
3342 3329 3521 3383 trahet
3544 3328 3599 3383 in
3625 3330 3717 3399 ju-

2140 3423 2365 3489 dicium,
2415 3422 2622 3478 domini
2674 3423 2730 3476 in
2773 3435 2963 3477 servos
3017 3436 3150 3477 suos
3192 3431 3355 3477 erunt
3407 3423 3733 3489 inhumani,

2139 3515 2282 3571 servi
2336 3515 2392 3569 in
2442 3515 2696 3571 dominos
2749 3516 2994 3570 animum
3054 3523 3242 3585 gerent
3294 3516 3716 3582 inobedientem,

2139 3608 2287 3665 senis
2326 3608 2584 3664 canitiem
2635 3623 2797 3663 nemo
2833 3609 3192 3676 reverebitur,
3222 3608 3482 3679 juvenilis
3530 3609 3725 3665 forma:

2141 3715 2306 3756 nemo
2351 3700 2738 3770 miserebitur,
2768 3701 2966 3772 templa
3012 3701 3195 3756 divina
3225 3700 3514 3757 domorum
3548 3702 3721 3758 instar

2139 3802 2321 3862 erunt,
2357 3795 2494 3850 locis
2533 3793 2786 3849 omnibus
2829 3794 3143 3850 eversiones
3176 3793 3308 3848 fient
3335 3795 3717 3860 ecclesiarum,

2138 3889 2434 3961 Scriptura:
2451 3897 2892 3953 contemnemur,
2913 3888 3086 3942 hostis
3116 3886 3265 3941 illius
3282 3886 3494 3941 cantica
3516 3887 3720 3957 ubique

2136 3964 2525 4038 decantabunt.
2567 3979 2702 4035 Post
2740 3980 2855 4033 haec
2891 3989 3104 4048 stupra,
3132 3976 3423 4041 adulteria,
3452 3976 3722 4046 perjuria.

2133 4074 2437 4144 implebunt
2450 4082 2647 4126 terram
2667 4089 2681 4138 ;
2702 4071 3121 4135 incantationes,
3135 4055 3500 4123 divinationes
3515 4082 3727 4137 magno

2136 4167 2341 4235 impetu
2372 4163 2666 4233 studioque
2704 4169 3021 4231 sequentur.
3072 4158 3131 4213 In
3175 4172 3412 4223 summa,
3436 4159 3594 4213 exiis
3621 4161 3721 4228 qui

2137 4252 2436 4311 Christiani
2486 4253 2760 4318 videntur,
2791 4260 2920 4304 tunc
2960 4255 3254 4316 exsurgent
3282 4245 3404 4300 falsi
3439 4247 3723 4317 prophetae

2132 4344 2366 4415 falsique
2389 4343 2649 4413 apostoli,
2682 4342 2934 4396 homines
2964 4340 3315 4409 impostores,
3338 4347 3718 4408 corruptores,

2132 4435 2390 4502 malefici,
2415 4435 2743 4489 mentientes
2765 4431 2906 4486 alius
2926 4431 2979 4485 in
3010 4429 3201 4492 alium,
3225 4418 3477 4495 adulteri,
3495 4439 3720 4498 stupra-

463 4539 583 4592 ὀλου
606 4517 729 4591 γύπὺ
755 4537 864 4591 τῶν
890 4533 1189 4589 δοκούντων
1222 4529 1362 4586 εἶναι
1390 4528 1706 4603 Χριστιανοὶ
1734 4526 1867 4599 (76),
1909 4528 2031 4582 τότε

2147 4536 2309 4591 tores,
2335 4541 2583 4596 rapaces,
2609 4524 2781 4590 avari,
2799 4522 3460 4596 perjuri,detraclores,se
3479 4517 3718 4574 invicem

462 4630 846 4704 ἐγερθήσονται
904 4627 1016 4701 (77)
1060 4625 1525 4697 ψευδοπροφῆται,
1573 4618 2032 4692 ψευδαπόστολοι,

2147 4620 2274 4679 odio
2297 4621 2576 4674 habentes.
2600 4615 2858 4673 Pastores
2888 4614 3018 4671 fient
3046 4610 3206 4684 quasi
3231 4610 3367 4680 lupi,
3399 4608 3715 4665 sacerdotes

534 4795 577 4829 ⁸⁷
607 4795 770 4854 Mich.
802 4812 886 4862 ιιι,
931 4797 985 4862 5,
1010 4793 1066 4859 6,
1098 4792 1148 4851 7.

531 4957 645 5028 (6i)
674 4958 782 5028 -Ἕκ
804 4954 898 5028 τοῦ
930 4954 1161 5028 δικαίου,
1193 4952 1256 5008 Β.

536 5025 647 5098 (62)
673 5026 808 5082 lbid.
843 5027 995 5081 deest
1025 5025 1126 5080 διό.

532 5098 644 5170 (65)
666 5099 950 5170 ῌροεζπον,
978 5098 1039 5151 Β.
1060 5167 1068 5170 _
1294 5164 1305 5170 _
1392 5154 1395 5159 _

531 5162 1167 5240 (64)1ιὶ.,-διαπυρσίως,
1212 5164 1308 5221 sed
1351 5163 1621 5219 editorum
1660 5162 1817 5218 codd.
1866 5162 2029 5218 lectio

460 5236 606 5297 recte
626 5236 696 5295 se
717 5236 896 5293 habet.
985 5236 996 5239 “
1748 5268 1751 5271 -

533 5311 649 5383 (65)
682 5311 902 5383 llectius
948 5308 1006 5361 in
1045 5322 1151 5364 ms.
1184 5306 1272 5371 E.,
1315 5304 1472 5373 λόγον
1517 5302 1731 5358 ἅπαντα
1757 5304 1869 5367 τοῖς
1912 5300 2022 5355 τῶν

461 5381 752 5456 προφητῶν
786 5383 851 5456 pf,
861 5394 1041 5456 μασιν.

533 5445 645 5525 (66)
671 5445 896 5525 bis-BS,
930 5449 1029 5503 καὶ
1051 5447 1151 5503 ούκ
1181 5445 1356 5525 ἐδόθη..

528 5515 640 5593 (67)
674 5521 803 5592 Leg.
835 5521 1083 5592 ἡγειραν,
1117 5519 1197 5593 vel
1229 5515 1436 5593 potius,
1464 5524 1527 5593 ut
1555 5515 1608 5571 in
1648 5515 1734 5580 Β.,
1760 5515 2020 5593 ἤγγισαν.

460 5586 568 5647 Sed
608 5586 662 5647 in
690 5586 1012 5647 eodeni'm’s.
1048 5590 1209 5657 male,
1230 5586 1332 5641 Ἐπ’
1362 5586 1561 5653 αὐτῶν,
1591 5596 1645 5643 et
1672 5586 1797 5642 mox
1829 5586 2026 5657 ἀγορά-

458 5678 596 5727 σεως
634 5678 730 5734 pro
757 5662 1021 5734 ὁράσεως.

527 5734 639 5803 (68)
668 5731 949 5803 Σκοτάσει,
963 5731 1032 5803 Β.

530 5796 642 5875 (69)
673 5803 823 5859 Alter
863 5800 978 5858 Pici
1023 5800 1226 5885 codex,
1252 5800 1556 5885 γεγονεῖαν,
1582 5798 1676 5857 sed
1708 5797 1794 5863 Β.,
1828 5796 2023 5874 ἐσομέ-

457 5885 576 5947 νην.

2209 4950 2322 5021 (70)
2358 4948 2463 5021 Pro
2508 4943 2815 5021 verbisﬁ‘hv
2854 4941 2993 5021 πρὸς
3032 4940 3299 5021 ἀλλήλους
3338 4936 3703 5007 ἀναστροφὴν,

2137 5011 2262 5077 in'B
2304 5011 2398 5093 ἐξ
2429 5011 3226 5093 διαστρσιὴγζκαῖο’φθοράν-ξ.
3360 5076 3373 5093 ,

2207 5072 2551 5161 (ἣιγὲἑοίιοηι
2578 5072 2631 5161 in
2660 5072 2992 5161 ὸράίοερριο
3004 5072 3184 5161 verbis
3202 5072 3753 5161 quammagis—3

2135 5143 2316 5227 θεὰίκὶί
2337 5143 2531 5231 legitur
2568 5155 2811 5231 ἀταξίανο
2846 5143 2954 5231 κει)
2998 5147 3297 5231 γον.ετς,ῖέι,
3325 5146 3499 5231 τέκνα.
3780 5190 3786 5203 ι

2136 5217 2305 5295 σουσι,
2339 5217 2432 5284 κᾶι
2456 5229 2623 5283 τέκνα
2653 5217 2766 5290 τρῖς
2795 5217 3459 5295 γονεῦσιν-ἐπιδάλλονται
3491 5217 3699 5295 χεῖρας.
3776 5248 3783 5285 ’-

2791 5281 3005 5371 δούλους
3048 5284 3439 5357 ἀπανθρωπίαν
3473 5281 3705 5351 κτήσον-

2132 5365 2240 5428 ται.
2280 5365 2354 5427 lta
2380 5380 2433 5424 et
2455 5365 2591 5424 alter
2613 5366 2726 5421 Pici
2748 5365 2940 5420 codex.

2206 5443 2319 5512 (75)
2349 5439 2712 5512 ρίκτειρήσει,

2205 5488 2940 5583 (ﬂiialsaabpernicio‘sa
2961 5500 3238 5583 dogmata.
3265 5491 3434 5558 Infra,
3464 5505 3582 5561 cap.
3606 5488 3705 5557 £5,

2132 5568 2232 5655 pro
2256 5568 2476 5655 ἐχθροῦ,
2544 5578 2599 5655 in
2631 5568 2835 5655 Β.,-,εει
2850 5568 3134 5655 areanos,

2205 5632 2524 5723 ('76,)Vverha
2552 5648 2647 5716 τὴν
2679 5632 2781 5714 γῆν
2810 5638 3177 5711 πληρώσουσι,
3211 5632 3546 5709 φαρμακεῐαι
3570 5643 3704 5698 sup-

2131 5721 2467 5797 νιειίθξβ·
2624 5784 2648 5797 -
2747 5785 2758 5797 .

2209 5785 2828 5861 nominarem“:
2905 5846 2938 5861 ,Α
3040 5846 3145 5861 η..

2349 5843 2624 5935 Ἔσονται,
2657 5843 2746 5917 Β..
2782 5859 2836 5908 et
2872 5846 3007 5936 alter
3038 5846 3151 5906 Pici
3184 5843 3379 5903 c0,ch
