4090 6390
358 376 463 430 921

1285 365 1560 422 SPURIA.
1597 395 1669 409 -
1702 364 1792 421 DE
1828 360 2431 420 CONSUMMATIONE
2464 359 2704 416 MUNDI.

3520 356 3623 416 92‘».

354 491 549 549 αὐτοῦ
575 491 824 561 ἐσείσθη
848 488 1015 546 πᾶσα
1035 490 1073 557 ἡ
1100 486 1194 559 γῆ.
1217 490 1327 543 Καὶ
1350 489 1510 543 πάλιν
1532 487 1771 558 Μωῡσῆς
1794 500 1925 557 φησι

2053 492 2194 537 terra
2230 482 2294 538 θ’.
2343 480 2406 536 Et
2450 496 2644 536 rursus
2674 477 2888 550 Moyses
2926 477 3142 550 inquit:
3193 476 3417 534 Catulus
3455 481 3620 534 .eonis

358 588 639 657 Σκύμνος
662 586 910 652 λέοντος
943 585 1096 649 Aine,
1140 585 1237 638 καὶ
1274 585 1381 657 (56)
1432 582 1834 652 ἐκπηδήσεται
1875 581 1942 634 ἐκ

355 680 468 733 τοῦ
492 677 717 733 Βασάν.
766 676 902 730 Ἀλλ’
920 677 1007 730 ἵνα
1031 678 1102 749 μή
1120 694 1205 740 τις
1227 677 1403 748 σφαλῇ
1433 674 1673 747 περὶτοῦ
1694 674 1943 745 Σωτῆρος

358 768 616 839 εἰρῆσθαι
644 767 706 821 τὸ
735 766 895 838 ῥητὸν
929 765 1108 830 τοῦτο,
1140 767 1489 836 ἐπιστησάτω
1520 765 1611 817 τὸν
1638 762 1761 816 νοῦν
1805 760 1937 833 (57).

357 860 502 924 Adv,
518 858 667 929 φησὶ,
687 858 954 927 σκύμνος
971 857 1237 923 λέοντος·
1258 856 1353 929 τὴν
1376 855 1545 926 φυλὴν
1560 853 1831 926 ὀνομάσας
1845 852 1939 906 τοῦ

360 955 491 1016 Δάν,
521 950 813 1020 ὲσαφήνισε
836 949 900 1002 τὸ
927 949 1308 1020 προκείμενον,
1339 947 1399 1013 ἐξ
1431 944 1500 1021 ἧς
1535 946 1716 1019 μέλλει
1749 947 1778 998 6
1821 946 1938 999 διά-

361 1040 516 1103 ϐολος
564 1030 877 1107 γεννᾶσθαι.
927 1038 1137 1108 Ὥσπερ
1185 1036 1292 1108 γὰρ
1338 1035 1450 1109 (58)
1504 1038 1569 1088 ἐκ
1612 1034 1713 1105 τῆς
1766 1033 1940 1104 φυλῆς

372 1130 541 1185 Ἰούδα
572 1130 826 1199 γεννᾶται
854 1130 883 1183 ὁ
909 1130 1165 1200 Χριστὸς,
1201 1127 1373 1191 οὕτως
1402 1128 1466 1180 ὲκ
1494 1126 1595 1198 τῆς
1634 1126 1739 1179 Δὰν
1767 1124 1937 1196 φυλῆς

362 1223 677 1293 γεννήσεται
708 1222 737 1275 6
774 1221 1160 1292 Ἀντίχριστος.
1199 1219 1304 1273 Τοῦ
1341 1220 1438 1290 μὲν
1464 1218 1667 1290 Κυρίου
1700 1216 1794 1270 καὶ
1825 1216 1938 1269 Σω-

351 1314 524 1385 τῆρος
540 1312 695 1385 ἡμῶν
710 1313 884 1386 Ἰησοῦ
902 1312 1139 1386 Χριστοῦ
1160 1312 1292 1366 Υίοῦ
1312 1312 1405 1366 τοῦ
1424 1310 1580 1376 Θεοῦ,
1605 1310 1690 1364 διά
1706 1309 1764 1363 τὸ
1789 1308 1936 1380 βασι-

350 1404 505 1458 λικὸν
524 1406 620 1460 καὶ
649 1405 877 1472 ἔνδοξον,
894 1406 1106 1470 λέοντος
1127 1414 1370 1478 προκεκη
1379 1405 1643 1476 ρυγμένου
1664 1426 1672 1435 ·
1697 1402 1774 1473 τῷ
1786 1401 1933 1474 αὐτῷ

346 1496 541 1569 τρόπῳ
556 1496 756 1551 καὶτὸν
771 1496 1014 1552 διάϐολον
1033 1496 1232 1568 ὁμοίως
1250 1496 1436 1550 λέοντα
1458 1494 1931 1566 προανηγόρευσεν

347 1589 383 1658 ἡ
420 1588 611 1660 Γραφή
648 1588 755 1662 (59)
788 1588 878 1643 διά
912 1589 975 1642 τὺ
1001 1588 1320 1660 τυραννικὸν
1350 1587 1514 1642 αὐτοῦ
1538 1587 1631 1640 καὶ
1662 1586 1856 1657 βίαιον.

316 1667 322 1671 ⁴
422 1679 544 1735 XX.
577 1680 734 1735 Κατά
758 1680 935 1735 πάντα
961 1680 1069 1752 γάρ
1086 1678 1459 1751 ἐξομοιοῦσθαι
1479 1678 1723 1749 βούλεται
1744 1679 1771 1731 6
1793 1675 1930 1730 πλά-

2052 573 2193 639 Dan,
2224 583 2273 628 et
2302 573 2506 627 exsiliet
2530 590 2557 627 ε
2594 572 2774 626 Βαεαη
2802 572 2866 624 ⁸³.
2907 570 2970 625 Ει
2997 588 3064 627 ne
3090 572 3214 642 quis
3239 573 3384 626 dicat
3417 572 3621 627 dictum

2049 665 2155 719 hoc
2204 663 2272 718 ad
2320 662 2654 718 Salvatorem
2706 664 3014 734 pertinere,
3072 663 3315 717 attendat
3356 664 3620 720 animum.

2047 755 2190 820 Dan,
2222 755 2419 824 inquit,
2444 754 2654 810 catulus
2684 754 2847 809 leonis
2874 770 2890 809 :
2918 748 3265 824 perspicuum
3290 755 3469 819 reddit
3496 771 3624 825 pro-

2045 846 2303 915 positum,
2337 846 2612 901 nominata
2642 847 2781 901 tribu
2815 847 2927 900 Dan
2947 887 2961 909 ,
2992 846 3058 901 de
3089 861 3195 916 qua
3229 855 3482 900 nascetur
3507 847 3624 901 dia-

2048 935 2223 989 bolus.
2251 933 2721 1001 Quemadmodum
2759 935 2902 989 enim
2931 949 2961 988 e
2987 935 3125 989 tribu
3167 932 3304 988 Juda
3335 945 3495 990 natus
3540 947 3623 992 est

2045 1028 2298 1083 Christus
2325 1070 2340 1092 ,
2394 1028 2468 1083 ita
2519 1037 2772 1082 nascetur
2808 1043 2839 1082 e
2881 1027 3021 1082 tribu
3068 1026 3183 1081 Dan
3228 1026 3617 1083 Antichrislus.

2046 1120 2293 1191 Cumque
2316 1120 2581 1176 Dominus
2605 1136 2669 1177 ac
2705 1121 2952 1175 Salvator
2976 1130 3162 1175 noster
3190 1119 3349 1175 Jesus
3371 1121 3621 1176 Christus

2043 1211 2218 1266 Filius
2241 1211 2333 1265 Dei
2362 1221 2575 1282 propter
2605 1214 2805 1282 regiam
2837 1221 2891 1266 et
2926 1212 3189 1266 illustrem
3225 1222 3499 1278 naturam,
3537 1214 3650 1269 ιω

2041 1304 2111 1357 sit
2152 1313 2276 1357 ante
2318 1304 2670 1374 praedicatus;
2726 1303 2913 1362 eodem
2966 1304 3128 1357 modo
3176 1302 3454 1373 Scriptura
3499 1306 3618 1361 dia-

2038 1393 2222 1446 bolum
2263 1395 2333 1448 ob
2369 1395 2707 1465 tyrannicam
2751 1411 2816 1450 ac
2853 1396 3144 1451 violentam
3182 1395 3457 1462 indolem,
3500 1396 3615 1452 leo-

2040 1500 2163 1538 nem
2198 1486 2448 1540 similiter
2468 1485 2584 1541 fore
2607 1487 2939 1557 praadicavit.

2107 1664 2229 1720 XX.
2268 1663 2428 1733 Nam,
2456 1664 2557 1738 per
2606 1668 2789 1724 omnia
2836 1671 3089 1726 seductor
3134 1670 3225 1727 ille
3267 1671 3383 1726 vult
3415 1670 3617 1727 imitari

345 1789 443 1836 νος
471 1771 551 1842 τῷ
580 1772 696 1843 Υἱῷ
742 1771 837 1827 τοῦ
877 1771 1033 1827 Θεοῦ.
1062 1772 1213 1825 Λέων
1245 1772 1273 1823 6
1297 1770 1531 1843 Χριστὸς
1553 1812 1568 1836 ,
1610 1771 1704 1824 καὶ
1731 1769 1867 1822 λέων
1898 1770 1927 1822 6

2035 1758 2231 1814 Filium
2270 1759 2387 1817 Dei.
2454 1760 2564 1816 Leo
2605 1761 2886 1827 Christus,
2931 1763 3018 1818 leo
3064 1780 3282 1835 quoque
3337 1766 3614 1823 Antichri-

356 1841 745 1936 Ἀντίχριστός.
768 1865 1026 1929 Βασιλεὺς
1053 1868 1083 1919 6
1115 1841 1363 1935 Χριστὸς
1380 1865 1489 1919 τῶν
1528 1864 1792 1936 οὐρανίων
1819 1862 1928 1935 (40)

2036 1857 2175 1903 stus.
2212 1847 2461 1904 Christus
2488 1866 2580 1905 rex
2606 1852 2906 1931 caelestium
2935 1863 3096 1923 atque
3131 1857 3490 1925 terrestrium,
3519 1875 3614 1913 rex

302 1938 309 1949 ’
343 1956 445 2010 καὶ
470 1956 755 2025 ἐπιγείων,
786 1959 879 2011 καὶ
915 1955 1169 2027 βασιλεὺς
1194 1957 1480 2028 γενήσεται
1505 1957 1599 2009 ἐπὶ
1625 1956 1730 2026 γῆς
1762 1957 1789 2008 6
1815 1956 1933 2008 Ἀν-

340 2048 644 2119 τίχριστος.
694 2048 939 2120 Ἐδείχθη
984 2051 1013 2103 ὁ
1053 2050 1249 2122 Σωτὴρ
1293 2049 1369 2113 ὡς
1411 2048 1615 2120 ἀρνίον,
1650 2047 1743 2100 καὶ
1774 2045 1934 2111 αὐτὸς
1986 2063 1991 2069 ’

342 2140 648 2211 φανήσεται
663 2139 738 2203 ὡς
763 2138 969 2211 ἀρνίον,
987 2138 1147 2203 λύκος
1163 2138 1238 2192 ὣν
1258 2137 1487 2191 ἔνδοθεν.
1507 2137 1563 2189 Ἐ
1571 2153 1680 2207 μπε
1688 2152 1799 2207 ριτε
1808 2135 1934 2206 μνό-

345 2246 512 2306 μενος
542 2232 571 2284 6
596 2230 789 2303 Σωτὴρ
811 2230 1022 2300 γέγονε,
1054 2231 1148 2285 καὶ
1176 2230 1338 2293 αὐτὸς
1386 2228 1586 2301 ὁμοίως
1610 2227 1721 2298 (41)
1752 2229 1809 2281 ὲν
1832 2244 1932 2280 πε-

338 2326 542 2396 τιτομῇ
578 2324 922 2395 γεννήσεται.
970 2323 1314 2377 Ἀπέστειλεν
1342 2323 1617 2393 ὁΧριστὸς
1641 2323 1769 2386 τοὺς
1799 2322 1934 2375 ἀπο-

181 2453 198 2473 .
307 2420 311 2424 ’
343 2416 567 2481 στόλους
599 2418 682 2481 είς
714 2417 897 2471 πάντα
932 2417 1001 2470 τὰ
1025 2416 1174 2490 ἔθνη,
1218 2417 1313 2471 καὶ
1341 2416 1500 2480 αὐτὸς
1544 2404 1744 2486 ὁμοίως
1794 2414 1933 2485 πέμ-

278 2531 282 2534 ⁴
339 2508 435 2576 ψει
459 2508 946 2579 ψευδαποστόλους.
971 2510 1259 2581 Συνήγαγε
1278 2508 1348 2562 τά
1366 2508 1771 2579 ἐσκορπισμένα
1800 2506 1934 2578 πρό-

341 2597 486 2651 ϐατα
516 2600 545 2651 6
572 2598 828 2669 Χριστὸς,
852 2599 947 2652 καὶ
969 2599 1132 2660 αὐτὸς
1163 2599 1363 2669 ὁμοίως
1385 2597 1599 2665 συνάξει
1627 2597 1717 2650 τὸν
1737 2584 1931 2668 ἐσκορ-

342 2675 607 2758 πισμένον
634 2688 761 2744 λαὸν
791 2689 899 2743 τὼν
933 2690 1198 2762 Ἐϐραίων
1216 2690 1348 2762 (42).
1383 2691 1619 2744 Ἔδωκεν
1639 2691 1667 2741 6
1697 2678 1932 2760 Χριστὸς

340 2780 457 2841 τοῖς
479 2780 559 2842 εἰς
585 2779 750 2833 αὑτὸν
772 2779 1087 2834 πιστεύουσι
1109 2781 1199 2835 τὸν
1220 2781 1398 2851 τίμιον
1424 2780 1516 2834 καὶ
1546 2776 1928 2850 {donamus}

342 2868 600 2941 σταυρὸν,
629 2871 725 2924 καὶ
748 2870 911 2934 αὐτὸς
938 2872 1140 2942 ὁμοίως
1171 2871 1330 2925 δώσει
1364 2872 1425 2924 τὸ
1459 2870 1650 2924 ἑαυτοῦ
1684 2872 1926 2941 σημεῖον.

354 2961 444 3013 Ἐν
474 2962 713 3032 σχήματι
742 2960 1032 3034 ἀνθρώπου
1064 2962 1238 3033 ἐφάνη
1270 2965 1298 3016 6
1344 2962 1576 3034 Κύριος,
1630 2963 1724 3015 καὶ
1768 2961 1930 3023 αὐτὸς

337 3054 542 3125 ὁμοίως
558 3056 616 3107 ὲν
637 3057 875 3126 σχήματι
891 3055 1179 3128 ἀνθρώπου
1203 3048 1541 3129 ἐξελεύσεται
1564 3054 1692 3125 (44).
1712 3055 1806 3107 Ἐκ
1822 3052 1928 3106 τῶν

350 3143 620 3217 Ἐϐραίων
650 3147 679 3199 6
705 3146 942 3218 Χριστὸς
969 3146 1228 3212 ἀνέτειλε,
1259 3147 1352 3200 καὶ
1382 3145 1540 3209 αὐτὸς
1573 3145 1633 3210 ἐξ
1665 3145 1928 3225 Ἰουδαίων
1956 3183 1997 3241 C

199 3297 226 3317 ο
328 3236 679 3316 γεννήσεται.
708 3236 1001 3304 Ἀνέδειξεν
1020 3239 1131 3312 (45)
1155 3242 1182 3292 6
1202 3238 1554 3311 Χριστδςτὴν
1587 3238 1721 3292 ἰδίαν
1748 3239 1926 3310 σάρκα

328 3310 415 3392 ’ὡς
429 3329 573 3395 ναὸν,
597 3330 693 3393 κα).
715 3331 981 3403 ἀνέστησε
997 3310 1315 3404 τριήμερόν,
1330 3333 1423 3386 καὶ
1442 3332 1602 3395 αὐτὸς
1617 3332 1924 3404 -ἀναστὴσει

333 3421 430 3475 τὸν
462 3423 521 3475 ὲν
548 3421 939 3494 Ἱεροσολύμοις
973 3424 1174 3479 λίθινον
1205 3424 1350 3478 ναόν.
1387 3425 1498 3478 Καὶ
1527 3424 1700 3478 ταῦτα
1737 3424 1837 3495 μὲν
1859 3425 1925 3478 τά

258 3530 263 3536 ·
335 3511 517 3565 πλάνα
549 3511 717 3567 αὐτοῦ
741 3515 1114 3587 τεχνάσματα,
1153 3518 1209 3568 ἐν
1241 3519 1351 3580 τοῖς
1384 3513 1512 3585 ἑξῆς
1543 3515 1928 3587 δηλωθησομέ-

320 3621 449 3667 ινοις
468 3606 685 3677 ἐμφανῆ
706 3609 1027 3680 γενήσονται
1051 3609 1164 3673 τοῖς
1182 3607 1446 3679 νουνεχῶς
1465 3610 1496 3679 ὴ
1508 3607 1623 3679 μῶν
1644 3606 1918 3662 ἀκούουσι.

408 3696 549 3754 XXI.
579 3701 687 3754 Καὶ
705 3701 810 3775 γὰρ
827 3701 921 3756 δύο
949 3703 1251 3774 παρουσίας
1270 3702 1366 3757 τοῦ
1384 3702 1621 3775 Χριστοῦ
1641 3704 1734 3757 καὶ
1747 3703 1923 3774 Σωτῆ-

334 3782 435 3860 ρος
449 3788 537 3844 διὰ
565 3789 672 3846 τῶν
694 3792 926 3862 Γραφῶν
939 3793 1189 3866 ἐδιδάχθη
1199 3812 1316 3865 μεν.
1340 3795 1450 3847 Καὶ
1473 3793 1572 3866 μὲν
1593 3793 1782 3867 πρώτη
1807 3794 1919 3868 (46)

335 3881 480 3936 κατά
508 3882 685 3954 σάρκα
730 3886 1072 3957 γεγενημένη
1116 3887 1150 3956 ἡ
1179 3886 1409 3957 ἄτιμος,
1442 3885 1531 3955 διὰ
1572 3886 1633 3939 τὸ
1669 3886 1921 3942 ταπεινὸν

333 3971 614 4043 δειχθῆναι
636 3975 832 4028 αὐτόν·
863 3975 1037 4040 οὕτως
1064 3977 1161 4030 καὶ
1195 3979 1229 4048 ἡ
1250 3972 1477 4049 δευτέρα
1507 3977 1672 4031 αὑτοῦ
1717 3996 1922 4050 παρου-

339 4063 431 4117 σία
463 4066 803 4137 κεκήρυκται
843 4069 901 4123 ὲν
930 4068 1056 4140 δόξῃ
1082 4110 1097 4133 ,
1137 4070 1213 4133 ὡς
1242 4071 1504 4140 πάρεστιν
1539 4071 1646 4123 ἀπὸ
1680 4070 1923 4142 οὐρανῶν

337 4155 479 4226 μετά
512 4157 815 4228 δυνάμεως,
843 4160 939 4212 καὶ
967 4160 1249 4230 ἀγγέλων,
1281 4161 1376 4214 καὶ
1427 4162 1699 4232 πατρικῆς
1743 4162 1921 4231 δόξης.

347 4246 416 4302 Ἦ
447 4242 544 4321 μὲν
574 4248 764 4322 πρώτη
798 4249 964 4305 αὐτοῦ
999 4251 1293 4322 παρουσία,
1332 4252 1583 4320 Ἰωάννην
1609 4251 1700 4304 τὸν
1731 4251 1927 4303 Βαπτι-

336 4341 471 4413 στὴν
495 4336 608 4412 εἶχε
633 4340 939 4414 πρόδρομον
959 4359 972 4372 ·
1007 4344 1040 4414 ἡ
1072 4342 1129 4395 δὲ
1155 4341 1382 4414 δευτέρα
1412 4342 1598 4407 αὐτοῦ,
1646 4344 1702 4395 ἐν
1796 4342 1924 4413 μέλ-

334 4431 418 4486 λει
445 4431 698 4506 ἔρχεσθαι
722 4434 792 4486 ὲν.
814 4433 963 4506 δόξῃ,
1007 4433 1200 4505 Ἐνὼχ,
1232 4436 1326 4487 καὶ
1370 4433 1576 4499 Ἠλίαν,
1611 4435 1705 4487 καὶ
1743 4434 1924 4487 Ἰωάν-

333 4539 434 4596 νην
450 4523 543 4579 τὸν
563 4524 815 4595 θεολόγον
843 4524 955 4596 (47)
1001 4523 1290 4590 ἀναδείξει.
1318 4525 1429 4577 Καὶ
1456 4524 1561 4595 δρα
1600 4522 1695 4577 τοῦ
1719 4522 1923 4576 Δεσπό-

407 4668 453 4700 ⁶²
476 4664 678 4723 Jerem.
709 4677 830 4734 vu‘,
871 4666 962 4723 16.
1038 4666 1084 4699 ⁸³
1116 4664 1273 4721 Deut.
1305 4665 1610 4727 nmmum.

430 4806 518 4868 ’56)
555 4804 715 4861 Deest
741 4804 837 4860 καί
877 4806 933 4859 in
965 4804 1053 4860 Β.-

431 4874 521 4947 ΞἹ)
554 4875 658 4947 ld.,
683 4875 1034 4947 ἐπιστησάτω
1059 4875 1152 4928 τὸν
1170 4874 1382 4947 ,ἑαυτοῦ
1412 4874 1541 4947 νοῦν
1566 4875 1829 4947 ἀκριϐῶς.

435 4942 525 5019 €58)
554 4942 882 5019 Id-meé
900 4942 1018 5019 1&9
1041 4947 1107 5019 ἐκ
1131 4945 1230 5019 ῖῇς
1258 4943 1442 5019 Ἰορδα,
1458 4942 1689 5019 φρλῆεὸ
1718 4946 1920 5019 ﬁdem;

332 5014 614 5115 ἡμῶνκαὶ
654 5014 861 5139 Σωτὴρ
900 5014 1108 5087 Ἰησοῦς
1145 5014 1381 5087 Χριστὸς
1419 5016 1448 5067 6
1490 5014 1617 5079 Υιδς
1653 5016 1747 5069 τοῦ
1784 5014 1917 5070 Θεοῦ

332 5087 624 5139 γεννᾶται.
678 5086 773 5139 καὶ
841 5084 896 5139 ιὰ
936 5086 999 5139 τὸ
1042 5085 1317 5139 Βασιλικὺν
1366 5086 1459 5138 καὶ
1475 5085 1682 5139 ἔνδοξον
1706 5085 1917 5139 λέοντος

331 5084 624 5158 γεννᾶται,
796 5084 896 5139 διὰ
936 5084 999 5158 τὸ
1041 5084 1333 5158 βασιλικὸνΔ
1366 5085 1682 5158 καιὲνδοξον
1706 5085 1920 5148 λέοντος

335 5155 883 5229 προκεκηρυγμένον·
919 5155 1103 5213 minus
1152 5157 1289 5229 bene
1321 5155 1396 5210 ita
1425 5156 1683 5213 librarius
1735 5158 1916 5212 Ineunt

287 5246 290 5248 τ
333 5226 396 5284 in
419 5226 482 5281 B.
511 5226 855 5297 perturbavit
884 5240 948 5281 ac
977 5227 1242 5297 corrupit.
1934 5276 1941 5281 .

408 5294 537 5369 (59)
554 5295 708 5369 Alter
744 5294 861 5353 Pici
900 5296 1071 5369 codex
1112 5294 1167 5369 et
1202 5294 1264 5369 Β.
1288 5336 1305 5361 ,
1344 5298 1822 5369 προανηγόρευσαν
1861 5297 1919 5349 at

335 5364 555 5441 Γραφαὶ
576 5409 592 5433 ,
634 5367 699 5420 τὸ
737 5365 1063 5439 τυραννικὸν
1100 5366 1264 5423 αὑτοῦ
1294 5364 1399 5420 καί
1427 5364 1600 5436 βίαιον
1629 5364 1921 5438 δηλοῦντες

335 5437 656 5509 (δηλοῦσαι).
929 5507 937 5509 Α
1442 5506 1446 5509 _

457 5455 656 5492 ουσαιι.

335 5437 393 5513 (δ’
424 5437 656 5509 λοῦσαι).
813 5437 821 5439 ἡ

387 5457 519 5576 ἵ(40)
554 5508 651 5575 B.,,
674 5507 1038 5576 ἐπουρανίων.

432 5579 519 5650 41)
551 5579 769 5649 Insigne
802 5576 916 5650 hoc
966 5579 1400 5650 supplementum
1448 5595 1513 5635 ex
1541 5576 1603 5645 B.
1648 5581 1910 5635 accessit;

338 5649 654 5723 namjerba
678 5649 976 5720 φανήσεται
995 5650 1070 5713 ὡς
1092 5649 1299 5721 ἀρνίον,
1327 5666 1502 5723 usque
1529 5649 1593 5704 ad
1632 5649 1724 5703 καὶ
1755 5650 1914 5714 αὐτός

339 5719 392 5774 in
418 5718 579 5773 editis
606 5718 854 5775 aberant.

410 5789 519 5858 (42)
550 5788 671 5843 Τῶν
716 5787 999 5858 Ἰουδαίων,
1035 5786 1095 5843 Β.

2036 1942 2198 1995 etiam
2228 1953 2486 1999 nascetur
2513 1960 2676 2013 super
2709 1954 2906 1999 terram
2952 1947 3340 2005 Antichristus.
3374 1949 3616 2008 Demon-

2037 2043 2242 2091 stratus
2301 2044 2381 2092 est
2415 2036 2687 2117 .Salvator
2730 2047 2788 2094 ut
2836 2056 3045 2110 agnus,
3094 2043 3210 2112 ipse
3251 2060 3469 2115 quoque
3512 2062 3614 2117 ap-

2034 2127 2247 2198 parebit
2297 2137 2356 2183 ut
2412 2146 2623 2200 agnus,
2680 2133 2828 2187 intus
2882 2142 3065 2188 autem
3120 2135 3280 2205 lupus
3316 2139 3437 2192 erit.
3495 2139 3618 2194 Cir-

2036 2220 2316 2276 cumcisus
2372 2233 2454 2276 est
2491 2221 2773 2289 Salvator,
2826 2224 2940 2294 ipse
2986 2238 3238 2282 nascetur
3276 2230 3329 2283 in
3376 2230 3616 2285 circum-

2033 2314 2259 2370 cisione.
2318 2316 2569 2377 Christus
2618 2318 2767 2373 misit
2820 2321 3097 2389 apostolos
3146 2324 3211 2376 ad
3255 2338 3444 2378 omnes
3482 2340 3615 2393 gen-

2034 2416 2153 2471 tes,
2202 2407 2291 2462 hic
2346 2409 2529 2464 itidem
2582 2410 2758 2465 mittet
2802 2412 3303 2482 pseudoapostolos.
3360 2414 3615 2471 Christus

2033 2513 2162 2553 oves
2189 2498 2463 2569 dispersas
2494 2503 2873 2572 congregavit,
2922 2504 3020 2575 hic
3056 2505 3313 2574 populum
3355 2505 3607 2560 Hebraeo-

2031 2605 2152 2644 rum
2197 2591 2502 2661 dispersum
2558 2594 2623 2647 ad
2665 2597 2913 2650 eumdem
2964 2601 3185 2652 modum
3237 2601 3608 2670 congregabit.

2031 2679 2283 2737 Christus
2331 2684 2487 2757 dedit
2531 2688 2876 2743 credentibus
2930 2689 2984 2742 in
3030 2705 3153 2743 eum
3200 2692 3494 2760 pretiosam
3545 2709 3611 2747 ac

2031 2774 2300 2829 viviﬁcam
2339 2792 2581 2844 crucem,
2623 2778 2713 2833 hic
2735 2780 2918 2834 itidem
2946 2781 3160 2851 signum
3192 2800 3351 2837 suum
3381 2785 3610 2841 daturus

2031 2876 2133 2922 est.
2180 2868 2448 2937 Apparuit
2482 2869 2744 2926 Dominus
2786 2873 2840 2925 in
2876 2874 3047 2944 figura
3094 2874 3360 2942 humana,
3398 2877 3476 2931 sic
3507 2877 3611 2933 iste

2030 2961 2264 3029 prodibit
2299 2962 2401 3017 sub
2438 2963 2610 3018 forma
2645 2965 2905 3021 hominis.
2949 2966 3025 3020 Ex
3061 2965 3302 3021 llebrmis
3337 2979 3490 3023 ortus
3526 2978 3610 3023 est

2029 3050 2316 3119 Christus,
2367 3056 2455 3110 hic
2498 3072 2715 3125 quoque
2752 3069 3008 3112 nascetur
3036 3074 3065 3113 e
3104 3058 3320 3113 Judaeis.
3361 3060 3610 3114 Christus

2030 3149 2267 3202 ostendit
2291 3164 2511 3203 carnem
2542 3167 2697 3229 suam
2730 3160 2987 3219 tanquam
3015 3153 3271 3222 templum
3291 3195 3305 3219 ,
3348 3169 3412 3207 ac
3435 3153 3611 3209 susci-
3655 3176 3661 3183 -

2031 3240 2167 3295 tavit
2197 3243 2355 3296 tertia
2386 3243 2494 3310 die,
2535 3244 2615 3298 sic
2647 3244 2747 3299 iste
2771 3242 3123 3317 Jerosolymis
3150 3246 3435 3301 suseitabit
3473 3256 3609 3302 tem-

2031 3331 2180 3400 plum
2230 3333 2523 3401 lapideum.
2564 3328 2740 3403 Athe
2790 3334 2889 3388 has
2939 3332 3084 3388 illius
3132 3332 3376 3388 fallacias
3427 3349 3492 3389 ex
3539 3335 3609 3390 iis

2031 3439 2152 3494 quae
2188 3423 2445 3495 deinceps
2485 3440 2843 3493 exponemus,
2885 3425 3093 3496 liquith
3140 3425 3474 3507 intelligent,
3507 3425 3608 3525 qui

1982 3519 1985 3523 ⁷
2032 3523 2237 3572 attente
2262 3532 2363 3573 nos
2388 3516 2629 3572 audient.

2098 3700 2239 3761 XXI.
2277 3702 2411 3757 Nam
2446 3718 2476 3757 e
2507 3701 2804 3772 Scripturis
2832 3701 3097 3772 duplicem
3140 3700 3430 3755 adventrum
3455 3698 3610 3755 Chri-

2026 3795 2095 3852 sti
2125 3811 2190 3850 ae
2227 3794 2526 3849 Salvatoris
2572 3793 2883 3847 didicimus.
2936 3793 3014 3847 Ac
3058 3793 3209 3861 prior
3258 3792 3473 3861 quidem
3522 3808 3609 3846 se—

2026 3886 2266 3943 cundum
2295 3900 2541 3950 carnem,
2567 3882 2669 3938 fuit
2692 3885 2967 3952 abjectus:
3002 3898 3067 3937 eo
3096 3882 3241 3952 quod
3270 3882 3356 3935 ille
3386 3882 3607 3939 humilis

2026 3978 2355 4048 apparuerit.
2408 3978 2486 4031 lta
2520 3978 2790 4046 posterior
2820 3976 2940 4045 ejus
2983 3975 3249 4037 adventus
3282 3974 3606 4043 praedicatus

2024 4078 2108 4124 est.
2136 4068 2438 4139 gloriosus:
2470 4067 2727 4137 quoniam
2758 4068 2961 4120 venite
2989 4066 3141 4120 cretis
3168 4080 3319 4120 cum.
3329 4063 3567 4133 potentia
3587 4102 3608 4129 ,

2026 4177 2149 4216 cum
2189 4159 2396 4230 angelis
2426 4168 2480 4214 et
2508 4158 2676 4227 gloria
2705 4157 2900 4211 Patris.
2942 4148 3099 4219 Prior
3127 4144 3299 4225 ipsius
3341 4155 3605 4209 adventus

2025 4268 2417 4324 praecursorem
2449 4251 2639 4305 habuit
2669 4248 2933 4303 Joannem
2963 4248 3257 4318 Baptistam
3278 4287 3293 4310 ,
3335 4245 3605 4317 posterior

2028 4357 2208 4401 autem
2229 4385 2244 4409 ,
2276 4360 2386 4414 quo
2427 4351 2688 4397 venturus
2718 4332 2802 4396 est
2832 4342 2883 4395 in
2913 4340 3114 4409 gloria,
3141 4338 3325 4393 Enocb
3345 4378 3362 4405 ,
3393 4335 3600 4403 Eliam,

2026 4440 2099 4485 et'
2139 4428 2405 4485 Joannem
2466 4429 2778 4499 theologum
2834 4428 3129 4482 exhibebit.
3199 4426 3600 4481 Humanitatem

2029 4530 2211 4592 specta
2242 4519 2496 4574 Domini:
2544 4528 2604 4574 ut
2632 4518 2713 4573 vel
2743 4509 3001 4573 extremis
3038 4517 3370 4588 temporibus
3398 4525 3603 4572 morta-

2088 4802 2206 4873 ⁸(45)
2238 4801 2417 4857 Verba
2441 4800 2827 4873 xatgwozouiv
2850 4800 3046 4873 desunt
3074 4798 3124 4873 in
3167 4798 3225 4853 Β.

2118 4870 2209 4938 44⁷)
2241 4873 2478 4926 Verbum
2504 4871 2840 4936 ἐξελεύσεται
2864 4870 2915 4923 in
2937 4870 2994 4923 Β.
3027 4871 3209 4924 itidem
3238 4870 3598 4929 desideratur.

2118 4880 2209 4938 44)
2245 4880 2478 4926 Verbum
2504 4880 2840 4936 ἐξελεύσεται
2864 4880 2915 4923 in
2937 4880 2994 4923 Β.
3027 4880 3209 4924 Itidem
3238 4880 3598 4929 desideratur.

2095 4880 2206 5014 (45)
2240 4944 2297 4998 ln
2326 4943 2391 5014 Β.
2422 4952 2567 4996 totus
2606 4941 2695 5014 hic
2730 4942 2881 5014 locus
2925 4944 2997 4995 ita
3037 4943 3281 5014 legitur:_
3317 4941 3536 5014 Ἀνέστη
3570 4945 3600 4997 6

2023 5011 2213 5084 Σωτὴρ
2243 5016 2307 5066 ἐκ
2328 5013 2438 5066 τῶν
2467 5012 2674 5084 νεκρῶν
2701 5013 3033 5084 τριήμερος>
3047 5013 3139 5084 καὶ
3166 5011 3329 5084 αῦτὸς
3368 5011 3599 5084 ἀναστῆ-

2025 5102 2107 5138 σει
2135 5080 2228 5137 τῦν
2273 5085 2330 5137 ὲν
2376 5080 2766 5154 Ἱεροσολύμοις
2794 5080 2940 5137 ναόν.
2990 5082 3099 5154 Καὶ
3129 5081 3310 5154 ταῦτα
3347 5080 3444 5154 μὲν
3495 5080 3597 5154 τῆς

2027 5154 2235 5224 πλάνης
2264 5152 2429 5207 αὐτοῦ
2447 5149 2530 5207 ’τά
2556 5149 2923 5224 τεχνάσματα,
2954 5151 3165 5224 καὶμτάξ
3190 5150 3317 5224 ἑξῆς
3350 5149 3595 5221 δηλωθη-

2027 5171 2235 5224 πλάνης
2264 5171 2429 5207 αυτου
2462 5171 2530 5207 τα
2556 5171 2613 5205 τε
2654 5171 2923 5223 νασματα,
2954 5171 3047 5204 και
3086 5171 3153 5203 τα
3190 5171 3317 5218 εςης
3350 5171 3411 5219 οη

2026 5226 2230 5296 σόμενα
2255 5223 2479 5296 ἐμφανῆ
2508 5171 2839 5296 γενίξσονται-
2855 5221 3118 5296 νουνεχῶς
3143 5219 3418 5296 ἀκούουσι.

2098 5289 2212 5363 (46)
2253 5289 2395 5349 Ideni
2425 5289 2530 5347 ms.
2560 5335 2574 5358 ,
2606 5289 2747 5346 κατά
2781 5292 2957 5363 σάρκα
2993 5289 3241 5363 γέννησις
3279 5291 3476 5363 ἀτιμος
3509 5289 3597 5363 διὰ

2026 5365 2088 5419 τὸ
2109 5358 2445 5439 ’ταπεινῶσαι
2475 5364 2687 5439 ιέοιυςιόνἶ
2726 5364 2789 5415 Ἠ
2815 5358 2870 5439 δὲ
2897 5358 3120 5439 δευτέρα
3140 5358 3305 5439 ἀὐτοῦ
3331 5362 3595 5439 παρουσία

2025 5435 2354 5506 κηρύττεται
2404 5433 2628 5506 ὲνηδὸξῃ
2658 5433 2735 5495 ὠς
2780 5433 3038 5503 πάρεστιν
3055 5429 3171 5483 ’ἀπὸ
3196 5429 3424 5500 οὐρανοῦ
3456 5433 3596 5500 μετά

2025 5503 2308 5573 δυνάμεως
2334 5503 2611 5573 ἀγγέλων,⁷
2630 5513 2732 5556 etc.

2081 5568 2195 5647 (47)
2230 5568 2471 5647 Duorum
2502 5583 2729 5647 tantunl
2759 5570 2977 5647 testium
3024 5568 3325 5647 ﬁ_t___mentio
3381 5568 3593 5638 Apoca-

2022 5639 2191 5717 lypsis
2219 5663 2295 5712 χι,
2326 5646 2383 5710 5,
2413 5659 2555 5713 quos
2594 5642 2661 5695 de
2689 5639 2910 5696 Enoeho
2957 5650 3011 5694 et
3048 5640 3165 5695 Elia
3192 5650 3401 5717 veteres
3431 5656 3587 5717 coni-

2021 5710 2755 5783 inuniter’inter‘pretantur,
2809 5719 3206 5783 utuuotatuma
3259 5710 3588 5783 viris_doctis

2020 5787 2087 5841 ad
2114 5785 2173 5841 S.
2204 5780 2461 5841 lremeum
2497 5798 2567 5847 tv,
2600 5781 2686 5843 50,
2713 5791 2763 5832 et
2789 5797 2837 5845 ν,
2869 5781 2901 5833 5
2975 5782 3177 5836 Auctor
3217 5780 3462 5836 Chronici
3490 5797 3586 5848 ριι-
