4090 6386
338 408 441 465 025

1254 406 1524 463 SPL‘RlA.
1565 436 1633 446 ——~
1674 404 1759 458 DE
1802 399 2387 458 CUNSUMMATIONE
2423 395 2660 453 MUNDI.

3468 391 3574 444 9‘26

260 516 267 521 ’
339 542 455 581 πων
470 484 662 591 σῶσαι,
678 527 741 579 ὲκ
755 525 851 597 τῆς
885 525 1150 597 ἀχράντου
1170 526 1263 578 καὶ
1280 524 1551 594 Παρθένου
1570 524 1678 595 (61)
1698 524 1910 595 Μαρίας

2015 522 2223 577 hostem
2266 519 2622 581 conculcavit,
2650 530 2763 571 suae
2789 513 3090 567 divinitatis
3134 511 3351 582 propria
3383 520 3573 581 poten-

339 617 554 689 ἐτέχθη,
590 620 683 673 καὶ
719 619 777 671 ὲν
817 618 1052 688 σχήματι
1080 617 1286 689 σαρκὸς
1320 619 1410 670 τὸν
1450 617 1640 688 ἐχθρὸν
1672 617 1904 669 κοιτεπά⁸

339 726 523 780 τησεν,
551 710 608 762 ὲν
652 709 756 780 ίδίᾳ
782 707 1005 778 δυνάμει
1034 708 1132 778 τῆς
1166 706 1326 761 αὐτοῦ
1374 707 1622 778 θεότητος
1657 706 1786 775 (62)·
1818 704 1908 759 τὸν

341 800 503 855 αὐτὸν
532 803 729 874 τρόπον
753 801 844 854 καὶ
871 803 899 854 6
924 800 1167 865 διάϐολος
1196 802 1261 854 ὲκ
1293 802 1492 873 μιαρᾶς
1520 800 1775 868 γυναικὸς
1802 800 1909 873 ἐξε-

343 894 591 948 λεύσεται
621 894 712 946 ἐπὶ
748 894 847 963 τῆς
873 893 992 963 γῆς·
1018 893 1267 946 τίκτεκαι
1295 893 1351 946 δὲ
1379 894 1437 945 ὲν
1466 893 1640 963 πλάνῃ
1672 893 1736 944 ὲκ
1770 876 1912 973 πξιρι

346 986 498 1039 θένου
528 985 656 1055 (65).
700 985 759 1037 '0
785 984 891 1055 γάρ
921 984 1052 1047 Θεὸς
1098 983 1252 1055 ήμῶν
1306 972 1581 1056 σαρκικῶς
1622 986 1751 1054 ἡμῖν
1800 966 1909 1055 (ὦ)

348 1076 651 1147 ἐπεδήμησε
683 1074 824 1129 κατά
848 1076 947 1146 τὴν
983 1078 1161 1147 σάρκα
1188 1076 1286 1148 τὴν
1316 1076 1610 1148 ἡμετέραν,
1637 1075 1704 1145 ἣν
1750 1076 1910 1139 αὐτὸς

346 1166 567 1239 ἐποίησε
612 1166 689 1238 τῷ
736 1166 905 1237 Ἀδὰμ
949 1167 1042 1221 καὶ
1082 1167 1216 1220 πᾶσι
1259 1170 1373 1231 τοῖς
1420 1167 1478 1233 ἐξ
1521 1166 1711 1237 Ἀδὰμ,
1745 1168 1912 1238 χωρὶς

347 1257 635 1330 ἁμαρτίας
658 1261 687 1312 6
707 1258 763 1312 δὲ
796 1257 1039 1321 διάϐολος
1066 1260 1114 1311 εί
1142 1258 1236 1311 καὶ
1264 1258 1441 1330 σάρκα
1471 1257 1747 1323 ἀναλάϐοι,
1777 1256 1912 1310 ἀλλά

342 1347 515 1404 ταῦτα
559 1351 616 1404 ὲν
662 1350 877 1421 δοκήσει
915 1349 1059 1421 (65)·
1106 1348 1222 1411 πῶς
1274 1348 1381 1419 γὰρ
1433 1348 1498 1419 ήν
1547 1348 1648 1401 οὐκ
1689 1347 1910 1417 ἐποίησε

344 1440 546 1505 σάρκα,
577 1440 710 1494 ἀλλά
746 1440 841 1494 καὶ
885 1440 1109 1510 πολεμεῖ
1142 1438 1261 1492 καθ’
1295 1439 1550 1509 ἑκάστην,
1583 1439 1786 1508 ταύτην
1817 1454 1913 1507 φο-

344 1530 552 1603 ρέτειεν
578 1528 718 1602 (66);
746 1529 951 1601 ταύτην
992 1530 1050 1583 δὲ
1092 1525 1266 1600 οἶμαι,
1304 1529 1672 1600 ἠγαπημένοι,
1716 1545 1914 1599 φαντα-

338 1610 530 1691 στικὴν
559 1620 658 1690 τῆς
690 1621 889 1691 σαρκὸς
934 1620 1098 1674 αὑτοῦ
1138 1622 1325 1675 οὐσίαν
1366 1620 1700 1692 ἀναλήψεται
1746 1621 1912 1690 ὄργα-

336 1727 462 1764 νον·
509 1711 598 1764 διὰ
639 1710 797 1764 τοῦτο
833 1711 927 1764 καὶ
981 1713 1046 1764 ὲκ
1095 1711 1361 1784 παρθένου
1405 1711 1677 1775 τίκτεται,
1726 1710 1913 1782 ὥσπερ

336 1799 580 1873 πνεῦμα,
614 1801 708 1855 καὶ
754 1799 890 1873 σὰρξ
926 1805 1036 1866 τοῖς
1075 1802 1281 1866 λοιποῖς
1311 1802 1419 1874 (67)
1452 1800 1913 1873 ὲμφανισθήσεται

2011 614 2105 667 tia.
2141 612 2219 665 Ad
2253 611 2502 665 eumdem
2538 608 2758 662 modutn
2798 607 2962 661 etiam
2992 605 3238 660 diabolus
3264 619 3329 658 ex
3359 605 3569 674 impura

2008 705 2237 760 muliere
2281 702 2515 773 prodibit
2563 715 2727 768 super
2767 709 2964 753 terram
3000 739 3011 751 .
3045 696 3137 752 sed
3170 697 3304 752 falso
3332 697 3572 751 nascitur

2008 810 2074 850 ex
2108 793 2337 863 virgine.
2371 792 2580 847 Etenim
2627 790 2768 844 Deus
2812 799 2995 843 noster
3042 788 3093 841 in
3134 804 3295 842 carne
3324 798 3573 844 versatus

2010 895 2093 941 est
2121 885 2429 948 nobiscum,
2479 891 2681 936 nostras
2714 889 2828 936 non‘
2855 880 3080 949 dispari,
3113 896 3274 948 quam
3310 880 3422 949 ipse
3447 880 3573 936 fecit

2010 978 2239 1042 Adamn,
2274 974 2616 1045 posterisque
2646 972 2763 1042 ejus
2798 973 3071 1036 omnibus,
3101 972 3304 1040 absque
3327 980 3569 1041 peccato.

2000 1068 2119 1122 Sed
2151 1066 2403 1121 diabolus
2451 1063 2576 1117 licet
2628 1076 2845 1117 carnem
2897 1069 3160 1126 assumat,
3190 1060 3292 1114 hoc
3320 1060 3575 1129 opinione

2012 1164 2248 1213 tantum.
2280 1153 2387 1222 Qui
2430 1152 2574 1208 enim
2624 1166 2840 1207 carnem
2876 1150 3070 1217 ferret,
3100 1165 3263 1220 quam
3312 1151 3429 1220 ipse
3464 1166 3571 1206 non

2012 1249 2273 1312 condidit,
2331 1246 2426 1303 sed
2481 1253 2757 1316 oppugnat
2801 1243 3083 1313 quotidie?
3130 1241 3299 1308 Hanc,
3354 1244 3569 1311 opinor,

2011 1338 2215 1400 dilecti,
2249 1337 2430 1392 carnis
2456 1351 2569 1391 sua:
2599 1332 2956 1391 substantiam
2984 1330 3382 1401 phantasticam
3418 1345 3575 1384 assu—

2012 1429 2110 1483 mit
2144 1428 2334 1499 organi
2368 1427 2505 1481 vice.
2539 1425 2825 1495 Propterea
2862 1424 3050 1477 edetur
3071 1437 3137 1477 ex
3166 1422 3375 1492 virgine
3407 1422 3573 1477 veluti

2013 1520 2238 1590 spiritus
2271 1539 2284 1576 :
2314 1520 2407 1589 qui
2441 1518 2657 1587 quidem
2689 1528 2818 1571 tunc
2853 1514 3075 1583 reliquis
3117 1514 3395 1583 apparebit
3422 1529 3570 1569 caro.

2011 1611 2148 1667 Nam
2181 1611 2445 1682 virginem
2483 1608 2757 1679 peperisse
2786 1605 2957 1662 solam
2984 1605 3389 1661 sanctissimam
3422 1606 3575 1659 novi-

2012 1720 2135 1759 mus
2177 1719 2191 1755 :
2235 1718 2356 1772 quae
2397 1700 2739 1769 carnigerum
2799 1713 2925 1752 vere
2975 1698 3159 1768 genuit
3216 1696 3571 1752 Salvatorem.

2016 1796 2294 1867 Siquidem
2324 1794 2534 1865 Moyses
2557 1794 2632 1847 ait
2656 1809 2668 1843 :
2697 1791 2861 1847 Omne
2889 1790 3237 1844 masculinum
3266 1790 3576 1858 adaperiam

330 1891 483 1945 τότε·
518 1891 578 1945 τὸ
608 1892 714 1964 γὰρ
760 1892 1025 1963 παρθένον
1063 1897 1261 1959 τεκεῖν,
1302 1894 1469 1965 μόνην
1507 1894 1607 1963 τὴν
1640 1892 1910 1961 παναγίαν

2012 1885 2249 1950 vulvam,
2301 1892 2541 1938 sanctum
2586 1881 2809 1935 Domino
2857 1881 3127 1933 vocabitur
3154 1880 3217 1932 ⁸⁷.
3251 1879 3347 1933 Hic
3395 1889 3575 1935 autem
3638 1904 3655 1909 ν·

332 1983 583 2053 ἔγνωμεν
602 2023 618 2046 ,
651 1983 988 2055 σαρκοφόρον
1022 1984 1273 2048 ἀπλανῶς
1308 1984 1419 2055 (68)
1457 1986 1790 2056 γεννήσαντα
1821 1984 1909 2038 τὸν

333 2075 584 2146 Σωτῆρα.
603 2076 755 2127 Ἐπεὶ
784 2076 1027 2146 Μωῡσῆς
1053 2077 1217 2145 λέγει·
1240 2076 1370 2131 Πᾶν
1393 2076 1581 2145 ἄρσεν
1609 2075 1910 2145 διανοῖγον

326 2164 582 2235 μήτραν,
604 2165 774 2236 ἅγιον
798 2165 879 2232 τῷ
903 2168 1095 2234 Κυρίῳ
1125 2165 1487 2235 σαὶηθήσεται
1525 2165 1656 2237 (69).
1693 2164 1767 2218 Οὐ
1804 2162 1909 2235 μὴν

330 2257 604 2327 οὐδαμῶς,
640 2257 753 2311 ἀλλ’
785 2256 974 2330 ῶσπερ
1004 2259 1032 2311 6
1063 2259 1255 2330 ἐχθρὸς
1298 2259 1358 2313 οὐ
1391 2257 1642 2323 διανοίξει
1678 2257 1908 2329 μήτραν,

331 2346 508 2411 οὕτως
536 2348 656 2402 οὐδὲ
682 2346 861 2420 σάρκα
890 2350 1095 2423 τρανὴν
1125 2350 1488 2421 ἀναλήψεται,
1522 2350 1617 2404 καὶ
1645 2363 1912 2419 περιτμη-

332 2437 578 2510 θήσεται,
602 2439 785 2505 καθὼς
806 2443 902 2494 καὶ
928 2442 957 2493 6
982 2441 1216 2512 Χριστὸς
1248 2441 1610 2514 περιετμήθη.
1634 2439 1745 2495 Καὶ
1772 2436 1909 2492 καθ-

2014 1991 2381 2048 nequaquam.
2414 1973 2517 2029 Sed
2547 1972 3003 2044 quemadmodum
3031 1972 3204 2027 hostis
3231 1986 3338 2026 non
3376 1974 3579 2042 aperiet

2008 2069 2256 2139 vulvamf,
2287 2068 2362 2123 ita
2393 2082 2495 2122 nec
2538 2080 2759 2120 carnem
2803 2080 2985 2119 veram
3037 2072 3312 2129 assumet,
3340 2074 3433 2119 aut
3465 2066 3576 2120 cir-

2008 2160 2364 2226 cumcidetnr,
2398 2166 2459 2213 ut
2489 2165 2544 2212 et
2584 2156 2939 2212 circumcisus
2971 2165 3054 2210 est
3080 2153 3349 2211 Christus.
3380 2155 3446 2210 Et
3473 2157 3581 2212 sic-

2008 2250 2089 2305 uti
2136 2247 2389 2302 Christus
2439 2246 2599 2316 elegit
2649 2244 2955 2323 apostolos,
3023 2243 3102 2299 sic
3164 2244 3253 2299 ille
3308 2245 3576 2315 integrum

2008 2340 2271 2413 populum
2314 2338 2613 2409 discipulos
2660 2337 2763 2393 sibi
2816 2335 3044 2392 asciscct
3086 2336 3328 2407 nequitia
3374 2337 3457 2392 sui
3504 2338 3579 2394 si-

2010 2433 2187 2488 miles.

331 2534 408 2599 ὼς
448 2537 478 2588 6
515 2537 748 2607 Χριστὸς
823 2538 949 2601 τοὺς
998 2538 1325 2601 ἀποστόλους
1391 2533 1701 2605 ἐξελέξατο,
1762 2534 1935 2597 οὕτως
1987 2530 2083 2585 καὶ
2135 2529 2342 2592 ἐκεῖνος
2417 2526 2586 2598 δῆμον
2634 2524 2924 2596 ὁλόκληρον
2979 2523 3234 2596 μαθητῶν
3281 2524 3581 2597 προσλήψε-

331 2645 423 2684 ται
473 2630 583 2701 (70)
624 2630 841 2701 ὁμοίους
887 2631 990 2700 τῆς
1039 2632 1203 2685 αὑτοῦ
1252 2633 1589 2703 κακουργίας
1637 2630 1998 2715 ὑπάρχοντας.

402 2724 596 2776 XXIII.
653 2724 741 2779 Ἐν
782 2722 1017 2795 πρώτοις
1056 2726 1113 2779 δὲ
1163 2727 1223 2780 τὸ
1276 2726 1383 2781 τῶν
1440 2726 1706 2781 Ἰουδαίων
1756 2724 1907 2790 ἔθνος

332 2810 626 2880 ἀγαπήσει.
674 2810 830 2864 Μετὰ
874 2812 929 2865 δὲ
972 2811 1177 2868 τούτων
1203 2815 1458 2868 ἀπάντων
1490 2815 1688 2885 σημεῖα
1729 2814 1908 2867 ὲπιτε-

334 2899 500 2963 λὲσει,
533 2901 639 2955 καὶ.
677 2892 1219 2974 θαύματρφοῦερά,
1266 2905 1380 2957 ἀλλ’
1426 2904 1525 2957 οὐκ
1558 2902 1756 2974 ἀληθῆ,
1793 2900 1905 2955 ἀλλ’

332 2992 392 3045 ὲν
445 2990 622 3064 πλάνῃ
675 2990 815 3063 (71),
874 2994 1024 3057 ὃπως
1084 2994 1333 3067 πλανήσῃ
1380 2988 1505 3058 τοὺς
1546 2994 1762 3065 ὁμοίους
1796 2982 1939 3064 (72)

331 3083 481 3154 αὐτῷ
523 3084 770 3148 ἀσεϐεῖς⁸
806 3088 855 3139 εί
907 3085 1130 3139 δυνατὸν
1160 3087 1291 3158 γάρ,
1332 3087 1426 3140 καὶ
1466 3088 1590 3151 τοὺς
1621 3087 1909 3150 ἐκλεκτοὺς

330 3162 626 3250 ἀποστήσει
673 3178 781 3231 ἀπὸ
824 3178 924 3248 τῆς
962 3178 1183 3249 ἀγάπης
1225 3176 1318 3231 τοῦ
1351 3177 1605 3250 Χριστοῦ.
1651 3178 1810 3233 Ἀλλά
1838 3178 1908 3234 τὰ

330 3266 525 3339 πρῶτα
566 3266 733 3321 αὑτοῦ
776 3267 885 3339 (75)
923 3268 1213 3337 γενήσεται
1266 3267 1479 3339 πραῢς,
1527 3266 1907 3338 ἀγαπητικδς,

326 3358 561 3429 ἥσυχος,
609 3356 862 3429 εὐλαϐὴς,
905 3357 1261 3430 εἰρηνοποιὸς,
1306 3355 1479 3427 μισῶν
1525 3356 1757 3424 ἀδικίαν,
1788 3356 1909 3431 βδε-

327 3450 646 3521 λυττόμενος
687 3450 863 3524 δῶρα,
904 3448 1345 3521 εἰδωλολατρείαν
1390 3447 1465 3520 μὴ
1522 3449 1907 3521 προσιέμενος,

326 3541 426 3606 τὰς
466 3541 708 3614 Γρατράς,
744 3542 907 3612 φησὶν
936 3540 1068 3613 (74),
1101 3540 1350 3609 ἀγαπῶν,
1381 3542 1544 3612 ἱερεῖς
1575 3539 1909 3610 αἰδούμενος,

328 3632 519 3697 πολιάς
549 3633 742 3705 τιμῶν,
771 3633 1025 3705 πορνείαν
1060 3631 1135 3703 μὴ
1177 3630 1626 3703 καταδεχόμενος,
1663 3631 1908 3702 μοιχείαν

325 3723 739 3796 βδελυττόμενος
772 3723 904 3795 (75),
938 3722 1294 3786 καταλαλιαίς
1342 3721 1416 3794 μὴ
1465 3722 1768 3795 προσέχων,
1818 3722 1910 3793 ὄρ-

327 3832 460 3879 κους
513 3816 587 3887 μὴ
639 3816 1070 3886 καταδεχόμενος
1093 3854 1109 3879 ,
1174 3814 1449 3883 φιλόξενος
1469 3853 1482 3878 ,
1547 3813 1905 3885 φιλόπτωχος,

325 3903 576 3977 ἐλεήμων
623 3906 754 3977 (76).
795 3902 929 3959 Εἶτα
979 3905 1072 3958 καὶ
1122 3905 1327 3976 τέρατα
1376 3905 1628 3977 ποιήσει,
1673 3904 1908 3975 λεπροὺς

326 3994 671 4066 καθαρίζων,
710 3994 1047 4065 παραλύτους
1089 3996 1344 4067 ἐγείρων,
1379 3996 1637 4065 δαίμονας
1665 3995 1905 4050 ἀπελαύ-

328 4100 455 4148 νων,
490 4085 617 4155 περὶ
645 4082 753 4137 τῶν
785 4083 973 4153 πόρρω
1007 4084 1084 4147 ὼς
1115 4083 1384 4136 ἐνεστῶτα
1414 4083 1742 4152 διαγγέλλων
1769 4083 1903 4155 (77),

325 4176 552 4249 νεκροὺς
583 4174 836 4239 ἀνιστῶν,
870 4174 1065 4246 χήραις
1094 4174 1400 4246 ἐπικουρῶν
1419 4215 1432 4239 ,
1466 4174 1714 4245 ὀρφανῶν
1746 4180 1904 4246 προῖ-

329 4268 617 4339 στάμενος,
645 4266 875 4336 ἀγαπῶν
907 4267 1133 4331 πάντας,
1167 4267 1292 4330 τοὺς
1326 4267 1666 4338 μαχομένους
1695 4266 1907 4339 ἀνθρώ-

2074 2716 2263 2773 XXlll.
2298 2717 2365 2790 In.
2395 2716 2589 2788 primis
2628 2723 2808 2771 autem
2853 2714 3134 2771 Judaicam
3173 2724 3385 2785 gentem
3419 2732 3570 2770 ama-

2012 2811 2094 2866 bit
2126 2827 2140 2863 :
2167 2809 2309 2881 apud
2337 2823 2432 2865 eos
2459 2806 2648 2864 omnes
2672 2808 2825 2879 signa
2862 2808 2983 2862 edet
3011 2817 3066 2863 et
3107 2808 3374 2862 horrenda
3408 2810 3576 2862 mira-

2010 2902 2153 2968 cula,
2178 2915 2288 2956 non
2309 2915 2459 2967 vera,
2485 2898 2579 2955 sed
2611 2898 2770 2966 falsa,
2800 2899 2865 2953 ad
2896 2901 3229 2955 seducendos
3262 2901 3347 2954 sui
3371 2900 3579 2956 similes

2008 2991 2225 3062 impios.
2261 2989 2500 3056 Etenim,
2530 2989 2578 3045 si
2609 2989 2723 3043 ﬁeri
2750 2998 2945 3059 potest,
2981 2986 3378 3046 etiam'electos
3403 2991 3579 3045 abdu-

2008 3091 2095 3137 cet
2145 3097 2175 3136 a
2226 3080 2514 3137 dilectione
2563 3077 2775 3135 Christi
2807 3078 2873 3133 “.
2910 3078 3103 3134 Verum
3152 3079 3227 3133 in‘
3266 3079 3579 3149 primordiis

2015 3173 2131 3229 suis
2160 3173 2397 3228 clemens
2424 3171 2548 3235 erit,
2597 3170 2773 3226 factus
2819 3171 2884 3225 ad
2924 3170 3298 3237 dilectionem,
3331 3170 3577 3241 quietus,

2014 3262 2331 3334 religiosus,
2362 3261 2651 3332 paciﬁcus,
2680 3261 2773 3331 qui
2808 3261 2935 3315 odio
2979 3270 3341 3331 prosequatur
3363 3246 3582 3331 injusti-

2014 3356 2171 3422 tiam,
2202 3355 2497 3410 detestetur
2542 3368 2772 3408 munera
2792 3394 2806 3417 .
2848 3353 3212 3409 idololatriam
3249 3370 3357 3409 non
3385 3354 3581 3409 admit-

2016 3455 2128 3513 tat,
2161 3461 2307 3500 amet
2352 3444 2682 3514 Scripturas,
2714 3453 3027 3499 revereatur
3055 3445 3383 3511 sacerdotes,
3426 3444 3577 3500 cani-

2020 3538 2148 3592 tiem
2186 3536 2380 3602 honori
2407 3536 2624 3600 habeat,
2659 3537 3043 3591 scortationem
3071 3536 3337 3605 repudiet,
3368 3536 3580 3590 adulte-

2012 3628 2155 3683 rium
2187 3627 2554 3692 abominetur,
2588 3627 3010 3683 obtrectationes
3040 3643 3149 3682 non
3188 3627 3403 3692 audiat,
3429 3628 3579 3696 deje-

2006 3720 2249 3777 rationes
2273 3736 2382 3775 non
2418 3719 2666 3791 recipiat,
2711 3720 3030 3790 hospitalis,
3067 3721 3346 3776 studiosus
3374 3735 3580 3790 paupe-

2006 3827 2163 3879 rum,
2216 3811 2552 3866 misericors.
2601 3809 2794 3866 Postea
2847 3812 2972 3867 edet
3020 3812 3289 3882 prodigia,
3334 3813 3579 3881 leprosos

2008 3904 2324 3959 tnundando
2346 3945 2362 3971 ,
2411 3904 2736 3974 paralyticos
2764 3904 3082 3965 excitando.
3116 3904 3433 3974 expellendo
3470 3904 3579 3959 dte-

2011 4011 2202 4051 mones
2243 3996 2586 4067 :longinqua
2627 4013 2736 4052 non
2777 3996 2933 4050 aliter
2965 4011 3127 4066 quam
3171 3995 3456 4065 praesentia
3484 3995 3581 4049 de-

2010 4087 2305 4154 nuntiabit,
2356 4088 2617 4142 excitabit
2671 4098 2953 4153 mortuos,
3000 4086 3176 4141 viduis
3219 4101 3377 4155 opem
3421 4085 3576 4152 feret,

2009 4177 2245 4246 pupillos
2267 4176 2527 4243 tuebitur,
2563 4185 2791 4231 cunctos
2822 4176 3036 4247 diliget,
3063 4176 3378 4231 conciliabit
3400 4175 3578 4230 homi-

2009 4282 2107 4322 nes
2157 4267 2546 4323 contendentes
2592 4269 2659 4322 ad
2708 4267 3038 4335 amicitiam,
3082 4268 3168 4323 his
3210 4267 3392 4322 verbis
3428 4284 3441 4319 :
3484 4265 3578 4321 Sol

324 4374 463 4422 πους
491 4358 874 4414 καταλλάττων
913 4358 996 4421 είς
1024 4357 1264 4428 ἀγάπην,
1297 4358 1391 4411 καὶ
1427 4357 1616 4425 λέγων·
1645 4356 1741 4425 Μὴ
1776 4357 1901 4411 ἐπι-

2010 4374 2108 4411 ηοη
2141 4359 2348 4412 occidat
2372 4375 2526 4429 super
2550 4359 2886 4413 iracundiam
2906 4369 3132 4413 vestram
3159 4359 3224 4415 ".
3252 4356 3371 4413 Non
3402 4359 3578 4429 possi-

393 4500 437 4532 ⁸⁷
462 4498 634 4555 Exod.
678 4516 797 4566 sm,
830 4496 894 4568 Ως
924 4515 1110 4566 xxxrv,
1137 4499 1237 4567 i9;
1266 4498 1429 4556 Num.
1463 4516 1580 4567 vm,
1615 4499 1715 4568 16;
1744 4499 1878 4555 Luc.
1916 4516 1977 4567 ιι,
2006 4500 2098 4555 25.
2173 4501 2217 4534 ⁸⁸
2239 4500 2430 4556 Matth.
2460 4517 2609 4569 xxw,
2642 4501 2734 4555 ‘24.
2844 4501 2888 4532 "
2911 4500 3108 4572 Ephes.
3140 4518 3212 4569 tv,
3238 4502 3327 4557 26.

415 4614 504 4689 (ξὲ)
531 4616 947 4689 ζᾼειπαρθένρυν
976 4618 1039 4689 Β.

418 4684 508 4751 62)
531 4684 711 4743 Verba
737 4684 806 4741 ’ὲν
839 4687 945 4761 ἰδίᾳ
972 4687 1020 4742 δ.
1047 4705 1099 4742 τ.
1132 4705 1188 4743 α.
1220 4687 1473 4759 θεότητος
1501 4689 1556 4743 in
1585 4688 1646 4742 Β.
1684 4688 1899 4745 deside-

320 4766 535 4812 rantur.

418 4825 636 4900 65)]ι1η
662 4826 907 4900 τίκτεται
937 4826 1047 4900 γὰρ
1086 4826 1331 4900 ἀκριϐῶς
1359 4828 1425 4882 ἐκ
1461 4828 1753 4897 παρθένου.
1785 4826 1900 4881 An-

320 4896 634 4968 tichristum
665 4896 911 4968 futurum
935 4896 1235 4953 daemonem
1263 4898 1500 4952 humana
1525 4896 1717 4968 tigura,
1740 4900 1902 4968 multi

321 4964 419 5022 alii
450 4973 663 5037 veteres
700 4967 926 5037 tradunt
960 4985 976 5022 :
1011 4968 1373 5037 Augustinus,
1413 4964 1688 5037 Sulpicius
1732 4966 1899 5023 Seve-

317 5033 678 5112 rusnd‘ialogo
702 5035 756 5112 ἢ,
785 5034 1069 5112 Philippus
1102 5033 1325 5110 Dioptra
1354 5038 1450 5093 lib.
1482 5033 1566 5106 ιιί,
1593 5053 1641 5094 c.
1673 5038 1761 5102 11,
1790 5047 1894 5094 etc.

2073 5033 2185 5112 <20)
2212 5033 2651 5112 ιιι-’.πρόοιδεν

418 5068 421 5083 .
454 5053 671 5104 dialogo
702 5053 756 5097 κ,
785 5053 923 5090 rnttt
966 5053 1069 5107 pus
1102 5053 1325 5110 vtoptra
1354 5053 1450 5093 ιιι).
1482 5054 1566 5106 ιιι,
1593 5053 1641 5094 c.
1673 5053 1761 5102 ιι,
1790 5053 1894 5094 etc.
2073 5053 2163 5109 (ιυ
2224 5053 2324 5103 ια.,
2351 5053 2651 5112 προσλαοη.

546 5105 706 5181 ᾙμῖν
727 5104 784 5160 in
812 5104 874 5160 B.
911 5053 1083 5181 (ﬁttest.
1235 5177 1246 5181 _
1592 5178 1601 5181 _
1688 5176 1700 5181 _
1739 5176 1753 5181 _
1807 5177 1819 5181 _
1879 5178 1891 5181 Α
2010 5180 2013 5181 ν
2067 5053 2186 5181 fit;
2212 5110 2298 5181 B.,
2327 5110 2385 5162 ὲν
2420 5098 2614 5181 πλάνῃ’
2640 5110 2696 5164 δὲ
2731 5113 2910 5176 ὅπως,
2941 5111 2989 5164 εί
3016 5108 3270 5171 δυνατὸν,
3316 5109 3409 5161 καὶ
3446 5109 3572 5172 τοὺς

418 5173 507 5244 65)
550 5173 695 5252 Cave
744 5188 989 5252 prorsus
1018 5177 1148 5252 dum
1194 5177 1298 5252 _ait_
1322 5191 1523 5252 corpus
1575 5176 1896 5252 Antichristi

2010 5173 2290 5252 ἐκλεκτοὺς
2321 5173 2646 5252 ά-ποστῆσᾶι.

320 5244 765 5332 pltautasticttm-
797 5244 1155 5332 q'ui'aHPaulus
1178 5244 1572 5332 antichristum
1609 5255 1767 5301 vocat
1798 5247 1896 5332 lto-

2215 5250 2308 5332 ΙᾼΙ.
2335 5244 2684 5332 Pich'odes,
2714 5248 3143 5332 6poiouca6‘roi},
3182 5246 3495 5332 dae6eic_6_é.

323 5311 526 5390 minem
558 5311 782 5390 peccati.
808 5314 869 5370 ll.
893 5313 1086 5375 Thess.
1114 5314 1512 5373 tt.Ptcus.—-ln
1528 5319 1591 5376 B.
1613 5328 1698 5376 est
1720 5318 1891 5390 ταύτῃ
2072 5311 2186 5390 (75)
2210 5318 2413 5374 Confer
2443 5311 2859 5376 Feuardentium
2895 5311 2962 5375 ad
3007 5318 3065 5373 S.
3098 5311 3356 5373 Irenaeum
3386 5318 3481 5371 lib.
3515 5334 3566 5384 v,

2010 4620 2327 4762 936.8)”th
2358 4688 2623 4762 _Oeo-c6xov
2662 4689 2916 4762 ,ἔγνωμεν
2957 4688 3233 4761 σαρκικῶς
3268 4691 3372 4743 καὶ
3402 4690 3579 4762 43:141-

2002 4758 2127 4882 χώς,
2158 4758 2219 4813 Β.
2252 4758 2323 4799 -ἔ-
2356 4759 2486 4832 Leg.
2518 4758 2857 4839 γεννήσασαν
2889 4774 2988 4830 pro
3027 4758 3379 4831 γεννήσαντα.
3414 4760 3575 4817 Eutr.

2050 4846 2247 4883 ATROL.

2072 4872 2281 4973 (θθῖῖιι
2336 4899 2579 4973 B._post_
2624 4899 2954 4973 κληθήσεται
3002 4899 3185 4956 statim
3254 4902 3505 4971 sequitur
3552 4914 3572 4953 :

2007 4969 2197 5042 ὦάτεερ
2224 4969 2332 5042 γὰρ
2359 4972 2387 5023 ὁ
2419 4969 2630 5042 ἐχθρός.

325 5385 787 5459 sevenisse--4?
883 5456 897 5459 _
1126 5454 1137 5459 _
1397 5458 1403 5459 ,
1666 5454 1678 5459 _

2010 5404 2123 5459 cap.
2159 5385 2250 5459 25.
2271 5417 2275 5421 ν

396 5455 507 5531 (66)
533 5453 617 5509 Al.
647 5454 762 5531 Pici
801 5456 1005 5531 codex:
1039 5454 1548 5531 ratirqycpupéeetv,
1579 5454 1785 5531 ταύτην
1810 5453 1891 5531 ei}

2212 5458 2276 5531 in
2304 5458 2365 5512 B.
2400 5459 2549 5531 deest
2581 5460 2762 5529 φησίν.

332 5458 335 5459 ⁷
396 5458 507 5526 (66)
533 5458 617 5509 ΑΙ.
647 5458 762 5510 Pici
801 5458 1005 5520 codex,
1039 5458 1245 5528 ταύτην
1276 5458 1548 5531 φορέσειν,
1579 5458 1682 5511 ταύ
1754 5472 1785 5509 ν
1810 5458 1891 5510 οἷ-

328 5541 447 5600 μαι,
474 5525 839 5600 ἠγαπημένοι.
871 5524 928 5579 In
968 5525 1028 5580 B.
1064 5535 1168 5600 est,
1200 5528 1376 5600 σάρκα
1408 5473 1768 5600 ἐνδύσεταιῖὶ
1799 5529 1894 5581 καὶ

2071 5458 2186 5598 (74)
2220 5458 2276 5513 1η
2304 5458 2365 5512 Β.
2400 5459 2549 5513 deest
2581 5460 2762 5529 φησίν-

2010 5597 2014 5600 »
2073 5529 2163 5597 (75
2212 5528 2569 5600 γει-διβδελ.
2605 5544 2778 5600 usque
2819 5527 2887 5581 ad
2928 5527 3121 5598 ὅρκους
3164 5527 3360 5581 desunt
3401 5527 3457 5582 in
3489 5525 3561 5582 Μ.

2000 5597 2211 5653 incuria
2238 5597 2465 5660 librarii,
2495 5608 2552 5653 ut
2581 5597 2811 5652 videtur.

2071 5669 2183 5738 (76)
2209 5667 2266 5722 In
2290 5668 2351 5721 Β.
2388 5669 2653 5738 sequitur,
2677 5669 2879 5738 σημεῖα
2907 5666 3002 5738 καὶ
3028 5666 3227 5737 τέρατα
3250 5665 3437 5721 ποιῶν.

2071 5734 2182 5809 (77)
2205 5738 2314 5820 Al,
2354 5734 2643 5811 διαγγελεῖ.
2674 5734 3137 5807 Βζδιαλεγόμενος
3167 5737 3392 5806 ἀγαπῶν
3427 5734 3565 5790 πάν-

1997 5823 2113 5872 τας.

325 5586 551 5669 πολεμεῖ
577 5586 696 5648 καθ’
721 5596 977 5669 ἑκάστην,
1004 5586 1467 5669 ταύτήνφὸρὼει.
1507 5586 1888 5669 ’ᾼλλά-τὰὖτην

323 5660 473 5737 οἶμαι
504 5666 869 5737 φανταστικὴν
893 5660 1081 5719 οὐσίαν
1109 5660 1452 5722 ἀναλάϐεται.
1482 5667 1580 5722 Διά
1607 5667 1765 5722 τοῦτο
1796 5660 1891 5723 κάὶ

324 5735 389 5785 ἐκ
421 5737 619 5806 μιαρᾶς
638 5736 814 5806 κόρης
828 5735 1100 5790 τίκτεται.
1250 5782 1260 5799 ,

417 5751 619 5856 stupe;
647 5751 814 5806 κορης
840 5751 1100 5790 τικτεται.
1250 5782 1260 5799 ,

398 5807 414 5863 ί
452 5804 507 5873 7)
550 5805 660 5859 Καὶ
690 5804 867 5877 σάρκα
896 5808 1008 5869 τοῖς
1050 5806 1260 5871 πολλοῖς
1288 5806 1744 5882 ἐμφανισθήσεται
1790 5826 1887 5880 φο-
