4090 6428
525 406 628 465 927

1295 399 1577 456 APPEND.
1623 397 1712 453 AD
1745 392 2026 451 PARTEM
2061 391 2104 447 11
2142 390 2426 450 OPERUM
2467 392 2526 447 S.
2570 383 2953 444 HIPPOLYTI.

3653 376 3761 436 928

526 526 674 583 debit
724 540 942 590 aurum,
993 535 1093 577 nec
1131 518 1316 591 diliget
1362 527 1667 590 argentum,
1717 514 1935 571 divitias
1982 529 2090 568 non

2191 509 2378 567 δυέτω
2402 514 2435 565 ό
2461 508 2634 577 ἣλιος
2668 506 2767 560 ἐπὶ
2809 503 2887 570 τῷ
2921 494 3304 571 παροργισμῷ
3328 497 3526 570 ὑμῶν·
3560 501 3762 571 χρυσὸν

526 618 903 689 amplectetur.

596 798 789 856 XXIV.
815 799 989 868 Atque
1014 797 1132 852 haec
1166 792 1353 850 omnia
1380 792 1541 848 faciet
1578 791 1808 848 consilio
1834 790 2090 845 simulato

527 910 594 950 ac
650 891 994 946 fraudulento
1032 905 1047 941 :
1081 903 1191 959 quo
1233 888 1621 944 circumveniat
1671 900 1892 949 omnes,
1940 892 2001 939 ut
2031 898 2091 940 se

528 998 708 1052 regem
739 990 943 1037 creent.
973 977 1109 1034 Nam
1144 978 1236 1034 ubi
1268 981 1450 1049 populi
1476 996 1542 1034 ae
1565 976 1939 1033 multitudines
1966 983 2088 1030 tan—

525 1084 608 1128 tas
633 1075 751 1144 ejus
781 1075 1005 1128 virtutes
1048 1082 1208 1142 atque
1245 1072 1532 1128 facultates
1558 1069 1944 1141 perspexerint,
1979 1081 2089 1122 uno

523 1181 795 1222 consensu
846 1163 1171 1218 convenient
1225 1178 1417 1218 omnes
1461 1176 1628 1215 unum
1680 1159 1735 1213 in
1786 1157 1987 1220 locum,
2018 1154 2087 1209 ad

522 1256 815 1313 creandum
847 1256 996 1309 illum
1029 1271 1229 1325 regem.
1262 1259 1338 1311 Ac
1366 1253 1708 1325 potissimum
1735 1248 2088 1304 Hebraeorum

521 1364 655 1419 gens
691 1362 801 1417 prae
832 1347 1086 1401 omnibus
1117 1346 1221 1416 ipsi
1254 1355 1484 1417 tyranno
1522 1344 1684 1401 chara
1716 1344 1850 1405 erit,
1874 1341 2086 1396 dicent-

521 1454 629 1508 que
659 1439 800 1493 alius
830 1438 922 1493 alii
947 1455 960 1490 :
988 1436 1244 1507 Nunquid
1281 1439 1333 1491 in
1368 1436 1714 1505 generatione
1742 1441 1928 1489 nostra
1953 1432 2081 1487 talis

523 1546 589 1586 ac
617 1538 727 1585 tam
770 1531 946 1585 bonus
977 1538 1031 1585 et
1056 1529 1237 1600 justus
1284 1531 1448 1584 homo
1480 1527 1713 1582 inveniri
1753 1525 1965 1595 potest?
1991 1524 2088 1578 Ju-

520 1622 623 1676 daei
653 1623 939 1692 praecipue,
971 1630 1031 1676 ut
1054 1622 1167 1691 jam
1191 1621 1323 1684 dixi,
1353 1630 1632 1689 sperantes
1658 1634 1716 1673 se
1748 1625 2087 1688 spectaturos

522 1711 674 1767 illum
724 1728 901 1782 regem
939 1713 1032 1766 tali
1083 1713 1137 1766 in
1192 1711 1440 1780 imperio,
1491 1725 1651 1779 quem
1699 1708 1961 1763 adeuntes
2000 1707 2087 1762 his

521 1804 702 1859 verbis
757 1805 1100 1874 alloquentur
1145 1819 1159 1857 :
1207 1803 1410 1858 Omnes
1460 1802 1555 1857 tibi
1609 1802 2078 1870 obtemperamus,

520 1910 710 1951 omnes
756 1896 810 1949 in
853 1904 905 1950 te
946 1896 1197 1951 fiduciam
1238 1894 1607 1959 collocamus,
1655 1892 2001 1962 agnoscimus
2033 1898 2085 1945 te

514 1986 723 2057 justum
778 2002 942 2056 super
992 2001 1208 2041 omnem
1268 1995 1502 2050 terram,
1553 1998 1744 2039 omnes
1784 1992 1876 2037 tua
1922 1997 2087 2052 opera

521 2078 751 2132 salutem
784 2093 885 2132 nos
910 2085 1300 2132 consecuturos
1330 2091 1634 2145 speramus,
1669 2083 1723 2129 et
1752 2091 1821 2130 ex
1862 2090 1956 2130 ore
1995 2082 2086 2130 tuo

516 2172 726 2238 justum
755 2176 810 2224 et
839 2170 1211 2239 incorruptum
1235 2167 1502 2238 judicium
1527 2164 1876 2235 accipiemus.

598 2349 762 2404 XXV.
821 2349 997 2420 Atque
1029 2349 1183 2404 initio
1211 2349 1430 2418 quidem
1480 2348 1715 2403 mendax
1766 2358 1821 2403 et
1865 2347 2087 2417 iniquus

520 2442 610 2496 ille
632 2443 864 2497 subdole
913 2443 1142 2512 gloriam
1211 2442 1353 2497 hanc
1408 2441 1753 2511 repudiabit:
1792 2449 1848 2495 at
1901 2454 2085 2511 perse-

518 2542 770 2589 verantes
816 2533 1063 2588 homines
1109 2541 1163 2586 et
1205 2533 1573 2596 obsecrantes,
1633 2534 1784 2588 illum
1840 2532 2081 2587 declara-

518 2623 656 2679 bunt
725 2640 926 2696 regem.
987 2623 1180 2679 Postea
1244 2625 1467 2679 extollet
1538 2623 1814 2687 animum,
1870 2630 1924 2676 et
1991 2621 2086 2691 qui

519 2717 671 2786 prius
697 2724 814 2771 erat
859 2724 1197 2781 mansuetus,-
1244 2717 1435 2771 evadet
1467 2713 1652 2780 ferox;
1697 2714 1791 2783 qui
1837 2713 2083 2768 dilectio-

519 2824 641 2864 nem
709 2809 1157 2879 amplectebatur,
1208 2808 1299 2864 ﬁet
1357 2808 1777 2873 immisericors;
1819 2808 1911 2877 qui
1970 2807 2088 2861 ani-

518 2915 668 2954 mum
695 2900 916 2970 gerebat
981 2900 1359 2967 summissum,
1415 2900 1680 2969 superbus
1714 2908 1877 2969 atque
1923 2898 2086 2952 inhu-

518 3007 714 3048 manus
769 2993 996 3059 evadet;
1072 2993 1168 3062 qui
1227 2992 1420 3047 oderat
1487 2991 1852 3061 injustitiam,
1904 2991 2085 3062 justas

519 3097 899 3155 persequetur.
958 3083 1165 3139 Deinde
1220 3084 1465 3139 sublatus
1528 3082 1586 3137 in
1623 3097 1847 3153 regnum
1898 3097 2081 3149 suum,

2190 605 2250 658 οὑ
2298 604 2586 675 κτήσεται,
2633 598 2891 671 ἀργύριον
2932 595 3031 649 οὐκ
3071 594 3379 668 ἀγαπήσει,
3426 592 3651 647 πλοῦτον
3692 594 3757 646 οὐ

2190 694 2491 767 προσίεται.

2256 799 2444 854 XXIV.
2491 799 2603 854 Kal
2645 794 2819 853 ταῦτα
2867 792 3041 850 πάντα
3084 796 3228 848 ποιεῖ
3266 792 3377 866 (78)
3423 791 3652 857 ὕπουλος
3681 791 3759 847 ὣν

2186 898 2281 948 καὶ
2324 894 2514 958 δόλιος,
2559 892 2655 947 καὶ
2699 891 2905 954 πάντας
2950 888 3115 943 θέλων
3160 886 3501 957 ἐξαπατῆσαι
3532 884 3667 955 πρὸς
3693 884 3759 939 τὸ

2186 986 2408 1055 ποιῆσαι
2445 985 2606 1038 αὐτὸν
2651 982 2892 1055 βασιλέαο
2927 984 3052 1036 ὅταν
3081 981 3190 1052 γὰρ
3220 980 3400 1033 ἴδωσιν
3431 981 3480 1034 οἱ
3512 979 3630 1033 λαοὶ
3660 980 3759 1034 καὶ

2185 1060 2234 1128 οἱ
2265 1075 2425 1147 δῆμοι
2459 1073 2720 1137 τοσαύτας
2756 1072 2957 1146 ἀρετὰς
2990 1072 3085 1127 καὶ
3111 1070 3376 1135 τοσαύτας
3403 1070 3568 1124 αὑτοῦ
3599 1069 3759 1125 δυνά-

2190 1185 2330 1238 μεις,
2364 1166 2563 1230 πάντες
2604 1167 2696 1220 ἐπὶ
2722 1166 2782 1219 τὸ
2811 1165 2943 1217 αὐτὸ
2976 1164 3087 1233 (79)
3131 1165 3228 1234 μιᾷ
3268 1161 3459 1236 γνώμῃ
3489 1162 3760 1234 συναχθή-

2188 1277 2368 1314 σονται
2394 1262 2485 1313 ἐπὶ
2512 1250 2572 1313 τὸ
2603 1260 2826 1329 ποιῆσαι
2854 1256 3013 1310 αὐτὸν
3040 1255 3282 1327 βασιλέα.
3308 1241 3557 1308 Μάλιστα
3585 1255 3668 1307 ὅτι
3693 1252 3758 1306 τὸ

2184 1352 2291 1405 τῶν
2332 1351 2597 1423 Ἐϐραίων
2623 1351 2777 1418 γένος
2807 1348 3222 1420 ἀγαπηθήσεται
3245 1347 3385 1417 ὑπὲρ
3417 1346 3625 1409 πάντας
3661 1347 3756 1399 ὑπ’

2185 1441 2348 1496 αὐτοῦ
2398 1441 2492 1496 τοῦ
2536 1441 2828 1512 τυράννου,
2868 1439 3114 1508 λέγοντες
3163 1436 3299 1510 πρὸς
3342 1435 3619 1507 ἀλλήλους’
3668 1434 3758 1507 Μὴ

2185 1532 2295 1607 ἄρα
2342 1533 2653 1606 εὑρίσκεται
2682 1530 2962 1596 τοσοῦτος,
2993 1529 3193 1598 ἀγαθὸς
3223 1528 3507 1599 ἄνθρωπος
3557 1526 3652 1580 καὶ
3681 1526 3760 1580 δί-

2187 1644 2339 1690 καιος
2366 1627 2424 1680 ὲν
2455 1628 2519 1696 τῇ
2558 1627 2720 1696 γενεᾷ
2750 1622 2940 1696 ήμῶνς
2983 1621 3322 1692 Ἐξαιρέτως,
3355 1620 3432 1684 ὡς
3473 1621 3755 1692 προεῖπον,

2182 1716 2245 1770 τὸ
2296 1716 2405 1770 τῶν
2447 1716 2712 1770 Ἰουδαίων
2765 1715 2952 1784 γένος,
3024 1711 3331 1782 νομίζοντες
3400 1711 3480 1764 ὅτι
3530 1708 3757 1780 βασιλέα

2185 1805 2345 1859 αὐτὸν
2385 1803 2668 1859 θεάσονται
2713 1805 2770 1856 ὲν
2799 1806 2865 1875 τῇ
2898 1803 3121 1876 τοιαύτῃ
3162 1802 3337 1874 ἀρχῇ,
3383 1800 3477 1854 καὶ
3528 1799 3761 1873 προσελ-

2186 1896 2367 1967 θόντες
2417 1896 2564 1967 αὐτῷ
2593 1880 3108 1964 λέγοντεςσὶΠάντες
3138 1910 3220 1946 σοι
3264 1890 3560 1962 πειθόμεθα
3601 1890 3756 1962 (80),

2252 1964 2375 2061 ΧΙσὲ
2404 1964 2740 2061 γνωρίζομεν
2768 1987 2972 2041 δίκαιον
3009 1985 3104 2038 ἐπὶ
3131 1986 3309 2038 πᾶσαν
3336 1984 3434 2053 τὴν
3460 1978 3583 2054 γῆν·
3619 1982 3760 2037 πάν-

2184 2008 2279 2134 24.
2312 2008 2372 2061 ae
2404 2008 2740 2061 vaptgopev
2768 2008 2972 2041 οικαιον
3009 2008 3104 2038 επι
3131 2008 3309 2038 πασαν
3336 2008 3434 2053 την
3460 2008 3582 2054 γηψ
3619 2008 3755 2037 παν·-

2246 2098 2274 2144 ς
2305 2080 2393 2134 διὰ
2422 2079 2515 2135 σοῦ
2560 2078 2795 2151 σωθῆναι
2829 2077 3136 2148 ἐλπίζομεν·
3170 2076 3264 2129 καὶ
3291 2075 3379 2129 διὰ
3416 2075 3510 2128 τοῦ
3550 2075 3755 2147 στόμα-

2183 2172 2274 2237 τός
2325 2191 2419 2227 σου
2467 2172 2730 2243 ἐλάϐομεν
2775 2169 2886 2242 (81)
2928 2170 3108 2242 κρίσιν
3154 2167 3369 2223 δικαίαν
3412 2167 3507 2222 καὶ
3549 2168 3756 2241 ἀδωρο-

2185 2263 2430 2335 δόκητον.
3574 2332 3578 2340 ι

2257 2354 2423 2410 XXV.
2464 2355 2574 2411 Καὶ
2602 2354 2670 2409 τὰ
2721 2352 2914 2427 πρῶτα
2976 2353 3072 2424 μὲν
3118 2350 3366 2415 ὑπούλως
3407 2349 3687 2423 χρώμενος
3725 2352 3756 2404 6

2184 2446 2426 2517 ψεύστης
2460 2448 2555 2501 καὶ
2586 2445 2806 2517 ἄνομος,
2839 2445 3234 2516 παραιτήσεται
3252 2444 3351 2515 τὴν
3375 2443 3533 2511 δόξαν
3558 2442 3758 2512 αὐτήνι

2184 2542 2235 2594 οἱ
2267 2540 2325 2593 δὲ
2364 2539 2639 2612 ἄνθρωποι
2679 2537 3076 2611 προσμένοντες
3107 2536 3217 2608 (8Ξ)
3259 2538 3352 2590 καὶ
3381 2534 3758 2608 παρακαλοῦν-

2185 2649 2296 2698 τες,
2334 2633 2494 2687 αὐτὸν
2525 2631 2855 2697 ἀναδείξουσι
2880 2628 2989 2701 (8'5)
3009 2628 3250 2699 βασιλέα.
3285 2629 3396 2683 Καὶ
3427 2627 3564 2699 μετὰ
3579 2627 3754 2680 ταῦτα

2186 2723 2413 2797 ὑψοῦται
2446 2725 2513 2795 τῇ
2536 2723 2749 2795 καρδίᾳ,
2779 2721 2872 2775 κα)⁵
2901 2722 2930 2773 6
2973 2718 3154 2792 πραῢς
3199 2719 3485 2792 πρότερον,
3530 2718 3755 2788 γενήσε-

2183 2834 2273 2872 ται
2309 2814 2555 2887 σοϐαρός·
2595 2813 2688 2867 καί
2717 2812 2745 2863 6
2777 2810 2997 2880 ἀγάπην
3033 2808 3264 2875 διώκων,
3311 2809 3598 2879 γενήσεται
3632 2808 3753 2860 ἀνε-

2183 2907 2419 2979 λεήμων·
2449 2906 2478 2957 6
2502 2904 2754 2967 ταπεινὸς
2778 2904 2845 2973 τῇ
2869 2901 3064 2971 καρδίᾳ
3109 2899 3240 2970 (84),
3275 2899 3572 2968 γενήσεται
3612 2895 3753 2966 ὑψη-

2183 2996 2274 3061 λὸς
2315 2996 2410 3051 καὶ
2437 2993 2819 3066 ἀπάνθρωπος·
2873 2991 2967 3044 καὶ
2999 2991 3027 3042 6
3053 2988 3224 3060 μισῶν
3254 2987 3486 3050 ἀδικίαν,
3527 2987 3653 3049 τοὺς
3678 2984 3754 3037 δι-

2186 3088 2374 3151 καίους
2420 3082 2761 3149 καταδιώξει.
2822 3082 3052 3134 Ἔπειτα
3110 3075 3478 3148 ἀνυψούμενος
3539 3075 3618 3138 εἰς
3656 3072 3753 3145 τὴν

520 3176 721 3232 bellum
747 3176 999 3240 instruet,
1031 3176 1220 3246 iraque
1269 3175 1509 3245 percitus
1541 3182 1653 3230 tres
1677 3188 1903 3244 magnos
1926 3189 2080 3244 reges

2185 3179 2378 3235 ἑαυτοῦ
2405 3178 2700 3250 βασιλείαν,
2734 3173 3035 3247 παρατάξει
3058 3170 3309 3240 πόλεμον·
3346 3168 3440 3221 καὶ
3484 3169 3631 3239 τρεῖς
3654 3164 3752 3234 βα-

518 3269 806 3337 pereutiet,
852 3267 1255 3339 Egyptiorum,
1305 3264 1596 3333 Afrorum,
1654 3274 1818 3334 atque
1864 3264 2083 3320 Ethio-

518 3374 673 3429 pum.
710 3360 840 3414 Inde
874 3359 1134 3428 templum
1181 3366 1466 3413 construct
1521 3355 1895 3426 Jerosolymis.
1939 3356 2083 3426 quod

519 3451 807 3505 confestim
838 3451 1134 3506 excitatum
1163 3450 1340 3505 tradet
1395 3449 1617 3505 .Iudaeis.
1668 3448 1804 3503 Tum
1834 3449 2085 3503 offeretur

521 3543 709 3598 animo
753 3542 807 3595 in
864 3557 1055 3596 omnes
1108 3542 1397 3597 homines:
1453 3541 1751 3611 quinetiam
1802 3541 1857 3595 in
1912 3540 2081 3595 Deum

521 3631 699 3699 ipsum
731 3630 1130 3685 contumeliosa
1149 3631 1312 3686 verba
1345 3633 1720 3702 proloquetur,
1742 3646 1967 3700 sperans
1987 3631 2084 3685 do-

518 3717 672 3772 losus
701 3717 791 3771 ille
818 3716 872 3770 in
905 3726 1184 3787 posterum
1216 3734 1275 3773 se
1307 3728 1572 3789 perpetuo
1604 3728 1958 3789 regnaturum
1991 3736 2087 3775 su-

511 3823 615 3878 per
638 3815 861 3874 terram,
918 3809 1174 3874 ignorans
1213 3810 1380 3867 miser
1436 3826 1874 3882 regnum-suum
1932 3811 2082 3866 brevi

518 3897 730 3952 irritum
765 3897 917 3966 fore;
941 3908 995 3953 et
1015 3903 1417 3971 quamprimum
1454 3917 1514 3957 se
1533 3912 1877 3980 recepturum
1901 3903 2080 3973 ignem

519 3997 765 4057 paratum
796 3989 899 4059 ipsi
927 4006 1050 4074 cum
1082 3991 1337 4047 omnibus
1367 3991 1458 4062 qui
1505 3993 1836 4047 crediderint
1870 4002 1924 4048 et
1961 4009 2081 4049 ser-

517 4080 718 4134 vierint
745 4080 846 4135 illi.
880 4079 1012 4134 Nam
1044 4096 1169 4136 cum
1201 4081 1391 4138 Daniel
1411 4082 1608 4138 dixerit
1637 4102 1650 4139 :
1692 4083 2082 4139 Testamentum

517 4168 850 4239 conﬁrmabit
875 4171 1058 4225 multis
1083 4171 1409 4227 hebdomade
1440 4188 1548 4226 una
1574 4173 1640 4237 7°,
1682 4182 1885 4243 septem
1909 4189 2083 4230 annos

519 4259 827 4313 declaravit.
861 4259 1155 4315 Dimidium
1177 4261 1530 4317 hebdomadas
1558 4263 1930 4333 prasdicabunt
1957 4279 2084 4335 pro-

2186 3271 2352 3333 σιλεῖς
2384 3268 2651 3339 μεγάλους
2685 3265 2796 3336 (85)
2847 3262 3077 3327 πατάξει
3116 3262 3173 3313 ὲν
3207 3259 3383 3331 θυμῷ,
3422 3259 3750 3326 Αἰγυπτίων,

2182 3359 2418 3422 Λιϐύων,
2442 3358 2536 3412 καὶ
2568 3355 2859 3408 Αἰθιόπων.
2892 3353 3003 3406 Καὶ
3029 3350 3166 3422 μετὰ
3191 3350 3365 3403 ταῦτα
3397 3351 3607 3419 ποιήσει
3642 3347 3753 3418 (86)

2180 3452 2271 3505 τὸν
2303 3450 2427 3504 ναὸν
2457 3448 2547 3501 τὸν
2580 3450 2637 3499 ὲν
2680 3442 3084 3516 Ἱεροσολύμοις,
3128 3443 3222 3495 καὶ
3262 3441 3558 3510 ἀναστήσει
3590 3436 3751 3493 αὐτὸν

2182 3546 2240 3597 ὲν
2259 3542 2436 3613 τάχει,
2468 3541 2561 3594 καὶ
2613 3538 2882 3593 ἀποδώσει
2915 3537 3076 3590 αὑτὸν
3120 3538 3231 3599 τοῖς
3281 3532 3567 3593 Ἰουδαίοις.
3618 3524 3756 3581 Εἶτα

2182 3633 2526 3703 ὑψωθήσεται
2563 3633 2627 3702 τῇ
2680 3629 2878 3701 καρδίᾳ
2908 3626 3048 3681 κατὰ
3102 3624 3301 3686 παντὸς
3333 3619 3650 3693 ἀνθρώπουο
3687 3619 3747 3670 οὐ

2185 3722 2290 3795 μὴν
2322 3721 2455 3775 ἀλλὰ
2506 3721 2601 3774 καὶ
2644 3720 2784 3773 κατὰ
2835 3717 2927 3772 τοῦ
2974 3714 3107 3770 Θεοῦ
3168 3714 3457 3785 βλάσφημα
3506 3710 3753 3781 λαλήσει,

2180 3813 2350 3869 δοκῶν
2379 3816 2408 3867 6
2431 3812 2621 3877 δόλιος,
2653 3812 2734 3864 ὅτι
2760 3810 2820 3864 τὸ
2848 3808 3034 3862 λοιπὸν
3067 3807 3176 3877 (87)
3208 3803 3458 3876 βασιλεύς
3486 3805 3632 3856 ὲστιν
3659 3800 3751 3852 ἐπὶ

2180 3907 2284 3978 γῆς
2315 3906 2420 3968 ἓως
2449 3903 2543 3959 τοῦ
2576 3902 2789 3967 αἰῶνος,
2829 3901 2903 3972 μὴ
2934 3898 3213 3968 γινώσκων
3237 3899 3264 3950 6
3293 3892 3755 3977 ταλαιπωροςβτε

2180 4000 2214 4069 ἡ
2245 3996 2488 4069 βασιλεία
2513 3994 2677 4050 αὑτοῦ
2711 3996 2768 4048 ὲν
2795 3992 2949 4063 τάχει
2996 3991 3367 4061 καταργεῖται,
3404 3985 3498 4039 καὶ
3546 3984 3749 4053 ἀπολή-

2178 4086 2339 4156 ψεται
2360 4086 2430 4138 »τὸ
2459 4083 2860 4156 ἡτοιμασμένον
2894 4079 3007 4150 πῦρ
3030 4076 3177 4148 αύτῷ
3208 4079 3265 4131 ὲν
3288 4077 3441 4147 τάχει
3476 4074 3617 4145 (88),
3655 4074 3751 4126 σὺν

2180 4179 2313 4233 πᾶσι
2366 4181 2478 4241 τοῖς
2528 4175 2868 4246 πειθομένοις
2913 4172 3022 4245 (89)
3069 4170 3249 4242 αὐτῷ,
3312 4169 3406 4223 καὶ
3466 4164 3752 4220 δουλεύσα-

2181 4287 2265 4326 σιν
2309 4269 2474 4341 αὐτῷ.
2537 4267 2642 4322 Τοῦ
2693 4268 2803 4340 γὰρ
2853 4264 3048 4335 Δανιὴλ
3095 4263 3368 4326 εἰπόντος·
3434 4257 3751 4328 Ἑϐδομάδα

519 4350 734 4420 phetae:
772 4353 1060 4409 dimidium
1093 4354 1469 4421 hebdomadae,
1510 4357 1615 4412 hoc
1641 4364 1726 4412 est
1749 4365 1858 4412 tres
1906 4369 2078 4415 annos

2183 4362 2321 4430 μίαν
2371 4360 2632 4429 θήσομαι
2682 4358 2795 4429 (90)
2832 4356 2946 4425 τὴν
2992 4352 3286 4421 διαθήκην
3318 4370 3457 4422 μου,
3512 4349 3579 4403 τὰ
3611 4348 3752 4403 ἑπτὰ

499 4450 641 4495 "cum
674 4443 925 4509 dimidio,
948 4446 1194 4515 regnabit
1241 4448 1612 4504 Antichristus
1651 4464 1815 4519 super
1839 4458 2077 4516 terram;

2179 4451 2273 4522 ἔτη
2325 4451 2585 4523 ἐδήλωσα
2646 4451 2706 4503 τὸ
2758 4451 2929 4520 ἥμισυ
2977 4448 3076 4519 τῆς
3125 4444 3413 4516 ἑϐδομάδος
3465 4442 3597 4514 (9|),
3653 4439 3750 4495 τοῦ

519 4542 641 4602 post
673 4535 947 4589 auferetur
995 4551 1219 4607 regnum
1272 4538 1418 4594 illius
1475 4548 1531 4594 et
1581 4540 1774 4611 gloria.
1809 4539 2082 4595 Advertite

2184 4542 2416 4614 κηρῦξαι
2446 4543 2571 4606 τοὺς
2611 4543 2917 4613 προφήτας·
2948 4539 3042 4593 καὶ
3086 4537 3149 4591 τὸ
3196 4536 3365 4607 ἥμισυ
3394 4536 3492 4606 τῆς
3523 4533 3749 4603 ἑϐδομά-

519 4623 613 4690 qui
643 4622 811 4678 Deum
840 4626 1086 4695 diligitis,
1129 4628 1309 4697 qualis
1361 4629 1582 4684 alllietio
1630 4630 1815 4686 futura
1866 4632 1940 4686 sit
1969 4631 2078 4686 illis

518 4716 886 4784 temporibus;
917 4718 1096 4787 qualis
1127 4734 1228 4772 nec
1255 4718 1357 4773 fuit
1391 4735 1421 4774 a
1451 4722 1836 4777 constitutione
1871 4721 2081 4786 mundi,

517 4823 617 4863 nec
642 4809 746 4863 erit
771 4810 906 4864 ultra
937 4827 953 4875 ;
981 4820 1036 4865 at
1065 4811 1171 4867 illis
1214 4812 1482 4869 duntaxat
1506 4815 1860 4885 temporibus.
1927 4814 2082 4871 Tunc

536 5092 559 5096 η
589 5031 635 5064 ⁷ο
666 5029 804 5086 Dan.
836 5047 911 5101 ιι,
951 5032 1042 5087 27.

726 5187 814 5259 βη
844 5188 1076 5259 ποιήσει.

587 5257 700 5324 (79)
730 5256 829 5322 ld.,
854 5261 933 5322 εἰς
957 5256 1020 5311 τὸ
1048 5257 1199 5312 αὐτό.

588 5326 705 5401 (80)
732 5328 810 5401 ln_
832 5326 892 5401 Β.
926 5329 1201 5401 sequitur,
1232 5327 1554 5401 νομίζοντες
1599 5330 1649 5383 οἱ
1682 5330 1913 5401 ἄφρονες
1952 5330 2081 5385 Ἰου-

515 5395 760 5471 δαϊοιᾏὸτι
789 5399 821 5468 ή
848 5395 1086 5471 βασιλεία
1121 5397 1296 5471 air:th
1313 5395 1507 5471 μέλλει
1534 5395 1954 5471 ἀναστήσασθαι,
1986 5402 2080 5471 καὶ⁵

521 5418 652 5450 οαιοι
679 5418 760 5450 οτι
789 5418 821 5468 η
848 5418 1086 5467 pactum
1121 5418 1296 5451 αυτων
1371 5418 1507 5452 εΛΛει
1534 5418 1954 5471 αναστησασυαι,
1986 5418 2080 5454 και

521 5466 904 5543 σπουδάζουσιν
945 5469 1092 5543 ὅπως
1130 5468 1304 5543 αὑτὸν.
1330 5418 1613 5543 ξθεάσονται
1655 5469 1712 5520 ὲν
1752 5473 1817 5541 τῇ
1858 5470 2080 5543 τοιαύτῃ

517 5534 691 5610 ἀρχῇ,
709 5529 802 5610 καλ
829 5529 1217 5610 προσέρχονται
1247 5537 1393 5610 αὑτῴ
1416 5539 1681 5610 λέγοντες,
1712 5529 1817 5595 etc:
2052 5529 2062 5545 ’

591 5591 702 5677 (si)
731 5591 1012 5677 ᾼάσώμενζ
1037 5591 1095 5661 in
1123 5610 1290 5663 altero
1318 5591 1428 5664 Pici
1456 5591 1659 5664 codice:

600 5675 711 5747 (82)
733 5675 829 5747 ΑΒη
867 5675 1290 5747 παραμένοντες.

591 5746 701 5811 (85)
733 5744 834 5809 ld.,
865 5744 1097 5800 ποιοῦσι.

591 5758 681 5811 (ab
734 5758 834 5809 ltl.,
865 5763 1097 5800 ποιουσι.

591 5758 702 5887 (84)
736 5813 909 5872 Verba
936 5819 1002 5887 τῇ
1042 5816 1235 5889 καρδίᾳ
1258 5817 1453 5876 desunt
1477 5819 1529 5875 in
1554 5818 1615 5874 Β.

2179 4633 2288 4698 δος,
2323 4635 2489 4705 ἤγουν
2521 4633 2589 4687 τά
2633 4633 2758 4705 τρία
2811 4634 2982 4703 ἥμισυ
3018 4630 3113 4700 ἐτη
3169 4628 3475 4699 βασιλεύσει
3504 4629 3533 4681 6
3572 4618 3749 4679 ’Ἄντι-

2180 4743 2399 4796 χριστος
2448 4725 2541 4778 ἐπὶ
2586 4726 2684 4797 τῆς
2714 4725 2834 4795 γῆς.
2868 4724 2978 4777 Καὶ
3019 4720 3157 4794 μετὰ
3202 4719 3360 4774 τοῦτο
3390 4718 3682 4790 ἀρθήσεται
3713 4719 3751 4788 ἡ

2183 4816 2425 4888 βασιλεία
2459 4817 2625 4873 αὑτοῦ
2672 4818 2830 4887 καὶὴ
2886 4814 3011 4881 δόξα
3068 4810 3201 4885 (92).
3248 4813 3460 4883 Ὁρᾶτε,
3494 4808 3755 4879 φιλόθεοι,

3750 5135 3785 5169 εν

2253 5192 2366 5264 (85)
2398 5192 2476 5248 Id.
2499 5208 2609 5253 non
2639 5193 2804 5249 habet
2831 5192 3114 5264 μεγάλους.

2252 5263 2364 5335 (88)
2396 5264 2480 5335 Β.,
2509 5263 2858 5335 ταπεινώσει.
2924 5331 2934 5335 _
3083 5333 3093 5335 ῃ
3138 5334 3143 5335 ν
3392 5332 3400 5335 Α
3522 5314 3529 5315 ,

2223 5331 2365 5415 ’(87⁷)
2420 5333 2538 5401 ld.,
2589 5333 2671 5387 ὅτι
2719 5331 3027 5404 βασιλεύσει
3072 5333 3161 5387 ἀεὶ
3207 5335 3303 5388 ἐπὶ
3351 5332 3452 5406 τὴν
3506 5332 3611 5403 γῆν
3663 5337 3744 5395 si;

2182 5420 2401 5466 αιωνας.

2274 5474 2363 5544 88)
2390 5473 2449 5526 1η
2469 5472 2531 5526 Β.
2551 5473 2748 5529 desunt
2774 5473 2934 5544 verba
2959 5474 3018 5526 ὲν
3037 5473 3213 5544 τάχει.

2274 5543 2364 5614 89)
2390 5544 2768 5614 ῌοθουμένοις,
2801 5543 2860 5596 Β.
2883 5545 3055 5614 male.

2254 5613 2366 5685 (90)
2396 5613 2479 5685 8.,
2508 5614 2760 5685 θύσομαι,
2788 5613 2945 5668 male.

2255 5682 2366 5751 (91)
2398 5682 2530 5738 Ibid.
2555 5682 2752 5739 desunt
2779 5685 2961 5747 verba,
2980 5684 3080 5752 τῆς
3110 5683 3417 5754 ἑϐδομάδος,

2252 5754 2363 5824 (92)
2396 5755 2504 5827 Τῆς
2533 5753 2803 5824 βασιλείας
2829 5754 2991 5808 αὑτοῦ
3023 5757 3054 5824 ή
3082 5753 3322 5820 δόξαίδ.
