4090 6368
258 374 362 431 929

1179 373 1452 432 SPURIA.
1491 405 1561 417 —
1597 374 1687 431 DE
1719 373 2312 435 CONSUMMATIONE
2347 380 2585 438 MUNDI.

3397 391 3506 446 930

255 493 343 549 οἵα
374 492 551 563 θλίψις
583 494 642 548 ὲν
670 496 793 560 ταῖς
848 496 1082 567 ἡμέραις
1127 494 1366 559 ἐκείναις
1415 497 1723 568 γενήσεται,
1752 497 1824 551 οἵα

1942 498 2163 568 iniquus
2189 500 2278 555 illc
2303 503 2443 558 elato
2464 503 2647 557 animo
2691 504 2964 559 daemones
2993 520 3129 561 suos
3159 512 3509 580 congregabit

255 587 314 640 οὐ
346 585 570 655 γέγονεν
603 586 710 640 ἀπὸ
739 586 1042 657 καταδολῆς
1074 586 1302 659 κόσμου,
1335 588 1440 641 οὐδ’
1462 589 1521 641 οὐ
1569 587 1642 659 μὴ
1668 585 1831 659 γένη-

253 697 340 734 ται
374 678 508 749 (95),
538 680 652 734 ἀλλ’
684 682 743 733 ὲν
769 680 995 744 ταύταις
1020 685 1139 745 ταῖς
1182 683 1418 755 ἡμέραις
1441 683 1622 753 μόνον’
1652 683 1774 736 τότε
1803 685 1832 737 ό

1942 591 2178 646 humana
2205 595 2420 663 specie:
2456 607 2509 650 et
2554 611 2649 651 eos
2678 597 2773 666 qui
2804 598 2955 651 illum
3006 600 3075 654 ad
3114 616 3340 671 regnum
3368 603 3508 659 invi-

1939 694 2144 753 tarunt,
2180 688 2439 755 fastidiet,
2474 692 2795 763 animasque
2822 694 3019 750 multas
3069 695 3394 765 inquinabit.

253 773 455 845 ἄνομος
487 774 745 844 ἐπαρθεὶς
791 778 856 846 τῇ
905 776 1122 848 καρδίᾳ,
1185 778 1401 842 συνάςει
1432 780 1557 842 τοὺς
1608 777 1801 832 ἑαυτοῦ
1832 779 2094 851 δαίμονας
2126 786 2184 836 ὲν
2215 786 2452 856 σχήματι
2491 788 2812 860 ἀνθρώπων,
2866 789 2958 843 καὶ
3007 792 3132 853 τοὺς
3167 793 3506 863 προσκαλου-

261 868 454 938 μένους
484 869 591 940 (94)
620 869 781 922 αὑτὸν
827 872 920 924 ἐπὶ
961 872 1060 943 τὴν
1096 872 1369 943 βασιλείαν
1402 873 1730 945 βδελύξεται,
1766 876 1861 928 καὶ
1894 877 2093 942 πολλὰς
2123 880 2301 950 ψυχὰς
2342 886 2541 952 μιανεῖ.

325 986 516 1043 XXVI.
553 989 771 1062 Ποιήσει
806 990 915 1062 γὰρ
966 992 1149 1055 αὐτοῖς
1183 977 1292 1063 (95)
1327 993 1595 1065 ἄρχοντας
1626 995 1689 1047 ὲκ
1721 995 1834 1047 τῶν

258 1079 541 1150 δαιμόνων.
587 1082 698 1135 Καὶ
730 1083 830 1136 οὐκ
858 1083 936 1136 ἔτι
969 1083 1045 1147 ὡς
1073 1083 1330 1154 εὐλαϐής,
1370 1082 1505 1138 ἀλλὰ
1561 1084 1742 1138 πάντα
1777 1087 1834 1138 ἐν

260 1173 421 1227 πᾶσιν
456 1172 747 1245 αὐστηρὸς,
799 1174 1091 1246 ἀπότομος,
1131 1175 1345 1247 ὀργίλος
1366 1217 1379 1241 ,
1415 1174 1694 1247 θυμώδης,
1725 1175 1834 1229 δει-

257 1262 343 1326 νὸς
394 1262 539 1335 (96),
595 1267 985 1331 ἀκατάστατος,
1044 1267 1291 1340 φοϐερὸς,
1345 1268 1533 1340 ἀηδὴς,
1576 1268 1830 1340 μισητὺς,

256 1354 556 1426 βδελυκτδς,
598 1359 890 1430 ἀνήμερος,
931 1359 1202 1431 ἀλάστωρ,
1259 1360 1511 1432 πονηρός·
1544 1361 1638 1414 καὶ
1663 1376 1829 1412 σπου-

250 1446 427 1512 δάζων
466 1451 724 1521 ἐμϐαλεῖν
781 1454 861 1515 είς
896 1451 1088 1523 βόθρον
1115 1452 1390 1516 ἀπωλείας
1423 1454 1530 1505 πᾶν
1560 1452 1620 1506 τὸ
1671 1438 1830 1522 γένος

249 1539 356 1594 τῶν
390 1540 714 1613 ἀνθρώπων,
773 1543 1040 1614 ’πληθυνεῖ
1097 1548 1298 1615 σημεῖα
1351 1544 1520 1616 ψευδῆ
1553 1545 1685 1616 (97)·
1720 1545 1828 1598 τῶν

248 1630 392 1685 λαῶν
439 1631 548 1704 γὰρ
603 1635 856 1688 ἁπάντων
889 1636 1345 1707 ἀνευφημούντων
1399 1636 1559 1689 αὐτὸν
1592 1636 1704 1707 (98)
1737 1636 1826 1690 διὰ

248 1722 347 1788 τὰς
411 1725 729 1793 φαντασίας,
785 1728 1087 1798 κραυγάσει
1137 1728 1318 1799 φωνὴν
1374 1728 1618 1800 ἰσχυρὰν,
1661 1727 1735 1792 ὥς
1764 1745 1824 1781 τε

2004 994 2195 1054 XXVI.
2232 999 2441 1071 Quippe
2491 1002 2766 1072 principes
2818 1004 2900 1059 eis
2949 1005 3242 1059 constituet
3273 1020 3339 1060 ex
3386 1006 3499 1062 dae—

1932 1091 2207 1146 monibus.
2238 1091 2347 1147 Nec
2365 1093 2479 1163 jam
2506 1094 2652 1148 velut
2677 1094 2988 1165 religiosus,
3014 1096 3106 1151 sed
3144 1098 3300 1166 plane
3322 1109 3506 1153 auste-

1930 1196 2048 1248 rus,
2085 1197 2331 1247 severus,
2396 1184 2713 1251 iracundus,
2767 1185 2961 1255 plenus
3011 1188 3498 1255 excandescentize,

1934 1275 2296 1343 truculentus,
2322 1277 2662 1343 inconstans,
2715 1278 2989 1345 terribilis,
3017 1279 3219 1349 gravis,
3254 1280 3505 1350 odiosus,

1934 1374 2294 1436 contemptor,
2329 1368 2577 1433 immitis,
2612 1368 2897 1435 exitiosus,
2922 1384 3176 1437 mquam,
3212 1368 3266 1422 in
3287 1385 3352 1424 eo
3380 1377 3503 1425 stu-

1931 1460 2081 1514 dium
2129 1469 2182 1514 et
2239 1476 2459 1530 operam
2508 1462 2809 1530 collocans,
2868 1472 2929 1517 ut
2973 1465 3287 1519 universum
3328 1481 3501 1536 genus

1932 1553 2215 1607 hominum
2251 1555 2302 1608 in
2341 1553 2545 1610 fossam
2579 1556 2830 1611 interitus
2861 1556 3138 1626 conjiciat,
3166 1557 3321 1626 signa
3364 1557 3500 1613 falsa

1930 1644 2333 1714 multiplicabit.
2386 1644 2613 1701 Cunctis
2665 1647 2812 1702 enim
2844 1649 3059 1717 populis
3109 1647 3286 1703 fausta
3317 1649 3502 1704 omnia

1928 1736 2372 1803 acclamantibus,
2407 1747 2626 1809 propter
2652 1738 2893 1809 objectas
2921 1739 3153 1809 species,
3185 1740 3492 1795 vehementi

247 1816 579 1888 σαλευθῆναι
612 1818 703 1871 τὸν
732 1817 915 1884 τόπον,
938 1821 995 1873 ἐν
1028 1812 1070 1889 ᾧ
1097 1822 1147 1873 οἱ
1173 1820 1315 1890 ὄχλοι
1348 1820 1495 1891 αὐτῷ
1528 1821 1823 1892 παρειστή-⁸

1927 1837 1981 1883 et
2003 1828 2191 1898 grandi
2221 1843 2356 1884 voce
2400 1829 2680 1896 clamabit,
2731 1830 2807 1885 ita
2836 1839 2897 1885 ut
2939 1841 3222 1886 moveatur
3248 1832 3404 1886 locus
3442 1831 3497 1886 in

244 1921 439 1963 κεσαν⁶
486 1909 706 1974 Γνῶτε,
769 1911 927 1974 λαοί,
986 1913 1084 1967 καὶ
1130 1914 1315 1981 φυλαί
1350 1912 1459 1983 (99)
1515 1913 1614 1966 καὶ
1654 1913 1818 1980 ἔθνη,

244 2000 359 2070 τὴν
389 1999 547 2070 ἐμὴν
600 2001 873 2072 μεγάλην
918 2003 1229 2069 ἐξουσίαν,
1267 2006 1364 2059 καὶ
1404 2005 1681 2075 δύναμιν,
1724 2006 1823 2059 καὶ

240 2093 360 2162 τὴν
409 2094 595 2164 ἰσχὺν
644 2095 756 2163 τῆς
798 2096 949 2167 ἐμῆς
989 2097 1347 2163 βασιλείας·
1394 2098 1486 2162 τίς
1516 2094 1827 2163 δυνάστης

243 2185 456 2253 μέγας,
497 2187 577 2253 ὡς
615 2188 764 2256 ἐγώ;
828 2190 919 2255 τίς
955 2189 1099 2256 Θεὸς
1123 2188 1311 2259 μέγας
1336 2189 1411 2261 (l)
1440 2189 1608 2257 πλὴν
1645 2188 1827 2257 ἐμοῦ;

242 2278 334 2343 τίς
375 2277 455 2347 τῇ
505 2277 620 2348 ἐμῇ
678 2279 930 2348 ἐξουσίᾳ
985 2281 1440 2347 ἁντιστήσεται;
1485 2283 1827 2351 Μεταστήσει

243 2371 345 2443 ὄρη
376 2375 436 2426 ὲν
470 2372 767 2444 ὀφθαλμοῖς
788 2372 897 2425 τῶν
930 2371 1298 2445 θεωρούντων,
1336 2373 1697 2445 περιπατήσει
1727 2371 1827 2442 τὴν

244 2461 520 2518 θάλασσαν
551 2464 805 2536 ἀϐρόχοις
837 2465 986 2529 ποσὶ,
1040 2465 1265 2532 κατάξει
1313 2465 1423 2538 πῦρ
1466 2464 1525 2530 ἐξ
1573 2463 1824 2535 ούρανοῦ,

244 2556 591 2628 ποιήσειαὴν
641 2557 852 2629 ἡμέραν
884 2557 1093 2622 σκότος,
1125 2558 1217 2611 καὶ
1255 2557 1354 2629 τὴν
1385 2555 1554 2610 νύκτα
1590 2556 1821 2627 ἡμέραν·

241 2648 337 2702 τὸν
366 2648 520 2719 ¹ἥλιον
575 2649 936 2720 μεταστρέφει
966 2650 1101 2702 ὅπου
1159 2647 1423 2718 βούλεται⁸
1469 2648 1563 2700 καὶ
1607 2646 1823 2713 ἁπαξα-

244 2739 418 2803 πλῶς,
445 2740 623 2793 πάντα
654 2740 722 2793 τὰ
772 2741 1009 2810 στοιχεῖα
1037 2736 1137 2809 τῆς
1160 2738 1265 2808 γῆς
1295 2739 1390 2792 καὶ
1426 2724 1525 2809 τῆς
1555 2737 1827 2808 θαλάσσης

244 2833 304 2885 ὲν
336 2830 562 2903 δυνάμει
600 2832 697 2901 τῆς
728 2832 1031 2902 φαντασίας
1058 2830 1245 2894 αὐτοῦ,
1276 2828 1505 2884 ἐνώπιον
1545 2828 1655 2883 τῶν
1689 2828 1826 2881 θεω-

244 2923 484 2999 ρούντων
517 2920 784 2991 ἀναδείξει
817 2924 1032 2995 ὑπήκοα
1065 2924 1162 2997 (2).
1189 2925 1254 2978 Εἰ
1285 2922 1394 2998 γὰρ
1416 2922 1576 2985 αὐτὸς
1604 2921 1678 2993 μὴ
1703 2938 1825 2990 φαι-

240 3016 470 3087 νόμενος
498 3014 673 3086 ἄρτιό
706 3014 821 3078 υίὸς
852 3014 953 3086 τῆς
1007 3013 1303 3078 ἀπωλείας,
1355 3011 1547 3084 ὁρατὸν
1583 3009 1661 3082 (5)
1691 3013 1723 3081 ἡ
1735 3012 1825 3082 μίν

240 3108 476 3179 πόλεμον
538 3106 673 3179 πρὸς
728 3106 907 3177 μάχας
944 3105 1039 3160 καὶ
1089 3105 1303 3174 σῳαγάς
1362 3105 1557 3173 ὲπάγει
1624 3105 1718 3157 καὶ
1747 3102 1824 3177 (4)

1927 1938 2038 1993 quo
2070 1922 2240 1977 turba:
2277 1924 2548 1978 astiterint
2595 1924 2643 1978 ei
2674 1942 2688 1978 :
2737 1921 3052 1992 Perspicile,
3104 1922 3303 1992 populi,
3333 1923 3501 1978 tribus

1927 2030 1989 2066 ac
2018 2024 2215 2084 gentes,
2245 2029 2492 2084 magnam
2534 2029 2705 2067 meum
2748 2022 3059 2082 potestatem
3084 2029 3146 2066 ac
3192 2021 3499 2081 potentiam,

1927 2106 2162 2174 viresque
2195 2105 2401 2174 imperii
2443 2106 2566 2158 mei.
2622 2105 2753 2169 Quis
2781 2105 3021 2174 princeps
3049 2113 3159 2157 tam
3188 2115 3392 2173 potens,
3420 2113 3500 2158 at~

1927 2213 2024 2268 que
2052 2197 2184 2267 ego?
2207 2196 2337 2261 Quis
2369 2194 2507 2250 Deus
2536 2212 2779 2265 magnus,
2834 2206 3026 2267 prater
3069 2196 3189 2250 me?
3238 2194 3502 2251 Potentia

1927 2304 2055 2343 mea
2076 2288 2193 2358 quis
2220 2287 2468 2342 resistet?
2502 2284 2818 2341 Transferet
2870 2294 3087 2340 montes
3141 2293 3264 2339 ante
3308 2284 3502 2339 oculos

1927 2378 2315 2450 spectantium,
2343 2377 2504 2434 siccis
2544 2377 2771 2446 pedibus
2800 2377 3107 2431 ambulabit
3129 2390 3294 2446 super
3323 2390 3497 2441 mare,

1927 2473 2158 2527 deducet
2181 2474 2359 2544 ignem
2391 2487 2422 2526 e
2443 2459 2610 2535 caelo,
2642 2478 2925 2524 convertet
2947 2470 3092 2524 diem
3131 2467 3186 2522 in
3219 2468 3499 2534 tenebras,

1927 2573 1980 2619 et
2006 2572 2217 2620 noctem
2243 2564 2298 2617 in
2332 2563 2475 2618 diem
2507 2581 2520 2617 :
2554 2562 2723 2616 solem
2752 2561 3087 2632 circumaget
3118 2574 3226 2630 quo
3254 2559 3497 2614 libuerit.

1925 2655 1991 2710 Et
2015 2665 2072 2711 ut
2097 2655 2268 2711 semel
2295 2654 2491 2722 dicam,
2519 2654 2787 2708 elementa
2816 2652 2998 2706 omnia
3035 2663 3193 2706 terrae
3221 2651 3502 2721 marisque

1924 2750 1976 2804 vi
2010 2749 2204 2803 oblatae
2236 2747 2594 2819 apparitionis
2623 2762 2652 2799 a
2677 2760 2736 2800 se
2779 2760 2965 2801 ceram
2992 2744 3365 2814 spectantibus
3405 2743 3503 2797 ob-

1925 2848 2227 2910 temperare
2279 2839 2383 2894 sibi
2425 2836 2840 2893 demonstrabit.
2891 2835 3029 2890 Nam
3082 2835 3128 2890 si
3178 2834 3296 2905 ipse
3334 2833 3502 2890 modo

1924 2945 2033 2986 non
2058 2930 2389 3001 conspicuus
2417 2929 2562 2984 ﬁlius
2589 2927 2936 2999 perditionis,
2982 2926 3273 2982 visibiliter
3303 2933 3487 2980 tamen

1927 3022 2088 3079 nobis
2114 3022 2317 3078 bellum
2341 3022 2409 3076 ad
2438 3034 2647 3091 pugnas
2668 3028 2723 3075 et
2750 3019 2924 3074 caedes
2955 3017 3201 3073 immittit
3223 3024 3386 3087 atque
3408 3032 3499 3073 ex-

1927 3115 2098 3171 citat:
2132 3123 2265 3170 tunc
2298 3129 2421 3170 cum
2459 3113 2511 3167 in
2530 3112 2762 3187 Ipmpria
2806 3124 3036 3182 persona
3061 3109 3243 3165 veniet
3265 3109 3405 3179 ipse,
3433 3123 3499 3164 ac

240 3200 497 3272 ὲρεθίζει,
530 3200 653 3252 τότε
684 3197 845 3262 αὐτὸς
875 3199 1003 3251 ὅταν
1048 3197 1216 3271 μέλλῃ
1260 3194 1700 3268 αὐτοπροσώπως
1731 3195 1823 3268 ἔρ-

1926 3223 2052 3263 vere
2076 3207 2227 3262 illum
2264 3206 2516 3261 homines
2548 3204 2925 3267 intuebuntur,
2974 3216 3113 3271 quas
3142 3216 3250 3255 non
3281 3199 3495 3254 machi-

238 3291 434 3366 χεσθαι
463 3292 561 3363 (5),
614 3292 709 3345 καὶ
738 3289 961 3361 θεωρεῖν
996 3290 1158 3342 αὐτὸν
1199 3289 1249 3342 οἱ
1281 3286 1555 3359 ἄνθρωποι
1601 3288 1659 3340 ὲν
1689 3286 1823 3360 ἀλη-

238 3386 382 3459 θείᾳ,
408 3385 561 3448 τίνας
588 3382 689 3437 οὐκ
742 3381 1097 3455 εἰσπράξεται
1170 3380 1447 3453 μηχανὰς,
1502 3378 1596 3433 καὶ
1618 3379 1821 3445 δόλους,

235 3480 334 3532 καὶ
357 3476 680 3547 φαντασίας,
711 3476 847 3547 πρὸς
878 3473 941 3528 τὸ
964 3474 1169 3537 πάντας
1191 3470 1512 3545 ἀνθρώπους
1550 3469 1822 3542 πλανῆσαι

237 3573 334 3626 καὶ
368 3571 675 3642 ἀποστῆσαι
708 3570 774 3623 ὲκ
805 3569 904 3640 τῆς
934 3566 1054 3621 ὁδοῦ
1087 3563 1184 3638 τῆς
1200 3563 1483 3635 ἀληθείας,
1517 3559 1613 3616 κα)¹
1641 3563 1705 3615 ἐκ
1723 3561 1822 3634 τῆς

237 3662 412 3736 θύρας
431 3663 531 3733 τῆς
558 3660 834 3733 βασιλείας

312 3751 524 3806 XXVlI.
562 3743 694 3805 Εἴτα
737 3749 875 3822 μετὰ
928 3748 1104 3803 ταῦτα
1150 3746 1365 3811 πάντα,
1419 3746 1448 3799 ὁ
1500 3744 1727 3818 οὐρανὸς
1757 3745 1817 3798 οὐ

235 3847 401 3900 δώσει
433 3845 528 3917 τὴν
557 3845 745 3919 δρόσον
765 3842 951 3908 αὑτοῦ,
974 3843 1029 3896 αί
1045 3840 1266 3910 νεφέλαι
1286 3840 1347 3892 ού
1368 3837 1628 3892 δώσουσιν
1653 3837 1814 3908 ὕδωρ.

177 3982 182 3987 .
239 3938 373 4008 ήγῆ
406 3937 698 4007 ἀρνήσεται
756 3936 883 3997 τοὺς
936 3933 1181 4004 καρποὺς
1243 3929 1436 3999 αὐτῆς,
1492 3931 1527 4001 ή
1575 3928 1818 3983 θάλασσα

232 4027 503 4091 δυσωδίας
560 4026 978 4097 πληρωθήσεται
1028 4023 1127 4094 (7),
1163 4024 1212 4074 οἱ
1250 4021 1487 4091 ποταμοὶ
1544 4019 1817 4091 ξηρανθή-

232 4135 460 4185 σονται,
492 4120 539 4172 oi
574 4118 754 4189 ἰχθύες
802 4117 904 4187 τῆς
937 4114 1211 4186 θαλάσσης
1242 4111 1608 4183 τεθνήξονται,
1642 4111 1691 4163 οἱ
1724 4110 1816 4164 ἄν-

231 4211 541 4283 θρωποι’ὲκ
576 4209 668 4262 τοῦ
705 4206 864 4279 λιμοῦ
924 4205 1019 4259 καὶ⁸
1069 4205 1171 4274 τῆς
1201 4203 1359 4274 δίψης
1410 4202 1810 4272 τελευτήσουσιο

230 4306 328 4360 καὶ
356 4298 550 4374 πατὴρ
576 4301 667 4354 τὸν
692 4301 808 4352 υἱὸν
838 4296 1195 4370 περιπλακεὶς
1229 4293 1304 4366 (8)
1340 4292 1455 4365 ἃμα
1485 4291 1816 4346 ἀποθανοῦν-

1926 3314 2046 3364 nas,
2076 3297 2233 3351 dolos
2263 3312 2328 3351 ac
2358 3295 2567 3365 species
2592 3293 2869 3361 m‘olietur,
2900 3292 2964 3347 ad
2995 3291 3336 3347 seducendos
3364 3307 3500 3346 cun-

1925 3400 2045 3446 ctos
2072 3389 2327 3445 homines
2380 3397 2434 3443 et
2477 3385 2825 3443 abducendos
2851 3400 2883 3440 a
2913 3384 3002 3439 via
3040 3383 3288 3439 veritatis
3327 3390 3382 3438 et
3411 3397 3502 3437 re-

1884 3485 1891 3491 '
1923 3483 2017 3554 gni
2042 3491 2198 3552 porta
2221 3481 2239 3534 ί

1990 3750 2207 3807 XXVII.
2246 3749 2509 3822 Deinceps
2538 3758 2659 3821 post
2679 3750 2797 3805 haec
2818 3748 3006 3804 omnia
3033 3748 3231 3805 coelum
3255 3762 3364 3803 non
3398 3747 3496 3803 dn-

1920 3844 1999 3898 bit
2026 3857 2209 3897 rorem
2262 3857 2458 3907 suum,
2514 3843 2690 3895 nubes
2737 3856 2846 3895 non
2908 3840 3227 3909 praebebunt
3271 3846 3495 3909 aquam,

1920 3945 2066 3990 terra
2092 3935 2379 4004 denegabit
2414 3932 2627 3988 fructus
2659 3947 2811 4001 suos,
2867 3945 3021 3985 mare
3078 3929 3228 4000 gravi
3260 3928 3495 3997 replebi-

1919 4036 2011 4082 tur
2036 4029 2226 4093 odore,
2250 4026 2473 4080 ﬂumina
2500 4024 2949 4088 desiccabuntur,
2983 4021 3283 4075 morientur
3313 4019 3494 4088 pisces

1918 4118 2107 4185 maris,
2140 4117 2392 4174 homines
2444 4116 2589 4171 fame
2647 4114 2850 4184 sitique
2875 4111 3169 4183 peribunt;
3194 4118 3348 4181 pater
3375 4123 3492 4163 am-

1915 4211 2106 4280 plexus
2136 4209 2329 4274 tilium,
2384 4215 2557 4262 mater
2612 4207 2741 4260 item
2786 4204 2976 4267 ﬁliam,
3008 4217 3117 4256 una
3163 4200 3488 4268 morientur,

1915 4315 2017 4355 nec
2037 4301 2142 4356 erit
2165 4299 2259 4369 qui
2283 4297 2529 4369 sepeliat.
2562 4295 2766 4352 Verum
2805 4294 3057 4349 universa
3087 4301 3231 4348 terra
3264 4290 3489 4362 perfun-

229 4413 343 4460 ται,
404 4396 523 4450 καὶ
552 4394 736 4470 μήτηρ
766 4390 1040 4462 θυγατέρα
1086 4388 1304 4458 ὁμοίως
1332 4386 1424 4440 καὶ
1476 4384 1576 4439 οὐκ
1608 4383 1753 4439 ἔστιν
1784 4387 1814 4439 ὁ

1924 4393 2074 4447 detur
2125 4391 2320 4447 foetore
2373 4403 2665 4459 corporum
2705 4385 3129 4442 morticinorum
3161 4383 3367 4453 passim
3406 4383 3493 4451 ja-

216 4490 479 4545 ιθάπτων.
527 4487 664 4541 Ἀλλ’
694 4489 728 4558 ὴ
760 4486 831 4556 γῆ
866 4486 1014 4538 πᾶσα
1045 4486 1111 4537 ὲκ
1139 4482 1245 4537 τῶν
1297 4480 1566 4552 σωμάτων
1586 4479 1696 4533 τῶν
1720 4481 1809 4552 ep-

1924 4485 2177 4541 centium.
2202 4482 2353 4539 Mare
2378 4497 2598 4553 quoque
2656 4495 2767 4535 non
2792 4478 3060 4549 recipiens
3082 4475 3368 4532 ﬂuminum
3399 4475 3489 4530 in-

237 4581 517 4655 ριμμένων
562 4544 918 4649 θνησίμαίων,
952 4574 1217 4637 δυσωδίας
1261 4572 1333 4644 (9)
1368 4544 1805 4643 πληρωθήσεται.

1924 4590 2128 4643 cursus,
2158 4575 2299 4631 caeni
2342 4544 2525 4629 instar
2546 4572 2658 4638 ﬁet,
2690 4544 3011 4639 inﬁnitoque
3065 4576 3120 4621 et
3144 4566 3294 4636 gravi
3323 4564 3490 4620 odore

234 4678 346 4731 Καὶ⁹
376 4677 412 4748 ή
444 4674 688 4728 θάλασσα
737 4669 810 4743 μὴ
856 4668 1116 4741 δεχομένη
1143 4665 1253 4719 τῶν
1288 4664 1549 4736 ποταμῶν
1578 4658 1647 4717 τὰ
1685 4662 1812 4735 ῥεύ-

1924 4667 2232 4738 replebitur.
2267 4663 2405 4719 Tum
2434 4662 2604 4734 pestis
2644 4661 2939 4717 invalescet
2991 4673 3155 4728 super
3176 4656 3489 4713 universam

226 4859 235 4869 '
305 4898 419 4972 (95)
441 4897 745 4972 νοτίῃ-οἵα
794 4910 969 4972 usque
1018 4891 1087 4947 ad
1119 4892 1364 4963 γένηται,
1391 4904 1513 4961 quae
1555 4888 1610 4943 in
1647 4886 1808 4943 editis

1924 4885 2380 4972 ττιιξιέιηάληθξίφ-
2420 4878 3339 4972 211‘iV,°¢§f‘i‘59‘§§‘f“é;_..-.__

188 4946 827 5036 .dee‘ralnt,_suppleviex
860 4946 990 5036 113.7:
1064 4946 1070 4947 ί
1131 4946 1143 4961 ’
1238 4946 1250 4963 ⁸
1352 4946 1426 4961 ”

1947 5030 1960 5036 Δ
1983 4958 2058 5029 (6)
2086 4959 2181 5036 βη
2227 4946 2350 5028 ’τῆς
2389 4955 2623 5018 εὐθείας,
2657 4953 2753 5007 καὶ
2811 4946 2888 5004 ὲκ”
2933 4949 3032 5020 τῆς
3061 4946 3339 5019 βασιλείας
3376 4946 3486 5000 τῶν

326 5041 422 5107 94)
447 5028 523 5109 id.
535 5028 1136 5109 L'ripoamlsqauévouq.
1908 5028 2171 5101 οὐρανῶν.

316 5105 420 5182 βῦ)
454 5108 513 5182 ζει
541 5107 603 5161 Β.
626 5105 782 5182 deest
818 5105 1018 5182 αὐτοῖς.

300 5169 421 5252 ξ96)
453 5180 614 5252 ροεει
647 5175 777 5252 ibid.
806 5173 1131 5252 vocabulum
1158 5169 1345 5233 δεινός.

301 5244 418 5324 (97)
571 5244 771 5324 σημεῖα
794 5244 1044 5324 ξρεύδρυς.

303 5314 423 5394 (98)
453 5314 636 5394 ᾼύτρν
648 5314 834 5394 addidi
859 5330 890 5369 e

452 5391 511 5446 In
551 5389 612 5443 Β.
638 5388 836 5442 desunt
856 5384 1020 5439 verba
1051 5384 1146 5438 καὶ
1181 5380 1360 5452 φυλαί.

303 5398 383 5534 il)
408 5463 546 5519 Ibid.
582 5460 756 5534 μέγας
782 5459 976 5534 deest._
1040 5522 1080 5534 ﬁ

334 5466 383 5534 l)
400 5459 546 5519 'lbid.
582 5460 756 5534 μέγας
782 5459 956 5534 deest.

307 5522 385 5606 (2)
412 5535 570 5606 Deest
582 5522 694 5606 Troi
723 5522 939 5606 ὑπήκοα
962 5524 1016 5578 in

307 5590 385 5672 (5)
414 5605 501 5658 Al.
535 5602 652 5656 Pici
707 5590 880 5655 codex
910 5593 1139 5667 ὁρατῶς.
1171 5590 1277 5648 Sed
1322 5591 1378 5646 in
1434 5592 1497 5649 Β.
1552 5592 1802 5665 ἀοράτως

234 5678 367 5747 ἡμῖν
405 5672 677 5747 πρλεμῶγ·
708 5741 721 5747 ,
783 5694 787 5699 ’

184 5764 191 5772 ·
259 5730 385 5815 "tn
416 5730 594 5815 versa
622 5741 815 5809 ἐπάγει
842 5737 941 5815 κοεὲ
968 5736 1165 5815 (ἔθεμηὲ
1195 5734 1254 5815 Ξη
1289 5730 1352 5815 Br

420 5813 553 5868 ibid.
583 5799 867 5882 sequitur:
901 5808 1009 5861 Καὶ
1055 5803 1281 5876 ὁρᾶσθαι
1320 5803 1423 5857 ὑπὸ
1453 5801 1560 5856 τῶν
1594 5799 1804 5872 ἀνθρώ-

1980 5121 2059 5192 (7)
2102 5120 2161 5173 In
2210 5117 2270 5170 Β.
2307 5116 2596 5187 sequitur:
2642 5114 2707 5166 Οί
2764 5111 2941 5234 ἰχθύες
2970 5109 3141 5180 αὐτῆς
3179 5106 3481 5170 θυάξονται,

1982 5190 2217 5234 ποταμοὶ
2244 5186 2697 5234 ξηρανθήσονται.
2728 5185 2783 5234 αἱ
2842 5182 2991 5234 iuvat
3032 5178 3385 5234 τακήσονται,
3414 5176 3481 5228 τὰ

1908 5195 1957 5245 οἱ
1982 5176 2227 5260 ποταμοί
2244 5176 2697 5260 ξηρανθή-σονται,
2728 5176 3017 5260 αἴλίμναιλ
3032 5176 3385 5260 τακήσονται,
3414 5176 3483 5228 τὰ

1910 5247 2510 5334 φρέαταῈκλέίὶῖνειητᾶ
2559 5256 2727 5334 θηρία
2756 5247 2882 5314 τοὺς
2923 5247 3253 5334 ἀὶνθὴρῴπους
3276 5248 3481 5334 eiectiq-

1912 5315 2219 5403 στήσονται,
2243 5315 2325 5381 τὰ’
2341 5315 2513 5399 κτήνη
2554 5315 2649 5378 καὶ
2668 5323 2736 5378 τὰ
2759 5319 2979 5374 πετεινὰ
3009 5315 3281 5388 θνήξουσι,
3309 5317 3357 5367 οἱ
3386 5315 3481 5368 ἄν-

1909 5403 2140 5474 θρωποι,
2167 5408 2272 5454 etc.

1942 5521 1946 5528 ι
1970 5492 2060 5574 (8)
2108 5490 2268 5555 Ibid"
2325 5489 2421 5543 καὶ
2484 5487 2665 5559 μήτηρ
2732 5481 3037 5551 θυγατέρα,
3097 5477 3215 5548 ἅμα
3273 5475 3484 5532 ἀποθα-

1908 5579 2143 5618 νουνται.

1959 5655 2058 5726 (9)
2088 5653 2152 5726 1ηΔ
2178 5652 2239 5703 Β.
2267 5652 2467 5726 desunt
2486 5663 2608 5726 qua:
2632 5650 2937 5726 sequuntur
2966 5656 2995 5693 a
3018 5637 3281 5726 δυσωδίας

1909 5712 2122 5778 εΧτότε
2142 5723 2348 5792 λοιμός,
2374 5736 2484 5773 non
2506 5712 2644 5782 alia,
2692 5712 2750 5769 ut
2798 5712 3032 5778 videtur,
3079 5724 3268 5775 causa,
3310 5712 3477 5778 quam

1909 5795 2117 5853 librarii
2139 5792 2447 5849 oscitantia.
