4090 6390
576 389 676 448 951

1352 383 1636 441 APPEND.
1679 384 1772 440 AD
1810 383 2093 441 PARTEM
2126 380 2171 437 11
2209 381 2492 441 OPERUM
2529 386 2587 440 S.
2630 382 3010 440 lllPPOLYTl.

3722 385 3829 440 952

575 514 810 573 terram;
848 516 962 561 tum
996 503 1313 561 lamentatio
1342 520 1537 564 carens
1567 506 1717 561 omni
1750 507 2154 573 consolatione,

2264 522 2427 575 ματα,
2466 504 2726 577 βορϐόρου
2754 506 2909 577 δίκην
2936 473 3243 576 γενήσεται,
3271 503 3364 558 καὶ
3403 477 3579 574 ὀσμῆς
3600 503 3829 576 ἀπείρου

579 605 697 653 tum
726 597 967 666 ejulatus
999 596 1345 663 immodicus,
1379 606 1492 651 tum
1522 597 1680 654 fletus
1711 598 1981 653 continui.
2013 597 2152 653 Tum

581 688 832 745 nomines
856 690 1045 744 beatos
1066 687 1437 758 praedicabunt
1462 704 1579 756 eos,
1602 689 1695 759 qui
1724 698 1882 744 antea
1906 691 2157 746 decesse-

578 790 727 847 runt,
758 782 1002 836 dicentes
1026 781 1105 835 eis
1133 799 1146 833 :
1193 780 1409 849 Aperite
1435 782 1683 849 sepulcra
1712 792 1918 847 vestra,
1947 798 2158 853 nosque

578 875 812 929 miseros
837 872 1094 943 excipite.
1126 872 1345 942 Aperite
1388 872 1600 930 loculos
1631 883 1865 939 vestros,
1898 883 1959 930 ut
1981 876 2157 931 susci-

576 966 741 1035 piatis
771 966 1112 1021 miserabiles
1166 974 1428 1037 cognatos
1473 982 1537 1022 ac
1578 966 1878 1024 familiares
1917 978 2151 1026 vestros.

574 1056 725 1113 Beati
752 1058 887 1113 estis
911 1074 1032 1122 vos,
1062 1060 1154 1129 qui
1182 1075 1289 1114 non
1330 1058 1617 1130 spectastis
1640 1061 1757 1115 dies
1810 1061 1966 1117 istos.
2004 1061 2155 1117 Beati

574 1167 697 1217 vos,
730 1151 824 1220 qui
857 1167 965 1207 non
991 1151 1206 1207 vidistis
1232 1152 1399 1206 vitam
1429 1153 1589 1208 istam
1633 1160 1712 1208 tot
1755 1154 1972 1209 dolores
1995 1155 2156 1211 nobis

575 1250 633 1296 et
657 1243 936 1299 cruciatus
970 1242 1284 1297 afferentem
1313 1264 1329 1311 ί
1360 1259 1461 1298 nec
1486 1253 1691 1314 pestem
1723 1245 1907 1309 istam,
1931 1245 2158 1301 vincen-

577 1340 685 1388 tem
708 1334 893 1389 omnia
915 1335 1190 1401 rcmedia;
1225 1350 1401 1405 neque
1423 1335 1805 1391 necessitatem
1828 1336 2012 1403 istam,
2035 1352 2157 1406 quae

577 1436 810 1496 occupat
844 1427 1060 1482 animas
1091 1434 1333 1482 nostras.

646 1777 889 1837 XXVIII.
938 1779 1071 1837 lnde
1108 1780 1358 1853 impurus
1389 1781 1479 1838 ille
1529 1783 1786 1839 mandata
1838 1783 2015 1839 mittet
2060 1798 2158 1854 per

2258 597 2351 651 καὶ
2382 598 2647 662 δυσωδίας
2697 590 3313 669 πληρωθήσεταιλΤὸτε
3365 596 3551 667 λοιμὸς
3615 595 3833 667 ἰσχυρὸς

2257 690 2350 743 ἐπὶ
2378 692 2557 743 πᾶσαν
2588 689 2686 761 τὴν
2716 690 2839 759 γῆν,
2870 690 2993 743 τότε
3014 688 3209 760 θρῆνος
3239 686 3689 759 ἀπαραμύθητος,
3710 687 3832 741 τότε

2258 779 2530 850 κλαυθμὸς
2567 780 2802 851 ἄμετρος
2822 819 2837 844 ,
2870 779 2993 832 τότε
3044 777 3335 848 στεναγμοὶ
3384 776 3669 830 ἄπαυστοι.
3700 776 3833 829 Τότε

2263 872 2657 944 μακαρίσουσιν
2697 872 2806 943 (10)
2867 872 2917 925 οἱ
2964 869 3240 941 ἄνθρωποι
3286 868 3414 932 τοὺς
3468 867 3833 940 προτεθνηκό-

2258 981 2377 1027 τας,
2430 964 2680 1032 λέγοντες
2731 963 2868 1035 πρὸς
2921 961 3135 1025 αὐτούς·
3180 959 3447 1025 ’Δνοίξατε
3484 960 3610 1023 τοὺς
3630 961 3833 1029 τάφους

2258 1052 2411 1124 ὑμῶν
2452 1053 2563 1125 (11)
2595 1054 2688 1107 καὶ
2715 1051 2937 1117 δέξασθε
2971 1053 3119 1122 ἡμᾶς
3144 1051 3269 1125 τοὺς
3298 1049 3528 1114 ἀθλίους·
3588 1049 3835 1114 ἀνοίξατε

2256 1144 2357 1208 τὰς
2387 1144 2559 1215 θήκας
2598 1145 2751 1215 ὑμῶν
2803 1144 2941 1216 πρὸς
2972 1140 3237 1214 ὑποδοχὴν
3281 1140 3389 1195 τῶν
3422 1140 3668 1196 ἐλεεινῶν
3701 1156 3836 1209 συγ-

2256 1236 2431 1306 γενῶν
2454 1237 2607 1307 ὑμῶν
2635 1236 2730 1289 καὶ
2760 1235 3017 1305 γνωστῶν
3043 1233 3173 1305 (12).
3204 1233 3483 1305 Μακάριοι
3517 1232 3696 1303 ὑμεῖς,
3750 1235 3835 1287 ὅτι

2257 1330 2358 1383 οὐκ
2387 1328 2680 1382 ἐθεάσασθε
2711 1328 2813 1392 τὰς
2848 1318 3063 1399 ἡμέρας
3086 1326 3309 1390 ταύτας.
3345 1326 3620 1397 Μακάριοι
3653 1326 3833 1396 ὑμεῖς,

2256 1422 2340 1475 ὅτι
2372 1421 2463 1475 τὸν
2498 1421 2611 1492 βίον
2642 1420 2829 1474 τοῦτον
2858 1419 2949 1472 τὸν
2971 1418 3228 1489 ὀδυνηρὸν
3262 1418 3359 1470 οὐκ
3378 1417 3649 1486 ἐφθάσατε
3682 1417 3834 1481 ίδείν,

2256 1513 2377 1567 οὐδέ
2406 1513 2497 1567 τὸν
2523 1513 2708 1584 λοιμὸν
2737 1511 2925 1565 τοῦτον
2972 1510 3063 1563 τὸν
3102 1508 3554 1581 ἀπαραμύθητον,
3589 1509 3711 1563 οὐδέ
3736 1510 3837 1581 τὴν

2257 1606 2506 1677 ἀνάγκην
2561 1603 2796 1676 ταύτην,
2852 1602 2952 1674 τὴν
3012 1601 3342 1673 μετέχουσαν
3408 1599 3508 1663 τὰς
3563 1601 3839 1672 ἡμετέρας

2257 1695 2433 1767 ψυχάς
2462 1695 2594 1765 (13)-

2328 1786 2566 1842 XXVlll.
2602 1783 2736 1841 Εἶτα
2763 1785 3071 1857 ἐντάλματα
3102 1785 3130 1837 ὁ
3166 1783 3360 1856 μιαρὸς
3407 1782 3654 1856 (πέμψει)
3695 1783 3840 1838 κατὰ

578 1876 893 1930 universam
927 1875 1289 1945 provinciam,
1324 1890 1487 1945 opera
1521 1882 1635 1929 tum
1665 1877 2001 1941 daemonum,
2038 1884 2153 1930 tum

2269 1880 2451 1934 πᾶσαν
2473 1878 2763 1951 ἐπαρχίαν,
2797 1878 2885 1931 διά
2903 1850 2963 1931 τε
2991 1850 3283 1947 δαιμόνων,
3314 1850 3843 1957 διάἰτεντῶνσαίσθη-

577 1968 923 2022 sensibilium
984 1967 1293 2031 hominum,
1345 1968 1439 2039 qui
1483 1968 1707 2023 dicant:
1758 1968 1875 2024 Rex
1927 1985 2157 2039 magnus

580 2065 743 2111 natus
780 2069 865 2111 est
898 2073 1061 2127 super
1101 2066 1337 2123 terram,
1395 2056 1576 2113 venite
1629 2073 1822 2114 onmes
1872 2059 2157 2114 adoratum

580 2166 732 2215 eum,
760 2158 1048 2220 properate
1074 2165 1264 2205 omnes
1293 2150 1359 2204 ad
1413 2151 1741 2220 spectandas
1772 2153 1919 2206 vires
1968 2161 2159 2221 poten-

580 2242 673 2296 tiae
702 2242 842 2310 ejus.
896 2239 974 2295 En
1030 2242 1187 2297 vobis
1238 2244 1521 2312 praestabit
1557 2242 1916 2308 frumentum,
1970 2244 2157 2298 vinum

578 2334 737 2387 vobis
769 2334 1051 2404 largietur,
1091 2350 1221 2403 opes
1273 2336 1541 2405 pretiosas
1574 2352 1637 2391 ac
1686 2336 1948 2390 sublimes
1980 2335 2160 2404 digni-

581 2432 741 2479 tates.
771 2421 902 2494 Ejus
955 2442 1194 2495 namque
1244 2427 1473 2497 imperio
1500 2428 1678 2482 omnis
1711 2436 1850 2481 terra
1900 2442 2160 2496 mareque

583 2515 947 2585 obtemperat.
973 2516 1053 2571 Ad
1110 2517 1261 2571 illum
1311 2533 1506 2573 omnes
1538 2518 1797 2574 accedite.
1826 2516 1947 2572 Mox
1975 2520 2158 2574 cuncti

580 2606 832 2661 ciborum
868 2608 1097 2679 penuria
1145 2610 1425 2673 accedent,
1459 2619 1622 2679 atque
1645 2609 1951 2664 adorabunt
1981 2624 2105 2662 eum
2144 2628 2157 2664 :

582 2698 787 2767 quibus
817 2698 968 2753 dabit
995 2700 1364 2756 characterem
1395 2703 1448 2756 in
1478 2701 1666 2756 dextra
1695 2716 1859 2756 manu
1886 2712 1940 2754 ct
1963 2698 2161 2768 fronte,

2260 1972 2367 2026 τῶν
2390 1971 2487 2025 ἀνθ
2497 1971 2714 2043 ρώπων,
2747 1969 3032 2038 λεγόντων⁸
3054 1970 3176 2021 Ὅτι
3201 1966 3453 2038 βασιλεὺς
3488 1966 3659 2037 μέγας
3681 1965 3846 2036 γέγο-

2256 2082 2347 2118 νεν
2372 2065 2465 2118 ἐπὶ
2491 2064 2591 2134 τῆς
2621 2063 2742 2135 γῆς·
2774 2061 2927 2115 δεῦτε
2960 2059 3161 2121 πάντες
3219 2061 3298 2122 είς
3349 2057 3718 2130 προσκύνησιν
3750 2058 3847 2111 αὐ-

2256 2155 2371 2209 τοῦ·
2407 2154 2559 2207 δεῦτε
2611 2153 2812 2216 πάντες
2863 2151 3159 2206 θεάσασθαι
3205 2149 3302 2222 τὴν
3360 2152 3513 2223 ἰσχὺν
3540 2152 3640 2222 τῆς
3684 2152 3845 2205 δυνά-

2262 2264 2408 2317 μεως
2435 2245 2619 2299 αὐτοῦ·
2658 2245 2767 2298 ἰδοὺ
2793 2243 2902 2315 γὰρ
2951 2245 3078 2315 ὑμῖν
3127 2243 3219 2296 καὶ
3264 2246 3408 2296 σῖτον
3438 2242 3686 2315 παρέξει,
3743 2245 3844 2298 καὶ

2259 2333 2402 2391 οἶνον
2453 2338 2582 2408 ὑμῖν
2640 2336 2943 2408 χαρίσεται,
3000 2334 3094 2388 καί
3146 2333 3375 2388 πλοῦτον
3425 2335 3712 2406 πολυτελῆ,
3747 2339 3847 2389 καὶ

2259 2432 2416 2499 ἀξίας
2443 2429 2700 2503 μεγάλας·
2741 2428 2818 2501 τῷ
2869 2428 2978 2500 γάρ
3016 2427 3347 2499 κελεύσματι
3398 2427 3561 2481 αὐτοῦ
3613 2431 3763 2483 πᾶσα
3808 2431 3844 2500 ἡ

2263 2524 2336 2594 γῆ
2365 2522 2458 2577 καὶ
2493 2522 2737 2576 θάλασσα
2796 2519 3082 2574 ὑπακούει·
3142 2517 3296 2572 δεῦτε
3352 2520 3551 2583 πάντες
3586 2518 3722 2591 πρὸς
3753 2520 3849 2573 αὐ-

2261 2615 2374 2667 τόν.
2407 2615 2519 2668 Καὶ
2564 2615 2767 2678 πάντες
2824 2612 2912 2666 διά
2946 2611 3045 2683 τὴν
3091 2611 3345 2682 στέρησιν
3370 2611 3478 2664 τῶν
3517 2610 3843 2683 βρωμάτων,

2264 2709 2351 2760 ἐπ’
2385 2707 2547 2761 αὐτὸν
2604 2705 2936 2770 ἐλεύσονται,
2986 2702 3081 2758 καὶ
3137 2706 3606 2776 προσκυνήσουσιν
3656 2703 3842 2757 αὐτόν’

578 2789 796 2858 nequis
822 2789 1011 2843 dextra
1048 2807 1145 2845 sua
1168 2793 1459 2861 pretiosam
1488 2793 1633 2847 illam
1656 2810 1871 2848 crucem
1901 2794 2087 2865 pingat
2108 2797 2162 2850 in

2264 2800 2359 2853 καὶ
2388 2798 2549 2853 δώσει
2573 2799 2756 2862 αὐτοῖς
2786 2799 3049 2869 χάραγμα
3081 2796 3138 2850 ἐν
3185 2797 3251 2867 τῇ
3282 2794 3426 2867 χειρὶ
3451 2796 3517 2866 τῇ
3546 2794 3714 2866 δεξιᾷ,
3748 2796 3849 2849 καὶ

578 2876 760 2934 fronte
792 2897 805 2933 :
844 2881 1113 2951 siquidem
1141 2898 1336 2938 manus
1357 2883 1478 2953 ejus
1501 2885 1663 2954 ligata
1682 2883 1876 2939 cst.Ex
1896 2902 2005 2956 quo
2032 2896 2168 2942 tem-

2265 2891 2323 2943 ἐν
2350 2890 2428 2962 τῷ
2452 2890 2707 2963 μετώπῳ,
2767 2891 2856 2944 ἴνα
2888 2891 2962 2961 μή
2995 2907 3078 2953 τις
3111 2888 3202 2942 τὸν
3227 2887 3408 2959 τίμιον
3444 2888 3669 2959 σταυρὸν
3694 2889 3849 2959 ποιή-

581 2987 716 3042 pore
738 2987 849 3027 non
872 2972 1072 3043 poterit
1090 2973 1261 3027 ullum
1288 2974 1506 3045 signare
1527 2975 1897 3030 membrorum
1915 2992 2163 3045 suorum,

2268 2990 2336 3055 σῇ
2362 2983 2472 3055 (14)
2499 2984 2557 3036 ἐν
2592 2984 2670 3055 τῷ
2725 2982 2961 3053 μετώπῳ
3005 2984 3072 3052 τῇ
3105 2980 3253 3052 δεξιᾷ
3283 2978 3463 3035 αὐτοῦ.
3480 2979 3622 3052 χειρί
3647 2997 3660 3010 ·
3708 2978 3848 3034 ἀλλά

501 3101 507 3109 -
582 3066 675 3119 sed
693 3065 1304 3131 adhaerebitseductori,
1321 3066 1479 3135 eique
1505 3066 1723 3132 serviet,
1740 3082 1912 3137 neque
1936 3068 2167 3125 ducetur

2267 3075 2471 3129 δέδεται
2528 3073 2693 3129 αὑτοῦ
2732 3078 2766 3146 ἡ
2827 3072 2945 3145 χείρ
2977 3072 3109 3144 (15).
3146 3072 3256 3124 Καὶ
3317 3071 3423 3125 ἀπὸ
3452 3071 3573 3124 τότε
3602 3072 3700 3141 οὐχ
3733 3069 3848 3137 ἔξει

578 3158 942 3229 paenitudine.
972 3157 1078 3214 Sed
1101 3159 1260 3230 periit
1294 3159 1384 3213 ille
1414 3167 1525 3213 tum
1553 3161 1696 3229 quod
1738 3161 1802 3214 ad
1829 3158 2021 3227 Deum,
2051 3172 2164 3216 tum

2268 3168 2518 3235 ἐξουσίαν
2581 3167 2878 3239 σφραγίσαι
2908 3183 2959 3217 τι
3000 3164 3109 3217 τῶν
3145 3162 3320 3234 μελῶν
3367 3163 3551 3218 αὐτοῦ·
3602 3162 3738 3218 ἀλλά
3766 3163 3848 3234 τῷ

579 3249 727 3320 quod
765 3251 833 3305 ad
865 3250 1118 3306 homines
1147 3251 1359 3304 attinet.
1388 3249 1467 3303 Ita
1495 3251 1750 3304 seductor
1785 3250 1873 3305 ille
1901 3252 2052 3306 dabit
2082 3253 2162 3306 eis

2270 3261 2460 3332 πλάνῳ
2491 3260 2945 3332 προστεθήσεται,
3007 3255 3100 3310 κα).
3128 3253 3278 3326 αύτῷ
3305 3256 3599 3309 δουλεύσεν
3629 3256 3721 3309 καὶ
3751 3273 3851 3326 με-

577 3356 754 3413 pauca
769 3342 994 3409 cibaria,
1008 3341 1170 3411 idque
1184 3341 1255 3396 ob
1272 3341 1544 3410 impurum
1561 3342 1794 3411 sigillum
1811 3359 1992 3397 suum.
2009 3343 2165 3414 Sigil-

580 3434 695 3488 lum
714 3431 861 3488 illius
884 3442 993 3488 tam
1024 3433 1077 3487 in
1098 3428 1279 3487 fronte
1297 3447 1460 3501 quam
1488 3432 1674 3487 dextra
1700 3448 1861 3488 manu
1878 3442 1963 3488 est
1989 3437 2166 3489 calcu-

580 3525 668 3581 lus
684 3524 790 3597 χξς·
808 3525 874 3577 ⁷⁸.
893 3526 983 3591 At,
1001 3533 1062 3579 ut
1090 3525 1306 3594 opinor,
1334 3540 1513 3594 neque
1545 3526 1813 3594 ccrtohoc
1842 3526 1979 3592 scio,
2016 3528 2161 3596 quod

581 3619 639 3673 in
670 3618 941 3686 scriptura
971 3630 1095 3684 qua:
1116 3623 1200 3670 est
1224 3614 1291 3670 in'
1329 3616 1540 3671 calculo
1571 3617 1684 3681 illo,
1716 3618 1983 3685 permulta
2006 3633 2163 3687 repe-

581 3709 798 3764 riantur
826 3707 1073 3774 nomina,
1114 3722 1237 3777 quae
1292 3724 1578 3763 numerum
1633 3710 1785 3762 illum
1820 3710 2074 3765 lmbrant.
2097 3712 2193 3763 At-

583 3800 817 3854 dicimus
843 3796 1075 3854 fortasse
1105 3790 1433 3871 scripturam
1466 3801 1616 3855 illius
1644 3801 1807 3871 sigilli
1834 3817 1955 3856 esse
1973 3800 2168 3873 ἀρνοῦ-

586 3907 710 3962 μαι,
745 3890 799 3945 id
833 3900 917 3946 est
954 3905 1104 3961 nego.
1155 3890 1290 3946 Nam
1314 3901 1473 3945 antea
1500 3907 1718 3961 quoque
1749 3892 1925 3946 hostis
1951 3892 2039 3947 illc
2066 3908 2166 3947 no-

583 3984 671 4040 bis
700 3985 1047 4040 adversarius
1104 4002 1267 4055 opera
1328 3970 1703 4040 ministrorum
1751 3972 2001 4054 suorum,
2061 3987 2167 4043 hoc

581 4090 687 4144 est,
719 4080 1168 4145 idololatrarum,
1207 4080 1410 4134 Christi
1466 4088 1734 4150 martyres
1778 4079 2113 4135 hortantium
2144 4099 2157 4135 :

581 4172 807 4245 Negato,
836 4174 1034 4239 aiebat,
1065 4173 1232 4227 Deum
1267 4183 1418 4227 tuum
1442 4170 1784 4227 crucifixum.

2267 3352 2456 3406 τάνοια
2489 3354 2546 3405 ἐν
2568 3348 2717 3420 αὑτῷ
2747 3348 2847 3401 οὐκ
2876 3348 3040 3401 ἔστιν·
3072 3344 3206 3400 ἀλλὰ
3241 3348 3270 3399 ὁ
3300 3347 3538 3412 τοιοῦτος
3567 3348 3676 3420 (16)
3703 3348 3852 3401 ἀπώ-

2266 3443 2407 3508 λετο,
2440 3444 2532 3497 καὶ
2560 3439 2668 3496 ἀπὸ
2696 3439 2853 3504 Θεοῦ,
2899 3441 2993 3495 καὶ
3045 3441 3153 3494 ἀπὸ
3192 3440 3510 3512 ἀνθρώπων,
3559 3440 3653 3493 καὶ
3682 3438 3847 3494 δώσει

2267 3535 2450 3598 αὐτοῖς
2480 3537 2509 3587 ὁ
2543 3533 2745 3594 πλάνος
2782 3530 2989 3603 βραχέα
3048 3530 3311 3602 βρώματα
3331 3531 3419 3583 διὰ
3445 3529 3542 3600 τὴν
3573 3528 3849 3600 σφραγῖδα

2267 3624 2430 3679 αὑτοῦ
2457 3624 2553 3697 τὴν
2617 3622 2840 3694 μιαράν.
2876 3623 2941 3674 Ἦ
2999 3619 3056 3674 δέ
3104 3623 3340 3693 σφραγὶς
3390 3620 3554 3675 αὑτοῦ
3599 3618 3693 3672 ἐπὶ
3746 3618 3845 3673 τοῦ

2267 3716 2539 3789 μετώπου,
2596 3715 2691 3769 καὶ
2735 3714 2832 3766 ἐπὶ
2867 3710 2971 3783 τῆς
3016 3711 3195 3776 δεξιᾶς
3252 3712 3432 3784 χειρός
3477 3713 3593 3764 ἐστι
3640 3710 3844 3781 ψῆφος,

2264 3803 2659 3880 χξεῖ.Καὶ,ὼς
2681 3800 2835 3875 οἶμαι
2893 3804 3026 3874 (17),
3084 3805 3203 3858 οὐδέ
3248 3800 3489 3876 ἀκριϐῶς
3543 3804 3847 3874 ἐπίσταμαι

2262 3899 2440 3954 τοῦτο·
2478 3900 2535 3951 ἐν
2560 3900 2627 3968 τῇ
2663 3899 2845 3967 γραφῇ
2895 3894 3003 3965 γάρ
3035 3894 3205 3948 πολλά
3245 3894 3303 3948 ἐν
3334 3894 3411 3967 τῷ
3460 3896 3625 3966 ψήφῳ
3670 3894 3851 3967 τούτῳ

2263 3994 2503 4063 ὀνόματα
2534 3989 2813 4059 εὕρηνται.
2862 3986 3020 4040 Ἀλλά
3046 3987 3276 4058 λέγομεν
3318 3989 3446 4052 ἴσως
3480 3988 3710 4058 γράφειν
3734 3987 3848 4060 (18)

2270 4084 2367 4156 τὴν
2396 4084 2566 4155 αὐτὴν
2624 4079 2913 4150 σφραγῖδω
2965 4080 3258 4153 Ἀρνοῦμαι
3302 4081 3433 4151 (19).
3503 4079 3718 4156 Ἐπειδῂ
3750 4080 3851 4133 καὶ

2268 4166 2460 4248 πρώην
2487 4174 2572 4227 διά
2615 4172 2723 4225 τῶν
2753 4170 3039 4242 ὑπηρετῶν
3069 4170 3233 4226 αὐτοῦ
3266 4175 3295 4226 ὁ
3323 4174 3591 4237 ἀντίδικος
3628 4166 3847 4244 ἐχθρὸς,

582 4269 616 4341 ἦ
658 4265 789 4336 γοῦν
820 4266 932 4339 (20)
994 4267 1101 4320 τῶν
1152 4264 1571 4336 εἰδωλολατρῶν,
1596 4266 1708 4329 τοῖς
1764 4263 2000 4336 μάρτυσι
2045 4263 2138 4318 τοῦ
2170 4266 2407 4339 Χριστοῦ
2446 4266 2556 4339 (21)
2604 4264 2939 4337 προέτρεπον
2993 4267 3041 4317 οἱ
3095 4263 3321 4335 ἀνομοιο
3356 4263 3647 4339 Ἀρνησαι,
3687 4265 3848 4336 φησὶ,

583 4358 675 4412 τὸν
697 4358 830 4412 Θεόν
862 4375 955 4411 σου
978 4358 1069 4412 τὸν
1101 4358 1533 4430 ἐσταυρωμένον.

656 4474 701 4506 τι
735 4474 904 4544 Apoc.
933 4487 1096 4542 xvm,
1144 4476 1234 4531 18.

923 4613 1337 4685 μακαρίζουσιν.

660 4682 775 4753 (11)
802 4682 1003 4753 γὙμῶν
1028 4682 1180 4739 deest
1205 4686 1259 4738 in
1288 4685 1349 4740 Β.

659 4752 773 4821 (12)
801 4752 936 4808 Ibid.
967 4754 1167 4809 desunt
1198 4759 1357 4808 verba
1385 4756 1476 4808 καὶ
1504 4756 1787 4825 γνωστῶν.

661 4824 773 4855 Il'xt
815 4823 867 4855 ΔΙ
939 4823 1045 4855 Din:
1106 4826 1272 4855 ηέυιην
1321 4829 1439 4855 -..τι-
1476 4827 1773 4855 .x.......t.....-
1807 4826 2008 4855 ,μω-τ,
2064 4828 2096 4855 u

661 4824 773 4891 (15)
806 4823 890 4876 Al.
935 4823 1047 4879 Pici
1106 4826 1296 4889 cedcx,
1321 4829 1439 4888 ταῖς
1476 4823 1773 4899 ἡμετέραις
1807 4826 2028 4899 ψυχαῖς.
2064 4828 2170 4882 Sed

588 4892 644 4947 in
671 4891 734 4970 Βἶ
773 4893 1324 4970 lot_us_liic‘locus‘ita
1374 4897 1569 4970 legitur
1597 4916 1612 4970 ς
1643 4899 1763 4970 Ὅτι
1790 4900 1883 4970 τὸν
1908 4899 2170 4970 ὀδυνηρὸν

588 4963 904 5038 καιρὸνᾼοὺκ
925 4964 1195 5038 ἐφθάσατε
1228 4964 1375 5038 ἰδεῖν,
1426 4963 1544 5019 οὐδὲ
1569 4968 1660 5020 τὸν
1691 4968 1868 5038 λιμὸν,
1898 4968 1988 5022 τὸν
2011 4963 2169 5021 cave-

588 5031 753 5109 χοντα
775 5035 939 5109 ῄμᾶς·
970 5031 1125 5109 εἶτα
1152 5035 1460 5109 ἐντάλματα
1504 5039 1532 5089 ὁ
1569 5031 1762 5109 μιαρὸς
1816 5037 1956 5109 κατὰ
1988 5040 2171 5090 πᾶσαν

586 5104 745 5177 πόλιν
774 5104 1145 5177 ἐξαποστελεῖ,
1178 5108 1293 5177 Δκιξιὶ
1317 5104 1326 5107 ⁷
1349 5108 1441 5159 ἐπ)⁸
1474 5104 1654 5160 πᾶσαν
1671 5104 1954 5177 ’ἐπαρχίαν
1984 5109 2074 5161 διά
2101 5125 2161 5159 τε

586 5162 853 5246 δαιμόνων
884 5174 972 5246 διά
1004 5192 1063 5227 τε
1100 5162 1401 5246 ἀνθρώπων
1431 5177 1714 5244 λεγόντων·
1744 5162 1908 5229 Δέύτε
1960 5179 2164 5240 πάντες

588 5242 882 5317 θεάσασθαι
901 5244 998 5317 τὴν
1029 5247 1178 5316 ἰσχὺν
1198 5242 1290 5299 καὶ
1310 5246 1407 5317 τὴν
1428 5242 1654 5317 δύναμιν
1676 5247 1863 5311 αὑτοῦ,
1895 5247 1977 5317 ὅτι
2013 5248 2164 5316 βασι-

587 5312 723 5389 λεὺς
735 5315 903 5389 μέγας
931 5312 1270 5389 γέγονενίέπὶ
1296 5312 1395 5389 τὴν
1428 5312 1699 5389 γῆνςιςα).
1714 5317 1868 5389 δεῦτε
1899 5312 2163 5370 θεάσαθαι

586 5385 684 5455 τὴν
714 5386 866 5458 ίσχὺν
900 5386 993 5438 καὶ
1025 5387 1122 5458 τὴν
1156 5385 1384 5458 δύναμιν
1412 5386 1598 5439 αὑτοῦ.
1642 5387 1771 5439 Ἰδοὺ
1796 5388 1904 5457 γὰρ
1937 5390 2030 5441 καὶ
2084 5389 2165 5439 σί-

584 5469 679 5506 τον
713 5455 849 5525 ὑμῖν.
872 5455 1116 5525 παρέξει,
1140 5468 1242 5511 etc.

587 5525 774 5664 πσῼῇό)
802 5524 857 5578 lu
876 5525 938 5579 Β.
954 5524 1080 5581 est:
1124 5528 1215 5578 τὸν
1277 5526 1457 5597 τίμιον
1501 5528 1595 5579 καὶ
1640 5527 1899 5590 ζωοποιὸν
1932 5525 2163 5598 σταυρὸν

664 5612 678 5643 ι
721 5612 822 5647 σει.

664 5612 822 5647 ιησει.

656 5663 771 5734 (15)
798 5663 1142 5740 -νθὼοὴάλλὰ
1173 5665 1377 5740 δέδεται
1405 5664 1566 5720 αὐτοῦ
1594 5668 1626 5737 ἡ
1662 5668 1784 5740 χεὶρ
1824 5667 2067 5737 supplevi
2097 5682 2165 5722 ex

589 5728 650 5784 Β.
669 5728 731 5785 ἰιι
754 5728 934 5788 altero
967 5733 1081 5791 Pici
1104 5738 1312 5790 codice.

658 5802 773 5872 (16)
803 5803 887 5858 Al.
939 5803 1052 5861 Pici
1109 5807 1301 5874 codex,
1331 5806 1466 5863 ἀλλά
1514 5825 1565 5861 τι
1600 5808 1782 5872 αὐτὸς.
1813 5809 1921 5865 Sed
1950 5809 2001 5861 iu
2044 5806 2104 5861 Β.
2137 5809 2168 5862 ὁ

2200 4622 2245 4677 1)
2272 4613 2510 4679 τοιοῦτος
2545 4614 2718 4670 abest.

2344 4688 2457 4758 (17)
2480 4676 2566 4750 Β..
2590 4687 2684 4738 καὶ
2724 4682 2883 4758 αὐτὸς
2934 4680 3111 4758 οἶμαι,
3142 4680 3262 4735 οὐδὲ
3293 4678 3406 4758 γάρ
3443 4676 3687 4758 ἀκριϐῶς
3718 4679 3851 4758 ἐπί-

2271 4748 2472 4828 σταμαι
2521 4748 2725 4809 τούτων
2778 4754 2875 4826 τὴν
2928 4748 3178 4824 γραφὴν,
3250 4748 3421 4804 πολλὰ
3478 4748 3586 4821 γὰρ
3647 4748 3853 4820 ὀνόμα-

2268 4846 2357 4893 τα,
2388 4839 2492 4882 etc.

2342 4898 2451 4967 (18)
2484 4896 2585 4967 ld.,
2616 4895 2854 4967 γραφήν.

2341 4956 2455 5038 (19)
2488 4956 2602 5019 Vox
2630 4956 2915 5038 ’ἀρνοῦμαι
2940 4977 3046 5016 non
3082 4960 3441 5038 respondebit
3459 4973 3688 5038 numero
3712 4956 3849 5038 666,

2271 5029 2377 5091 ηἰέὶ
2430 5029 2705 5106 postrema
2733 5029 2973 5106 __svllaba
2993 5029 3275 5106 scribatur
3301 5049 3329 5106 ε
3364 5029 3525 5106 ψιλῷ,
3557 5040 3721 5098 atque
3748 5032 3852 5106 ita

2269 5100 2447 5229 Eabct'
2499 5108 2662 5159 etiam
2732 5100 2940 5174 Ilaynio
2991 5103 3087 5157 lib.
3157 5118 3244 5169 ιν,
3317 5102 3373 5156 iu
3435 5100 3851 5173 Apocalypsin,

2311 5193 2529 5229 ρνουμε.

2346 5193 2435 5231 νου
2444 5194 2508 5231 με
2517 5216 2529 5227 .

2310 5194 2529 5248 ρνουμε.

2344 5246 2455 5314 (ἳθ)
2487 5246 2570 5299 Al.
2599 5244 2711 5299 Pici
2744 5244 2936 5308 codex,
2973 5243 3162 5314 ἤγουν.

2343 5309 2454 5385 (21)
2481 5316 2542 5368 Β.
2576 5335 2585 5368 :
2624 5317 2761 5378 Τοὺς
2813 5309 3094 5385 μάρτυρας
3144 5310 3239 5385 τού
3288 5309 3525 5385 Χριστοῦ
3572 5310 3857 5385 προετρέ-

2263 5382 2509 5442 ποντοόἱ
2543 5387 2755 5457 ἄνομοιο
2784 5382 3068 5457 ᾊρνησαι,
3104 5383 3257 5454 φησὶ,
3298 5382 3853 5457 βε-ὸνᾳτὸν-ἐσταυρω-

2319 5451 2744 5531 ένον.(’1“οιοῦτυν
2768 5451 2868 5508 οὖν’
2908 5451 3211 5531 γενήσεταιζ
3232 5452 3326 5531 καὶ
3358 5452 3451 5505 ἐπὶ
3480 5451 3575 5531 τού
3620 5451 3855 5531 μισολά-

2273 5522 2362 5579 λου
2396 5522 2660 5588 διαϐόλου,
2695 5528 2752 5596 ή-
2790 5522 3215 5596 σφραγὶςάὺτοῦ
3246 5522 3491 5596 λέγουσιν
3522 5522 3851 5596 ῘΑρνοῦμαι,

2276 5592 2802 5675 φησὶητδνΠποιητὴν
2833 5592 2929 5675 τού
2948 5592 3186 5675 οὐρανοῦ
3225 5594 3319 5675 καὶ
3349 5592 3448 5675 τῆς
3477 5592 3611 5663 γῆςλ
3647 5592 3849 5675 ἀρνοῦτ

2278 5662 2375 5736 μαι
2407 5668 2468 5720 τὸ
2506 5662 2819 5738 βάπτισμα,
2882 5662 3150 5738 ἀρνοῦμαι
3200 5664 3298 5738 τὴν
3361 5662 3543 5738 πίστιν
3604 5662 3706 5735 μου
3751 5665 3851 5720 καὶ

2279 5733 2337 5790 σέ
2370 5733 2680 5811 προσκυνῶ.
2713 5733 2886 5790 Τοῦτο
2916 5733 3025 5807 γάρ
3052 5733 3145 5789 καὶ
3177 5736 3227 5788 οἱ
3255 5733 3553 5806 προφῆται,
3576 5733 3684 5790 etc.
