4090 6370
320 401 424 456 955
524 444 529 449 ,

1252 392 1522 450 SPURIA.
1562 416 1633 431 ιι-
1672 390 1760 446 DE
1799 388 2395 446 CONSUMMATIONE
2435 384 2668 441 MUNDL

3478 386 3580 441 954

391 515 581 574 XXIX.
617 516 868 572 Τοιοῦτον
900 517 1184 585 γενήσεται
1220 514 1310 567 καὶ
1343 515 1436 567 ἐπὶ
1481 513 1574 567 τοῦ
1610 512 1899 584 μισοκάλου

2072 509 2265 564 XXIX.
2308 508 2438 563 'l‘ale
2469 508 2573 563 erit
2619 516 2863 577 tempore
2913 506 3083 567 illius.
3118 506 3423 563 honestatis
3455 521 3582 561 om-

323 612 357 682 ὴ
392 610 627 682 σφραγὶς
688 608 937 675 λέγουσαο
981 605 1295 677 ῖΑρνοῦμαι,
1346 606 1500 677 φησὶ,
1553 604 1643 658 τὸν
1675 604 1900 673 ποιητὴν

325 700 557 773 ούρανοῦ
591 717 649 753 τε
682 699 775 752 καὶ
803 700 925 769 γῆς·
958 684 1227 771 ἀρνοῦμαι
1274 697 1335 749 τὸ
1367 696 1664 767 βάπτισμα,
1706 695 1901 767 ἀρνοῦ-

331 811 431 865 μαι
485 792 594 863 τὴν·
609 790 860 863 λατρείαν
895 784 998 860 μου
1031 789 1125 843 καὶ
1159 789 1243 842 σο).
1280 787 1659 859 προστίθεμαι,
1715 787 1808 839 καὶ
1844 786 1901 837 σὲ

334 885 591 940 πιστεύω.
620 883 788 936 Τοῦτο
817 882 927 953 γάρ
955 883 1004 935 οί
1036 882 1307 951 προφῆται
1358 877 1685 950 κηρύξουσιν
1734 876 1903 949 Ἑνὼχ

332 981 423 1035 καὶ
447 978 645 1043 Ἠλίας,
676 979 780 1043 ὅτι,
809 976 904 1050 Μὴ
932 973 1189 1043 πεισθῆτε
1214 971 1291 1042 τῷ
1322 971 1566 1042 μέλλοντι
1591 968 1902 1023 ἐλεύσεσθαι

332 1073 427 1125 καὶ
450 1070 679 1141 ὀφθῆναι
709 1068 923 1140 ὲχθρῷ,.
944 1068 1027 1121 ὅτι
1061 1065 1331 1128 ἀντίδικός
1358 1065 1468 1136 (22)
1498 1068 1615 1117 ἐστι
1651 1064 1746 1117 καὶ
1776 1063 1904 1132 φθο-

332 1166 476 1236 ρεὺς,
510 1164 604 1217 κα).
630 1162 747 1225 υίὸς
776 1161 876 1232 τῆς
924 1159 1221 1224 ἀπωλείας,
1254 1160 1348 1213 καὶ
1383 1158 1559 1229 πλανᾷ
1592 1158 1736 1228 ὑμᾶς
1769 1155 1899 1229 (25),

325 1256 421 1308 καὶ
448 1254 533 1308 διὰ
556 1253 714 1307 τοῦτο
746 1252 892 1324 ὑμᾶς
921 1251 1032 1322 (24)
1064 1253 1373 1315 ἀποκτενεῖ,
1420 1251 1513 1303 καὶ
1567 1250 1625 1301 ὲν
1662 1248 1903 1321 ῥομφαίᾳ

324 1344 553 1411 πατάξει
610 1343 827 1408 αὐτούς.
879 1342 1116 1396 Βλέπετε
1148 1342 1246 1413 τὴν
1298 1340 1505 1413 πλάνην
1537 1340 1629 1395 τοῦ
1683 1338 1900 1412 ἐχθροῦ,

322 1433 617 1503 γινώσκετε
651 1435 749 1498 τὰς
782 1433 1031 1505 μηχανὰς
1060 1432 1153 1487 τοῦ
1201 1432 1396 1494 δολίου,
1436 1433 1551 1496 πῶς
1581 1432 1669 1486 διὰ
1703 1433 1904 1495 παντὸς

324 1526 570 1579 σκοτίσαι
606 1525 851 1596 βούλεται
873 1525 964 1578 τὸν
994 1524 1119 1578 νοῦν
1147 1524 1256 1577 τῶν
1290 1522 1609 1594 ἀνθρώπων·
1642 1525 1767 1586 τοὺς
1795 1523 1901 1595 γὰρ

320 1614 583 1685 δαίμονας
614 1614 778 1667 αὑτοῦ
829 1614 1101 1682 ἀποδείξει
1155 1616 1231 1678 ὡς
1258 1615 1525 1683 ἀγγέλους
1581 1614 1897 1686 φωτεινοῦς,

321 1708 417 1760 καὶ
439 1707 697 1778 στρατιὰς
723 1708 1031 1778 ἀσωμάτων
1087 1708 1434 1779 παρεισάξει,
1493 1702 1567 1761 ὧν
1610 1709 1708 1762 οὐκ
1757 1709 1904 1762 ἔστιν

320 1800 588 1872 ἀριθμός·
625 1801 719 1853 κα).
754 1799 1062 1872 ἔμπροσθεν
1098 1801 1314 1854 πάντων
1357 1799 1691 1854 ἀναδεικνύει
1741 1801 1901 1855 αὑτὸν

322 1896 406 1957 εἰς
440 1893 531 1947 τὸν
551 1894 780 1965 οὐρανὸν
811 1892 1358 1964 ἀναλαμϐανόμενον,
1396 1893 1533 1963 μετά
1564 1892 1899 1962 σαλπίγγων,

321 1987 419 2039 καὶ
458 1985 626 2056 ἢχων,
662 1985 755 2038 καὶ
787 1986 1036 2057 κραυγῆς
1092 1985 1318 2056 ἰσχυρᾶς
1351 1984 1904 2064 (25),,εύφημούντων

321 2078 489 2132 αὐτὸν
521 2077 835 2149 ἀδιηγήτοις
874 2077 1084 2149 ὕμνοις,
1119 2078 1213 2131 καὶ
1239 2076 1536 2148 ὲκλάμπων
1567 2076 1756 2150 ὥσπερ
1789 2078 1904 2148 φῶς

319 2173 351 2225 ὁ
380 2170 483 2241 τῆς
506 2171 725 2235 σκοτίας
758 2169 1110 2241 κληρονόμος
1135 2170 1231 2223 καὶ
1256 2170 1384 2223 ποτε
1419 2170 1515 2241 μὲν
1543 2172 1622 2234 είς
1644 2170 1905 2242 οὐρανοὺς

320 2262 717 2334 ἀνιπτάμενος,
751 2262 882 2314 ποτὲ
922 2261 978 2314 δὲ
1016 2262 1108 2314 ἐπὶ
1139 2261 1239 2331 τῆς
1266 2262 1370 2332 γῆς
1399 2262 1798 2333 κατερχόμενος
1847 2264 1906 2316 ὲν

321 2357 453 2430 δόξῃ
490 2355 719 2430 μεγάλῃ·
763 2355 896 2409 ποτὲ
925 2354 982 2407 δὲ
1017 2355 1111 2408 καὶ
1147 2354 1222 2419 ὡς
1252 2354 1517 2424 ἀγγέλους
1570 2357 1696 2419 τοὺς
1721 2356 1906 2427 δαίμο-

324 2467 425 2514 νας
452 2451 786 2514 ἐπιτάσσων,
820 2447 916 2502 τοῦ
974 2450 1149 2501 ποιεῖν
1179 2448 1247 2501 τά
1292 2448 1573 2519 θελήματα
1602 2449 1712 2521 (26)
1738 2450 1929 2504 αὐτοῦΔ

322 2541 468 2612 μετά
500 2540 696 2595 πολλοῦ
731 2541 895 2612 φόϐου
948 2543 1042 2595 καὶ
1085 2540 1309 2614 τρόμου.
1348 2541 1480 2594 Τότε
1530 2544 1817 2597 ἀποστελεί
1849 2545 1906 2598 ὲν

323 2634 497 2705 ὄρεσι,
531 2635 625 2688 καὶ
666 2634 970 2705 σπηλαίοις,
1025 2632 1121 2687 καὶ
1173 2633 1293 2697 ταῖς
1335 2633 1497 2698 ὀπαῖς
1542 2636 1640 2707 τῆς
1672 2638 1774 2707 γῆς
1798 2636 1907 2690 τῶν

325 2726 595 2795 δαιμόνων
619 2724 720 2788 τάς
742 2725 1027 2794 φάλαγγας
1054 2724 1192 2795 πρὸς
1220 2725 1281 2777 τὸ
1307 2725 1598 2799 ἐρευνῆσαι
1620 2729 1747 2792 τοὺς
1768 2730 1905 2783 ἀπο-

327 2814 628 2884 κρυϐέντας
678 2816 743 2867 ὲκ
800 2815 909 2866 τῶν
941 2814 1233 2887 ὀφθαλμῶν
1266 2817 1454 2881 αὐτοῦ,
1488 2819 1583 2872 καὶ
1628 2837 1909 2891 προσαγα-

329 2908 445 2973 γεῖν
476 2908 674 2971 αὐτοὺς
729 2910 808 2971 εἰς
846 2908 1216 2979 προσκύνησιν
1277 2910 1473 2964 αὐτοῦ’
1515 2913 1769 2976 καὶτοὺς
1810 2916 1909 2987 μὲν

328 2996 684 3069 πειθομένους
735 2997 884 3069 αύτῷ
960 2998 1252 3070 σφραγίσει
1304 3003 1370 3071 τῇ
1406 3003 1661 3072 σφραγῖδι
1718 3005 1905 3059 αὐτοῦ’

328 3092 457 3156 τοὺς
486 3092 542 3145 δὲ
571 3091 644 3163 μὴ
679 3090 1035 3162 βουλομένους
1086 3091 1234 3164 αὐτῷ
1281 3092 1606 3158 ὑπακοῦσαι,
1640 3099 1909 3170 τιμωρίας

2004 606 2090 658 nis
2121 605 2322 668 osoris,
2364 603 2601 674 sigillum
2649 601 2838 657 dicens
2879 619 2893 655 :
2949 598 3097 671 Nego
3128 609 3425 656 creatorem
3456 600 3578 655 οωιί

2003 706 2057 749 et
2090 704 2267 758 terrae,
2304 709 2443 762 nego
2494 692 2788 762 baptisma,
2838 706 2978 761 nego
3031 690 3405 745 adorationem
3436 704 3466 743 a
3495 704 3582 745 me

2003 786 2115 840 Deo
2145 787 2390 856 praestari
2421 785 2635 840 solitam
2663 802 2677 838 :
2721 783 2815 838 tibi
2874 783 3209 846 adhaeresco,
3237 782 3292 834 in
3319 789 3369 835 te
3392 782 3577 836 credo.

2003 877 2119 933 Hoc
2142 878 2288 933 enim
2326 877 2512 932 Euoeh
2550 885 2604 931 et
2634 875 2782 931 Elias
2813 876 3094 946 prophetae
3134 874 3533 929 denuntiabunt
3561 892 3575 928 :

2002 969 2080 1027 Ne
2114 972 2351 1027 credatis
2404 971 2547 1026 hosti
2577 971 2670 1041 qui
2711 979 2975 1025 venturus
3028 975 3114 1024 est
3174 976 3228 1022 et
3273 967 3577 1038 apparebit.

2002 1064 2206 1135 Nempe
2238 1064 2586 1120 adversarius
2624 1074 2726 1131 est,
2757 1070 3048 1133 corruptor
3071 1072 3125 1116 et
3154 1061 3299 1117 illius
3314 1061 3582 1132 perditio-

2002 1159 2111 1223 nis,
2140 1168 2193 1213 et
2226 1158 2438 1215 seducit
2465 1174 2588 1226 vos,
2617 1157 2688 1212 ob
2720 1172 2949 1227 eamque
2972 1170 3198 1212 causam
3244 1170 3342 1211 vos
3370 1154 3580 1209 interﬁ-

2005 1252 2132 1308 ciet.
2177 1251 2246 1306 Et
2286 1252 2565 1322 romphaea
2618 1250 2779 1306 feriet
2824 1250 2967 1304 illos.
2998 1247 3277 1303 Attendite
3330 1245 3581 1301 fraudem

2006 1345 2205 1412 hostis,
2261 1344 2491 1401 insidias
2519 1343 2831 1415 cognoscite
2863 1342 3011 1397 illius
3040 1341 3248 1408 dolosi,
3314 1340 3581 1409 quemad-

2002 1438 2228 1493 modum
2280 1437 2568 1491 hominum
2616 1443 2852 1488 mentem
2913 1431 3272 1487 obtenebrare
3318 1440 3583 1500 perpetuo

2004 1533 2239 1589 studeat.
2290 1528 2575 1583 Daemones
2626 1525 2774 1581 enim
2834 1540 2965 1580 suos
3019 1522 3169 1578 velut
3236 1520 3583 1591 splendentes

2004 1624 2229 1695 angelos
2254 1622 2464 1687 reddet,
2503 1620 2932 1687 innumerasque
2957 1615 3144 1686 copias
3185 1614 3475 1684 spirituum
3502 1615 3585 1667 in—

2004 1731 2394 1787 corporeorum
2426 1715 2691 1779 adducet;
2724 1720 2777 1767 et
2803 1726 2989 1766 coram
3022 1708 3277 1764 omnibus
3304 1709 3357 1762 in
3382 1708 3583 1764 malum

2005 1810 2213 1866 assumi
2271 1825 2329 1864 se
2380 1804 2797 1868 demonstrabit,
2858 1819 2983 1858 cum
3015 1803 3183 1869 tubis,
3214 1800 3365 1859 souis
3390 1808 3444 1856 et
3467 1800 3584 1864 cia-

2007 1918 2157 1957 more
2183 1902 2363 1956 valido
2387 1899 2800 1970 praedicantium
2832 1897 2987 1951 illum
3034 1897 3252 1968 hymnis
3286 1895 3586 1950 indicibili—

2004 1997 2133 2050 bus.
2188 1994 2380 2064 Itaque
2426 1992 2518 2046 ille
2550 1991 2901 2046 tenebrarum
2962 1989 3159 2055 haeres,
3211 1988 3386 2043 instar
3443 1986 3588 2043 lucis

2006 2088 2241 2157 fulgens,
2280 2084 2556 2140 interdum
2602 2083 2837 2138 volitans
2897 2081 2953 2136 in
3013 2080 3204 2146 caelos,
3258 2078 3587 2149 quandoque

2005 2179 2346 2235 descendens
2381 2192 2505 2231 eum
2548 2175 2720 2247 gloria
2750 2189 2947 2244 magna
2989 2188 3152 2236 super
3183 2180 3408 2239 terram,
3441 2187 3586 2227 non-

2006 2284 2289 2341 nunquam
2325 2268 2669 2324 daemonibus
2726 2266 3028 2335 imperans,
3084 2263 3234 2319 velut
3281 2262 3488 2334 angelis
3518 2262 3587 2318 ad

2003 2364 2159 2434 jussa
2190 2378 2288 2417 sua
2318 2360 2625 2432 peragenda
2653 2373 2778 2413 eum
2807 2358 3004 2412 timore
3042 2363 3095 2411 et
3123 2364 3359 2410 tremore
3388 2355 3585 2419 multo,

2007 2456 2292 2512 confestim
2349 2455 2528 2509 mittet
2558 2452 2870 2507 daemonum
2924 2450 3183 2503 cohortes
3227 2450 3294 2502 ad
3346 2454 3585 2511 montes,

2010 2549 2297 2617 speluncas
2319 2554 2374 2599 et
2405 2556 2669 2599 cavernas
2693 2550 2875 2608 terra,
2906 2538 3001 2608 qui
3029 2545 3341 2591 scrutentur
3369 2548 3465 2589 eos
3492 2534 3588 2603 qui

2010 2640 2391 2697 subduxerunt
2420 2651 2541 2691 sese
2570 2636 2639 2689 ab
2670 2633 2846 2688 oculis
2895 2632 3052 2701 ejus;
3107 2638 3162 2684 et
3200 2627 3469 2682 adducent
3493 2639 3591 2679 eos

2010 2734 2079 2789 ad
2101 2718 2443 2787 adorandum
2481 2729 2656 2782 illum.
2687 2725 2767 2779 Ac.
2798 2724 2903 2779 sibi
2944 2723 3380 2791 obtemperantes
3409 2717 3591 2788 sigillo

2011 2838 2114 2879 suo
2137 2820 2378 2886 notabit;
2404 2824 2725 2872 recusantes
2764 2829 2892 2869 vero
2923 2811 3212 2881 imperium
3250 2808 3446 2880 ipsius,
3470 2822 3591 2877 pce-

2010 2915 2098 2970 nis
2151 2910 2671 2981 incomparabilibus
2716 2900 3509 2971 acerbissimisquetormentis
3536 2904 3592 2952 et

2011 3007 2284 3063 machinis
2336 3006 2616 3069 absumet;
2678 2999 2861 3071 qualia
2914 3010 3195 3065 nunquam
3223 2993 3464 3055 i'uerunt,
3488 3005 3593 3046 nec

2013 3100 2241 3155 auribus
2302 3098 2466 3151 homo
2542 3091 2814 3165 percepit,
2879 3103 2981 3144 nec
3046 3085 3222 3141 oculis
3273 3083 3589 3139 mortalium

327 3185 704 3248 ἀνεικάστους,
758 3185 851 3269 καὶ
880 3183 1146 3255 βασάνους
1190 3184 1529 3259 πικροτάτας
1550 3224 1564 3250 ,
1598 3186 1694 3241 καὶ
1729 3205 1906 3260 μηχα-

2017 3201 2305 3262 conspecta
2329 3199 2476 3246 sunt.
3192 3224 3197 3233 .
3576 3212 3583 3221 .

325 3276 427 3338 νὰς
488 3273 756 3329 ἀναλώσει
815 3274 962 3346 (27),
1026 3271 1114 3329 οἷα
1175 3275 1297 3329 οὐδὲ
1346 3277 1614 3346 ἐγένοντο,
1674 3281 1796 3335 οὐδὲ
1852 3285 1934 3347 εἰς
1982 3289 2154 3361 ἀκοὴν
2217 3284 2504 3355 ἀνθρώπου
2556 3280 2822 3354 ἠκούσθη,
2872 3277 2997 3333 οὔτε
3053 3274 3330 3348 ὀφθαλμὸς
3386 3272 3592 3345 βροτῶν

328 3366 611 3421 ἐθεάσατο.
1091 3432 1102 3441 .

399 3456 568 3512 XXX.
604 3458 880 3530 Μακάριοι
912 3460 960 3513 οί
992 3459 1115 3513 τότε
1150 3461 1471 3532 νικήσαντες
1502 3463 1592 3517 τὸν
1629 3466 1909 3541 τύραννον,

328 3553 413 3607 ὅτι
443 3550 595 3621 παρά
619 3552 744 3615 τοὺς
799 3550 1051 3624 πρώτους
1108 3552 1391 3626 μάρτυρας
1444 3555 1768 3631 ἐνδοξότεροι
1818 3564 1913 3617 κα)⁸

331 3641 652 3727 ὑψηλότεροι
686 3643 901 3715 ἔχουσιν
933 3645 1320 3717 ἀναδειχθῆναι
1352 3647 1483 3722 (28)·
1541 3651 1591 3702 oi
1631 3651 1740 3724 γὰρ
1771 3654 1913 3727 μάρ-

379 3700 390 3712 '
429 3700 440 3712 '
570 3700 582 3716 ⁸
716 3700 747 3715 ’⁸
1125 3700 1157 3717 Α
1217 3700 1227 3716 ι
1355 3700 1385 3719 ν
1442 3700 1458 3722 I
1550 3700 1588 3702 “
1642 3700 1735 3724 o"r
1771 3700 1847 3725 r'“

334 3756 498 3809 τυρες
550 3700 742 3881 arpqu
808 3738 936 3801 τοὺς
989 3737 1156 3791 αὐτοῦ
1222 3739 1572 3809 ὑπασπιστὰς
1630 3700 1908 3814 ὲνίκησαιν·

334 3823 474 3881 οὗτοι
506 3830 563 3881 δὲ
590 3830 646 3881 α’
692 3830 751 3881 ὸν
783 3829 876 3881 τὸν
923 3829 1168 3881 διάϐολον
1202 3831 1317 3881 υίδν
1349 3831 1448 3881 τῆς
1502 3833 1778 3881 ἀπωλείας
1809 3854 1908 3881 κα-

329 3823 474 3883 οὖτοι
506 3830 563 3884 δὲ
590 3823 751 3882 αὑὶτὸν
783 3829 876 3882 τὸν
923 3829 1168 3884 διάϐολον
1202 3831 1317 3883 υίδν
1349 3831 1448 3902 τῆς
1502 3833 1778 3899 ἀπωλείας
1809 3854 1912 3892 κα-

2088 3470 2260 3527 XXX.
2312 3469 2357 3526 Ο
2401 3469 2611 3533 beatos,
2645 3466 2739 3537 qui
2765 3474 2897 3522 tunc
2921 3472 3214 3536 tyrannum
3256 3459 3408 3514 illum
3443 3457 3595 3513 devi—

2018 3566 2211 3621 cerint.
2236 3564 2447 3634 Quippe
2474 3560 2753 3632 prioribus
2802 3556 3135 3628 martyribus
3178 3553 3507 3608 illustriores
3540 3557 3597 3606 et

2019 3659 2367 3717 sublimiores
2398 3653 2707 3710 declarandi
2735 3658 2863 3707 sunt
2888 3668 2904 3717 ;
2932 3656 3216 3718 propterea
3238 3645 3386 3716 quod
3432 3658 3597 3713 supe-

2018 3756 2193 3810 riores
2223 3760 2489 3822 martyres
2510 3749 2657 3804 illius
2676 3747 2940 3802 duntaxat
2958 3741 3220 3799 satellites
3243 3747 3596 3810 superarunt,

2017 3847 2073 3903 hi
2099 3861 2229 3902 vero
2258 3844 2535 3899 diabolum
2567 3842 2746 3911 ipsum
2779 3836 2949 3892 tilium
2973 3832 3293 3905 perditionis
3315 3843 3596 3900 expugna.

329 3923 767 3986 ταπαλαίσαντες
818 3922 916 3975 καὶ
973 3920 1189 3991 νικητα).
1220 3920 1329 3992 (29)
1380 3922 1693 3994 γενόμενοι,
1747 3925 1906 3981 ποίων

2014 3939 2147 4005 rint,
2178 3953 2243 3992 ac
2267 3934 2551 3991 victoriam
2602 3930 2954 4001 reportarint.
2995 3924 3206 3993 Quibus
3238 3923 3404 3994 igitur
3430 3934 3595 3976 enco—

331 4012 426 4068 οὗν
479 4014 770 4084 ἐγκωμίων
831 4013 925 4067 καὶ
985 4012 1268 4081 στεφάνων
1299 4014 1361 4066 οὐ
1396 4015 1915 4088 κατακοσμηθήσον-

332 4122 425 4171 ται
493 4106 604 4175 (50)
661 4104 810 4174 παρὰ
859 4102 955 4158 τοῦ
1008 4104 1270 4175 βασιλέως
1331 4104 1489 4173 ἡμῶν
1554 4104 1731 4176 Ἰησοῦ
1774 4107 1916 4179 Χρι-

266 4209 273 4227 ’
338 4199 467 4253 στοῦ
486 4216 501 4262 ;

408 4254 601 4345 XXXI.
661 4288 799 4343 Ἀλλ’
834 4289 927 4342 ἐπὶ
984 4288 1047 4341 τὸ
1096 4254 1459 4358 προκείμενον
1510 4288 1915 4361 ἐπανέλθωμεν.

340 4382 505 4437 Ὅταν
536 4382 647 4455 γὰρ
685 4381 890 4435 λάϐωσι
923 4380 1043 4433 τότε
1091 4382 1142 4433 οἱ
1170 4378 1447 4450 ἄνθρωποι
1473 4381 1573 4453 τὴν
1624 4382 1915 4454 σφραγῖδα,

2016 4031 2142 4086 miis
2173 4037 2228 4084 et
2254 4027 2473 4083 coronis
2504 4039 2617 4080 non
2645 4014 2989 4078 ornabantur
3025 4033 3057 4072 a
3082 4029 3208 4087 rege
3252 4020 3442 4069 nostro
3468 4009 3591 4066 Jesu

2017 4120 2277 4176 Christo?

2089 4276 2281 4332 XXXI.
2312 4274 2418 4331 Sed
2449 4281 2783 4329 revertamur
2810 4267 2880 4323 ad
2917 4264 3277 4338 propositum.
3310 4259 3465 4315 Tunc
3496 4257 3595 4314 lto—-

2021 4373 2197 4426 mines
2218 4368 2310 4423 ubi
2336 4366 2571 4437 sigillum
2594 4362 2924 4433 acceperint,
2950 4376 3053 4415 nec
3070 4371 3246 4422 escas,
3270 4369 3371 4409 nec
3395 4366 3594 4421 aquam

334 4476 430 4529 καὶ
489 4443 589 4545 ούγ
615 4443 843 4544 ἐὕρωσι
874 4471 1104 4544 τροφὰς,
1128 4470 1254 4524 οὕτε
1278 4443 1289 4450 Π
1312 4471 1477 4544 ὕδωρ,
1524 4443 1906 4546 προσέρχονται

2021 4461 2348 4523 invenerint,
2378 4458 2607 4513 adibunt
2637 4470 2761 4510 eum
2814 4467 2938 4508 eum
2982 4466 3118 4505 voce
3165 4446 3359 4502 acerba
3410 4443 3597 4499 dicen-

333 4567 483 4638 αὗτῷ
510 4535 651 4639 μέεά
677 4535 944 4635 ὀὲννηρᾶς
971 4535 1176 4635 (ρωνῆς,
1214 4535 1481 4631 λέγοντεςλ
1517 4535 1617 4629 Δός
1816 4583 1906 4634 φα-

2021 4567 2139 4611 tes:
2175 4554 2253 4608 Da
2283 4553 2444 4608 nobis
2484 4550 2633 4622 quod
2664 4548 2892 4604 edamus
2912 4554 2966 4599 et
3009 4542 3280 4597 bibamus.
3314 4535 3449 4593 Nam
3475 4549 3595 4591 om-

333 4662 453 4729 γείν
477 4658 573 4713 καὶ
606 4659 771 4722 πιεῖν,
802 4657 885 4710 ὅτι
944 4657 1147 4719 πάντες
1177 4657 1243 4709 ἐκ
1294 4654 1389 4708 τοῦ
1440 4655 1622 4726 λιμοῦ,
1674 4658 1767 4710 καὶ
1807 4658 1906 4710 ἀπὶ

2018 4665 2115 4704 nes
2137 4663 2250 4718 prae
2298 4644 2442 4701 fame
2470 4640 2794 4710 cunctisque
2845 4632 3262 4693 necessitatibus
3288 4628 3594 4685 deﬁcimus.

335 4713 521 4824 πάσης
552 4713 799 4822 ἀνάγκης
829 4748 942 4820 (51)
988 4713 1337 4819 ὲκλείπομεν,
1391 4713 1509 4802 καὶ·
1540 4713 1797 4815 ἐπίταξον
1824 4749 1906 4802 τὸν

2015 4713 2158 4797 Jube
2181 4740 2380 4796 coelum
2430 4736 2674 4807 praebere
2713 4731 2870 4787 nobis
2915 4742 3136 4799 aquam.
3169 4724 3324 4795 abige
3354 4737 3384 4776 a
3435 4720 3595 4824 nobis
3684 4713 3692 4724 ’

335 4812 565 4916 ούρανόν
592 4812 686 4897 τού
715 4812 898 4896 δοῦναι
925 4812 1058 4913 ημῖν
1089 4812 1254 4912 ὕδωρ,
1286 4812 1380 4894 καὶ
1403 4841 1674 4896 ἀπέλασον
1704 4812 1814 4913 (52)
1849 4843 1906 4896 τὸ

2016 4835 2221 4890 bestias
2268 4831 2521 4887 homines
2594 4827 2938 4901 devorantes.
3016 4817 3155 4873 Tum
3222 4816 3447 4872 dolosus
3503 4812 3596 4866 ille

335 4902 745 5007 ἀνθρωποφάγα
790 4902 981 5006 θηρία...
1014 4935 1150 4988 Τότε
1178 4902 1211 4987 ὀ
1240 4902 1437 4998 ⁷δόλιος
1492 4902 1906 5007 ἀποκριθήσεται

2016 4925 2380 4997 respondens,
2413 4920 2584 4977 multa
2608 4932 2733 4975 cum
2780 4912 3181 4969 inhumanitate
3230 4902 3594 4963 subsannabit

342 5003 694 5100 μυκτηρίζων
717 5003 914 5091 αὐτούς
948 5025 1059 5097 (55)
1090 5028 1149 5080 ὲν
1204 5025 1371 5097 πολλῇ
1411 5003 1796 5098 ἀπανθρωπίᾲ,
1837 5025 1906 5080 λέ·

2020 5019 2164 5085 illos,
2188 5018 2276 5073 his
2305 5015 2486 5071 verbis
2521 5032 2534 5068 :
2562 5011 2776 5067 Casium
2822 5018 2985 5079 negat
3023 5003 3283 5076 pluviam,
3312 5008 3454 5053 terra
3483 5007 3593 5047 non

339 5085 454 5191 ῖτων
484 5085 618 5191 (ἕωῖ
664 5119 721 5171 ’0
763 5085 987 5189 οὐρανὸς
1038 5085 1100 5172 ὲὺ
1163 5085 1412 5189 βούλετάι
1443 5085 1624 5171 δοῦναι
1678 5085 1906 5189 ea“

2022 5113 2218 5169 iterum
2245 5107 2501 5181 producit
2529 5104 2774 5178 germina
2819 5118 2955 5157 sua:
2992 5098 3266 5153 undenam
3302 5103 3403 5158 ego
3438 5085 3594 5140 vobis

434 5176 597 5267 πάλιν
630 5211 691 5264 οὐ
724 5176 1009 5283 βλαστάνει
1058 5211 1129 5264 τὰ
1163 5176 1488 5282 ’γεννήματα
1531 5210 1720 5280 αὐτῆς·
1757 5176 1906 5264 πόθεί

2021 5176 2283 5259 alimenta
2305 5176 2705 5271 suppeditabo?
2730 5193 2945 5249 Auditis
2992 5190 3080 5244 his
3105 5183 3286 5240 verbis
3316 5177 3494 5233 dolosi
3523 5176 3595 5229 il-

416 5350 529 5421 (22)
558 5349 687 5421 [Ὅτι
721 5348 943 5421 πλάνος,
975 5348 1037 5401 Β.
1070 5417 1080 5421 _
2242 5336 2885 5421 ξάηάναδειχθησονται.

415 5406 526 5490 (25)
557 5418 661 5486 ld.,
694 5420 869 5491 πλανᾷ
898 5406 989 5472 τον
1020 5417 1243 5491 κόσμον.
2242 5410 2600 5491 ivx-{peiuras

417 5475 530 5563 (24)
565 5475 664 5563 Id,
699 5475 914 5552 αὐτούς.

418 5559 532 5632 (25)
566 5562 625 5616 in
658 5563 718 5615 Β.
751 5563 998 5631 sequitur
1020 5560 1115 5613 καὶ
1128 5560 1365 5632 -κτύπων
1397 5559 1736 5631 ἀμετρήτων.

441 5624 530 5704 26)
554 5632 636 5704 ’ζά
668 5624 1088 5704 προστάγματα,
1126 5630 1188 5685 Β.
1224 5699 1234 5704 _
1543 5624 1556 5631 ⁷
1596 5624 1637 5704 Ἀ
1746 5624 1752 5631 ’

443 5702 534 5774 277)
565 5703 625 5757 Β.
666 5721 679 5756 :
714 5698 1028 5774 ’Τιμωρίαις
1071 5699 1387 5774 ἀνυκέστοις
1432 5698 1581 5774 (189.
1614 5698 1800 5774 ἀνηκ.)
1829 5699 1928 5751 καὶ

355 5770 603 5895 βῖασάνοις
648 5770 994 5844 πικροτάτοις
1052 5772 1171 5839 (leg.
1217 5770 1591 5843 πικροτάταις)
1636 5770 1916 5825 ἀναλώσει.

402 5844 558 5895 einde
579 5852 774 5895 cetera
798 5844 979 5895 omnia
1010 5843 1211 5895 omissa
1247 5858 1420 5895 usnue
1445 5847 1509 5895 ad
1537 5841 1811 5895 μακάριοι.

402 5844 558 5899 einde
579 5841 775 5900 caetera
798 5844 979 5899 omnia
1010 5843 1211 5898 omissa
1247 5841 1420 5913 usque
1445 5847 1509 5897 ad
1536 5841 1811 5911 μακάριοι.

2094 5477 2207 5551 (50)
2246 5478 2343 5551 Νι,
2376 5477 2479 5532 οὐκ
2506 5477 2914 5551 ἀξιωθησονται.

2094 5546 2206 5619 (Si)
2242 5550 2327 5615 8.,
2369 5552 2461 5603 καὶ
2492 5550 2589 5619 τῆς
2616 5546 2823 5619 ὀδύνης.

2243 5612 2322 5673 Id.
2346 5612 2660 5692 adilit_:_'dcp’
2694 5612 2867 5692 ημῷν.

2096 5678 2210 5758 (55)
2243 5678 3052 5760 κἈποκριθήσεταΓαςῦτοῖς,ιΒ.
3123 5745 3137 5760 ⁹
3191 5744 3215 5758 ⁸
3419 5739 3439 5753 '-

2236 5759 2311 5817 Μ.
2342 5731 2491 5816 θνιίῇι
2525 5731 2550 5809 τ’
2596 5757 2758 5811 πόθεν
2788 5753 2897 5821 ἐγὼ
2919 5731 3082 5805 ἷέώσω
3115 5744 3245 5814 ὑμῖν
3278 5739 3469 5811 Ψαγεῖν
3505 5731 3600 5789 καὶ

2028 5849 2192 5887 πιειν.
