4090 6404
518 415 629 476 955
1333 412 1628 470 APPEND.
1670 413 1764 468 AD
1797 411 2081 468 PARTEM
2115 412 2159 466 ιι
2197 411 2485 470 omnum
2527 413 2585 468 s.
2630 411 3013 468 IIIPPOLY’I‘I.
3690 415 3798 473 935

519 539 650 606 lius,
681 539 872 597 miseri
900 547 1034 595 tunc
1057 537 1369 608 intelligent
1395 552 1519 592 eum
1549 551 1670 591 esse
1697 534 2009 605 improbum
2043 534 2109 588 il-

2214 535 2342 605 ύμῖν
2367 534 2523 588 δώσω
2550 533 2659 604 ἐγὼ
2681 533 2945 605 βρώματα
2968 552 2982 599 ;
3044 534 3177 586 Τότε
3211 533 3543 599 ἀκούσαντες
3563 536 3674 590 τῶν
3700 540 3800 610 ρη-

519 630 637 686 lum
675 630 973 686 diabolum.
998 627 1138 684 Tum
1162 629 1421 699 plangent
1443 628 1664 686 misere.
1693 626 1984 697 plorabunt
2007 640 2102 679 ve-

2211 626 2398 698 μάτων
2434 626 2529 679 τοῦ
2559 626 2733 680 δολίου
2789 626 2980 680 τούτου
3017 628 3067 679 οἱ
3114 626 3310 690 ἄθλιοι,
3371 629 3656 699 νοήσουσιν
3706 631 3798 685 ’ὅτι

522 723 826 789 hementer,
854 719 1049 776 faciem
1070 720 1325 775 manibus
1352 720 1467 774 suis
1487 719 1844 782 contunderit,
1874 716 2101 787 capillos

2206 712 2361 783 οὗτός
2392 720 2544 773 ἐστιν
2584 719 2612 772 ὁ
2644 719 2880 792 πονηρὸς
2921 717 3185 784 διάϐολος,
3236 719 3330 774 καὶ
3381 720 3640 791 κόψονται
3672 722 3794 776 ὀδυ-

521 829 654 870 Suos
683 814 931 880 evellent,
967 828 1136 883 genas
1179 811 1458 882 unguibus
1502 810 1907 873 dilacerabunt,
1957 810 2101 865 alius

2207 812 2409 884 νηρῶς,
2468 814 2562 867 καὶ
2594 811 2920 867 κλαύσονται
2966 812 3237 883 μεγάλως,
3280 814 3377 867 καὶ
3408 812 3471 867 τὸ
3505 815 3800 886 πρόσωπον

521 906 613 960 alii
663 906 937 960 dicentes:
987 903 1034 959 Ο
1064 904 1465 960 calamitatem!
1492 917 1525 957 o
1571 902 1825 959 acerbam
1856 902 2103 971 negotia-

2211 905 2328 964 ταῖς
2361 902 2550 973 χερσὶν
2583 901 2767 956 αὐτῶν
2793 900 3042 971 τύψουσι,
3099 903 3194 956 καὶ
3230 903 3331 967 τὰς
3376 903 3572 976 τρίχας
3616 904 3800 958 αὐτῶν

520 998 757 1053 tionem!
790 1012 824 1052 o
849 1006 1069 1066 pactum
1104 995 1511 1051 fraudulentum
1542 995 1555 1048 ι
1602 1009 1636 1049 o
1688 1008 1878 1049 casum
1912 994 2102 1064 ingen-

2206 993 2558 1067 διαρρήξουσι
2611 996 2747 1068 (55),
2779 997 3015 1061 καὶτοῖς
3046 997 3193 1064 ὄνυξι
3227 996 3326 1062 τὰς
3359 999 3591 1071 παρειὰς
3627 1017 3799 1055 κατα-

520 1093 664 1147 tem!
719 1090 1005 1158 Quomodo
1056 1106 1157 1147 nos
1204 1091 1472 1160 impostor
1539 1087 1796 1144 seduxit?
1828 1087 2105 1157 quomodo

2267 1085 2450 1150 ινοῦσι,
2478 1086 2730 1156 λέγοντες
2781 1088 2916 1160 πρὸς
2948 1088 3228 1161 ἀλλήλους·
3255 1093 3321 1145 Ὠ
3355 1089 3455 1160 τῆς
3486 1094 3795 1163 συμφορᾶς,
3879 1093 3882 1097 ’

519 1184 851 1239 αᾱὴωείιηιις
902 1183 997 1239 ei?
1049 1183 1327 1253 quomodo
1369 1182 1577 1237 retibus
1630 1182 1780 1236 illius
1812 1180 1955 1250 capti
2012 1195 2106 1234 su—

2210 1177 2256 1231 ὣ
2284 1179 2384 1250 τῆς
2425 1179 2693 1252 ὀδυνηρᾶς
2734 1181 3138 1252 πραγματείας
3192 1181 3239 1236 ὢ
3272 1181 3366 1235 τοῦ
3399 1182 3573 1237 δολίου
3605 1184 3803 1240 συναλ-

519 1277 682 1331 mus?
711 1276 988 1346 quomodo
1045 1274 1322 1331 verriculo
1373 1275 1522 1329 illius
1571 1274 1772 1344 impuri
1822 1271 2107 1328 conclusi?

2214 1269 2515 1341 λάγματος,
2542 1270 2587 1323 ῶ
2621 1272 2717 1325 τοῦ
2752 1273 3006 1343 μεγίστου
3042 1271 3356 1344 πτώματος.
3384 1273 3512 1339 Πῶς
3562 1275 3799 1348 ἐπλανή-

523 1368 801 1435 quomodo
837 1365 1151 1437 Scripturas
1186 1365 1471 1421 audientes
1501 1380 1608 1419 non
1633 1360 2106 1433 intelligebamus?

2202 1360 2379 1433 θημεν
2407 1361 2518 1435 (56)
2546 1361 2625 1434 τῷ
2677 1364 2901 1435 πλάνῳς
2962 1364 3076 1429 πῶς
3122 1352 3797 1438 προσηνέχθημενάὑτῷς

522 1458 805 1530 Siquidem
838 1466 970 1513 tunc
1002 1457 1195 1525 illigati
1245 1456 1409 1511 rebus
1439 1455 1564 1510 vitae
1603 1469 1667 1508 ac
1697 1452 1970 1508 desiderio
2001 1452 2102 1505 hu-

2205 1455 2326 1520 πῶς
2368 1459 2481 1521 τοῖς
2522 1458 2713 1511 τούτου
2758 1458 2995 1522 δικτύοις
3051 1456 3502 1531 ὲζωγρεύθημεν;
3573 1460 3691 1524 πῶς
3724 1463 3797 1533 τῇ

514 1551 608 1622 jus
647 1551 830 1606 saeculi
850 1592 865 1617 ,
893 1549 1150 1621 perfacile
1175 1549 1515 1604 adducentur
1545 1547 1613 1601 ad
1636 1546 1912 1602 diabolqu
1937 1553 1992 1599 et
2023 1542 2103 1599 si-

2209 1550 2382 1621 μιαρᾷ
2408 1548 2573 1602 αὑτοῦ
2609 1552 2821 1624 σαγήνῃ
2867 1550 3364 1622 συνειλκύσθημεν;
3419 1551 3535 1615 πῶς
3572 1550 3799 1605 ἀκούον-

520 1644 852 1713 gnabuntur.

2216 1654 2309 1702 τες
2335 1639 2444 1692 τῶν
2477 1640 2707 1711 Γραφῶν
2734 1642 2795 1693 ού
2849 1642 3152 1712 συνιῶμεν;
3181 1640 3292 1693 Καὶ
3323 1640 3433 1713 γὰρ
3482 1641 3603 1694 τότε
3636 1643 3684 1693 οἱ
3712 1640 3799 1695 δε-

515 1738 731 1809 δεμένοι
760 1736 872 1809 (57)
923 1738 981 1790 ὲν
1027 1736 1317 1809 πράγμασι
1339 1735 1631 1807 βιωτικοῖς,
1660 1734 1755 1788 καὶ
1816 1736 1882 1805 τῇ
1943 1730 2210 1805 ἐπιθυμίᾳ
2261 1734 2353 1788 τοῦ
2405 1735 2600 1801 αἰῶνος
2651 1736 2860 1802 τούτου,
2918 1732 3063 1795 οὗτοι
3104 1736 3803 1815 εὐχερῶςπροσαχθήσον-

517 1848 613 1886 ται
633 1831 710 1903 τῷ
740 1832 991 1903 διαϐόλῳ,
1024 1832 1120 1886 καὶ
1144 1830 1636 1903 σφραγισθήσονται
1665 1829 1799 1901 (58).
2948 1890 2955 1897 1
2994 1852 2999 1857 -
3528 1902 3531 1907 ἡ

592 1927 808 1982 XXXII.
850 1931 919 1983 At
954 1928 1107 1982 multi
1139 1928 1235 1997 qui
1264 1927 1489 1981 audient
1520 1926 1833 1996 Scripturas
1863 1924 2098 1988 divinas,
2133 1931 2174 1985 Β

2272 1923 2487 1979 XXXII.
2520 1927 2582 1979 Οἱ
2615 1926 2671 1979 δὲ
2698 1924 3037 1997 ἀκροώμενοι
3063 1923 3171 1978 τῶν
3202 1924 3364 1978 θείων
3388 1923 3623 1995 Γραφῶν
3652 1922 3792 1995 (59),

520 2038 614 2078 eas
653 2025 708 2078 in
733 2023 986 2078 manibus
1011 2023 1310 2088 habebunt,
1355 2029 1538 2076 mente
1562 2020 1879 2082 versabunt,
1927 2018 2103 2087 impo-

2204 2018 2299 2071 καὶ
2331 2018 2423 2070 ἐπὶ
2452 2020 2641 2089 χεῖρας
2669 2018 2904 2089 ἔχοντες,
2924 2018 3016 2071 καὶ
3045 2018 3102 2070 ὲν
3125 2016 3201 2087 νῷ
3223 2016 3428 2080 ταύτας
3456 2014 3794 2083 ἐννοοῦντες,

524 2126 733 2173 sturam
775 2116 921 2172 illius
957 2116 1257 2171 evitabunt.
1290 2114 1451 2170 Clare
1476 2114 1621 2169 enim
1656 2112 1987 2184 perspicient
2017 2111 2105 2166 in-

2204 2108 2390 2162 πολλοὶ
2416 2109 2813 2181 ἁποδράσονται
2847 2109 2957 2181 (40)
2982 2111 3046 2162 ὲκ
3074 2108 3175 2179 τῆς
3208 2107 3374 2169 αὐτοῦ
3401 2106 3627 2178 πλάνης.
3651 2108 3800 2179 Νοή-

523 2209 695 2266 sidias
741 2208 892 2279 ejus,
925 2218 981 2264 et
1015 2210 1333 2278 impostura‘.
1368 2208 1770 2277 arrogantiam;
1817 2207 2106 2277 effugiem-

2205 2217 2358 2255 σουσι
2396 2202 2505 2274 γὰρ
2535 2203 2636 2273 τῆς
2664 2202 2959 2273 ἐπιϐουλῆς
3002 2201 3169 2256 αὑτοῦ
3205 2201 3303 2273 τὴν
3346 2202 3667 2272 ἐμφάνειαν,
3698 2200 3797 2254 καὶ

520 2316 629 2371 que
659 2316 690 2356 e
725 2301 974 2355 manibus
1003 2301 1123 2370 ejus
1165 2301 1233 2355 ad
1264 2307 1479 2356 montes
1501 2301 1569 2366 τ’,
1598 2309 1654 2354 et
1681 2299 2104 2354 occultabuntur

2202 2293 2303 2363 τῆς
2343 2294 2551 2365 πλάνης
2578 2294 2743 2349 αὐτοῦ
2778 2293 2877 2365 τὴν
2917 2293 3257 2358 ἀλαζονείαν,
3305 2295 3401 2347 καὶ
3440 2290 3798 2363 ὲκφεύξουσιν

523 2394 579 2448 in
606 2394 854 2448 cavernis
888 2399 1066 2460 terrae,
1105 2409 1231 2447 cum
1269 2393 1527 2465 lacrymis
1569 2401 1623 2448 et
1662 2393 1897 2447 contrito
1941 2392 2104 2446 corde

2202 2386 2267 2437 ὲκ
2320 2385 2427 2438 τῶν
2466 2384 2661 2456 χειρῶν
2716 2384 2916 2447 αὑτοῦ,
2958 2386 3053 2438 καὶ
3100 2384 3195 2437 ἐπὶ
3244 2384 3315 2438 τά
3350 2385 3489 2457 ὄρη,
3541 2386 3636 2438 καὶ
3671 2387 3797 2449 ταῖς

521 2493 831 2555 quaerentes
882 2484 1035 2538 illum
1081 2493 1354 2539 amantem
1400 2470 1720 2547 hominum,
1764 2484 1859 2553 qui
1908 2483 2103 2551 eripiet

2201 2478 2364 2541 ὀπαῖς
2392 2478 2491 2548 τῆς
2532 2479 2637 2549 γῆς
2673 2474 3185 2549 κατακρυὸήσονται
3216 2477 3361 2550 (M),
3399 2479 3494 2532 καὶ
3529 2476 3666 2549 μετὰ
3697 2478 3795 2533 δα-

520 2586 617 2628 eos
646 2588 677 2627 e
705 2571 915 2641 laqueis
950 2573 1118 2638 illius,
1155 2581 1210 2627 et
1241 2574 1589 2628 conservabit
1621 2589 1652 2627 a
1679 2573 1925 2627 molestis
1958 2573 2102 2627 illius

2201 2568 2405 2641 κρύων,
2450 2571 2543 2623 καὶ
2584 2569 3049 2647 συντετριμμένης
3079 2570 3305 2641 καρδίας
3347 2568 3646 2641 ζητήσουσι
3674 2569 3793 2642 (42)

522 2664 795 2720 scandalis
824 2683 837 2719 :
869 2665 1204 2735 dexteraque
1236 2681 1401 2720 manu
1436 2681 1535 2720 sua
1558 2707 1573 2732 ,
1621 2665 1877 2719 invisibili
1912 2664 2096 2730 modo,

2200 2660 2290 2714 τὸν
2312 2661 2717 2733 φιλάνθρωποψ
2751 2663 2845 2715 καὶ
2873 2661 3036 2724 αὑτὸς
3066 2662 3330 2715 ὲκσπάσει
3360 2663 3559 2725 αὐτοὺς
3588 2663 3653 2715 ὲκ
3675 2662 3791 2716 τῶν

524 2765 775 2828 proteget
803 2771 898 2812 eos
928 2758 1023 2827 qui
1053 2758 1215 2827 digne
1242 2772 1305 2813 ac
1332 2758 1480 2828 juste
1505 2758 1555 2813 ei
1587 2756 1995 2827 supplicabunt.

2203 2754 2415 2830 βρόχων
2465 2754 2653 2818 αὐτοῦ,
2686 2753 2780 2807 καὶ
2806 2753 3060 2807 διασώσει
3099 2756 3164 2807 ὲκ
3191 2754 3298 2808 τῶν
3349 2755 3660 2809 σκανδάλων
3690 2756 3792 2809 αύ-

2199 2848 2325 2911 τοὺς
2355 2849 2421 2918 τῇ
2458 2847 2604 2918 χειρὶ
2640 2843 2810 2899 αὑτοῦ
2867 2848 2932 2918 τῇ
2967 2844 3134 2918 δεξιᾷ,
3163 2847 3292 2912 τοὺς
3324 2847 3489 2913 ἀξίως
3518 2847 3668 2921 αὐτῷ
3694 2849 3792 2903 καὶ

2197 2938 2421 3001 δικαίως
2449 2938 2909 3010 προσπίπτοντας.

593 3025 831 3083 XXXIII.
873 3026 1037 3084 Vides
1086 3029 1234 3099 quali
1280 3027 1491 3099 jejunio
1528 3027 1796 3098 quibusve
1843 3027 2099 3098 precibus

2270 3029 2509 3085 XXXIII.
2556 3033 2723 3104 Ὀρᾷς
2741 3032 2858 3085 οἵαν
2886 3032 3140 3103 νηστείαν
3171 3032 3265 3086 καὶ
3291 3031 3600 3105 προσευχὴν
3629 3032 3785 3087 ἐκτι-

520 3129 653 3177 tunc
691 3130 912 3175 utentur
966 3122 1164 3176 sancti.
1216 3120 1393 3175 Simul
1463 3119 1617 3175 disce
1675 3136 1840 3190 quam
1892 3120 2098 3175 durum

2199 3122 2413 3178 λέσουσι
2447 3126 2567 3179 τότε
2594 3126 2642 3179 οἱ
2684 3126 2845 3194 ἅγιοι.
2897 3125 3052 3179 Μάθε
3106 3126 3200 3179 καὶ
3249 3127 3377 3189 τοὺς
3414 3127 3472 3180 ὲν
3508 3130 3575 3197 τῇ
3624 3126 3783 3180 πόλει

520 3221 735 3284 tempus
769 3230 835 3271 ac
874 3215 991 3271 dies
1025 3216 1270 3270 orientur
1312 3215 1419 3270 illis
1448 3215 1542 3285 qui
1589 3215 1645 3268 in
1670 3217 1807 3269 urbe
1839 3215 2098 3285 agrisque
2128 3280 2135 3290 ι

2200 3218 2295 3270 καὶ
2321 3216 2474 3289 χώρᾳ
2502 3213 2612 3281 οἷος
2658 3218 2894 3288 χαλεπὸς
2924 3217 3115 3288 καιρὸς
3153 3217 3248 3271 καὶ
3275 3218 3480 3290 ἡμέραι
3519 3219 3784 3289 γενήσον-

519 3273 699 3362 erunt.
749 3306 1024 3363 Accedent
1064 3307 1133 3361 ab
1179 3273 1483 3363 οριιίιιειιιιο⁸
1500 3306 1568 3361 ad
1607 3273 1905 3361 orientem”
1924 3273 2134 3376 usque‘

2197 3273 2478 3361 cat."Tdt;-.
2509 3273 2618 3361 άπδ
2649 3273 2759 3378 (λδ)
2788 3273 3062 3361 ἀνατολῶν
3091 3273 3171 3372 είς
3208 3273 3420 3381 δυσμὰς
3448 3273 3781 3381 ἀχθήσονται

520 3399 800 3469 plorantes
847 3398 1111 3468 majorem
1166 3398 1223 3453 in
1265 3399 1511 3464 modum,
1547 3398 1895 3467 graviterque
1943 3397 2098 3466 plan-

2198 3400 2293 3452 καὶ
2330 3400 2438 3452 ἀπὸ
2464 3398 2683 3469 δυσμῶν
2729 3399 2833 3462 ἕως
2863 3399 3136 3453 ἀνατολῶν
3164 3402 3659 3472 παραγενήσονται,
3690 3400 3782 3453 καὶ

519 3499 669 3560 gent.
709 3490 1063 3545 Illucescente
1103 3490 1193 3544 die
1224 3498 1436 3544 noctem
1469 3490 1894 3559 exspectabunt,
1926 3500 1986 3544 ut
2011 3504 2099 3543 re-

2199 3490 2488 3544 κλαύσουσι
2522 3489 2793 3561 μεγάλως,
2827 3491 3204 3560 καὶκόψονται
3249 3491 3503 3563 ἰσχυρῶς,
3549 3492 3642 3544 καὶ
3679 3492 3781 3560 τῆς

518 3579 809 3648 quiescant
843 3580 912 3633 ab
954 3580 1211 3649 operibus
1251 3580 1407 3648 suis;
1444 3580 1536 3634 ubi
1587 3595 1695 3634 nox
1736 3580 2097 3648 comprehen-

2197 3582 2414 3652 ἡμέρας
2456 3580 2892 3651 διαφαυσκούσης
2922 3581 3034 3650 (44)
3055 3620 3070 3643 ,
3114 3582 3417 3646 ὲκδέξονται
3452 3580 3550 3651 τὴν
3577 3582 3777 3643 νύκτα,

519 3668 664 3723 derit
694 3669 841 3732 illos,
875 3671 947 3725 ob
976 3670 1199 3725 crebras
1233 3679 1392 3725 terrae
1420 3670 1813 3725 concussiones
1844 3669 2099 3738 aerisque

2199 3674 2286 3726 ἵνα
2316 3671 2737 3725 ἀναπαύσωνται
2777 3674 2843 3726 ὲκ
2872 3672 2980 3725 τῶν
3008 3672 3182 3743 ἔργων
3212 3671 3415 3724 αὐτῶν·
3440 3668 3778 3725 καταλαϐούσ-

518 3766 892 3829 tempestates,
921 3771 1168 3830 quazrent
1230 3772 1291 3815 ut
1313 3761 1400 3816 vel
1443 3760 1715 3829 aspiciant
1750 3760 1934 3815 lumen
1963 3758 2094 3825 diei,

2202 3775 2300 3834 σης
2333 3762 2389 3815 δὲ
2418 3762 2518 3832 1τῆς
2544 3761 2757 3825 νυκτὸς,
2788 3763 2852 3814 ὲκ
2878 3761 2986 3814 τῶν
3032 3759 3347 3831 ἐπαλλήλων
3378 3759 3615 3830 σεισμῶν
3644 3759 3776 3831 (45),

519 3857 575 3905 et
624 3866 732 3921 qua
773 3853 986 3907 ratione
1016 3862 1199 3921 postea
1254 3853 1306 3906 in
1357 3854 1610 3908 acerbam
1659 3864 1888 3908 mortem
1933 3851 2097 3906 deve-

2199 3856 2294 3908 καὶ
2322 3856 2386 3907 ὲκ
2425 3852 2533 3906 τῶν
2566 3854 2894 3921 καταιγίδων
2932 3852 3041 3905 τῶν
3079 3853 3256 3923 ἀέρων
3277 3849 3600 3923 ζητήσουσιν
3630 3851 3741 3923 (46)
3761 3892 3776 3915 ,

516 3942 692 3999 niant.
740 3942 879 3999 Tum
929 3945 1131 4015 lugebit
1178 3944 1434 4000 universa
1480 3954 1624 4000 terra
1667 3946 1836 3999 vitam
1877 3944 2095 3999 crucia-

2199 3948 2289 4001 ϊνα
2324 3946 2427 4000 κᾶν
2465 3945 2711 4017 θεωρῶσι
2741 3946 2803 3999 τὸ
2837 3944 2953 4014 φῶς
2979 3945 3077 4015 τῆς
3106 3942 3318 4015 ἡμέρας
3355 3944 3449 3997 καὶ
3495 3942 3613 4007 πῶς
3655 3943 3783 4014 μέλ-

518 4041 676 4089 tuum
721 4036 960 4106 plenam.
1014 4036 1248 4105 Lugebit
1299 4051 1471 4099 mare,
1504 4036 1714 4108 lugebit
1744 4050 1857 4100 aer,
1889 4034 2097 4105 lugebit

2196 4040 2347 4092 λουσι
2373 4037 2559 4091 λοιπὸν
2587 4036 2807 4107 χαλεπῷ
2838 4036 3051 4106 θανάτῳ
3085 4033 3507 4106 προσέρχεσθαι.
3532 4035 3636 4087 Τὸν
3663 4035 3784 4089 ὀδυ-

518 4127 625 4191 sol,
665 4127 925 4197 lugebant
965 4129 1273 4183 animantes
1313 4127 1441 4182 ferae
1482 4144 1607 4183 cum
1634 4126 1971 4190 volatilibus,
2009 4126 2095 4180 lu-

2194 4130 2357 4202 νηρδν
2389 4129 2502 4198 βίον
2544 4127 2731 4181 πενθεί
2762 4128 2883 4181 τότε
2929 4126 3039 4198 (47)
3070 4128 3221 4179 πᾶσα
3245 4127 3279 4197 ή
3323 4126 3393 4197 γῆ
3415 4165 3429 4188 ,
3467 4125 3651 4180 πενθεῖ
3687 4126 3784 4182 καὶ

518 4216 721 4287 gebunt
761 4225 975 4273 montes
1021 4226 1076 4271 et
1113 4218 1299 4283 colles,
1350 4232 1415 4272 ac
1469 4219 1614 4287 ligna
1646 4217 1826 4287 campi
1874 4223 2095 4285 propter

2195 4224 2229 4294 ὴ
2261 4222 2506 4277 θάλασσα
2537 4220 2629 4274 καὶ
2656 4221 2785 4291 ἀὴρ,
2815 4218 3003 4272 πενθεῖ
3041 4218 3136 4272 καὶ
3169 4219 3198 4269 ὁ
3226 4217 3375 4288 ἥλιος
3408 4217 3518 4289 (48)
3549 4233 3562 4246 ·
3595 4216 3787 4273 πενθεῖ

520 4326 689 4380 genus
715 4310 1015 4365 humanum
1042 4326 1055 4361 :
1079 4326 1145 4364 eo
1176 4310 1322 4380 quod
1354 4328 1547 4367 omnes
1576 4311 1877 4366 defecerint
1906 4327 1937 4365 a
1961 4327 2088 4367 san-

2194 4311 2387 4367 καὶτὰ
2430 4313 2595 4383 ἄγρια
2640 4309 2788 4374 ζῶα,
2837 4312 2934 4364 σὺν
2989 4312 3252 4374 πετεινοῖς
3275 4326 3288 4339 ·
3338 4309 3625 4364 πενθοῦσιν
3678 4310 3780 4383 ὅρη

518 4411 607 4456 cto
647 4400 789 4467 Deo,
841 4412 894 4457 et
942 4401 1272 4457 crediderint
1322 4403 1609 4473 impostori
1662 4404 1777 4467 illi,
1840 4412 2092 4473 suscepto

2194 4406 2289 4461 καὶ
2326 4404 2525 4475 βουνοί,
2549 4403 2645 4457 καὶ
2671 4403 2740 4456 τὰ
2769 4402 2901 4467 ξύλα
2927 4402 3023 4455 τοῦ
3056 4402 3261 4465 πεδίου,
3282 4401 3372 4456 διὰ
3400 4403 3461 4455 τὸ
3488 4402 3645 4472 γένος
3671 4404 3784 4458 τῶν

518 4492 835 4546 charactere
868 4492 1065 4560 impuri
1099 4492 1244 4549 illius
1275 4503 1329 4549 et
1357 4495 1532 4552 hostis
1560 4496 1659 4551 Dei
1704 4497 1826 4552 loco
1864 4496 2092 4552 viviticze

2194 4495 2516 4570 ἀνθρώπων,
2536 4496 2618 4549 ὅτι
2649 4496 2847 4559 πάντες
2873 4494 3150 4559 ἐξέκλιναν
3179 4494 3287 4548 ἀπὺ
3305 4491 3442 4547 Θεοῦ
3473 4495 3652 4563 ἁγίου,
3683 4495 3779 4550 καὶ

520 4581 700 4636 crucis
726 4581 1047 4638 Salvatoris.
2127 4626 2135 4678 ι

2166 4638 2172 4669 ν
2195 4591 2273 4663 τῷ
2313 4589 2497 4659 πλάνῳ
2521 4588 2868 4648 ἐπίστευσαν,
2904 4587 3185 4657 δεξάμενοι
3210 4586 3303 4640 τὸν
3331 4588 3655 4660 χαρακτῆρα
3682 4586 3781 4642 τοῦ

2200 4681 2395 4755 μιαροῦ
2424 4681 2518 4734 καὶ
2539 4678 2828 4751 θεομάχου,
2858 4680 2980 4732 ἀντί
3008 4678 3104 4731 τοῦ
3134 4677 3396 4755 ζωοποιοῦ
3415 4677 3525 4751 (49)
3544 4678 3781 4751 σταυροῦ

2196 4775 2470 4845 Σωτῆρος-

591 4852 833 4908 XXXIV.
876 4853 1161 4923 Lugcbunt
1199 4856 1362 4911 etiam
1411 4858 1667 4916 Ecclesiae
1708 4862 1916 4916 luctum
1972 4880 2092 4916 nia-

2265 4864 2503 4919 XXXlV.
2535 4863 2795 4917 Πενθοῦσι
2847 4863 2907 4917 δὲ
2950 4861 3046 4915 καὶ
3100 4861 3157 4915 αἱ
3207 4860 3525 4934 Ἐκκλησίαι
3581 4861 3776 4925 πένθος

623 5041 671 5072 τ’
696 5041 862 5109 Apoc.
897 5055 969 5104 vi,
1001 5038 1067 5094 I6

596 5225 707 5298 (‘55)
764 5225 850 5280 Al.
908 5225 1024 5281 Pici
1075 5227 1279 5294 codex,
1329 5226 1678 5293 διασυροῦσι,
1745 5227 1847 5294 Β.,
1902 5229 2093 5283 διασύ-

2268 5226 2376 5298 (45)
2403 5225 2589 5298 δίοιδε
2638 5222 2758 5298 τότε
2788 5225 2897 5298 ἀπὸ
2929 5239 3104 5298 usque
3149 5222 3476 5297 ἁχθήσονται
3521 5239 3590 5278 ex
3620 5222 3683 5277 Β.
3715 5232 3774 5280 ct

609 5295 694 5349 σι.
2196 5295 2370 5353 altero
2398 5296 2512 5351 Pici
2543 5297 2732 5352 codice
2763 5295 3003 5351 restitui.

594 5368 707 5448 (ὅθ)
733 5366 808 5420 Id.
837 5366 1166 5448 subjungit:
1198 5369 1291 5421 καὶ
1333 5368 1723 5448 προσήλθομςν
1758 5367 1836 5439 τῷ
1885 5368 2090 5441 πλάνῳ.

1365 5368 1723 5448 τροσήλθομεν
1758 5367 1836 5439 τῷ
1885 5368 2090 5441 πλάνῳ.
2557 5366 2980 5448 διαδραμούσης.

520 5431 724 5511 Deinde
748 5431 1205 5511 statim_'sequitur
1235 5457 1248 5492 :
1281 5431 1405 5503 πῶς’
1427 5431 1721 5511 τῇ’μια’ρᾷ,
1760 5431 1865 5494 etc.
2042 5431 2055 5441 ’
2090 5454 2093 5457 ·

2418 5431 2521 5501 Μοέ
2576 5431 2790 5511 ὲκᾼῖτῶν
2835 5431 3022 5492 κόπων
3065 5431 3270 5502 αὐτῶν,
3313 5434 3410 5488 καὶ
3450 5436 3515 5489 ὲκ
3546 5434 3656 5488 τῶν
3682 5433 3775 5490 ἐπ’

598 5508 710 5580 (ζῆ)
747 5507 837 5580 _B-.
870 5508 1163 5578 δεδομένοι.
1469 5507 1492 5510 “
1532 5507 1551 5580 ξ,
1635 5507 1646 5511 ⁷
1678 5507 1689 5511 ⁷
2195 5507 2439 5580 ἀλλήλων
2474 5508 2733 5580 σεισμῶν.

615 5573 704 5650 ξιξ)
743 5578 844 5650 ld.,
873 5573 1226 5650 σφαγίσονται
1266 5581 1359 5634 ὑπ’
1392 5578 1579 5634 αὐτοῦ.
1613 5648 1632 5650 Α
2271 5573 2381 5650 (46)
2421 5577 2523 5643 ld.,
2555 5573 2621 5632 ὲκ
2650 5578 2759 5632 τῶν
2781 5576 3109 5647 καταιγίδων
3139 5574 3247 5631 τῶν
3269 5575 3486 5647 ἀνέμων
3515 5574 3615 5646 τὴν
3637 5573 3780 5642 ἡμέ-

741 5648 849 5723 ξίμαὶ
887 5646 1044 5723 ξεν-νῷ
1067 5648 1268 5714 ταύτας
1299 5648 1665 5723 φέροντεςηΒ.
1822 5721 1830 5723 _
1889 5719 1900 5723 Α
2198 5646 2673 5723 ραν-ζητήσουσιν..

741 5714 1197 5791 -ξΑποδράσουσιν,
1212 5723 1287 5775 id.
1313 5714 1516 5776 Deinde
1546 5721 1699 5791 plura
1726 5719 1947 5775 omittit.
2198 5714 2207 5722 ’

2198 5714 2210 5722 ’
2419 5714 2502 5791 B.,
2538 5718 2895 5791 μετέρχεσθαι
2935 5717 3039 5791 τὴν,
3070 5717 3202 5788 βίον.
3229 5714 3423 5769 Πενθεῖ
3454 5716 3597 5783 τότε,
3626 5723 3735 5771 etc.

592 5719 703 5853 (49))
752 5719 1187 5800 Ἀποδράσουσιν.
1212 5719 1516 5802 id._Dcin~de
1546 5721 1699 5790 plura
1726 5719 1947 5775 omittit.
2199 5719 2205 5722 “

590 5787 674 5926 (tl
741 5784 828 5852 B.,
861 5788 954 5839 καὶ
981 5789 1082 5851 τὰς
1105 5789 1243 5852 οπάς
1268 5807 1367 5861 της
1395 5808 1499 5861 γης
1533 5789 1888 5863 κρυϐήσεται.

614 5854 702 5926 42)
740 5854 842 5920 ld.,
868 5856 1262 5927 δυσωπήσουσι.

1776 5719 1947 5775 ῃίιιίι.
2199 5719 2210 5722 ⁷
2267 5719 2378 5929 (47)
2419 5719 2502 5779 B.,
2538 5719 2895 5791 μετέρχεσθαι
2935 5719 3028 5773 τὸν
3070 5719 3202 5788 βίον.
3229 5719 3391 5769 Πενθε

1777 5807 1888 5845 ται.
2290 5790 2357 5842 48
2418 5790 2580 5844 Addit
2614 5789 2697 5856 B.,
2727 5792 2819 5842 κσί
2858 5793 2890 5859 ἡ
2925 5789 3141 5860 σελήνη.

2292 5859 2382 5929 49)
2422 5859 2506 5928 Β.,
2540 5861 2664 5914 ἀντὶ
2686 5863 2776 5914 τοῦ
2803 5861 2986 5929 τιμίου
3014 5860 3109 5913 καὶ
3133 5857 3391 5923 ζωοποιοῦ

614 5854 702 5926 Β.)
740 5854 842 5920 ld.,
868 5856 1262 5927 δυσωπήσουσι.
1326 5854 1337 5861 ’
1409 5854 1420 5861 ’
1457 5854 1491 5861 ’ί
1574 5854 1585 5863 ’
1698 5854 1708 5862 ’
2272 5854 2382 5931 (49)
2422 5859 2506 5928 Β.,
2540 5861 2664 5914 ἀντὶ
2686 5854 2776 5914 τοῦ
2803 5854 2986 5931 τιμίου
3014 5854 3415 5923 καῖζωοποιοῦ.

3648 5995 3721 6004 μιν.
