4090 6394
437 371 541 426 957

1363 371 1634 430 SPURIA.
1676 405 1743 415 —-
1769 373 1858 431 DE
1896 370 2482 430 CONSUMMATIONE
2519 371 2753 428 MUNDI.

3563 380 3668 436 93:8

437 488 602 560 μέγα,
639 487 772 544 διότι
795 487 918 543 οὔτε
952 489 1255 562 προσφορὰ,
1281 488 1403 543 οὔτε
1432 489 1680 561 θυμίαμα
1712 490 1823 563 (50)
1854 492 1995 546 ἐκτε-

2107 506 2269 561 gnum
2298 507 2312 543 :
2339 491 2465 561 quia
2498 505 2597 546 nec
2625 489 2845 557 oblatio,
2893 506 2992 547 nec
3036 493 3244 552 sumtus
3267 497 3378 564 iiet,
3413 511 3514 553 nec
3547 499 3667 554 cul-

433 580 626 647 λεῑται,
654 581 778 636 οὔτε
815 581 1038 655 λατρεία
1091 582 1407 654 θεάρεστοςι
1455 582 1589 636 ἀλλά
1633 583 1700 647 τὰ
1734 584 1854 656 ίερά
1895 585 2004 639 τῶν

447 672 800 744 Ἐκκλησιῶν,
827 673 904 738 ὡς
937 673 1380 746 όπωροφυλάκιον
1417 675 1766 746 γενήσονταν
1811 676 1905 729 καὶ
1941 675 2003 728 τὸ

433 764 616 835 τίμιον
644 763 800 836 σῶμα
827 764 922 818 καὶ
961 759 1101 836 αἷμα
1127 763 1220 818 τοῦ
1259 763 1496 836 Χριστοῦ
1526 765 1584 820 ὲν
1617 768 1740 831 ταῖς
1770 767 2004 840 ἡμέραις

436 856 670 921 ἐκείναις
695 857 794 910 ούκ
820 858 1221 929 ἀναφανήσεται
1265 857 1406 928 (51)·
1439 857 1747 931 λειτουργία
1776 859 2004 932 σϐεσθή-

437 963 610 1011 σεται,
635 947 939 1020 ,ψαλμῳδία
977 949 1332 1023 παυθήσεται,
1361 949 1665 1018 ἀνάγνωσις
1707 949 1815 1004 τῶν
1865 951 2004 1023 Γρα-

435 1038 552 1107 φῶν
582 1033 681 1092 οὐκ
723 1039 1225 1111 εἰσακουσθήσεται.
1261 1039 1419 1094 Ἀλλά
1461 1039 1651 1104 σκότος
1694 1040 1846 1096 ἔσται
1891 1045 2002 1108 τοῖς

433 1128 767 1201 ἀνθρώποις,
809 1132 904 1185 καὶ
949 1130 1146 1203 θρῆνος
1195 1133 1290 1186 ἐπὶ
1343 1131 1558 1203 θρῆνον,
1591 1133 1685 1186 καὶ
1734 1133 1858 1187 ούαὶ
1909 1134 2002 1188 ἐπὶ

429 1221 569 1274 ούαί.
613 1221 855 1291 Ῥίψεται
897 1223 1016 1276 τότε
1043 1223 1074 1275 ὁ
1099 1223 1337 1295 ἄργυρος
1381 1224 1474 1277 κα)⁸
1499 1225 1528 1278 ὁ
1565 1223 1762 1296 χρυσὸς
1797 1225 1856 1278 ἐν
1879 1228 2001 1290 ταῖς

432 1312 736 1377 πλατείαις,
777 1315 872 1367 καὶ
919 1315 1094 1378 οὐδεὶς
1137 1314 1352 1381 συνάξει
1399 1315 1596 1379 αύτούς
1647 1315 1810 1387 (52)·
1866 1316 2002 1371 ἀλλά

429 1405 605 1458 πάντα
638 1405 898 1476 βδελυκτά
927 1405 1313 1477 καθεστήκασι.
1343 1406 1551 1470 Πάντες
1583 1406 1691 1478 γὰρ
1716 1406 1812 1460 τοῦ
1842 1408 2002 1477 ἐκφυ-

427 1499 544 1565 γεῖν
570 1498 665 1551 καὶ
701 1497 970 1569 κρυϐῆναι
1011 1497 1390 1562 σπουδάσουσι,
1430 1498 1524 1551 καὶ
1565 1497 1803 1569 οὐδαμοῦ
1838 1497 1997 1570 δυνή-

429 1605 612 1640 σονται
639 1588 822 1642 λαθεῖν
852 1591 916 1641 ὲκ
943 1589 1054 1642 τῶν
1090 1587 1277 1642 παθῶν
1306 1587 1419 1659 (55)
1456 1587 1550 1641 τοῦ
1583 1589 1958 1659 ἀντικειμένου
1980 1606 1996 1620 ο

426 1678 562 1732 ἀλλὰ
593 1679 654 1731 τὸ
707 1681 932 1751 σημεῖον
979 1679 1145 1734 αὐτοῦ
1196 1679 1620 1751 περιφέροντες,
1660 1680 1873 1752 εὔδηλοι
1903 1682 1998 1735 καὶ

425 1774 656 1842 γνωστοὶ
683 1773 847 1826 αὐτοῦ
883 1771 1374 1844 ἀναδειχθήσονται.
1410 1770 1650 1836 Ἔξωθεν
1677 1773 1841 1842 φόϐος
1859 1812 1874 1837 ,
1904 1773 1998 1826 καὶ

424 1838 625 1918 ἔσωθεν
653 1866 871 1938 τρόμος,
900 1867 995 1919 καὶ
1026 1838 1270 1919 mum
1304 1865 1397 1918 καὶ
1428 1865 1488 1916 ὲν
1525 1838 1740 1936 ήμέριξ.⁸
1775 1866 1833 1918 ἐν
1862 1865 1998 1918 πλα-
2027 1838 2070 1894 Β

421 1955 543 2028 τείᾳ
566 1956 660 2010 καὶ
696 1959 754 2011 ὲν
781 1959 892 2021 τοῖς
918 1957 1086 2022 οἴκοις
1129 1956 1452 2028 θνησιμαῖα·
1483 1957 1542 2010 ὲν
1583 1957 1864 2022 πλατείαις
1895 1959 1996 2012 καὶ

408 2049 485 2101 ’ὲν
507 2047 675 2112 οἴκοις
694 2049 805 2120 (54)
832 2052 991 2104 πεῖνα
1017 2049 1110 2104 καὶ
1128 2049 1272 2119 δίψαο
1296 2052 1353 2104 ὲν
1381 2049 1664 2113 πλατείαις
1681 2048 1918 2124 θόρυϐοι,
1939 2051 1998 2104 ὲν

420 2139 590 2204 οἴκοις
617 2139 873 2195 κοπετοί·
897 2141 1240 2214 μεμάρανται
1256 2141 1316 2194 τὸ
1345 2141 1542 2204 κάλλος
1559 2141 1657 2212 τῆς
1682 2139 1856 2209 ὅψεως
1883 2139 1998 2212 (55)

2104 591 2194 638 tus
2222 581 2335 637 Deo
2367 589 2575 651 gratus.
2621 582 2723 637 Sed
2752 581 3114 640 Ecclesiarum
3142 587 3283 643 aedes
3312 603 3482 644 sacrze
3509 598 3670 660 tugu-

2105 675 2173 729 rii
2205 675 2378 730 instar
2399 683 2561 729 erunt
2581 674 2648 741 ⁷³,
2681 677 3085 746 pretiosumque
3124 693 3324 748 corpus
3356 689 3411 736 et
3445 684 3670 752 sanguis

2102 765 2308 822 Christi
2364 780 2472 820 non
2503 766 2737 821 exstabit
2777 767 2833 822 in
2881 767 3078 824 diebus
3128 769 3257 836 illis,
3313 771 3531 844 liturgia
3574 789 3670 829 ex-

2104 857 2428 926 stinguctur,
2476 858 2810 926 psalmorum
2863 858 3172 914 decantatio
3208 863 3464 931 cessabit,
3521 862 3669 922 Scri-

2102 953 2383 1014 pturarum
2413 945 2663 1001 recitatio
2703 961 2811 1001 non
2854 948 3123 1004 audietur.
3177 949 3282 1006 Sed
3321 962 3480 1009 erunt
3523 957 3669 1025 apud

2104 1037 2354 1093 homines
2379 1038 2635 1104 tenebrae,
2658 1037 2972 1094 lamentatio
3003 1056 3166 1111 super
3197 1043 3666 1111 lamentationem,

2101 1142 2182 1182 vze
2211 1143 2375 1198 super
2406 1144 2506 1184 vae.
2539 1129 2838 1200 Argentum
2877 1140 2930 1186 et
2961 1147 3156 1188 aurum
3190 1143 3321 1192 tunc
3350 1137 3669 1207 projicietnr

2103 1219 2158 1275 in
2200 1221 2426 1289 plateas,
2460 1235 2559 1276 nec
2591 1222 2878 1292 quisquam
2937 1225 3155 1296 colliget
3193 1243 3259 1283 ea
3296 1244 3311 1281 :
3355 1229 3448 1284 sed
3482 1232 3666 1287 omnia

2102 1312 2494 1367 abominationi
2538 1312 2834 1369 habebunt.
2869 1314 3058 1371 Cuncti
3093 1318 3238 1373 enim
3272 1319 3530 1388 aufugere
3573 1338 3667 1378 co-

2101 1404 2377 1458 nabuntur
2419 1411 2473 1457 et
2503 1404 2794 1472 abscondi;
2836 1421 3104 1478 nusquam
3149 1420 3330 1465 tamen
3369 1411 3538 1467 latere
3569 1428 3671 1483 po-

2101 1499 2283 1547 terunt
2333 1508 2365 1547 a
2405 1494 2564 1550 malis
2605 1495 2936 1563 adversarii;
2988 1498 3084 1553 sed
3132 1507 3315 1556 nolam
3365 1502 3512 1558 illius
3561 1505 3670 1560 cir-

2101 1583 2462 1640 cumferentes
2504 1585 2664 1642 facile
2699 1600 3115 1658 cognoscentur,
3155 1606 3220 1647 ac
3257 1593 3372 1648 noti
3414 1594 3535 1665 ejus
3572 1597 3670 1651 de-

2101 1677 2475 1732 clarabuntur.
2522 1676 2688 1734 Extra
2720 1680 2901 1745 timor,
2937 1681 3086 1738 intus
3116 1691 3322 1740 tremor
3357 1696 3514 1742 nocte
3555 1688 3671 1744 dic-

2100 1782 2228 1836 que,
2257 1777 2373 1822 tum
2405 1768 2460 1822 in
2488 1769 2684 1838 platea,
2719 1779 2832 1824 tum
2863 1770 3009 1827 domi
3035 1774 3358 1844 morticina;
3393 1777 3448 1831 in
3474 1778 3670 1848 plateis

2102 1867 2156 1914 et
2185 1860 2438 1917 domibus
2475 1861 2644 1917 fames
2675 1877 2740 1917 ac
2771 1862 2929 1929 sitis;
2970 1864 3024 1920 in
3056 1867 3249 1936 plateis
3288 1870 3578 1937 tumultus,
3612 1871 3668 1926 in

2101 1950 2356 2007 domibus
2403 1953 2673 2022 planctus.
2708 1952 3077 2019 Pulchriludo
3106 1969 3360 2029 aspectus
3390 1959 3546 2016 faciei
3582 1971 3668 2017 ta-

2101 2042 2306 2105 bescet.
2337 2044 2467 2099 ﬁent
2496 2047 2640 2100 enim
2672 2045 2860 2103 formae
2894 2064 3084 2104 eorum
3119 2059 3376 2121 tanquam
3423 2061 3670 2110 mortuo-

2101 2151 2246 2191 rum.
2287 2135 2553 2192 Venustas
2584 2137 2872 2193 mulierum
2898 2150 3192 2208 exarescet,
3237 2144 3506 2214 cupiditas
3547 2160 3669 2201 om-

419 2229 516 2284 τοῦ
563 2232 884 2307 προσώπου·
928 2234 1168 2302 γίνονται
1206 2232 1316 2305 γὰρ
1361 2234 1420 2288 αί
1451 2232 1585 2286 ἰδέαι
1615 2231 1817 2296 αὐτῶν,
1869 2231 1995 2284 ὡσεὶ

2104 2229 2258 2284 nium
2297 2229 2581 2284 hominum
2616 2239 2924 2288 evanescct.

418 2323 649 2395 νεκρῶν.
698 2326 807 2380 Kal
849 2326 911 2381 τὸ
959 2327 1151 2391 κάλλος
1203 2327 1311 2381 τῶν
1359 2326 1634 2397 γυναικῶν
1677 2325 2082 2399 μαρανθήσεται
2111 2325 2258 2396 (56),
2289 2325 2385 2378 καὶ
2423 2326 2457 2396 ἡ
2487 2325 2748 2398 ἐπιθυμία
2780 2326 2886 2380 τῶν
2923 2327 3221 2400 ἀνθρώπιον
3258 2330 3472 2387 πάντων
3504 2333 3666 2404 ἀφαι-

457 2417 551 2477 εθή
559 2433 726 2471 σεται.
1209 2468 1221 2477 ρ

457 2417 515 2468 εθ
559 2433 726 2471 σεται.
1209 2468 1221 2477 ρ

420 2433 454 2486 ρ
489 2417 706 2565 ΧήΧΧγ.
749 2513 885 2567 Οὐδὲ
921 2514 1032 2586 γὰρ
1070 2514 1190 2576 τότε
1218 2515 1247 2567 ὁ
1269 2515 1640 2587 εῦσπλαγχνος
1677 2515 1771 2570 καὶ
1799 2512 1987 2586 φιλάν-

418 2598 636 2672 θρωπος
687 2602 820 2667 Θεὸς
865 2605 1179 2676 καταλείψει
1222 2606 1330 2660 τῶν
1383 2605 1684 2679 ἀνθρώπων
1735 2605 1798 2660 τὸ
1835 2606 2004 2677 γένος,

418 2692 884 2764 ἀπαραμύθητον,
941 2696 1075 2750 ἀλλά
1119 2698 1214 2751 καὶ
1268 2696 1559 2752 κολοὸώσει
1616 2697 1716 2762 τὰς
1779 2696 1993 2770 ἡμέρας

416 2783 666 2846 ὲκείνας·
724 2786 820 2838 καὶ
870 2786 961 2839 τὸν
1025 2788 1213 2859 χρόνον
1273 2788 1383 2842 τῶν
1438 2787 1606 2860 τριῶν
1668 2787 1764 2842 καὶ
1821 2788 1994 2859 ἥμισυ

418 2873 555 2928 ἐτῶν
589 2875 724 2946 (57),
756 2879 848 2930 καὶ
887 2880 1102 2950 ποιήσει
1129 2879 1268 2934 αύτά
1299 2880 1556 2951 σύντομα,
1594 2879 1683 2934 διὰ
1721 2879 1784 2933 τὸ
1821 2877 1993 2933 κατά-

416 2963 619 3037 λειμμα
646 2968 752 3022 τῶν
783 2970 842 3021 ὲν
867 2968 1017 3042 ὄρεσι
1047 2973 1142 3026 καὶ
1171 2973 1452 3044 σπηλαίοις
1480 2970 1987 3044 κατακρυφθέντων⁸

415 3055 503 3110 ἵνα
555 3058 629 3130 μὴ
693 3060 911 3115 πάντων
978 3062 1088 3117 τῶν
1155 3064 1326 3133 ἁγίων
1400 3063 1623 3116 ἐκείνων
1677 3064 1712 3133 ἡ
1775 3059 1988 3130 φάλαγξ

411 3148 656 3223 ἑκλείψῃ.
705 3151 861 3205 Ἀλλὰ
892 3155 1028 3224 μετά
1056 3155 1289 3227 σπουδῆς
1317 3155 1374 3210 αἱ
1418 3155 1622 3227 ἡμέραι
1669 3148 1828 3210 αὗται
1872 3153 1986 3224 (58)

411 3240 859 3312 διαδραμοῦνταιο
891 3245 986 3298 καὶ
1029 3247 1382 3318 ἀρθήσεταιὴ
1424 3246 1670 3317 βασιλεία
1710 3245 1803 3299 τοῦ
1848 3245 1986 3298 πλά-

411 3349 504 3386 νου
534 3335 628 3386 καὶ
669 3335 1032 3409 Ἀντιχρίστου
1069 3340 1128 3392 ὲν
1155 3339 1326 3410 τάχει.
1383 3337 1487 3392 Καὶ
1528 3337 1712 3390 λοιπὸν
1760 3339 1818 3390 ἐν
1851 3339 1983 3409 ῥιπῇ

411 3423 691 3496 ὀφθαλμοῦ
734 3429 976 3503 παρέλθῃ
1026 3429 1088 3484 τὸ
1134 3431 1319 3502 σχῆμα
1364 3428 1458 3483 τοῦ
1506 3429 1712 3497 κόσμου
1755 3427 1979 3482 τούτου·

2162 2507 2382 2564 XXXV.
2433 2505 2620 2578 Neque
2666 2516 2847 2564 tamen
2879 2523 2944 2564 eo
2980 2517 3224 2579 tempore
3255 2509 3568 2568 misericors
3611 2519 3668 2568 et

2092 2603 2374 2659 nominum
2417 2615 2609 2656 amans
2655 2598 2799 2656 Deus
2840 2600 3111 2670 relinquet
3153 2586 3454 2656 humanum
3491 2619 3664 2674 genus

2092 2696 2242 2752 omni
2276 2691 2649 2749 consolatione
2679 2691 3034 2759 destitutum;
3081 2693 3174 2748 sed
3205 2693 3506 2749 decurtabit
3547 2695 3664 2750 dies

2095 2786 2219 2841 illos
2260 2793 2316 2840 et
2353 2793 2567 2854 tempus
2618 2783 2785 2838 trium
2837 2798 3104 2839 annorum
3155 2786 3322 2841 semis
3382 2787 3664 2842 concisum

2096 2878 2285 2934 reddet
2308 2876 2377 2942 ",
2416 2884 2636 2947 propter
2684 2877 2944 2946 reliquias
2987 2876 3318 2931 latitantium
3356 2877 3411 2933 in
3463 2880 3664 2934 monti-

2099 2972 2202 3027 bus
2232 2979 2288 3026 et
2329 2968 2639 3040 speluncis;
2685 2984 2754 3024 ne
2789 2968 3023 3038 phalanx
3061 2969 3151 3022 illa
3187 2979 3500 3024 sanctorum
3541 2970 3665 3024 illo-

2095 3076 2216 3117 rum
2249 3062 2494 3116 omnium
2526 3059 2760 3115 deﬁciat.
2797 3059 2901 3114 Sed
2932 3058 3048 3115 dies
3079 3060 3156 3114 illi
3201 3060 3450 3115 ceieriter
3483 3070 3663 3116 trans-

2093 3152 2269 3217 ibunt,
2299 3149 2600 3207 seductoris
2628 3150 3005 3207 etAntichristi
3031 3165 3258 3222 regnum
3284 3152 3394 3207 cito
3417 3152 3659 3207 tolletur.

2092 3241 2296 3298 Deinde
2358 3242 2410 3296 in
2458 3242 2569 3296 ictu
2622 3239 2765 3296 oculi
2834 3241 3128 3312 praeteribit
3185 3241 3394 3310 species
3469 3241 3661 3296 mundi

2091 3334 2254 3405 hujus
2285 3336 2369 3402 ⁷⁸,
2418 3335 2813 3405 hominumque
2867 3333 3108 3404 potentia
3166 3332 3549 3408 evacuabitur,
3602 3341 3658 3389 et

2090 3435 2286 3482 cuncta
2315 3441 2436 3496 quae
2468 3425 2668 3482 cadunt
2703 3427 2806 3480 sub
2831 3425 3040 3491 oculos,
3066 3425 3408 3481 delebuntur.

410 3523 506 3576 καὶ
558 3525 667 3578 τῶν
737 3523 1038 3597 ἀνθρώπων
1091 3523 1229 3596 (59)
1276 3526 1309 3596 ἡ
1351 3523 1568 3592 ἐξουσία
1623 3521 2096 3595 καταργηθήσεται
2143 3518 2254 3591 (60)
2311 3519 2406 3573 καὶ
2475 3518 2545 3572 τὰ
2595 3518 2842 3592 ὁρώμενα
2889 3519 3062 3574 ταῦτα
3125 3521 3301 3574 πάντα
3357 3520 3659 3593 ἀφανισθή-

412 3633 616 3672 σονται.

481 3710 720 3769 XXXV].
770 3712 988 3767 Τούτων
1049 3705 1141 3766 οῦν
1193 3711 1500 3784 ἐσομένων,
1551 3709 1859 3782 ἀγαπητοὶ,
1911 3699 1986 3762 ὧν

2168 3704 2414 3759 XXXVI.
2473 3703 2612 3759 Cum
2670 3704 2855 3775 igitur,
2905 3703 3122 3771 dilecti,
3176 3703 3357 3760 futura
3396 3705 3506 3760 sint
3547 3707 3662 3761 haec

410 3805 760 3876 προείπομεν,
794 3807 887 3860 καὶ
916 3806 1017 3877 τῆς
1069 3807 1198 3876 μιᾶς
1253 3805 1542 3877 ἑϐδομάδος
1597 3806 1677 3868 εἰς
1699 3803 1793 3857 δύο
1827 3818 1984 3873 μερι-

2099 3815 2214 3871 quae
2249 3807 2375 3854 aute
2412 3797 2682 3862 diximus,
2722 3797 3006 3868 divisaque
3045 3797 3101 3851 in
3146 3797 3282 3852 duas
3325 3807 3509 3867 partes
3551 3814 3660 3853 una

410 3895 651 3967 σθείσης,
679 3897 772 3951 καὶ
809 3896 904 3951 τοῦ
954 3898 1321 3969 βδελύγματος
1356 3900 1455 3969 τῆς
1495 3895 1828 3968 ἐρημώσεως
1859 3893 1981 3947 τότε

2099 3891 2435 3947 hcbdomada
2479 3891 2567 3954 ⁷⁸,
2617 3899 2672 3944 et
2720 3889 3053 3944 abominatio
3115 3888 3470 3942 desolationis
3527 3896 3660 3942 tunc

407 3987 804 4056 ἀναφανέντος,
837 3989 1072 4043 καὶτῶν
1123 3991 1443 4062 προδρόμων
1490 3990 1600 4061 (61)
1639 3986 1734 4042 τοῦ
1773 3987 1980 4058 Κυρίου

2099 3982 2375 4046 exstiterit,
2392 3990 2446 4036 et
2461 3995 2823 4051 praecursores
2847 3979 3060 4034 Domini
3085 3994 3305 4034 cursum
3327 3995 3486 4034 suum
3507 3996 3659 4050 perc-

405 4079 498 4134 τδν
534 4079 662 4134 ἴδιον
701 4080 899 4151 δρόμον
926 4081 1277 4146 τελεσάντων,
1301 4081 1516 4137 καὶτοῦ
1547 4081 1857 4152 σύμπαντος
1887 4080 1981 4132 κό-

2099 4074 2278 4145 gerint,
2298 4073 2503 4128 mundo
2519 4073 2750 4142 denique
2771 4071 3023 4126 universo
3039 4072 3104 4125 ad
3125 4072 3655 4126 consummationem

410 4188 549 4242 σμου
578 4169 764 4225 λοιπὸν
797 4171 907 4242 (62)
935 4174 1016 4235 είς
1047 4173 1352 4226 συντέλειαν
1394 4172 1707 4245 ἐρχομένου,
1738 4170 1791 4224 τί
1821 4186 1978 4240 περι-

2099 4172 2435 4231 ιιορριαιηθ,
2473 4160 2602 4231 quid
2637 4168 2916 4230 superest,
2943 4158 3048 4216 nisi
3073 4159 3338 4214 adventus
3357 4159 3571 4214 Domini
3603 4171 3657 4216 et

404 4261 681 4327 λείπεται,
710 4262 823 4317 ἀλλ’
845 4263 880 4334 ἢ
919 4265 954 4334 ὴ
986 4263 1276 4332 ἐπιφάνεια
1313 4262 1408 4318 τοῦ
1436 4263 1634 4335 Κυρίου
1667 4262 1760 4315 καὶ
1797 4260 1980 4330 Σωτῆ-

2099 4253 2381 4308 Salvatoris
2425 4252 2598 4308 nostri
2629 4251 2759 4307 Jesu
2791 4251 3027 4318 Christi,
3058 4250 3181 4304 Filii
3218 4249 3333 4316 Dei,
3368 4252 3435 4306 de
3476 4252 3654 4318 caelis,

407 4370 500 4425 ρος
534 4353 691 4425 ἡμῶν
721 4351 896 4425 Ἰησοῦ
926 4352 1319 4425 Χριστοῦ,ΐτοῦ
1361 4352 1494 4406 Υἱοῦ
1539 4350 1634 4405 τοῦ
1679 4348 1836 4413 Θεοῦ,
1881 4347 1974 4402 ἀπ’

2099 4364 2138 4400 ηη
2180 4361 2344 4417 quem
2390 4345 2756 4415 speravimus;
2805 4342 2899 4413 qui
2949 4343 3288 4398 exustionem
3335 4359 3399 4398 ac
3441 4343 3653 4412 justum

399 4423 665 4514 οὐρανῶν,
715 4423 796 4506 εἰς
838 4443 897 4497 ὃν
945 4423 1281 4516 ἠλπίσαμεν·
1315 4443 1374 4508 ὃς
1411 4440 1591 4509 ἐξάξει
1635 4441 1734 4512 τὴν
1788 4437 1972 4510 πύρω-

2099 4450 2246 4491 )mne
2279 4434 2547 4505 judicium
2585 4434 2780 4489 educet
2815 4433 2871 4488 in
2915 4447 3010 4488 eos
3043 4433 3136 4501 qui
3175 4448 3283 4487 non
3318 4434 3651 4489 crediderint

404 4551 488 4587 σιν
522 4533 655 4606 (65),
690 4535 786 4589 καὶ
810 4534 908 4606 τὴν
949 4534 1341 4607 δικαιοκρισίαν
1389 4535 1567 4588 πᾶσαν
1603 4535 1715 4595 τοῖς
1751 4528 1979 4600 ἀπειθή-

2099 4527 2172 4583 3i?
2198 4526 2290 4580 Ait
2313 4525 2460 4581 enim
2493 4524 2758 4581 Dominus
2789 4539 2804 4577 :
2848 4523 3298 4590 Quemdﬂmodum
3333 4525 3516 4597 fulgur
3538 4529 3650 4581 exit

405 4643 559 4679 σασιν
592 4626 759 4697 αὐτῷ.
797 4626 960 4696 Λέγει
991 4626 1099 4700 γὰρ
1129 4629 1158 4682 ό
1190 4626 1393 4698 Κύριος
1416 4643 1431 4658 ·
1487 4627 1587 4678 Ὃν
1619 4623 1842 4693 τρόπον
1865 4621 1976 4691 γὰρ

2099 4618 2148 4673 1b
2179 4619 2397 4680 oriente,
2422 4625 2474 4672 et
2506 4626 2722 4688 apparet
2759 4633 2921 4688 usque
2956 4616 3026 4669 ad
3061 4615 3380 4670 occidentem
3400 4633 3420 4672 :
3442 4619 3518 4671 sic
3548 4621 3653 4672 erit

401 4717 442 4785 ἡ
471 4717 750 4789 ἀστραπὴ
783 4719 1089 4791 ἐξέρχεται
1121 4717 1240 4774 ἀπὸ
1262 4716 1596 4783 ἀνατολῶν,
1637 4714 1738 4769 καὶ
1775 4714 1980 4784 φαίνε-

2099 4710 2241 4764 :tiam
2281 4709 2534 4764 adcentus
2559 4706 2695 4762 Filii
2732 4707 2978 4762 hominis.
3027 4703 3134 4769 Ubi
3174 4707 3314 4760 enim
3357 4706 3520 4775 fuerit
3559 4724 3651 4761 ca-

481 4855 527 4886 ⁷³
545 4855 743 4912 Jerem.
775 4873 925 4923 xxvr,
953 4858 1042 4914 18.
1118 4856 1166 4890 ’⁸
1189 4855 1379 4912 Matth.
1401 4871 1550 4923 xxxv,
1574 4853 1668 4911 22.
1740 4853 1785 4885 ’⁸
1808 4849 1826 4903 l
1855 4847 1984 4904 Cor.

2105 4887 2121 4914 ,
2143 4847 2234 4903 5i.
2310 4846 2354 4878 "‘
2379 4845 2515 4900 Dan.
2553 4859 2629 4911 Ix,
2659 4845 2747 4900 27.

474 4989 583 5062 (50)
623 4991 681 5062 In
713 4992 774 5046 Β.
808 5008 932 5047 mox
956 4990 1262 5062 _sequitur:
1305 4987 1443 5062 Οὔτε
1483 4987 1783 5062 τδτίμιονῌ
1814 4986 1970 5062 ἐκτεο

400 5053 577 5114 λεῖται
611 5060 768 5132 σῶμα
797 5063 892 5115 καὶ
917 5053 1070 5132 αἷμαί
1082 5061 1176 5114 τοῦ
1200 5059 1459 5132 Χριστοῦ,
1487 5057 1581 5132 καὶ
1693 5058 1812 5118 ταῖς
1836 5053 1971 5132 ἡμέ-

401 5124 805 5203 ρᾳιςᾼέκείναις
835 5135 950 5203 λούκ
983 5124 1336 5203 ἀναφέρεται,
1373 5129 1471 5203 καὶ
1505 5128 1611 5203 γάρ
1659 5124 1969 5197 λειτουργία

2152 4980 2266 5052 (56)
2289 4982 2505 5053 iterum
2546 4981 2743 5039 desunt
2787 4984 2841 5038 in
2884 4980 2946 5034 B.
2981 4983 3144 5038 verba
3175 4981 3270 5036 καὶ
3308 4983 3540 5053 qusque
3583 4981 3653 5035 ad

2077 5051 2524 5175 ἀφαιρεθήσεται.

2089 5191 2097 5193 _
2151 5122 2207 5193 (5
2247 5123 2265 5193 )
2304 5121 2362 5176 ln
2388 5121 2524 5193 B.‘dt

2247 5123 2265 5195 )
2304 5120 2362 5176 in
2388 5121 2461 5195 B._
2480 5125 2632 5177 deest
2665 5122 2758 5176 καὶ
2789 5122 2982 5192 ἥμισυ,
3015 5120 3107 5195 sed
3150 5128 3327 5177 exstat
3357 5122 3525 5188 Apoc.
3565 5133 3646 5182 ιι,

401 5191 799 5272 ξδ’ϐεξςθήοέεται,⁷
821 5201 957 5255 ἀλλά
989 5191 1178 5265 σκότος
1209 5191 1379 5255 ἔσται.
1427 5191 1656 5254 ΙιλἸιΞΒο
1687 5211 1786 5268 pro
1817 5191 1968 5250 mure

2099 5194 2130 5252 ι.
2155 5191 2420 5272 ςᾳιιθῐη
2448 5191 2626 5272 locum
2663 5191 2854 5248 auctor
2884 5193 3124 5262 respicit.

400 5271 692 5325 contrahit.

636 5340 1009 5421 Ἀναφέρεται,
1037 5349 1120 5397 est
1136 5337 1307 5421 ‘inlB.

470 5408 582 5478 (5'2)
622 5409 708 5464 Al.
736 5408 850 5465 Pici
883 5411 1076 5469 codex.
1107 5411 1328 5478 συνάγει
1361 5408 1517 5463 αὐτά.

397 5551 429 5606 d
467 5475 578 5602 (55)
620 5480 708 5547 Β.,
736 5481 994 5550 ἐκφυγεῖν
1028 5481 1094 5534 ὲκ
1118 5481 1227 5535 τῶν
1255 5475 1521 5550 παγίδων,
1557 5477 1757 5533 rectius
1790 5484 1846 5530 ut
1885 5475 1963 5529 vi-

434 5565 462 5604 e
489 5566 576 5604 ur.

434 5559 520 5604 etu
529 5566 576 5604 Γ.

470 5619 584 5690 (54)
619 5618 679 5690 In
711 5619 903 5676 eodem
943 5619 1129 5677 codice
1167 5621 1365 5678 absunt
1388 5619 1552 5679 verba
1586 5619 1644 5674 ὲν
1678 5615 1959 5680 πλατείαις

397 5688 494 5742 καὶ
523 5688 580 5742 ὲν
615 5689 801 5754 οἴκοις.

471 5757 580 5830 (55)
617 5759 752 5816 Ibid.
786 5759 940 5816 deest
961 5759 1061 5832 τῆς
1097 5760 1298 5831 ὄψεως.

689 5857 960 5920 Parnm.
988 5860 1104 5921 Gn.
1140 5859 1220 5924 X.

2147 5263 2260 5334 (58)
2297 5263 2382 5334 13.,
2417 5262 2599 5334 ctu-cor}.

2143 5331 2256 5404 (59)
2297 5331 2384 5404 β..
2421 5332 2528 5386 τῶν
2561 5332 2850 5404 δαιμόνων.

2140 5389 2253 5473 (60)
2295 5389 2553 5486 sequitur
2587 5389 2737 5455 in'B.
2773 5400 2954 5486 statim
2983 5415 2997 5450 :
3034 5395 3249 5451 Τούτων
3276 5389 3368 5450 οῦν
3405 5395 3484 5460 ὡς
3510 5409 3648 5468 προ-

2066 5474 2317 5544 εἰπομεν,
2345 5473 2640 5544 ἐσομένων,

2139 5540 2250 5614 (6⁷1)
2287 5542 2374 5607 Β.,
2403 5540 2720 5614 προφητῶν.

2140 5542 2222 5614 (61
2287 5542 2374 5607 Β.,
2403 5542 2720 5614 προφητῶν.

2140 5542 2252 5686 (θὲ)
2285 5615 2352 5686 1n
2382 5613 2572 5686 eodem
2616 5625 2719 5665 ms.
2749 5608 2906 5686 abest
2936 5606 3144 5686 λοιπόν.

2137 5675 2249 5755 (65)
2285 5681 2372 5745 Β.,
2396 5681 2761 5755 ξκπλήρωσιν,
2797 5678 2892 5736 sed
2925 5678 3034 5734 duo
3085 5691 3216 5732 mss.
3249 5677 3453 5746 quibus
3481 5675 3646 5734 Picus

3230 5841 3321 5931 '30

2064 5749 2198 5810 usus
2227 5749 2335 5814 est,
2358 5749 2628 5820 πήρωσιν.
