4090 6370
468 436 564 495 941

1404 434 1676 495 SPURIA.
1717 469 1789 479 —
1824 437 1911 493 DE
1949 436 2541 494 CONSUMMATIONE
2580 437 2816 495 MUNDI.

3609 447 3714 504 942

469 572 589 624 νης.
616 554 811 619 οἵτινες
842 556 940 609 ούκ
969 554 1239 625 ἐφύλαξαν
1264 555 1362 627 τὴν
1388 556 1577 627 κοίτην
1618 557 1798 611 αὐτῶν
1844 558 2023 629 ἀμίαν

2155 557 2321 627 capti,
2351 572 2451 612 sua
2478 556 2745 612 desideria
2781 565 2908 613 sunt
2936 558 3127 615 secuti.
3161 559 3316 617 Tunc
3342 563 3434 633 qui
3469 562 3718 623 dilectio-

465 666 577 711 τον,
598 648 732 704 ἀλλά
758 650 865 702 πᾶν
892 649 952 702 τὸ
978 648 1170 712 κάλλος
1195 648 1295 719 τῆς
1314 648 1513 720 σαρκὸς
1530 649 1876 721 ἀπατώμενοι
1902 650 2039 722 (78),

467 741 562 795 καὶ
609 743 666 793 ἐν
720 744 841 821 ταῖς
905 740 1062 805 ίδίαις
1106 742 1421 813 ἐπιθυμίαις
1483 742 1875 815 πορευόμενοι.,
1904 744 2038 797 Τότε

465 833 856 902 ἀναστήσονται
886 834 936 885 οἱ
968 833 1067 904 τὴν
1102 833 1323 903 ἀγάπην
1366 834 1457 887 τοῦ
1482 830 1704 906 Κυρίου
1755 833 1828 904 μὴ
1870 832 2037 902 φυλάς

466 923 670 990 ξαντες,
692 927 955 995 κατηφεῖς
991 925 1083 978 καὶ
1112 926 1464 996 σκυθρωποὶ,
1513 928 1595 980 ὅτι
1644 928 1742 997 τὴν
1794 924 2034 998 ἐλαφρὰν

469 1015 683 1086 ἐντολὴν
713 1014 807 1068 τοῦ
841 1016 1093 1088 Σωτῆρος
1120 1016 1391 1087 ἠθέτησαν
1417 1017 1517 1087 τὴν
1543 1015 1803 1085 λέγουσαν
1821 1032 1835 1045 ·
1884 1017 2033 1085 Ἀγα-

469 1106 686 1183 πήσεις
720 1108 828 1161 τὸν
882 1108 1147 1176 πλησίον
1173 1122 1291 1162 σου
1330 1109 1412 1174 ὡς
1459 1109 1676 1162 ἑαυτόν
1703 1106 1834 1180 (79).
1896 1107 2028 1160 Τότε

2146 663 2269 703 nem
2316 648 2531 704 Domini
2579 663 2687 704 non
2734 659 3059 716 servarunt,
3108 663 3404 725 exsurgent
3438 658 3618 714 moesti
3653 675 3720 716 ac

2143 740 2351 795 tetrici:
2406 755 2472 794 eo
2505 742 2649 810 quod
2699 740 2995 796 Salvatoris
3039 744 3355 800 mandatum
3393 747 3552 805 facile
3579 766 3716 806 con-

2142 841 2532 903 tempserunt,
2592 833 2737 903 quod
2798 834 3098 904 praecipit:
3163 835 3367 908 Diliges
3415 842 3718 909 proximum

2143 934 2291 978 tuum
2318 926 2453 978 sicut
2491 935 2540 978 te
2581 926 2750 994 ipsum
2781 926 2847 977 θ’.
2896 925 3051 982 Tunc
3078 928 3172 997 qui
3206 922 3715 991 habderint‘libram

2143 1015 2425 1087 iniquam,
2481 1026 2752 1082 stateras,
2808 1034 3125 1087 mensuras,
3176 1020 3391 1077 modios
3437 1024 3713 1096 injustas,

2135 1118 2350 1180 gement
2379 1103 2759 1178 exspectantes
2783 1112 2993 1180 justum
3022 1111 3285 1181 judiccm.

465 1201 787 1255 κλαύσουσιν
824 1204 873 1256 οἱ
917 1204 1007 1256 τὸν
1052 1203 1214 1271 ζυγὸν
1253 1204 1412 1256 αὐτὸν
1439 1204 1624 1258 ἄδικον
1660 1203 2020 1274 κεκτημένοι,
2050 1204 2145 1258 καὶ
2174 1202 2466 1275 σταθμοὺς,
2494 1204 2588 1257 καὶ
2616 1204 2810 1275 μέτρα,
2848 1206 2942 1258 καὶ
2968 1205 3121 1276 μόδια
3153 1204 3312 1259 ἄδικα.
3334 1205 3467 1279 (80),
3497 1207 3715 1280 ἐκδεχό-

462 1314 611 1366 μενοι
640 1297 729 1351 τὸν
756 1297 960 1351 δίκαιον
989 1301 1217 1370 κριτήν..

527 1389 770 1445 XXXIX.
821 1393 932 1445 Καὶ
973 1393 1025 1445 τί
1070 1392 1403 1465 ἐπιφέρομεν
1425 1394 1536 1466 (8i)
1570 1394 1798 1457 πολλοὺς
1842 1395 2037 1463 λόγους

457 1482 566 1534 τῶν
595 1482 1130 1555 παραστησομένωνς
1163 1485 1299 1538 Τότε
1326 1487 1376 1538 οἱ
1422 1486 1618 1540 δίκαιοι
1668 1486 2035 1558 ἐκλάμψουσιν

458 1573 534 1637 ὡς
566 1576 595 1626 ὁ
633 1575 783 1644 ἣλιος
802 1594 814 1605 ·
840 1577 889 1629 οἱ
917 1576 973 1629 δὲ
1002 1577 1337 1649 ἁμαρτωλοὶ,
1380 1581 1647 1650 κατηφεῖς
1675 1580 1769 1633 καὶ
1790 1577 2033 1651 σκυθρω-

458 1666 551 1717 ποὶ
573 1666 1045 1739 ἀναδειχθήσονται
1075 1668 1209 1739 (82).
1252 1662 1581 1743 Ἀμφότεροι
1624 1671 1733 1746 γὰρ
1767 1672 1820 1724 οἵ
1853 1688 1914 1725 τε
1954 1670 2032 1724 δί-

457 1772 600 1809 καιοι
630 1757 724 1810 καὶ
750 1758 1062 1830 ἁμαρτωλοὶ
1089 1756 1356 1833 ἄφθαρτοι
1387 1750 1818 1833 ἀναστήσονται·
1844 1766 1891 1816 οί
1920 1761 2028 1834 γάρ

455 1847 675 1913 δίκαιοι,
708 1849 795 1902 ἵνα
819 1852 1052 1915 αἰωνίως
1094 1852 1401 1924 τιμηθῶσι,
1442 1854 1535 1907 καὶ
1576 1855 2028 1925 κατατρυφήσωσι

2221 1393 2462 1450 XXXIX.
2507 1393 2612 1451 Sed
2646 1396 2775 1466 quid
2827 1396 2981 1467 plura
3025 1397 3092 1451 de
3124 1396 3377 1453 sistendis
3422 1397 3718 1454 addimus?

2140 1486 2295 1542 Tunc
2332 1488 2467 1558 justi
2509 1486 2792 1558 fulgebunt
2838 1497 2898 1543 ut
2945 1488 3025 1543 sol
3054 1489 3130 1542 9‘z
3177 1497 3491 1558 peccatores
3530 1500 3711 1546 autem

2137 1578 2321 1635 tristes
2350 1587 2404 1633 et
2435 1579 2611 1634 tetrici
2656 1579 3009 1650 apparebunt.
3045 1578 3271 1649 Utrique
3311 1581 3457 1635 enim
3497 1590 3551 1636 et
3574 1581 3711 1652 justi

2135 1678 2189 1724 et
2220 1677 2533 1740 peccatores
2574 1678 2863 1741 resurgent
2908 1671 3383 1742 incorruptibiles:
3428 1673 3605 1743 justi,
3653 1683 3714 1729 nt

2134 1770 2393 1830 perpetuo
2426 1761 2536 1817 sint
2568 1760 2624 1815 in
2646 1761 2856 1817 honore
2898 1778 2963 1817 ac
3008 1763 3408 1819 immortalibus
3456 1762 3713 1818 fruantur

2133 1851 2378 1920 deliciis;
2416 1865 2759 1924 peceatores,
2808 1864 2868 1910 ut
2909 1871 3007 1926 per
3042 1856 3310 1927 judicium
3337 1871 3528 1928 pcenas
3556 1856 3714 1912 luant

458 1939 527 2002 τά
550 1940 822 1996 ἀθάνατα·
857 1946 904 1997 oi
929 1944 985 1997 δὲ
1019 1944 1350 2016 ἁμαρτωλοὶ,
1382 1947 1469 2009 ἵνα
1498 1947 1557 2000 ἐν
1589 1949 1654 2018 τῇ
1696 1938 1873 2020 κρίσει
1905 1948 2023 1999 alw-

2134 1943 2514 2012 sempiternas.
2587 1943 2828 2015 Quisque
2892 1945 3059 2016 igitur
3114 1955 3353 2003 vestrum
3411 1947 3712 2027 perpendat

457 2033 589 2098 νίως
618 2033 1080 2106 κολασθήσωνται.
1109 2036 1377 2102 Ἕκαστος
1411 2038 1519 2110 γάρ
1540 2039 1832 2111 ἐνθυμηθετ
1869 2057 1928 2093 τε
1972 2040 2032 2094 τὸ

457 2125 509 2177 τί
535 2124 692 2179 δώσει
715 2126 1006 2196 ἀπολογίαν
1029 2128 1141 2201 (8'5)
1159 2128 1236 2199 τῷ
1261 2130 1454 2202 δικαίῳ
1483 2125 1667 2201 κριτῇ,
1698 2122 1805 2209 ξετέ
1830 2130 2028 2199 ἀγαθά,

358 2206 363 2213 ’
459 2216 576 2273 εἴτε,
592 2216 769 2287 φαῦλα
788 2234 802 2248 ·
836 2220 890 2270 αἱ
916 2218 1025 2291 γὰρ
1058 2219 1283 2291 πράξεις
1307 2221 1524 2275 πάντων
1555 2218 1662 2273 τῶν
1700 2206 2028 2293 ἀνθρώπων,

451 2307 678 2363 ἕκαστον
700 2309 1114 2380 περικυκλώσει,
1131 2312 1240 2365 εἴτε
1261 2311 1484 2380 ἀγαθὸν,
1505 2311 1617 2365 εἴτε
1634 2310 1874 2383 πονηρόν
1893 2311 2025 2385 (84).

446 2402 516 2455 Δί
542 2399 651 2474 γὰρ
670 2400 927 2473 δυνάμεις
953 2402 1060 2457 τῶν
1085 2403 1329 2473 οὐρανῶν
1356 2392 1774 2474 σαλευθήσονται
1807 2402 1917 2474 (85)
1936 2405 2029 2457 καὶ

451 2492 631 2547 πάντα
661 2493 822 2562 φόϐος
851 2495 944 2548 καὶ
970 2495 1169 2566 τρόμος
1192 2478 1494 2559 κατέδεται,
1521 2495 1613 2549 τὸν
1644 2495 1891 2569 οὐρανὸν,
1929 2496 2027 2567 τὴν

448 2583 573 2656 γῆν,
589 2584 683 2638 καὶ
698 2583 767 2637 τὰ
780 2586 1124 2657 καταχθόνια·
1142 2588 1236 2641 καὶ
1251 2590 1399 2642 πᾶσα
1412 2586 1628 2656 γλῶσσα
1650 2587 1941 2660 ἐξομολογή
1949 2605 2027 2641 σε.

445 2694 537 2729 ται
563 2678 746 2742 αὐτὸν,
779 2680 873 2731 κα)⁸
895 2679 1217 2750 ὁμολογήσει
1246 2679 1337 2734 τὸν
1363 2679 1655 2751 ἐρχόμενον
1689 2682 1871 2751 κρῖναι
1908 2697 2026 2752 κρι-

448 2767 633 2839 τήριον
665 2768 895 2836 δίκαιον,
924 2769 1059 2824 Θεὸν
1086 2771 1305 2843 ἰσχυρὸν
1338 2772 1433 2824 καὶ
1461 2772 1689 2844 ποιητὴν
1714 2772 1822 2827 τῶν
1856 2773 2026 2827 ἀπάν-

448 2873 579 2910 των.
612 2857 743 2911 Τότε
778 2858 915 2929 μετά
934 2859 1132 2924 δειλίας
1165 2859 1277 2932 (86)
1301 2861 1395 2913 καὶ
1431 2860 1671 2932 θάμϐους
1717 2861 2023 2917 ἐλεύσονται

449 2946 692 3015 ἄγγελοι,
744 2948 957 3020 θρόνοι,
992 2950 1251 3017 ἐξουσίαι,
1300 2954 1500 3026 ἁρχαὶ,
1556 2953 1891 3026 κυριότητες,
1928 2972 2024 3009 πο-

447 3036 754 3110 λυόμματα,
788 3040 1131 3114 ὲξαπτέρυγα
1152 3044 1417 3115 χερουϐίμ
1449 3061 1509 3098 τε
1539 3045 1632 3097 καὶ
1672 3037 1933 3117 σεραφὶμ,
1964 3049 2021 3102 ἐν

282 3096 285 3097 ν
338 3206 347 3211 “
448 3096 602 3201 ἰσχύι.
618 3096 925 3204 κεκραγότα
954 3096 1103 3205 (87);·
1144 3096 1351 3205 λέκος,
1378 3096 2022 3207 .ἆγιος,ἄγιοξ·,ᾐὶξύριος

445 3226 709 3290 Σαϐαὼθ,
746 3226 1192 3297 παντοκράτωρ·
1212 3229 1450 3298 πλήρης
1488 3234 1519 3284 ό
1548 3231 1805 3298 οὐρανὸς
1853 3232 1950 3285 καὶ
1977 3233 2016 3299 ἠ

2135 2033 2276 2102 apud
2310 2042 2407 2101 se,‘
2439 2043 2553 2089 tum
2584 2035 2876 2102 bonorum,
2907 2045 3019 2090 tum
3049 2036 3319 2092 malorum
3345 2038 3496 2107 justo
3534 2021 3709 2109 judici

2133 2125 2397 2180 rationem
2448 2127 2798 2181 reddendam.
2851 2125 2986 2181 Nam
3019 2126 3258 2184 actiones
3312 2143 3503 2185 omnes
3532 2130 3708 2184 homi-

2132 2231 2261 2270 num
2291 2232 2734 2287 unumquemque
2772 2228 2883 2272 tam
2925 2221 3156 2289 probum
3187 2236 3350 2290 quam
3399 2220 3703 2291 improbum

2131 2307 2563 2363 circumdabunt.
2634 2306 3082 2379 Quandoquidem
3152 2311 3380 2366 virtutes
3438 2311 3701 2368 calorum

2130 2398 2491 2453 movebuntur
2514 2401 2580 2463 ⁹¹,
2610 2408 2664 2453 et
2688 2401 2868 2455 omnia
2892 2401 3054 2455 timor
3082 2416 3146 2456 ac
3173 2410 3375 2457 tremor
3394 2403 3701 2470 absument,

2128 2489 2325 2545 cmlum
2347 2530 2361 2553 ,
2395 2497 2626 2555 terram,
2663 2506 2727 2546 ac
2769 2493 3124 2548 subterranea
3155 2509 3169 2557 ;
3216 2501 3270 2547 et
3307 2495 3486 2559 omnis
3515 2494 3700 2565 lingua

2128 2580 2472 2637 conﬁtebitur
2510 2596 2634 2635 eum
2678 2582 2758 2648 ",
2809 2591 2864 2637 et
2913 2581 3171 2638 fatebitur
3216 2597 3342 2639 eum
3388 2585 3482 2655 qui
3524 2587 3705 2647 veniet.

2121 2672 2330 2743 justum
2357 2672 2624 2744 judicium
2647 2673 3020 2742 judicaturus,
3050 2674 3217 2729 Deum
3262 2674 3457 2731 fortem
3485 2686 3540 2732 et
3567 2685 3700 2732 con’-

2125 2764 2356 2819 ditorem
2412 2764 2676 2819 omnium.
2736 2763 2891 2820 Tunc
2938 2780 3061 2821 cum
3106 2780 3309 2834 pavore
3360 2781 3425 2822 ac
3477 2776 3701 2837 stupore

2125 2857 2418 2927 procedcnt
2457 2858 2668 2927 angeli,
2699 2856 2916 2921 throni,
2950 2864 3246 2926 potestates
3267 2898 3283 2923 ,
3327 2857 3696 2929 principatus,

2124 2948 2521 3023 dominationes
2561 2948 2638 3015 “,
2690 2949 2873 3005 multis
2912 2948 3087 3005 oculis
3136 2960 3191 3005 et
3221 2932 3321 3005 alis
3348 2964 3443 3005 sex
3472 2950 3696 3020 praedita

2124 3041 2404 3095 cherubim
2432 3057 2495 3095 ac
2520 3042 2813 3111 sernphim,
2840 3041 3051 3096 fortiter
3079 3041 3406 3096 clamantia:
3445 3039 3693 3109 Sanctus,

2122 3142 2338 3187 sanctus
2357 3134 2611 3207 ,sqnclus
2640 3132 2895 3187 Dominus
2925 3133 3174 3190 Sabaoth.
3192 3137 3545 3206 omnipotens:
3585 3139 3695 3206 ple-

2123 3240 2248 3279 num
2282 3234 2359 3279 est
2393 3224 2578 3279 calum
2604 3235 2653 3279 et
2690 3237 2829 3279 terra
2861 3226 3029 3303 gloria
3059 3237 3151 3282 tua
3178 3229 3245 3283 ”.
3272 3227 3337 3283 Et
3367 3230 3695 3285 revelabitur

334 3372 340 3377 ,
442 3318 518 3387 γῆ
550 3317 658 3387 τῆς
685 3319 868 3389 δόξης
892 3290 1155 3376 quam
1177 3290 1685 3395 ἀποκαλύφθήσεται
1708 3325 1737 3375 ὁ
1757 3290 2017 3388 tisanae;

2129 3313 2237 3367 Rex
2266 3328 2452 3384 regum
2477 3322 2531 3369 et
2563 3312 2822 3368 Dominus
2851 3290 3279 3381 dominantium,
3310 3332 3375 3371 ac
3403 3317 3569 3388 judex
3595 3312 3693 3388 qui

441 3400 550 3463 τῶν
583 3411 970 3480 βασιλευόντων
1006 3413 1140 3482 (88),
1163 3416 1257 3467 καὶ
1286 3413 1488 3487 Κύριος
1508 3415 1615 3468 τῶν
1632 3416 2012 3486 κυριευόντων,

444 3500 538 3553 καὶ
568 3502 760 3573 κριτὴς
792 3503 1293 3574 ἀπροσωπόληπτος
1313 3543 1327 3567 ,
1373 3502 1475 3557 καὶΔ
1500 3503 1761 3575 δικαστὴς
1783 3544 1796 3568 ,
1839 3503 1901 3558 τὸ
1936 3505 2017 3558 δί-

442 3606 597 3643 καιον
635 3578 921 3663 ἀπονέμων
960 3591 1212 3663 ἐκάστῳ”,
1262 3594 1353 3646 ἐπὶ
1411 3592 1602 3664 θρόνου
1640 3593 1873 3663 φοϐεροῦ
1921 3596 2017 3649 καὶ

440 3681 753 3754 ἐπηρμένου
773 3699 788 3713 ·
821 3682 916 3737 καὶ
936 3684 1082 3737 πᾶσα
1112 3683 1248 3756 σὰρξ
1273 3683 1380 3738 τῶν
1407 3684 1610 3756 βροτῶν
1638 3686 1827 3757 κατίδῃ
1850 3686 2015 3740 αὑτοῦ

440 3771 501 3826 τὸ
528 3774 817 3845 πρόσωπον
840 3774 979 3847 μετά
1010 3775 1174 3845 φόϐου
1219 3776 1312 3830 καὶ
1347 3776 1545 3841 δειλίας
1590 3777 1831 3849 μεγάλης
1851 3817 1866 3843 ,
1918 3778 2012 3831 καὶ
2045 3806 2053 3815 ~

440 3863 648 3930 δίκαιος
679 3867 772 3921 καὶ
802 3867 1144 3938 ἁμαρτωλός.

512 3956 624 4009 ΧΙ...
655 3958 791 4009 Τότε
829 3957 1123 4027 ἀχθήσεται
1149 3958 1179 4009 ὁ
1205 3959 1322 4022 υἱὸς
1365 3962 1464 4029 τῆς
1509 3960 1781 4024 ἀπωλείας
1802 4000 1816 4024 ,
1848 3962 2015 4033 ἤγουν

438 4045 469 4098 ὸ
496 4045 756 4111 διάϐολος,
791 4047 927 4115 μετὰ
951 4048 1058 4100 τῶν
1082 4048 1349 4118 δαιμόνων
1377 4050 1541 4102 αὐτοῦ
1565 4092 1580 4115 ,
1612 4051 1703 4103 καὶ
1745 4050 1880 4125 μετά
1906 4051 2015 4105 τῶν

443 4135 732 4207 ὑπηρετῶν
758 4135 944 4199 αὑτοῦ,
981 4136 1086 4189 ὑπὸ
1105 4136 1348 4205 ἀγγέλων
1380 4138 1665 4209 αὐστηρῶν
1698 4140 1792 4191 καὶ
1821 4139 2016 4192 ἀποτό-

444 4246 559 4300 μων
578 4247 591 4259 ·
621 4228 714 4282 καὶ
747 4227 1212 4300 παραδοθήσονται
1246 4228 1318 4299 τῷ
1345 4231 1478 4300 πυρί
1503 4229 1582 4299 τῷ
1609 4230 1891 4299 ἀσϐέστῳ,
1920 4232 2015 4283 κα)⁸

439 4320 516 4392 τῷ
543 4319 784 4392 σκώληκι
816 4319 894 4391 τῷ
924 4320 1224 4391 ἀκοιμήτῳ,
1248 4322 1340 4375 καὶ
1373 4320 1450 4391 τῷ
1478 4322 1658 4375 σκότει
1706 4320 1783 4392 τῷ
1823 4321 2016 4387 ἐξωτέ-

446 4430 525 4486 ρῳ
558 4413 691 4483 (89).
720 4414 841 4467 Τῶν
858 4412 976 4485 γάρ
1009 4412 1272 4484 Ἑϐραίων
1302 4413 1331 4465 ό
1354 4412 1522 4483 δῆμος
1549 4412 1736 4481 ὄψεται
1768 4411 1927 4466 αὐτὸν
1956 4412 2014 4465 ἐν

321 4478 325 4483 Ι
438 4478 676 4579 eisdem
704 4478 1012 4578 ἀνθρώπου,
1039 4478 1219 4568 καθὼς
1238 4478 1603 4575 αύτοῖςἿῶφθη
1637 4506 1702 4557 ἐκ
1728 4503 1826 4573 τῆς
1855 4503 2014 4572 ἀγίας

437 4598 711 4670 Παρθένου
743 4596 833 4651 διά
865 4595 1088 4668 σαρκὸς,
1125 4594 1219 4648 καὶ
1243 4593 1424 4659 καθὼς
1447 4594 1608 4647 αὐτὸν
1640 4592 2008 4666 ἐσταύρωσαν·

435 4690 529 4744 καὶ
560 4689 721 4756 δείξει
755 4690 938 4753 αὐτοῖς
982 4687 1091 4742 τῶν
1134 4687 1331 4759 χειρῶν
1368 4686 1461 4740 καὶ
1512 4686 1620 4740 τῶν
1676 4687 1850 4740 ποδῶν
1888 4687 2015 4749 τοὺς

435 4780 620 4851 ἥλους.
638 4780 749 4834 Καὶ
768 4779 865 4852 τὴν
882 4778 1118 4852 πλευρὰν
1134 4775 1298 4833 αύτοῦ
1314 4778 1645 4849 νενυγμένην
1664 4778 1753 4833 διὰ
1772 4778 1871 4849 τῆς
1901 4778 2009 4850 (90)

438 4872 657 4944 λόγχης·
693 4872 787 4927 καὶ
815 4872 913 4945 τὴν
945 4872 1120 4944 κάραν
1146 4870 1246 4942 τὴν
1272 4869 1331 4937 ἐξ
1364 4869 1615 4924 ἀκανθῶν
1656 4870 2010 4940 στεφανωθεῖ-

2120 3419 2409 3474 personam
2444 3421 2552 3461 non
2592 3406 2818 3477 accipit,
2851 3407 2944 3463 sed
2977 3409 3176 3478 cuique
3204 3410 3347 3479 quod
3371 3408 3581 3479 justum
3609 3421 3695 3466 est
3743 3402 3753 3411 ’

2120 3497 2429 3565 distribuit,
2461 3499 2514 3553 in
2545 3498 2742 3553 throno
2770 3499 2995 3555 terribili
3021 3510 3073 3555 et
3101 3501 3359 3557 exaltato.
3395 3500 3462 3557 Et
3489 3502 3694 3560 videbit

2122 3574 2303 3645 omnis
2330 3603 2461 3644 caro
2483 3589 2799 3644 mortalium
2834 3588 3026 3644 faciem
3055 3589 3174 3660 ejus
3196 3598 3309 3645 tum
3334 3591 3539 3660 justus,
3573 3601 3691 3661 tum

2121 3688 2394 3751 peccator,
2426 3696 2551 3737 cum
2583 3681 2779 3737 timore
2809 3696 2874 3736 ac
2900 3690 3046 3737 metu
3079 3674 3303 3754 ingenti.

3321 3833 3434 3871 .-

2188 3952 2301 4007 XL.
2352 3952 2493 4011 Tum
2537 3954 2835 4010 adducetur
2890 3953 3033 4009 filius
3087 3952 3448 4022 perditionis,
3503 3954 3557 4009 id
3603 3964 3691 4011 est

2119 4045 2398 4111 diabolus,
2447 4038 2575 4101 cum
2618 4043 2955 4101 demonibus
2998 4053 3053 4097 et
3097 4043 3364 4099 ministris
3410 4044 3688 4111 suis,-ah
3802 4080 3811 4087 ρ

2120 4138 2323 4209 angelis
2371 4138 2574 4193 severis
2604 4132 2685 4195 ac
2727 4136 2950 4206 rigidis;
3015 4135 3402 4205 lradenturque
3445 4136 3556 4206 igni
3603 4138 3690 4193 in-

2119 4228 2509 4298 exstinguibili,
2548 4228 2713 4282 vermi
2747 4243 2854 4283 non
2877 4227 3188 4291 dormienti,
3220 4241 3283 4282 ac
3316 4228 3551 4285 tenebris
3585 4243 3684 4286 et-

2119 4320 2432 4375 teriorihus.
2473 4316 2685 4373 Videbit
2710 4317 2857 4371 enim
2883 4316 3130 4387 populus
3148 4314 3492 4373 Hebraeorum
3529 4320 3687 4375 illum

2120 4413 2173 4466 in
2202 4411 2373 4482 figura
2401 4410 2637 4484 humana
2664 4409 2741 4474 φο,
2774 4407 3233 4480 quemadmodum
3260 4407 3458 4464 illis-ex
3494 4419 3682 4487 sancta

2118 4503 2340 4573 Virgine
2367 4516 2461 4571 per
2489 4515 2708 4556 carnem
2741 4498 3018 4570 apparuit,
3045 4507 3099 4554 et
3120 4499 3277 4554 sicuti
3305 4494 3687 4556 crnciﬁxernnt
3804 4564 3807 4567 Α

2119 4608 2272 4658 eum;
2327 4606 2391 4646 ac
2437 4589 2686 4645 ostendet
2735 4589 2818 4645 eis
2858 4603 3117 4642 manuum
3145 4587 3450 4668 pedumque
3476 4589 3681 4656 clavos,

2119 4687 2265 4741 latus
2305 4698 2466 4740 suum
2508 4682 2711 4738 laueea‘
2749 4680 3079 4752 perforatum
3102 4721 3119 4746 ,
3158 4690 3322 4752 caput
3362 4690 3682 4736 coronatum

2118 4776 2289 4848 spinis
2309 4818 2324 4841 ,
2370 4791 2433 4830 ac
2460 4774 2751 4844 pretiosam
2776 4771 3012 4827 erucem.
3045 4771 3288 4843 Denique
3323 4757 3506 4827 omnia
3531 4774 3686 4829 vider

2116 4870 2254 4925 bunt
2279 4865 2489 4923 Hebraei
2512 4906 2529 4932 ,
2577 4873 2631 4921 et
2658 4863 3048 4934 plangent,'ac
3081 4864 3390 4934 plorabunt,
3422 4864 3684 4934 quemad-

507 4989 551 5022 ³ο
578 4986 765 5042 Matth.
785 5004 898 5051 xIx,
928 4989 1010 5045 l9.
1085 4988 1129 5021 ’⁸
1150 4986 1337 5042 Matth.
1361 5004 1482 5055 xm,
1522 4987 1612 5042 45.
1687 4989 1731 5021 ⁸³
1760 4986 1947 5042 Matth.
1974 5002 2023 5041 ς]

2152 4983 2243 5041 29.
2335 4980 2382 5015 ³³
2407 4979 2638 5049 Philipp.
2671 4994 2730 5045 tt,
2756 4976 2840 5032 ll.
2927 4979 2974 5055 ἰς
2997 4978 3204 5035 Coloss.
3241 4995 3281 5043 ι,
3310 4977 3395 5032 16.
3422 4966 3439 5051 ί
3489 4977 3537 5011 ⁸⁸
3569 4977 3677 5035 Isa.

433 5074 513 5123 Vt,
543 5060 596 5112 '5.
671 5057 716 5089 ⁹⁶
746 5057 911 5127 Apoc.
946 5075 984 5124 ι,
1016 5057 1067 5111 7.

532 5147 619 5219 78)
646 5149 750 5220 ld.,
780 5147 858 5219 τῷ
884 5147 1069 5202 κάλλει
1096 5148 1199 5220 Δτῆς
1224 5148 1424 5219 σαρκὸς
1456 5148 1820 5220 ἀπατώμενοιῖ

534 5219 597 5274 79
603 5230 618 5282 )
653 5219 762 5282 AL,
800 5219 1041 5273 σεαυτόν.

508 5230 597 5287 (79
653 5230 762 5282 AL,
800 5230 1041 5273 σεαυτόν.

507 5230 618 5362 (βο)
648 5289 711 5362 β,
748 5289 915 5362 addit.
950 5288 1182 5362 ἔχοντες·
1422 5315 1438 5325 -

462 5410 465 5413 .
506 5357 619 5431 (81)
651 5358 751 5425 ld.,
787 5359 879 5413 καὶ
911 5357 1254 5431 τίέπιφέροι
1288 5361 1529 5431 μακροὺς
1586 5357 1807 5427 λόγους;
1858 5359 2001 5423 τότε,

437 5438 543 5485 ctc.

508 5498 627 5571 (82)
656 5496 913 5572 Sequitur
929 5498 995 5572 Ain
1019 5496 1112 5552 8.:
1141 5499 1254 5572 Ra).
1280 5499 1331 5572 οἱ
1376 5500 1473 5572 μὲν
1504 5499 1701 5572 δίκαιοι
1750 5500 1837 5552 ἵνα
1866 5500 2002 5572 atm-

2129 5487 2256 5565 egas
2276 5487 2601 5572 kat-‘xptfijé
2625 5487 3132 5562 ἀπροσωπολήπτης
3166 5489 3258 5541 ἐπὶ

353 5588 360 5597 ‘
435 5563 550 5643 νίρυ
569 5563 763 5643 χαρᾶς
788 5567 1056 5643 νεμεθῶσι
1076 5608 1093 5634 ,
1130 5571 1178 5623 οί
1203 5568 1269 5641 ,δὲ
1293 5563 1605 5643 ἁμαρτωλοὶ
1630 5572 1688 5625 ἐν
1726 5572 1793 5641 τῇ
1825 5570 2005 5642 κρίσει
2110 5563 2549 5643 μιξνοίξλιροϐερςοῦἶ

437 5637 1122 5710 δικαῷςίκολασθήσονται.
1203 5637 1213 5641 ”
1334 5637 1365 5690 ’.

510 5708 622 5779 (85)
655 5709 756 5779 ld.,
790 5708 1099 5779 ἐνθυμεῖται
1123 5709 1178 5763 τί
1209 5709 1500 5779 ἀπολογίαν
1530 5709 1708 5765 δώσει.

656 5777 873 5865 εἰη-εἴτε
899 5777 1097 5850 ἀγαθὰ,
1123 5779 1233 5865 εἴτε
1264 5777 1498 5865 πονηρά.
1661 5859 1673 5865 Δ
1794 5846 1797 5851 _

511 5846 622 5918 (85)
656 5849 714 5902 In
744 5848 801 5904 Β.
830 5846 1275 5921 ᾳυαέεειιυυυιιιι·
1315 5846 1518 5909 omissa
1554 5859 1681 5907 sunt
1723 5846 1897 5920 usque
1944 5846 2012 5903 ad

2104 5146 2269 5201 verba
2294 5164 2307 5199 ε
2341 5146 2491 5198 πᾶσα

2184 5146 2269 5200 rba
2294 5164 2307 5199 :
2341 5146 2491 5198 πᾶσα
2518 5142 2758 5210 γλῶσσα.

2184 5212 2828 5294 (ἓὲὶβοολιετάίφάδρυο-
2985 5280 2998 5294 .
3074 5280 3098 5291 -
3188 5280 3202 5294 .
3276 5277 3353 5294 Α-

2206 5277 2296 5355 87)
2323 5285 2383 5339 ln
2413 5277 2472 5336 Β.
2503 5277 2922 5355 εειίκαὶίπᾷσαι
2944 5280 3000 5331 αἱ
3031 5280 3284 5355 τῶν-οὐρα
3296 5277 3393 5331 θῶν
3420 5277 3678 5351 δυνάμεις
3773 5316 3780 5323 .

2182 5290 2296 5356 (87)
2324 5290 2383 5339 ln
2413 5290 2472 5336 Β.
2503 5293 2605 5345 est,
2631 5290 2726 5334 καὶ
2752 5290 2922 5333 πᾶσαι
2944 5290 3000 5331 αι
3031 5290 3139 5331 των
3153 5290 3275 5349 cupa

2110 5358 2169 5409 ἐν
2201 5357 2217 5407 ί
2293 5355 2348 5409 iit
2377 5352 2702 5427 κεκραγότα,
2732 5349 2769 5405 ἃ
2795 5349 2971 5419 ἅγιος,
2995 5350 3275 5426 mendose.

2182 5373 2295 5496 (8‘8)
2334 5423 2467 5490 Quae
2506 5428 2830 5496 sequuntur,
2869 5417 2938 5496 Βἱ
2954 5418 3275 5496 t_mntrah_it,r

2276 5417 2295 5497 )
2334 5423 2467 5497 Quae
2484 5417 2830 5497 sequuntur,
2848 5417 2939 5497 ίΒἱ
2954 5418 3245 5497 contrahit,
3273 5418 3326 5497 in
3351 5431 3463 5497 quo
3488 5420 3671 5497 statim

3286 5434 3475 5559 3.23:.
3488 5434 3675 5562 8.233:

2180 5586 2269 5629 νος
2296 5586 2427 5635 φουε
2497 5586 2549 5615 υ.
3034 5586 3073 5609 ,ο

2180 5635 2294 5705 (89)
2327 5634 2411 5688 Al.
2433 5586 2554 5705 ﬁci
2589 5627 2797 5705 c_odex,_
2822 5623 3106 5705 ἐξώτερον.
3141 5626 3247 5683 Sed
3283 5627 3338 5683 in
3381 5627 3443 5683 Β.
3478 5631 3677 5683 desunt

2108 5695 2287 5761 verba,
2306 5705 2404 5774 καὶ
2425 5702 2504 5774 τῷ
2532 5700 2717 5774 σκότει
2732 5695 2809 5767 τῷ
2832 5697 2987 5762 ἐξωτ.

2114 5764 2505 5902 δυξιξθξηῖξτδδ
2535 5768 2757 5838 διάθτῆς
2781 5764 2965 5836 iisque
3000 5767 3069 5824 ad
3116 5766 3548 5837 στεφανωθείσαν
3575 5764 3674 5821 de~
