4090 6372
466 451 573 506 946

1396 447 1670 506 SPURIA.
1710 479 1781 491 -
1813 447 1903 503 DE
1938 445 2530 506 CONSIIMMATIONE
2567 443 2802 503 MUNDI.

3623 439 3731 494 9&6

468 573 517 624 oi
548 572 673 635 τοὺς
707 572 763 624 ὲν
787 568 1050 640 φυλακαῖς
1078 570 1591 644 παραμυθήσαντες,
1625 572 1674 624 οἱ
1704 572 1814 635 τοῖς
1836 571 2047 641 τυφλοῖς

2160 570 2319 628 caecis
2356 572 2562 627 auxilio
2589 568 2790 636 fuistis,
2820 568 2915 640 qui
2947 566 3183 640 sigillum
3217 563 3339 621 ﬁdei
3366 565 3732 621 conservaslis

469 664 950 736 ἐπικουρήσαντες,
974 664 1023 716 οἱ
1049 663 1147 736 τὴν
1169 664 1438 737 σφραγῖδα
1460 664 1561 735 τῆς
1593 663 1827 727 πίστεως
1854 663 2055 737 ἀθραυ-

472 772 595 808 στον
639 754 1082 825 διαφυλάξαντες,
1126 756 1178 809 οἱ
1214 759 1335 821 ταῖς
1376 755 1693 827 ἐκκλησίαις
1738 756 2056 828 ἐπισυντρέ-

397 845 407 859 ’
468 864 676 919 χοντες,
706 849 755 900 οἱ
788 847 893 901 τῶν
927 848 1160 920 Γραφῶν
1189 865 1291 919 μου
1325 846 1637 913 ἀκούοντες,
1659 849 1708 901 οἱ
1738 850 1851 912 τοῖς
1876 848 2055 918 λόγοις

420 986 431 999 .
469 922 572 1012 μου
604 939 938 1011 ποθήσαντες
980 939 1077 1012 (ι),
1112 940 1162 994 οἱ
1204 939 1296 993 τὸν
1347 938 1508 1011 νόμον
1562 956 1662 1009 μου
1717 941 2054 1012 τηρήσαντες

465 1031 676 1103 ἡμέρας
708 1030 801 1084 καὶ
849 1032 1065 1098 νυκτὸς,
1104 1032 1154 1085 oi
1196 1030 1781 1102 συγκακοπαθὴσαντές
1832 1048 1920 1103 μοι
1955 1048 2055 1086 κα-

464 1124 546 1178 λοὶ
565 1125 638 1196 (5)
658 1125 1008 1197 στρατιῶται,
1026 1125 1150 1197 ἐμοὶ
1158 1124 1236 1196 τῷ
1250 1124 1484 1196 οὐρανίῳ
1502 1122 1710 1195 βασιλεῖ
1727 1124 1921 1196 ἀρέσαι
1939 1124 2056 1195 βου-

462 1213 892 1286 λόμενοι.Δεῦτε,
920 1216 1369 1289 κληρονομήσατε
1384 1214 1480 1288 τὴν
1498 1216 1908 1287 ἡτοιμασμένην
1924 1216 2054 1286 ύμῖν

384 1318 388 1323 ’
465 1305 744 1378 βασιλείαν
777 1308 888 1364 ἀπὸ
919 1307 1228 1380 καταϐολῆς
1260 1308 1487 1379 κόσμου.
1546 1308 1677 1363 Ἰδοὺ
1721 1309 1761 1380 ἡ.
1811 1308 2054 1378 βασιλεία

467 1415 571 1469 μου
612 1400 974 1472 ηὐτρέπισται
1018 1400 1127 1473 (6),
1186 1401 1293 1454 ἰδοὺ
1338 1401 1365 1454 6
1416 1399 1739 1472 παράδεισος
1779 1399 2051 1471 ἠνεῴχθη,

469 1490 577 1544 ἰδοὺ
607 1492 640 1562 ἡ
683 1491 952 1545 ἀθανασία
1000 1510 1102 1563 μου
1141 1490 1603 1547 κεκαλλωπισται.
1628 1491 1794 1545 Δεῦτε
1829 1492 2054 1556 πάντες,

465 1580 912 1653 κληρονομήσατε
975 1582 1074 1654 τὴν
1125 1582 1540 1655 ἡτοιμασμένην
1595 1583 1723 1655 ὐμῖν
1780 1580 2056 1654 βασιλείαν

465 1673 577 1727 ἀπὸ
602 1674 912 1745 καταϐολῆς
942 1675 1172 1746 κόσμου.

534 1763 719 1819 XLIII.
768 1766 904 1819 Τότε
942 1764 1452 1834 ἀποκριθήσονται
1490 1769 1544 1821 οι
1580 1767 1797 1822 δίκαιοι
1845 1767 1921 1840 (7)
1958 1769 2054 1823 ὲκ-

465 1854 823 1927 πληττόμενοι
878 1854 956 1926 τῷ
998 1855 1221 1928 μεγέθει
1270 1856 1365 1909 τοῦ
1419 1855 1715 1929 θαύματος,
1761 1858 1845 1912 ὅτι
1884 1859 1944 1912 δν
1990 1860 2051 1915 οὐ

461 1945 711 2021 δύνανται
749 1947 966 2019 βλέπειν
1005 1948 1217 2020 τρανῶς
1261 1948 1510 2018 ἀγγέλων
1545 1947 1611 2003 τὰ
1656 1950 1931 2021 τάγματα,
1971 1952 2048 2014 ὼς
2081 1936 2124 1991 Β

464 2039 650 2108 φίλους
684 2040 881 2103 αὐτοὺς
915 2038 1324 2111 προσκαλεῖται,
1360 2040 1456 2094 καὶ
1487 2039 1741 2113 βοήσουσι
1772 2041 1910 2115 πρὸς
1950 2042 2048 2094 αὐ-

462 2130 573 2184 τόν·
615 2132 811 2200 Κύριε,
861 2131 1006 2185 πότε
1043 2146 1118 2185 σε
1149 2131 1357 2203 ἴδομεν
1382 2131 1699 2198 πεινῶντα,
1740 2134 1839 2187 καὶ
1886 2119 2049 2215 ἐθρέ-

462 2224 696 2291 ψαμεν;
741 2222 1011 2291 Δέσποτα,
1054 2225 1199 2278 πότε
1243 2239 1318 2278 σε
1359 2223 1563 2295 ἴδομεν
1618 2223 1905 2295 διψῶντα,
1946 2226 2044 2281 καὶ

284 2278 296 2287 ⁸
389 2334 405 2353 δ
459 2278 854 2382 ἀποτῖσαμεη
877 2278 1097 2384 Φοϐέρὲ,
1140 2315 1283 2368 πότε
1321 2278 1403 2367 σε)
1428 2278 1633 2385 ἴδομεν
1661 2278 1913 2386 rium-67",

459 2392 886 2477 περιελάϐομεν
910 2405 1005 2480 (8).
1046 2388 1321 2472 Ἀθάείατε,
1349 2408 1492 2462 πότε
1510 2425 1584 2462 σε
1610 2408 1817 2478 ἴδομεν
1845 2405 2046 2473 ξένον,

459 2498 556 2551 καὶ
612 2498 1067 2570 συνηγάγομεν;
1095 2499 1472 2572 Φιλάνθρωπε,
1534 2502 1679 2555 πότε
1724 2516 1797 2554 σε
1841 2499 2048 2570 ἴδομεν

378 2594 381 2597 ’
459 2591 689 2660 ἀσθενῆ
723 2593 762 2661 ἢ
794 2592 865 2647 ἐν
896 2591 1166 2663 φυλακῇ,
1219 2593 1316 2646 καὶ
1358 2592 1622 2663 ἤλθομεν
1648 2593 1799 2662 πρὸς
1830 2591 1938 2655 σέ;
1971 2593 2044 2646 Σὺ

450 2674 512 2737 κεῖ
528 2685 557 2737 6
590 2684 679 2737 ἀεὶ
711 2683 786 2737 ὥν
815 2684 907 2754 (9).
930 2685 1002 2738 Σὺ
1032 2680 1084 2738 εἷ
1106 2688 1134 2740 6
1156 2684 1489 2756 συνάναρχος
1514 2683 1593 2755 τῷ
1616 2684 1791 2757 Πατρὶ
1812 2684 1905 2738 καὶ
1924 2699 2047 2738 συν-

460 2772 627 2836 αἲδιος
654 2772 731 2844 τῷ
764 2773 1059 2845 Πνεύματι.
1105 2776 1177 2830 Σὺ
1218 2773 1270 2829 εἴ
1302 2776 1331 2828 6
1371 2779 1435 2829 ἐκ
1466 2776 1540 2847 μὴ
1575 2775 1743 2830 ὄντων
1771 2775 1839 2829 τά
1866 2775 2047 2831 πάντα.

463 2864 712 2935 ποιήσας.
751 2866 824 2918 Σὺ
861 2860 914 2917 εἴ
949 2867 978 2918 ό
1018 2864 1127 2920 τῶν
1156 2867 1401 2936 ἀγγέλων
1433 2868 1543 2939 (10)
1594 2865 1866 2939 βασιλεύς.
1893 2867 1967 2921 Σὺ
1995 2863 2046 2919 εἷ

359 3032 362 3036 Δ
458 2952 517 3008 ὃν
543 2944 832 3026 τρέμουσιν
858 2957 1103 3027 ἄϐυσσοι.
1136 2960 1208 3015 Σὺ
1239 2955 1291 3013 εἴ
1316 2961 1344 3013 6
1374 2958 1806 3030 ἀναϐαλλόμενος
1830 2958 1947 3028 φῶς
1967 2958 2043 3024 ὡς

388 3122 403 3129 ν
460 3050 694 3121 ἱμάτιον.
727 3053 800 3107 Σὺ
828 3049 880 3107 εἷ
926 3056 956 3108 ό
978 3058 1209 3128 ποιήσας
1231 3057 1379 3128 ἡμᾶς
1404 3055 1499 3109 καὶ
1529 3054 1739 3118 πλάσας
1764 3054 1874 3109 ἀπὸ
1900 3052 2024 3124 γῆς.

346 3162 351 3169 -
458 3145 532 3198 Σὺ
565 3140 618 3198 εἴ
638 3145 667 3198 6
693 3145 761 3206 τὰ
781 3147 987 3220 ἀόρατα
1006 3148 1419 3222 δημιουργήσας
1446 3147 1582 3220 (Il).
1608 3146 1711 3201 Σοῦ
1742 3148 1852 3203 ἀπὸ
1870 3164 2041 3221 προσ-

2152 664 2407 733 illaesum,
2432 663 2529 736 qui
2559 661 2918 725 concurristis
2945 659 3015 715 ad
3044 659 3324 726 ecclesias,
3355 658 3450 730 qui
3473 654 3725 728 Scriptu-

2157 774 2245 814 ras
2287 773 2438 813 meas
2483 756 2737 822 audistis,
2784 754 2879 826 qui
2920 767 3205 809 sermones
3236 767 3390 807 meos
3426 750 3729 820 expetistis,

2155 850 2248 921 qui
2277 849 2449 919 legem
2486 864 2663 903 meam
2694 856 2864 902 noctu
2899 845 3103 916 diuque
3151 841 3431 910 servastis,
3475 842 3571 913 qui
3608 851 3730 898 tan-

2154 956 2319 1013 quam
2350 941 2557 999 strenui
2600 939 2805 996 milites
2838 939 2975 995 dura
3010 951 3223 993 mecum
3255 934 3547 1001 tolerastis,
3590 934 3728 988 mihi

2112 1022 2118 1027 ’
2153 1034 2267 1105 regi
2315 1033 2524 1089 cmlesti
2580 1032 2792 1104 placere
2835 1031 3137 1087 studentes.
3177 1022 3387 1094 Venite,
3443 1026 3730 1081 haeredita-

2156 1124 2226 1179 tis
2246 1125 2370 1195 jure
2399 1124 2671 1195 possidete
2706 1130 3069 1194 praeparatum
3100 1120 3254 1175 vobis
3289 1135 3514 1191 regnum
3544 1134 3576 1174 a
3599 1133 3731 1175 conv

2154 1215 2434 1271 stitutione
2462 1213 2672 1269 mundi.
2721 1211 2799 1268 En
2844 1226 3071 1284 regnum
3107 1226 3288 1266 meum
3335 1218 3583 1281 paratum
3619 1218 3726 1276 est,

2154 1325 2222 1362 en
2247 1316 2393 1379 patet
2423 1306 2733 1378 paradisus,
2773 1321 2841 1360 en
2880 1304 3261 1361 immortalitas
3311 1318 3429 1359 mea
3472 1302 3728 1359 decorata

2154 1407 2270 1454 est:
2301 1398 2480 1453 venite
2507 1413 2721 1464 omnes,
2746 1384 3019 1469 possidete
3035 1406 3282 1467 paratum
3316 1395 3472 1452 vobis
3500 1410 3725 1467 regnum

2156 1506 2189 1545 a
2221 1489 2608 1545 constitutione
2636 1488 2845 1546 mundi.

2226 1762 2413 1818 XLIII.
2461 1761 2605 1817 Tunc
2636 1761 3015 1834 respondebunt
3037 1763 3195 1833 justi,
3218 1756 3728 1835 attoniti'magnitu-

2154 1857 2283 1912 dine
2318 1858 2592 1923 miraculi,
2639 1856 2787 1928 quod
2840 1856 2887 1912 is
2938 1871 3100 1928 quem
3155 1856 3374 1912 ordines
3407 1856 3726 1927 angelorum

2154 1950 2349 2006 intueri
2378 1951 2523 2006 clare
2574 1966 2637 2006 ac
2679 1965 2801 2006 vere
2839 1965 2949 2005 non
2989 1958 3243 2019 possunt,
3281 1949 3601 2004 consolatur
3630 1966 3726 2006 eos

2155 2041 2301 2095 velut
2350 2043 2581 2108 amicos,
2625 2040 3048 2110 clamabuntque
3097 2040 3164 2107 ad
3216 2039 3368 2096 illum
3418 2057 3435 2095 :
3481 2040 3724 2108 Domine,

2152 2134 2361 2205 quando
2397 2144 2445 2188 te
2477 2134 2704 2188 vidimus
2733 2125 3065 2199 esurientem,
3100 2141 3150 2186 et
3179 2133 3455 2203 pavimus?
3483 2132 3725 2199 Domine,

2152 2224 2360 2296 quando
2393 2233 2440 2279 te
2484 2225 2710 2280 vidimus
2752 2225 3032 2291 sitientem,
3071 2233 3121 2278 et
3156 2223 3472 2293 prdbuimus
3504 2229 3727 2295 potum!

2154 2316 2476 2385 Tremende,
2502 2317 2713 2388 quando
2738 2326 2785 2371 te
2811 2317 3035 2372 vidimus
3065 2316 3291 2384 nudum,
3315 2325 3367 2370 et
3390 2318 3728 2388 aperuimus?

2153 2410 2503 2476 Immortalis,
2529 2411 2737 2480 quando
2755 2420 2803 2465 te
2826 2407 3051 2464 vidimus
3066 2410 3413 2481 peregrinum,
3436 2420 3486 2464 et
3512 2412 3727 2483 collegi-

2152 2502 2300 2557 mus?
2320 2500 2544 2557 Amator
2566 2502 2872 2565 hominum,
2889 2501 3100 2573 quando
3119 2509 3165 2554 te
3183 2500 3409 2568 vidimus
3427 2502 3721 2572 inﬁrmum,

2151 2604 2245 2648 aut
2272 2595 2327 2648 in
2352 2609 2579 2658 carcere,
2609 2605 2655 2649 et
2679 2595 2909 2648 venimus
2933 2593 3001 2647 ad
3024 2603 3072 2648 te
3093 2594 3139 2627 ”
3158 2594 3184 2648 ?
3200 2590 3279 2647 Tu
3297 2607 3377 2658 es,
3394 2595 3487 2664 qui
3512 2609 3726 2664 semper

2150 2695 2253 2742 est.
2277 2684 2357 2741 Tu
2386 2701 2494 2741 una
2521 2701 2645 2742 cum
2660 2684 2819 2741 Patre
2844 2700 2998 2742 cares
3028 2684 3316 2755 principio,
3338 2693 3393 2740 et
3418 2692 3724 2739 conternus

2150 2795 2211 2838 es
2228 2781 2457 2851 Spiritui
2479 2790 2689 2837 sancto.
2716 2779 2798 2835 Tu
2815 2796 2896 2845 es,
2917 2782 3011 2851 qui
3030 2795 3095 2835 ex
3114 2779 3287 2835 nihilo
3302 2780 3485 2836 omnia
3501 2780 3722 2835 creasti.

2153 2873 2233 2931 Tu
2256 2890 2315 2932 es
2336 2890 2430 2931 rex
2453 2875 2795 2946 angelorum.
2819 2870 2902 2928 Tu
2924 2888 3005 2937 es,
3027 2886 3187 2941 quem
3215 2879 3455 2926 tremunt
3474 2869 3657 2942 abyssi
3681 2871 3721 2926 ¹.

2152 2967 2235 3023 Tu
2260 2983 2340 3036 es,
2364 2968 2458 3039 qui
2480 2966 2686 3022 lumine
2714 2964 2978 3031 indueris,
3004 2963 3085 3018 uti
3116 2963 3438 3019 vestimento
3464 2963 3508 3018 ’.
3536 2963 3614 3016 Tu
3640 2976 3720 3025 es,

2151 3060 2246 3133 qui
2292 3077 2394 3117 nos
2418 3060 2615 3117 creasti
2646 3075 2711 3115 ac
2742 3057 2944 3114 ﬂuxisti
2973 3072 3004 3114 e
3051 3067 3216 3113 terra.
3248 3054 3330 3110 Tu
3359 3072 3439 3124 es,
3465 3057 3557 3127 qui
3583 3055 3725 3110 invi-

2149 3154 2327 3210 sibilia
2352 3152 2642 3210 condidisti
2657 3151 2696 3206 ³.
2725 3151 2770 3205 A
2787 3149 2925 3206 facie
2950 3161 3040 3205 tua
3064 3147 3203 3219 fugit
3223 3148 3475 3204 universa
3499 3146 3678 3202 terra‘
3704 3166 3719 3202 :

456 3233 610 3290 ὡπου
638 3236 829 3308 φεύγει
864 3242 1013 3294 πᾶσα
1039 3243 1072 3312 ἡ
1105 3241 1176 3313 γῆ
1202 3241 1335 3312 (12),
1359 3241 1453 3297 καὶ
1483 3239 1599 3305 πῶς
1628 3243 1785 3312 ἡμεῖς
1804 3241 2040 3307 ὲξενοδο-

2149 3257 2203 3304 et
2227 3264 2337 3320 quo
2370 3256 2528 3318 pacto
2553 3261 2652 3303 nos
2685 3245 2889 3316 regiam
2926 3252 3073 3298 tuam
3105 3241 3421 3313 dignitatem
3451 3256 3516 3297 ac
3547 3239 3723 3296 domi-

456 3328 704 3399 χὴσαμεν
731 3330 829 3400 τὴν
853 3332 950 3403 σὴν
977 3331 1253 3402 βασιλείαν
1275 3333 1369 3387 καὶ
1396 3333 1731 3405 κυριότητα;

418 3430 423 3433 ⁷
528 3414 716 3474 XLIV.
738 3419 884 3504 ~T613
908 3408 1342 3495 ἀποκριθήσεάαι
1372 3422 1535 3487 πάλιν
1564 3425 1592 3477 6
1632 3406 1896 3488 Βασιλεὺς
1933 3423 2042 3478 τῶν

456 3506 870 3580 βασιλευόντων,
898 3512 1076 3583 λέγων
1105 3515 1241 3587 πρὸς
1263 3515 1480 3581 αὐτούς·
1522 3518 1641 3587 Ἐφ’
1666 3516 1818 3572 ὅσον
1841 3517 2045 3586 ἐποιή-

452 3618 599 3657 σατε
618 3603 707 3657 ἑνὶ
726 3606 952 3659 τούτων
975 3604 1092 3660 τῶν
1110 3606 1389 3677 ἀδελφῶν
1401 3626 1522 3678 μου
1545 3607 1662 3662 τῶν
1681 3609 2042 3680 ἐλαχίστων,

450 3693 578 3788 ἐμοὶ
596 3688 935 3763 ἐποιήσατε·
957 3686 1041 3767 ἐφ’
1059 3700 1182 3753 ὅσον
1194 3697 1286 3764 οὓς
1302 3703 1562 3788 πραεῖπον
1579 3702 1706 3773 ὑμῖν
1720 3701 1852 3774 (1⁸5),
1870 3700 2047 3766 ἐξενο-

450 3787 733 3861 δοχὴσατε,
764 3789 1044 3858 ἐνδύσατε,
1076 3791 1170 3857 καὶ
1210 3787 1494 3865 ἐθρέψατε,
1526 3794 1621 3848 καὶ
1648 3793 1933 3847 ὲποτίσατε
1962 3793 2031 3847 τά

342 3870 345 3871 ν
456 3874 590 3950 μέλη
614 3896 714 3948 μου
730 3881 856 3943 τοὺς
874 3884 1142 3955 πτωχοὺς,
1174 3884 1297 3954 ἐμοὶ
1322 3885 1636 3957 ἐποιήσατε.
1679 3884 1841 3939 Ἀλλά
1862 3883 2036 3940 δεῦτε

451 3969 539 4033 εις
562 3966 678 4037 τὴν
707 3971 1160 4043 ἡτοιμασμένην
1184 3973 1326 4044 ὑμῖν
1356 3975 1684 4040 ,ϐασιλείαν
1706 3975 1826 4031 ἀπὸ
1858 3992 2036 4029 κατα-

453 4056 638 4126 ϐολῆς
663 4061 918 4131 κόσμου,
951 4062 1295 4119 ἁπολαύσατε
1327 4067 1407 4131 εἰς
1440 4067 1608 4123 αἰῶνα
1651 4067 1842 4131 αἰῶνος
1872 4067 2036 4138 ’παρὰ

452 4147 543 4203 τοῦ
584 4151 798 4224 Πατρός
834 4171 934 4225 μου
966 4154 1061 4229 τοῦ
1103 4157 1161 4209 ἐν
1198 4157 1468 4227 οὐρανοῖς,
1513 4159 1608 4212 καὶ
1640 4158 1733 4212 τοῦ
1767 4159 2035 4228 παναγίου

453 4243 547 4296 καὶ
572 4243 833 4308 ζωοποιοῦ
876 4245 1207 4328 Πνεύματος.
1246 4252 1402 4305 Ποῖον
1434 4247 1543 4322 ἆρα
1577 4250 1689 4323 (14)
1728 4251 1903 4323 στόμα
1941 4251 2035 4303 ὲκ-

448 4332 768 4408 διηγὴσεται
794 4337 860 4392 τὰ
894 4339 1279 4429 ἀγαθὰ-ἐκεῖνα
1312 4340 1351 4396 ἀ
1375 4342 1683 4413 ὀφθαλμός
1704 4345 1816 4398 οὐκ
1850 4338 2033 4406 οἶδεν,

2145 3336 2423 3392 nationem
2458 3335 2773 3405 excepimus
2800 3333 3076 3403 hospitio?

2216 3426 2402 3482 XLIV.
2462 3425 2616 3481 Tunc
2640 3424 2990 3496 respondebit
3028 3424 3225 3480 iterum
3264 3421 3379 3479 Rex
3404 3438 3615 3496 regum,
3639 3422 3722 3477 di-

2147 3537 2277 3577 cens
2307 3520 2388 3575 eis
2426 3538 2440 3574 :
2476 3519 2745 3586 Quatenus
2796 3516 2993 3586 fecistis
3051 3517 3143 3570 uni
3186 3531 3249 3570 ea:
3293 3514 3549 3585 fratribus
3592 3514 3718 3568 meis

2147 3612 2405 3676 minimis,
2447 3610 2579 3665 mihi
2616 3610 2815 3680 fecistis
2845 3610 2903 3675 ';
2939 3616 3210 3677 quatenus
3245 3608 3368 3674 bos,
3409 3620 3550 3679 quos
3595 3615 3722 3662 ante

2148 3703 2260 3759 dixi
2290 3701 2463 3768 vobis,
2504 3699 2815 3771 excepisus,
2869 3699 3147 3766 induistis,
3189 3698 3425 3764 aluistis,
3464 3706 3595 3769 potu
3634 3712 3721 3752 re-

2136 3791 2365 3847 creastis
2398 3788 2643 3846 membra
2670 3803 2812 3855 mea,
2839 3802 3107 3859 pauperes
3147 3788 3290 3850 dico,
3323 3788 3457 3841 mibi
3490 3786 3717 3843 fecistis.

2137 3879 2342 3937 Verum
2369 3880 2600 3935 accedite
2632 3879 2701 3934 ad
2729 3895 2944 3951 regnum
2984 3880 3127 3934 vobis
3153 3889 3401 3949 paratum
3442 3895 3474 3931 a
3518 3879 3718 3933 consti-

2142 3972 2341 4039 tutione
2371 3970 2578 4036 mundi,
2611 3968 2873 4025 fruamini
2907 3968 2963 4023 in
2999 3970 3259 4024 saeculum
3292 3967 3497 4033 saeculi,
3540 3982 3571 4022 a
3608 3966 3719 4023 Deo

2137 4062 2299 4120 Patre
2330 4077 2453 4117 meo
2483 4060 2713 4128 caelesti,
2742 4076 2807 4117 ac
2838 4069 3130 4132 persancto
3156 4069 3211 4115 et
3246 4060 3462 4116 vivilico
3488 4058 3715 4130 Spiritu.

2144 4153 2364 4225 Ecquod
2393 4170 2455 4213 os
2478 4152 2757 4207 enarrabit
2777 4153 2918 4207 bona
2946 4152 3057 4217 illa,
3085 4169 3202 4225 qua:
3229 4150 3412 4206 oculus
3442 4158 3544 4205 non
3566 4151 3716 4216 vidit,

2143 4263 2235 4301 nec
2263 4246 2408 4300 auris
2433 4244 2660 4309 audivit,
2707 4260 2798 4298 nec
2838 4246 2895 4297 in
2949 4261 3039 4298 cor
3079 4244 3303 4299 hominis
3349 4243 3713 4309 ascenderunt,

2141 4354 2259 4408 qua:
2296 4337 2615 4407 praeparavit
2648 4335 2785 4391 Deus
2817 4335 3157 4407 diligentibus
3182 4352 3301 4390 eum
3326 4336 3387 4391 ⁸2

448 4429 586 4485 οὔτε
620 4427 731 4499 οὖς
759 4434 872 4488 οὐκ
910 4427 1200 4504 ἤκουσεν,
1241 4437 1379 4492 οὔτε
1409 4438 1506 4492 ἐπὶ
1550 4437 1802 4507 καρδίαν
1834 4436 2148 4513 ἀνθρῴπου
2174 4434 2285 4488 οὐκ
2325 4431 2527 4502 ἀνέϐη,
2564 4430 2604 4488 ἀ
2636 4433 2965 4514 ἡτοίμασεν
3002 4434 3035 4486 d
3078 4431 3220 4499 Θεὸς
3252 4430 3377 4500 τοῖς
3402 4431 3716 4504 ἀγαπῶσιν

446 4527 659 4587 αὐτόν.
974 4546 979 4551 '
1050 4584 1053 4587 ,
1093 4556 1097 4561 -

516 4616 678 4671 XLV.
708 4620 949 4689 Ἕγνωτε
984 4620 1158 4693 χαρὰν
1182 4588 1460 4694 ἀδιάδοχον
1478 4664 1494 4690 ,
1523 4621 1723 4692 ἔγνωτε
1758 4622 2032 4694 βασιλείαν

2209 4618 2372 4674 XLV.
2414 4616 2597 4675 Nostis
2632 4617 2892 4690 gaudium
2917 4627 3261 4690 perpetuum,
3288 4619 3462 4675 nostis
3484 4635 3715 4692 regnum

124 4917 127 4927 -
222 4876 233 4887 ’
286 4948 292 4955 ,
406 4914 409 4917 ·
446 4892 646 4965 φωνὴν,
679 4896 746 4966 ἡν
776 4895 912 4967 πρὸς
937 4876 1567 4969 αὐτούςάποφθέγξεται
1671 4899 1876 4965 δίκαιος
1905 4876 2028 4973 κρι-

428 4709 749 4791 ηάσάλευτον
793 4709 938 4785 (15),
998 4712 1201 4781 ἔγνωτε
1252 4714 1465 4786 τρυφὴν
1506 4712 1726 4784 ἀγαθῶν
1764 4714 1917 4779 τέλος
1954 4714 2030 4786 μὴ

2148 4716 2550 4778 inconcussum,
2600 4711 2776 4767 nostis
2815 4711 3037 4768 delicias
3088 4712 3296 4767 nullum
3346 4712 3509 4768 linem
3545 4714 3713 4768 bono-

448 4801 696 4873 ἔχουσαν.
726 4801 955 4859 Μάθετε»
973 4805 1067 4858 καὶ
1094 4804 1190 4877 τὴν
1211 4804 1319 4859 τῶν
1348 4806 1407 4871 ἐξ
1434 4807 1729 4879 εὐωνύμων
1766 4807 2030 4878 ὀδυνηρὰν

2148 4824 2261 4863 rum
2317 4806 2600 4863 habentes.
2660 4803 2865 4861 Discite
2916 4820 3136 4876 quoque
3194 4803 3446 4859 acerbam
3497 4818 3711 4869 vocem,

2135 4916 2300 4971 quam
2345 4899 2401 4954 in
2444 4914 2541 4955 eos
2590 4898 2686 4970 qui
2720 4898 2942 4954 stabunt
2972 4912 3004 4952 a
3040 4896 3279 4952 sinistris
3313 4896 3711 4966 eloqueturjm
3780 4973 3788 4984 _

442 4986 563 5057 τὴς,
593 4986 687 5039 καὶ
704 4986 834 5051 Θεὸς
857 4980 1019 5063 (l6)6
1048 4990 1221 5060 πρᾶος
1244 4991 1302 5043 ὲν
1322 4989 1480 5061 θυμῷ
1498 4990 1725 5064 ἀμέτρῳ
1742 4992 1836 5046 καὶ
1864 4992 2023 5065 ὀργῇ·

2148 5001 2255 5049 stus
2271 4991 2441 5062 judex
2471 4999 2527 5047 et
2556 4989 2701 5048 Deus
2723 4990 2963 5047 clemens
2988 5005 3114 5045 cum
3138 4989 3218 5044 ira
3242 4996 3297 5044 et
3341 4986 3712 5058 indignatione

605 5102 793 5179 Matth.
841 5122 967 5179 xxv,
1007 5108 1098 5168 37,
1130 5108 1334 5170 38.39.
1411 5109 1531 5164 ‘IV
1599 5109 1756 5167 Esdr.
1805 5129 1886 5179 ιιι,
1928 5113 1981 5169 8.

2165 5113 2312 5170 Psal.
2355 5129 2464 5179 CIV,
2493 5112 2550 5167 2.
2657 5114 2679 5147 ³
2703 5113 2917 5169 Coloss.
2948 5126 2986 5179 ι,
3024 5108 3114 5165 l6.
3217 5108 3243 5139 δ
3276 5107 3447 5178 Apoc.
3482 5124 3573 5175 xx,
3623 5107 3706 5165 ll.

441 5174 463 5206 ³
501 5171 692 5229 Matth.
742 5190 868 5240 xxv,
906 5176 996 5231 40.
1048 5179 1094 5247 _'
1141 5181 1243 5235 lsa.
1294 5196 1441 5247 ulv,
1475 5182 1543 5248 4;
1588 5180 1760 5238 ICor.
1798 5171 1945 5253 n,'9.

510 5295 585 5369 (4)
623 5296 732 5356 ΑΙ..
751 5296 1125 5369 πειθὴσαντες.
1146 5301 1233 5372 B.,
1254 5304 1379 5368 τοὺς
1404 5301 1595 5373 λόγους
1622 5322 1724 5378 μου
1754 5308 2017 5381 ποιήσαν-

436 5384 587 5503 τεῖϐ)
626 5434 711 5500 B.,
738 5435 815 5501 ὡς
837 5438 1010 5493 καλοί.

2097 5115 2118 5145 ⁸
2165 5113 2312 5170 Psal.
2355 5129 2464 5183 CIV,
2493 5112 2550 5167 2.
2657 5114 2679 5147 ³
2703 5113 2917 5169 Coloss.
2944 5126 2986 5208 ι,
3024 5108 3114 5165 l6.

2198 5308 2308 5379 (ll)
2349 5304 2406 5362 In
2439 5306 2500 5362 Β.
2531 5307 2729 5364 desunt
2770 5306 2887 5362 huc
2927 5304 3112 5369 verba,
3146 5302 3209 5355 σὺ
3244 5296 3298 5352 si
3321 5300 3349 5352 ό
3391 5297 3457 5353 τὰ
3501 5297 3708 5370 ἀόρατα

2122 5379 2549 5450 δημιουργήσας-

2199 5395 2809 5519 ῗῖξῖρᾶἓῖῖξὲειυυηωτ
2832 5459 3013 5516 usque
3043 5441 3113 5498 ad
3144 5440 3463 5514 κυριότητα,
3509 5440 3708 5497 desunt

494 5506 584 5589 ⁴,(6)
625 5504 681 5561 In
718 5506 777 5561 Β.
812 5510 1080 5579 sequitur,
1118 5511 1168 5565 οἱ
1212 5513 1464 5585 στέφανοί
1525 5535 1625 5589 μου
1676 5519 2019 5590 πρόκεινται,
2126 5519 2181 5577 in
2205 5504 2275 5575 ‘B.

434 5574 678 5664 δεῆῑέκ.
865 5574 1076 5664 ξ
1318 5574 1332 5585 ’
1525 5574 1538 5589 ’
1720 5574 1733 5590 ’
2001 5574 2014 5587 ’

2156 5574 2159 5575 ν
2196 5574 2309 5664 (l3)
2348 5587 2411 5664 I_n_
2440 5586 2502 5643 Β.
2510 5588 2732 5664 _desunt
2754 5582 2940 5664 verba,
2969 5580 3061 5664 οὐς
3093 5582 3351 5664 προεῖπον
3378 5583 3525 5664 ὑμῖν.
3559 5652 3572 5664 .
3626 5650 3640 5664 ⁸
3750 5642 3763 5664 ι

508 5647 585 5721 (7)
626 5647 724 5714 Id.,
752 5648 890 5723 μετά
915 5648 1085 5722 φόϐου
1114 5653 1208 5707 καὶ
1243 5654 1448 5727 τρόμου
1488 5656 1770 5728 λέγοντες’
1813 5659 2008 5733 Κύριε,
2194 5647 2309 5730 (Μ)
2360 5657 2462 5723 Id.,
2510 5656 2671 5728 Παρά
2712 5653 2812 5709 τοῦ
2850 5647 3065 5726 Πατρός
3104 5647 3206 5725 μου
3260 5653 3353 5708 καὶ
3404 5647 3498 5708 τοῦ
3547 5650 3701 5721 ἁγεου

435 5717 582 5784 πότε,
620 5726 723 5773 etc.
2117 5728 2453 5785 Πνεύιιατος.
2481 5729 2637 5782 Ποῖον
2659 5726 2788 5785 ἄρα.

782 5790 1197 5876 περιεϐάλομεν,
1228 5804 1285 5849 ut
1309 5796 1472 5850 etiam
1508 5806 1590 5852 est
1615 5800 1666 5852 in
1697 5798 1757 5853 Β.

526 5853 581 5912 9)
623 5857 677 5912 In
756 5898 769 5912 .
802 5870 984 5912 statim
1019 5874 1268 5912 sequitur
1292 5867 1356 5912 σὺ
1378 5862 1431 5912 εῐ
1454 5869 1483 5912 ὁ
1507 5869 1570 5912 ἐκ
1605 5869 1677 5912 mh
1704 5869 1877 5912 ωηεν

2148 5742 2453 5829 [νεύματος.
2483 5742 2788 5812 ιιοιονιαρα.

2188 5800 2308 5912 (Io)
2348 5798 2433 5863 8.,
2466 5798 2842 5868 ἀτελευτητον.

2196 5870 2287 5912 HR
2349 5868 2448 5912 Irl__
2492 5867 2842 5912 ἀπηωθέγεετι

526 5853 685 5942 θμειὶ
706 5853 769 5912 Β.
787 5853 1356 5942 statimsequitunpb
1378 5862 1431 5939 εῐ
1454 5869 1483 5921 ό
1507 5869 1570 5922 ὲκ
1603 5869 1677 5942 μὴ
1704 5869 1896 5926 όντων.

2191 5853 2308 5942 (l6)
2348 5853 2469 5942 Id.,
2492 5853 2895 5942 ἀποφθέγξεται
2934 5864 2966 5919 6
3003 5865 3207 5940 Κύριος
3230 5864 3387 5937 ἡμῶν
3422 5866 3449 5917 ό
3488 5862 3696 5927 δεκαιος

508 5927 618 6000 (ιο)
646 5928 706 5986 B.
734 5931 903 6002 addit,
925 5932 1016 5987 καὶ
1038 5927 1408 6006 ἀρχαγγέλων.
1485 5958 1491 5965 ι
1603 5927 1677 5942 ··
2110 5927 2591 6011 manium—sesc.
