4090 6386
385 401 485 457 θιτ

1124 402 1411 459 APPEND.
1455 404 1543 457 AD
1580 403 1859 458 PARTEM
1897 403 1940 458 ll
1978 404 2264 464 OPERUM
2300 408 2357 465 S.
2402 408 2787 466 lllPPOLYTl.

3523 398 3627 454 948

387 520 724 576 vehementi:
750 520 1011 576 Discedite
1033 538 1064 574 a
1094 539 1193 584 me,
1219 523 1503 590 maledicti,
1534 524 1588 576 in
1620 525 1790 595 ignem
1812 532 1964 578 aster-

2079 526 2379 582 Ἁπέλθετε
2413 527 2512 581 ἀπ’
2538 527 2683 597 ἐμοῦ
2705 528 2759 579 οὶ
2791 520 3181 592 κατηραμένοι
3203 520 3289 585 είς
3307 516 3373 570 τὸ
3402 515 3522 595 πῦρ
3564 515 3629 567 τὸ

385 628 534 677 num,
588 624 835 684 paratum
873 612 1083 667 diabolo
1119 622 1169 667 et
1200 614 1400 685 angelis
1434 616 1546 685 ejus
1586 616 1627 668 ".
1664 614 1769 683 Ipsi
1806 615 1959 671 vobis

386 703 503 759 haec
532 704 913 775 comparastis,
945 703 1137 759 iisdem
1168 720 1267 759 vos
1310 703 1590 760 fruamini.
1628 704 1895 762 Discedite
1927 722 1959 760 a

386 813 495 864 me,
533 799 831 862 maledicti,
863 799 919 851 in
954 797 1203 853 tenebras
1235 798 1557 866 exteriores,
1594 807 1649 854 et
1686 799 1739 852 in
1780 798 1959 868 ignem

386 890 481 962 qui
522 905 631 945 non
669 887 1055 959 exstinguitur,
1092 898 1341 958 paratum
1382 890 1602 944 diabolo
1654 899 1709 944 et
1755 890 1959 962 angelis

386 982 528 1052 ejus.
579 980 691 1052 Ego
725 981 978 1048 formavi,
1017 990 1069 1035 et
1099 981 1408 1036 adbazsistis
1448 983 1626 1037 alteri.
1656 981 1781 1053 Ego
1814 999 1957 1046 sum,

386 1073 482 1144 qui
507 1073 575 1127 de
604 1072 761 1127 vulva
785 1072 947 1128 eduxi
975 1088 1076 1128 vos
1103 1072 1145 1139 ⁸,
1169 1083 1223 1127 et
1248 1088 1335 1128 me
1363 1074 1651 1144 rejecistis.
1678 1073 1790 1145 Ego
1814 1090 1957 1139 sum,

386 1166 483 1236 qui
507 1165 666 1236 jussu
696 1180 819 1220 meo
842 1165 909 1220 de
944 1175 1089 1220 terra
1114 1179 1212 1219 vos
1248 1163 1504 1232 formavi,
1548 1175 1601 1220 et
1625 1165 1717 1220 alii
1746 1182 1841 1221 vos
1865 1165 1962 1220 ad-

382 1256 667 1328 junxistis.
702 1256 814 1329 Ego
839 1273 984 1323 sum,
1018 1257 1113 1327 qui
1138 1272 1237 1312 vos
1275 1259 1532 1326 enutrivi,
1575 1268 1630 1313 et
1659 1258 1816 1313 alteri
1844 1274 1962 1313 ser-

388 1349 564 1405 vistis.
599 1348 712 1420 Ego
738 1359 935 1405 terram
959 1365 1024 1405 ac
1049 1367 1197 1407 mare
1220 1350 1273 1404 in
1297 1349 1617 1406 alimentum
1638 1360 1877 1406 vestrum
1909 1361 1962 1405 et

385 1441 512 1494 vitae
540 1439 831 1494 terminum
858 1439 1118 1494 constitui
1142 1457 1156 1505 ;
1183 1448 1238 1494 at
1261 1455 1362 1495 vos
1384 1440 1669 1511 praeceptis
1692 1440 1828 1495 meis
1851 1456 1961 1495 non

388 1531 671 1600 paruistis.
703 1528 815 1600 Ego
861 1530 1040 1585 lucem
1068 1530 1225 1585 vobis
1263 1531 1465 1595 creavi,
1511 1541 1571 1585 ut
1609 1531 1697 1585 die
1750 1531 1961 1586 fruere-

389 1622 556 1688 mini;
582 1620 769 1676 itidem
795 1630 1031 1688 noctem,
1058 1632 1118 1676 ut
1160 1621 1608 1692 requiesceretis;
1646 1631 1701 1678 at
1725 1638 1824 1680 vos
1860 1625 1963 1677 im-

2059 617 2296 673 αίὼινιον
2318 619 2384 673 τὸ
2401 617 2843 689 ἡτοιμασμένον
2861 614 2940 681 τῷ
2964 614 3217 679 διαϐόλῳ
3236 610 3334 664 καὶ
3375 608 3500 674 τοῖς
3529 606 3633 676 ἀγ-

2058 709 2255 780 γέλοις
2280 711 2465 767 αὑτοῦ
2500 708 2633 781 (17).
2673 709 2863 779 Ὑμεῖς
2883 707 2939 760 δὲ
2972 707 3184 767 ἑαυτοῖς
3209 700 3382 757 ταῦτα
3410 696 3632 771 προεξε-

2059 800 2286 872 νήσατεο
2314 801 2535 866 δέξασθε
2572 802 2792 863 ἑαυτοῖς
2815 799 2907 853 καὶ
2932 797 3033 869 τὴν
3079 794 3397 851 ἀπόλαυσιν.
3442 788 3634 843 Ἀπέλ-

2061 890 2181 944 θετε
2213 893 2305 945 ἀπ’
2334 892 2465 964 ἐμοῦ
2490 893 2540 946 οί
2570 890 2933 963 κατηραμένοι
2964 889 3043 951 είς
3079 885 3141 939 τὸ
3184 883 3373 946 σκότος
3410 880 3472 935 τὸ
3498 877 3632 944 ἐξώ-

2058 999 2235 1054 τερον,
2259 982 2352 1037 καὶ
2390 985 2468 1047 είς
2495 983 2554 1036 τὺ
2592 982 2701 1053 πῦρ
2742 982 2802 1035 τὸ
2833 979 3092 1035 ἄσϐεστον
3122 976 3184 1030 τὸ
3233 972 3633 1046 ἡτοιμασμένον

2060 1071 2137 1143 τῷ
2176 1072 2403 1143 διαϐόλῳ
2439 1073 2532 1126 καὶ
2565 1074 2677 1136 τοῖς
2715 1069 2964 1140 ἀγγέλοις
2992 1065 3179 1121 αὐτοῦ.
3226 1061 3367 1133 Ἐγὼ
3398 1060 3628 1124 ἕπλασα,

2061 1145 2153 1216 καὶ
2179 1162 2322 1235 ἄλλῳ
2354 1154 2778 1235 προσηνέχθητὲ.
2829 1159 3100 1230 Ἐγώείμι
3128 1160 3157 1212 ό
3189 1159 3253 1211 ἐκ
3289 1157 3501 1227 μήτρας
3516 1151 3633 1217 ἐξα-

2061 1253 2247 1323 γαγὼν
2273 1256 2435 1325 ὑμᾶς,
2464 1255 2607 1326 κάμὲ
2638 1253 2939 1325 ὴθετήσατε
2969 1251 3102 1323 (18).
3160 1248 3301 1320 Ἐγὼ
3339 1250 3455 1320 είμι
3496 1250 3525 1301 ὁ
3554 1247 3631 1337 ’ἐκ

2061 1351 2164 1418 γῆς
2193 1348 2492 1411 διαπλάσας
2541 1345 2830 1419 προστάξει
2862 1363 2962 1417 μου
2987 1385 3002 1409 ,
3045 1345 3140 1398 καὶ
3177 1342 3321 1413 ἄλλῳ
3364 1341 3631 1413 προσηνέ-

2061 1438 2247 1509 χθητε.
2300 1431 2439 1507 Ἑγώ
2461 1440 2575 1510 εἰμι
2604 1441 2632 1492 ό
2650 1436 2943 1511 διαθρέψας
2981 1438 3125 1508 ὑμᾶς
3144 1478 3159 1501 ,
3190 1436 3285 1490 καὶ
3312 1434 3456 1505 ἄλλῳ
3484 1434 3633 1487 ὲδου-

2061 1529 2308 1583 λεύσατε.
2352 1528 2491 1599 Ἐγὼ
2514 1530 2613 1601 τὴν
2640 1530 2745 1601 γῆν
2772 1532 2867 1583 καὶ
2893 1529 2992 1600 τὴν
3036 1528 3309 1583 θάλασσαν
3341 1526 3478 1599 πρὸς
3522 1524 3635 1579 δια-

2060 1622 2263 1694 τροφὴν
2296 1622 2451 1693 ὑμῶν
2476 1624 2570 1676 καὶ
2594 1622 2961 1694 συμπέρασμα
2988 1620 3101 1691 βίου
3126 1619 3452 1693 προσέταξα,
3476 1618 3631 1701 ὺμεῖς

385 1716 579 1786 probis
602 1714 761 1771 factis
787 1731 873 1769 me
919 1714 1175 1769 irritastis
1206 1731 1271 1771 ac
1316 1717 1602 1786 respuistis
1626 1718 1670 1783 ',
1709 1715 1961 1786 foresque

2060 1713 2118 1767 δὲ
2147 1712 2246 1777 τάς
2273 1713 2491 1778 ἐντολάς
2523 1731 2623 1785 μου
2656 1713 3061 1786 παρηκούσατε.
3098 1710 3239 1782 Ἐγὼ
3277 1704 3338 1765 ’τὸ
3362 1709 3476 1780 φῶς
3505 1704 3633 1779 ύμῖν
3732 1742 3740 1754 ι

387 1805 765 1863 affectionibus
820 1806 1132 1875 aperuistis.
1188 1804 1453 1860 Discedite
1504 1824 1537 1860 α
1592 1823 1691 1871 me,
1734 1807 1959 1876 operarii

2063 1808 2292 1879 ἐποίησα
2329 1806 2441 1879 (19)
2475 1807 2610 1879 πρὸς
2648 1806 2945 1860 ἀπόλαυσιν
2979 1805 3076 1877 τῆς
3110 1803 3355 1876 ἡμέρας,
3405 1802 3498 1855 καὶ
3534 1799 3633 1871 τὴν

387 1898 705 1967 iniquitatis.
750 1892 943 1949 Nescio
970 1911 1079 1960 vos,
1128 1910 1237 1950 non
1273 1912 1508 1967 agnosco
1548 1913 1679 1964 vos;
1729 1897 1951 1953 alterius
1985 1891 1986 1898 “

2056 1899 2221 1952 νύκτα
2254 1899 2391 1970 πρὸς
2419 1899 2740 1964 ἀνάπαυσιν,
2756 1899 2912 1969 ὑμεῖς
2936 1896 2991 1950 δὲ
3006 1901 3116 1961 τοῖς
3140 1896 3322 1968 ἔργοις
3338 1896 3449 1958 τοῖς
3469 1909 3630 1962 πονη-

388 1989 593 2044 domini
622 1988 859 2059 operarii
897 1987 1025 2043 facti
1063 1989 1217 2053 estis,
1267 1990 1370 2044 hoe
1389 1998 1473 2045 est
1509 1990 1732 2045 diaboli.
1766 1987 1954 2046 Possi-

2060 1993 2173 2061 ροῖς
2213 1990 2315 2061 ἐμὲ
2342 1990 2782 2062 παρεπικράνατε
2810 1990 2904 2042 καὶ
2930 1987 3250 2059 ήθετήσατε,
3279 1986 3373 2042 καὶ
3396 1987 3506 2055 τοῖς
3528 1982 3633 2059 πά-

388 2078 511 2135 dete
540 2094 664 2133 cum
711 2080 826 2150 ipso
879 2081 1144 2143 tenebras,
1180 2091 1342 2151 atque
1383 2082 1559 2152 ignem
1597 2082 1691 2153 qui
1728 2097 1836 2137 non
1860 2098 1953 2137 ex-

390 2169 706 2241 stinguitur,
736 2179 790 2227 et
816 2184 1049 2226 vermem
1070 2172 1160 2243 qui
1197 2187 1305 2227 non
1336 2172 1561 2239 dormit,
1584 2188 1650 2228 ac
1673 2174 1959 2230 stridorem

2058 2172 2169 2243 τῆς
2208 2173 2461 2240 ἀδικίας.
2512 2176 2633 2228 Οὐκ
2662 2172 2795 2228 οῖδα
2821 2171 3004 2241 ὑμᾶς,
3050 2170 3109 2224 ού
3167 2169 3415 2241 γνωρίζω
3457 2168 3629 2239 ὑμᾶς’

387 2263 650 2317 dentium.

386 2353 658 2408 διαϐόλου·
691 2357 809 2427 μετ’
841 2356 1002 2410 αὐτοῦ
1030 2357 1091 2411 τὸ
1120 2357 1308 2422 σκότος
1339 2358 1799 2431 κληρονομήσατε,
1827 2360 1920 2413 καὶ
1950 2358 2010 2412 τὸ
2039 2358 2298 2415 ἄσϐεστον
2330 2359 2453 2432 ιπῦρ
2476 2400 2490 2426 ,
2520 2361 2611 2414 καὶ
2637 2360 2729 2413 τὸν
2768 2357 3024 2431 σκώληκα
3069 2357 3511 2428 τὸνάκοίμητον,
3541 2347 3633 2409 καὶ

386 2448 476 2501 τὸν
503 2448 743 2521 βρυγμὺν
768 2452 877 2505 τῶν
903 2453 1151 2508 ὀδόντων.

461 2543 641 2600 XLVI.
698 2546 834 2603 Nam
896 2551 1106 2615 esurivi,
1149 2560 1199 2605 et
1248 2567 1349 2605 non
1395 2551 1612 2606 dedistis
1658 2553 1786 2607 mihi
1827 2560 1965 2625 quod
2006 2544 2012 2551 ’

388 2638 780 2692 manducarem.
832 2637 1023 2704 Sitivi,
1077 2650 1128 2695 et
1186 2656 1290 2695 non
1329 2641 1547 2697 dedistis
1590 2642 1720 2697 mihi
1757 2652 1961 2713 potum,

391 2728 591 2799 Hospes
620 2734 721 2801 lui,
750 2742 799 2786 et
833 2751 935 2787 non
962 2734 1243 2805 collegistis
1270 2751 1385 2801 me;
1416 2737 1607 2802 nudus,
1640 2746 1691 2790 et
1717 2752 1820 2791 non
1840 2753 1961 2807 ope-

389 2822 570 2875 ruistis
600 2839 698 2876 me.
728 2822 1029 2895 Egrotavi,
1070 2838 1117 2879 et
1155 2841 1260 2879 non
1294 2812 1568 2896 visitastis,
1598 2844 1698 2883 me.
1750 2826 1817 2883 1η
1853 2845 1968 2883 car-

388 2930 500 2968 cere
528 2914 637 2983 fui,
670 2930 761 2968 nec
786 2917 996 2972 venistis
1027 2918 1097 2971 ad
1126 2934 1225 2973 me.
1262 2921 1438 2975 Aures
1476 2931 1683 2975 vestras
1717 2921 1962 2986 condidi,

2063 2923 2262 2995 ψασθέ
2301 2940 2397 2994 με.
2454 2924 2551 2977 Ἐν
2581 2919 2841 2993 φυλακῇ
2886 2919 3088 2989 ἤμην,
3133 2916 3232 2971 καὶ
3272 2916 3384 2971 οὐκ
3421 2912 3635 2982 ἤλθετε

391 3014 449 3059 ut
481 3004 742 3062 audiretis
771 3006 1078 3078 Scripturas
1110 3026 1126 3061 :
1160 3018 1216 3064 at
1238 3024 1334 3065 vos
1362 3010 1596 3080 parastis
1618 3026 1712 3067 eas
1737 3012 1804 3067 ad
1821 3028 1953 3068 can-

2056 3016 2204 3088 πρός
2227 3017 2325 3086 μέ.
2355 3015 2465 3080 Τάς
2504 3014 2672 3079 ἀκοάς
2719 3012 2873 3084 ὑμῶν
2896 3011 3124 3083 ἐποίησα
3168 3009 3305 3093 πρὸς
3327 3005 3388 3059 τὸ
3416 3004 3635 3059 ἀκούειν

389 3097 495 3151 tica
523 3098 852 3166 daemonum,
886 3100 1123 3157 citharas
1157 3111 1212 3156 et
1241 3102 1490 3159 ridicula.
1513 3104 1714 3160 Oculos
1743 3115 1955 3163 vestros

2060 3112 2209 3181 ὑμᾶς
2230 3110 2337 3165 τῶν
2367 3109 2623 3189 Γραφῶν,
2651 3109 2809 3179 ὑμεῖς
2828 3105 2885 3160 δὲ
2910 3106 3114 3176 ταύτας
3147 3100 3508 3189 ηὐτρεπίσατε
3554 3098 3635 3159 εἰς

389 3189 591 3256 creari,
623 3198 682 3245 ut
730 3192 1108 3261 perspiceretis
1149 3193 1333 3248 lumen
1376 3204 1772 3267 praeceptorum
1806 3214 1986 3253 meo-i

2058 3201 2277 3274 ᾅσματα
2294 3188 2582 3272 δαιμονικά
2609 3198 2743 3271 (22),
2776 3197 2870 3252 καὶ
2884 3195 3134 3266 κιθάρας,
3162 3194 3256 3247 καὶ
3276 3191 3480 3261 γελοῖα.
3496 3190 3634 3251 Τοὺς

388 3297 533 3349 rum,
556 3299 730 3354 eaque
749 3286 1214 3354 exsequeremini;
1237 3298 1291 3343 at
1315 3303 1411 3341 vos
1443 3289 1752 3345 aceersistis
1775 3300 1960 3360 stupra

2061 3291 2370 3362 ὀφθαλμοὺς
2401 3290 2554 3362 ὑμῶν
2592 3290 2821 3360 ἐποίησα
2866 3286 3003 3359 πρὸς
3040 3285 3121 3339 τὸ·
3152 3284 3390 3357 καθορᾷν
3422 3283 3484 3336 τὸ
3517 3281 3634 3352 φῶς

386 3382 443 3428 et
474 3374 864 3444 impudicitias,
894 3384 949 3430 et
979 3376 1047 3432 ad
1073 3377 1337 3447 reliquam
1382 3378 1789 3435 immunditiam
1815 3381 1961 3450 ipsos

2061 3382 2170 3435 τῶν
2198 3372 2428 3475 έντολῶν
2457 3397 2580 3452 μου,
2608 3380 2702 3433 καί
2734 3375 3169 3475 ἐκτελεῖντοιύτάς
3199 3376 3333 3475 (25),
3379 3376 3537 3475 ὑμεῖς
3574 3371 3633 3475 δέ

387 3465 703 3535 aperuistis.
747 3464 822 3522 Os
852 3475 1091 3522 vestrum
1136 3469 1419 3537 composui
1447 3469 1515 3527 ad
1547 3470 1957 3539 glorificandum

2062 3464 2419 3545 προσκαλεῖτε
2449 3471 2722 3543 πορνείας,
2758 3471 2853 3525 καὶ
2891 3468 3196 3537 ἀσελγείας,
3236 3467 3330 3521 καὶ
3364 3469 3437 3537 τῇ
3469 3465 3629 3533 λοιπῇ

2137 2521 2325 2606 ΧῐΝίξ
2364 2516 2683 2607 ’ἐπείνασα
2712 2548 2841 2622 γὰρ,
2859 2549 2956 2603 καί
2988 2522 3103 2603 οὐκ
3125 2546 3379 2625 domitare
3391 2562 3492 2615 μοι
3523 2558 3636 2613 ερα-

2064 2643 2211 2717 γεῖν.
2273 2644 2591 2713 Ἐδίψ-ησμ,
2641 2644 2738 2709 καί
2785 2645 2896 2698 οὐκ
2946 2639 3263 2696 ἐποτίσατέ
3293 2656 3390 2710 με.

2065 2742 2247 2813 ἥμην,
2292 2741 2501 2811 καὶ,ρύ
2531 2734 2899 2808 συνηῃιὶγετέ
2947 2736 3055 2806 με’
3126 2729 3527 2803 τυμνὸς,“καί
3560 2729 3634 2782 οὐ

2059 2266 2219 2320 ἄλλου
2254 2266 2445 2345 κυρίου
2485 2267 2715 2339 ἐργάται
2744 2265 2993 2335 ἐγένεσθε
3021 2263 3169 2335 (20),
3208 2261 3355 2317 τοῦτ’
3389 2261 3502 2327 ἐστι
3536 2258 3651 2313 τοῦ

2064 2832 2438 2905 περιεϐάλπέ
2452 2849 2529 2902 με
2553 2828 2687 2903 (21).
2722 2827 3076 2896 Ἠσθένησα,
3109 2824 3209 2880 καὶ
3234 2825 3347 2879 οὐκ
3370 2818 3633 2901 ,ἐπεσκέ-
3662 2868 3675 2886 ,

388 3563 442 3611 et
463 3554 793 3611 laudandum
830 3555 1023 3622 Deum,
1062 3567 1115 3613 et
1142 3559 1383 3627 psalmos
1421 3561 1812 3631 cantionesque
1844 3562 1960 3631 spi-

387 3646 575 3700 ritales
626 3647 1060 3715 pronuntiandas
1117 3649 1184 3715 ω,
1234 3645 1599 3721 iectionisque
1644 3652 1959 3707 continuam

389 3737 829 3804 meditationem;
860 3747 917 3793 at
943 3754 1037 3795 vos
1064 3742 1291 3811 aptastis
1322 3743 1451 3798 illud
1478 3742 1546 3797 ad
1574 3743 1836 3810 convitia,
1861 3745 1958 3799 de-

384 3827 682 3897 jerationes
711 3837 766 3882 et
788 3828 1175 3898 blasphemias,
1207 3830 1337 3885 dum
1365 3831 1617 3887 sedentes
1642 3831 1959 3886 obtrectatis

390 3918 655 3989 proximis
683 3921 901 3976 vestris.
936 3919 1128 3976 Manus
1158 3932 1366 3979 vestras
1410 3921 1534 3988 feci,
1574 3931 1634 3977 ut
1674 3921 1742 3977 ad
1772 3937 1958 3991 preces

386 4018 442 4065 et
486 4009 890 4065 obsecrationes
936 4012 1299 4069 extenderetis
1325 4029 1451 4081 eas;
1484 4021 1539 4067 at
1575 4028 1673 4068 vos
1701 4014 1770 4067 ad
1814 4013 1958 4083 rapi-

387 4117 510 4171 nas,
546 4103 718 4159 caedes
752 4112 807 4158 et
835 4113 1053 4160 mutuas
1076 4105 1380 4160 occisiones
1405 4104 1764 4175 expandistis.
1788 4103 1958 4160 Pedes

386 4203 598 4251 vestros
646 4195 891 4251 ordinavi
944 4205 1004 4251 ut
1053 4197 1407 4253 ambularetis
1454 4198 1510 4252 in
1563 4197 1959 4268 praeparatione

387 4285 662 4358 Evangelii
689 4288 838 4357 pacis
864 4290 928 4354 ιι,
954 4298 1068 4343 tum
1093 4289 1148 4343 in
1183 4290 1450 4355 ecclesiis,
1486 4297 1602 4345 tum
1626 4291 1682 4345 in
1701 4289 1958 4345 domibus

386 4387 700 4434 sanctorum
730 4395 1007 4447 meorum;
1062 4392 1117 4437 at
1166 4398 1262 4438 vos
1315 4382 1581 4439 docuistis
1631 4398 1850 4439 currere
1887 4380 1955 4437 ad

385 4470 671 4535 adulteria,
695 4479 901 4542 stupra,
926 4474 1254 4542 spectacula,
1280 4474 1617 4540 saltationes,
1645 4474 1698 4529 in
1723 4473 1956 4530 sublime

381 4561 735 4631 jactationes.

2062 3559 2379 3631 ἀκαθαρσίᾳ
2426 3559 2621 3621 αὐτοὺς
2655 3555 2975 3628 διηνοίξατε.
3024 3556 3096 3608 Τὸ
3123 3557 3299 3626 στόμα
3337 3552 3489 3624 ὑμῶν
3516 3549 3629 3619 (24)

2064 3649 2200 3721 πρὸς
2230 3649 2538 3718 δοξολογίαν
2556 3687 2572 3713 ,
2610 3650 2704 3701 καὶ
2734 3644 2903 3712 αἶνον,
2938 3647 3031 3700 καὶ
3050 3646 3325 3716 ψαλμοὺς,
3358 3643 3453 3696 καὶ
3489 3640 3634 3713 ᾠδάς

2062 3741 2435 3813 πνευματικὰς
2461 3741 2764 3813 ηὐτρέπισα
2794 3740 2969 3794 λαλεῖν
3000 3740 3094 3794 καὶ
3123 3737 3350 3809 μελετᾷν
3376 3734 3465 3790 διὰ
3491 3744 3631 3788 παν-

2059 3833 2151 3898 τὸς
2184 3833 2281 3905 τὴν
2312 3816 2637 3902 ἀνάγνωσιν,
2668 3832 2823 3903 ὑμεῖς
2851 3828 2908 3886 δὲ
2939 3832 3076 3904 πρὸς
3104 3829 3400 3902 λοιδορίας,
3429 3829 3522 3882 καὶ
3541 3828 3635 3899 ὄρ-

2062 3941 2190 3987 κους
2225 3923 2321 3977 καὶ
2354 3923 2699 3994 βλασφημίας
2721 3922 2852 3977 αὐτὸ
2878 3922 3212 3994 ήτοιμάσατε
3251 3920 3361 3992 (25)
3388 3959 3409 3987 ι
3457 3918 3631 3989 καθή-

2064 4033 2211 4085 μενοι
2237 4014 2663 4079 καταλαλοῦντες
2687 4017 2814 4079 τοὺς
2834 4013 3090 4085 πλησίους
3116 4012 3288 4084 ὑμῶν.
3313 4012 3423 4075 Τὰς
3445 4012 3632 4082 χεῖρας

2060 2083 2178 2135 θεσι
2204 2081 2373 2153 θύραν
2388 2082 2655 2151 ἠνοίξατε.
2689 2079 3061 2151 Ἁποχωρεῐτε
3081 2076 3375 2165 ἀπἐὲμοῦ,
3397 2074 3633 2146 ἐργάται
3674 2130 3677 2133 .

3675 2888 3711 2938 7

2061 4105 2212 4176 ὑμῶν
2241 4104 2376 4178 πρὸς
2401 4106 2707 4177 προσευχάς
2730 4106 2824 4195 κα).
2854 4106 3067 4175 δεήσεις
3102 4103 3331 4174 ἐποίησα
3355 4143 3369 4168 ,
3401 4101 3498 4156 τοῦ
3540 4103 3634 4156 ὲκ·
3675 4133 3695 4145 ο

2008 4184 2013 4188 ’
2059 4198 2291 4252 πετάσαι
2323 4197 2456 4270 (26)’
2488 4198 2643 4269 ὑμεῖς
2665 4197 2720 4250 δὲ
2743 4184 2877 4270 πρὸς
2906 4197 3263 4270 ἁρπάγματα,
3291 4196 3385 4249 καὶ
3417 4196 3631 4265 φόνους,

2059 4288 2152 4367 καὶ
2197 4287 2586 4359 ἀλληλοςρονίας
2632 4286 2951 4354 ἐξετείνατε.
3018 4288 3156 4351 Τοὺς
3185 4287 3351 4349 πόδας
3381 4286 3534 4357 ὑμῶν
3574 4288 3633 4339 ἐν
3740 4307 3748 4367 ί

2059 4379 2343 4451 ἑτοιμασίᾳ
2370 4378 2463 4433 τοῦ
2492 4376 2820 4449 Εὐαγγελίου
2841 4378 2940 4450 τῆς
2968 4381 3208 4453 εἰρήνης,
3238 4380 3332 4432 καὶ
3360 4379 3417 4431 ὲν
3438 4377 3634 4447 ἐκκλη-

2061 4472 2221 4536 σίαις,
2252 4471 2347 4527 καὶ
2373 4474 2485 4534 τοῖς
2511 4471 2678 4535 οἴκοις
2704 4471 2814 4525 τῶν
2844 4471 3011 4539 ἁγίων
3036 4489 3135 4544 μου
3164 4472 3272 4543 (27)
3306 4470 3633 4544 διεταξάμην

1988 4555 2032 4608 D
2059 4532 2293 4618 ὁδεύειν·
2326 4532 2483 4635 ὑμεῖς
2512 4532 2675 4627 δὲείς
2707 4532 2950 4635 μοιχείας
2983 4532 3077 4617 κοὶι
3108 4532 3188 4628 είς
3215 4532 3633 4635 ὼρνεὺέξκέιι

2062 4654 2285 4727 θέατρα,
2314 4656 2410 4710 καὶ
2440 4655 2692 4727 ὀρχήσεις
2742 4657 2834 4709 καὶ
2876 4656 3308 4727 μετεωρισμοὺς,
3358 4655 3631 4721 ὲδιδάξατε

2060 4748 2272 4819 τρέχειν
2307 4748 2442 4819 (28).

457 4856 477 4885 ⁷
517 4856 703 4912 Matth.
738 4872 861 4923 xxv,
908 4858 996 4911 41.
1072 4857 1219 4913 ‘Joo
1266 4877 1322 4926 ς,
1361 4860 1447 4916 l8.
1526 4863 1547 4893 ⁹
1582 4861 1724 4918 Psal.
1765 4879 1986 4929 uxvm,

2056 4866 2113 4919 0.
2194 4865 2237 4896 ⁸ο
2278 4864 2479 4935 Ephes.
2518 4879 2574 4930 ν,
2605 4864 2691 4919 19.
2769 4866 2810 4895 ¹¹
2840 4863 3036 4935 Ephes.
3059 4879 3135 4928 vi,
3167 4862 3263 4965 ιε.-

452 4977 562 5064 (l7)
603 4979 661 5032 In
781 4980 1027 5064 sequitur
1074 4998 1087 5035 ξ
1131 4981 1378 5064 ,γὰρ
1424 4984 1686 5064 ξδ’-ἠ’ξμᾶς
1735 4984 1795 5064 τῗ³
1843 4984 1954 5064 πιῖρ

381 5047 651 5125 magna
771 5047 1380 5125 τῂν-κρίσινηωλάτῷ
1420 5047 1649 5125 διαϐόλῳ
1704 5055 1795 5107 καὶ
1844 5047 1956 5125 τοῖς

377 5117 630 5196 ἀγγέλοις
663 5117 1075 5196 τέτοῦζμᾝμεῖς
1105 5122 1163 5175 δὲ
1198 5117 1409 5186 ἑαυτοῖς
1435 5117 1828 5196 προεξένήσατε
1856 5124 1954 5195 τὴν

381 5184 621 5241 κόλασιν.
666 5184 811 5259 Ἐγὼ
837 5189 895 5243 δὲ
923 5184 1152 5255 ἔπλασα,
1186 5202 1289 5249 etc.

449 5259 563 5335 (l_8)
592 5259 743 5335 In_B.
767 5261 949 5335 statim
972 5264 1220 5333 sequitur
1248 5283 1260 5317 :
1302 5265 1657 5335 Ἀποχωρεῖτε
1681 5265 1774 5317 ἀπ’
1795 5263 1949 5334 ἐμοῦ,

378 5327 730 5401 amemus];
756 5327 1002 5401 ἀνομίας.
1050 5327 1066 5333 ⁷
1237 5390 1243 5397 ,

475 5400 562 5472 89)
596 5400 711 5472 Nu
738 5400 995 5472 “@1201-
1348 5430 1391 5471 κ

593 5471 652 5545 I_n
680 5469 765 5545 B_.,
795 5469 954 5545 ἄλλου
987 5474 1174 5545 κυρίου
1194 5469 1472 5545 γεγόνατε.

474 5537 564 5608 21)
610 5537 670 5592 In
706 5538 768 5592 Β.
817 5537 1080 5598 omissum
1121 5537 1325 5614 γυμνὸς
1366 5544 1461 5597 καὶ
1501 5543 1561 5596 ού
1604 5542 1951 5613 περιεϐάλετέ

451 5677 563 5752 (ξε)
597 5676 774 5752 supra
804 5694 941 5752 cap.
969 5681 1020 5735 ⁷-

451 5747 561 5819 (25)
596 5747 804 5805 Det-ium
828 5747 889 5804 iri
911 5749 971 5804 Β.
1019 5753 1177 5807 verba
1213 5770 1228 5806 :
1269 5750 1377 5807 Kal.
1402 5753 1645 5809 ἐκτελεῖν
1676 5754 1864 5819 αὐτάς,
1896 5763 1953 5808 at

380 5819 625 5889 sequitur
662 5837 674 5872 :
719 5820 906 5892 Ὑμεῖς
928 5820 984 5874 δὲ
1020 5822 1152 5892 πρὸς
1197 5822 1367 5896 κάλλη
1407 5826 1498 5881 καὶ
1536 5825 1820 5895 ἀσελγείας
1859 5825 1951 5879 καὶ

382 5624 449 5677 με

2060 4984 2395 5057 ἀκαθαρσίας
2426 4983 2621 5057 αὐτοὺς
2651 4982 2967 5057 διηνοίξατε.

2130 5046 2253 5127 (24)
2291 5046 2736 5127 ξΕποίησαΔπρὸς
2756 5046 3063 5121 δοξολογίας
3105 5050 3198 5104 καί¹
3230 5046 3375 5104 αἶνον
3402 5050 3495 5105 καὶ
3543 5065 3637 5122 με-

2058 5121 2231 5196 λέτην
2248 5125 2357 5196 τῷν
2389 5121 2641 5196 Γραφῶνζ

2058 5143 2149 5179 Λετ
2188 5143 2217 5178 ν
2248 5143 2357 5178 των
2390 5143 2413 5177 ι
2436 5143 2641 5196 ραφων.
3540 5188 3568 5203 ⁸,

2276 5195 2756 5320 ῼηυέεεηυιιηιυτ,
2802 5191 3101 5263 καθήμενοι
3139 5207 3314 5262 usque
3350 5192 3417 5247 ad
3454 5191 3636 5263 ὓμων,

2094 5281 2250 5320 οευηι
2283 5282 2339 5320 ιη
2365 5281 2425 5319 ὕ.

2130 5334 2240 5405 (26)
2278 5334 2411 5389 Ibid.
2458 5335 2654 5389 desunt
2695 5331 2859 5405 verba
2892 5330 2986 5384 τοῦ
3034 5331 3351 5405 ἐκπετάσαι.
3390 5331 3629 5405 Et_mo_x

2058 5401 2324 5473 sequitur,
2357 5406 2513 5476 ὑμεῖς
2548 5405 2615 5459 ,δὲ
2648 5406 2729 5467 είς
2769 5401 3057 5473 κλέμματα
3077 5403 3172 5456 καὶ
3202 5403 3393 5472 φόνους
3431 5401 3629 5467 ἐξετεί-

2057 5492 2203 5530 νατε.

2279 5536 2487 5601 Βεέιιηι
2511 5544 2565 5597 in
2587 5541 2648 5596 Β.
2681 5512 2843 5598 verba
2872 5541 2967 5597 καὶ
2998 5545 3110 5606 τοῖς
3128 5540 3297 5604 οἴκοις
3321 5540 3428 5594 τῶν
3458 5542 3630 5610 ἁγίων

2060 5632 2236 5759 μοῗέθ)
2269 5686 2347 5743 Ib.
2376 5684 2755 5744 desiderantur
2796 5639 2958 5740 verba
3011 5702 3024 5737 :
3071 5682 3181 5738 Καὶ
3222 5698 3340 5754 μετ.
3388 5680 3462 5735 εδ.
3509 5678 3628 5753 τρέε

2054 5774 2185 5828 χειν.
