4090 6372
107 409 162 468 ’-
254 424 391 484 937'
485 407 506 417 ”
731 473 787 493 .,
907 475 914 478 .
1069 492 1072 496 ,
1307 427 1578 483 semita.
1619 459 1690 472 -

1865 428 2045 485 ONES
2083 429 2420 486 ABULIDIS.
3379 419 3479 476 958

324 548 546 623 Μάρκος
573 532 787 621 ἀνεψιὸς
816 516 1086 622 Βαρνάϐα,
1107 549 1399 613 ἐπίσκοπος
1435 552 1808 616 Ἀπολλωνίας.
1841 565 1887 620 Α

1866 565 1887 620 ι
1994 553 2084 610 56.
2127 552 2371 620 Marcus,
2435 551 2797 608 consobrinus
2846 546 3132 611 Barnabaz,
3188 543 3481 616 Apollonia:

563 675 568 680 .
1917 657 2224 713 eplSCOpuS.

323 732 564 797 Ἰοῦστος
597 731 888 794 ἐπίσκοπος
933 730 1471 808 Ἐλευθερουπόλεως.

1988 733 2077 790 57.
2110 731 2322 800 Justus,
2357 731 2788 802 EleutherOpolis
2820 729 3129 799 episcopus.

336 827 603 897 Ἀρτεμᾶς
634 824 925 886 ἐπίσκοπος
954 822 1221 894 Λύστροις.

1989 823 2078 879 58.
2114 823 2384 890 Artemas,
2416 823 2704 893 episcopus
2730 821 2951 891 Lystraa.

322 916 553 987 Κλήμης
580 917 871 978 ἐπίσκοπος
897 914 1198 985 Σαρδινίας.

1988 913 2075 968 59.
2107 913 2378 979 Clemens,
2412 915 2696 982 episcopus
2730 911 3011 966 Sardiniae.

328 1009 680 1082 Ὀνησίφορςδς
708 990 1002 1069 ἐπίσκοπος
1031 1005 1310 1077 Κορώνης.

1991 1006 2081 1061 60.
2117 1005 2509 1076 Onesiphorus,
2542 1005 2783 1059 Corones
2807 1003 3109 1072 episcopus.

307 1099 578 1170 Τύχικος,
607 1087 902 1163 ἐπίσκοπος
929 1097 1288 1168 Χαλκηδόνος.
1775 1130 1782 1136 -

1775 1130 1782 1136 -
1985 1096 2074 1150 61.
2107 1097 2399 1167 Tychicus.
2429 1095 2715 1164 episcopus
2742 1092 3122 1148 Chalcedonis.

316 1192 544 1262 Κάρπος
575 1192 867 1253 ἐπίσκοπος
899 1189 1142 1262 Βηρύτου
1167 1190 1265 1260 τῆς
1293 1189 1512 1260 Θρᾴκης

1985 1185 2076 1239 62.
2113 1184 2344 1254 Carpus,
2368 1183 2547 1255 Beryti
2575 1184 2861 1252 episcopus
2896 1183 2950 1235 in
2981 1181 3231 1235 Thracia.

314 1281 512 1345 Εὔοδος
543 1282 835 1345 ἐπίσκοπος
873 1282 1219 1351 Ἀντιοχείας.

1987 1277 2078 1331 65.
2110 1275 2345 1341 Evodus,
2377 1275 2678 1328 Antiochiae
2706 1274 3049 1344 episcopus."

329 1361 678 1445 Ἀρίσταρχος
710 1372 1000 1436 ἐπίσκοπος
1040 1372 1356 1444 Ἀπαμείας.

1987 1368 2076 1423 64.
2115 1367 2485 1432 Aristarchus,
2516 1366 2803 1435 episc0pus
2831 1364 3098 1434 Apameae.

313 1463 558 1536 Μάρκος,
585 1464 615 1518 ὁ
633 1466 726 1518 καὶ
751 1464 1002 1535 Ἰωάννης
1027 1465 1246 1536 ὁμοίως,
1280 1463 1572 1528 ἐπίσκοπος
1595 1464 1814 1518 Βιὸλουε-

1985 1459 2075 1515 65.
2109 1459 2344 1526 Marcus,
2369 1458 2464 1530 qui
2509 1466 2562 1511 et
2607 1456 2864 1524 Joannes,
2907 1457 3194 1527 episcopus
3223 1454 3474 1524 Biblopo-

241 1555 474 1619 πόλεως.
730 1619 733 1621 _
1913 1553 2044 1608 leos.

314 1648 495 1717 Ζηνᾶς
521 1647 818 1709 ἐπίσκοπος
843 1645 1198 1710 Διοσπόλεως.

1987 1645 2075 1699 66.
2109 1643 2302 1710 Zenas,
2333 1645 2620 1714 episcopus
2650 1641 2983 1713 Diospoleos.

309 1735 566 1806 Φιλήμων
599 1735 888 1798 ἐπίσκοπος
916 1735 1110 1806 Γάζης.

1983 1739 2074 1794 67.
2111 1737 2416 1802 Philemon,
2443 1738 2602 1793 Gaza:
2630 1740 2933 1807 episcopus.

321 1826 378 1878 ’A
390 1827 697 1898 ρίσταρχος,
739 1826 964 1896 Πούδης.

1982 1829 2052 1883 68
2079 1836 2133 1883 et
2162 1828 2251 1883 69.
2287 1829 2635 1884 Aristarchus
2659 1836 2712 1882 et
2735 1826 2965 1880 Pudens.

323 1922 386 1976 ⁸0
435 1923 750 1996 Τρόφιμος,
792 1923 940 1988 ὅστις
974 1925 1070 1978 σὺν
1122 1922 1200 1994 τῷ
1262 1921 1455 1992 Παύλῳ
1500 1920 1811 1993 ἐμαρτύρτΓ
1845 1916 1887 1969 Β

1862 1917 1887 1969 3
1989 1920 2075 1975 70.
2109 1917 2456 1990 Trophimus,
2487 1920 2580 1990 qui
2624 1934 2747 1974 cum
2786 1917 2955 1972 Paulo
3003 1914 3318 1985 martyrium
3354 1928 3477 1983 pas-

238 2031 352 2068 σεν.
1343 2006 1345 2009 Ι

1343 2006 1345 2009 ’
1911 2029 2006 2070 sus
2035 2021 2136 2067 est.

1237 2175 1266 2207 ῃ
1462 2172 1493 2198 ί

851 2400 1367 2534 ΕΑΡΙᾟΑ
1443 2395 2132 2512 CANONUM
2215 2395 2874 2513 ABULIDIS

1131 2826 1381 2903 Quibus
1411 2825 1739 2904 Ethiopes
1771 2823 2110 2888 Christiani
2154 2831 2420 2888 utuntur
2451 2823 2600 2906 (50).

304 3154 359 3207 1.
403 3149 478 3205 De
508 3156 696 3206 sancta
731 3147 834 3204 ﬁde
865 3146 992 3204 Jcsu
1025 3145 1225 3202 Christi
1249 3148 1314 3202 ²¹.
1828 3155 1871 3213 c
1975 3151 2061 3205 16.
2104 3149 2178 3205 De
2218 3149 2528 3222 Christiano
2570 3151 2666 3222 qui
2709 3163 2920 3206 servam
2974 3150 3322 3208 matrimonio
3365 3154 3469 3210 sibi

294 3247 358 3301 2.
401 3244 477 3298 De
509 3241 776 3312 episcopis
797 3243 865 3296 ²².
1900 3239 2079 3310 jungit
2103 3241 2167 3296 ω,
3226 3252 3228 3254 ,

293 3340 354 3395 5.
399 3337 474 3392 De
502 3335 842 3390 orationibus
887 3349 1009 3403 quae
1045 3333 1301 3388 dicuntur
1344 3347 1507 3402 super
1533 3333 1802 3406 episcopis
1974 3334 2062 3387 17.
2104 3332 2180 3387 De
2212 3333 2409 3389 femina
2445 3336 2615 3390 libera
2641 3336 2707 3390 ".

218 3431 573 3498 ordinandis’
605 3439 660 3486 et
688 3429 754 3485 de
785 3430 977 3485 ordine
1009 3430 1189 3484 missae
1213 3430 1278 3482 sa.
1975 3423 2060 3478 18.
2103 3423 2178 3478 De
2209 3425 2537 3494 obstetrice;
2564 3427 2788 3496 etquod
2831 3426 3044 3485 feminae
3080 3430 3311 3487 debeant
3351 3447 3471 3489 esse

294 3526 353 3579 4.
399 3522 476 3577 De
510 3521 852 3578 Ordinatione
887 3522 1350 3592 presbyterorum.
1903 3525 2164 3583 separatze
2187 3517 2255 3572 ab
2286 3518 2598 3575 hominibus
2624 3521 2677 3574 in
2713 3523 2957 3576 oratione
2979 3522 3022 3553 ³⁸

294 3617 354 3672 5.
400 3614 476 3670 De
512 3613 854 3670 ordinatione
891 3613 1268 3668 diaconorum.
1975 3607 2062 3662 19.
2113 3607 2188 3664 De
2239 3612 2632 3667 catechumeno
2677 3615 2770 3685 qui
2825 3614 3146 3686 martyrium
3198 3624 3324 3671 ante
3372 3616 3470 3672 ba-

295 3707 354 3762 6.
397 3705 475 3762 De
517 3706 589 3762 iis
622 3705 714 3776 qui
757 3706 1188 3776 persecutionem
1217 3711 1467 3775 “propter
1513 3703 1671 3760 tidem
1706 3719 1801 3776 pa-
1902 3700 2163 3768 plismum
2193 3703 2398 3771 patitur
2421 3704 2488 3759 ³⁸.

215 3799 444 3854 tiuntur
462 3797 530 3852 “.
1971 3794 2064 3850 20.
2105 3791 2181 3849 De
2206 3795 2417 3865 jejunio
2454 3797 2604 3854 feriae
2629 3809 2838 3870 quartze
2866 3809 2916 3855 et
2949 3809 3144 3867 sextae;
3173 3807 3227 3854 et
3246 3801 3312 3856 de
3336 3815 3473 3871 qua-

298 3892 358 3946 7.
402 3889 478 3946 De
504 3891 767 3946 electione
795 3897 1108 3961 anagnosta:
1143 3896 1198 3943 et
1219 3887 1543 3945 subdiacoui
1568 3890 1635 3944 ”.
1904 3888 2206 3959 dragesima
2231 3889 2296 3944 "’.

295 3983 356 4036 8.
404 3980 480 4036 De
510 3983 655 4035 dono
685 3982 911 4035 sanandi
936 3983 1004 4036 “.
1972 3981 2064 4035 21.
2107 3981 2459 4050 Presbyteros
2487 3999 2595 4038 una
2631 4000 2755 4039 cum
2785 3983 2986 4054 populo
3015 3985 3258 4054 quotidie
3283 3985 3337 4039 in
3381 3999 3473 4039 ec-

297 4073 358 4128 9.
402 4070 478 4127 De
531 4072 870 4142 presbytero,
918 4073 1012 4141 qui
1061 4073 1112 4125 in
1149 4072 1268 4126 loco
1292 4071 1522 4126 'muneri
1555 4087 1656 4127 suo
1692 4088 1799 4126 non
1903 4073 2067 4128 clesia
2101 4078 2391 4131 convenire
2417 4077 2612 4132 debere
2635 4079 2701 4122 ³⁸.

213 4161 575 4220 convenienti
611 4169 796 4214 manet
819 4160 888 4212 ".
1973 4164 2062 4218 22.
2109 4165 2182 4220 De
2215 4168 2552 4222 hebdomade
2597 4167 2881 4224 Paschalis
2926 4161 3272 4234 Judmorum;
3309 4176 3363 4222 et
3404 4168 3472 4222 de

291 4250 392 4306 10.
435 4249 511 4307 De
535 4251 602 4307 iis
631 4250 724 4321 qui
755 4266 812 4307 se
844 4250 912 4324 ad
934 4249 1249 4320 religionem
1279 4249 1644 4307 Christianam
1670 4267 1801 4308 con-
1903 4269 1969 4309 eo
2000 4256 2093 4325 qui
2127 4256 2335 4312 Pascha
2366 4274 2474 4312 non
2511 4259 2660 4313 novit
2683 4260 2746 4311 ³⁹.

209 4352 470 4404 vertunt.
1973 4345 2064 4400 25.
2111 4345 2565 4417 Unumquemquc
2588 4348 2757 4402 teneri
2782 4349 3078 4402 doctrinam
3109 4348 3387 4404 addiscere
3401 4346 3468 4405 “.

174 4437 178 4442 ’
289 4439 389 4494 11.
431 4437 508 4542 138
539 4452 604 4492 eo
630 4436 725 4507 qui
755 4435 899 4492 idola
927 4434 1160 4491 fabricat
1183 4438 1248 4491 ⁸³.
1827 4486 1872 4542 D
1971 4439 2062 4493 24.
2107 4439 2182 4494 De
2213 4454 2344 4493 cura
2377 4439 2616 4508 episcopi
2649 4440 2701 4493 in
2734 4448 2968 4510 azgrotos
2988 4440 3056 4493 “.

220 4549 224 4552 ·
291 4531 392 4587 12.
436 4529 628 4585 Studia
655 4529 805 4584 varia
839 4538 1254 4596 enumerantur,
1289 4548 1521 4602 quorum
1556 4534 1796 4589 cultores
1830 4529 1869 4542 ν
1971 4532 2064 4587 25.
2106 4530 2182 4586 De
2203 4546 2268 4585 eo
2297 4532 2385 4584 cui
2417 4531 2658 4599 injuncta
2685 4540 2921 4586 estcura
2943 4540 3306 4601 aegrotorum;
3331 4531 3472 4586 etde

207 4624 282 4680 ad
300 4622 628 4692 religionem
648 4620 1018 4677 Christianam
1047 4632 1171 4678 ante
1188 4625 1567 4694 pazuitentiam
1594 4625 1793 4680 factam
1905 4635 2146 4693 tempore
2176 4636 2286 4692 quo
2316 4622 2589 4676 orationes
2625 4623 2943 4693 peragendae
2964 4624 3030 4677 “.

205 4713 546 4773 admittendi
572 4729 682 4770 non
711 4723 840 4770 sunt
861 4716 929 4770 ".
1969 4709 2061 4763 26.
2105 4707 2179 4762 De
2210 4718 2452 4777 tempore
2480 4724 2590 4777 quo
2626 4709 3035 4767 exhortationes
3061 4711 3342 4768 audienda:
3363 4713 3429 4769 “.

285 4807 384 4863 15.
426 4804 503 4860 De
533 4805 653 4861 loco
681 4820 842 4876 quem
872 4806 1072 4862 summi
1103 4821 1257 4877 reges
1286 4817 1380 4863 aut
1413 4809 1688 4880 principes
1715 4817 1792 4866 te-
1972 4802 2061 4856 27.
2107 4801 2179 4856 De
2207 4817 2272 4858 eo
2299 4800 2392 4870 qui
2435 4801 2665 4873 singulis
2693 4802 2886 4859 diebus
2925 4805 3183 4875 templum
3215 4806 3470 4876 frequene

203 4899 432 4956 nebunt
455 4895 512 4949 in
541 4897 741 4966 templo
765 4896 831 4950 ⁸ο.
1901 4905 1979 4951 tat
1997 4896 2061 4950 ιδ.

282 4991 383 5046 14.
409 4984 569 5054 Quod
587 4986 912 5046 Christianis
931 5005 1039 5045 non
1067 4991 1359 5046 conveniat
1380 5005 1531 5047 arma
1563 4991 1703 5048 ferre
1723 4994 1788 5047 ³⁸.
1973 4991 2063 5046 28.
2106 4991 2318 5048 Fideles
2366 4993 2503 5048 nihil
2549 4994 2833 5049 comedere
2879 5005 3128 5065 oportere
3177 5007 3301 5051 ante
3341 5011 3468 5050 sau-

258 5084 382 5162 '15.
425 5080 505 5137 De
529 5081 760 5152 opiﬁciis
790 5098 911 5153 qua:
938 5082 1264 5140 Christianis
1295 5084 1484 5140 illicita
1519 5094 1645 5141 sunt
1669 5085 1732 5140 ⁸⁸.

1232 5102 1264 5140 ,ε
1295 5084 1484 5140 illicita
1519 5094 1645 5141 sunt
1669 5085 1732 5140 ⁸⁸.
1901 5093 2046 5140 ctam
2087 5085 2522 5143 communionem
2544 5085 2608 5138 ⁸⁸.
2630 5084 2847 5141 FABRIC.

282 5218 426 5273 “.L.
470 5233 523 5289 vi
551 5215 740 5289 Const.
771 5223 1024 5289 apostol.,
1057 5237 1107 5277 c.
1140 5223 1226 5289 11,
1255 5231 1360 5277 etc.
1437 5222 1560 5276 "L.
1605 5239 1700 5289 vn,
1743 5239 1792 5278 c.
1841 5223 1897 5277 41

1844 5223 1930 5278 41.
2009 5225 2054 5255 ³³
2079 5223 2140 5279 L.
2163 5239 2282 5289 v.1",
2323 5239 2372 5278 c.
2395 5225 2660 5289 4,5,16..
2740 5226 2784 5256 ’δ
2805 5225 2867 5280 C.
2904 5225 2989 5286 17,
3025 5223 3228 5287 18,19,
3252 5221 3343 5287 20,
3369 5221 3459 5288 23,

201 5294 298 5348 45.
384 5291 431 5322 ’⁵
476 5287 538 5342 C.
570 5288 662 5354 21,
693 5287 819 5343 22ᾙ
860 5293 906 5321 ’⁸
935 5287 1075 5354 (2.1,
1108 5293 1162 5346 2.
1213 5287 1282 5325 “²⁷
1313 5293 1373 5346 C.
1409 5293 1499 5356 46,
1541 5294 1630 5348 52.
1688 5287 1756 5326 γίθ
1803 5293 1816 5346 1

1843 5295 1989 5349 )id.”
2013 5294 2147 5350 Ibid.
2225 5287 2277 5326 ’θ’
2316 5287 2516 5349 DeeSt.
2577 5295 2618 5326 ³¹
2663 5295 2726 5349 C.
2774 5296 2862 5349 52.
2941 5295 2986 5325 ³³
3025 5293 3156 5346 Ibid.
3233 5293 3278 5324 ³³
3325 5287 3457 5348 Ibid.

203 5365 253 5396 ³⁸
283 5360 426 5415 Ibid.
458 5359 549 5431 __”
579 5357 641 5431 1..
679 5374 738 5420 tt,
767 5375 826 5431 c._
858 5361 944 5415 57.
1020 5361 1144 5416 ³⁸1..
1171 5379 1224 5428 v,
1253 5378 1302 5416 c.
1335 5363 1385 5417 6.
1465 5361 1508 5394 ³⁷
1534 5362 1598 5415 L.
1623 5381 1673 5418 ν.
1714 5365 1812 5419 (3.1

1844 5365 1876 5430 ἱ,
1911 5365 1999 5420 15.
2086 5366 2129 5396 ³⁸
2161 5365 2222 5418 L.
2259 5381 2322 5431 ιι,
2351 5380 2401 5419 c.
2433 5364 2520 5418 56.
2599 5365 2721 5418 a9L.
2753 5382 2804 5428 v,
2838 5382 2884 5418 c.
2924 5363 3008 5428 15,
3038 5373 3141 5416 etc.
3203 5361 3247 5394 ⁸ο
3276 5361 3338 5416 L.
3362 5378 3459 5428 vn,

203 5449 256 5488 c.
296 5431 404 5495 '59-,
443 5428 534 5493 40,
564 5429 654 5484 41.
730 5431 772 5461 ⁸³
802 5428 866 5484 L.
901 5447 972 5498 Iv,
1011 5446 1059 5486 c.
1087 5433 1140 5486 2.
1218 5432 1264 5465 δ’
1289 5431 1350 5488 L.
1379 5447 1459 5497 tu,
1489 5449 1538 5488 c.
1567 5435 1666 5501 '19;
1694 5435 1730 5488 1.
1771 5449 1818 5489 vr

1849 5428 1887 5503 ι,
1919 5451 1968 5490 c.
1996 5437 2086 5491 54.
2163 5436 2208 5467 ⁵³
2230 5428 2440 5500 1..’νιιι,
2471 5450 2520 5491 e.
2549 5435 2638 5490 52.
2715 5433 2761 5466 ⁸⁵
2790 5431 2851 5486 L.
2881 5449 2938 5498 ιι,
2973 5449 3019 5487 c.
3047 5434 3137 5487 59.
3200 5431 3247 5464 “
3278 5432 3459 5490 Deest.

290 5550 416 5634 (50)_
435 5549 560 5634 [iace
574 5553 751 5634 capita
775 5553 985 5634 primus
999 5553 1190 5634 gallice
1209 5552 1548 5634 vulgavitlo.
1569 5552 1795 5634 Michael
1896 5556 2038 5634 quod
2073 5555 2411 5634 Primitiuupt
2428 5553 2897 5634 _Chri§ti_a_n_is_myn
2918 5551 3462 5634 regatumjnscripsit

101 5659 112 5665 -
207 5621 576 5691 “'anslebius
601 5621 656 5677 in
683 5621 822 5677 libro
841 5623 919 5676 De
941 5621 1178 5676 Ecclesia
1211 5621 1594 5690 Alexandrina,
1619 5623 1791 5679 Paris.
1894 5621 1949 5679 et
1975 5626 2199 5691 Anglice
2232 5626 2400 5681 edidit
2424 5624 2598 5679 Lond.
2626 5624 2785 5688 1711,
2807 5621 2862 5685 8,
2890 5637 2944 5691 p.
2977 5622 3100 5675 545.
3129 5621 3273 5675 Idem
3295 5626 3458 5677 etiam

205 5690 384 5762 1677,
408 5690 512 5762 12.
540 5691 730 5762 Latine
749 5692 918 5748 Jobus
937 5692 1201 5748 Ludoll‘us
1229 5693 1282 5746 in
1305 5692 1694 5748 Commentario
1723 5696 1792 5747 ad
1831 5717 1834 5720 η
1893 5695 2016 5751 loca
2050 5690 2498 5751 Constitutionum
2527 5690 2936 5762 apostolicarum
2965 5691 3242 5748 adnotavit
3269 5691 3334 5750 de
3364 5695 3460 5749 iis-

207 5759 510 5838 historiant
526 5761 888 5838 .Etliiopicﬂn
907 5762 1168 5838 _Franco[.
1199 5763 1356 5838 169},
1375 5763 1496 5838 fol.,
1518 5779 1639 5838 pag.
1664 5765 1789 5838 555,
1896 5767 2019 5824 dem
2054 5766 2390 5838 argumentis
2421 5759 2753 5838 tract-antiaa

152 5902 158 5908 .
207 5843 268 5888 et
294 5830 597 5889 novissime
621 5830 764 5893 Guil.
796 5831 1114 5892 Whistonus
1142 5834 1199 5892 in
1224 5833 1499 5891 volumine
1519 5830 1793 5906 Ill'operis
