4090 6388
615 424 719 478 959

1460 422 1752 481 APPEND.
1795 425 1887 479 AD
1924 425 2204 484 PARTEM
2239 428 2283 484 ιι
2321 428 2606 484 OPERUM
2649 427 2705 484 S.
2749 426 3134 484 HIPPOLYTI.

3752 426 3862 486 960

683 545 774 599 '29.
816 544 960 599 Bene
987 544 1383 599 observandum
1417 559 1536 601 esse
1566 562 1634 603 ne
1664 547 1960 619 quidquam
1993 550 2060 606 de
2086 566 2176 607 ca-
2203 563 2252 621 Α
2355 554 2442 608 54.
2489 553 2563 609 De
2591 553 2857 636 modestia
2885 553 3223 608 saecularium
3254 551 3308 606 in
3331 549 3560 606 ecclesia
3585 550 3652 603 ³⁸.

615 634 717 691 lice
743 635 796 689 in
824 647 1023 691 terram
1053 637 1212 691 cadat
1235 637 1302 692 ‘°.

683 730 774 785 50.
815 730 890 784 De
923 731 1330 786 catechumenis
1353 730 1418 785 ⁸⁷.

684 822 775 875 51.
830 820 1130 875 Diaconum
1184 821 1585 877 Eucharistiam
1635 838 1762 879 cum
1825 825 2186 894 permissione

613 908 852 979 episcopi
872 918 968 965 aut
983 913 1282 984 presbyteri
1307 913 1506 982 populo
1533 915 1916 969 administrare
1941 931 2100 984 posse
2116 916 2181 973 ⁸⁸.

683 1005 773 1059 52.
816 1003 1021 1060 Viduas
1057 1015 1219 1075 atque
1256 1007 1498 1077 virgines
1547 1008 1766 1064 assidue
1806 1023 1964 1064 orare
2018 1023 2182 1078 opor-

615 1104 725 1149 tere
749 1096 814 1150 ⁸³.

683 1187 772 1244 55.
815 1187 1152 1244 Mortuorum
1187 1189 1424 1245 lldelium
1454 1191 2035 1247 commemorationem
2068 1193 2186 1247 sin-

614 1279 754 1350 gulis
782 1281 1326 1365 diebuslaciendam,
1356 1293 1578 1355 excepta
1611 1285 1700 1340 die
1735 1284 2016 1341 Dominica
2042 1287 2108 1338 ³⁸.

2356 667 2446 722 55.
2507 665 2780 722 Diaconos
2836 667 3265 722 benedictionem
3314 675 3366 720 et
3416 664 3620 734 gratias
3674 664 3862 719 dicere

2288 775 2450 829 posse
2484 760 2536 814 in
2569 759 2776 830 agapis,
2809 774 2932 814 cum
2954 759 3240 829 episcopus
3267 772 3502 827 praesens
3531 772 3639 810 non
3665 767 3748 812 est
3779 757 3856 812 ".

2359 874 2447 928 56.
2485 873 2560 929 De
2591 875 2847 944 primitiis
2879 884 3036 930 terra).
3072 883 3126 929 et
3161 873 3228 928 de
3264 873 3404 927 votis
3427 873 3494 927 ⁸³.

2361 965 2449 1021 57.
2490 965 2626 1020 Cum
2658 967 2946 1037 episcopus
2979 965 3038 1022 S.
3071 966 3311 1038 Synaxin
3340 965 3598 1032 celebrat,
3625 963 3857 1034 presby-

2289 1080 2389 1136 teri
2422 1080 2497 1134 illi
2529 1082 2850 1138 assistentes
2876 1081 2998 1136 alba
3027 1079 3208 1137 vestiti
3234 1094 3355 1135 esse
3387 1077 3585 1133 debent
3606 1076 3672 1131 ⁵⁸.

2367 1193 2458 1248 ⁸58.
2498 1191 2783 1248 Neminem
2812 1194 3048 1248 dormire
3073 1191 3267 1247 debere
3292 1200 3449 1247 nocte
3472 1185 3862 1245 Resurrectic-

2290 1285 2378 1342 nis
2409 1285 2622 1341 Domini
2653 1287 2825 1341 nostri
2849 1285 2976 1342 Jcsu
3007 1285 3208 1341 Christi
3229 1285 3298 1340 ⁸³.

931 1604 1582 1745 CANONES
1666 1604 2394 1721 ECCLESUE
2473 1605 3527 1723 ALEXANDRINE

1546 1823 1981 1884 PERPERAM
2032 1823 2496 1887 HIPPOLYTO
2535 1827 2878 1889 TRIBUTI.

1047 1989 1140 2049 (De
1161 1987 1432 2047 Mactsrms,
1463 1991 1580 2038 Acta
1609 1987 1880 2054 Martyrum
1899 1987 1964 2037 ad
1992 1985 2125 2039 Ostia
2153 1985 2404 2051 Tiberim,
2427 1990 2752 2052 Roma21795,
2779 1991 2881 2053 fol.,
2906 1995 3153 2055 Append.,
3183 2008 3232 2057 p.
3257 1993 3386 2056 ΠΒ.)

685 2285 751 2340 In
804 2288 1009 2340 nomine
1059 2286 1277 2352 Patris,
1323 2296 1372 2341 et
1426 2276 1595 2352 Filii,
1635 2297 1684 2341 et
1734 2285 1966 2356 Spiritus
1993 2289 2181 2344 sancti.
2217 2293 2260 2348 Β
2357 2287 2544 2344 Canon
2578 2294 2828 2358 quartus.
2866 2287 2940 2342 De
2967 2288 3305 2346 ordinatione
3335 2293 3651 2366 presbyteri.

612 2385 794 2435 Amen.

683 2472 785 2526 Isti
812 2482 934 2526 sunt
964 2472 1200 2528 Canones
1232 2472 1504 2541 Ecclesice,
1538 2475 1792 2527 mandata
1816 2491 1933 2534 qua:
1971 2476 2182 2545 scripsit

610 2565 949 2636 Hippolytus,
972 2583 1062 2635 per
1090 2584 1240 2638 quem
1265 2567 1498 2639 loquitur
1525 2567 1828 2637 (Ecclesia),
1847 2577 1896 2622 et
1935 2584 2180 2622 numerus

607 2675 788 2714 eorum
816 2657 1080 2712 XXXVIII
1108 2659 1364 2714 Canones.
1396 2659 1554 2714 Salus
1579 2678 1612 2714 a
1637 2660 1879 2714 Domino.

679 2749 864 2803 Canon
901 2750 1126 2820 primus.
1173 2749 1247 2805 De
1285 2749 1419 2805 Fide
1457 2750 1744 2806 catholica.
1798 2751 1941 2805 Ante
1998 2750 2180 2806 omnia

611 2842 898 2915 loquamur
923 2845 989 2898 de
1012 2843 1116 2898 fide
1136 2852 1344 2914 sancta,
1366 2851 1510 2896 recta
1538 2843 1591 2895 in
1616 2841 1904 2896 Dominum
1933 2852 2179 2897 nostrum

609 2937 790 2992 Jesum
825 2935 1128 2999 Christum,
1161 2934 1355 2989 Filium
1385 2933 1480 2986 Dei
1509 2933 1638 3001 vivi,
1665 2942 1720 2988 et
1747 2934 2030 3003 posuimus
2055 2950 2178 2990 eum

610 3027 916 3100 (eanonem)
961 3027 1015 3081 in
1069 3027 1173 3082 [ide
1221 3025 1536 3097 (symbolo),
1567 3036 1620 3082 et
1660 3041 1762 3083 nos
1805 3029 2180 3086 consentimus

609 3120 756 3176 ornni
784 3119 1105 3174 cei-titudine
1133 3117 1464 3186 rationabili,
1496 3118 1644 3188 quod
1689 3117 1929 3176 Trinitas
1954 3121 2181 3191 aequalis

608 3211 845 3282 perfecte
874 3212 944 3267 sit
973 3211 1024 3264 in
1056 3210 1282 3273 honore,
1313 3210 1537 3281 aequalis
1563 3211 1618 3264 in
1642 3211 1834 3282 gloria,
1857 3228 1959 3268 nec
1983 3214 2182 3270 habeat

609 3306 825 3360 initium
873 3319 974 3358 nec
1022 3303 1207 3358 finem.
1241 3302 1480 3358 Verbum
1521 3303 1692 3360 Filius
1736 3304 1832 3360 Dei
1869 3314 1922 3361 et
1961 3311 2076 3376 ipse
2099 3316 2182 3362 est

608 3403 820 3452 creator
845 3394 1024 3448 omnis
1053 3403 1337 3460 creaturae,
1367 3395 1663 3450 visibilium
1709 3405 1764 3450 et
1805 3397 2178 3453 invisibilium.

611 3487 726 3541 Hoc
757 3484 1138 3540 constituimus
1171 3485 1575 3542 consentientes
1619 3486 1881 3543 adversus
1927 3503 2042 3554 eos,
2087 3490 2183 3558 qui

610 3581 866 3635 audacter
907 3577 1073 3632 locuti
1109 3586 1259 3644 sunt,
1298 3579 1442 3647 quod
1481 3595 1589 3632 non
1623 3588 1868 3648 oporteat
1902 3581 1968 3635 de
2001 3579 2180 3636 Verbo

2349 2381 2536 2435 Canon
2567 2380 2812 2450 quintus.
2851 2380 2924 2434 De
2955 2382 3346 2439 constitutione
3376 2385 3609 2440 diaconi.

2353 2473 2538 2529 Canon
2573 2481 2780 2528 sextus.
2811 2471 2884 2527 De
2914 2473 2981 2529 iis
3004 2474 3096 2544 qui
3119 2476 3267 2546 passi
3299 2486 3424 2532 sunt
3446 2494 3546 2548 pro
3577 2481 3696 2536 fide.

2352 2566 2537 2623 Canon
2567 2566 2850 2636 septimus.
2894 2563 2970 2621 De
3005 2581 3071 2621 eo
3117 2568 3208 2638 qui
3244 2581 3568 2640 anagnostes
3596 2581 3648 2628 et
3681 2574 3864 2644 hypo-

2281 2660 2546 2715 diaconus
2572 2659 2779 2714 electus
2801 2667 2903 2714 est.

2351 2751 2541 2807 Canon
2571 2760 2815 2807 octavus.
2858 2749 2934 2805 De
2957 2751 3297 2807 curationum
3326 2753 3490 2809 dono.

2351 2843 2540 2900 Canon
2571 2859 2769 2900 nonus.
2797 2841 2874 2896 Ne
2900 2843 3105 2898 habitet
3133 2843 3454 2918 (presbyter)
3498 2850 3553 2904 in
3593 2848 3734 2916 locis,
3755 2851 3866 2908 ubi

2283 2953 2391 2993 non
2422 2944 2653 3006 oportet,
2687 2946 2739 2992 et
2765 2936 2832 2990 de
2855 2936 3066 2992 honore
3096 2937 3404 2994 viduarum.
3795 2960 3800 2963 *

2352 3028 2541 3083 Canon
2571 3027 2836 3083 decimus.
2867 3025 2943 3082 De
2967 3027 3054 3084 his
3083 3027 3178 3097 qui
3218 3024 3482 3084 Nazareni
3511 3030 3868 3105 (Christiani)

2281 3119 2398 3176 tieri
2425 3121 2632 3176 volunt.

2352 3210 2540 3266 Canon
2572 3207 2914 3263 undecimus.
2943 3206 3018 3262 De
3044 3208 3136 3264 illo
3159 3208 3254 3280 qui
3280 3208 3412 3265 facit
3435 3209 3578 3266 idola
3601 3220 3655 3267 et
3680 3211 3870 3268 simu-

2280 3304 2450 3368 lacra,
2482 3301 2597 3356 sive
2620 3299 2836 3354 artifex.

2354 3393 2543 3452 Canon
2574 3387 2948 3447 duOdecimus.
2979 3390 3054 3446 De
3086 3393 3450 3462 prohibitione
3491 3395 3688 3450 horum
3719 3410 3874 3463 cpe-

2282 3502 2427 3550 rum,
2455 3499 2694 3561 quorum
2725 3493 2978 3539 auctores
3014 3499 3122 3539 non
3150 3485 3480 3554 recipiantur
3502 3486 3609 3540 nisi
3635 3494 3873 3554 peracta

2283 3579 2622 3651 paenitentia.

612 3670 706 3722 Dei
742 3666 936 3739 (loqui)
968 3666 1128 3721 sicuti
1157 3667 1368 3722 locutus
1393 3679 1474 3723 cst.
1503 3640 1770 3723 Dominus
1797 3679 1982 3724 noster
2018 3667 2180 3726 Jesus
2205 3640 2248 3698 α
2286 3640 2301 3651 ⁸
2353 3671 2541 3726 Canon
2587 3669 2830 3725 decimus
2867 3667 3078 3723 tertius.
3133 3668 3209 3723 De
3259 3667 3500 3738 principe
3533 3677 3627 3722 aut
3661 3667 3878 3736 milite,

610 3760 886 3814 Christus.
917 3756 1239 3828 Congregati
1273 3775 1463 3825 sumus
1506 3760 1849 3830 potissimum
1893 3761 1962 3816 ad
2004 3761 2184 3831 profe-

613 3852 838 3907 rendum
881 3860 1066 3906 sancte
1100 3852 1167 3906 de
1205 3853 1336 3918 Deo,
1376 3852 1433 3908 et
1473 3854 1596 3908 illos
1629 3855 2020 3922 separavimus,
2055 3854 2183 3924 quia

613 3959 719 3998 non
747 3944 1080 3999 concordant
1107 3958 1230 3998 cum
1271 3943 1513 4000 Ecclesia
1558 3944 1610 3997 in
1661 3944 1964 4014 theologia,
2009 3961 2184 4014 neque

609 4030 898 4085 nobiscum
947 4030 1073 4086 liliis
1119 4030 1545 4099 Scripturarum.
1595 4030 1885 4102 Propterea
1934 4049 2186 4104 segrega-

609 4123 790 4179 vimus
821 4139 916 4180 eos
949 4124 1015 4178 ab
1038 4122 1300 4190 Ecclesia,
1327 4133 1382 4179 et
1417 4124 1694 4195 negotium
1732 4140 1922 4181 eorum
1963 4127 2158 4197 reliqui

611 4231 736 4270 mus
766 4214 900 4282 Deo,
933 4213 1024 4281 qui
1052 4225 1330 4270 creaturas
1358 4231 1482 4270 cum
1513 4215 1722 4284 justitia
1751 4215 2036 4285 judicabit.
2073 4217 2182 4274 Illis

610 4317 792 4362 autem
828 4307 921 4377 qui
952 4307 1052 4361 hos
1101 4307 1387 4377 ignorant,
1434 4321 1622 4362 natum
1662 4306 1894 4363 facimus
1927 4309 2032 4364 hoc
2065 4309 2185 4365 sine

612 4398 834 4463 invidia,
864 4413 931 4451 ne
958 4397 1156 4452 malam
1186 4398 1468 4459 incurrant
1497 4406 1750 4465 mortem,
1780 4409 2039 4470 tanquam
2075 4403 2184 4456 hae-

611 4492 791 4555 retici,
830 4490 926 4544 sed
958 4499 1372 4559 promereantur
1391 4490 1558 4545 vitam
1581 4499 1858 4556 aeternam,
1877 4501 1930 4546 et
1955 4493 2184 4550 doceant

613 4584 752 4637 lilios
783 4599 933 4648 suos,
967 4594 1020 4637 et
1045 4590 1292 4652 posteros
1324 4599 1452 4638 suos
1479 4584 1618 4638 hanc
1649 4584 1866 4640 unicam
1894 4585 2075 4642 Iidem.

683 4677 870 4730 Canon
904 4675 1196 4730 secundus.
1220 4675 1294 4731 De
1311 4675 1599 4746 episcopis.
1627 4674 1929 4746 Episcopus
1951 4677 2182 4747 eligatur

612 4768 702 4823 ab.
733 4767 882 4820 omni
929 4767 1160 4836 populo,
1213 4767 1392 4835 sitque
1449 4766 1968 4836 irreprehensibilis,
2022 4767 2182 4822 sicuti

613 4860 875 4929 scriptum
909 4868 991 4915 est
1023 4860 1089 4914 de
1123 4876 1189 4914 eo
1220 4859 1272 4914 in
1315 4859 1577 4928 Apostolo
1603 4876 1616 4912 :
1647 4859 1699 4913 in
1748 4857 2084 4913 hebdomada
2126 4859 2182 4912 in

611 4967 720 5020 qua
753 4952 1060 5015 ordinatur,
1097 4961 1149 5006 et
1189 4951 1336 5005 dicat
1373 4950 1659 5005 universus
1706 4950 1976 5020 populus:
2017 4948 2182 5004 Volu-

610 5062 734 5100 mus
767 5059 923 5110 eum;
967 5044 1146 5112 sitque
1176 5044 1452 5099 silentium
1498 5042 1551 5096 in
1597 5049 1711 5096 toto
1754 5041 1914 5104 atrio,
1943 5049 1997 5095 et
2027 5051 2182 5096 orent

610 5153 803 5192 omnes
830 5154 991 5206 super
1011 5153 1136 5191 eum
1165 5146 1219 5192 et
1245 5137 1428 5192 dicant
1455 5155 1467 5190 :
1494 5135 1538 5191 Ο
1563 5134 1723 5197 Deus,
1751 5133 2013 5188 conﬁrma
2039 5134 2183 5188 hunc

609 5245 768 5299 quem
799 5229 1114 5298 praeparasti
1148 5227 1330 5294 nobis,
1360 5235 1467 5281 etc.

682 5320 872 5376 Canon
916 5321 1132 5376 tertius.
1179 5319 1367 5374 Oratio
1409 5333 1572 5387 super
1616 5332 1741 5371 eum
1769 5316 1860 5387 qui
1891 5316 2184 5386 episcopus

613 5413 692 5476 fit,
722 5421 778 5468 et
813 5413 1085 5468 ordinatio
1120 5411 1318 5468 missae.
1363 5411 1506 5466 Deus
1550 5409 1711 5463 Pater
1751 5408 1966 5463 Domini
2011 5408 2181 5463 nostri

615 5503 740 5560 Iesu
765 5504 992 5569 Christi,
1028 5504 1191 5558 Pater
1214 5503 1734 5570 misericordiarum,
1765 5496 1819 5557 et
1847 5502 1986 5558 Deus
2015 5501 2182 5557 totius

613 5599 1026 5660 consolationis,
1060 5605 1165 5652 etc.

687 5711 733 5742 “
768 5709 942 5765 Deest.
1033 5712 1076 5743 ‘7
1118 5711 1182 5764 L.
1213 5727 1310 5775 vn,
1346 5727 1394 5766 c.
1422 5714 1512 5777 59,
1553 5720 1655 5766 etc.

1751 5711 1800 5743 ⁸⁸
1839 5709 1897 5761 L.
1936 5723 2052 5770 vm.
2103 5725 2150 5762 c.
2189 5706 2276 5762 28.

2285 3779 2353 3818 ne
2385 3762 2752 3832 suscipiantur
2781 3760 3278 3816 indiscriminatim.

2354 3854 2544 3910 Canon
2575 3853 2819 3910 decimus
2844 3860 3092 3923 quartus.
3119 3851 3196 3906 Ne
3224 3851 3316 3906 fiat
3338 3851 3492 3906 miles
3515 3849 3877 3915 Nazarenus,

2285 3947 2388 4002 nisi
2409 3946 2618 4016 jussus.

2355 4038 2542 4093 Canon
2570 4035 2817 4092 decimus
2841 4036 3084 4108 quintus.
3111 4034 3458 4088 Enumeratio
3487 4049 3709 4104 operum
3735 4051 3878 4104 quae

2283 4141 2412 4189 sunt
2441 4131 2652 4186 illicita.

2357 4221 2545 4277 Canon
2575 4217 2821 4275 decimus
2855 4225 3063 4272 sextus.
3115 4213 3192 4268 De
3223 4228 3289 4268 eo
3320 4214 3414 4283 qui
3444 4214 3606 4270 habet
3631 4231 3877 4272 uxorem

2283 4315 2580 4386 legitimam
2608 4321 2662 4368 et
2684 4311 2848 4365 aliam
2881 4309 3102 4377 insuper
3128 4307 3300 4362 ducit.

2356 4406 2544 4463 Canon
2589 4404 2836 4458 decimus
2883 4401 3169 4471 septimus.
3227 4398 3298 4452 De
3343 4397 3569 4453 muliere
3597 4397 3876 4468 ingenua,

2283 4499 2513 4569 ejusque
2551 4493 2762 4552 ofﬁciis.
2815 4491 2893 4548 De
2941 4489 3347 4554 obstetricibus,
3402 4505 3466 4544 ac
3521 4490 3879 4559 separatione

2284 4591 2525 4644 virorum
2553 4603 2585 4640 a
2617 4583 2958 4640 mulieribus.
2997 4580 3072 4634 De
3110 4580 3413 4650 virginibus
3453 4590 3508 4636 ut
3547 4582 3875 4651 cooperianl

2284 4680 2452 4735 facies
2481 4694 2609 4734 suas
2634 4686 2688 4732 et
2722 4676 2902 4744 capita
2931 4688 3052 4728 sua.
3493 4668 3498 4672 ”

2355 4771 2544 4826 Canon
2576 4767 2822 4823 decimus
2845 4773 3096 4821 octavus.
3127 4761 3203 4817 De
3233 4762 3537 4832 puerperis,
3577 4779 3640 4818 ac
3678 4763 3878 4818 obste-

2287 4859 2510 4916 tricibus
2539 4857 2752 4912 iterum.

2358 4950 2548 5004 Canon
2585 4947 2833 5002 decimus
2865 4959 3066 5000 nouus.
3099 4941 3174 4996 De
3207 4940 3630 5007 catechumenis,
3675 4949 3727 4992 et
3767 4954 3875 4993 οι·-

2287 5041 2565 5099 dinatione
2595 5039 2862 5110 Baptismi
2890 5049 2944 5091 et
2967 5034 3165 5090 Missae.

2356 5135 2544 5190 Canon
2571 5132 2886 5188 vicesimus.
2927 5129 3004 5184 De
3042 5126 3253 5200 jejunio
3288 5125 3459 5196 (feriae
3500 5133 3599 5196 vr),
3629 5130 3683 5177 et
3721 5139 3874 5192 qua-

2289 5222 2660 5295 dragesimali.

2361 5316 2552 5372 Canon
2578 5313 2872 5370 vicesimus
2897 5310 3129 5381 primus.
3158 5309 3234 5364 De
3259 5308 3483 5364 collecta
3513 5305 3870 5361 sacerdotum

2287 5419 2342 5466 et
2371 5408 2556 5479 populi
2589 5407 2644 5462 in
2674 5405 2902 5463 ecclesia
2931 5403 3192 5474 quotidie.

2354 5500 2544 5555 Canon
2572 5498 2866 5554 vicesimus
2914 5495 3204 5550 secundus.
3253 5492 3328 5548 De
3372 5491 3712 5547 hebdomada
3755 5487 3870 5547 Pa-

2289 5593 2495 5649 schatis
2527 5591 2864 5658 Iudaeorum,
2899 5605 3008 5660 quo
3039 5588 3292 5660 gaudium
3321 5587 3556 5652 tolletur,
3588 5595 3641 5640 et
3683 5585 3752 5639 de
3790 5600 3866 5640 eo

2373 5708 2418 5740 ‘9
2470 5706 2532 5761 L.
2573 5723 2653 5769 ιιι,
2709 5721 2756 5760 c.
2797 5706 2849 5769 6,
2906 5703 3050 5770 7,15.
3140 5705 3188 5735 δ’
3217 5707 3277 5756 ι..
3331 5719 3402 5762 ιν.
3455 5717 3504 5755 c.
3538 5701 3703 5766 Ηςι.
3735 5716 3862 5769 vm,

615 5799 666 5834 ν.
697 5781 882 5833 ιι-ιι.
958 5783 998 5813 ⁸¹
1028 5781 1090 5836 L.
1129 5798 1188 5850 ιι,
1216 5799 1266 5836 c.
1297 5771 1394 5837 .57.
1471 5771 1514 5816 δέ
1541 5783 1717 5838 Deest.
1797 5781 1841 5813 ⁵³
1876 5779 1937 5834 L.
1970 5797 2028 5846 ιι,
2054 5797 2100 5834 c.
2128 5780 2215 5834 25.

2295 5781 2340 5812 ”
2369 5778 2431 5832 L.
2456 5795 2551 5845 vn,
2575 5796 2622 5832 e.
2646 5777 2755 5844 $9;
2781 5777 2814 5830 l.
2847 5792 2965 5842 vm,
2995 5792 3041 5830 c.
3070 5773 3157 5843 50,
3183 5773 3272 5829 '51.
3345 5774 3391 5805 ⁸⁸
3419 5771 3480 5827 ι..
3507 5788 3628 5842 vni,
3665 5787 3713 5828 c.
3755 5773 3861 5841 12;

622 5853 655 5905 ι.
685 5867 736 5917 v,
769 5865 817 5906 c.
849 5851 935 5906 19.
