4090 6376
262 409 358 460 961

1261 396 1534 457 SPURIA.
1572 428 1643 439 —
1679 394 1997 452 CANONES
2035 391 2525 451 ALEXANDRINI.

3404 392 3510 448 96").

262 516 408 586 quod
434 517 489 571 in
522 516 641 586 ipso
661 515 1060 581 manducatur;
1083 521 1136 569 et
1159 512 1423 584 decoqui
1456 526 1682 584 peregre
1703 526 1834 567 con-
1865 515 1914 573 Α
2010 509 2196 564 Canon
2235 509 2540 564 tricesimus
2567 509 2856 563 secundus.
2905 505 2980 562 De
3011 505 3310 576 virginibus
3345 515 3398 561 et
3429 508 3508 561 vi-

263 607 485 662 stitutus
517 606 692 660 nescit
722 613 927 659 textum
953 602 1409 676 (Kalendarium).

335 685 525 752 Canon
553 696 844 752 vicesimus
890 696 1103 751 tertius.
1146 694 1222 750 De
1254 695 1527 760 doctrina,
1571 692 1715 764 quod
1761 693 1832 747 sit

262 796 522 857 perpetua
555 787 752 858 (major
787 787 950 858 mari)
985 797 1040 843 et
1070 787 1304 844 debeant
1331 788 1495 842 verba
1518 786 1638 857 ejus
1665 773 1832 856 opere

264 877 545 947 compleri.

334 971 520 1025 Canon
549 971 840 1027 vicesimus
864 977 1114 1040 quartus.
1158 970 1233 1027 De
1258 971 1496 1042 episcopi
1526 969 1834 1025 visitatione

264 1074 624 1132 aegrotorum;
667 1073 723 1119 et
768 1064 816 1120 si
862 1065 1098 1120 oraverit
1137 1064 1388 1119 inﬁrmus
1426 1065 1481 1118 in
1519 1063 1748 1118 ecclesia
1781 1073 1835 1117 et

267 1153 463 1209 habeat
493 1155 736 1219 domum,
771 1156 995 1210 accedat
1025 1156 1093 1211 ad
1123 1171 1270 1211 eum.

337 1245 521 1301 Canon
551 1247 844 1303 vicesimus
873 1249 1122 1318 quintus.
1172 1250 1248 1304 De
1290 1256 1641 1320 procuratore
1685 1247 1836 1302 infir-

268 1350 478 1390 morum
511 1338 829 1402 constituto,
859 1348 912 1394 et
936 1338 1214 1409 episcopo,
1241 1349 1297 1394 et
1337 1339 1673 1410 temporibus
1706 1355 1833 1394 ora-

265 1428 450 1482 tionis.

338 1519 522 1574 Canon
556 1520 849 1577 vicesimus
891 1531 1096 1578 sextus.
1145 1522 1220 1578 De
1268 1523 1546 1579 auditione
1590 1524 1741 1579 verbi
1777 1522 1832 1576 in

266 1610 497 1664 ecclesia
532 1617 585 1664 et
613 1610 860 1666 oratione
885 1611 940 1665 in
966 1627 1049 1666 ea.

338 1701 526 1756 Canon
562 1702 854 1759 vicesimus
897 1703 1181 1772 septimus.
1231 1703 1305 1758 De
1346 1719 1412 1760 eo
1453 1705 1546 1775 qui
1597 1707 1836 1776 quotidie

268 1809 376 1847 non
419 1794 627 1848 accedit
657 1795 724 1848 ad
761 1795 1070 1862 ecclesiam;
1114 1796 1256 1866 legat
1291 1796 1491 1862 libros;
1528 1805 1583 1852 et
1611 1798 1678 1852 de
1711 1813 1837 1851 ora-

269 1885 415 1938 tione
448 1884 640 1938 media:
669 1886 868 1952 noctis,
900 1894 953 1940 et
985 1886 1279 1956 gallicinio,
1309 1895 1363 1941 et
1399 1887 1678 1942 ablutione
1715 1903 1834 1942 ma—

267 1989 438 2026 nuum
466 1981 706 2044 tempore
735 1975 1028 2044 cujuslibet
1051 1976 1335 2031 orationis.

338 2063 526 2120 Canon
558 2065 848 2122 vicesimus
874 2075 1117 2122 octavus.
1141 2065 1294 2133 Quod
1326 2083 1482 2123 nemo
1501 2069 1836 2124 credentium

271 2157 564 2228 quidquam
604 2168 812 2228 gustet,
856 2160 963 2215 nisi
1000 2170 1286 2230 postquam
1340 2163 1640 2232 perceperit
1683 2177 1837 2217 sacra

271 2251 548 2320 mysteria,
582 2252 879 2321 praesertim
906 2253 1098 2308 diebus
1119 2253 1334 2323 jejunii.

343 2342 528 2397 Canon
560 2345 852 2400 vicesimus
884 2362 1079 2401 nonus.
1116 2345 1191 2400 De
1230 2345 1475 2400 custodia
1502 2346 1836 2401 oblationum

271 2451 392 2505 qua:
429 2451 591 2506 super
623 2437 794 2493 altare
830 2446 958 2493 sunt
988 2438 1283 2508 impositae;
1316 2453 1382 2492 ne
1417 2437 1710 2508 quidquam
1739 2439 1836 2493 de-

272 2528 416 2582 cidat
453 2528 508 2582 in
539 2540 784 2584 sanctum
817 2531 1061 2594 calicem,
1101 2537 1156 2584 et
1184 2545 1251 2584 nc
1287 2529 1582 2600 quidquam
1627 2530 1840 2585 decidat

273 2633 302 2670 a
333 2618 724 2684 sacerdotibus,
755 2634 931 2690 neque
958 2635 1025 2675 ex
1053 2619 1236 2690 pueris
1271 2619 1362 2673 ubi
1399 2621 1837 2676 communionem

272 2709 650 2778 perceperint:
679 2727 746 2766 ne
776 2711 1085 2767 dominetur
1112 2713 1191 2768 eis
1233 2713 1454 2783 spiritus
1493 2729 1748 2784 nequam,
1785 2725 1839 2770 et

274 2815 342 2853 ne
382 2801 634 2868 loquatur
683 2801 950 2870 quispiam
997 2803 1051 2856 in
1103 2804 1437 2872 protectione
1485 2805 1837 2874 (sanctuario)

275 2891 379 2943 nisi
412 2891 713 2946 orationem
739 2893 994 2958 dicendo;
1031 2902 1082 2949 et
1108 2897 1199 2950 ubi
1241 2894 1497 2950 desinunt
1537 2896 1838 2952 oblationes

272 2981 454 3050 p0puli
482 2981 726 3052 legantur
749 2982 952 3040 Psalmi
991 2984 1197 3056 (ubique
1244 2987 1356 3040 loco
1388 2985 1635 3040 Calvaria
1662 2996 1709 3041 et
1744 3004 1838 3057 pro

271 3076 660 3145 consignatione
693 3078 865 3131 crucis
889 3089 935 3131 et
962 3078 1276 3148 projectione
1297 3077 1523 3148 pulveris
1554 3078 1745 3133 altaris
1784 3080 1841 3133 in

1931 599 2054 656 duis
2086 609 2143 654 ut
2168 610 2326 656 orent
2357 612 2412 656 et
2436 601 2685 670 jejunent
2713 599 2765 653 in
2796 599 3046 654 ecclesia.
3076 598 3245 667 _Clero
3283 598 3508 668 ascripti

1932 699 2089 746 orent
2115 706 2215 760 pro
2243 706 2342 745 suo
2371 691 2616 745 arbitrio.
2649 689 2948 760 Episcopus
2983 705 3090 744 non
3121 690 3389 760 obligetur
3423 689 3508 758 je-

1927 781 2082 853 junio
2113 782 2217 838 nisi
2255 797 2378 836 cum
2414 782 2578 836 clero.
2621 779 2694 834 Et
2730 790 2939 851 propter
2965 781 3255 834 convivium
3285 790 3376 834 aut
3408 796 3510 834 cae-

1934 890 2055 927 nam
2081 882 2342 942 prwparet
2376 889 2469 943 pro
2507 873 2822 942 pauperibus
2848 873 2932 944 (ac
2967 873 3028 925 de
3054 887 3233 925 mensa
3257 871 3508 941 pauperi-

1935 965 2029 1019 bus
2059 965 2345 1035 paranda).

2003 1057 2189 1110 Canon
2217 1055 2526 1110 tricesimus
2551 1055 2762 1112 tertius.
2793 1054 2867 1108 De
2895 1053 3164 1107 Atalmsas
3188 1051 3508 1122 (oblatione)

1934 1166 2096 1220 quam
2128 1160 2333 1220 ponent
2366 1165 2466 1220 pro
2515 1150 2599 1204 his
2633 1149 2725 1219 qui
2764 1149 2965 1203 mortui
3009 1155 3155 1210 sunt,
3205 1162 3272 1201 nc
3317 1146 3372 1202 id
3417 1147 3512 1202 ﬁat

1935 1242 2217 1296 Dominica
2246 1243 2352 1296 die.

2004 1335 2189 1389 Canon
2217 1333 2541 1404 jtriccsimus
2573 1340 2817 1402 quartus.
2867 1329 2942 1384 Ne
2979 1329 3104 1400 quis
3151 1330 3380 1384 multum
3420 1331 3507 1385 lo-

1935 1437 2154 1496 quatur,
2185 1441 2361 1496 neque
2384 1425 2675 1480 clamorem
2702 1424 2845 1488 edat,
2885 1433 2937 1476 ct
2967 1423 3034 1477 de
3066 1429 3380 1477 sanctorum
3415 1423 3508 1477 in-

1936 1535 2126 1590 gressu
2159 1518 2213 1573 in
2246 1519 2559 1573 mansiones
2589 1517 2850 1571 ﬁdelium.

2003 1611 2190 1666 Canon
2227 1611 2538 1667 tricesimus
2572 1610 2815 1680 quintus.
2871 1608 2944 1663 De
2988 1608 3218 1663 diacono
3249 1619 3514 1678 prmsente

1938 1709 1990 1763 in
2041 1709 2326 1777 convivio,
2371 1709 2424 1762 in
2477 1723 2586 1779 quo
2633 1708 2774 1762 adsit
2814 1709 3128 1778 presbyter;
3169 1708 3340 1762 vicem
3394 1707 3514 1777 ejus

1939 1809 2088 1868 gerat
2116 1800 2168 1853 in
2201 1799 2447 1854 oratione
2478 1809 2532 1854 et
2578 1798 2842 1854 fractione
2877 1801 3035 1869 panis
3067 1799 3133 1852 ad
3175 1797 3513 1853 benedictio-

1939 1904 2095 1956 nem,
2126 1897 2180 1944 ct
2223 1904 2330 1945 non
2373 1889 2441 1944 ad
2472 1904 2703 1959 corpus;
2749 1890 2924 1960 deque
2962 1887 3281 1943 dimissione
3321 1888 3514 1941 vidua-

1937 1997 2081 2038 rum.

2006 2072 2196 2128 Canon
2225 2073 2536 2130 tricesimus
2581 2084 2788 2132 sextus.
2835 2072 2910 2128 De
2943 2072 3201 2143 primitiis
3236 2070 3511 2127 fructuum

1936 2175 2114 2230 terrm,
2143 2173 2196 2220 et
2218 2167 2547 2252 primo’voto
2579 2181 2792 2232 eorum,
2839 2178 2892 2222 et
2936 2165 3324 2228 torcularibus,
3373 2165 3513 2228 cleo,

1937 2257 2115 2320 melle,
2149 2255 2310 2322 lacte,
2339 2258 2464 2313 lana
2498 2267 2551 2313 et
2583 2257 2874 2322 similibus,
2907 2272 3028 2327 quae
3062 2256 3320 2326 episc0po
3346 2256 3514 2311 bene-

1937 2348 2165 2404 dicenda
2187 2349 2506 2404 offerantur.

2008 2439 2198 2494 Canon
2255 2440 2567 2495 tricesimus
2613 2439 2899 2509 septimus.
2956 2438 3181 2504 Quoties
3229 2437 3516 2506 cpiscopus
3589 2483 3599 2493 .

1939 2531 2169 2602 percipit
2193 2531 2258 2586 de
2294 2531 2566 2604 mysteriis
2599 2533 2827 2594 sanctis,
2866 2539 3263 2600 congregemur
3295 2529 3512 2582 diaconi

1939 2631 1994 2678 et
2037 2624 2339 2694 presbyteri
2389 2623 2559 2678 induti
2619 2623 2862 2678 vestibus
2910 2623 3047 2678 albis
3095 2620 3358 2692 speciosis
3405 2636 3518 2690 pra:

1940 2715 2089 2770 omni
2119 2715 2339 2785 populo,
2370 2723 2424 2769 et
2454 2714 2704 2770 similiter
2729 2724 3078 2784 anagnostes.

2011 2807 2198 2862 Canon
2229 2807 2540 2863 tricesimus
2582 2816 2829 2862 octavus.
2865 2805 2939 2860 De
2965 2814 3126 2862 nocte
3155 2807 3206 2859 in
3255 2821 3360 2875 qua
3395 2820 3518 2859 sur-

1944 2898 2087 2952 rexit
2110 2897 2174 2952 D.
2200 2897 2265 2952 N.
2293 2897 2452 2954 Jesus
2486 2898 2758 2954 Christus.
2801 2897 2878 2953 Ne
2911 2899 3054 2952 ullus
3084 2913 3146 2952 ea
3188 2907 3346 2951 nocte
3386 2897 3516 2950 dor-

1943 2987 2076 3041 miat
2100 2996 2154 3042 et
2184 3003 2324 3058 aqua
2377 3005 2435 3043 se
2484 2989 2701 3056 abluat;
2751 2997 2804 3043 et
2856 2989 3124 3058 expositio
3175 2987 3423 3056 hujusce,
3463 2994 3518 3040 et

1943 3080 2208 3150 expositio
2238 3081 2305 3136 de
2343 3081 2436 3137 illo
2469 3082 2561 3152 qui
2593 3092 2715 3153 post
2741 3081 3074 3169 Baptismtttn
3102 3091 3311 3152 peccat,
3341 3084 3515 3150 deque

269 3170 525 3240 piscinam
550 3185 570 3224 :
597 3171 668 3226 ita
707 3173 776 3227 cl.
814 3173 1126 3244 =interpres,
1167 3174 1348 3243 potius
1393 3173 1678 3245 verterem)
1725 3191 1842 3228 cum
1868 3194 1911 3252 ο
1944 3172 2104 3228 licitis
2145 3183 2200 3228 ct
2236 3174 2460 3229 illicitis.

270 3261 411 3314 omni
443 3264 728 3317 attentione
757 3280 918 3334 usque
947 3266 1015 3318 ad
1037 3265 1244 3336 signum
1267 3265 1494 3320 crotali:
1521 3283 1582 3319 ac
1604 3265 1668 3320 de
1689 3265 1836 3336 signo

271 3354 440 3408 crucis
463 3363 511 3408 et
532 3355 850 3424 projectione
879 3356 1128 3426 pulveris,
1165 3366 1269 3413 etc.

339 3443 526 3501 Canon
551 3447 879 3504 tricesimus.
906 3449 980 3506 Dc
1003 3452 1425 3515 catcchumenis,
1456 3469 1517 3509 ac
1545 3453 1832 3509 similibus.

338 3537 527 3594 Canon
557 3541 866 3597 tricesimus
897 3542 1124 3612 primus.
1153 3544 1225 3600 De
1247 3545 1499 3616 episcopo
1523 3555 1575 3601 et
1611 3548 1836 3619 presby-

272 3640 386 3684 tero
419 3631 808 3702 imperantibus
847 3634 1071 3691 diaccnc
1116 3644 1176 3690 ut
1218 3635 1660 3692 communionem
1705 3653 1835 3708 por-

268 3723 428 3794 rigat.

292 3944 528 3962 ﬂ

2016 3268 2328 3339 Expliciunt
2355 3268 2592 3324 Canones
2621 3267 2680 3322 S.
2706 3268 3025 3337 patriarcha:
3058 3265 3334 3337 Hippolyti
3360 3266 3517 3336 primi

1942 3362 2263 3431 patriarcha:
2305 3359 2452 3416 urbis
2491 3376 2696 3429 magna:
2735 3359 2931 3422 Romae,
2964 3376 3092 3429 quos
3129 3361 3438 3427 composuit,
3467 3368 3514 3411 et

1944 3470 2188 3507 numerus
2215 3470 2393 3507 eorum
2426 3463 2501 3508 cst
2523 3450 2784 3506 XXXVIII
2811 3452 3104 3506 Canonum.
3135 3450 3270 3504 Deus
3299 3467 3389 3504 nos
3422 3450 3516 3503 ad-

1938 3546 2082 3614 juvet
2113 3547 2181 3600 ad
2211 3563 2296 3600 eos
2326 3547 2702 3617 exsequendas.
2752 3544 2819 3598 Et
2858 3544 2966 3597 Deo
3013 3543 3183 3614 gloria
3218 3559 3436 3612 semper,
3467 3552 3515 3596 et

1943 3655 2098 3710 super
2132 3656 2224 3693 nos
2251 3639 2618 3693 misericordia
2647 3637 2761 3710 ejus
2796 3641 2850 3692 in
2880 3637 3151 3692 saeculum.
3185 3635 3368 3689 Amen.

1147 4114 1811 4228 ANONYMI
1897 4115 2632 4297 CUJUSDAM

606 4333 733 4407 Qui
785 4333 907 4397 sub
951 4333 1316 4398 Alexandro
1349 4335 1736 4414 imperatore
1771 4335 2038 4402 vixisse.
2070 4353 2242 4399 anno
2299 4335 2533 4399 Christi
2583 4335 2726 4410 236,
2779 4331 3154 4412 perhibetur

1535 4517 2245 4610 CHRONICON

1098 4709 1369 4769 SANCTO
1401 4710 1785 4769 HIPPOLYTO
1816 4711 2208 4769 PORTUENSI
2240 4711 2700 4769 SUPPOSITUM.

1215 4872 1379 4936 (Vide
1418 4873 1743 4945 Patrologia:
1787 4874 1997 4930 Latime
2024 4826 2155 4930 tom.
2185 4872 2274 4939 IlI,
2304 4873 2410 4931 col.
2438 4866 2592 4938 657.)

268 5247 642 5322 Fragmenta
673 5239 805 5322 sub
845 5240 1105 5322 nomine
1163 5239 1872 5322 Hippoly_ti_Junioris_,
1937 5238 2262 5322 Thebani,
2335 5235 2665 5322 sreculix
2717 5243 3014 5322 auctore,
3091 5232 3170 5294 ab
3239 5231 3502 5292 Alberto

621 5319 918 5382 Fabricio
957 5315 1541 5400 congestafordini
1584 5318 2038 5398 chronologico
2085 5319 2480 5381 adhaerentes
2505 5359 2523 5392 ,
2561 5315 2667 5377 hic
2706 5315 3082 5377 omittimus.

271 5529 3482 5574 _______________________________________._..

271 5655 532 5719 Librum
576 5627 682 5720 cui
733 5654 1002 5720 titulus:
1029 5653 1623 5733 Philosophumena,
1659 5652 1926 5732 Origeni
1966 5653 2242 5733 primum
2273 5652 2388 5733 ,‘S.
2421 5647 2777 5728 Hippolyto
2805 5653 3024 5726 postea
3054 5639 3502 5720 suppositum,

1211 5709 1478 5796 sagas;
1488 5709 1634 5795 ’ἰέἶὲ
1640 5709 1816 5812 υἱ)ἔὲ
1815 5709 1955 5794 dice
1966 5709 2289 5794 ᾜῖεὲεἷιὶ
2292 5709 2357 5791 1⁸ιῖ
2364 5709 2548 5792 ὼῖτῗ.
