4090 6390
628 425 3861 458 W

1284 638 1493 849 s.
1684 632 3217 913 GBEGOBIUS

1062 1036 2451 1170 NEOCZESARIENSIS
2581 970 3507 1169 EPISCOPUS.

1573 1322 1913 1386 COGNOM
1925 1321 2134 1385 ENTO
2184 1320 2875 1387 THAUMATURGUS.

1201 1772 1717 1868 NOTITIA
1789 1770 3265 1868 HISTORICO-LITTERABIA

1502 2009 1793 2074 (GALLAND.,
1823 2011 1932 2061 Vel.
1958 2010 2099 2059 Patr.
2129 2006 2378 2072 Bibliolh.,
2402 1972 2493 2073 in,
2516 2010 2738 2074 Proleg.,
2760 2024 2810 2075 p.
2836 2012 2981 2075 xxv.)

605 2207 647 2263 l.
692 2207 997 2288 Gregorius,
1041 2216 1195 2288 anteq
1224 2204 1559 2288 Theodorus,
1591 2203 1791 2288 Graacis
1826 2204 2179 2287 Romanisque
2211 2209 2258 2268 Α
2286 2203 2489 2258 moniis
2531 2218 2653 2273 quae
2702 2203 2848 2260 illius
2890 2201 3158 2274 Operibus
3201 2205 3586 2276 praemisimus,
3628 2215 3743 2262 tum
3792 2222 3871 2263 cx

677 2275 972 2347 disciplinis
1041 2276 1323 2340 excultus,
1387 2277 1659 2345 episcopus
1728 2275 2178 2330 Neocwsariensis

676 2358 1033 2403 consecratur.
1065 2348 1180 2412 Quo
1215 2359 1441 2417 tempore
1464 2362 1763 2417 supremum
1793 2347 1932 2400 diem
1969 2347 2176 2400 abierit.

674 2486 909 2543 Sanctus
959 2484 1292 2556 Gregorius,
1355 2492 1513 2539 antea
1567 2482 1892 2540 Theodorus
1968 2483 2175 2545 dictus.

601 2579 937 2648 prmnomine
976 2577 1228 2650 Magnus,
1256 2579 1469 2650 primus
1507 2575 1874 2634 Neocaesareae
1920 2577 1975 2631 in
2006 2575 2180 2632 Ponto

600 2670 891 2740 episcopus
946 2670 1083 2738 fuit,
1139 2689 1158 2723 α
1200 2671 1271 2727 ob
1317 2672 1470 2743 signa
1523 2680 1688 2741 atque
1746 2669 2011 2725 miracula
2054 2685 2177 2739 qum

598 2776 726 2816 cum
764 2760 934 2816 multa
964 2760 1333 2818 Ecclesiarum
1367 2760 1922 2834 gloria‘perpetravit,
1955 2779 1975 2813 ι
2009 2770 2071 2814 ut
2100 2759 2177 2814 ait

597 2848 963 2923 Hieronymus
1009 2851 1121 2922 (1),
1171 2849 1599 2921 Thaumaturgus
1649 2852 1970 2922 appellatus.
2019 2849 2177 2907 Hunc

598 2941 828 3011 ejusque
880 2940 1104 2996 fratrem
1141 2939 1577 3023 Athenodorum,
1625 2940 1861 2997 Eusebio
1907 2951 2042 2997 teste
2072 2940 2173 3013 (‘2),

596 3033 802 3089 Graecis
825 3031 1199 3102 Romanisque
1226 3024 1555 3103 ‘disciplinis
1604 3034 1873 3102 excultos,
1912 3032 2174 3104 Origenes

594 3126 859 3183 Caesareae
894 3127 949 3180 in
979 3125 1268 3181 Palaestina
1314 3126 1508 3197 primis
1538 3126 1663 3181 ﬁdei
1699 3125 2024 3182 rudimentis
2064 3125 2170 3178 im-

595 3218 790 3287 buens,
820 3221 888 3274 ad
919 3235 1106 3275 rerum
1130 3220 1440 3275 divinarum
1469 3219 1877 3276 meditationem
1907 3218 2168 3273 traduxit.

594 3312 798 3384 Elapso
832 3313 1213 3384 quinquennio
1252 3312 1306 3366 in
1336 3312 1569 3383 patriam
1601 3327 1855 3368 reversus
1877 3309 2173 3382 Gregorius

592 3405 739 3460 circa
772 3420 977 3459 annum
1006 3403 1213 3459 Christi
1240 3403 1368 3468 239,
1404 3403 1552 3458 haud
1588 3403 1763 3458 multo
1796 3410 1942 3472 post,
1967 3401 2171 3456 invitus

591 3497 740 3558 licet,
796 3510 827 3548 a
870 3493 1148 3549 Pluedimo
1198 3494 1446 3550 Amaseze
1514 3496 1746 3565 praesule
1815 3501 2170 3549 consecratur

595 3587 912 3657 episcopus;
959 3601 1070 3641 non
1110 3585 1350 3657 quidem,
1391 3598 1451 3642 ut
1486 3586 1738 3641 nonnulli
1777 3585 1983 3652 dixere,
2024 3586 2168 3641 nuda

592 3683 649 3735 in
702 3680 979 3734 absentem
1032 3679 1225 3750 procul
1268 3678 1438 3735 divini
1485 3676 1741 3734 Numinis
1788 3676 2164 3744 invocatione,

590 3772 685 3827 sed
727 3770 956 3826 solemni
1009 3785 1268 3825 manuum
1321 3769 1710 3840 impositione,
1757 3769 1975 3824 πάντων
2027 3769 2167 3840 μετὰ

589 3865 761 3924 ταῦτα
788 3865 896 3919 τῶν
922 3864 1172 3937 νομίμων
1197 3864 1284 3920 ἐπ’
1312 3864 1462 3936 αὐτῷ
1494 3863 1873 3932 τελεσθέντων,
1934 3882 1955 3917 ι
1989 3866 2166 3921 omni—

587 3960 693 4014 bus
743 3966 929 4029 postea
980 3959 1035 4013 in
1077 3972 1144 4013 eo
1186 3958 1423 4027 peractis
1482 3972 1605 4028 quae
1653 3956 1913 4014 Ecclesia:
1969 3957 2165 4014 ritibus

586 4053 1055 4123 praescribuntur,
1088 4069 1108 4101 ι
1166 4049 1244 4104 ait
1294 4050 1498 4104 diserte
1549 4049 1606 4103 in
1650 4050 1774 4118 ejus
1800 4047 1925 4104 Vita
1964 4046 2164 4122 Nysse—

586 4160 693 4199 nus
718 4144 818 4215 (5),
854 4151 915 4197 ut
951 4143 1057 4197 rite
1097 4140 1329 4196 advertit
1363 4140 1433 4195 cl.
1474 4138 1805 4211 Lequienius
1828 4139 1927 4212 (4).
1974 4138 2164 4196 Eccle-

584 4236 723 4291 siam
781 4235 965 4306 itaque
1020 4234 1125 4290 sibi
1180 4233 1533 4290 commissam
1596 4231 1788 4290 sedulo
1849 4232 2030 4288 studio
2097 4248 2163 4290 ae

585 4345 800 4385 summa
827 4327 1192 4385 sollicitudine
1212 4326 1470 4397 pastorali
1495 4325 1803 4382 diutissime
1817 4325 2157 4396 gubernavit,

584 4426 648 4471 ut
673 4425 905 4473 testatur
942 4424 1166 4472 sanctus
1190 4414 1434 4471 Basilius
1463 4414 1565 4485 (5),
1599 4412 1834 4471 Eusebio
1874 4424 2161 4487 propterea

584 4511 764 4565 dictus
811 4509 888 4581 (6)
936 4527 956 4561 ί
989 4511 1372 4579 episcoporum
1430 4517 1621 4563 nostra
1672 4515 1831 4563 aetate
1875 4507 2162 4564 celeberri-

583 4620 709 4660 mus
731 4643 745 4666 ,
786 4623 805 4655 ι
845 4605 874 4657 ὁ
901 4601 1021 4656 καθ’
1051 4603 1200 4673 ἡμᾶς
1226 4600 1542 4657 ἐπισκόπων
1570 4600 1875 4673 διαϐόητος.
1908 4599 2012 4667 Qui
2035 4608 2158 4656 tan-

583 4702 706 4753 dem
741 4697 808 4751 ad
840 4705 1079 4751 extrema
1110 4696 1421 4762 deveniens,
1449 4708 1575 4750 cum
1607 4692 1801 4750 fuisset
1826 4693 2155 4761 sciscitatus,

581 4799 718 4863 quot
738 4790 917 4846 adhuc
948 4790 1002 4844 in
1033 4789 1170 4845 urbe
1199 4789 1473 4845 idolorum
1498 4788 1737 4844 cultores
1775 4796 2152 4858 superessent;

2283 2294 2457 2366 ipsius
2473 2293 2596 2350 Vita
2624 2310 2721 2367 per
2751 2295 2812 2352 S.
2844 2297 3164 2368 Gregorium
3193 2296 3744 2371 Nyss.scripta.tQuo
3769 2319 3874 2357 au-

2281 2396 2390 2442 tem
2440 2400 2585 2443 anno
2625 2402 2942 2457 supremum
2971 2390 3113 2444 diem
3154 2390 3356 2447 obierit
3389 2401 3612 2449 sanctus
3635 2395 3869 2463 praesul,

2281 2494 2391 2535 non
2420 2480 2612 2551 liquet.
2642 2478 2779 2536 Illud
2801 2488 3011 2539 tantum
3027 2497 3095 2538 ex
3125 2481 3358 2540 Eusebio
3380 2493 3724 2555 perspectum
3759 2486 3873 2541 ha-

2280 2572 2474 2628 bemus
2507 2573 2607 2643 (8),
2663 2578 2845 2644 ipsum
2900 2573 3043 2629 inter
3089 2589 3185 2632 eos
3210 2575 3404 2632 Patres
3450 2578 3680 2633 maxime
3723 2581 3871 2632 emi-

2279 2665 2478 2727 nuisse,
2506 2665 2601 2735 qui
2638 2666 2710 2721 ob
2736 2664 2891 2721 Pauli
2919 2664 3261 2723 Samosateni
3287 2668 3541 2723 haeresim
3582 2683 3728 2725 anno
3749 2669 3871 2725 264

2278 2756 2580 2813 Antiochiae
2608 2758 2840 2830 primum
2871 2767 3260 2815 convenerunt.
3294 2758 3451 2826 Quod
3490 2759 3537 2816 si
3582 2760 3715 2817 ﬁdes
3761 2762 3871 2816 ha-

2276 2848 2469 2904 beatur
2518 2851 2730 2906 auctori
2763 2849 2955 2906 Libelli
3005 2852 3247 2924 synodici
3294 2851 3630 2924 temporibus
3667 2850 3867 2908 Photii

2275 2931 2470 2998 litteris
2508 2943 2833 3015 consignati,
2865 2942 3162 3015 Gregorius
3199 2942 3658 3001 Neocaesariensis
3711 2944 3868 3001 inter

2276 3034 2529 3091 homines
2570 3036 2750 3092 adhuc
2785 3037 2978 3107 agebat
3010 3053 3155 3093 anno
3183 3036 3311 3102 270,
3344 3037 3544 3109 quippe
3570 3037 3665 3109 qui
3694 3037 3869 3095 alteri

2254 3118 2517 3184 'concilio
2541 3129 2882 3185 Antiocheno
2930 3129 3246 3185 interfuisse
3290 3129 3541 3201 dicatur,
3575 3145 3687 3202 quo
3728 3140 3869 3185 tan-

2199 3567 2242 3622 B

2274 3217 2396 3273 dem
2437 3217 2830 3277 Samosatenus
2897 3219 3179 3290 depositus
3226 3220 3623 3292 damnatusque
3679 3220 3871 3277 fuisse

2273 3310 2633 3380 pcrhibetur.‘
2659 3310 2751 3365 Sic
2780 3310 2927 3365 enim
2962 3308 3216 3381 Synodici
3246 3320 3437 3367 auctor
3473 3311 3588 3384 (9):
3627 3310 3869 3375 Σύνοδος

2274 3400 2393 3455 θεία
2424 3401 2519 3455 καὶ
2552 3402 2674 3475 ιερὰ
2701 3399 2920 3473 τοπικὴ,
2954 3403 3011 3458 ἐν
3043 3401 3346 3473 Ἀντιοχείᾳ
3375 3400 3867 3473 συναθροισθεῖσαο

2272 3488 2341 3567 ἦς
2382 3491 2607 3565 ἔξαρχος
2655 3490 2723 3567 ἦν
2769 3494 3015 3561 Ἕλενος,
3060 3498 3089 3548 ὁ
3116 3495 3339 3567 ,Ταρσοῦ
3385 3496 3782 3557 ἐπίσκοπος-η.
3829 3500 3872 3549 ὁ

2270 3584 2696 3659 Θαυματουργὸς
2719 3586 3040 3660 Γρηγόριος,
3055 3587 3389 3659 Καισαρείας
3410 3585 3635 3651 Πόντου,
3659 3601 3773 3639 κ.τ.
3796 3584 3864 3640 λ.

2277 3696 2295 3729 ε
2329 3676 2581 3748 Synodus
2618 3678 2801 3733 divina
2839 3688 2895 3735 et
2941 3695 3096 3736 sacra
3130 3679 3505 3751 provincialis,
3545 3678 3873 3734 Antiochiae

2268 3768 2544 3824 collecta:
2578 3769 2737 3840 cujus
2776 3784 2979 3839 praeses
3019 3779 3139 3826 erat
3167 3769 3406 3829 Helenus
3435 3769 3593 3826 Tarsi
3634 3768 3872 3839 episco-

2268 3862 2913 3932 pus;....miraculorum
2968 3862 3192 3919 ellectcr
3237 3862 3532 3934 Gregorius
3582 3861 3871 3921 Caesaer

2267 3953 2468 4023 Ponti,
2499 3965 2606 4011 etc.
2648 3975 2667 4006 ι
2734 3953 2911 4025 Hujus
2963 3965 3143 4011 tamen
3195 3956 3481 4026 scriptoris
3527 3957 3867 4023 sententiae,

2266 4048 2393 4106 licet
2433 4065 2496 4105 ea
2525 4050 2661 4104 viris
2692 4048 2923 4105 eruditis
2952 4051 3211 4118 probetur
3244 4049 3379 4121 (10),
3414 4051 3561 4107 haud
3589 4053 3868 4122 equidem

2265 4144 2443 4201 libens
2478 4143 2826 4199 accesserim.
2872 4141 3009 4197 Nam
3058 4144 3111 4197 in
3150 4142 3395 4213 epistolae
3438 4142 3711 4215 synodicae
3753 4144 3868 4201 in-

2265 4238 2580 4308 scriptione,
2617 4251 2782 4307 quam
2810 4235 2999 4293 Patres
3033 4236 3199 4306 hujus
3246 4236 3465 4292 concilii
3506 4238 3867 4309 scripserunt

2265 4332 2334 4386 ad
2358 4329 2678 4402 Dionysium
2710 4328 2972 4385 Romanae
3005 4328 3157 4385 urbis
3190 4327 3507 4407 episcopum
3547 4337 3601 4385 et
3633 4330 3702 4385 ad
3726 4328 3868 4388 Ma—

2261 4423 2471 4479 ximum
2500 4421 2933 4478 Alexandrinum
2977 4420 3132 4494 (11),
3185 4429 3312 4476 cum
3364 4422 3676 4492 complures
3723 4427 3868 4495 epi-

2262 4513 2414 4584 scopi
2459 4521 2586 4585 post
2621 4511 2883 4568 Helenum
2913 4510 3243 4567 Tarsensem
3277 4512 3648 4580 nominentur,
3701 4530 3864 4572 nus-

2260 4605 2408 4675 piam
2442 4610 2723 4673 comparet
2736 4610 2923 4658 noster
2938 4600 3262 4672 Gregorius:
3278 4603 3646 4660 nominandus
3670 4605 3868 4662 enim-

2260 4711 2393 4752 vero
2416 4695 2465 4750 si
2489 4695 2709 4751 demum
2742 4690 3039 4757 adfuisset;
3074 4691 3170 4762 qui
3198 4693 3456 4748 nimirum
3486 4694 3627 4751 inter
3646 4694 3865 4756 Patres

2261 4787 2555 4844 anterioris
2586 4786 2805 4842 concilii
2826 4784 3153 4840 Antiocheni
3183 4787 3416 4840 maxime
3435 4787 3684 4844 enituisse
3708 4804 3865 4849 nar-

581 4885 678 4939 ubi
723 4881 977 4953 cognovit
1010 4896 1121 4936 non
1153 4881 1338 4951 plures
1375 4896 1499 4938 esse
1539 4896 1704 4950 quam
1745 4880 2152 4950 septemdecim,

2269 4896 2432 4944 retur.
2479 4885 2640 4953 Quod
2674 4893 2858 4940 autem
2905 4897 3196 4941 censemus
3245 4884 3313 4939 de
3359 4883 3550 4938 Libelli
3593 4885 3863 4956 synodici

580 4976 696 5033 Deo
719 4976 924 5047 gratias
953 4990 1154 5045 agens:
1180 4993 1200 5027 ι
1236 4973 1482 5029 Totidem
1507 4974 1749 5045 quidem,
1771 4973 1969 5043 inquit,
1996 4971 2157 5028 Chri-

578 5071 651 5127 sti
690 5070 851 5125 ﬁdem
889 5068 1304 5140 proﬁtebantur,
1350 5082 1461 5138 quo
1502 5077 1748 5138 tempore
1791 5067 1935 5124 hanc
1958 5066 2149 5123 Eccle-

2265 4989 2509 5045 auctore,
2531 4978 2674 5034 idem
2708 4976 3122 5048 intelligendum
3156 4976 3536 5034 existimamus
3570 4978 3637 5033 de
3658 4977 3863 5035 Theo-

2257 5073 2397 5129 doro
2425 5070 2779 5137 Balsamone,
2811 5069 2904 5139 qui
2933 5067 3163 5124 Paulum
3192 5069 3613 5125 Samosatenum
3646 5085 3677 5126 a
3699 5070 3857 5129 Gre-

579 5164 718 5218 siam
774 5161 1068 5233 regendam
1130 5160 1345 5230 suscepi
1396 5161 1497 5233 (7).
1542 5179 1561 5213 ι
1592 5158 1821 5230 Reliqua
1851 5160 1967 5229 ejus
2002 5167 2153 5229 gesta
2258 5164 2413 5237 goria
2444 5162 2857 5232 Thaumaturgo
2902 5160 3135 5231 aliisque
3179 5161 3352 5217 fuisse
3391 5161 3697 5231 depositum
3732 5173 3859 5222 tra-

578 5254 942 5327 praeterimus,
979 5252 1120 5308 infra
1151 5253 1441 5325 repetenda
1469 5269 1595 5308 cum
1619 5268 1684 5308 ex
1713 5260 1960 5309 veterum
1996 5254 2152 5309 testi-

766 5413 844 5469 De
872 5412 979 5469 vir.
1010 5413 1236 5481 illustr.,
1268 5429 1390 5484 cap.
1421 5413 1511 5468 65.

676 5415 697 5469 1
766 5415 844 5469 De
872 5415 979 5469 vir.
1010 5415 1236 5481 illustr.,
1268 5429 1390 5484 cap.
1421 5415 1511 5468 65.

648 5415 728 5556 (2;
768 5484 914 5556 11in.
942 5485 1101 5556 geel,
1136 5485 1342 5556 lilhu,
1374 5499 1494 5555 cap.
1529 5484 1616 5538 50.

676 5552 730 5624 5⁷)
780 5553 886 5625 Vit.
929 5552 1160 5624 S.Greg.
1189 5552 1590 5625 Thaqmq’cap.
1621 5554 1674 5608 8.

673 5626 727 5693 4)
768 5623 869 5695 ον.
899 5623 1123 5695 Christ.,
1151 5634 1287 5681 tom.
1317 5623 1360 5691 Ι,
1403 5623 1666 5695 βοείόοι.

648 5693 726 5765 (5)
764 5693 935 5765 Epist.
964 5694 1054 5750 64.
1136 5764 1141 5765 ί
1178 5764 1183 5765 ί
1405 5693 1421 5695 “
1483 5693 1498 5695 “
1761 5708 1779 5721 ·

673 5765 728 5836 6)
766 5764 916 5836 ilict.
948 5765 1101 5836 ccci,
1133 5764 1227 5836 lib.
1259 5780 1337 5836 vl,
1368 5781 1488 5835 cap.
1511 5765 1600 5823 '50.

673 5768 728 5836 6)
772 5768 916 5818 Hist.
948 5768 1101 5828 eccl.,
1133 5768 1227 5818 lib.
1259 5780 1337 5828 vt,
1368 5781 1488 5835 cap.
1511 5768 1600 5823 '50.

649 5768 728 5905 {7)
766 5833 997 5905 Nyssen.
1040 5834 1144 5890 Vit.
1184 5822 1414 5907 ἄσην.
1445 5836 1691 5906 Thaum.,
1723 5852 1841 5908 cap.
1876 5836 1945 5892 28

2259 5257 2339 5312 dit
2394 5255 2549 5328 (l2),
2613 5254 2894 5310 laudatum
2954 5253 3162 5323 scilicet
3215 5269 3549 5326 anonymum
3601 5254 3855 5315 fortasse

2335 5415 2390 5486 (8

2333 5488 2388 5557 (9

2258 5555 2399 5613 tom.
2426 5555 2519 5622 ΧῘ,

2325 5628 2437 5702 (10)
2451 5618 2731 5702 ΔΕειὲιεόῐιέ,
2752 5621 2971 5676 dissert.
2984 5618 3062 5675 De
3093 5620 3223 5677 culi.
3239 5622 3295 5681 Ι.
3312 5624 3374 5681 C.
3389 5642 3422 5680 a
3452 5624 3607 5699 Mag.
3619 5630 3846 5702 adhib.,

2251 5692 2639 5771 pag.426_,jnot.
2668 5692 2721 5748 8.

2322 5759 2434 5839 (ll)
2474 5766 2700 5839 Euseb,
2733 5761 2879 5839 Hist.
2910 5759 3062 5839 eccl.,
3094 5762 3187 5817 lib.
3222 5782 3319 5839 vn,
3359 5782 3478 5837 cap.
3506 5766 3597 5839 ἦρ,

2323 5831 2435 5910 (12)
2476 5836 2740 5901 Balsam.,
2773 5831 2959 5889 Schol.
2994 5831 3048 5886 in
3077 5848 3198 5890 can.
3228 5831 3312 5891 2i
3348 5831 3507 5897 conc.
3530 5833 3652 5889 Nic.

2456 5414 2605 5469 Hist.
2639 5409 2791 5478 eccl.,
2832 5408 2928 5464 lib.
2958 5425 3059 5481 vri,
3070 5425 3213 5481 cap.
3244 5409 3335 5481 ‘38.

2451 5483 2653 5557 Synod.
2689 5490 2817 5557 ηεξ,
2856 5495 2976 5551 cap.
3007 5479 3099 5548 27,
3137 5479 3281 5551 apud
3310 5479 3526 5537 Fabric.
3556 5480 3700 5538 Bibl.
3733 5480 3848 5541 Cr.

2549 5551 2827 5625 pag.l9§.
