4090 6372
315 367 417 422 965

1155 369 1212 423 S.
1253 367 1645 425 GRECORIUS
1683 363 2281 424 THAUMATURGUS.
2314 394 2385 406 -—-
2415 364 2711 422 NOTITIA.

3449 376 3552 431 900

313 490 636 539 assectatus.
694 479 894 538 Verum
960 482 1045 536 his
1104 483 1315 552 missis,
1377 486 1442 538 ad
1507 485 1679 539 sancti
1705 481 1882 536 Patris
1909 517 1956 575 Α
1985 482 2243 550 positione
2285 480 2547 544 recitatis,
2588 480 2768 549 priore
2812 480 2932 536 loco
2975 482 3138 538 citato
3187 483 3300 540 haec
3335 487 3548 544 subdit:

315 575 491 629 nostri
543 574 744 644 scripta
809 577 1041 632 breviter
1100 577 1428 632 recensenda
1484 591 1545 632 se
1596 581 1877 630 convertat

315 666 515 720 oratio.

316 754 751 826 ll.ﬁS.Gregorii
813 756 1090 826 Expositio
1159 758 1278 811 lidei
1344 759 1595 813 divinitus
1647 760 1872 814 dictata.

391 825 633 880 Veterum
684 825 993 881 testimoniis
1046 829 1353 882 authentica
1397 846 1507 884 esse
1544 830 1868 897 perhibetur.

382 943 527 995 Inter
571 941 786 1011 pietatis
836 955 899 996 ac
947 940 1206 997 doctrinae
1257 951 1628 1009 monumenta,
1655 940 1875 997 Neocae-

309 1035 542 1089 sariensi
569 1034 824 1090 Ecclesiae
855 1042 1110 1104 tanquam
1149 1036 1450 1106 pretiosum
1485 1037 1872 1106 patrimonium

307 1123 612 1193 aGregorio
641 1126 848 1188 relicta,
875 1127 997 1196 jure
1024 1142 1132 1197 prae
1163 1125 1418 1181 omnibus
1447 1126 1751 1181 celebratur
1780 1126 1872 1180 illa

307 1215 585 1285 Expositio
646 1217 802 1284 ﬁdei,
859 1233 1024 1287 quam
1072 1217 1157 1271 vir
1207 1217 1563 1272 admirandus
1613 1217 1874 1273 divinitus

293 1307 560 1361 dictatam
627 1309 874 1377 protinus
935 1309 1127 1364 litteris
1186 1308 1474 1364 mandasse
1538 1309 1868 1378 perhibetur.

302 1397 597 1468 Gregorius
623 1397 922 1469 Nyssenus,
945 1399 1040 1469 qui
1086 1415 1199 1454 rem
1249 1400 1302 1454 in
1343 1401 1461 1470 ejus
1490 1399 1612 1455 Vita
1643 1401 1872 1456 ﬁdeliter

300 1497 515 1555 narrat,
566 1491 766 1560 quique
811 1491 1019 1560 primus
1057 1491 1299 1546 omnium
1355 1492 1495 1547 idem
1546 1493 1669 1548 ﬁdei
1715 1492 1872 1566 Sym-

299 1583 488 1636 bolum
517 1583 801 1652 descripsit
826 1581 959 1654 (15),
989 1582 1054 1637 ad
1079 1583 1258 1652 ipsum
1291 1581 1681 1655 Thaumaturgi
1713 1586 1873 1640 αὐτό-

298 1691 510 1746 γραφον
543 1681 794 1743 provocat
827 1674 911 1728 his
945 1674 1126 1729 verbis
1159 1673 1268 1746 (M)
1298 1690 1310 1726 :
1349 1676 1416 1728 Et'
1442 1693 1525 1739 τις
1555 1675 1688 1746 τῷδε
1721 1678 1872 1746 φίλος

297 1767 432 1837 περὶ
490 1765 674 1820 τούτου
735 1765 1049 1837 πεισθῆναι,
1116 1765 1360 1818 ἀκουέτω
1394 1766 1489 1838 τῆς
1525 1767 1866 1839 Ἐκκλησίας,

1985 575 2080 636 Ὧς
2125 591 2207 636 τις
2239 572 2347 626 τῶν
2382 573 2564 645 μικρῷ
2613 573 2844 644 πρόσθεν
2897 573 3171 647 θεοφόρων
3228 579 3551 653 ἐφιλοσόφη-

1979 680 2106 718 cev:
2141 683 2159 716 ι
2194 662 2264 718 Ut
2286 663 2556 732 quispiam
2582 663 2768 717 divino
2801 666 3020 720 numine
3051 667 3261 723 alilatus
3292 671 3438 726 haud
3475 674 3549 730 ita

1975 755 2182 825 pridem
2253 754 2671 823 philosophatus
2716 763 2819 810 est.
2855 771 2874 804 ›
2945 753 3062 820 Qua
3114 773 3244 813 sane
3293 760 3552 830 loquendi

1976 845 2186 898 ratione
2217 845 2527 914 theologum
2560 845 2866 912 respexisse
2895 846 2963 900 ad
2991 844 3387 921 Thaumaturgi
3425 868 3553 922 apo-

1975 938 2257 1008 calypsim,
2307 952 2404 991 seu
2450 938 2515 991 ad
2550 937 2676 1006 ﬁdei
2712 936 3018 1006 Symbolum
3051 941 3267 996 cmlitus
3312 943 3415 1013 ipsi
3463 961 3550 1000 re-

1975 1029 2233 1095 velatum,
2260 1029 2418 1098 cujus
2450 1030 2613 1085 verba
2643 1031 2803 1100 paulo
2837 1040 2962 1085 ante
2991 1041 3304 1102 usurparat,
3340 1036 3552 1090 monuit

1975 1121 2104 1174 olim
2135 1120 2282 1177 Elias
2323 1120 2616 1189 Cretensis,
2654 1133 2714 1177 ut
2764 1135 2887 1193 post
2926 1124 3143 1179 Billium
3190 1127 3256 1181 ad
3291 1143 3415 1182 eum
3467 1129 3547 1184 lo-

1976 1225 2100 1266 cum
2132 1212 2547 1268 adnotabamus.
2575 1215 2655 1268 Ad
2681 1215 2795 1270 hase
2820 1215 3049 1272 Ruﬁnus
3069 1219 3314 1272 eamdem
3345 1218 3550 1290 Grego-

1975 1303 2184 1357 rianam
2212 1303 2614 1374 Expositionem
2648 1322 2712 1360 ex
2746 1306 3014 1378 Nysseno,
3052 1320 3110 1363 ut
3141 1310 3359 1380 quidem
3393 1319 3545 1381 puto,

1974 1397 2316 1476 desump‘tam
2367 1415 2480 1454 suae
2521 1401 2758 1455 versioni
2805 1401 3125 1458 Eusebianae
3159 1403 3417 1460 Historiw
3457 1407 3543 1460 in-

1973 1489 2147 1543 texuit
2188 1488 2322 1561 (18).
2383 1492 2562 1558 Ipsam
2633 1501 2890 1560 praeterea
2959 1503 3216 1564 tanquam
3272 1496 3546 1553 sincerum

1975 1577 2362 1650 'l‘baumaturgi
2412 1579 2579 1635 fetum
2631 1593 2970 1652 agnoverunt
3021 1583 3210 1639 Patres
3256 1586 3310 1640 in
3360 1590 3547 1657 quinta

1975 1671 2309 1725 «acumenica
2347 1672 2553 1742 synodo
2582 1674 2913 1743 congregati.
2942 1672 3146 1728 Omitto
3169 1672 3409 1730 Nicetam
3431 1676 3546 1745 (19)

1975 1763 2217 1834 aliosque
2279 1765 2571 1834 scriptores
2619 1764 2837 1821 Graecos
2906 1767 3049 1837 apud
3095 1767 3354 1824 Allatium
3406 1767 3544 1839 (20),

297 1861 360 1911 ὲν
391 1853 619 1930 ᾖταῦτα
663 1858 949 1928 ἐκήρυττε,
992 1858 1123 1928 παρ’
1150 1853 1230 1920 οἷς
1268 1857 1407 1911 αὐτὰ
1441 1858 1510 1911 τὰ
1544 1861 1868 1931 χαράγματα

1972 1855 2066 1926 qui
2103 1855 2348 1909 eamdem
2382 1855 2692 1910 laudarunt.

294 1951 402 2020 τῆς
433 1949 707 2021 μακαρίας
748 1949 959 2019 ἐκείνης
998 1949 1180 2020 χειρὸς
1211 1950 1380 2002 εἰσέτι
1418 1951 1512 2004 καὶ
1547 1951 1640 2004 νῦν
1674 1951 1869 2006 διασώ-

293 2041 475 2106 ζεται.
528 2042 584 2095 Id
626 2050 759 2096 est:
813 2060 830 2092 ι
865 2041 1020 2107 Quod
1069 2043 1114 2096 si
1163 2041 1285 2111 quis
1334 2042 1401 2096 de
1451 2043 1552 2099 hac
1604 2060 1660 2098 re
1708 2044 1866 2098 ﬁdem

296 2134 405 2188 sibi
436 2133 550 2186 ﬁeri
589 2135 760 2203 cupit,
803 2134 994 2188 audiat
1029 2133 1329 2188 Ecclesiam
1373 2134 1425 2187 in
1457 2151 1565 2204 qua
1595 2137 1696 2191 ista
1728 2152 1867 2205 prae.

295 2227 549 2293 dicabat;
619 2228 762 2297 apud
826 2242 990 2297 quam
1044 2242 1107 2281 ea
1162 2226 1280 2297 ipsa
1342 2227 1504 2282 verba
1557 2229 1710 2282 beata
1777 2229 1868 2283 illa

299 2334 466 2373 manu
510 2329 767 2384 exarata,
815 2336 962 2375 nunc
1000 2321 1162 2375 etiam
1209 2321 1386 2376 adhuc
1435 2331 1804 2377 asservantur.
1843 2340 1862 2373 ›

294 2411 572 2481 Additque
602 2410 1096 2466 Neocaesariensem
1136 2410 1434 2467 Ecclesiam
1483 2413 1548 2466 ad
1589 2428 1743 2468 suam
1775 2428 1868 2467 us-

293 2514 644 2574 quevtetatem
685 2507 738 2559 in
773 2521 834 2560 ea
869 2507 991 2559 ﬁdei
1033 2505 1384 2560 confessione
1435 2507 1761 2571 institutam,
1795 2506 1864 2561 ab

291 2595 447 2648 omni
512 2596 764 2650 haeretica
829 2597 1096 2666 pravitate
1157 2599 1414 2651 intactam
1479 2597 1862 2666 permansisse.

291 2683 354 2738 ld
407 2687 585 2755 ipsum
639 2695 868 2742 testatur
912 2687 1146 2742 Basilius
1197 2687 1422 2754 Magnus
1452 2687 1682 2759 Nysseni
1743 2702 1865 2756 ger-

293 2789 500 2830 manus
570 2775 772 2842 frater,
827 2775 1288 2832 Neocaesarienses
1342 2777 1654 2842 allocutus;
1706 2776 1865 2844 cujus

196 2887 198 2889 ’
289 2866 465 2920 verba
503 2876 741 2922 veterum
786 2867 1112 2922 testimoniis
1159 2869 1225 2922 de
1265 2867 1673 2938 Thaumaturgo
1730 2867 1866 2922 inle-

287 2959 414 3013 rius
444 2958 630 3013 relatis
675 2958 939 3022 addenda,
977 2959 1244 3028 ejusmodi
1278 2969 1407 3015 sunt
1437 2959 1549 3028 (15)
1578 2977 1590 3013 :
1625 2959 1865 3024 Πίστεως

283 3051 348 3104 δὲ
401 3051 501 3121 τῆς
540 3049 836 3122 ἡμετέρας,
871 3050 954 3114 τίς
1003 3051 1068 3104 ἂν
1119 3051 1214 3104 καὶ
1241 3052 1449 3118 γένοιτο
1500 3051 1864 3123 ὲναργεστέρα

284 3143 588 3209 ἀπόδειξις,
623 3144 654 3214 ἢ
687 3146 768 3197 ὃτι
798 3144 1092 3214 τραφέντες
1118 3147 1281 3216 ἡμεῖς
1316 3144 1419 3197 ὑπὸ
1442 3144 1595 3216 τίτθῃ
1621 3144 1862 3216 μακαρίᾳ

2043 1943 2175 2010 Quae
2206 1959 2330 1999 cum
2377 1944 2448 1998 ita
2482 1945 2608 2010 sint,
2647 1945 2761 2015 jam
2813 1948 2995 2004 nullus
3028 1949 3094 2003 de
3128 1948 3292 2019 hujus
3315 1949 3548 2020 Exposi-

1973 2037 2133 2090 tionis
2179 2037 2436 2108 αὑθεντίᾳ
2479 2037 2759 2092 dubitandi
2809 2037 2961 2093 locus
3003 2039 3348 2109 relinquitur.
3386 2040 3544 2106 Quod

1971 2128 2016 2182 si
2061 2128 2188 2198 quis
2224 2127 2445 2183 Eusebii
2491 2129 2768 2184 silentium
2831 2145 2894 2184 ac
2931 2127 3248 2200 Hieronymi
3296 2130 3541 2200 objiciet,

1969 2219 2114 2274 haud
2154 2221 2403 2290 equidem
2437 2220 2704 2276 aﬁirmare
2747 2221 2923 2276 ausim
2959 2222 3025 2276 de
3056 2222 3378 2278 Caesariensi
3423 2225 3542 2293 cpi--

1969 2325 2157 2378 scopo,
2211 2309 2388 2380 ipsum
2441 2320 2720 2380 propterea
2771 2309 3008 2380 Symboli
3067 2311 3192 2380 ﬁdei
3221 2311 3541 2382 Gregoriani
3617 2296 3624 2308 ’

1969 2398 2162 2452 nullibi
2204 2399 2531 2454 mentionem
2582 2400 2853 2469 injecisse,
2887 2402 3031 2471 quod
3068 2402 3200 2456 illud
3233 2403 3542 2482 essct'satis

1969 2497 2223 2545 accurata
2257 2491 2323 2546 de
2355 2491 2696 2546 sanctissima
2721 2492 2981 2547 Trinitate
3013 2495 3284 2565 ὁμοουσίῳ
3323 2497 3541 2564 exposi-

1968 2584 2044 2636 tio
2079 2599 2092 2634 :
2128 2583 2251 2637 licet
2300 2584 2604 2639 observarit
2654 2585 2782 2639 olim
2814 2583 3046 2640 Photius
3071 2587 3208 2657 (21),
3244 2586 3536 2644 Eusebium

1968 2673 2022 2728 in
2053 2689 2151 2730 sua
2180 2674 2418 2729 Historia
2448 2677 2858 2746 praetermittere
2901 2681 3251 2734 consuevisse
3281 2697 3540 2752 qumcun-

1967 2780 2074 2833 que
2116 2759 2447 2836 impietatem
2491 2768 2748 2821 Arianam
2790 2768 3108 2837 impugnare
3150 2779 3245 2823 aut
3296 2781 3540 2827 evertere

1966 2857 2298 2912 viderentur.
2352 2858 2432 2912 Ad
2467 2857 2854 2930 Hieronymum
2905 2867 3084 2914 autem
3127 2862 3271 2930 quod
3324 2865 3536 2931 attinet,

1966 2963 2125 3003 neruo
2177 2948 2351 3004 nescit
2402 2958 2652 3003 sanctum
2707 2949 2981 3004 doctorem
3037 2952 3090 3004 in
3142 2969 3244 3007 suo
3294 2954 3365 3008 De
3412 2941 3536 3010 viris

1966 3040 2264 3096 illustribus
2323 3041 2462 3096 libro
2521 3042 2811 3111 ipsummet
2854 3040 3148 3096 Eusebium
3217 3044 3537 3116 plerumque

1968 3135 2250 3191 assectari.
2294 3133 2555 3204 Quisquis
2607 3142 2867 3203 praeterea
2919 3136 3034 3189 sive
3071 3135 3366 3191 Eusebium
3420 3139 3535 3192 sive

280 3191 690 3309 γυναικῖιῖταρ1
725 3191 878 3307 ὑμιῖζν
905 3191 1208 3308 ἕορμηῐιέινῒῃ
1230 3191 1733 3309 ;’1)1ακρίνανήλέγω

1966 3227 2350 3298 Hieronymum
2415 3227 2635 3281 silentes
2691 3226 2954 3290 inducat,
3011 3243 3120 3296 quo
3172 3229 3532 3299 Expositionis

282 3326 631 3401 περιϐόητον,
676 3327 805 3398 παρ’
836 3320 904 3397 ἦς
946 3326 1297 3399 ἐδιδάχθημεν
1335 3328 1402 3382 τὰ
1440 3326 1533 3381 τοῦ
1577 3345 1858 3399 μακαριω-

278 3419 449 3474 τάτου
477 3419 774 3492 Γρηγορίου
810 3421 1048 3490 ῥήματα,
1078 3421 1177 3474 ὅσα
1210 3420 1345 3491 πρὸς
1377 3420 1545 3492 αὐτὴν
1570 3421 1860 3494 ἀκολουθιᾳ

282 3511 509 3584 μνήμης
560 3509 887 3564 διασωθέντα
938 3511 1094 3584 αὐτή.
1131 3526 1188 3564 τε
1237 3501 1540 3578 ἐφύλασσε,
1593 3511 1686 3564 καὶ
1714 3513 1861 3581 ἡμᾶς

275 3601 366 3654 ἔτι
416 3600 638 3672 νηπίους
693 3600 851 3664 ὄντας
897 3599 1126 3654 ἔπλαττε
1176 3600 1268 3654 καὶ
1321 3602 1562 3673 ὲμόρφου
1610 3604 1722 3665 τοῖς
1760 3603 1858 3673 τῆς

276 3693 566 3756 εὐσεϐείας
593 3693 879 3763 δόγμασιν.
911 3691 1028 3748 Hoc
1060 3700 1181 3748 est:
1216 3712 1234 3744 ι
1266 3691 1475 3748 Nostrae
1509 3701 1690 3748 autem
1735 3695 1858 3750 ﬁdei

274 3798 408 3853 qua:
452 3785 624 3853 possit
671 3784 978 3838 evidentior
1029 3799 1152 3840 esse
1194 3785 1463 3854 probatio,
1515 3801 1680 3855 quam
1711 3786 1858 3856 quod

273 3875 502 3931 educati
563 3891 754 3931 sumus
798 3877 900 3932 sub
953 3878 1071 3932 avia
1109 3879 1267 3932 beata
1316 3878 1561 3943 muliere,
1593 3894 1660 3933 ex
1701 3880 1856 3935 vobis

276 3972 451 4024 orta?
506 3969 801 4024 Macrinam
840 3971 964 4025 dico
1016 3971 1421 4026 celeberrimam
1468 3972 1640 4037 illam,
1688 3988 1717 4027 a
1746 3990 1854 4044 qua

275 4057 464 4112 edocti
509 4073 701 4113 sumus
745 4057 1046 4112 beatissimi
1078 4060 1323 4128 Gregorii
1367 4060 1564 4125 verba;
1601 4077 1856 4131 quaecun-

273 4131 660 4219 queusquead
681 4150 851 4218 ipsam
875 4151 1150 4204 memoria:
1182 4151 1591 4206 continuatione
1627 4155 1854 4223 perlata,

273 4257 413 4297 cum
471 4242 594 4312 ipsa
646 4242 1024 4307 conservabat,
1077 4251 1189 4296 tum
1248 4257 1350 4298 nos
1394 4243 1576 4298 adhuc
1625 4245 1857 4302 infantes

269 4335 502 4406 pietatis
555 4334 904 4404 dogmatibus
960 4335 1193 4405 ﬁngebat
1241 4345 1295 4389 et
1341 4335 1688 4391 itit‘ormabat.
1718 4357 1736 4388 ι
1792 4338 1857 4394 Ει

267 4427 410 4482 alibi
457 4425 570 4497 (16)
606 4442 621 4478 :
661 4427 756 4480 Ἓν
801 4425 976 4478 τοίνυν
1023 4425 1128 4478 τῶν
1169 4425 1500 4500 Γρηγορίου,
1541 4427 1634 4481 καὶ
1689 4429 1718 4482 ὁ
1762 4429 1856 4483 νῦν

1962 3319 2306 3390 Gregorianae
2332 3319 2489 3374 ﬁdem
2518 3319 2708 3381 elevet,
2732 3333 2919 3372 eorum
2949 3320 3392 3390 memineritqua:
3417 3331 3534 3377 tum

1960 3412 2026 3468 de
2059 3412 2296 3481 Syriacis
2329 3409 2626 3465 Clementis
2665 3409 2894 3463 Romani
2943 3412 3178 3478 epistolis
3233 3413 3369 3484 (22),
3414 3422 3532 3469 tum

1959 3505 2026 3560 de
2049 3504 2262 3559 Claudii
2295 3502 2624 3574 Apollinaris
2660 3501 2799 3556 libro
2831 3499 2906 3555 De
2927 3502 3188 3556 Pascltate
3216 3504 3344 3560 alibi
3387 3506 3529 3560 dixi-

1959 3612 2085 3652 mus
2111 3596 2246 3668 (25).
2278 3595 2349 3650 At
2374 3596 2441 3650 de
2475 3594 2700 3664 reliquis
2740 3594 2914 3649 sancti
2949 3595 3126 3651 Patris
3166 3596 3384 3667 scriptis
3416 3614 3529 3653 ser-

1959 3703 2174 3743 monem
2211 3702 2631 3759 prosequamur.

1957 3803 2046 3859 lli.
2086 3804 2445 3875 Metaphrasis
2480 3805 2534 3858 in
2560 3803 2922 3860 Ecclesiasten
2967 3803 3026 3859 S.
3055 3802 3304 3875 Gregorio
3339 3808 3528 3860 asseri-

2030 3884 2136 3933 tur.
2175 3876 2250 3929 De
2285 3875 2383 3929 hoc
2423 3889 2573 3943 opere
2613 3876 2739 3946 quid
2774 3875 3000 3937 Billius,
3042 3875 3169 3943 quid
3200 3875 3479 3944 Bengelius
3502 3878 3528 3930 2’

2028 3966 2426 4036 Expositionem
2455 3966 2581 4036 ﬁdei
2633 3967 2834 4035 excipit
2861 3965 3212 4033 Metapltrasis
3259 3967 3315 4018 in
3340 3965 3526 4019 Eccle-

1958 4060 2176 4122 siasten,
2230 4074 2394 4128 quam
2450 4068 2637 4112 noster
2667 4044 2964 4128 Gregorius
3010 4058 3527 4126 magniﬁcentissime

1957 4152 2192 4222 scripsit,
2227 4149 2408 4219 judice
2443 4148 2641 4204 Ruﬁno
2669 4149 2823 4220 (24);
2873 4148 3071 4202 brevem
3110 4149 3256 4202 illam
3290 4150 3523 4218 quidem,

1957 4243 2049 4296 sed
2090 4241 2240 4296 valde
2274 4241 2478 4304 utilem,
2523 4241 2598 4294 ait
2636 4239 3000 4310 Hieronymus
3033 4239 3146 4307 (25)
3174 4256 3187 4292 :
3222 4239 3315 4310 qui
3343 4248 3395 4293 et
3424 4255 3526 4294 suo

1959 4330 2346 4387 Commentario
2384 4332 2438 4385 in
2482 4329 2834 4384 Ecclesiasten
2902 4328 3159 4383 nonnulla
3219 4345 3285 4382 ex
3336 4331 3524 4384 eadem

1955 4423 2286 4494 Metaphrasi
2342 4425 2612 4493 descripta
2664 4423 2930 4488 intexens,
2985 4422 3101 4476 haec
3153 4421 3315 4476 habet
3371 4423 3520 4493 (26):

264 4519 692 4590 ἁντιλεγόμενος
731 4519 928 4591 τρόπος
967 4518 1067 4588 τῆς
1104 4518 1409 4586 δοξολογίας
1451 4520 1618 4586 ἐστὶν,
1655 4523 1719 4574 ὲκ
1757 4523 1854 4594 τῆς

1966 4516 2088 4571 «νὴ
2117 4525 2370 4582 sanctus,
2405 4515 2700 4585 Gregorius
2731 4513 2889 4568 Ponti
2923 4513 3232 4584 episcopus,
3274 4514 3524 4585 Origcnis

265 4612 488 4668 ἐκείνου
519 4611 890 4682 παραδόσεως
939 4614 1007 4682 τῇ
1063 4611 1358 4682 Ἐκκλησία
1418 4611 1848 4684 πεφυλαγμένος.

272 4704 498 4760 «Unum
544 4703 725 4773 itaque
752 4718 818 4756 ex
845 4701 1092 4773 Gregorii
1138 4702 1400 4757 institutis
1429 4713 1532 4768 est,
1569 4705 1730 4759 etiam
1763 4706 1852 4760 ille

264 4799 394 4868 ipse
423 4795 831 4866 gloriﬁcationis
878 4796 1093 4860 modus,
1119 4795 1209 4851 cui
1246 4811 1392 4849 nunc
1435 4797 1847 4863 contradicitur,

259 4907 338 4948 ex
370 4888 522 4944 illius
561 4887 851 4942 traditione
899 4886 954 4939 in
986 4885 1229 4941 Ecclesia
1265 4886 1594 4942 custoditus.
1637 4907 1658 4940 ι
1710 4887 1850 4959 Nys-

261 4997 410 5040 seno
455 4991 509 5034 et
544 4977 740 5033 Basilio
774 4978 1101 5048 suffragatur
1124 4978 1422 5049 Gregorius
1452 4978 1846 5048 Nazianzenus,

260 5074 362 5145 qui
415 5068 583 5125 semel
623 5069 925 5139 iterumque
947 5068 1061 5139 (17)
1101 5070 1382 5126 nonnullis
1416 5086 1486 5126 ex
1515 5072 1701 5126 eadem
1735 5071 1846 5126 Ea:-

339 5233 467 5301 (15)
498 5225 758 5301 Nyssen.,
786 5225 895 5283 Vit.
920 5228 1170 5301 T/taum.,
1203 5245 1322 5301 cap.
1354 5230 1388 5285 8
1417 5239 1470 5286 et
1493 5230 1546 5285 9.

339 5298 460 5374 (te
499 5298 575 5374 Ld-
612 5298 769 5374 ψίάο,
800 5300 1036 5374 parata.

341 5368 697 5443 (15;)__Basil.,
719 5368 889 5443 epist.
919 5369 1047 5436 204,
1090 5383 1242 5423 num.
1275 5369 1330 5436 6,
1365 5383 1492 5424 nov.
1535 5370 1664 5426 edit.
1703 5369 1841 5443 Opp.

261 5437 407 5501 tom.
443 5439 528 5503 Ill,
563 5454 685 5509 pag.
719 5437 845 5493 506,
1749 5437 1802 5443 --

336 5510 593 5583 (ιω-ια,
620 5510 714 5564 lib.
753 5508 832 5563 De
866 5506 1010 5578 Spir.
1027 5519 1220 5576 sanct.,
1256 5524 1377 5580 cap.
1421 5510 1516 5581 29,
1559 5528 1711 5568 num.
1753 5514 1840 5581 74,

256 5580 647 5721 ωῗὶῃῗδρωι.
675 5649 781 5721 57,
804 5663 927 5719 pag.
961 5647 1098 5721 609";
1133 5658 1186 5705 et
1212 5650 1302 5716 to,
1337 5665 1459 5721 pag.
1489 5652 1614 5708 668.

338 5719 458 5790 (f8)
499 5719 702 5790 Ruﬁn.,
735 5719 878 5790 Hist.
906 5720 1033 5773 eccl.
1066 5720 1156 5774 lib.
1188 5736 1286 5786 vlt,
1317 5719 1434 5790 cap}
1467 5723 1556 5777 25.

339 5789 459 5861 (19)
501 5789 650 5846 Thes.
687 5789 824 5845 urth.
851 5791 972 5857 ﬁd.,
1008 5791 1102 5846 lib.
1136 5806 1174 5856 t,
1206 5805 1324 5859 cap.
1358 5789 1446 5845 52.

1954 4608 2188 4673 auditor,
2231 4609 2284 4662 in
2328 4606 2659 4676 Metaphrasi
2692 4605 3073 4670 Ecclesiastte,
3124 4605 3199 4660 ita
3242 4605 3390 4660 hunc
3439 4607 3524 4660 lo-

1950 4715 2074 4756 cum
2120 4699 2400 4765 intellexit,
2430 4708 2536 4753 etc.
2574 4717 2592 4748 ι
2633 4715 2652 4748 t
2685 4699 2910 4752 Omnem
2952 4695 3136 4766 itaque
3167 4695 3525 4752 dubitationis

1951 4807 2164 4859 ansam,
2198 4802 2259 4846 ut
2305 4807 2431 4846 cum
2463 4790 2621 4844 Billio
2656 4789 2849 4858 loquar
2875 4788 3014 4859 (2'1),
3069 4790 3230 4844 nobis
3273 4791 3525 4845 eximunt

1950 4882 2310 4954 Hieronymus
2358 4894 2412 4936 et
2439 4881 2688 4946 Ruﬁnus,
2730 4880 2824 4949 qui
2867 4881 3015 4935 hunc
3058 4879 3227 4936 fetum
3260 4896 3390 4935 vero
3421 4896 3522 4935 suo

1950 4976 2162 5045 parenti
2209 4973 2634 5030 Neocaesariensi
2692 4971 2955 5042 Gregorio
3009 4981 3288 5028 asserunt.
3362 4970 3519 5037 Quod

1948 5078 2130 5124 autem
2157 5067 2504 5123 Nazianzcno
2548 5067 2816 5126 tributum
2863 5064 3027 5120 fuerit
3071 5063 3342 5136 ejusmodi
3382 5077 3520 5131 opus

2021 5226 2133 5300 (20)
2175 5226 2342 5300 Graio.
2369 5227 2532 5292 art/1.,
2588 5235 2720 5279 tom.
2754 5223 2820 5291 11,
2866 5239 3026 5296 pagg.
3069 5221 3196 5289 484,
3233 5220 3356 5287 755,
3388 5219 3513 5284 952,

1947 5299 2050 5356 986
2083 5298 2137 5355 et
2154 5298 2311 5353 1056.

2038 5371 2130 5436 21)
2169 5368 2339 5428 Bibl.,
2380 5365 2501 5421 cod.
2527 5381 2734 5436 cxxvrt.

2036 5429 2128 5506 22)
2163 5438 2468 5506 Prolegom.
2496 5437 2562 5489 ad
2583 5435 2739 5506 Bibl:
2754 5431 2892 5497 PP.,
2923 5431 3030 5486 vol.
3061 5433 3107 5496 1,
3136 5445 3260 5500 pag.
3293 5429 3365 5485 22
3394 5444 3511 5502 seq.

2041 5503 2131 5576 25)
2170 5503 2461 5576 Ιὺίἀηρεε.
2495 5506 2620 5576 121,
2657 5503 2762 5575 §5.

2039 5569 2130 5639 24)
2172 5569 2507 5638 Hist-“2L,
2545 5575 2636 5628 lib.
2659 5569 2760 5637 in,
2799 5585 2920 5639 cap.
2950 5569 3041 5624 25.

2015 5641 2130 5721 (25)
2169 5647 2246 5721 _De
2271 5648 2389 5721 _eir._
2416 5645 2642 5708 illustr.,
2674 5658 2792 5712 cap.

2016 5716 2128 5792 (εὲ)
2169 5717 2223 5792 !ll
2252 5716 2462 5792 ,Εεείεδο
2497 5729 2615 5792 (5³1)·
2646 5728 2716 5792 ιγ·
2910 5781 2940 5792 ..
2982 5780 3011 5792 ,Α
3110 5777 3151 5792 ..
3225 5778 3237 5791 .
3416 5779 3444 5792 ..

2017 5777 2130 5859 (27)
2170 5787 2225 5840 In
2252 5786 2436 5841 Monit.
2473 5780 2536 5839 ad
2565 5777 2706 5838 brat.
2744 5796 2862 5850 quae
2891 5780 3086 5836 dicitur
3110 5777 3390 5837 Nazianz..
3413 5779 3504 5834 55.

2015 5372 2037 5651 Ξ
