4090 6404
571 368 670 425 967

1612 357 1672 414 S.
1715 356 2117 415 GREGORIUS
2153 356 2752 416 THAUMATUBGUS.

3702 359 3808 419 968

568 487 625 542 in
669 483 944 555 plerisque
997 492 1135 534 mss.
1176 476 1454 534 codicibus
1478 474 1706 540 Graecis,
1757 475 1812 530 in
1848 475 1941 530 illo
1973 475 2135 530 etiam
2167 479 2213 537 Α
2244 475 2297 530 in
2327 475 2557 531 concilio
2582 473 2904 542 Quinisexto
2927 472 3042 528 haec
3067 471 3278 528 sanctio
3299 470 3442 529 edita
3471 471 3615 545 (33):
3649 492 3670 526 ι
3700 474 3808 532 Ob-

569 575 741 646 Regio
783 570 1158 627 vetustissimo
1213 581 1373 637 quem
1439 572 1697 618 accurate
1749 563 2011 618 describit
2063 563 2135 618 cl.

567 663 1008 723 Montfauconius
1050 659 1183 731 (28),
1227 666 1392 728 atque
1436 655 1572 710 adeo
1624 655 1678 710 in
1728 655 1885 710 editis
1927 663 2136 710 tantum

571 774 678 814 non
704 756 957 812 omnibus
983 762 1317 822 postremum
1343 750 1524 804 locum
1551 748 1694 803 inter
1717 747 1836 817 ejus
1865 747 2138 804 orationes

568 851 850 913 obtineat;
907 858 1198 900 commune
1265 857 1468 896 nomen
1538 841 1808 895 duntaxat
1861 840 1915 894 in
1971 854 2138 894 causa

567 943 687 996 fuit.
722 940 998 1006 Quantum
1041 936 1185 991 enim
1234 950 1300 990 ex
1348 934 1488 1006 stylo
1538 938 1908 1003 conjecturam
1960 930 2138 986 facere

565 1035 719 1094 licet,
762 1029 978 1084 tametsi
1023 1027 1207 1098 negari
1252 1041 1364 1080 non
1401 1024 1594 1096 possit,
1619 1023 1753 1094 quin
1794 1025 1866 1078 sit
1901 1021 2138 1077 hominis

565 1122 808 1192 apprime
843 1119 1040 1175 eruditi
1072 1128 1126 1174 et
1151 1117 1392 1187 copiosi;
1443 1123 1625 1168 tamen
1664 1131 1773 1168 non
1823 1127 2138 1184 usquequa-

563 1229 668 1282 que
701 1212 864 1268 refert
894 1212 1230 1267 elaboratum
1274 1209 1406 1264 illud
1443 1215 1496 1262 et
1523 1203 1894 1278 ἀπεξεσμένον
1923 1203 2134 1260 dicendi

564 1319 766 1374 genus,
811 1304 956 1372 quod
1004 1302 1209 1371 passim
1258 1300 1313 1353 in
1346 1297 1676 1353 Nazianzeni
1714 1295 1931 1365 scriptis
1971 1294 2133 1350 lucet.

562 1393 944 1449 Connexiones
1027 1391 1420 1447 sententiarum
1505 1389 1786 1459 aliquanto
1863 1385 2135 1451 duriores,

561 1487 934 1556 transitusque
983 1485 1351 1555 abruptiores.
1402 1482 1557 1549 Quod
1602 1480 1649 1536 si
1678 1478 1926 1550 quaedam
1972 1477 2136 1532 verba

561 1578 891 1647 quandoque
923 1578 1213 1632 intertexta
1253 1574 1507 1640 fuissent,
1540 1573 1712 1627 multo
1749 1570 1966 1625 mollior
1993 1575 2138 1624 esset

563 1677 673 1724 tota
716 1678 1001 1725 contextus
1051 1667 1250 1730 facies,
1302 1665 1594 1734 minusque
1656 1662 1824 1717 invite
1883 1660 2024 1714 inter
2078 1671 2138 1714 se

559 1761 772 1817 coirent
801 1761 1104 1816 sententiae.
1131 1759 1332 1814 Verum
1360 1757 1561 1813 idcirco
1593 1755 1822 1811 fortasse
1849 1769 1957 1810 non
1982 1750 2131 1815 facit,

2238 569 2522 639 signemus
2554 569 2792 638 reliquos
2824 582 3015 624 omnes
3038 580 3300 631 canones,
3332 565 3423 635 qui
3460 580 3490 619 a
3523 569 3728 623 sanctis
3753 577 3809 624 et

2239 661 2411 716 beatis
2465 661 2666 716 nostris
2694 659 2948 715 Patribus
2995 658 3228 728 expositi
3259 666 3426 725 sunt;
3469 659 3523 714 id
3549 668 3634 715 est
3676 659 3810 717 Gre-

2238 753 2373 826 gorii
2399 750 2759 807 Neocaesareze
2792 751 3030 822 episcopi
3065 750 3482 821 Thaumaturgi,
3506 760 3612 806 etc.
3643 768 3663 804 ι

2308 843 2374 898 Et
2406 843 2569 914 primi
2599 841 2816 913 quidem
2847 842 3031 896 decem
3061 856 3299 896 canones
3350 840 3593 894 omnium
3619 839 3809 895 erudi-

2239 944 2415 993 torum
2460 936 2684 992 calculis
2723 935 2970 1008 Gregorii
3022 933 3480 990 Neocaesariensis
3530 948 3654 990 esse
3708 950 3812 989 no-

2238 1036 2500 1084 scuntur:
2536 1036 2590 1082 at
2623 1027 2974 1083 undecimum
3003 1034 3059 1082 et
3089 1025 3340 1081 ultimum
3377 1033 3638 1094 tanquam
3673 1025 3808 1080 sub-

2237 1121 2473 1176 dititium
2497 1120 2740 1191 plerique
2758 1118 3034 1189 rejiciunt,
3057 1126 3330 1190 prateunte
3347 1117 3466 1173 viro
3487 1117 3811 1174 doctissimo

2237 1212 2450 1270 Joanne
2476 1213 2708 1278 Morino,
2740 1214 2834 1284 qui
2873 1213 3198 1269 sententiam
3255 1227 3414 1266 suam
3466 1211 3692 1280 exponit
3721 1210 3810 1266 his

2236 1305 2418 1361 verbis
2457 1304 2567 1376 (54)
2603 1323 2616 1359 :
2670 1323 2688 1356 ι
2724 1303 3064 1360 Postremum
3095 1303 3246 1359 illum
3286 1318 3574 1376 canonem,
3605 1303 3814 1372 inquit,

2237 1395 2502 1468 Gregorio
2531 1395 2944 1466 Thaumaturgo
2965 1394 3308 1462 attributum,
3335 1410 3442 1449 non
3465 1409 3585 1449 esse
3610 1394 3808 1464 ipsius,

2238 1500 2298 1545 ut
2318 1491 2477 1558 vulgo
2501 1489 2740 1545 creditur
2766 1499 2821 1544 et
2849 1489 3105 1559 opinatur
3129 1487 3441 1555 Balsamon,
3491 1487 3585 1542 sed
3611 1503 3679 1542 ex
3711 1501 3810 1543 ca-

2237 1583 2474 1639 nonibus
2509 1582 2956 1654 praecedentibus,
3009 1590 3062 1637 ct
3107 1581 3451 1651 potissimum
3499 1595 3568 1635 ex
3615 1587 3812 1635 sancto

2235 1674 2441 1730 Basilio
2475 1675 2762 1730 collectum
2799 1682 2854 1730 et
2875 1672 3123 1745 Gregorii
3149 1672 3451 1728 canonibus
3488 1686 3762 1726 annexum
3789 1708 3809 1736 ,

2238 1768 2591 1823 manifestum
2621 1767 2972 1838 estprimum
3019 1781 3084 1821 ex
3127 1765 3396 1821 sermonis
3423 1772 3645 1821 tenore:
3696 1778 3809 1818 non

559 1855 689 1923 quia
742 1854 965 1907 minime
1008 1852 1181 1907 libero
1227 1865 1421 1920 campo
1467 1849 1711 1904 decurrit
1770 1847 1948 1903 oratio
1981 1864 1994 1901 :
2035 1843 2131 1901 sed
2165 1827 2206 1883 Β
2235 1860 2487 1916 “(enim
2527 1875 2725 1924 canon,
2787 1859 2882 1915 sed
2934 1859 3379 1926 commentarius,
3411 1857 3575 1912 verba
3605 1855 3812 1926 quibus

559 1947 936 2002 translationis
988 1945 1145 2016 quasi
1197 1945 1452 2000 cancellis
1501 1941 1827 2013 quibusdam
1890 1939 2129 1995 circum-

560 2039 761 2108 scripta
789 2047 892 2094 est.
925 2057 943 2091 ι
999 2036 1124 2092 Πειεο
1155 2035 1326 2090 ferme
1353 2035 1437 2088 vir
1467 2034 1555 2089 ille
1589 2033 1805 2087 doctus.
1855 2029 2128 2085 Caeterum

559 2132 626 2186 ad
655 2131 1004 2186 asserendam
1039 2127 1249 2183 auctori
1285 2142 1386 2182 suo
1416 2127 1556 2181 hanc
1580 2124 1966 2194 Metaphrasin,
1998 2119 2128 2174 illud

559 2237 777 2292 quoque
833 2221 1068 2285 accedit,
1117 2220 1264 2290 quod
1313 2220 1369 2273 in
1416 2233 1479 2273 ea
1527 2217 1830 2288 peculiares
1878 2214 2127 2286 quaedam

556 2315 862 2371 locutiones
917 2320 1248 2377 occurrunt,
1303 2311 1507 2380 quibus
1559 2311 1614 2364 in
1666 2310 1998 2379 Panegyrico
2057 2305 2126 2360 ad

563 2405 841 2479 Origenem
868 2407 1038 2460 utitur
1058 2404 1524 2475 Thaumaturgus,
1551 2412 1609 2456 ut
1633 2402 1687 2457 in
1710 2400 1971 2471 subjectis
1999 2413 2127 2453 eru-

557 2501 654 2555 diti
684 2500 920 2570 Bengelii
953 2498 1396 2553 adnotationibus
1420 2495 1604 2551 videre
1639 2504 1750 2562 est;
1784 2493 1878 2564 qui
1908 2503 1962 2548 et
1995 2489 2126 2546 illud

556 2591 667 2646 huc
699 2592 976 2662 pertinens
1029 2589 1179 2645 addit
1228 2588 1342 2660 (29)
1380 2603 1394 2640 :
1431 2606 1450 2638 ι
1483 2585 1782 2651 Modestia,
1848 2583 2124 2652 inquiens,

555 2700 678 2755 qua:
706 2683 922 2754 quidem
965 2682 1130 2736 totius
1150 2679 1394 2752 Gregorii
1435 2679 1804 2734 characterem
1833 2674 2124 2746 quemdam

554 2775 887 2846 singularem
938 2772 1158 2836 facit,...
1209 2771 1268 2826 in
1315 2785 1482 2826 causa
1514 2769 1638 2836 fuit,
1691 2767 1904 2837 opinor,
1953 2775 2014 2820 ut
2057 2780 2126 2820 ex

554 2868 812 2921 omnibus
849 2865 1146 2935 Scriptum
1181 2876 1350 2916 sacrae
1388 2861 1542 2915 libris
1567 2859 1918 2913 Ecclesiasten
1949 2856 2125 2926 potis-

555 2963 786 3028 simum,
824 2960 1080 3014 vanitatis
1111 2959 1624 3019 demonstratorem,
1662 2951 1990 3021 Metaphrasi
2031 2965 2124 3004 or-

551 3054 794 3110 nandum
845 3060 1108 3118 sumeret,
1153 3060 1206 3105 et
1241 3050 1294 3104 in
1336 3048 1428 3102 illo
1459 3061 1624 3115 opere
1661 3052 1773 3098 tam
1809 3043 1978 3097 multa
2013 3051 2123 3096 tam

2233 1952 2528 2024 Gregorius
2558 1969 2692 2009 usus
2725 1961 2842 2008 erat
2893 1952 3195 2022 explicans.
3239 1949 3336 2007 liis
3369 1950 3514 2006 enim
3554 1950 3811 2006 stationi-

2232 2043 2335 2099 bus
2362 2055 2415 2100 et
2445 2061 2633 2100 earum
2665 2044 2982 2099 nominibus
3011 2060 3146 2100 usus
3176 2051 3293 2099 erat
3322 2051 3383 2098 ut
3407 2041 3643 2114 vulgatis
3663 2049 3716 2096 et
3737 2043 3812 2099 ab

2231 2136 2488 2191 omnibus
2512 2135 2765 2206 cognitis,
2800 2141 2860 2189 ut
2883 2142 2938 2189 et
2967 2143 3189 2189 sanctus
3221 2130 3478 2196 Basilius,
3505 2129 3809 2186 concilium

2227 2223 2535 2294 Nicmnum,
2557 2227 2927 2298 Ancyranum,
2945 2234 3072 2288 etc.,
3090 2240 3191 2280 nec
3215 2224 3268 2279 in
3294 2224 3538 2294 ipsorum
3567 2229 3809 2277 mentem

2232 2316 2402 2384 venit,
2431 2325 2616 2386 utpote
2643 2332 2757 2372 rem
2789 2317 3044 2372 omnibus
3071 2316 3370 2387 cognitam,
3403 2330 3497 2371 eas
3537 2314 3810 2383 interpre—

2228 2409 2355 2464 tari.
2408 2407 2610 2464 Deinde
2641 2409 2758 2479 ipse
2805 2423 2866 2464 se
2897 2408 3097 2479 prodit,
3129 2423 3252 2464 cum
3300 2407 3524 2463 scribit:
3560 2405 3808 2474 Auditio,

2228 2501 2433 2572 inquit,
2463 2512 2607 2569 etc.;
2649 2517 2773 2558 cum
2827 2503 2973 2558 enim
3016 2502 3133 2558 haec
3163 2512 3358 2558 auctor
3382 2501 3675 2566 scribebat,
3707 2501 3810 2556 ha-

2228 2591 2388 2648 bebat
2418 2594 2474 2648 in
2507 2602 2689 2649 mente
2741 2595 2918 2650 sancti
2946 2593 3131 2650 Basilii
3184 2609 3473 2659 canonem,
3532 2594 3677 2648 unde
3712 2591 3808 2648 illa

2227 2685 2604 2757 interpretatio
2619 2687 2903 2758 desumpta
2928 2697 3029 2744 est.
3047 2688 3145 2744 Est
3165 2687 3221 2742 in
3247 2687 3575 2744 bibliotheca
3605 2687 3805 2743 illustr.

2226 2775 2473 2832 Franciae
2499 2778 2808 2834 cancellarii
2844 2779 3224 2851 antiquissima
3283 2794 3552 2835 canonum
3581 2779 3805 2838 Graecu-

2225 2885 2348 2925 rnm
2375 2869 2628 2924 collectio
2656 2884 2686 2924 a
2715 2868 2978 2940 Gregorio
3005 2870 3316 2942 patriarcha
3344 2869 3448 2925 CP.
3474 2880 3601 2926 ante
3625 2872 3808 2928 octin-

2228 2969 2418 3032 gentos
2455 2975 2633 3016 annos
2665 2959 2968 3028 elaborata,
2999 2976 3120 3032 quae
3146 2970 3374 3018 caeteros
3410 2960 3807 3033 Thaumaturgi

2227 3066 2468 3108 canones
2499 3061 2690 3123 praeter
2746 3053 2911 3108 istum
2957 3051 3332 3120 complectitur
3359 3067 3387 3089 ‘-
3423 3064 3806 3124 argumentum

553 3154 857 3217 opportune
915 3145 1198 3200 scriberet.
1230 3161 1248 3194 ι
1302 3139 1475 3193 Porro
1526 3136 1821 3191 editionem
1877 3141 2120 3189 nostram
2155 3165 2199 3226 ο
2233 3145 2476 3210 evidens,
2499 3145 2952 3200 commentarium
2985 3145 3137 3198 illum
3185 3152 3309 3214 post
3342 3154 3554 3215 tempus
3582 3146 3813 3201 adnota-

551 3240 834 3310 exegimus
875 3241 940 3292 ad
977 3236 1340 3290 Parisiensem
1377 3247 1507 3286 ann.
1535 3230 1695 3297 1621,
1737 3231 1934 3287 additis
1987 3245 2129 3285 non-

553 3333 718 3388 nullis
771 3332 1012 3384 viroruni
1063 3325 1401 3381 eruditorum
1461 3324 1627 3389 notis,
1691 3320 1898 3390 Vossii,
1959 3319 2126 3388 Billii,

553 3423 736 3480 Ducaai
773 3433 827 3478 et
859 3419 1118 3491 Bengelii.

551 3535 644 3591 IV.
687 3535 745 3590 S.
767 3531 1004 3600 Gregorii
1029 3527 1270 3600 Epistola
1297 3525 1558 3600 canonica
1583 3540 1686 3594 qua
1710 3531 2126 3600 (etoteexarato.

625 3605 768 3670 Quid
810 3595 1007 3654 de'illa
1053 3595 1340 3651 concilium
1383 3595 1801 3670 Quinisetctum?
1847 3597 1931 3648 An
1969 3595 2133 3648 unde-

623 3669 795 3729 cimus
831 3672 944 3740 ejus
978 3685 1146 3723 canon
1181 3669 1459 3721 sincerus?

625 3795 706 3848 Ex
737 3791 985 3863 epistolis
1015 3788 1188 3845 sancti
1212 3787 1393 3866 Patris
1447 3785 1642 3853 nostri,
1671 3800 1788 3855 qua:
1811 3783 1964 3855 vulgo
1990 3783 2128 3853 [ere-

552 3890 749 3943 bautur
775 3904 883 3957 quo
910 3895 1152 3957 tempore
1182 3885 1453 3941 scribebat
1473 3884 1666 3939 doctor
1687 3883 1959 3937 maximus
1993 3881 2127 3952 (50),

551 3997 663 4038 una
691 3987 931 4050 superat,
952 3980 1092 4033 inter
1107 3977 1400 4033 canonicas
1421 3975 1645 4030 Patrum
1675 3974 1947 4045 Epistolas
1969 3982 2132 4043 atque

550 4075 611 4130 in
637 4074 1004 4129 Conciliorum
1027 4070 1358 4126 editionibus
1378 4068 1583 4140 plnries
1613 4082 1836 4124 excusa.
1862 4065 2130 4136 Episcopo

548 4169 770 4224 cuidam
801 4165 981 4231 Ponti,
1019 4173 1079 4218 ut
1099 4165 1334 4228 videtur,
1382 4162 1555 4218 fuisse
1591 4161 1738 4215 illam
1782 4160 2125 4229 inscriptam,

550 4277 621 4316 ex
649 4261 770 4330 ipso
797 4259 1020 4314 exordio
1043 4265 1261 4312 constat
1287 4273 1303 4322 ;
1360 4271 1469 4325 quo
1493 4254 1788 4324 Gregorius
1815 4267 1940 4307 eum
1977 4265 2130 4307 com-

549 4353 779 4423 pellans,
843 4349 1135 4421 ἱερώτατον
1179 4349 1411 4402 πάππαν
1465 4346 1758 4400 nominat:
1811 4352 1946 4398 tunc
1981 4343 2128 4398 enim

550 4449 766 4503 dierum
819 4461 968 4515 papa:
1016 4443 1176 4512 vulgo
1215 4441 1507 4496 audiebant
1571 4437 1833 4507 episcopi.
1880 4435 1956 4490 Ea
1997 4450 2129 4491 vero

549 4545 874 4607 tempestate
897 4543 1118 4590 sanctus
1133 4531 1293 4587 Pater
1313 4531 1459 4585 illam
1481 4528 1769 4598 scripsisse
1791 4527 2126 4596 perhibetur,
2160 4519 2204 4576 D

550 4643 660 4697 qua
689 4625 886 4679 Boradi
907 4632 961 4678 et
984 4621 1167 4676 Gottbi
1197 4634 1426 4689 quorum
1456 4617 1572 4688 ipse
1593 4616 1841 4672 meminit
1870 4614 2130 4671 canone5

552 4721 695 4776 inter
724 4718 858 4773 alias
887 4715 1033 4771 Asiae
1059 4713 1391 4785 provincias,
1431 4710 1663 4765 Pontum
1701 4722 1921 4778 quoque
1971 4706 2129 4761 inva-

548 4821 742 4871 serant
766 4812 1064 4881 imperante
1087 4804 1398 4868 Valeriano,
1427 4814 1487 4856 ut
1515 4803 1677 4856 tradit
1697 4801 1950 4856 Zosimus
1976 4799 2125 4872 (5i);

547 4906 799 4974 adeoque
826 4917 970 4956 anno
1003 4897 1208 4954 Christi
1263 4897 1369 4952 258
1429 4893 1632 4964 scripta
1692 4892 1864 4948 fuisse
1912 4891 2129 4945 videtur

545 4999 780 5070 epistola
821 4996 956 5067 ('52).
986 4993 1122 5049 Cum
1153 4993 1336 5062 itaque
1358 4989 1796 5045 Christianorum
1819 4984 2129 5055 complures

546 5093 643 5163 qui
677 5107 743 5147 ex
783 5091 887 5145 hac
916 5089 1275 5144 barbarorum
1325 5082 1642 5139 incursione
1673 5081 1728 5134 in
1757 5077 2129 5148 captivitatem

549 5187 876 5250 inciderant,
910 5182 1082 5236 multa
1104 5189 1158 5235 ct
1189 5177 1374 5248 gravia
1419 5179 1768 5246 peccassent;
1811 5171 1912 5226 hos
1954 5184 2127 5225 cano-

551 5296 648 5336 nes
681 5277 931 5333 exaravit
985 5282 1208 5329 sanctus
1251 5268 1448 5341 praesul
1489 5263 1964 5330 Neoctesariensis,
2016 5277 2126 5331 quo

548 5386 745 5427 eorum
773 5367 935 5424 saluti
965 5367 1141 5422 bonus
1193 5370 1381 5433 pastor
1400 5357 1768 5431 prospiceret;
1799 5354 1867 5410 de
1921 5354 2125 5426 quibus

612 5529 735 5600 ,(28)
774 5527 1052 5600 Palwogr._
1074 5523 1192 5600 (in,
1229 5534 1352 5600 pag.
1379 5516 1506 5572 250.

613 5580 733 5669 (Eii),
760 5580 1055 5669 fninotfad
1087 5580 1248 5663 Greg:
1275 5580 1510 5669 Thetim.
1533 5585 1818 5656 Panegyr.,
1845 5598 1969 5655 pag.
1994 5580 2122 5637 2'58.

759 5669 836 5721 De
857 5661 1346 5749 vir._illustr.,vcap.
1367 5661 1457 5715 65.
1651 5728 1662 5740 _

623 5741 706 5805 (51
768 5737 914 5792 Hist.
943 5738 1040 5792 lib.
1070 5753 1109 5800 ι,
1139 5750 1258 5805 pag.
1317 5733 1388 5789 28
1415 5746 1532 5805 seq.
1580 5728 1662 5784 edi

623 5722 736 5812 {3n
764 5737 914 5812 Hist.
943 5738 1040 5792 lib.
1065 5753 1109 5812 ι,
1134 5722 1258 5812 pag.
1291 5722 1388 5789 ‘28
1415 5746 1532 5812 seq.
1580 5725 1929 5812 editLRxon.
1961 5722 2120 5780 1679.

624 5797 736 5882 (52)
763 5807 998 5875 Tillem.,
1057 5797 1390 5862 Μέὶηῖιοιιι.
1415 5797 1512 5869 iV,
1535 5815 1661 5873 pag.
1688 5797 1814 5856 559.

2232 3243 2347 3290 tum
2365 3233 2757 3306 Thaumaturgi
2787 3235 3041 3306 Epistulae
3069 3234 3242 3291 fuisse
3262 3245 3533 3292 assutum.
3565 3255 3586 3290 ι
3617 3236 3814 3295 Hacte-

2233 3341 2340 3380 nus
2371 3324 2432 3380 V.
2472 3325 2536 3382 (ἶ.

2301 3429 2503 3485 Contra
2537 3444 2667 3484 vero
2698 3425 2905 3483 Natalis
2931 3427 3237 3483 Alexander
3288 3427 3529 3497 ejusdem
3576 3427 3813 3484 canonis

2232 3521 2508 3576 undecimi
2539 3521 2906 3576 sinceritatem
2935 3521 3139 3574 acriter
3171 3527 3477 3588 propugnat
3503 3518 3642 3589 (35),
3686 3518 3811 3587 pri-

2233 3627 2382 3666 mum
2414 3627 2481 3666 ex
2509 3612 2614 3666 fide
2658 3610 3165 3680 antiquissimorum
3214 3624 3350 3662 mss.
3404 3623 3525 3676 quae
3558 3621 3722 3676 penes
3744 3619 3816 3660 se

2234 3703 2427 3758 habuit
2455 3702 2744 3757 Balsamon
2780 3701 3092 3771 patriarcha
3131 3699 3525 3766 Antiochenus,
3554 3698 3647 3768 qui
3681 3713 3811 3752 eam

2233 3795 2480 3866 Gregorii
2505 3795 2788 3864 epistolam
2837 3792 3246 3848 commentariis
3293 3792 3410 3847 suis
3459 3789 3752 3846 illustravit
3790 3809 3810 3856 ;

2233 3888 2429 3943 deinde
2459 3902 2526 3942 ex
2556 3887 2730 3956 ipsius
2768 3885 3009 3955 epistola:
3053 3884 3358 3939 canonibus
3393 3882 3444 3945 7,
3472 3882 3505 3937 8
3537 3894 3592 3937 et
3622 3881 3676 3945 9,
3709 3883 3813 3951 qui

2231 3981 2450 4037 eosdem
2503 3979 2834 4049 paenitentiae
2893 3977 3093 4047 gradus
3121 3984 3464 4039 enumerant,
3512 3990 3652 4046 quos
3683 3989 3813 4029 me-

2230 4080 2410 4126 morat
2437 4085 2613 4127 canon
2651 4071 2711 4124 11
2741 4071 2793 4123 in
2837 4068 3063 4124 dubium
3094 4077 3339 4123 vocatus.
3370 4067 3504 4123 Aliis
3543 4075 3816 4137 praeterea

2232 4163 2406 4218 utitur
2434 4162 2772 4233 argumentis
2818 4161 2874 4214 in
2918 4160 3162 4215 eamdem
3214 4159 3559 4224 sententiam,
3610 4174 3820 4214 occur-

2232 4270 2362 4311 rens
2387 4270 2493 4310 una
2545 4252 2742 4311 Morini
2792 4253 3230 4324 objectionibus;
3259 4252 3328 4306 ad
3357 4266 3521 4320 quem
3576 4251 3819 4321 proinde

2230 4347 2462 4403 lectores
2488 4347 2842 4401 remittimus.
2865 4344 3133 4401 Czeterum
3169 4345 3311 4398 hanc
3351 4342 3634 4411 epistolam
3652 4342 3819 4397 exhi-

2233 4439 2426 4495 bemus
2449 4454 2516 4494 ex
2554 4438 2817 4509 Synodico
2849 4437 3125 4506 Beveregii
3169 4435 3303 4508 (36),
3334 4434 3547 4489 collatis
3578 4434 3821 4504 insuper

2229 4532 2561 4588 editionibus
2595 4530 2998 4586 Parisiensibus
3029 4527 3368 4584 Balsamonis
3413 4542 3505 4582 an.
3558 4525 3717 4594 l620,
3755 4539 3824 4585 et

2230 4625 2459 4683 Zonara:
2484 4625 2644 4690 1621,
2679 4624 2748 4680 ad
2780 4624 2983 4680 calcem
3013 4621 3251 4694 Operum
3278 4621 3694 4693 Thaumaturgi.

2235 4771 2295 4828 V.
2337 4772 2414 4827 De
2461 4770 2516 4825 δ.
2547 4768 2786 4842 Gregorii
2829 4767 3088 4842 Oratione
3135 4765 3189 4842 in
3214 4764 3504 4842 Origenem
3574 4779 3826 4838 panegy.

2547 4836 2684 4896 rica.
2727 4840 2939 4905 Quanto
2971 4839 3027 4890 in
3051 4837 3218 4908 pretio
3249 4836 3449 4888 habita.

2299 4977 2504 5034 Ultimo
2532 4977 2654 5033 loco
2681 4975 2920 5032 stitimus
2952 4971 3261 5028 Orationem
3299 4971 3352 5024 in
3400 4969 3675 5050 Qrigenem
3701 4986 3822 5039 pa-

2227 5071 2552 5141 negyricam,
2586 5085 2750 5140 quam
2783 5069 3048 5124 Czcsarete
3073 5063 3375 5121 Palaestina:
3399 5064 3543 5119 circa
3595 5062 3822 5121 Christi

2229 5177 2433 5217 annum
2483 5161 2592 5216 239
2629 5160 2833 5216 scholm
2863 5155 3202 5227 Origenianze
3253 5155 3643 5220 valedicturus,
3692 5173 3712 5205 ‹
3756 5169 3826 5214 ει

2227 5261 2526 5308 convocata
2544 5248 2736 5322 grandi
2751 5247 3074 5319 frequentia,
3091 5243 3269 5316 inquit
3284 5241 3648 5314 Hieronymus
3666 5243 3822 5314 (‘57),

2227 5341 2348 5414 ipso
2383 5358 2603 5416 quoque
2655 5341 2889 5414 Origene
2947 5347 3236 5410 prazsente,
3285 5328 3535 5390 recitavit
3567 5355 3586 5388 ι
3617 5343 3824 5397 noster

2319 5502 2410 5575 55)
2430 5502 2598 5559 Cone.
2631 5497 2848 5567 Quinis.
2875 5509 2997 5552 can.
3018 5493 3074 5549 2.

2321 5577 2411 5636 54)
2443 5575 2521 5628 De
2563 5571 2756 5627 Posuit.
2791 5568 2883 5622 lib.
2908 5581 2983 5630 VI,
3007 5578 3128 5636 cap.
3158 5564 3210 5630 1,
3238 5560 3266 5635 §
3307 5563 3362 5619 9.

2299 5642 2412 5719 (55)
2439 5645 2664 5719 pissert.
2692 5642 2760 5697 18
2786 5653 2912 5695 εωο.
2945 5653 3029 5691 ιιι.
3077 5706 3125 5719 η
3319 5703 3382 5719 Μ
3417 5704 3482 5719 η

2300 5703 2411 5786 ('56)
2435 5715 2692 5770 Pandect.
2710 5728 2874 5786 _can.,
2915 5719 3049 5763 tom.
3077 5706 3148 5786 Ῑήῐ3
3173 5720 3296 5779 pag.
3319 5703 3504 5761 24-35.

2302 5722 2389 5786 (56
2435 5722 2692 5770 Pandect.
2728 5728 2874 5774 cam,
2915 5722 3049 5763 tom.
3080 5722 3146 5766 ιι.

2302 5722 2516 5866 (573408
2545 5788 2642 5843 vir.
2677 5784 2900 5845 illustr.,
2927 5778 3170 5858 capuli?»
