4090 6372
412 399 516 455 969

1874 395 2174 453 NOTITIA.

3543 396 3651 451 970

410 517 705 587 Gregorius
738 535 753 572 :
786 531 1037 586 eamque,
1097 526 1236 572 teste
1282 516 1508 573 Socrate
1559 516 1668 589 (38)
1694 555 1710 579 ,
1759 525 1984 572 sanctus
2013 520 2055 576 Α
2087 515 2263 570 danda
2297 514 2566 570 videntur.
2591 514 2821 587 Jamque
2852 517 2922 573 ab
2947 516 3176 588 Evagrio
3201 515 3525 574 scholastico
3555 517 3653 573 ad-

410 607 731 678 Pamphilus
760 616 964 679 martyr
1021 608 1092 663 iis
1142 609 1298 664 libris
1340 610 1680 680 adjunxerat.
1711 624 1850 679 quos
1874 623 1973 677 pro

410 703 662 774 Origenis
709 701 1024 756 defensione
1049 703 1381 771 perscripsit.
1420 703 1513 757 Est
1543 716 1672 756 vero
1699 701 1814 757 haec
1851 688 1977 755 oral-

412 797 510 859 tio,
540 782 604 851 ἶιι
642 796 773 849 viris
816 795 991 850 doctis
1025 796 1397 859 observatum,
1449 797 1646 850 eximia
1700 795 1858 865 plane
1912 810 1978 850 ac

413 886 748 956 perelegans,
775 884 921 938 omni
968 884 1317 939 scientiarum
1367 900 1563 955 genere
1610 885 1748 939 satis
1801 885 1975 939 abun-

411 976 549 1029 dans
575 982 736 1043 atqne
760 975 899 1029 inter
919 982 1164 1028 veterum
1199 990 1363 1043 opera
1385 975 1706 1044 eloquentiae
1752 975 1974 1029 absolu-

413 1068 621 1121 tissima
642 1066 765 1135 jure
817 1064 1247 1120 annumeranda.
1279 1066 1350 1119 At
1398 1066 1464 1120 de
1494 1066 1640 1120 illius
1694 1067 1979 1135 praesentia

416 1160 489 1214 cl.
557 1157 801 1229 Bengelii
874 1157 1141 1227 judicium
1198 1173 1308 1227 prie
1363 1158 1573 1212 cteteris
1605 1160 1781 1229 placet
1824 1158 1975 1230 (59):

419 1271 442 1304 ‹
472 1249 614 1306 Eunt
641 1251 913 1315 homines,
950 1250 1147 1320 inquit,
1178 1251 1469 1320 casteroqui
1500 1251 1847 1315 excellentes,
1886 1251 1979 1320 qui

413 1361 582 1399 unum
619 1344 910 1414 aliquando
940 1345 1178 1398 libellum
1216 1343 1451 1398 naturali
1484 1342 1761 1402 refertum.
1793 1343 1980 1398 divino

412 1451 646 1490 vacuum
675 1437 808 1502 sale,
854 1443 1130 1504 tantopere
1156 1435 1512 1499 admirentur,
1545 1435 1829 1508 utmultis
1873 1432 1979 1490 Pa-

412 1536 557 1582 trum
587 1529 956 1584 voluminibus
995 1537 1347 1599 anteponant.
1380 1526 1492 1584 Hac
1525 1529 1728 1583 trutina
1781 1530 1825 1582 si
1852 1543 1982 1598 aga-

413 1635 560 1686 mus,
586 1620 683 1673 uni
737 1619 979 1675 vicissim
1034 1620 1306 1691 periochae
1349 1619 1595 1684 Patrum,
1639 1620 1800 1675 etiam
1853 1633 1979 1674 cum

411 1710 560 1765 aliud
592 1717 775 1780 agant,
809 1726 952 1780 saepe
994 1712 1117 1780 plus
1150 1711 1472 1775 tribuamus,
1526 1724 1689 1780 quam
1746 1710 1981 1779 ingenti-

2075 622 2360 661 monemur
2379 606 2517 675 (42),
2532 608 2735 664 mullos
2753 609 3083 678 Apollinaris
3097 609 3264 664 libros
3281 610 3583 664 Athanasio
3599 621 3653 667 et

2075 696 2324 766 Gregorio
2384 696 2777 769 Thaumaturgo
2823 711 2877 755 et
2926 698 3071 754 Julia
3104 699 3477 771 (Acephalos)
3510 701 3652 756 falso

2075 787 2429 857 ascripsisse:
2462 788 2695 852 Πολλοὺς
2728 789 3205 861 δὲἈπολλιναριου
3237 790 3446 859 λόγους,
3497 792 3656 848 Ἀθα-

2077 877 2264 948 vasin»,
2302 878 2397 932 καὶ
2427 879 2712 950 Γρηγορὶῳ
2737 880 2813 950 τῷ
2838 880 3247 953 Θαυματουργῷ
3272 882 3366 936 καὶ
3428 883 3651 955 Ἰουλίῳ,

2077 968 2165 1022 διὰ
2190 968 2298 1023 τῶν
2336 971 2652 1041 ἐπιγραφῶν
2682 971 3081 1025 ἁνατεθείκασι.
3116 971 3294 1041 Atque
3338 974 3654 1043 hujusmodi

2077 1067 2164 1114 est
2189 1060 2242 1113 in
2266 1060 2457 1130 primis
2506 1059 2782 1130 Expositio
2805 1062 2939 1131 ﬁdei
2966 1062 3250 1132 prolixior,
3288 1066 3549 1135 inscripta
3586 1066 3656 1121 Ἣ

2078 1152 2229 1206 κατὰ
2250 1152 2433 1221 μέρος
2452 1154 2680 1220 πίστις,
2714 1155 2818 1210 hoc
2864 1161 2966 1218 est,
2997 1153 3159 1209 Fides
3183 1158 3545 1226 particulatim
3568 1159 3659 1212 di-
3710 1154 3717 1161 ’

2080 1253 2269 1315 gesta:
2318 1246 2441 1300 ideo
2497 1248 2578 1302 sic
2628 1248 2793 1315 dicta,
2843 1255 2903 1301 ut
2951 1247 3338 1317 interpretatur
3380 1248 3653 1305 Gerardus

2081 1336 2310 1393 Vossius
2336 1337 2470 1409 (45),
2503 1339 2590 1393 vel
2617 1338 2765 1409 quod
2796 1355 2861 1393 ea:
2892 1348 3043 1408 parte
3073 1354 3194 1409 quae
3215 1351 3343 1395 sunt
3373 1341 3519 1409 ﬁdei,
3546 1352 3656 1397 trav

2080 1431 2172 1484 dat
2197 1439 2360 1499 atque
2383 1441 2647 1500 exponat;
2696 1431 2783 1485 vel
2836 1432 2980 1501 quod
3009 1447 3101 1501 per
3127 1443 3299 1500 partes
3333 1434 3385 1487 in
3425 1449 3489 1488 ea
3523 1436 3658 1489 tides

2080 1520 2395 1589 explicetur.
2425 1520 2576 1576 Haiic
2598 1530 2780 1576 autem
2812 1521 3206 1589 Expositionem
3238 1525 3535 1594 genuinum
3561 1542 3657 1596 pa-

2084 1623 2292 1668 rentem
2344 1629 2645 1684 agnoscere
2703 1614 3123 1685 Apollinarium,
3178 1617 3353 1685 palam
3403 1633 3658 1689 compro—

2084 1705 2286 1759 barunt
2309 1707 2411 1761 sub
2441 1705 2624 1767 Leone
2668 1704 2689 1758 l
2721 1706 3050 1777 imperatore
3093 1706 3371 1762 Palaestini
3401 1711 3657 1766 monachi

414 1802 517 1856 bus
543 1802 797 1871 quamvis
831 1802 1111 1855 subtilium
1162 1802 1504 1873 ingeniorum
1547 1801 1822 1870 operibus.
1866 1798 1982 1856 Hoc
2011 1864 2050 1873 _
2085 1806 2139 1850 ct
2171 1797 2262 1851 alii
2318 1796 2780 1853 Chalcedonensis
2825 1798 3044 1853 concilii
3083 1808 3539 1870 propugnatores,
3569 1802 3659 1857 iu-

414 1864 714 1963 certc-‘loco
744 1891 1041 1962 Gregorius
1071 1864 1339 1962 exquisite
1385 1864 1784 1960 complectitur,
1817 1887 1980 1958 quid-
2011 1864 2055 1919 Β
2084 1888 2203 1957 quit
2225 1887 2296 1942 ci.
2332 1888 2662 1958 Lequienius
2693 1889 2828 1960 (44),
2887 1864 3101 1960 prolato
3127 1864 3385 1946 nimirum
3431 1864 3657 1962 operun'.

413 1986 545 2055 quid
577 1987 643 2040 de
665 1986 952 2041 virtutibus
988 1994 1039 2039 et
1065 1985 1208 2039 vitiis
1258 1983 1362 2038 dici
1401 1990 1597 2054 potest.
1642 2001 1660 2033 ι
1707 1980 1978 2047 Quantum

412 2091 578 2146 porro
603 2075 776 2146 prosit
818 2082 1075 2144 praeterea
1131 2074 1250 2129 haec
1294 2073 1410 2143 ipsa
1458 2073 1642 2128 oratio
1672 2073 1739 2127 ad
1768 2085 1983 2126 summa

417 2168 544 2222 ﬁdei
575 2169 750 2238 capita
776 2167 1170 2231 conﬁrmanda,
1207 2166 1395 2220 Bullus
1438 2164 1674 2235 primum
1706 2162 1839 2235 (40),
1889 2163 1982 2217 de-

416 2260 542 2316 inde
566 2260 820 2313 Mai-anus
847 2257 958 2330 (41)
985 2259 1227 2313 lucenter
1251 2257 1709 2312 demonstrarunt.

484 2352 568 2406 Ad
596 2352 757 2422 hujus
794 2361 972 2406 autem
1001 2348 1264 2404 orationis
1297 2347 1564 2403 editiones
1594 2347 1737 2418 quod
1764 2345 1979 2408 attinet,

412 2450 726 2496 contextum
781 2438 1025 2494 Graecum
1055 2478 1071 2503 ,
1134 2438 1314 2492 addita
1371 2436 1813 2505 interpretatione
1867 2431 1983 2488 Sir-

416 2531 625 2594 mondi,
675 2530 885 2600 primus
940 2527 1212 2598 evolgavit
1261 2525 1534 2580 Gerardus
1564 2523 1790 2580 Vossius
1833 2522 1983 2577 Tun-

416 2623 630 2693 grensis
691 2627 1036 2690 praeposrtus,
1091 2616 1383 2689 Moguntiae
1426 2633 1571 2672 anno
1614 2615 1773 2682 1604,
1818 2628 1983 2686 atque

413 2712 578 2766 istam
623 2711 913 2766 editionem
947 2710 1214 2780 expressit
1270 2708 1592 2765 Parisiensis
1638 2723 1767 2762 ann.
1822 2706 1979 2760 1621.

418 2803 619 2858 Verum
651 2803 791 2856 hanc
843 2801 1013 2857 altera
1065 2810 1435 2872 przecesserat,
1467 2816 1587 2871 quae
1617 2800 1797 2854 studio
1823 2798 1984 2853 Davi-

419 2897 505 2951 dis
543 2894 836 2949 Htescbelii
895 2909 1015 2949 cum
1078 2895 1328 2950 versione
1386 2891 1729 2946 Rhodomani
1785 2891 1985 2960 prodiit

419 2990 677 3058 Augusta:
708 2985 1112 3042 Vindelicorum
1146 3001 1290 3040 anno
1333 2983 1493 3048 1605,
1527 2981 1984 3053 Origenis'contra

415 3083 628 3139 Celsum
654 3083 807 3138 libris
833 3083 1144 3152 subjuncta,
1173 3096 1295 3135 cum
1320 3080 1599 3135 nonnullis
1623 3079 1869 3143 editoris,
1899 3077 1987 3132 in-

415 3176 668 3247 terpretis
716 3183 881 3246 atque
920 3172 1088 3231 lsaaci
1147 3172 1457 3229 Casauboni
1511 3171 1674 3227 notis.
1746 3169 1984 3240 Hujusce

414 3279 596 3323 autem
630 3267 813 3324 saeculi
863 3282 1003 3322 anno
1049 3264 1186 3319 1722
1235 3264 1558 3333 Stutgardite
1588 3271 1837 3332 quartam
1863 3263 1981 3316 edi-

414 3361 618 3416 tionem
658 3360 839 3415 emisit
880 3357 1119 3414 Joannes
1155 3357 1406 3412 Albertus
1434 3356 1740 3426 Bengelius,
1772 3356 1981 3411 caeteris

417 3454 591 3509 multo
626 3452 1075 3515 emendatiorem,
1106 3464 1267 3520 quam
1299 3456 1355 3503 et
1392 3448 1618 3502 eruditis
1643 3448 1982 3503 observatio-

414 3546 579 3600 nibus
612 3553 820 3599 textum
850 3542 1195 3612 potissimum
1253 3539 1622 3609 spectantibus
1671 3538 1977 3593 illustravit.

412 3638 592 3707 Atque
645 3637 786 3690 hanc
835 3632 1298 3704 Stutgardiensem
1353 3631 1643 3686 editionem
1687 3629 1979 3684 dolendum

416 3745 551 3785 sane
598 3727 925 3798 praeteriisse
969 3725 1145 3780 virum
1177 3724 1421 3792 doctum,
1447 3723 1542 3794 qui
1572 3722 1815 3778 eamdem
1842 3719 1979 3776 Grec

414 3818 554 3888 gorii
585 3818 755 3873 nostri
808 3816 1109 3871 orationem
1153 3822 1351 3883 quarto
1401 3812 1665 3867 volumini
1697 3809 1981 3881 Origenia-

416 3924 612 3965 norum
648 3907 876 3963 intexuit
918 3906 1193 3975 ediditque
1242 3905 1469 3960 Parisiis
1506 3920 1649 3960 anno
1690 3903 1849 3958 1759.
1883 3900 1980 3958 His

416 4002 601 4067 itaque
622 3998 881 4055 subsidiis
928 3997 1179 4051 instructi
1210 4004 1454 4050 nostram
1481 3994 1816 4065 paravimus,
1842 3992 1981 4047 Ben-

415 4090 617 4161 gelium
654 4092 971 4159 plerumque
999 4088 1285 4152 assectati;
1318 4101 1547 4155 eamque
1575 4101 1669 4154 pro
1702 4100 1851 4139 more
1884 4099 1981 4138 no-

417 4192 533 4236 stro
603 4181 658 4233 in
693 4179 873 4247 capita
939 4193 1035 4232 seu
1084 4178 1354 4232 sectiones
1401 4176 1781 4230 distribuimus
1810 4214 1825 4237 ,
1869 4189 1980 4244 quo

417 4272 678 4327 nimirum
727 4270 848 4340 ejus
898 4270 1060 4325 lectio
1120 4267 1334 4323 facilior
1382 4267 1671 4333 utiliorque
1726 4268 1979 4334 deinceps

417 4363 629 4417 evadat.

415 4454 504 4510 Vl.
552 4454 678 4509 Hac
726 4462 929 4507 tantum
970 4468 1131 4521 supra
1167 4459 1461 4503 memorata
1492 4447 1731 4517 Gregorii
1762 4447 1979 4521 [Σερβω-

483 4525 737 4581 sariensis
779 4524 983 4576 sincera
1034 4518 1335 4574 litterarum
1365 4528 1722 4572 monumenta.
1755 4518 1975 4585 Reliqua

486 4596 563 4650 vel
591 4596 756 4649 dubia
792 4593 867 4646 vel
890 4592 1355 4661 pseudepigraplta.
1398 4589 1821 4661 Expositiojidei
1851 4604 1976 4657 pro-

485 4667 648 4720 lixior
689 4657 1014 4733 Apollinarii
1058 4657 1183 4733 esse
1215 4657 1625 4733 demonstratur.
1671 4657 1820 4712 Idem
1859 4674 1979 4713 sen-

486 4730 823 4790 tiendum‘de
846 4730 1347 4787 Anathematismis.

487 4826 614 4883 llaec
663 4842 828 4897 porro
886 4826 1190 4879 litterarum
1252 4830 1603 4876 monumenta
1659 4820 1725 4874 de
1780 4821 1980 4890 quibus

416 4919 682 4974 hactenus
706 4917 1123 4982 edisseruimus,
1150 4930 1214 4970 ea
1241 4924 1368 4969 sunt
1408 4914 1693 4978 duntaxat,
1718 4926 1838 4982 quae
1865 4920 1981 4965 tum

416 5020 660 5066 veterum
693 5011 1035 5071 auctoritate,
1086 5016 1199 5062 tum
1234 5005 1595 5060 recentiorum
1644 5003 1979 5058 eruditorum

413 5114 690 5156 consensu
717 5107 965 5153 sanctum
990 5097 1309 5169 Gregorium
1357 5094 1847 5150 Neocaesariensem
1867 5094 1983 5162 θρὶ-

417 5205 646 5259 scopum
681 5195 956 5242 auctorem
984 5199 1306 5258 agnoscunt.
1341 5185 1565 5256 Reliqua
1599 5201 1728 5241 vero
1772 5201 1895 5255 quae
1927 5185 1979 5238 in

415 5283 582 5337 editis
611 5280 713 5336 sub
737 5279 857 5349 ejus
891 5279 1111 5334 nomine
1136 5278 1619 5344 circumferuntur,
1645 5277 1756 5331 alio
1785 5292 1981 5331 aman-

488 5411 600 5481 (58)
628 5411 771 5465 Hist.
801 5410 927 5465 ccci.
956 5411 1051 5466 lib.
1078 5427 1153 5477 IV,
1182 5426 1302 5480 cap.
1331 5411 1422 5465 27.

488 5478 601 5546 (59)
638 5481 694 5535 In
730 5492 844 5537 not.
878 5483 943 5536 ad
970 5491 1108 5535 orat.
1151 5484 1205 5535 in
1233 5478 1451 5550 Origen.
1488 5495 1608 5549 cap.
1630 5478 1735 5550 12.

490 5553 599 5622 (40)
632 5553 843 5622 Defens.
870 5552 964 5621 βό.
994 5550 1143 5618 Nic.,
1184 5561 1316 5607 sect.
1338 5549 1407 5617 in,
1433 5566 1553 5621 cap.
1585 5549 1671 5615 12,
1700 5550 1727 5618 §
1774 5549 1822 5611 ι,
1856 5562 1977 5617 pag.

418 5624 537 5679 153.
572 5639 723 5692 seqq.
1070 5691 1078 5692 γ
1656 5688 1676 5692 ᾼ
1697 5689 1709 5692 _
1883 5686 1942 5692 _.-
1959 5686 1972 5692 -

490 5694 597 5763 (41)
623 5686 798 5747 Dicin.
846 5693 915 5748 D.
950 5691 1023 5747 Ν.
1052 5691 1107 5747 Ι.
1152 5693 1237 5758 C.,
1275 5692 1370 5747 lib.
1400 5708 1472 5759 tv,
1499 5706 1620 5761 cap.
1651 5688 1742 5754 20,
1797 5702 1849 5758 p.
1880 5686 1975 5740 521

420 5779 600 5902 “iis
636 5831 776 5888 Hoc.
812 5833 939 5887 eccl.
965 5833 1058 5889 lib.
1089 5850 1173 5899 ιιι,
1206 5849 1327 5904 cap.
1355 5833 1446 5889 ει.

735 5930 998 5989 Parant.
1049 5927 1165 5992 Gn.
1201 5924 1283 5989 Χ.

2081 1979 2247 2049 hujus
2280 1980 2660 2036 haeresiarchas
2704 1982 2920 2046 iudice,
2971 1997 3132 2051 quem
3179 1981 3500 2040 Timotheus
3536 1987 3657 2057 ejus

2083 2071 2384 2140 discipulus
2415 2073 2546 2127 olim
2600 2080 2970 2129 contexuerat.
3023 2072 3178 2138 Quod
3222 2076 3440 2144 quidem
3470 2088 3657 2147 postea

2084 2162 2285 2217 diserte
2309 2170 2539 2218 testatus
2569 2170 2653 2219 est
2676 2162 2936 2218 Leontius
2959 2161 3253 2235 Byzantius
3300 2167 3353 2220 in
3399 2168 3541 2223 libro
3562 2168 3659 2224 ad-

2082 2268 2275 2308 versus
2326 2251 2763 2321 Apollinaristas,
2801 2254 2889 2309 cui
2936 2255 3128 2310 titulus
3154 2254 3345 2312 Latine
3390 2259 3654 2325 redditus,

2084 2342 2153 2398 In
2182 2360 2272 2398 eos
2293 2345 2384 2415 qui
2408 2346 2683 2415 proferunt
2709 2345 2858 2400 nobis
2880 2348 3123 2417 quadam
3145 2347 3487 2417 Apollinarii,
3516 2349 3658 2420 falso

2083 2436 2340 2505 inscripta
2380 2437 2589 2491 nomine
2617 2444 2922 2490 sanctorum
2976 2436 3220 2491 Patrum.
3256 2435 3346 2493 Sic
3369 2438 3536 2509 igitur
3568 2439 3660 2495 ille

2086 2529 2274 2583 statim
2307 2529 2376 2583 ab
2404 2529 2559 2584 initio
2581 2528 2735 2599 (45):
2772 2546 2791 2580 ι
2826 2527 3057 2596 Quidam
3108 2545 3174 2584 ex
3207 2529 3400 2586 barresi
3452 2532 3660 2601 Apolli-

2084 2620 2227 2674 narii
2274 2621 2360 2676 vel
2403 2621 2659 2692 Eutycbis
2696 2621 2781 2675 vel
2818 2621 3083 2687 Dioscori,
3129 2637 3251 2677 cum
3297 2623 3497 2677 vellent
3545 2624 3658 2678 lue-

2087 2713 2251 2768 resim
2303 2728 2458 2769 suam
2500 2711 2858 2779 confirmare,
2906 2715 3170 2783 quasdam
3223 2716 3498 2771 orationes
3544 2715 3657 2786 (λόε-

2082 2803 2247 2876 γους)
2277 2802 2620 2873 Apollinarii,
2651 2802 2904 2875 Gregorio
2940 2803 3337 2876 Thaumaturgo
3370 2818 3463 2862 aut
3494 2808 3660 2861 Atha-

2086 2895 2235 2948 nasio
2264 2902 2360 2948 aut
2383 2893 2531 2949 Julia
2559 2895 2974 2966 inscripserunt,
3011 2907 3069 2952 ut
3100 2898 3461 2967 simpliciores
3501 2899 3653 2954 falle-

2090 2995 2241 3040 rent:
2271 2985 2416 3055 quod
2445 2984 2667 3056 quidem
2691 2986 3054 3056 perfecerunt.
3081 3026 3095 3042 .
3116 3029 3161 3043 ..
3192 2987 3259 3042 Et
3284 2989 3428 3058 apud
3458 2990 3661 3046 multos

2087 3097 2154 3135 ex
2187 3089 2334 3136 recte
2382 3080 2727 3136 credentibus
2769 3082 3007 3150 reperire
3044 3082 3250 3151 poteris
3292 3083 3513 3146 librum,
3566 3084 3658 3138 cui

2086 3176 2297 3241 titulus,
2313 3174 2385 3230 'H
2401 3173 2551 3229 κατὰ
2561 3172 2741 3244 μέρος
2760 3174 2984 3241 πίστις,
3002 3175 3319 3245 inscriptum
3350 3174 3617 3246 Gregorio.
3633 3195 3653 3229 ι

2085 3265 2341 3337 idemque
2367 3265 2636 3337 judicium
2660 3266 2784 3321 tulit
2807 3264 3070 3336 Eulogius
3089 3266 3491 3323 Alexandrinus
3513 3269 3658 3338 apud

2086 3358 2339 3413 Pbotium
2375 3358 2511 3431 (46).
2547 3357 2613 3412 Et
2640 3361 2985 3428 postmodum
3014 3360 3211 3414 similia
3250 3361 3469 3429 scripsit
3491 3362 3655 3415 etiam

2084 3450 2423 3522 Nicephorus
2450 3449 2566 3506 CP.
2591 3451 2748 3506 initio
2776 3450 3175 3507 dissertationis
3204 3459 3395 3507 contra
3423 3451 3660 3523 Epipha-

2086 3542 2292 3596 nidem.
2866 3581 2877 3585 -

2161 3652 2180 3684 ‹
2216 3631 2472 3699 Quinimo
2509 3629 2725 3698 (verbis
2751 3641 2876 3686 utor
2906 3630 3010 3685 viri
3041 3631 3188 3687 docti
3215 3630 3327 3701 (47)
3352 3632 3514 3688 modo
3534 3632 3661 3687 lau—

2086 3723 2228 3794 dati)
2258 3723 2504 3793 ejusdem
2528 3722 2689 3792 plane
2718 3719 2947 3777 furfuris
2968 3730 3096 3776 sunt
3116 3722 3191 3775 illi
3209 3722 3483 3776 duodecim
3513 3722 3661 3777 Ana-

2086 3816 2409 3870 thematismi
2457 3830 2574 3868 cum
2609 3830 2792 3869 eorum
2842 3815 3293 3884 interpretatione,
3333 3830 3456 3885 qua
3482 3814 3663 3871 Thau-

2084 3909 2320 3978 tnaturgi
2344 3922 2542 3962 nomen
2571 3906 2797 3976 perinde
2822 3907 3103 3975 praeﬁxum
3134 3906 3353 3961 habent.
3371 3906 3484 3962 Etsi
3512 3908 3657 3963 enim

2083 4014 2193 4053 una
2217 4010 2411 4052 natura
2443 3998 2499 4051 in
2530 3999 2610 4053 eis
2642 3998 2844 4052 diserte
2870 4012 2979 4051 non
3017 3999 3368 4067 exprimitur,
3403 4000 3657 4055 latentem

2070 4074 2265 4143 tamen
2296 4087 2482 4143 dolum
2534 4087 2780 4142 indicant
2811 4089 3088 4142 consueta:
3118 4088 3518 4157 Apollinaristis
3574 4089 3657 4143 lo-

2084 4179 2353 4241 cutiones,
2385 4178 2587 4248 quibus
2621 4177 2761 4232 male
2811 4192 2977 4233 sanas
3019 4177 3240 4232 Diodori
3277 4178 3564 4234 Tarsensis
3590 4180 3658 4234 de

2080 4268 2285 4324 Christi
2315 4282 2546 4339 persona
2577 4276 2633 4322 et
2660 4276 2855 4322 natura
2872 4282 3035 4323 voces
3055 4270 3460 4339 expugnahant.
3492 4285 3660 4339 seque

2084 4362 2220 4416 adeo
2255 4360 2533 4416 catholicae
2581 4360 2703 4415 lidei
2750 4358 3090 4430 professores
3118 4361 3502 4415 obtendebant.
3548 4359 3656 4416 Sed

2083 4464 2140 4508 et
2170 4454 2223 4508 in
2278 4454 2471 4524 primis
2499 4469 2565 4510 ex
2596 4454 2788 4509 iisdem
2822 4455 3073 4525 capitulis
3121 4454 3477 4517 addiscimus.
3516 4469 3656 4522 quo-

2006 4554 2051 4618 D
2083 4562 2206 4601 nam
2229 4555 2386 4617 pacto
2405 4546 2706 4618 Scriptura:
2727 4563 2895 4603 sacra:
2928 4548 3044 4603 loca
3075 4548 3247 4614 varia,
3277 4547 3477 4617 quibus
3502 4546 3662 4601 Chri-

2086 4650 2225 4706 stus,
2261 4650 2322 4695 ut
2342 4640 2645 4707 divinitate,
2675 4641 2749 4695 ita
2802 4649 2857 4695 et
2884 4640 3220 4695 humanitate
3277 4637 3552 4708 perfectus
3580 4640 3657 4695 si-

2084 4731 2393 4801 gniﬁcatur,
2424 4732 2490 4787 ad
2516 4748 2676 4787 suum
2702 4747 2923 4787 sensum
2955 4740 3290 4802 torquerent.
3326 4729 3434 4786 Nec
3470 4729 3655 4786 fucum

2084 4820 2268 4890 faciat,
2297 4822 2391 4877 ubi
2423 4824 2660 4877 animam
2693 4822 2909 4878 Domini
2944 4823 3190 4894 ἀνόητον,
3233 4824 3425 4877 mentis
3467 4839 3655 4890 exper-

2087 4924 2209 4986 tem,
2231 4929 2353 4972 esse
2378 4916 2593 4970 videtur
2620 4915 2870 4970 inﬁciari.
2901 4915 3023 4971 Non
3070 4916 3216 4971 enim
3248 4915 3486 4970 humana
3514 4915 3658 4969 nati-

2087 5006 2526 5075 vaquehominis
2559 5014 2739 5061 mente
2781 5005 3059 5075 prmditam
3121 5004 3385 5074 intelligit,
3433 5004 3526 5058 sed
3571 5004 3656 5058 di-

2085 5095 2213 5149 vino
2247 5094 2431 5163 Verbi,
2476 5105 2538 5150 ut
2564 5096 2659 5164 ait,
2683 5097 2895 5167 spiritu,
2923 5112 3032 5165 quo
3061 5094 3261 5150 factum
3291 5094 3379 5158 sit,
3409 5103 3467 5147 ut
3487 5094 3652 5165 ἀνόηο

2084 5205 2194 5253 τος,
2211 5188 2399 5243 mentis
2429 5205 2633 5256 expers,
2653 5189 2900 5246 absolute
2913 5188 3020 5244 dici
3039 5203 3146 5242 non
3168 5186 3431 5240 debuerit.
3450 5184 3655 5251 Quam-

2085 5281 2273 5335 obrem
2303 5279 2573 5350 ejusmodi
2598 5279 2847 5336 formulae
2885 5280 3007 5334 lidei
3036 5286 3090 5333 et
3116 5276 3554 5332 anathematismi
3584 5276 3654 5332 ad

2157 5392 2351 5480 (45)ln
2385 5412 2610 5481 Argum.
2632 5408 2808 5481 hujus
2833 5406 3031 5481 Expos.

2157 5477 2272 5544 (44⁷)
2306 5477 2529 5535 9158θῦ1.
2557 5478 2594 5531 2
2631 5477 2948 5548 Damasc.__§
2973 5478 3028 5548 εξ,
3052 5492 3182 5548 pag.
3208 5491 3275 5548 μ.

2159 5551 2269 5621 (45)
2300 5549 2493 5605 Leont.
2522 5548 2673 5620 Byz.,
2697 5556 2829 5602 tom.
2859 5543 2943 5601 1Χ⁷
2972 5543 3112 5600 Bibl.
3136 5543 3263 5599 ῬΡ.
3296 5543 3492 5615 Lugd.,
3528 5558 3651 5615 pag.

2085 5621 2463 5765 7οἷ46)βὶὸί.,
2484 5689 2839 5765 cod._ccxxx._
2864 5755 2896 5765 _
2946 5746 2952 5765 1

2159 5752 2269 5832 (47)
2290 5760 2550 5831 chuien.
2571 5759 2789 5815 dissert.
2809 5757 2843 5810 2
2861 5752 3134 5819 Dainase.,
3160 5752 3186 5826 §
3216 5755 3270 5823 9,
3298 5769 3422 5827 pag.
3440 5763 3650 5808 nam.

3251 5913 3322 5975 31
