4090 6376
440 387 537 445 071

1425 381 1485 439 S.
1523 381 1917 439 GREGORIUS
1953 378 2552 436 THAUMATURGUS.

3593 372 3699 426 972

443 511 599 566 illum
630 509 864 579 lapidem
914 507 1117 579 lydium
1176 506 1478 563 revocanda
1541 516 1691 568 sunt,
1731 521 1893 576 quem
1948 521 2015 560 ex
2042 510 2090 566 Α
2117 503 2279 560 dedat
2332 502 2503 558 sacris
2552 497 2749 554 litteris
2805 493 3137 551 excolendis.
3180 492 3390 563 Scripta
3427 498 3511 546 est
3548 490 3696 545 circa

444 602 707 672 Gregorio
733 597 1075 652 Nazianzeno
1107 596 1218 667 (48)
1271 606 1491 666 prepter
1521 594 1714 650 Vitatis
1744 596 2021 665 Apollina-

445 695 593 749 rista:
652 692 885 747 similem
936 689 1338 745 confessionem
1398 689 1562 759 paulo
1619 698 1745 743 ante
1788 688 2022 759 protuli-

443 802 589 841 mus.
626 785 943 839 illactenus
974 781 1039 836 ν.
1089 782 1153 837 C.
1210 798 1371 851 quem
1425 781 1654 836 consule
1688 798 1905 852 quoque
1952 783 2019 837 ad

444 875 720 932 Parallela
759 874 1142 929 Damascenica
1197 872 1433 942 (49),ubi
1466 889 1532 928 ex
1565 874 2020 929 anathematismo

444 970 512 1024 12
538 968 639 1025 sub
664 970 885 1023 nomine
940 966 1335 1036 Thaumaturgi
1384 966 1607 1036 longum
1634 965 1897 1021 referetur
1927 982 2022 1021 ex-

441 1071 682 1131 cerptum
693 1099 707 1113 .

445 1151 557 1206 Vll.
611 1151 859 1206 Virorum
908 1152 1241 1205 eruditorum
1289 1152 1550 1204 sententia
1595 1149 1657 1202 de
1694 1147 2020 1204 liomiiiisnv

477 1235 525 1276 ct
561 1225 626 1277 de
658 1225 865 1277 Anima:
885 1223 1253 1293 disputatione
1283 1233 1465 1275 sancto
1494 1221 1647 1273 Patri
1684 1220 1981 1273 attributis.

511 1315 644 1382 Qum
664 1330 792 1369 vero
810 1324 1027 1371 exstant
1051 1314 1104 1368 in
1133 1314 1293 1368 editis
1316 1312 1579 1383 Gregorio
1601 1310 2021 1367 Neocaesariensi

336 1415 343 1425 '
441 1406 692 1477 ascripta:
720 1405 996 1461 orationes
1023 1406 1135 1460 sive
1155 1404 1397 1459 homiliae
1421 1403 1703 1473 iv,cjusne
1724 1417 1849 1457 vere
1890 1402 2020 1468 sint,

444 1513 635 1564 necne,
662 1497 806 1552 haud
841 1508 992 1551 certo
1024 1495 1378 1566 pronuntiare
1398 1495 1524 1564 quis
1552 1495 1746 1549 valeat.
1775 1492 1894 1548 Jam
1927 1494 2024 1547 tri-

441 1592 545 1646 bus
579 1588 919 1654 auctoribus,
951 1586 1144 1642 Joanni
1203 1586 1617 1656 Chrysostomo,
1671 1593 1861 1640 nostro
1892 1583 2024 1639 Gre-

441 1682 596 1751 gorio
633 1692 691 1736 et
732 1679 972 1735 Macario
1006 1677 1470 1748 Philadelphiensi
1523 1677 1780 1732 tributam
1843 1678 2021 1732 homi—

441 1776 569 1829 liam
601 1775 636 1828 5
660 1774 716 1828 in
739 1770 1254 1835 Annuntiationem,
1309 1771 1364 1825 in
1393 1786 1528 1825 mss.
1563 1770 1845 1825 codicibus
1875 1768 2026 1825 ϐηρ-

443 1869 527 1923 cis
558 1883 617 1923 se
660 1865 938 1921 invenisse
987 1872 1220 1918 testatur
1266 1864 1335 1917 cl.
1395 1860 1835 1916 Montfauconius
1885 1860 2020 1931 (50).
2055 1874 2097 1929 Β

447 1960 694 2029 Eamque
729 1957 833 2013 sub
864 1957 1084 2011 nomine
1107 1954 1482 2026 Chrysostomi
1513 1952 1684 2007 edidit
1718 1953 1887 2008 multo
1920 1968 2018 2007 au-

443 2052 671 2108 ctiorem
703 2048 1066 2105 Combefisius
1094 2046 1206 2117 (51)
1226 2091 1242 2115 ,
1295 2046 1387 2116 qui
1420 2046 1693 2100 eruditum
1721 2045 1938 2115 quidem
1963 2058 2026 2098 ac

445 2142 596 2212 pium
624 2139 801 2196 doctte
852 2137 1194 2207 antiquitatis
1246 2143 1663 2190 monumentum
1690 2143 1904 2199 censet;
1935 2134 2023 2187 in-

440 2242 624 2288 certus
658 2240 839 2286 tamen
896 2230 1108 2285 [nereus
1154 2229 1374 2283 cuinam
1405 2228 1552 2282 illam
1597 2228 1848 2298 scriptori
1878 2226 2024 2282 assi-

439 2334 586 2397 gnet,
618 2340 684 2379 eo
718 2323 935 2378 tandem
981 2322 1220 2387 devenit,
1253 2329 1313 2374 ut
1354 2335 1532 2390 neque
1564 2318 2025 2375 Neoczesariensis

440 2432 619 2487 neque
645 2414 1023 2487 Chrysostomi
1062 2414 1285 2484 γνήσιον
1329 2412 1526 2467 dixerit
1556 2411 1692 2479 (5‘2).
1729 2410 2025 2465 llomiliam

445 2509 633 2564 vero?
684 2509 741 2562 in
767 2506 1287 2573 Annuntiationem,
1341 2502 1521 2560 Procli
1567 2501 1675 2559 GP.
1714 2503 2027 2572 suspicatur

452 2600 776 2656 Vincentius
793 2598 1098 2654 Riccardus
1124 2598 1256 2668 (ὃὸ),
1273 2597 1432 2668 cujus
1463 2596 1763 2652 sententias
1786 2595 2027 2649 imitetur

434 2704 492 2749 et
513 2708 701 2750 vocem
725 2693 1004 2759 θεοτόκος
1026 2689 1257 2745 aﬂ‘cctet.
1283 2690 1428 2745 idem
1454 2689 1541 2744 dic
1560 2688 1626 2743 de
1648 2688 1871 2757 reliquis
1890 2687 2027 2741 dua-

437 2787 543 2842 bus
572 2801 699 2841 cum
730 2785 866 2840 viris
919 2782 1345 2847 eruditissimis;
1378 2780 1472 2852 qui
1520 2788 1573 2835 et
1600 2781 1657 2835 in
1706 2781 2023 2835 alterutram

435 2886 649 2950 partem
678 2877 978 2948 quidquam
1007 2874 1142 2931 certi
1173 2874 1533 2944 pronuntiare
1564 2887 1672 2927 non
1709 2872 1912 2927 audent
1961 2870 2025 2925 de

437 2971 633 3025 anima:
677 2986 769 3040 per
819 2969 995 3039 capita
1020 2967 1384 3037 disputatione
1406 2965 1475 3019 ad
1499 2963 1810 3030 Tatianum,
1834 2972 2025 3017 nostro

438 3066 570 3119 item
600 3062 862 3134 Gregorio
882 3061 1084 3116 tributa
1106 3059 1477 3129 ;quippejqua:
1503 3058 1572 3112 ab
1603 3056 1725 3127 ejus
1749 3056 1891 3127 stylo
1938 3053 2027 3108 ni-

438 3156 547 3211 mis
561 3157 759 3224 aliena,
787 3163 841 3211 et
856 3154 958 3211 aevi
984 3154 1142 3223 longe
1166 3150 1487 3221 posterioris
1506 3164 1629 3206 esse
1648 3148 1895 3204 videatur
1912 3146 2013 3217 (ὁ).

441 3268 579 3325 VIII.
619 3271 697 3325 De
725 3268 970 3340 Origenis
1004 3269 1229 3339 epistola
1252 3267 1503 3337 Gregorio
1531 3264 2022 3340 nostrainscripta:
2051 3256 2094 3315 C

508 3358 602 3397 nec
653 3357 762 3395 non
816 3333 880 3395 ἇε
920 3333 1068 3394 illius
1121 3340 1240 3394 Vita
1281 3333 1375 3407 per
1425 3346 1667 3407 sanctum
1701 3333 2021 3407 Gregorium

510 3412 836 3537 ﬁyssenum.
892 3411 1185 3466 Sinistrum
1227 3402 1484 3463 Dodwelli
1534 3402 1829 3476 judicium’
1866 3402 2022 3473 refel-

533 3502 551 3536 ι
579 3499 663 3538 ur.
971 3517 981 3525 ο

514 3594 614 3651 llis
652 3595 838 3665 itaque
861 3592 1120 3663 operibus
1148 3592 1264 3647 sive
1283 3590 1466 3646 dubiis
1498 3589 1612 3645 sive
1638 3586 2025 3658 pseudepigra—

440 3690 567 3761 phis
590 3685 995 3759 praetermissis,
1026 3701 1089 3739 ea
1118 3683 1301 3754 potius
1360 3682 1591 3738 sinceris
1627 3680 1800 3736 sancti
1846 3680 2024 3735 Patris

446 3778 818 3835 monumentis
868 3776 1208 3847 subjicienda
1264 3774 1730 3838 existimavimus,
1782 3787 1905 3842 qua:
1956 3771 2025 3826 ad

440 3875 622 3943 ipsum
661 3871 885 3942 propius
914 3869 1188 3940 pertinere
1213 3876 1541 3923 noscuntur.
1576 3865 1842 3920 Nimirum
1867 3863 2024 3919 exhi—

443 3966 636 4022 bemus
659 3962 895 4034 primum
930 3978 962 4017 e
993 3957 1307 4016 Pliilocalia:
1328 3960 1505 4030 capite
1530 3959 1619 4024 15,
1643 3958 1841 4013 additis
1879 3956 2026 4010 notis

438 4056 665 4113 Joannis
701 4054 888 4112 Tarini
912 4097 929 4123 ,
963 4053 1213 4124 Origenis
1243 4054 1529 4124 epistolam
1586 4053 1654 4107 ad
1704 4050 2024 4122 Gregorium

442 4147 915 4219 Thaumaturgum
966 4147 1089 4217 ejus
1145 4146 1504 4218 discipulum,
1537 4159 1647 4216 qua
1680 4143 1860 4214 ipsum
1896 4141 2028 4197 hor-

441 4253 609 4310 tatur,
667 4251 749 4308 ut,
775 4249 1089 4311 contempto
1116 4238 1478 4311 philosophiae
1532 4235 1735 4302 studio,
1761 4244 1935 4291 totum
1969 4249 2029 4289 se

513 4421 627 4562 (48)
661 4419 837 4491 Epist.
865 4419 902 4473 2
925 4420 994 4474 ad
1020 4418 1247 4474 Cledon.

537 4494 625 4559 49)
656 4490 919 4561 Lequien.
943 4490 1012 4545 ad
1058 4488 1243 4543 Parati

537 4481 919 4574 49")_l:équien.
943 4490 1012 4545 ad
1058 4488 1266 4543 Parati.
1320 4485 1596 4551 Damasc.,
1633 4482 1769 4556 Opp.
1800 4493 1933 4540 tom.
1961 4481 2026 4550 ll,

419 4562 884 4701 “facii-lineae
910 4630 980 4685 ad
1029 4639 1164 4683 tom.
1194 4626 1378 4701 l_0pp.
1404 4625 1779 4701 Chrys.,_§‘5.

514 4696 631 4774 (51)
658 4704 886 4774 Auctor.
916 4716 1037 4754 nov.
1062 4708 1196 4754 tom.
1226 4699 1269 4765 l,
1289 4696 1456 4774 pagg.
1490 4696 1742 4774 602610,

513 4766 736 4845 (52)-10.
766 4773 821 4826 in
841 4785 1053 4826 recens.
1100 4766 1317 4824 auctor.
1347 4766 1429 4823 ad
1462 4777 1593 4824 tom.
1628 4768 1649 4820 ι
1681 4766 1821 4822 Bibl.
1848 4782 2020 4832 conc.,

439 4843 565 4917 pag.
594 4843 679 4898 16.

514 4914 626 4986 (55)
654 4914 734 4986 Ad
761 4910 975 4986 Orat.76A
1005 4911 1209 4986 Procli.

510 4980 626 5057 (54)
650 4985 795 5039 Bibl.
830 4984 1021 5049 CoisL,
1046 4999 1169 5055 pag.
1197 4980 1322 5037 180.

2123 609 2326 650 annum
2356 592 2558 648 Christi
2596 589 2718 645 240.
2753 587 2903 643 Hanc
2929 604 3060 643 vero
3089 587 3376 658 epistolam
3410 583 3696 652 Origenia—

2122 701 2247 740 nam
2276 683 2478 753 excipit
2519 680 2637 735 Vita
2664 679 2905 750 ejusdem
2952 679 3125 733 sancti
3176 676 3421 746 Gregorii
3471 674 3696 729 Neocae-

2122 778 2380 835 sariensis
2424 792 2453 830 a
2478 783 2668 830 sancto
2690 773 2953 843 Gregorio
2976 769 3223 842 Nysscno
3252 768 3562 837 conscripta
3596 766 3696 838 (a).

2121 872 2412 942 Exemplar
2450 869 2776 924 Vossianum
2806 865 3184 937 Moguntinum
3216 879 3342 917 ann.
3376 861 3511 915 1604
3536 860 3698 916 fmdis

2121 964 2403 1019 erroribus
2455 969 2696 1025 scatens,
2731 974 2856 1013 cum
2884 958 3030 1011 edito
3063 954 3360 1009 Parisiensi
3396 969 3527 1007 ann.
3560 950 3698 1007 1650

2122 1056 2297 1111 multo
2338 1053 2706 1109 emendatiore
2758 1048 3110 1105 contulimus.
3169 1044 3356 1113 Neque
3392 1042 3697 1113 praetermi-

2122 1149 2296 1204 simus
2322 1155 2637 1216 excerptum
2686 1142 2817 1197 Vita:
2855 1141 3020 1212 hujus
3061 1139 3429 1211 Gregorianae,
3479 1135 3623 1205 quod
3665 1149 3699 1189 e

2124 1234 2312 1297 codiCe
2391 1237 2727 1294 Coisliniano
2782 1233 2886 1289 106
2948 1232 3278 1301 descriptum
3346 1228 3698 1285 doctissimus

2123 1333 2566 1389 Montfauconius
2608 1328 2825 1385 exhibet
2860 1326 2972 1396 (54)
3005 1325 3153 1380 velut
3202 1321 3522 1383 anecdoton,
3573 1318 3700 1372 licet

2123 1426 2177 1481 in
2211 1435 2367 1481 antea
2394 1422 2623 1494 vulgatis
2644 1426 2973 1490 compareat,
3004 1423 3064 1470 ut
3084 1429 3185 1470 suo
3211 1414 3332 1469 loco
3357 1409 3698 1466 animadver-

2125 1518 2293 1570 timus
2323 1513 2459 1586 (55).
2498 1512 2742 1581 Denique
2766 1510 2833 1565 ad
2885 1506 3184 1562 faciliorem
3214 1501 3415 1574 egregii
3446 1498 3698 1571 opusculi

2126 1623 2308 1674 usum,
2337 1606 2468 1661 illud
2499 1606 2553 1660 in
2580 1604 2759 1659 varias
2790 1598 3059 1667 sectioncs
3090 1595 3394 1651 divisimus.

2194 1722 2349 1778 Haud
2406 1722 2658 1793 equidem
2721 1721 2934 1790 ignoro,
2980 1715 3316 1772 Dodwellum
3373 1726 3463 1768 res
3516 1721 3700 1783 gestas

2126 1814 2168 1869 Τ
2175 1814 2522 1886 haumaturgi
2563 1811 2911 1868 admirandas
2945 1825 2976 1864 a
3003 1806 3249 1880 Nysseno
3271 1813 3556 1860 enarratas
3587 1803 3700 1858 ele-
3782 1861 3788 1866 ,

2127 1922 2286 1971 vare;
2320 1905 2519 1975 quippe
2549 1903 2662 1973 qui,
2705 1903 2752 1958 si
2799 1901 2976 1971 ipsum
3004 1898 3195 1953 audias
3231 1895 3365 1966 (56),
3432 1912 3451 1946 σ
3481 1892 3704 1947 ratioci-

2126 1999 2233 2053 niis
2292 1996 2550 2051 nimirum
2589 1994 2706 2050 suis
2734 1990 3176 2063 conjecturisque
3212 1996 3422 2052 auctas.
3466 1982 3701 2054 posteris

2126 2089 2548 2160 repraesentarit.
2590 2107 2609 2139 ›
2647 2087 2816 2141 Miror
2846 2085 3124 2140 enimvero
3153 2096 3263 2136 non
3294 2085 3548 2135 accurate
3581 2090 3703 2145 per—

2127 2183 2382 2254 pendisse
2408 2174 2584 2237 virum
2611 2180 2861 2235 criticum
2880 2176 3059 2248 Magni
3086 2171 3271 2230 Basilii
3303 2169 3701 2233 testimonium,

2126 2293 2236 2347 quo
2263 2295 2280 2328 ι
2314 2275 2610 2345 Gregorius
2639 2272 2866 2343 Magnus
2893 2278 3110 2340 propter
3133 2269 3398 2322 donorum
3427 2263 3704 2319 excellen-

2127 2373 2257 2424 tiam
2286 2384 2408 2439 qum
2437 2370 2491 2421 in
2539 2368 2655 2437 ipso
2685 2365 3013 2435 Operabatur
3045 2360 3280 2431 Spiritus
3308 2359 3360 2412 in
3414 2356 3563 2412 omni
3589 2356 3702 2410 vir-

2129 2472 2262 2528 tute,
2304 2460 2475 2530 signis
2526 2475 2589 2514 ac
2616 2456 2898 2528 prodigiis,
2931 2455 2999 2510 ab
3050 2452 3183 2523 ipsis
3238 2451 3402 2507 etiam
3458 2448 3705 2504 veritatis

2129 2555 2378 2611 hostibus
2407 2595 2425 2621 ,
2462 2554 2589 2624 παρ’
2640 2551 2817 2606 αὐτῶν
2855 2548 2962 2603 τῶν
3013 2545 3221 2619 ἐχθρῶν
3246 2592 3249 2597 λ
3278 2545 3376 2615 τῆς
3426 2541 3704 2613 ἀληθείας,

2127 2649 2264 2703 alter
2289 2645 2503 2716 Moyses
2547 2642 2849 2713 appellatus
2898 2639 3069 2715 fuisse
3129 2658 3148 2690 ι
3197 2636 3512 2708 perhibetur
3543 2632 3701 2704 (57):

2129 2754 2305 2809 neque
2338 2735 2555 2792 Ductori
2582 2735 2821 2789 maximo
2849 2747 3035 2786 aurem
3063 2720 3361 2800 praebuiSse
3377 2726 3542 2782 aienti
3568 2723 3702 2796 (58),

2128 2830 2454 2902 Gregorium
2515 2826 3010 2883 Neocaesariensem
3056 2840 3077 2874 ι
3137 2822 3289 2893 signa
3338 2827 3503 2889 atque
3528 2817 3707 2872 ‘mira-

2128 2925 2251 2981 cula
2313 2926 2437 2977 eum
2494 2919 2790 2975 multarum
2854 2913 3221 2971 Ecclesiarum
3272 2911 3446 2981 gloria
3506 2922 3708 2979 perpe-

2130 3025 2325 3070 trasse.
2366 3031 2385 3066 ι
2416 3009 2559 3078 Quid
2586 3024 2883 3066 memorem
2908 3005 3191 3072 Ruﬁnum,
3226 3023 3244 3056 ‹
3275 3002 3411 3057 tanti
3428 3000 3529 3056 viri
3554 3008 3707 3070 gesta

2130 3105 2232 3161 sub
2261 3102 2514 3160 orientali
2560 3111 2614 3157 et
2663 3097 3052 3171 septentrionis
3097 3112 3197 3151 axe
3222 3103 3545 3150 cunctorum
3593 3106 3705 3146 ser-

2130 3210 2292 3251 mone
2312 3193 2573 3250 celebrari
2606 3211 2625 3245 ι
2687 3198 2978 3246 testantem
3021 3187 3170 3259 (59)?
3220 3186 3360 3253 Quid
3411 3183 3705 3240 Eusebium

2127 3290 2542 3365 Ctesariensem,
2592 3285 2915 3357 Gregorium
2963 3289 3215 3337 nostrum
3254 3304 3273 3333 ι
3323 3280 3705 3351 episcoporum

2123 3400 2221 3441 sua
2238 3382 2396 3438 aetate
2420 3380 2854 3444 celeberrimum,
2893 3397 2910 3430 ι
2943 3376 3050 3430 τῶν
3075 3376 3195 3432 καθ’
3220 3375 3367 3445 ἡμᾶς
3395 3373 3707 3427 ἐπισκόπων

2123 3476 2430 3546 διαϐόητον,
2469 3472 2854 3544 prmdicautem
2886 3468 3033 3542 (60)?
3065 3467 3379 3524 Admiretur
3400 3465 3580 3532 itaque
3608 3475 3707 3531 po-

2123 3570 2235 3624 tius
2285 3569 2388 3623 ista
2420 3582 2541 3638 quae
2574 3554 2804 3634 respuit,
2844 3563 3033 3628 homo,
3057 3562 3194 3616 adeo
3254 3565 3522 3613 emunctae
3551 3552 3704 3607 naris

2126 3656 2320 3731 (verba
2362 3671 2567 3725 usurpo
2589 3654 2771 3724 magni
2813 3652 3035 3707 Baronii
3071 3649 3181 3723 (6|)
3213 3646 3476 3702 Joannem
3536 3641 3703 3697 ΒοιΙί-

2128 3764 2257 3803 num
2286 3746 2616 3817 carpentis),
2640 3760 2743 3799 nec
2772 3751 2931 3814 neget
2953 3740 3237 3797 historiam
3261 3744 3339 3791 tot
3365 3731 3707 3807 gravissimis
3811 3790 3816 3797 λ

2129 3839 2472 3902 auctoribus,
2523 3837 2729 3893 Graecis
2761 3845 2925 3906 atque
2973 3832 3204 3895 Latinis,
3258 3829 3395 3885 satis
3435 3840 3708 3896 superque

2128 3941 2408 3999 testatam,
2444 3920 2754 4001 probatam,
2784 3918 3273 3998 consignatamque
3297 3922 3447 3977 cultu
3487 3918 3712 3985 religio-

2127 4027 2214 4081 nis
2243 4025 2404 4081 annis
2437 4022 2666 4093 singulis
2682 4022 2881 4077 celebri
2911 4020 3175 4075 memoria
3196 4015 3364 4088 repeti
3385 4013 3548 4071 solito
3571 4010 3706 4082 (62).

2131 4117 2238 4173 Sed
2261 4118 2438 4171 virum
2496 4096 2999 4192 intemperantioris
3045 4097 3249 4167 critica:
3278 4115 3600 4165 sectatorem
3626 4104 3713 4159 di-

2130 4211 2414 4265 mittamus
2443 4208 2537 4280 (c).

2200 4409 2437 4482 (55-56)
2463 4409 2691 4482 Dissert.
2718 4406 2772 4482 4_
2786 4404 2975 4482 Cipi},
3007 4402 3036 4474 §
3065 4402 3152 4468 16,
3176 4362 3311 4472 pag:
3332 4398 3471 4482 48;“
3532 4465 3555 4482 .
3616 4442 3629 4482 _.

2200 4465 2546 4552 (57)Ba;u_.,_
2578 4478 2675 4532 nu.
2730 4465 3205 4552 ρςὲᾒξνζξεηειῑ,
3236 4465 3355 4539 c'ap.
3402 4465 3559 4538 29,5
3616 4465 3709 4540 τι,

2130 4543 2441 4625 ϐέμςιοω.
2475 4549 2717 4625 lll,__pag.
2746 4547 2814 4601 62’.
2841 4543 2970 4625 edit.
3004 4543 3110 4598 BB.

2057 4614 2102 4669 D
2181 4614 2310 4695 '(58)
2338 4623 2535 4695 Detur.
2555 4614 2818 4695 ’ἱῖιτξ-ςξψ.
2850 4615 2934 4687 6§.

2201 4684 2314 4764 (59)
2352 4694 2496 4748 Hist.
2537 4684 2787 4764 eccl._li_b_.
2825 4684 2924 4753 vti,
2957 4684 3195 4764 cap;?5.
3236 4732 3241 4739 .

2350 4764 2495 4817 Hist.
2527 4760 2773 4835 ecct._lib.
2812 4773 2888 4820 vr,
2913 4773 3031 4835 cap.
3054 4755 3143 4809 '50.

2200 4829 2311 4907 {61)
2343 4835 2425 4907 Ad
2463 4830 2743 4907 ωιτη-41,
2774 4829 3037 4907 num_._'5i.

2200 4896 2312 4979 {62)
2343 4905 2567 4974 Martyr.
2603 4901 2764 4956 Rom.
2798 4907 2854 4953 et
2901 4896 3169 4967 Menolog.

3227 4893 3401 4961 Graec.
3461 4891 3530 4947 ad
3554 4891 3609 4945 d.
3649 4851 3718 4943 i'i

2126 4977 2263 5035 Nov.
3646 4977 3653 4986 ‘

503 5130 575 5194 (ᾳ)
601 5128 836 5194 Qrigenis
861 5137 913 5178 et
936 5128 1164 5190 Gregorii
1200 5125 1413 5194 Nj’sseni
1438 5113 2722 5194 elucubrationeshic'memoraﬂﬁntgpﬁpsqug
2751 5109 2916 5194 Opera
2936 5106 3232 5194 retippmus.
3260 5101 3415 5194 ξψτὺ

507 5185 576 5254 (ιγ)
602 5190 655 5241 S.
684 5185 911 5255 Gregorii
937 5185 1223 5255 sermonem
1243 5185 1295 5239 in
1317 5200 1480 5239 omnes
1504 5192 1745 5251 martyres
1773 5185 2012 5234 Bononia
2052 5195 2147 5231 ann

442 5250 824 5305 nem'ianoravi't
842 5253 1143 5303 Gallandius.
1175 5250 1241 5299 lo.

2150 5162 2519 5241 Hiiia‘iiibn’ci
2546 5162 2676 5238 juris
2696 5162 2817 5223 fecit
2845 5172 3017 5230 Aloys.
3048 5165 3346 5229 Mingarelli.
3375 5163 3510 5214 Hanc
3534 5163 3615 5211 edi
3626 5162 3720 5210 tio-

1283 5313 1537 5377 regorium
1559 5322 1623 5358 ex
1647 5307 1831 5358 Leonis
1854 5305 2021 5359 Allatii
2045 5303 2269 5356 Diatriba
2290 5301 2352 5354 de
2382 5294 2662 5353 Theoderis
2688 5297 2800 5348 vide
2821 5293 2950 5345 intra
2971 5293 3067 5343 col.
3094 5288 3233 5341 1205.
3256 5286 3327 5338 1n.
