4090 6430
1623 422 2043 479 ΤΕὸἹΊΜΟΝΙΑ
2085 424 2441 482 \‘ETEBUM.

3512 594 3711 610 II.“

1410 728 1988 819 VETEBUM
2063 726 2816 820 TESTIMONIA

879 920 971 981 De
1008 920 1071 982 S.
1129 919 1436 999 Gregorio
1476 920 1780 999 episcopo
1833 917 2358 991 Neocmsnriensi,
2409 925 2835 997 cognomento
2872 917 3377 999 Thaumaturgo.

1530 1259 1569 1312 Ι.
1601 1257 1853 1311 Eusebius
1895 1256 2036 1311 llist.
2068 1259 2202 1312 eccl.
2239 1259 2332 1313 lib.
2365 1275 2449 1325 vr,
2483 1274 2600 1327 cap.
2631 1254 2719 1311 50.

562 1371 653 1443 Τῷ
701 1372 757 1425 δὲ
803 1370 1062 1442 Ὠριγὲνει
1108 1373 1201 1425 ἐπὶ
1250 1372 1348 1443 τῆς
1398 1373 1732 1443 Καισαρείας
1759 1373 1827 1426 τὰ
1861 1373 2038 1444 συνήθη

2237 1373 2453 1430 lnterim
2498 1373 2628 1429 dum
2670 1370 2930 1440 Origenes
2963 1369 3104 1439 apud
3135 1368 3439 1426 Caesaream
3475 1382 3736 1428 consueto

494 1465 806 1535 πράττοντι,
840 1464 1019 1517 πολλοὶ
1067 1464 1398 1535 προσῄεσαν,
1427 1465 1488 1517 οὐ
1531 1466 1688 1536 μόνον
1728 1466 1838 1519 τῶν
1866 1466 2068 1536 ἐπιχω-

496 1557 645 1627 ρίων,
684 1554 818 1607 ἀλλὰ
848 1555 940 1607 καὶ
978 1555 1089 1607 ἀπὸ
1126 1554 1222 1625 τῆς
1264 1554 1565 1626 ἀλλοδαπῆς
1602 1555 1781 1629 μυρίοι
1818 1558 2065 1628 φοιτηταί

440 1644 444 1648 Α
490 1648 591 1711 τὰς
624 1647 885 1718 πατρίδας
933 1647 1319 1710 ἀπολιπόντες*
1368 1639 1443 1700 ὧν
1494 1648 1797 1718 ἐπισήμους
1834 1651 2066 1719 μάλιστα

488 1739 736 1809 ἔγνωμεν
781 1737 1071 1809 Θεόδωρον,
1103 1738 1160 1801 ὃς
1204 1733 1272 1810 ἦν
1310 1739 1470 1802 αὐτὸς
1511 1730 1664 1802 οὗτος
1709 1741 1739 1791 ό
1774 1740 1894 1793 καθ’
1917 1743 2066 1812 ἡμᾶς

488 1831 804 1884 ἐπισκόπων
847 1830 1123 1901 διαϐόητος
1148 1830 1444 1901 Γρηγόριος
1463 1846 1476 1861 ⁸
1512 1831 1603 1883 τόν
1628 1848 1689 1883 τε
1717 1831 1879 1885 αὐτοῦ
1909 1833 2062 1886 ἀδελ-

489 1923 589 1991 φὺν
627 1922 1020 1995 Ἀθηνόδωρον·
1053 1922 1148 1985 οὓς
1190 1924 1334 1994 ἀμφὶ
1373 1923 1444 1977 τὰ
1482 1923 1743 1995 Ἐλλήνων
1782 1927 1878 1979 καὶ
1925 1928 2060 1980 Ῥω-

493 2015 664 2084 μαίων
690 2013 987 2084 μαθήματα
1010 2012 1196 2077 δεινῶς
1218 2016 1383 2085 ὲπτοη
1393 2014 1605 2085 μένους,
1631 2014 1944 2085 φιλοσοφίας
1968 2020 2061 2072 αὑ-

484 2109 598 2170 τοῖς
642 2105 816 2170 ἐνθεὶς
846 2104 1043 2178 ἔρωτα,
1075 2105 1172 2176 τῆς
1206 2106 1477 2177 προτέρας
1510 2105 1744 2177 σπουδῆς
1776 2108 1876 2177 τὴν
1908 2109 2057 2163 θείαν

482 2196 718 2269 ἄσκησιν
759 2195 1314 2275 ἀντικαταλλάξασθαι
1358 2196 1752 2268 προυτρέψατο.
1788 2199 1956 2253 Πέντε
1999 2200 2056 2253 δὲ

476 2289 623 2352 ὅλοις
677 2287 852 2342 ἔτεσιν
902 2287 1048 2358 αὐτῷ
1098 2289 1500 2360 συγγενόμενοι,
1527 2290 1793 2362 τοσαύτην
1818 2291 2057 2363 ἀπηνέγ-

483 2396 648 2434 καντο
677 2379 805 2450 περὶ
827 2378 894 2433 τὰ
915 2379 1033 2432 θεῖα
1055 2378 1213 2448 λόγια
1239 2378 1534 2450 βελτίωσιν,
1555 2380 1630 2443 ὼς
1656 2380 1737 2434 ἐτι
1770 2381 1921 2445 νέους
1947 2381 2054 2454 ἄμ-

483 2489 569 2541 φω
600 2471 903 2542 ἐπισκοπῆς
950 2472 1058 2525 τῶν
1108 2472 1246 2527 κατὰ
1270 2473 1472 2527 Πόντον
1510 2472 1841 2544 Ἐκκλησιῶν
1885 2472 2050 2539 ἀξιω-

478 2563 664 2635 θῆναι.

2169 1467 2395 1523 docendi
2426 1481 2652 1521 munere
2702 1464 3036 1535 fungeretur,
3068 1480 3175 1518 non
3207 1463 3381 1520 solum
3413 1465 3647 1536 regionis
3672 1465 3739 1517 il-

2167 1557 2273 1611 lius
2305 1557 2513 1623 incolze,
2547 1557 2640 1610 sed
2667 1556 2829 1610 etiam
2861 1554 3082 1622 plurimi
3110 1569 3175 1608 ex
3206 1555 3585 1609 remotissimis
3611 1571 3736 1625 pro-

2166 1650 2361 1704 vinciis
2405 1648 2657 1719 discipuli
2706 1648 2895 1703 relicta
2947 1648 3120 1718 patria
3177 1647 3244 1702 ad
3286 1663 3410 1702 eum
3441 1663 3736 1703 concurre-

2164 1743 2313 1797 bant.
2345 1740 2587 1808 Quorum
2638 1742 2941 1811 praecipuos
2973 1739 3141 1795 fuisse
3169 1741 3525 1810 cegnovimus
3554 1739 3735 1795 Theo-

2162 1835 2377 1901 dorum,
2412 1834 2505 1903 qui
2558 1841 2612 1889 et
2659 1831 2954 1902 Gregorius
3003 1831 3182 1887 dictus
3213 1840 3316 1894 est,
3348 1832 3731 1902 episcoporum

2163 1936 2348 1981 nostra
2401 1934 2557 1981 aetate
2608 1923 3035 1990 celeberrimus;
3067 1932 3121 1977 et
3152 1921 3372 1976 fratrem
3405 1922 3523 1992 ejus
3565 1920 3734 1976 Athe-

2159 2018 2448 2072 nodorum.
2477 2016 2628 2084 Quos
2661 2016 2921 2087 Origenes
2946 2014 3150 2070 Graecis
3172 2013 3540 2084 Romanisque
3567 2013 3732 2069 disci-

2158 2110 2325 2180 plinis
2354 2110 2585 2164 nimium
2628 2110 2838 2163 deditos
2868 2123 2992 2163 cum
3035 2108 3274 2171 vidisset,
3309 2107 3364 2161 in
3393 2121 3581 2161 eorum
3613 2107 3734 2160 ani-

2156 2217 2275 2257 mos
2312 2202 2587 2257 instillans
2620 2199 2982 2271 philosophia:
3017 2214 3281 2267 amorem,
3323 2199 3548 2268 abjectis
3580 2199 3730 2268 prio-

2153 2293 2307 2348 ribus
2355 2292 2572 2358 studiis,
2601 2291 2671 2346 ad
2721 2305 2905 2346 rerum
2959 2290 3285 2349 divinarum,
3318 2289 3726 2345 meditationem

2154 2381 2412 2436 traduxit.
2451 2380 2617 2450 Igitur
2668 2396 2793 2435 cum
2839 2380 3215 2450 quinquennio
3260 2380 3471 2450 integro
3501 2381 3557 2434 in
3603 2380 3727 2449 ejus

2150 2472 2427 2528 auditorio
2471 2471 2671 2528 versati
2702 2470 2954 2538 fuissent,
2987 2481 3268 2541 tantopere
3295 2471 3349 2525 in
3373 2472 3574 2526 divinis
3603 2474 3719 2527 elo-
3766 2522 3783 2541 ν.

2148 2564 2294 2633 quiis
2322 2562 2930 2634 profecerunt,utjambo
2958 2540 3456 2618 adhuciadmodum
3473 2563 3721 2633 juvenes,
3766 2540 3772 2561 ’

2152 2655 2520 2710 Ecclesiarum
2554 2655 2609 2709 in
2659 2653 2832 2709 Ponto
2863 2653 3102 2724 episcopi
3135 2653 3337 2709 fuerint
3363 2655 3667 2710 constituti.

1742 2766 1892 2820 Idem
1930 2769 2061 2821 ibid.
2105 2765 2343 2832 vn,cap.
2379 2769 2463 2822 Μ.

1742 2785 1892 2820 ιαεηι
1930 2785 2037 2821 tota

563 2850 650 2914 Ἐν
680 2860 852 2928 τούτῳ
891 2859 948 2913 δὲ
988 2860 1091 2931 τῆς
1122 2861 1218 2930 μὲν
1257 2861 1541 2931 Ῥωμαίων
1583 2862 1907 2933 Ἐκκλησίας
1940 2864 2038 2915 είσ-

2143 2785 2287 2832 n,ea
2330 2810 2343 2822 .
2379 2785 2463 2822 Μ.

2226 2785 2426 2919 Εοῗιειη
2463 2869 2779 2931 tempestate
2809 2860 3068 2916 Romanae
3097 2861 3315 2932 quidem
3346 2861 3600 2917 Ecclesiae
3624 2863 3721 2918 ad-

424 2966 427 2969 '
479 2953 561 3009 ἑτι
615 2954 736 3008 τότε
766 2954 1054 3024 καθηγεῖτο
1079 2954 1309 3017 Ξύστοςτ
1353 2954 1450 3022 τῆς
1488 2953 1545 3006 δὲ
1590 2953 1675 3005 ἐπ’
1718 2954 2045 3024 Ἀντιοχείας

379 3074 384 3081 ο
480 3044 618 3114 μετὰ
663 3044 857 3098 Φάϐιον
903 3043 1310 3116 Δημητριανός·
1353 3041 1697 3112 Φιρμιλιανὸς
1738 3042 1796 3094 δὲ
1838 3043 2046 3095 Καισα-

478 3134 627 3205 ρείας
672 3136 768 3207 τῆς
824 3135 1237 3189 Καππαδοκῶν
1275 3135 1366 3187 καὶ
1398 3136 1490 3187 ἐπὶ
1515 3134 1721 3196 τούτοις
1752 3133 1859 3187 τῶν
1907 3136 2045 3189 κατὰ

474 3226 676 3282 Πόντον
714 3229 1066 3301 Ἐκκλησιῶν,
1090 3227 1389 3300 Γρηγὸριος
1422 3228 1515 3282 καὶ
1551 3227 1580 3280 ὁ
1608 3228 1797 3281 τούτου
1823 3226 2046 3296 ἀδελφὸς

488 3320 867 3395 Ἀθηνόδωρος,
887 3323 1188 3394 Ὠριγένους
1213 3324 1495 3395 γνώριμοι.

2152 2954 2260 3010 huc
2283 2963 2512 3024 praeerat
2552 2953 2786 3025 Xystus;
2818 2952 3212 3009 Antiochenam
3246 2968 3374 3007 vero
3405 2963 3531 3023 post
3573 2970 3723 3008 mor-

2150 3051 2257 3097 tem
2305 3040 2454 3097 Fabii
2503 3039 2878 3096 Demetrianus
2929 3042 3181 3113 regebat;
3229 3043 3372 3113 apud
3412 3043 3716 3101 Caesaream

2144 3134 2502 3204 Cappadociae
2522 3133 2901 3200 Firmilianus;
2933 3135 2987 3190 in
3019 3134 3191 3191 Ponto
3214 3145 3393 3191 autem
3427 3134 3717 3206 Gregorius

2149 3228 2425 3297 fraterque
2459 3227 2580 3297 ejus
2612 3227 3014 3294 Athenodorus,
3055 3228 3216 3282 ambo
3267 3225 3517 3297 Origenis
3549 3228 3717 3284 disci-

2148 3320 2284 3389 puli,
2312 3320 2588 3375 Ecclesias
2615 3320 3009 3390 gubernabant.

614 3437 678 3492 ll.
725 3436 785 3495 S.
824 3438 1060 3493 Basilius
1086 3438 1183 3492 tib.
1211 3438 1286 3493 De
1317 3437 1522 3508 Spiritu
1550 3445 1760 3501 sancto,
1783 3452 1901 3506 cap.
1925 3434 2016 3499 29,
2044 3433 2073 3506 ᾗ
2100 3432 2188 3498 74,
2208 3432 2352 3503 'Opp.
2380 3441 2505 3490 tom.
2550 3433 2640 3501 ιιι,
2663 3450 2784 3504 pag.
2802 3434 2897 3498 62,
2921 3434 3049 3490 edit.
3077 3433 3256 3489 Paris.
3284 3434 3399 3488 BB.
3426 3433 3582 3492 Πδο.
3647 3448 3652 3453 ’

541 3557 841 3630 Γρηγόριον
875 3556 933 3611 δὲ
965 3556 1055 3609 τὸν
1090 3556 1297 3625 Μέγαν,
1335 3558 1429 3611 καὶ
1473 3556 1572 3621 τὰς
1616 3556 1825 3610 ἐκείνου
1857 3553 2038 3624 φωνὰς

471 3648 576 3701 ποῦ
626 3648 895 3719 θήσομεν;
928 3644 1052 3719 Ἆρ’
1082 3649 1201 3719 οὐχὶ
1247 3649 1382 3718 μετὰ
1429 3648 1535 3702 τῶν
1583 3649 1891 3703 ἀποστόλων
1943 3649 2037 3701 καὶ

469 3738 795 3810 προφητῶν,
825 3738 991 3809 ἄνδρα
1023 3737 1099 3808 τῷ
1127 3737 1275 3808 αὐτῷ
1306 3739 1582 3809 Πνεύματι
1616 3739 1842 3802 ἐκείνοις
1884 3726 2037 3809 περι-

469 3834 807 3902 πατήσαντα,
836 3829 931 3904 καὶ
960 3829 1074 3893 ’τοῖς
1099 3828 1207 3883 τῶν
1231 3830 1398 3899 ἁγίων
1424 3829 1592 3901 ἴχνεσι
1614 3830 1700 3883 διὰ
1725 3830 1922 3892 παντὸς
1938 3829 2033 3883 τοῦ

469 3921 586 3989 βίου
621 3924 997 3991 στοιχήσαντα,
1024 3921 1116 3972 καὶ
1152 3922 1249 3993 τῆς
1294 3921 1651 3992 εὑαγγελικῆς
1677 3920 1947 3984 πολιτείας
1972 3921 2033 3973 τὸ

465 4010 690 4080 ἀκριϐὲς
720 4011 809 4073 διὰ
836 4010 1018 4082 πάσης
1056 4010 1219 4085 αὐτοῦ
1260 4012 1357 4080 τῆς
1401 4012 1546 4081 ζωῆς
1579 4011 2030 4083 κατορθώσαντα;

478 4098 618 4167 Ἐγὼ
651 4101 750 4170 μὲν
783 4100 938 4152 τοῦτο
963 4095 1135 4170 φημί·
1171 4096 1248 4156 Ἦ
1282 4101 1606 4170 ἀδικήσομεν
1627 4101 1726 4173 τὴν
1757 4100 2031 4171 ἀλήθειαν,

379 4178 385 4184 ’
464 4193 542 4263 μὴ
576 4193 688 4254 τοῖς
723 4190 1091 4261 ᾠκειωμένοις
1130 4188 1247 4262 Θεῷ
1287 4190 1385 4261 τὴν
1426 4190 1601 4261 ψυχὴν
1629 4191 1843 4261 εκείνην
1874 4206 2034 4243 συνα-

2212 3552 2478 3609 Caeterum
2503 3553 2821 3625 Gregorium
2857 3552 3133 3624 Magnum,
3163 3564 3217 3609 et
3239 3555 3385 3610 illius
3410 3569 3574 3611 voces
3601 3570 3727 3626 qun'

2141 3648 2262 3703 loco
2286 3646 2526 3717 ponam?
2555 3645 2749 3701 Annon
2781 3662 2906 3702 cum
2935 3645 3194 3716 apostolis
3225 3653 3279 3699 et
3306 3646 3604 3716 prophetis,
3631 3648 3711 3700 vi-

2140 3753 2260 3791 rum
2288 3738 2380 3807 qui
2411 3738 2599 3792 eodem
2632 3735 2837 3806 Spiritu
2871 3752 2980 3807 quo
3009 3737 3082 3790 illi
3111 3745 3359 3792 versatus
3386 3737 3477 3802 sit,
3507 3737 3708 3807 quique

2137 3838 2451 3885 sanctorum
2502 3829 2745 3899 vestigiis
2792 3843 2888 3899 per
2940 3843 3157 3883 omnem
3186 3829 3354 3882 vitam
3407 3827 3704 3891 inhaeserit,

2137 3921 2340 3991 quique
2376 3921 2698 3991 evangelicae
2725 3920 3152 3975 conversationis
3181 3919 3420 3990 vigorem
3460 3919 3701 3989 quandiu

2135 4012 2271 4067 vixit
2321 4011 2664 4081 praestiterit?
2690 4010 2953 4081 Equidem
2989 4010 3119 4065 illud
3152 4010 3380 4065 dixerim
3417 4028 3431 4064 :
3459 4010 3702 4080 profecto

2133 4103 2335 4172 injuria
2366 4100 2707 4157 aﬂ‘ccerimus
2735 4103 3041 4168 veritatem,
3066 4101 3111 4155 si
3144 4116 3254 4154 non
3283 4101 3520 4155 animam
3551 4102 3701 4157 illam

2132 4208 2553 4255 annumeremus
2592 4194 2660 4249 iis
2685 4194 2776 4263 qui
2809 4194 2920 4249 Deo
2943 4194 3116 4264 juncti
3139 4203 3292 4256 sunt,
3320 4195 3415 4264 qui
3443 4194 3592 4249 velut
3615 4196 3700 4249 in-

463 4284 550 4355 ριο
559 4282 782 4354 μοῦντες
800 4299 813 4312 ⁸
850 4278 960 4335 οἷόν
987 4299 1105 4334 τινα
1130 4283 1432 4352 λαμπτῆρα
1454 4281 1724 4352 περιφανῆ
1753 4281 1943 4351 μέγαν,
1972 4282 2031 4335 ὲν

2140 4285 2298 4354 signis
2325 4299 2627 4357 magnaque
2658 4285 2878 4339 lucerna
2924 4286 2981 4340 in
3033 4284 3273 4341 Ecclesia
3321 4285 3415 4340 Dei
3446 4288 3696 4356 resplen-

459 4368 525 4447 τῇ
563 4375 856 4447 Ἐκκλησία
886 4373 978 4426 τοῦ
1001 4373 1130 4426 Θεοῦ
1156 4372 1534 4445 διαλάμψαντα
1553 4390 1566 4403 ·
1598 4372 1656 4436 ὃς
1677 4372 1905 4445 φοϐερὸν
1931 4374 2029 4444 μὲν

2140 4375 2265 4443 luit,
2298 4376 2391 4444 qui
2443 4390 2475 4430 e
2509 4374 2748 4446 Spiritus
2776 4390 2879 4445 ope
2917 4377 3248 4430 tremendam
3287 4376 3475 4431 habuit
3505 4377 3695 4432 adver-

452 4464 601 4536 ηεῗχεν
624 4467 704 4518 ιὲκ
744 4465 842 4535 τῆς
870 4463 963 4517 τοῦ
996 4463 1307 4535 Πνεύματος
1341 4464 1629 4535 συνεργίας
1662 4463 1804 4517 κατὰ
1837 4463 2027 4534 δαιμό-

2140 4485 2221 4524 sus
2268 4468 2542 4523 dazmones
2589 4475 2929 4538 potestatem.
2972 4464 3108 4521 Nam
3138 4475 3358 4521 tantam
3411 4479 3696 4537 acceperat

457 4574 563 4621 νων
594 4554 653 4609 τὸ
685 4557 901 4627 κράτος.
919 4551 1195 4626 Τοσαύτην
1229 4555 1285 4608 δὲ
1313 4554 1468 4608 ἔλαϐε
1496 4555 1587 4608 τοῦ
1615 4555 1771 4625 λόγου
1804 4557 1902 4628 τὴν
1928 4557 2024 4627 χά-

2140 4560 2354 4630 ;ratiam
2389 4560 2456 4615 ad
2495 4559 2854 4615 obedientiam
2908 4558 3031 4613 ﬁdei
3082 4559 3220 4611 inter
3254 4567 3463 4627 gentes,
3496 4567 3557 4613 ut
3605 4575 3696 4615 as-
3771 4555 3774 4559 ’

459 4666 543 4728 ριν
570 4650 650 4711 εἰς
684 4648 924 4720 ὑπακοὴν
944 4649 1184 4712 ’πίστεως
1210 4649 1267 4702 ὲν
1290 4650 1403 4711 τοῖς
1431 4648 1656 4713 ἔθνεσιν,
1683 4649 1822 4702 ὥστε
1851 4650 2018 4703 ἐπτα-

2140 4651 2359 4720 sumptis
2390 4666 2499 4706 non
2532 4651 2653 4720 plus
2688 4646 3068 4719 septemdecim
3094 4649 3443 4714 ChriStianis,
3471 4650 3693 4706 univer-

413 4813 416 4817 ἢ
456 4740 681 4793 καίδεκα
732 4730 923 4811 μόνους
974 4740 1329 4810 Χριστιανοὺς
1378 4738 1725 4810 παραλαϐὼν,
1769 4738 1888 4791 ὅλον
1928 4739 2019 4792 τὸν

2140 4757 2243 4796 tum
2299 4742 2581 4812 populum,
2621 4749 2676 4797 et
2731 4742 3000 4795 urbanum
3059 4749 3113 4795 et
3166 4741 3532 4816 rusticanum,
3592 4759 3690 4813 per

453 4832 578 4884 λαὸν
609 4832 701 4885 τόν
743 4850 802 4886 τε
839 4831 1059 4884 ἀστικὸν
1092 4832 1183 4885 καὶ
1217 4832 1308 4884 τὸν
1338 4830 1626 4902 χωριτικὸν
1656 4830 1742 4884 διὰ
1774 4832 1871 4901 τῆς
1902 4832 2020 4884 ἐπι-

2140 4832 2451 4904 ιεηίιίοηειη
2486 4832 2795 4903 adjunxerit
2819 4832 2949 4888 Deo.
2974 4831 3068 4887 llle
3096 4839 3153 4886 et
3179 4830 3463 4887 fluminum
3490 4847 3687 4888 cursus

452 4921 703 4990 γνώσεως
744 4924 1057 4995 προσήγαγε
1104 4922 1181 4994 τῷ
1217 4922 1354 4994 Θεῷ.
1374 4925 1605 4987 Ἐκεῖνος
1636 4924 1729 4977 καὶ
1761 4923 2016 4994 ποταμῶν

2142 4939 2174 4978 n
2201 4924 2476 4979 diversum
2506 4925 2687 4988 vertit,
2713 4923 3032 4994 praecipiens
3064 4923 3172 4978 illis
3196 4923 3251 4978 in
3281 4938 3479 4995 magno
3508 4924 3686 4977 nomi-

453 5014 640 5087 ῥεῖθρα
686 5015 1039 5087 μετέστησεν,
1070 5012 1325 5079 ἐπιτάξας
1371 5015 1549 5079 αὐτοῖς
1586 5018 1644 5069 ὲν
1684 5014 1762 5086 τῷ
1793 5015 2015 5086 ὀνόματι

2140 5030 2187 5069 ιθ
2241 5013 2475 5083 Christi;
2515 5026 2569 5071 et
2618 5016 2864 5085 paludem
2914 5016 3229 5077 cxsiccavit,
3276 5015 3402 5070 belli
3456 5029 3679 5067 causam

445 5104 524 5175 τῷ
558 5105 777 5176 μεγάλῳ
813 5105 904 5158 τοῦ
935 5091 1203 5178 Χριστοῦ·
1239 5105 1332 5159 καὶ
1371 5105 1564 5177 λίμνην
1597 5105 1854 5177 ἐξήρανεν
1884 5107 2014 5159 ὑπό-

2140 5108 2439 5164 ινιεῒιεηῑοω
2476 5108 2733 5164 fratribus
2764 5110 2960 5163 avaris.
2995 5106 3260 5161 Caeterum
3300 5104 3681 5174 praedictiones

446 5193 593 5248 θεσιν
624 5194 861 5264 πολέμου
894 5196 1166 5266 φέρουσαν
1197 5195 1441 5265 ἀδελφοῖς
1481 5196 1843 5259 πλεονέκταις.
1870 5198 1933 5249 Αἱ
1956 5196 2012 5251 δὲ

2140 5201 2180 5254 le
2206 5198 2426 5267 futuris,
2465 5201 2734 5270 ejusmodi
2758 5210 2904 5267 sunt,
2939 5210 3000 5256 ut
3026 5201 3198 5255 nihilo
3220 5200 3292 5255 sit
3322 5196 3541 5252 inferior
3572 5213 3679 5252 cte-

440 5285 549 5339 τῶν
574 5285 871 5357 μελλόντων
894 5287 1313 5359 προαγορεύσεις
1339 5287 1602 5352 τοιαῦται,
1620 5288 1695 5352 ὡς
1719 5288 1882 5360 μηδὲν
1902 5287 2010 5340 τῶν

2140 5291 2245 5346 eris
2286 5292 2586 5362 prophetis.
2621 5290 2724 5347 Sed
2753 5293 2977 5347 omnino
3021 5290 3340 5359 perlongum
3378 5286 3542 5341 fuerit
3574 5288 3675 5341 viri

366 5408 369 5411 λ
440 5375 614 5430 ἄλλων
654 5375 871 5433 ἀποδεῖν
918 5378 1227 5447 προφητῶν.
1263 5379 1374 5433 Καὶ
1409 5379 1546 5442 ὅλως
1581 5380 1790 5451 μακρὸν
1823 5380 1889 5434 ἂν
1922 5379 2004 5452 εἴη

436 5467 531 5519 τοῦ
580 5466 770 5539 ἀνδρὸς
797 5467 1096 5538 διηγεῖσθαι
1139 5469 1207 5523 τὰ
1239 5468 1507 5540 θαύματα,
1541 5470 1599 5536 ὃς
1630 5473 1694 5542 τῇ
1735 5472 2003 5543 ὑπερϐολῇ

435 5558 543 5611 τῶν
576 5563 634 5614 ὲν
654 5561 802 5632 αὐτῷ
833 5562 1184 5634 χαρισμάτων
1208 5561 1313 5615 τῶν
1341 5564 1745 5637 ἐνεργουμένων
1779 5565 1884 5617 ὑπὸ
1908 5564 2003 5619 τοῦ

438 5650 752 5724 Πνεῦματος
786 5656 843 5706 ἐν
867 5655 1015 5727 πάσῃ
1042 5656 1266 5725 δυνάμει
1291 5656 1384 5710 καὶ
1410 5658 1652 5728 σημείοις
1673 5657 1764 5710 καὶ
1790 5657 2000 5727 τέρασι,

434 5742 684 5815 δεύτερος
716 5746 958 5816 Μωῢσῆς
992 5746 1330 5816 παρήαὐτῶν
1359 5747 1468 5801 τῶν
1505 5746 1713 5819 ἐχθρῶν
1741 5748 1838 5819 τῆς
1871 5747 2002 5818 ἀλη-

339 5820 350 5831 ’
431 5831 579 5898 θείας
629 5835 976 5908 ἀνηγόρευτο.
1006 5835 1193 5901 Οὕτως
1243 5838 1391 5908 αὐτῷ
1439 5841 1499 5892 ὲν
1546 5840 1708 5893 παντὶ
1732 5837 1874 5910 λόγῳ
1905 5840 1999 5893 καὶ

427 5921 572 5993 ἔργῳ
600 5925 705 5979 τῶν
734 5927 1158 6000 ἐπιτελουμένων
1185 5929 1274 5982 διὰ
1302 5931 1396 6001 τῆς
1415 5930 1637 6001 χάριτος
1660 5925 1770 5985 οἶόν
1798 5948 1850 5984 τι
1881 5930 1995 6001 φῶς

2108 5396 2429 5451 percensere
2474 5384 2757 5449 miracula,
2789 5383 2882 5452 qui
2920 5390 3138 5451 propter
3181 5381 3449 5435 donorum
3495 5378 3677 5434 excel-

2109 5476 2329 5530 lentiam
2363 5491 2485 5545 quae
2533 5477 2589 5531 in
2640 5477 2759 5546 ipso
2792 5475 3119 5545 operabatur
3145 5471 3401 5542 Spiritus,
3443 5471 3496 5524 in
3521 5471 3673 5525 omni

2106 5565 2325 5631 virtute,
2360 5567 2530 5637 signis
2561 5583 2625 5622 ac
2652 5567 2933 5637 prodigiis,
2965 5565 3033 5620 ab
3060 5565 3193 5635 ipsis
3223 5565 3386 5618 etiam
3428 5563 3672 5619 veritatis

2107 5658 2357 5715 hostibus
2387 5660 2526 5716 alter
2555 5659 2767 5732 Moyses
2800 5658 3097 5731 appellatus
3133 5657 3252 5712 fuit.
3296 5656 3448 5714 Adeo
3486 5655 3541 5711 in
3575 5656 3668 5709 illo

2103 5748 2159 5802 in
2210 5750 2466 5805 omnibus
2507 5760 2621 5805 tum
2659 5750 2817 5806 dictis
2858 5759 2971 5804 tum
3010 5749 3185 5814 factis,
3213 5763 3401 5802 eorum
3428 5761 3550 5816 quae
3572 5759 3670 5813 per

2101 5844 2328 5909 gratiam
2358 5843 2771 5912 peragebantur,
2790 5842 2956 5896 veluti
2985 5842 3168 5895 lumen
3215 5838 3448 5903 refulsit,
3477 5850 3666 5902 super-

2100 5931 2336 5988 ctelestis
2374 5932 2588 5989 virtutis
2616 5933 2897 5995 indicium.
2932 5947 3051 5995 qur:
3080 5947 3142 5988 ex
3176 5930 3388 5985 ocriilto
3428 5933 3665 5983 assecta-
