4090 6422
434 395 539 470 (“is

1320 408 1375 462 s.
1418 406 1817 463 cessemus
1860 372 2488 469 TH-\U.\1ATURGU3.

3565 430 3671 485 976

433 531 596 586 batur
644 527 815 582 illum.
845 524 1017 595 Hujus
1049 534 1103 579 et
1141 525 1195 578 in
1223 524 1543 578 hodiernum
1594 541 1812 595 quoque
1855 526 1988 581 diem

2101 529 2399 600 ἐπέλαμψε.
2426 532 2658 605 ,μήνυμα
2683 537 2781 607 τῆς
2807 534 3126 610 ἐπουρανίου
3157 541 3453 613 δυνάμεως,
3479 544 3577 617 τῆς
3608 549 3673 600 ἐκ

435 636 631 689 magna
664 631 747 674 est
780 618 921 687 apud
950 617 1068 685 ejus
1100 616 1334 687 regionis
1377 618 1624 672 homines
1652 617 1941 672 admiratio
1979 638 1990 671 :

434 725 733 779 recensque
760 724 823 763 ac
851 724 1063 776 semper
1090 698 1277 776 vigens
1324 708 1581 763 memoria
1612 709 1692 763 sic
1722 708 1885 763 inﬁxa
1913 718 1999 764 est

436 801 713 863 Ecclesiis,
751 809 809 854 ut
856 800 1005 853 nullo
1036 808 1279 868 tempore
1309 800 1634 855 obsoleseat.
1674 800 1860 871 Itaque
1889 817 1997 856 non

437 892 637 948 factum
688 893 928 962 aliquod,
958 907 1066 945 non
1119 890 1345 957 dictum,
1383 906 1492 946 non
1542 892 1773 953 formam
1829 893 1993 955 ullam

437 988 740 1058 mysticam,
771 985 913 1040 ultra
947 1000 1110 1054 quam
1148 984 1254 1038 illis
1286 983 1522 1053 reliquit,
1567 983 1821 1038 Ecclesiae
1848 985 1993 1053 adje-

433 1087 642 1133 cerunt.
674 1076 1013 1146 Quapropter
1044 1076 1204 1130 etiam
1236 1075 1404 1129 multa
1450 1090 1516 1129 ex
1565 1075 1650 1130 his
1692 1092 1813 1145 qua:
1855 1074 1997 1144 apud

437 1172 557 1224 illos
589 1180 822 1240 aguntur
852 1170 903 1223 in
938 1168 1135 1223 ritibus
1155 1168 1405 1222 videntur
1427 1168 1758 1238 imperfecta,
1782 1176 1997 1237 prepter

436 1260 792 1316 institutionis
833 1260 1231 1329 antiquitatem.
1268 1258 1455 1328 Neque
1481 1261 1625 1314 enim
1659 1259 1998 1314 sustinebant

436 1355 529 1425 qui
565 1354 618 1408 in
648 1352 1014 1409 Ecclesiarum
1043 1351 1571 1406 administrationem
1600 1359 1996 1415 successerant,

435 1447 797 1502 additamenta
829 1460 950 1515 qum
1000 1430 1121 1514 post
1153 1444 1303 1497 illum
1335 1442 1621 1497 adinventa
1672 1450 1819 1505 sunt,
1856 1442 1998 1495 reci-

431 1554 581 1609 pere.
620 1533 771 1592 Unus
825 1537 988 1608 igitur
1030 1536 1132 1591 fuit
1174 1535 1583 1605 glorilicationis
1610 1534 1805 1587 modus
1837 1545 1996 1601 quem

422 1634 666 1688 instituit
694 1630 1006 1700 Gregorius,
1038 1637 1091 1682 et
1120 1627 1164 1681 is
1192 1627 1279 1680 cui
1316 1640 1463 1680 nunc
1490 1623 1898 1685 contradicitur,
1931 1637 1998 1676 ex

428 1724 578 1779 illius
610 1722 902 1777 traditione
935 1718 989 1772 in
1020 1716 1263 1773 Ecclesia
1290 1715 1634 1770 observatus.

2101 619 2194 672 τοῦ
2220 621 2456 690 ἀφανοῦς
2478 627 2869 699 παρεπομένης
2895 630 3061 695 αύτῷ.
3087 631 3284 684 Τούτου
3312 632 3452 703 μέγα
3474 633 3553 687 ἔτι
3577 636 3670 688 καὶ

2103 712 2196 766 νῦν
2219 716 2334 791 τοῖς
2350 717 2635 787 ἐγχωρίοις
2658 719 2718 771 τὸ
2741 718 2944 790 θαῦμα,
2967 724 3060 775 καὶ
3090 723 3256 795 νεαρὰ
3276 724 3367 777 καὶ
3393 726 3478 779 ἀεὶ
3505 728 3671 799 πρόσ-
3770 755 3775 761 -

2102 821 2269 871 φατος
2299 807 2332 875 ἡ
2373 809 2556 878 μνήμη
2607 812 2725 874 ταῖς
2769 812 3111 882 Ἐκκλησίαις
3160 815 3450 886 ἐνίδρυται,
3497 818 3672 887 οὐδενὶ

2102 896 2278 967 χρόνῳ
2306 897 2719 972 ἀμαυρουμένη.
2755 903 2962 957 Οὐκοῦν
2989 906 3049 958 ού
3086 907 3282 977 πρᾶξίν
3308 925 3449 974 τινα,
3483 910 3543 962 οὐ
3577 910 3669 963 λό-

2102 1003 2221 1054 γον,
2250 990 2309 1040 ού
2357 989 2524 1043 τύπον
2554 994 2676 1047 τινὰ
2712 996 2968 1063 μυστικὸν
3013 986 3142 1068 πὰρ’
3166 998 3224 1051 ὃν
3256 1000 3482 1063 ἐκείνοις
3504 998 3668 1055 κατέ-

2102 1075 2248 1143 λιπε,
2273 1082 2339 1150 τῇ
2370 1081 2662 1154 Ἐκκλησία
2686 1086 3047 1158 προσέθηκαν.
3071 1089 3255 1162 Ταύτῃ
3282 1108 3362 1144 τοι
3385 1092 3477 1144 καὶ
3503 1089 3670 1146 πολλὰ

2100 1167 2208 1221 τῶν
2248 1171 2594 1241 παρ’·αὺτοῖς
2626 1174 2962 1246 τελουμένων
3007 1179 3267 1244 ὲλλειπῶς
3316 1181 3467 1252 ἔχειν
3500 1182 3665 1248 δοκεῖ,

2101 1259 2189 1312 διὰ
2243 1261 2304 1313 τὸ
2356 1263 2454 1334 τῆς
2502 1267 2882 1332 καταστάσεως
2922 1271 3331 1342 ἀρχαιότροπον.
3370 1274 3532 1327 Οὐδὲν
3560 1276 3669 1345 γὰρ

2096 1350 2384 1421 ἠνέσχοντο
2425 1357 2643 1411 οἱκατὰ
2684 1360 2927 1433 διαδοχὴν
2969 1363 3067 1428 τὰς
3115 1365 3434 1437 Ἐκκλησίας
3466 1369 3665 1421 οἱκονο-
3708 1408 3709 1411 η

2100 1442 2389 1527 μήσαντες,
2422 1446 2529 1500 τῶν
2585 1452 2702 1518 μετ’
2733 1453 2936 1507 ἐκεῖνον
2985 1456 3384 1526 ἐφευρεθέντων
3431 1458 3667 1529 παραδέ-

2099 1529 2289 1594 ξασθαι
2311 1537 2391 1597 εἰς
2418 1538 2749 1611 προσθήκην.
2764 1543 2856 1594 Ἓν
2890 1543 3066 1596 τοίνυν
3094 1544 3200 1597 τῶν
3229 1546 3550 1617 Γρηγορίου,
3573 1546 3665 1601 καὶ

2095 1624 2125 1675 ό
2154 1622 2247 1676 νῦν
2274 1625 2682 1698 ἀντιλεγόμενος
2716 1623 2915 1702 τρόπος
2944 1636 3043 1703 τῆς
3071 1634 3372 1704 δοξολογίας
3405 1640 3572 1702 ἐστὶν,
3603 1642 3666 1694 ἐκ

2094 1713 2194 1782 τῆς
2226 1716 2433 1769 ἐκείνου
2451 1720 2796 1791 παραδόσεως
2813 1726 2878 1794 τῇ
2910 1725 3200 1798 Ἐκκλησία
3233 1729 3663 1800 πεφυλαγμένος.

1301 1830 1449 1886 Idem
1489 1832 1643 1901 epist.
1682 1828 1941 1896 28,1mm.
1981 1826 2006 1880 1
2048 1839 2097 1881 et
2135 1829 2190 1894 2,
2216 1829 2343 1885 ibid.
2369 1850 2487 1902 pag.
2522 1835 2621 1887 107
2650 1853 2755 1906 seq.

500 1933 686 2003 Neque
723 1946 849 1986 vero
881 1928 1107 1999 attingat
1135 1941 1374 1995 unquam
1406 1922 1750 1995 (Ecciesiam
1780 1921 1988 1975 Neocae—

2168 1923 2319 1992 Μήτε
2346 1924 2402 1978 δὲ
2434 1915 2628 1994 ἅψαιτό
2659 1946 2805 1993 ποτε,
2836 1925 2880 1983 ὦ
2905 1932 3149 1992 Δέσποτα
3175 1935 3283 1987 τῶν
3308 1936 3581 2000 ἁπάντων,
3609 1938 3665 2001 ὃς

428 2028 731 2085 sariensem
763 2022 1136 2077 haereticorum
1177 2028 1459 2072 ventorum
1491 2012 1699 2085 aestus),
1725 2027 1757 2066 o
1782 2011 2003 2066 univer-‘

429 2134 617 2175 eorum
674 2114 936 2179 Domine;
988 2110 1082 2182 qui
1135 2108 1337 2163 famulo
1370 2117 1463 2162 tuo
1495 2104 1777 2174 Gregorio,
1818 2118 1848 2156 a
1886 2117 1995 2171 quo

427 2209 575 2264 basis
620 2204 877 2261 Ecclesiae
908 2202 999 2256 'ab
1047 2202 1199 2255 initio
1253 2206 1556 2267 compacta,
1588 2194 1995 2265 tranquillitatis

416 2295 761 2367 .longissimw
787 2276 986 2347 munu's
1015 2289 1282 2345 dedisti...
1319 2286 1419 2352 Qui
1452 2302 1483 2340 a
1512 2298 1712 2358 magno
1741 2282 1995 2338 Ecclesiae

422 2399 622 2462 vestrae
666 2385 894 2457 praeside
941 2382 1199 2452 Gregorio
1252 2394 1424 2448 usque
1470 2377 1536 2432 ad
1588 2377 1732 2432 hunc
1775 2376 1992 2431 beatum

429 2476 821 2554 (Musonium),
852 2476 1082 2530 alterum
1130 2474 1184 2528 in
1231 2471 1454 2527 alterius
1487 2471 1665 2525 locum
1696 2468 1992 2533 suﬂiciens,

426 2585 746 2643 semperque
775 2567 1061 2637 adaptatis,
1091 2564 1237 2619 velut
1267 2578 1334 2618 ex
1367 2561 1601 2632 quadam
1631 2562 1993 2632 pretiosorum

427 2664 666 2735 lapidum
697 2659 1079 2725 commissura,
1099 2657 1297 2711 mirum
1325 2664 1706 2710 ornamentum
1740 2652 1995 2707 Ecclesiae

426 2766 617 2812 vestra.-
646 2753 878 2825 largitus
904 2760 1004 2807 est.

494 2942 737 2996 Alterum
785 2938 893 2992 huc
937 2934 1165 3000 accedit,
1211 2932 1357 3003 quod
1387 2932 1435 2987 si
1463 2932 1805 3006 quid‘magni
1837 2932 1991 2988 aﬂ'ert

425 3033 495 3089 ad
537 3031 1001 3101 coniunctionem,
1032 3029 1195 3082 etiam
1247 3024 1437 3080 iisdem
1476 3024 1553 3078 uti
1589 3024 1885 3093 magistris,
1927 3023 1992 3077 ii-

425 3126 547 3180 dem
575 3124 734 3178 nobis
774 3123 883 3177 sint
918 3135 981 3175 ac
1012 3119 1165 3173 vobis
1192 3116 1437 3187 magistri
1474 3117 1856 3186 mysteriorum
1896 3114 1989 3169 Dei

423 3228 477 3273 et
511 3226 691 3287 patres
738 3212 1066 3284 spirituales,
1094 3209 1186 3278 qui
1234 3208 1388 3262 initio
1419 3205 1718 3262 Ecclesiam
1750 3215 1988 3261 vestram

425 3308 721 3363 fundarunt
759 3323 773 3359 :
802 3303 1118 3373 Gregorium
1157 3301 1280 3356 dico
1308 3314 1580 3355 summum
1610 3298 1759 3353 illum
1788 3300 1985 3367 virum,

421 3409 476 3455 et
499 3405 761 3468 quotquot
792 3404 914 3465 post
946 3408 1071 3448 eum
1101 3392 1214 3447 sedi
1246 3391 1386 3461 apud
1414 3405 1512 3446 vos
1538 3389 1833 3459 episcopali
1862 3406 1989 3445 suc-

423 3490 696 3554 cedentes,
727 3485 867 3539 alius
919 3491 1043 3553 post
1090 3483 1254 3536 alium
1304 3480 1468 3535 veluti
1526 3479 1693 3533 stellae
1742 3480 1986 3549 quaedam

422 3577 750 3641 exorientes,
779 3572 968 3628 iisdem
1000 3571 1241 3641 vestigiis
1270 3569 1612 3634 institerunt;
1644 3567 1779 3621 adeo
1808 3575 1868 3621 ut
1894 3584 1987 3624 ne-

423 3670 558 3725 mini
606 3669 836 3724 obscura
880 3665 1197 3735 reliquerint
1238 3662 1471 3719 caelestis
1521 3661 1757 3716 instituti
1793 3676 1984 3716 monu-

424 3777 547 3817 men
555 3770 627 3816 ta.

2102 2009 2179 2080 τῷ
2214 2010 2289 2080 σῷ
2322 2012 2610 2093 θεράποντι
2641 2016 2942 2089 Γρηγορίῳ,
2975 2020 3053 2089 τῷ
3082 2020 3140 2086 ἐξ
3170 2021 3343 2091 ἀρχῆς
3370 2022 3668 2093 πηξαμένῳ

2098 2099 2200 2169 τὴν
2231 2084 2469 2181 κρηπξδα
2490 2102 2591 2172 τῆς
2627 2084 2968 2176 Ἐκκληῡσίας,
3001 2084 3097 2178 τῆς
3244 2084 3667 2181 dra-‘-

2104 2188 2287 2258 ραξίας
2337 2194 2435 2263 τὴν
2486 2194 2642 2266 χάριν
2698 2196 3120 2264 ἕδωκας.....“ος
3152 2201 3259 2254 ἀπὸ
3300 2204 3392 2266 τοῦ
3430 2204 3665 2275 μεγάλου

2086 2283 2399 2352 προστάτου
2451 2289 2548 2356 τῆς
2586 2288 2908 2367 Ἐκκλησίας
2961 2291 3113 2360 ὑμῶν
3158 2293 3457 2366 Γρηγορίου
3502 2297 3665 2368 μέχρι

2101 2372 2190 2425 τοῦ
2224 2375 2491 2446 μακαρίου
2517 2374 2726 2440 τούτου,
2761 2378 2918 2439 ἄλλον
2943 2382 3028 2432 ἐπ’
3059 2380 3202 2452 ἄλλῳ
3235 2382 3542 2452 προστιθεὶς
3571 2387 3663 2439 καὶ
3764 2404 3765 2407 ‘

2104 2467 2451 2537 συναρμόζων
2483 2468 2587 2533 ἀεὶ,
2614 2467 2722 2523 οἷον
2756 2473 2819 2523 ἐκ
2858 2472 3000 2537 τινὸς
3030 2474 3207 2546 ἁρμόῦ
3239 2475 3400 2530 λίθών
3439 2478 3664 2532 πολυτε-

2100 2556 2227 2621 λῶν,
2278 2557 2589 2636 θαυμαστὸν
2632 2556 2743 2614 οἷον
2789 2562 2981 2627 κάλλος
3018 2566 3116 2636 τῆς
3151 2552 3471 2649 Ἐκκλησίας
3510 2569 3664 2641 ὑμῶν

2098 2649 2408 2720 ἐχαρίσατο.
2909 2660 2916 2667 “
3256 2670 3267 2679 “

1452 2835 1603 2891 Idem
1627 2838 1779 2906 epist.
1823 2836 1928 2892 204
1959 2853 2104 2891 num.
2134 2835 2187 2900 2,
2213 2834 2343 2888 ibid.
2376 2850 2498 2903 pag.
2523 2832 2645 2888 505.
2675 2890 2683 2895 _

2167 2927 2426 3000 Δεύτερον
2453 2927 2531 2994 δὲ,
2550 2929 2641 2981 -ὃτι
2668 2928 2791 2981 εἴτι
2824 2928 2967 2998 μέγα
2994 2931 3353 3002 συμϐάλλεται
3381 2934 3518 3006 πρὸς
3540 2953 3666 2992 συν-

2097 3019 2291 3086 άφειαν
2322 3009 2414 3068 καλ¹
2450 3016 2511 3068 τὸ
2535 3015 2666 3071 ,τῶν
2701 3017 2878 3071 αὐτῶν
2908 3022 3193 3090 μετασχεῖν
3221 3020 3577 3088 διδασκάλων,
3613 3027 3662 3080 οἱ

2096 3110 2249 3163 αὐτοὶ
2280 3110 2406 3178 ὑμῖν
2454 3109 2652 3160 τε-εἰσὶ
2694 3108 2787 3161 καὶ
2820 3111 2952 3180 ἡμῖν
2983 3110 3290 3165 διδάσκαλοί
3321 3130 3379 3166 τε
3408 3113 3515 3169 τῶν
3559 3133 3662 3186 μυ-

2098 3201 2332 3273 στηρίων
2364 3200 2457 3254 τοῦ
2496 3200 2652 3265 Θεοῦ,
2687 3201 2781 3253 καὶ
2827 3203 3062 3271 πατέρες
3096 3205 3471 3274 πνευματικοὶ,
3507 3209 3555 3260 oi
3602 3208 3661 3275 ἐξ

2092 3293 2265 3364 ἀρχῆς
2291 3292 2388 3363 τὴν
2428 3292 2749 3362 Ἐκκλησίαν
2777 3294 2875 3365 τὴν
2901 3295 3168 3367 ὑμετέραν
3202 3297 3623 3370 θεμελιώσαντες
3645 3322 3656 3334 ·

2092 3384 2385 3456 Γρηγόριον
2410 3383 2552 3452 λέγω
2571 3384 2662 3437 τὸν
2688 3385 2847 3448 πάνυ,
2877 3386 2969 3439 καὶ
2992 3388 3103 3440 ὅσοι
3132 3388 3324 3459 ἑφεξῆς
3349 3391 3539 3461 ἐκείνῳ
3562 3391 3661 3460 τῆς

2093 3477 2221 3547 παρ’
2251 3476 2378 3546 ὑμῖν
2407 3476 2711 3545 ἐπισκοπῆς
2737 3476 2826 3529 τὸν
2869 3477 3049 3549 θρόνον
3081 3478 3469 3550 διαδεξάμενοι,
3504 3482 3661 3546 ἄλλος

2093 3571 2179 3622 ἐπ’
2207 3569 2350 3641 ἄλλῳ
2377 3570 2566 3642 ὥσπερ
2594 3559 2735 3632 τιῦὲς
2768 3571 2993 3643 ἀστέρες
3020 3574 3490 3638 ἐπανατέλλοντες,
3515 3558 3678 3628 κατέι

2090 3660 2196 3714 τῶν
2239 3661 2416 3715 αὐτῶν
2453 3662 2612 3733 ἰχνῶν
2643 3662 2939 3733 ἐπέϐησαν,
2976 3663 3114 3717 ὥστε
3147 3665 3447 3733 διάγνωστα
3492 3683 3658 3719 κατα-

2088 3753 2264 3806 λιπεῖν
2317 3754 2412 3823 τῆς
2467 3753 2587 3807 κατ’
2620 3755 2843 3824 οὐρανὸν
2894 3754 3164 3818 πολιτείας
3211 3757 3278 3811 τὰ
3310 3760 3509 3829 σημεῖα
3543 3760 3656 3819 τοῖς
3698 3800 3699 3803 η

2089 3844 2456 3917 βουλομένοις.

1310 3940 1459 3993 Idem
1481 3939 1635 4008 epist.
1663 3936 1788 4003 207,
1825 3956 1969 3994 num.
2003 3938 2057 4008 4,
2085 3940 2212 3995 ibid.
2240 3957 2360 4011 pag.
2399 3941 2496 3995 5H
2524 3950 2573 3994 et
2594 3958 2728 4012 seqq.

491 4057 598 4113 Sed
631 4057 768 4123 hac,
794 4055 991 4124 inquit,
1018 4067 1127 4108 non
1161 4060 1319 4108 erant
1354 4060 1598 4122 tempore
1639 4050 1823 4121 magni
1849 4050 1983 4105 Gre-

421 4151 627 4223 gorii...
658 4148 783 4204 Haec
815 4157 994 4202 autem
1020 4162 1128 4202 non
1158 4144 1327 4200 fuisse
1366 4145 1469 4201 sub
1503 4144 1820 4199 admirando
1846 4141 1981 4197 Grc-

420 4241 592 4312 gorio,
619 4253 885 4309 quosnam
917 4236 1123 4292 habetis
1153 4235 1362 4292 testes?
1385 4235 1479 4304 qui
1510 4234 1726 4304 quidem
1754 4232 1888 4287 nihil
1916 4248 1983 4287 ex

420 4329 569 4383 illius
623 4327 884 4383 institutis
936 4326 1197 4380 hactenus
1244 4324 1676 4380 conservastis...
1720 4320 1984 4375 Tantum-

421 4420 585 4474 modo
631 4432 762 4473 sana
811 4416 921 4472 sint
969 4432 1091 4486 quae
1143 4426 1271 4471 sunt
1319 4414 1610 4484 praecipua,
1637 4423 1690 4468 et
1716 4412 1983 4468 novitates

418 4511 565 4565 circa
591 4510 750 4564 iidem
771 4509 1172 4578 compescite...
1197 4506 1439 4577 Gregorii
1461 4506 1621 4561 verba
1652 4520 1720 4560 ne
1738 4502 1874 4559 falso
1899 4504 1983 4558 in-

420 4600 812 4671 terpretemini.

2169 4049 2305 4103 Ἀλλ’
2339 4051 2439 4103 οὐκ
2466 4045 2553 4122 ἦν,
2591 4051 2744 4121 φησὶ,
2779 4050 2948 4104 ταῦτα
2982 4051 3075 4104 ἐπὶ
3106 4050 3200 4127 τοῦ
3245 4044 3489 4123 μεγάλου
3508 4054 3653 4127 Γρη-

2087 4143 2291 4215 γορίου.
2320 4183 2333 4197 .
2360 4186 2372 4196 .
2398 4145 2518 4198 Ὅτι
2543 4145 2598 4197 δὲ
2627 4146 2727 4198 οὐκ
2772 4143 2840 4216 ἦν
2883 4146 3057 4201 ταῦτα
3086 4148 3179 4201 ἐπὶ
3215 4148 3307 4201 τοῦ
3344 4148 3654 4220 θαυμαστοῦ

2089 4236 2384 4308 Γρηγορὶου
2430 4236 2579 4300 τίνας
2631 4237 2780 4307 ἔχετε
2828 4239 3141 4311 μάρτυρας;
3177 4241 3230 4294 οἵ
3261 4258 3322 4310 γε
3353 4243 3502 4295 οὐδὲν
3546 4243 3655 4295 τῶν
3706 4265 3746 4303 ,-

2090 4326 2296 4381 ἐκείνου
2337 4328 2495 4398 μέχρι
2527 4328 2621 4381 νῦν
2659 4328 3053 4383 διεσώσασθε...
3085 4332 3258 4384 Μόνον
3304 4332 3560 4418 ἐρρώσθω
3587 4335 3653 4386 τά

2088 4418 2489 4490 προηγούμενα,
2524 4421 2615 4473 καὶ
2658 4420 2756 4484 τὰς
2800 4421 2925 4491 περὶ
2969 4426 3066 4492 τὴν
3094 4424 3276 4477 πίστιν
3307 4424 3652 4494 καινοτομίας

2088 4512 2553 4582 κατασιγήσατε...
2594 4512 2705 4575 Τὰς
2736 4510 2827 4565 τοῦ
2863 4512 2902 4564 Γ
2908 4513 3157 4585 ρηγορίου
3190 4513 3369 4584 φωνὰς
3402 4515 3477 4586 μὴ
3510 4532 3653 4586 παρ-

2015 4581 2058 4634 D
2085 4581 2382 4672 εξηγεῖσθε.

1291 4688 1442 4743 Idem
1473 4691 1626 4760 epist.
1656 4688 1762 4743 210
1790 4704 1933 4742 num.
1964 4689 2019 4757 3,
2054 4692 2108 4758 5,
2136 4694 2264 4748 ibid.
2301 4711 2421 4766 pag.
2450 4695 2555 4750 514
2575 4737 2591 4762 ,
2615 4696 2739 4753 516.

486 4784 639 4840 Fidei
672 4784 880 4839 eversio
907 4781 1049 4852 apud
1073 4796 1172 4837 vos
1197 4780 1558 4851 excogitatur,
1595 4780 1816 4835 inimica
1849 4795 1980 4849 apo-

417 4878 627 4934 stolicis
671 4884 726 4931 et
774 4872 1099 4944 evangelieis
1125 4872 1410 4934 doctrinis,
1442 4872 1665 4927 inimica
1703 4869 1979 4926 traditioni

417 4969 665 5041 Gregorii
698 4981 826 5022 vere
857 4965 1107 5037 magni...
1138 4961 1276 5018 Nam
1314 4962 1536 5018 Sabellii
1579 4963 1804 5029 malum,
1848 4962 1978 5016 olim

416 5063 635 5133 quidem
667 5067 939 5123 exortum,
968 5056 1063 5111 sed
1116 5055 1406 5109 traditione
1448 5054 1634 5124 magni
1684 5054 1831 5109 illius
1875 5053 1981 5107 viri

414 5155 762 5216 exstinctum,
802 5158 1072 5205 conantur
1115 5161 1260 5201 nunc
1307 5146 1397 5201 isti
1426 5160 1756 5201 renovare...
1785 5144 1975 5200 Immi-

415 5262 535 5302 sere
558 5247 722 5302 etiam
762 5258 857 5313 per
881 5239 1166 5311 epistolam
1201 5248 1535 5295 tentamenta
1565 5239 1810 5308 quaedam
1841 5254 1978 5294 una-

416 5339 548 5393 nimi
598 5349 786 5393 nostro
830 5334 1089 5388 Anthimo
1136 5332 1444 5404 Tyanorum
1496 5333 1769 5402 episcopo,
1816 5332 1975 5403 quasi

413 5429 705 5498 Gregorius
752 5428 809 5481 in
863 5423 1016 5479 Fidei
1062 5427 1385 5495 expositione
1430 5423 1648 5488 dixerit,
1674 5422 1888 5478 Patrem
1920 5430 1975 5476 et

412 5517 606 5573 Filium
632 5519 830 5574 mentis
852 5518 1070 5588 quidem
1099 5518 1425 5589 cogitatione
1452 5517 1560 5570 duo
1581 5531 1721 5582 esse,
1752 5516 1846 5570 sed
1872 5516 1973 5585 hy—

2154 4785 2396 4850 Πίστεως
2447 4785 2741 4859 διαστροφὴ
2794 4788 2921 4859 παρ’
2953 4789 3078 4859 ὑμῖν
3127 4788 3432 4859 μελετᾶται,
3480 4787 3651 4862 ἐχθρὰ

2087 4874 2185 4945 μὲν
2238 4878 2347 4939 τοῖς
2394 4878 2764 4943 ἀποστολικοῖς
2814 4881 2907 4933 καὶ
2952 4880 3318 4948 εύαγγελικοῖς
3364 4880 3644 4951 δόγμασιν,

2081 4963 2252 5035 ἐχθρὰ
2281 4965 2338 5018 δὲ
2363 4967 2428 5036 τῇ
2457 4969 2750 5039 παραδόσει
2773 4967 2867 5023 τοῦ
2903 4969 3238 5040 μεγάλουὼς
3262 4969 3477 5041 ἀληθῶς
3506 4972 3648 5042 Γρη-

2080 5055 2282 5127 γορὶου.
2311 5096 2327 5109 .
2361 5097 2375 5110 .
2412 5057 2485 5111 Τὸ
2528 5059 2634 5131 γὰρ
2665 5058 2759 5112 τοῦ
2789 5059 3072 5113 Σαϐελλίου
3116 5061 3303 5123 κακὸν,
3336 5062 3501 5117 πάλαι
3550 5063 3646 5134 μὲν
3703 5098 3706 5102 η

2082 5146 2318 5218 κινηθὲν,
2354 5151 2720 5205 κατασϐεσθὲν
2751 5153 2806 5205 δὲ
2838 5157 2903 5225 τῇ
2940 5151 3227 5227 παραδόσει
3258 5154 3353 5206 τοῦ
3390 5154 3644 5224 μεγάλου,

2083 5241 2415 5312 ἐπιχειροῦσι
2443 5241 2539 5295 νῦν
2564 5243 2916 5298 ἀνανεοῦσθαι
2947 5242 3110 5300 οὗτοι.
3143 5287 3156 5299 .
3188 5285 3201 5298 .
3250 5244 3511 5316 Καθῆκαν

2079 5330 2136 5385 δέ
2167 5350 2288 5386 τινα
2323 5338 2514 5405 πεῖραν
2557 5334 2621 5388 δι’
2657 5337 2965 5408 ἐπιστολῆς,
2999 5339 3093 5391 καὶ
3126 5339 3262 5407 πρὸς
3306 5338 3395 5390 τὸν
3444 5336 3650 5407 όμόψυο-

2078 5441 2171 5494 χον
2196 5424 2643 5499 ὴμῶνΪΑνοιμον
2671 5428 2759 5481 τὸν
2793 5428 3015 5481 Τυάνων
3050 5429 3345 5481 ἐπίσκοπον
3367 5443 3381 5457 ·
3423 5425 3497 5491 ὼς
3540 5427 3648 5498 ἄρα
3686 5472 3691 5476 .

2077 5518 2376 5590 Γρηγορίου
2393 5521 2633 5584 εἰπόντος
2659 5523 2715 5573 ἐν
2733 5520 2995 5574 Ἐκθέσει
3011 5519 3519 5590 πίστεως,Πατέρα
3552 5519 3647 5572 καὶ

410 5610 613 5680 postasi
643 5625 833 5665 unum.
867 5608 981 5666 Hoc
1021 5619 1201 5665 autem
1251 5625 1357 5664 non
1403 5607 1633 5664 docendi
1662 5623 1850 5675 causa,
1882 5606 1977 5663 sed

2092 5609 2199 5663 l‘iov
2255 5611 2467 5682 ἐπινοίᾳ
2526 5611 2623 5682 μὲν
2675 5607 2815 5664 εἶναι
2864 5610 2975 5677 δύο,
3014 5610 3308 5666 ὑποστάσει
3340 5609 3395 5662 δὲ
3423 5609 3642 5679 ἓν(64).

481 5741 591 5814 (6'5)
629 5740 931 5814 Καθῆκαν,
966 5760 1020 5797 κ.
1046 5760 1094 5795 τ.
1118 5743 1166 5795 λ.
1210 5742 1414 5814 Ηοειιιη
1439 5742 1732 5814 verborum
1763 5743 1970 5796 versio-

409 5812 529 5869 nem
561 5828 734 5882 usque
764 5815 828 5867 ad
861 5813 1020 5867 tinem
1046 5814 1264 5869 exhibet
1290 5812 1583 5869 Facundus
1612 5813 1963 5869 Hermianen—

2075 5745 2171 5885 gis;l
2182 5745 2277 5800 lib.
2309 5761 2365 5813 ι,
2399 5761 2448 5801 c.
2480 5746 2533 5812 6,
2566 5744 2702 5815 Opp.
2740 5744 3012 5803 Sirmond.
3044 5756 3174 5801 tom.
3205 5744 3271 5810 ΙΙ,
3303 5759 3423 5814 pag.
3463 5742 3566 5797 740
3592 5755 3648 5801 et

2105 5833 2134 5871 e
2176 5853 2189 5868 .

2105 5833 2189 5871 en.
