  <div class='ocr_page' id='page_1' title='image "/cluster/home/n/w/nwhite01/storage/ocr_20150623/10/coo.31924054872894/501.png"; bbox 0 0 4090 6388; ppageno 0'>
   <div class='ocr_carea' id='block_1_1' title="bbox 371 328 3615 436">
    <p class='ocr_par' dir='ltr' id='par_1_1' title="bbox 371 328 3615 436">
     <span class='ocr_line' id='line_1_1' title="bbox 371 328 3615 436; baseline -0.003 0"><span class='ocrx_word' id='word_1_1' title='bbox 371 382 475 436; x_wconf 83' lang='lat'><strong>979</strong></span> <span class='ocrx_word' id='word_1_2' title='bbox 962 366 969 375; x_wconf 91' lang='lat'><strong><em>&#39;</em></strong></span> <span class='ocrx_word' id='word_1_3' title='bbox 1332 376 1388 430; x_wconf 88' lang='lat' dir='ltr'><strong>s.</strong></span> <span class='ocrx_word' id='word_1_4' title='bbox 1429 334 1827 431; x_wconf 72' lang='lat' dir='ltr'><strong>Caesonius</strong></span> <span class='ocrx_word' id='word_1_5' title='bbox 1865 373 2467 433; x_wconf 58' lang='lat' dir='ltr'><strong>remanemus.</strong></span> <span class='ocrx_word' id='word_1_6' title='bbox 2857 342 2862 347; x_wconf 69' lang='grc'><em>’</em></span> <span class='ocrx_word' id='word_1_7' title='bbox 3242 328 3246 332; x_wconf 50' lang='grc'><em>’</em></span> <span class='ocrx_word' id='word_1_8' title='bbox 3512 370 3615 427; x_wconf 70' lang='lat' dir='ltr'><strong>sco</strong></span> 
     </span>
    </p>
   </div>
   <div class='ocr_carea' id='block_1_2' title="bbox 372 489 3614 566">
    <p class='ocr_par' dir='ltr' id='par_1_2' title="bbox 372 489 3614 566">
     <span class='ocr_line' id='line_1_2' title="bbox 372 489 3614 566; baseline -0.003 -14"><span class='ocrx_word' id='word_1_9' title='bbox 372 495 637 552; x_wconf 74' lang='lat' dir='ltr'><strong>fratribus</strong></span> <span class='ocrx_word' id='word_1_10' title='bbox 670 503 815 551; x_wconf 93' lang='lat' dir='ltr'><strong>sorte</strong></span> <span class='ocrx_word' id='word_1_11' title='bbox 840 493 1172 548; x_wconf 63' lang='lat' dir='ltr'><strong>hereditatis</strong></span> <span class='ocrx_word' id='word_1_12' title='bbox 1208 493 1498 549; x_wconf 76' lang='lat' dir='ltr'><strong>obvenerat</strong></span> <span class='ocrx_word' id='word_1_13' title='bbox 1534 514 1549 548; x_wconf 89' lang='lat'><strong>:</strong></span> <span class='ocrx_word' id='word_1_14' title='bbox 1579 496 1670 550; x_wconf 91' lang='lat' dir='ltr'><strong>sed</strong></span> <span class='ocrx_word' id='word_1_15' title='bbox 1703 495 1943 564; x_wconf 72' lang='lat' dir='ltr'><strong>pecunia:</strong></span> <span class='ocrx_word' id='word_1_16' title='bbox 1974 506 2012 556; x_wconf 75' lang='grc' dir='ltr'><strong>Α</strong></span> <span class='ocrx_word' id='word_1_17' title='bbox 2049 496 2224 552; x_wconf 88' lang='lat' dir='ltr'><strong>undas</strong></span> <span class='ocrx_word' id='word_1_18' title='bbox 2248 496 2452 566; x_wconf 79' lang='lat' dir='ltr'><strong>deﬁgit,</strong></span> <span class='ocrx_word' id='word_1_19' title='bbox 2486 505 2540 550; x_wconf 91' lang='lat' dir='ltr'><strong>et</strong></span> <span class='ocrx_word' id='word_1_20' title='bbox 2572 495 2686 565; x_wconf 89' lang='lat' dir='ltr'><strong>ipse</strong></span> <span class='ocrx_word' id='word_1_21' title='bbox 2713 494 2905 565; x_wconf 84' lang='lat' dir='ltr'><strong>positis</strong></span> <span class='ocrx_word' id='word_1_22' title='bbox 2931 492 3160 564; x_wconf 77' lang='lat' dir='ltr'><strong>genibus</strong></span> <span class='ocrx_word' id='word_1_23' title='bbox 3186 490 3392 561; x_wconf 79' lang='lat' dir='ltr'><strong>palmas</strong></span> <span class='ocrx_word' id='word_1_24' title='bbox 3414 489 3479 543; x_wconf 83' lang='lat' dir='ltr'><strong>ad</strong></span> <span class='ocrx_word' id='word_1_25' title='bbox 3498 504 3614 543; x_wconf 78' lang='lat' dir='ltr'><strong>cm-</strong></span> 
     </span>
    </p>
   </div>
   <div class='ocr_carea' id='block_1_3' title="bbox 371 578 3611 661">
    <p class='ocr_par' dir='ltr' id='par_1_3' title="bbox 371 578 3611 661">
     <span class='ocr_line' id='line_1_3' title="bbox 371 578 3611 661; baseline -0.005 -13"><span class='ocrx_word' id='word_1_26' title='bbox 371 590 645 661; x_wconf 84' lang='lat' dir='ltr'><strong>cupiditas</strong></span> <span class='ocrx_word' id='word_1_27' title='bbox 681 592 823 658; x_wconf 73' lang='lat' dir='ltr'><strong>(qua:</strong></span> <span class='ocrx_word' id='word_1_28' title='bbox 852 587 1093 641; x_wconf 88' lang='lat' dir='ltr'><strong>omnium</strong></span> <span class='ocrx_word' id='word_1_29' title='bbox 1140 603 1276 657; x_wconf 85' lang='lat' dir='ltr'><strong>pene</strong></span> <span class='ocrx_word' id='word_1_30' title='bbox 1314 587 1624 641; x_wconf 81' lang='lat' dir='ltr'><strong>mortalium</strong></span> <span class='ocrx_word' id='word_1_31' title='bbox 1657 586 1822 653; x_wconf 88' lang='lat' dir='ltr'><strong>corda</strong></span> <span class='ocrx_word' id='word_1_32' title='bbox 1852 602 1944 640; x_wconf 91' lang='lat' dir='ltr'><strong>su—</strong></span> <span class='ocrx_word' id='word_1_33' title='bbox 2046 587 2156 641; x_wconf 89' lang='lat' dir='ltr'><strong>lum</strong></span> <span class='ocrx_word' id='word_1_34' title='bbox 2185 586 2374 652; x_wconf 85' lang='lat' dir='ltr'><strong>tendit,</strong></span> <span class='ocrx_word' id='word_1_35' title='bbox 2401 594 2564 655; x_wconf 85' lang='lat' dir='ltr'><strong>atque</strong></span> <span class='ocrx_word' id='word_1_36' title='bbox 2601 585 2682 641; x_wconf 80' lang='lat' dir='ltr'><strong>his</strong></span> <span class='ocrx_word' id='word_1_37' title='bbox 2710 584 2887 639; x_wconf 79' lang='lat' dir='ltr'><strong>verbis</strong></span> <span class='ocrx_word' id='word_1_38' title='bbox 2920 583 3137 638; x_wconf 73' lang='lat' dir='ltr'><strong>excelso</strong></span> <span class='ocrx_word' id='word_1_39' title='bbox 3161 580 3430 651; x_wconf 74' lang='lat' dir='ltr'><strong>supplicat</strong></span> <span class='ocrx_word' id='word_1_40' title='bbox 3460 578 3569 632; x_wconf 86' lang='lat' dir='ltr'><strong>Deo</strong></span> <span class='ocrx_word' id='word_1_41' title='bbox 3594 596 3611 609; x_wconf 66' lang='grc' dir='ltr'><strong><em>υ</em></strong></span> 
     </span>
    </p>
   </div>
   <div class='ocr_carea' id='block_1_4' title="bbox 373 669 3612 756">
    <p class='ocr_par' dir='ltr' id='par_1_4' title="bbox 373 669 3612 756">
     <span class='ocr_line' id='line_1_4' title="bbox 373 669 3612 756; baseline -0.005 -19"><span class='ocrx_word' id='word_1_42' title='bbox 373 688 549 756; x_wconf 77' lang='lat' dir='ltr'><strong>perat)</strong></span> <span class='ocrx_word' id='word_1_43' title='bbox 608 687 771 740; x_wconf 91' lang='lat' dir='ltr'><strong>etiam</strong></span> <span class='ocrx_word' id='word_1_44' title='bbox 837 685 1130 739; x_wconf 78' lang='lat' dir='ltr'><strong>fraternam</strong></span> <span class='ocrx_word' id='word_1_45' title='bbox 1187 680 1642 736; x_wconf 80' lang='lat' dir='ltr'><strong>necessitudinem</strong></span> <span class='ocrx_word' id='word_1_46' title='bbox 1698 679 1942 732; x_wconf 78' lang='lat' dir='ltr'><strong>violavit.</strong></span> <span class='ocrx_word' id='word_1_47' title='bbox 2047 678 2125 732; x_wconf 88' lang='lat' dir='ltr'><strong>Tu</strong></span> <span class='ocrx_word' id='word_1_48' title='bbox 2160 677 2387 731; x_wconf 87' lang='lat' dir='ltr'><strong>Domine</strong></span> <span class='ocrx_word' id='word_1_49' title='bbox 2411 676 2554 731; x_wconf 86' lang='lat' dir='ltr'><strong>Deus</strong></span> <span class='ocrx_word' id='word_1_50' title='bbox 2581 685 2795 745; x_wconf 85' lang='lat' dir='ltr'><strong>patrum</strong></span> <span class='ocrx_word' id='word_1_51' title='bbox 2829 684 3138 730; x_wconf 85' lang='lat' dir='ltr'><strong>nostrorum</strong></span> <span class='ocrx_word' id='word_1_52' title='bbox 3167 711 3183 736; x_wconf 90' lang='lat'><strong>,</strong></span> <span class='ocrx_word' id='word_1_53' title='bbox 3216 672 3307 742; x_wconf 91' lang='lat' dir='ltr'><strong>qui</strong></span> <span class='ocrx_word' id='word_1_54' title='bbox 3352 684 3486 726; x_wconf 70' lang='lat' dir='ltr'><strong>cum</strong></span> <span class='ocrx_word' id='word_1_55' title='bbox 3517 669 3612 723; x_wconf 84' lang='lat' dir='ltr'><strong>tibi</strong></span> 
     </span>
    </p>
   </div>
   <div class='ocr_carea' id='block_1_5' title="bbox 371 764 3672 841">
    <p class='ocr_par' dir='ltr' id='par_1_5' title="bbox 371 764 3672 841">
     <span class='ocr_line' id='line_1_5' title="bbox 371 764 3672 841; baseline -0.006 -9"><span class='ocrx_word' id='word_1_56' title='bbox 371 778 637 832; x_wconf 86' lang='lat' dir='ltr'><strong>Coibatur</strong></span> <span class='ocrx_word' id='word_1_57' title='bbox 662 792 691 830; x_wconf 89' lang='lat' dir='ltr'><strong>a</strong></span> <span class='ocrx_word' id='word_1_58' title='bbox 731 775 988 829; x_wconf 86' lang='lat' dir='ltr'><strong>fratribus</strong></span> <span class='ocrx_word' id='word_1_59' title='bbox 1022 783 1262 841; x_wconf 84' lang='lat' dir='ltr'><strong>tempore</strong></span> <span class='ocrx_word' id='word_1_60' title='bbox 1290 779 1548 838; x_wconf 75' lang='lat' dir='ltr'><strong>capturm,</strong></span> <span class='ocrx_word' id='word_1_61' title='bbox 1586 784 1692 822; x_wconf 90' lang='lat' dir='ltr'><strong>non</strong></span> <span class='ocrx_word' id='word_1_62' title='bbox 1725 778 1835 823; x_wconf 91' lang='lat' dir='ltr'><strong>tam</strong></span> <span class='ocrx_word' id='word_1_63' title='bbox 1878 768 1945 822; x_wconf 90' lang='lat' dir='ltr'><strong>ad</strong></span> <span class='ocrx_word' id='word_1_64' title='bbox 2044 771 2255 840; x_wconf 86' lang='lat' dir='ltr'><strong>primus</strong></span> <span class='ocrx_word' id='word_1_65' title='bbox 2284 769 2448 824; x_wconf 87' lang='lat' dir='ltr'><strong>homo</strong></span> <span class='ocrx_word' id='word_1_66' title='bbox 2470 767 2641 821; x_wconf 81' lang='lat' dir='ltr'><strong>Adam</strong></span> <span class='ocrx_word' id='word_1_67' title='bbox 2671 775 2969 837; x_wconf 84' lang='lat' dir='ltr'><strong>peccasset,</strong></span> <span class='ocrx_word' id='word_1_68' title='bbox 3010 780 3075 819; x_wconf 91' lang='lat' dir='ltr'><strong>ac</strong></span> <span class='ocrx_word' id='word_1_69' title='bbox 3109 764 3425 819; x_wconf 83' lang='lat' dir='ltr'><strong>mandatum</strong></span> <span class='ocrx_word' id='word_1_70' title='bbox 3457 771 3613 815; x_wconf 89' lang='lat' dir='ltr'><strong>tuum</strong></span> <span class='ocrx_word' id='word_1_71' title='bbox 3667 766 3672 773; x_wconf 81' lang='lat'><strong><em>&#39;</em></strong></span> 
     </span>
    </p>
   </div>
   <div class='ocr_carea' id='block_1_6' title="bbox 371 854 3615 938">
    <p class='ocr_par' dir='ltr' id='par_1_6' title="bbox 371 854 3615 938">
     <span class='ocr_line' id='line_1_6' title="bbox 371 854 3615 938; baseline -0.005 -15"><span class='ocrx_word' id='word_1_72' title='bbox 371 869 662 938; x_wconf 84' lang='lat' dir='ltr'><strong>capiendos</strong></span> <span class='ocrx_word' id='word_1_73' title='bbox 712 866 931 936; x_wconf 88' lang='lat' dir='ltr'><strong>pisces,</strong></span> <span class='ocrx_word' id='word_1_74' title='bbox 972 878 1135 932; x_wconf 89' lang='lat' dir='ltr'><strong>quam</strong></span> <span class='ocrx_word' id='word_1_75' title='bbox 1186 861 1251 915; x_wconf 90' lang='lat' dir='ltr'><strong>ad</strong></span> <span class='ocrx_word' id='word_1_76' title='bbox 1276 860 1624 928; x_wconf 86' lang='lat' dir='ltr'><strong>decipiendos</strong></span> <span class='ocrx_word' id='word_1_77' title='bbox 1662 860 1943 923; x_wconf 86' lang='lat' dir='ltr'><strong>homines;</strong></span> <span class='ocrx_word' id='word_1_78' title='bbox 2046 860 2417 930; x_wconf 63' lang='lat' dir='ltr'><strong>praeteriisset,</strong></span> <span class='ocrx_word' id='word_1_79' title='bbox 2473 874 2690 929; x_wconf 83' lang='lat' dir='ltr'><strong>pcenam</strong></span> <span class='ocrx_word' id='word_1_80' title='bbox 2734 860 2911 927; x_wconf 62' lang='lat' dir='ltr'><strong>culpae</strong></span> <span class='ocrx_word' id='word_1_81' title='bbox 2958 857 3105 911; x_wconf 89' lang='lat' dir='ltr'><strong>illius</strong></span> <span class='ocrx_word' id='word_1_82' title='bbox 3161 856 3498 918; x_wconf 78' lang='lat' dir='ltr'><strong>moderatus,</strong></span> <span class='ocrx_word' id='word_1_83' title='bbox 3545 854 3615 908; x_wconf 88' lang='lat' dir='ltr'><strong>ad</strong></span> 
     </span>
    </p>
   </div>
   <div class='ocr_carea' id='block_1_7' title="bbox 374 928 3643 1019">
    <p class='ocr_par' dir='ltr' id='par_1_7' title="bbox 374 928 3643 1019">
     <span class='ocr_line' id='line_1_7' title="bbox 374 928 3643 1019; baseline -0.005 -5"><span class='ocrx_word' id='word_1_84' title='bbox 374 961 548 1014; x_wconf 61' lang='lat' dir='ltr'><strong>caedes</strong></span> <span class='ocrx_word' id='word_1_85' title='bbox 587 966 641 1012; x_wconf 92' lang='lat' dir='ltr'><strong>et</strong></span> <span class='ocrx_word' id='word_1_86' title='bbox 675 957 810 1010; x_wconf 90' lang='lat' dir='ltr'><strong>bella</strong></span> <span class='ocrx_word' id='word_1_87' title='bbox 840 954 1236 1016; x_wconf 86' lang='lat' dir='ltr'><strong>movebantur;</strong></span> <span class='ocrx_word' id='word_1_88' title='bbox 1293 951 1563 1003; x_wconf 90' lang='lat' dir='ltr'><strong>humanus</strong></span> <span class='ocrx_word' id='word_1_89' title='bbox 1588 950 1811 1019; x_wconf 82' lang='lat' dir='ltr'><strong>sanguis</strong></span> <span class='ocrx_word' id='word_1_90' title='bbox 1848 963 1945 1017; x_wconf 89' lang='lat' dir='ltr'><strong>pro</strong></span> <span class='ocrx_word' id='word_1_91' title='bbox 2046 960 2245 1005; x_wconf 89' lang='lat' dir='ltr'><strong>terram</strong></span> <span class='ocrx_word' id='word_1_92' title='bbox 2274 928 2674 1006; x_wconf 89' lang='lat' dir='ltr'><strong>maledictionis</strong></span> <span class='ocrx_word' id='word_1_93' title='bbox 2700 950 3019 1003; x_wconf 89' lang='lat' dir='ltr'><strong>sententiam</strong></span> <span class='ocrx_word' id='word_1_94' title='bbox 3052 945 3350 1010; x_wconf 87' lang='lat' dir='ltr'><strong>detorsisti,</strong></span> <span class='ocrx_word' id='word_1_95' title='bbox 3380 946 3568 999; x_wconf 90' lang='lat' dir='ltr'><strong>dicens</strong></span> <span class='ocrx_word' id='word_1_96' title='bbox 3595 928 3643 998; x_wconf 25' lang='lat'><strong>:.</strong></span> 
     </span>
    </p>
   </div>
   <div class='ocr_carea' id='block_1_8' title="bbox 373 1036 3616 1121">
    <p class='ocr_par' dir='ltr' id='par_1_8' title="bbox 373 1036 3616 1121">
     <span class='ocr_line' id='line_1_8' title="bbox 373 1036 3616 1121; baseline -0.004 -18"><span class='ocrx_word' id='word_1_97' title='bbox 373 1051 617 1121; x_wconf 83' lang='lat' dir='ltr'><strong>piscibus</strong></span> <span class='ocrx_word' id='word_1_98' title='bbox 676 1047 1033 1113; x_wconf 79' lang='lat' dir='ltr'><strong>fundebatur;</strong></span> <span class='ocrx_word' id='word_1_99' title='bbox 1089 1042 1182 1098; x_wconf 90' lang='lat' dir='ltr'><strong>sed</strong></span> <span class='ocrx_word' id='word_1_100' title='bbox 1238 1040 1329 1095; x_wconf 91' lang='lat' dir='ltr'><strong>Dei</strong></span> <span class='ocrx_word' id='word_1_101' title='bbox 1390 1040 1726 1109; x_wconf 85' lang='lat' dir='ltr'><strong>providentia</strong></span> <span class='ocrx_word' id='word_1_102' title='bbox 1774 1038 1949 1094; x_wconf 86' lang='lat' dir='ltr'><strong>adfuit</strong></span> <span class='ocrx_word' id='word_1_103' title='bbox 2046 1041 2329 1096; x_wconf 82' lang='lat' dir='ltr'><strong>Maledicta</strong></span> <span class='ocrx_word' id='word_1_104' title='bbox 2382 1050 2526 1095; x_wconf 89' lang='lat' dir='ltr'><strong>terra</strong></span> <span class='ocrx_word' id='word_1_105' title='bbox 2569 1041 2624 1095; x_wconf 89' lang='lat' dir='ltr'><strong>in</strong></span> <span class='ocrx_word' id='word_1_106' title='bbox 2665 1040 2922 1110; x_wconf 89' lang='lat' dir='ltr'><strong>operibus</strong></span> <span class='ocrx_word' id='word_1_107' title='bbox 2975 1038 3104 1093; x_wconf 90' lang='lat' dir='ltr'><strong>tuis.</strong></span> <span class='ocrx_word' id='word_1_108' title='bbox 3162 1036 3230 1090; x_wconf 84' lang='lat' dir='ltr'><strong>Et</strong></span> <span class='ocrx_word' id='word_1_109' title='bbox 3284 1051 3430 1090; x_wconf 87' lang='lat' dir='ltr'><strong>nunc</strong></span> <span class='ocrx_word' id='word_1_110' title='bbox 3484 1049 3616 1105; x_wconf 84' lang='lat' dir='ltr'><strong>ergo</strong></span> 
     </span>
    </p>
   </div>
   <div class='ocr_carea' id='block_1_9' title="bbox 374 1123 1989 1210">
    <p class='ocr_par' dir='ltr' id='par_1_9' title="bbox 374 1123 1949 1210">
     <span class='ocr_line' id='line_1_9' title="bbox 374 1123 1949 1210; baseline -0.01 -16"><span class='ocrx_word' id='word_1_111' title='bbox 374 1138 669 1210; x_wconf 88' lang='lat' dir='ltr'><strong>aliquando</strong></span> <span class='ocrx_word' id='word_1_112' title='bbox 723 1136 1013 1200; x_wconf 82' lang='lat' dir='ltr'><strong>auxi-lium,</strong></span> <span class='ocrx_word' id='word_1_113' title='bbox 1065 1132 1439 1196; x_wconf 82' lang='lat' dir='ltr'><strong>adventusque</strong></span> <span class='ocrx_word' id='word_1_114' title='bbox 1479 1123 1949 1195; x_wconf 78' lang='lat' dir='ltr'><strong>Gregorii.&#39;Vidit</strong></span> 
     </span>
    </p>
   </div>
   <div class='ocr_carea' id='block_1_10' title="bbox 2001 1123 3616 1210">
    <p class='ocr_par' dir='ltr' id='par_1_10' title="bbox 2047 1127 3616 1201">
     <span class='ocr_line' id='line_1_10' title="bbox 2047 1127 3616 1201; baseline -0.006 -13"><span class='ocrx_word' id='word_1_115' title='bbox 2047 1135 2336 1188; x_wconf 89' lang='lat' dir='ltr'><strong>miseratus</strong></span> <span class='ocrx_word' id='word_1_116' title='bbox 2400 1134 2592 1187; x_wconf 90' lang='lat' dir='ltr'><strong>horum</strong></span> <span class='ocrx_word' id='word_1_117' title='bbox 2648 1132 2908 1201; x_wconf 83' lang='lat' dir='ltr'><strong>juvenum</strong></span> <span class='ocrx_word' id='word_1_118' title='bbox 2959 1128 3257 1184; x_wconf 88' lang='lat' dir='ltr'><strong>fraternum</strong></span> <span class='ocrx_word' id='word_1_119' title='bbox 3297 1127 3616 1196; x_wconf 80' lang='lat' dir='ltr'><strong>sanguinem</strong></span> 
     </span>
    </p>
   </div>
   <div class='ocr_carea' id='block_1_11' title="bbox 372 1218 3620 1299">
    <p class='ocr_par' dir='ltr' id='par_1_11' title="bbox 372 1218 3620 1299">
     <span class='ocr_line' id='line_1_11' title="bbox 372 1218 3620 1299; baseline -0.007 -15"><span class='ocrx_word' id='word_1_120' title='bbox 372 1231 563 1299; x_wconf 65' lang='lat' dir='ltr'><strong>praelia</strong></span> <span class='ocrx_word' id='word_1_121' title='bbox 599 1239 653 1285; x_wconf 90' lang='lat' dir='ltr'><strong>et</strong></span> <span class='ocrx_word' id='word_1_122' title='bbox 696 1236 899 1283; x_wconf 84' lang='lat' dir='ltr'><strong>mortes</strong></span> <span class='ocrx_word' id='word_1_123' title='bbox 931 1226 1195 1288; x_wconf 75' lang='lat' dir='ltr'><strong>virorum,</strong></span> <span class='ocrx_word' id='word_1_124' title='bbox 1228 1222 1578 1288; x_wconf 90' lang='lat' dir='ltr'><strong>furentesque</strong></span> <span class='ocrx_word' id='word_1_125' title='bbox 1621 1234 1944 1285; x_wconf 85' lang='lat' dir='ltr'><strong>germanos;</strong></span> <span class='ocrx_word' id='word_1_126' title='bbox 2047 1226 2141 1293; x_wconf 78' lang='lat' dir='ltr'><strong>qui</strong></span> <span class='ocrx_word' id='word_1_127' title='bbox 2191 1224 2546 1294; x_wconf 68' lang='lat' dir='ltr'><strong>periclitatur,</strong></span> <span class='ocrx_word' id='word_1_128' title='bbox 2598 1222 2831 1293; x_wconf 49' lang='lat' dir='ltr'><strong>praecipe</strong></span> <span class='ocrx_word' id='word_1_129' title='bbox 2863 1231 2924 1275; x_wconf 81' lang='grc' dir='ltr'><strong>ιη</strong></span> <span class='ocrx_word' id='word_1_130' title='bbox 2959 1219 3259 1275; x_wconf 60' lang='lat' dir='ltr'><strong>maledicta;</strong></span> <span class='ocrx_word' id='word_1_131' title='bbox 3302 1218 3412 1274; x_wconf 63' lang='lat' dir='ltr'><strong>sint</strong></span> <span class='ocrx_word' id='word_1_132' title='bbox 3463 1232 3620 1286; x_wconf 61' lang='lat' dir='ltr'><strong>aqua;</strong></span> 
     </span>
    </p>
   </div>
   <div class='ocr_carea' id='block_1_12' title="bbox 373 1309 1988 1394">
    <p class='ocr_par' dir='ltr' id='par_1_12' title="bbox 373 1309 1949 1394">
     <span class='ocr_line' id='line_1_12' title="bbox 373 1309 1949 1394; baseline -0.009 -18"><span class='ocrx_word' id='word_1_133' title='bbox 373 1323 503 1394; x_wconf 90' lang='lat' dir='ltr'><strong>quid</strong></span> <span class='ocrx_word' id='word_1_134' title='bbox 540 1336 720 1376; x_wconf 73' lang='lat' dir='ltr'><strong>causa:</strong></span> <span class='ocrx_word' id='word_1_135' title='bbox 761 1319 1028 1385; x_wconf 88' lang='lat' dir='ltr'><strong>subesset,</strong></span> <span class='ocrx_word' id='word_1_136' title='bbox 1074 1333 1174 1388; x_wconf 88' lang='lat' dir='ltr'><strong>pro</strong></span> <span class='ocrx_word' id='word_1_137' title='bbox 1213 1332 1320 1385; x_wconf 86' lang='lat' dir='ltr'><strong>qua</strong></span> <span class='ocrx_word' id='word_1_138' title='bbox 1366 1316 1423 1369; x_wconf 88' lang='lat' dir='ltr'><strong>in</strong></span> <span class='ocrx_word' id='word_1_139' title='bbox 1465 1312 1690 1367; x_wconf 73' lang='lat' dir='ltr'><strong>exitium</strong></span> <span class='ocrx_word' id='word_1_140' title='bbox 1717 1309 1799 1364; x_wconf 91' lang='lat' dir='ltr'><strong>sui</strong></span> <span class='ocrx_word' id='word_1_141' title='bbox 1827 1325 1949 1363; x_wconf 87' lang='lat' dir='ltr'><strong>suo-</strong></span> 
     </span>
    </p>
   </div>
   <div class='ocr_carea' id='block_1_13' title="bbox 2001 1309 3616 1394">
    <p class='ocr_par' dir='ltr' id='par_1_13' title="bbox 2049 1309 3616 1385">
     <span class='ocr_line' id='line_1_13' title="bbox 2049 1309 3616 1385; baseline -0.006 -15"><span class='ocrx_word' id='word_1_142' title='bbox 2049 1317 2167 1371; x_wconf 80' lang='lat' dir='ltr'><strong>istae</strong></span> <span class='ocrx_word' id='word_1_143' title='bbox 2193 1317 2246 1370; x_wconf 93' lang='lat' dir='ltr'><strong>in</strong></span> <span class='ocrx_word' id='word_1_144' title='bbox 2272 1317 2524 1385; x_wconf 84' lang='lat' dir='ltr'><strong>operibus</strong></span> <span class='ocrx_word' id='word_1_145' title='bbox 2547 1330 2760 1379; x_wconf 89' lang='lat' dir='ltr'><strong>eorum,</strong></span> <span class='ocrx_word' id='word_1_146' title='bbox 2789 1329 2889 1384; x_wconf 89' lang='lat' dir='ltr'><strong>pro</strong></span> <span class='ocrx_word' id='word_1_147' title='bbox 2914 1313 3116 1383; x_wconf 89' lang='lat' dir='ltr'><strong>quibus</strong></span> <span class='ocrx_word' id='word_1_148' title='bbox 3138 1310 3323 1366; x_wconf 87' lang='lat' dir='ltr'><strong>furore</strong></span> <span class='ocrx_word' id='word_1_149' title='bbox 3346 1309 3616 1375; x_wconf 88' lang='lat' dir='ltr'><strong>succensi,</strong></span> 
     </span>
    </p>
   </div>
   <div class='ocr_carea' id='block_1_14' title="bbox 375 1400 3618 1485">
    <p class='ocr_par' dir='ltr' id='par_1_14' title="bbox 375 1400 3618 1485">
     <span class='ocr_line' id='line_1_14' title="bbox 375 1400 3618 1485; baseline -0.007 -16"><span class='ocrx_word' id='word_1_150' title='bbox 375 1428 605 1485; x_wconf 90' lang='lat' dir='ltr'><strong>rumque</strong></span> <span class='ocrx_word' id='word_1_151' title='bbox 652 1411 855 1467; x_wconf 81' lang='lat' dir='ltr'><strong>fratres</strong></span> <span class='ocrx_word' id='word_1_152' title='bbox 910 1412 1333 1465; x_wconf 90' lang='lat' dir='ltr'><strong>accenderentur</strong></span> <span class='ocrx_word' id='word_1_153' title='bbox 1362 1448 1378 1474; x_wconf 95' lang='lat'><strong>,</strong></span> <span class='ocrx_word' id='word_1_154' title='bbox 1436 1405 1713 1476; x_wconf 87' lang='lat' dir='ltr'><strong>inquirit:</strong></span> <span class='ocrx_word' id='word_1_155' title='bbox 1742 1402 1945 1456; x_wconf 87' lang='lat' dir='ltr'><strong>nullam</strong></span> <span class='ocrx_word' id='word_1_156' title='bbox 2050 1408 2302 1462; x_wconf 57' lang='lat' dir='ltr'><strong>fraternae</strong></span> <span class='ocrx_word' id='word_1_157' title='bbox 2347 1408 2564 1477; x_wconf 58' lang='lat' dir='ltr'><strong>pietatis</strong></span> <span class='ocrx_word' id='word_1_158' title='bbox 2595 1406 2749 1461; x_wconf 70' lang='lat' dir='ltr'><strong>omni</strong></span> <span class='ocrx_word' id='word_1_159' title='bbox 2806 1413 2970 1472; x_wconf 76' lang='lat' dir='ltr'><strong>sum;</strong></span> <span class='ocrx_word' id='word_1_160' title='bbox 3023 1404 3097 1458; x_wconf 59' lang='lat' dir='ltr'><strong>ita</strong></span> <span class='ocrx_word' id='word_1_161' title='bbox 3141 1412 3201 1457; x_wconf 84' lang='grc' dir='ltr'><strong>υι</strong></span> <span class='ocrx_word' id='word_1_162' title='bbox 3248 1416 3527 1471; x_wconf 66' lang='lat' dir='ltr'><strong>nunquam</strong></span> <span class='ocrx_word' id='word_1_163' title='bbox 3561 1400 3618 1454; x_wconf 81' lang='lat' dir='ltr'><strong>in</strong></span> 
     </span>
    </p>
   </div>
   <div class='ocr_carea' id='block_1_15' title="bbox 374 1489 3618 1574">
    <p class='ocr_par' dir='ltr' id='par_1_15' title="bbox 374 1489 3618 1574">
     <span class='ocr_line' id='line_1_15' title="bbox 374 1489 3618 1574; baseline -0.004 -16"><span class='ocrx_word' id='word_1_164' title='bbox 374 1506 479 1561; x_wconf 89' lang='lat' dir='ltr'><strong>nisi</strong></span> <span class='ocrx_word' id='word_1_165' title='bbox 527 1512 808 1574; x_wconf 86' lang='lat' dir='ltr'><strong>capturam</strong></span> <span class='ocrx_word' id='word_1_166' title='bbox 866 1502 1096 1572; x_wconf 83' lang='lat' dir='ltr'><strong>piscium</strong></span> <span class='ocrx_word' id='word_1_167' title='bbox 1149 1502 1434 1571; x_wconf 89' lang='lat' dir='ltr'><strong>comperit.</strong></span> <span class='ocrx_word' id='word_1_168' title='bbox 1475 1497 1630 1552; x_wconf 91' lang='lat' dir='ltr'><strong>Tunc</strong></span> <span class='ocrx_word' id='word_1_169' title='bbox 1662 1496 1749 1550; x_wconf 90' lang='lat' dir='ltr'><strong>ille</strong></span> <span class='ocrx_word' id='word_1_170' title='bbox 1774 1536 1791 1559; x_wconf 94' lang='lat'><strong>,</strong></span> <span class='ocrx_word' id='word_1_171' title='bbox 1822 1510 1946 1549; x_wconf 89' lang='lat' dir='ltr'><strong>cum</strong></span> <span class='ocrx_word' id='word_1_172' title='bbox 2048 1500 2153 1555; x_wconf 84' lang='lat' dir='ltr'><strong>hoc</strong></span> <span class='ocrx_word' id='word_1_173' title='bbox 2180 1499 2301 1554; x_wconf 89' lang='lat' dir='ltr'><strong>loco</strong></span> <span class='ocrx_word' id='word_1_174' title='bbox 2333 1499 2417 1552; x_wconf 84' lang='lat' dir='ltr'><strong>vel</strong></span> <span class='ocrx_word' id='word_1_175' title='bbox 2443 1496 2610 1567; x_wconf 85' lang='lat' dir='ltr'><strong>piscis</strong></span> <span class='ocrx_word' id='word_1_176' title='bbox 2641 1503 2918 1566; x_wconf 86' lang='lat' dir='ltr'><strong>appareat,</strong></span> <span class='ocrx_word' id='word_1_177' title='bbox 2951 1494 3035 1549; x_wconf 86' lang='lat' dir='ltr'><strong>vel</strong></span> <span class='ocrx_word' id='word_1_178' title='bbox 3070 1508 3209 1563; x_wconf 87' lang='lat' dir='ltr'><strong>aqua</strong></span> <span class='ocrx_word' id='word_1_179' title='bbox 3240 1492 3491 1557; x_wconf 85' lang='lat' dir='ltr'><strong>resideat,</strong></span> <span class='ocrx_word' id='word_1_180' title='bbox 3522 1489 3618 1545; x_wconf 89' lang='lat' dir='ltr'><strong>sed</strong></span> 
     </span>
    </p>
   </div>
   <div class='ocr_carea' id='block_1_16' title="bbox 373 1582 3619 1666">
    <p class='ocr_par' dir='ltr' id='par_1_16' title="bbox 373 1582 3619 1666">
     <span class='ocr_line' id='line_1_16' title="bbox 373 1582 3619 1666; baseline -0.004 -17"><span class='ocrx_word' id='word_1_181' title='bbox 373 1611 473 1666; x_wconf 91' lang='lat' dir='ltr'><strong>pro</strong></span> <span class='ocrx_word' id='word_1_182' title='bbox 514 1596 723 1649; x_wconf 88' lang='lat' dir='ltr'><strong>honore</strong></span> <span class='ocrx_word' id='word_1_183' title='bbox 754 1594 1021 1648; x_wconf 83' lang='lat' dir='ltr'><strong>adventus</strong></span> <span class='ocrx_word' id='word_1_184' title='bbox 1052 1592 1137 1648; x_wconf 89' lang='lat' dir='ltr'><strong>sui</strong></span> <span class='ocrx_word' id='word_1_185' title='bbox 1171 1602 1413 1660; x_wconf 83' lang='lat' dir='ltr'><strong>utraeque</strong></span> <span class='ocrx_word' id='word_1_186' title='bbox 1451 1599 1636 1659; x_wconf 88' lang='lat' dir='ltr'><strong>partes</strong></span> <span class='ocrx_word' id='word_1_187' title='bbox 1664 1586 1945 1658; x_wconf 74' lang='lat' dir='ltr'><strong>paululum</strong></span> <span class='ocrx_word' id='word_1_188' title='bbox 2049 1592 2125 1661; x_wconf 82' lang='lat' dir='ltr'><strong>sit</strong></span> <span class='ocrx_word' id='word_1_189' title='bbox 2148 1606 2373 1661; x_wconf 89' lang='lat' dir='ltr'><strong>campus</strong></span> <span class='ocrx_word' id='word_1_190' title='bbox 2418 1589 2585 1643; x_wconf 89' lang='lat' dir='ltr'><strong>aratri</strong></span> <span class='ocrx_word' id='word_1_191' title='bbox 2627 1587 2861 1657; x_wconf 91' lang='lat' dir='ltr'><strong>patiens,</strong></span> <span class='ocrx_word' id='word_1_192' title='bbox 2896 1600 2960 1640; x_wconf 91' lang='lat' dir='ltr'><strong>ac</strong></span> <span class='ocrx_word' id='word_1_193' title='bbox 2990 1584 3206 1655; x_wconf 87' lang='lat' dir='ltr'><strong>frugum</strong></span> <span class='ocrx_word' id='word_1_194' title='bbox 3242 1582 3416 1648; x_wconf 80' lang='lat' dir='ltr'><strong>ferax,</strong></span> <span class='ocrx_word' id='word_1_195' title='bbox 3442 1591 3495 1636; x_wconf 88' lang='lat' dir='ltr'><strong>et</strong></span> <span class='ocrx_word' id='word_1_196' title='bbox 3518 1596 3619 1635; x_wconf 84' lang='lat' dir='ltr'><strong>cu-</strong></span> 
     </span>
    </p>
   </div>
   <div class='ocr_carea' id='block_1_17' title="bbox 370 1669 3620 1754">
    <p class='ocr_par' dir='ltr' id='par_1_17' title="bbox 370 1669 3620 1754">
     <span class='ocr_line' id='line_1_17' title="bbox 370 1669 3620 1754; baseline -0.006 -11"><span class='ocrx_word' id='word_1_197' title='bbox 370 1688 656 1743; x_wconf 84' lang='lat' dir='ltr'><strong>siluissent</strong></span> <span class='ocrx_word' id='word_1_198' title='bbox 702 1705 721 1739; x_wconf 88' lang='lat'><strong>:-</strong></span> <span class='ocrx_word' id='word_1_199' title='bbox 757 1685 932 1741; x_wconf 85' lang='lat' dir='ltr'><strong>Nolite</strong></span> <span class='ocrx_word' id='word_1_200' title='bbox 956 1728 971 1751; x_wconf 92' lang='lat'><strong>,</strong></span> <span class='ocrx_word' id='word_1_201' title='bbox 1014 1685 1208 1754; x_wconf 87' lang='lat' dir='ltr'><strong>inquit.</strong></span> <span class='ocrx_word' id='word_1_202' title='bbox 1241 1700 1273 1738; x_wconf 94' lang='lat' dir='ltr'><strong>o</strong></span> <span class='ocrx_word' id='word_1_203' title='bbox 1303 1682 1483 1747; x_wconf 90' lang='lat' dir='ltr'><strong>lilioli,</strong></span> <span class='ocrx_word' id='word_1_204' title='bbox 1508 1680 1803 1736; x_wconf 86' lang='lat' dir='ltr'><strong>rationales</strong></span> <span class='ocrx_word' id='word_1_205' title='bbox 1833 1679 1950 1732; x_wconf 90' lang='lat' dir='ltr'><strong>ani—</strong></span> <span class='ocrx_word' id='word_1_206' title='bbox 2050 1692 2164 1737; x_wconf 88' lang='lat' dir='ltr'><strong>stos</strong></span> <span class='ocrx_word' id='word_1_207' title='bbox 2189 1681 2243 1734; x_wconf 92' lang='lat' dir='ltr'><strong>in</strong></span> <span class='ocrx_word' id='word_1_208' title='bbox 2271 1689 2533 1735; x_wconf 81' lang='lat' dir='ltr'><strong>aeternum</strong></span> <span class='ocrx_word' id='word_1_209' title='bbox 2566 1677 2819 1732; x_wconf 65' lang='lat' dir='ltr'><strong>fraternae</strong></span> <span class='ocrx_word' id='word_1_210' title='bbox 2846 1674 3152 1743; x_wconf 65' lang='lat' dir='ltr'><strong>concordiae</strong></span> <span class='ocrx_word' id='word_1_211' title='bbox 3173 1681 3497 1743; x_wconf 89' lang='lat' dir='ltr'><strong>perseveret.</strong></span> <span class='ocrx_word' id='word_1_212' title='bbox 3528 1669 3620 1723; x_wconf 84' lang='lat' dir='ltr'><strong>Si-</strong></span> 
     </span>
    </p>
   </div>
   <div class='ocr_carea' id='block_1_18' title="bbox 375 1759 3620 1849">
    <p class='ocr_par' dir='ltr' id='par_1_18' title="bbox 375 1759 3620 1849">
     <span class='ocr_line' id='line_1_18' title="bbox 375 1759 3620 1849; baseline -0.006 -16"><span class='ocrx_word' id='word_1_213' title='bbox 375 1796 492 1834; x_wconf 88' lang='lat' dir='ltr'><strong>mas</strong></span> <span class='ocrx_word' id='word_1_214' title='bbox 521 1795 618 1849; x_wconf 91' lang='lat' dir='ltr'><strong>pro</strong></span> <span class='ocrx_word' id='word_1_215' title='bbox 653 1777 817 1832; x_wconf 88' lang='lat' dir='ltr'><strong>mutis</strong></span> <span class='ocrx_word' id='word_1_216' title='bbox 857 1776 1225 1830; x_wconf 90' lang='lat' dir='ltr'><strong>animantibus</strong></span> <span class='ocrx_word' id='word_1_217' title='bbox 1266 1774 1488 1838; x_wconf 82' lang='lat' dir='ltr'><strong>violare,</strong></span> <span class='ocrx_word' id='word_1_218' title='bbox 1526 1772 1818 1825; x_wconf 78' lang='lat' dir='ltr'><strong>fraternam</strong></span> <span class='ocrx_word' id='word_1_219' title='bbox 1854 1784 1949 1838; x_wconf 91' lang='lat' dir='ltr'><strong>pa-</strong></span> <span class='ocrx_word' id='word_1_220' title='bbox 1982 1837 2021 1849; x_wconf 73' lang='lat'><em>_</em></span> <span class='ocrx_word' id='word_1_221' title='bbox 2050 1772 2162 1825; x_wconf 91' lang='lat' dir='ltr'><strong>mui</strong></span> <span class='ocrx_word' id='word_1_222' title='bbox 2196 1780 2255 1826; x_wconf 93' lang='lat' dir='ltr'><strong>ut</strong></span> <span class='ocrx_word' id='word_1_223' title='bbox 2294 1771 2385 1825; x_wconf 81' lang='lat' dir='ltr'><strong>ille</strong></span> <span class='ocrx_word' id='word_1_224' title='bbox 2426 1770 2588 1824; x_wconf 87' lang='lat' dir='ltr'><strong>linem</strong></span> <span class='ocrx_word' id='word_1_225' title='bbox 2618 1766 2809 1823; x_wconf 89' lang='lat' dir='ltr'><strong>orandi</strong></span> <span class='ocrx_word' id='word_1_226' title='bbox 2836 1764 2985 1829; x_wconf 92' lang='lat' dir='ltr'><strong>fecit,</strong></span> <span class='ocrx_word' id='word_1_227' title='bbox 3013 1764 3196 1819; x_wconf 90' lang='lat' dir='ltr'><strong>statim</strong></span> <span class='ocrx_word' id='word_1_228' title='bbox 3233 1777 3292 1818; x_wconf 89' lang='lat' dir='ltr'><strong>se</strong></span> <span class='ocrx_word' id='word_1_229' title='bbox 3324 1761 3466 1815; x_wconf 88' lang='lat' dir='ltr'><strong>unda</strong></span> <span class='ocrx_word' id='word_1_230' title='bbox 3490 1759 3620 1815; x_wconf 88' lang='lat' dir='ltr'><strong>sub-</strong></span> 
     </span>
    </p>
   </div>
   <div class='ocr_carea' id='block_1_19' title="bbox 374 1837 3615 1940">
    <p class='ocr_par' dir='ltr' id='par_1_19' title="bbox 374 1837 3615 1940">
     <span class='ocr_line' id='line_1_19' title="bbox 374 1837 3615 1940; baseline -0.006 -15"><span class='ocrx_word' id='word_1_231' title='bbox 374 1886 491 1925; x_wconf 90' lang='lat' dir='ltr'><strong>cem</strong></span> <span class='ocrx_word' id='word_1_232' title='bbox 532 1880 773 1940; x_wconf 70' lang='lat' dir='ltr'><strong>qumstus</strong></span> <span class='ocrx_word' id='word_1_233' title='bbox 807 1869 1099 1938; x_wconf 88' lang='lat' dir='ltr'><strong>cupiditate</strong></span> <span class='ocrx_word' id='word_1_234' title='bbox 1130 1866 1447 1928; x_wconf 89' lang='lat' dir='ltr'><strong>dissolvere,</strong></span> <span class='ocrx_word' id='word_1_235' title='bbox 1481 1862 1574 1917; x_wconf 89' lang='lat' dir='ltr'><strong>Dei</strong></span> <span class='ocrx_word' id='word_1_236' title='bbox 1599 1863 1742 1932; x_wconf 80' lang='lat' dir='ltr'><strong>leges</strong></span> <span class='ocrx_word' id='word_1_237' title='bbox 1766 1871 1819 1916; x_wconf 92' lang='lat' dir='ltr'><strong>et</strong></span> <span class='ocrx_word' id='word_1_238' title='bbox 1848 1837 1947 1915; x_wconf 83' lang='lat' dir='ltr'><strong>na-</strong></span> <span class='ocrx_word' id='word_1_239' title='bbox 1980 1837 2023 1891; x_wconf 78' lang='grc' dir='ltr'><strong>Β</strong></span> <span class='ocrx_word' id='word_1_240' title='bbox 2054 1864 2290 1925; x_wconf 91' lang='lat' dir='ltr'><strong>ducens,</strong></span> <span class='ocrx_word' id='word_1_241' title='bbox 2326 1870 2381 1915; x_wconf 90' lang='lat' dir='ltr'><strong>et</strong></span> <span class='ocrx_word' id='word_1_242' title='bbox 2422 1875 2587 1916; x_wconf 82' lang='lat' dir='ltr'><strong>cursu</strong></span> <span class='ocrx_word' id='word_1_243' title='bbox 2626 1856 2893 1913; x_wconf 86' lang='lat' dir='ltr'><strong>velociorc</strong></span> <span class='ocrx_word' id='word_1_244' title='bbox 2940 1854 3238 1926; x_wconf 82' lang='lat' dir='ltr'><strong>refugiens,</strong></span> <span class='ocrx_word' id='word_1_245' title='bbox 3268 1869 3298 1907; x_wconf 91' lang='lat' dir='ltr'><strong>a</strong></span> <span class='ocrx_word' id='word_1_246' title='bbox 3323 1861 3615 1920; x_wconf 88' lang='lat' dir='ltr'><strong>conspectu</strong></span> 
     </span>
    </p>
   </div>
   <div class='ocr_carea' id='block_1_20' title="bbox 378 1943 3617 2031">
    <p class='ocr_par' dir='ltr' id='par_1_20' title="bbox 378 1943 3617 2031">
     <span class='ocr_line' id='line_1_20' title="bbox 378 1943 3617 2031; baseline -0.007 -14"><span class='ocrx_word' id='word_1_247' title='bbox 378 1973 511 2017; x_wconf 79' lang='lat' dir='ltr'><strong>turae</strong></span> <span class='ocrx_word' id='word_1_248' title='bbox 548 1962 750 2031; x_wconf 77' lang='lat' dir='ltr'><strong>pariter</strong></span> <span class='ocrx_word' id='word_1_249' title='bbox 777 1960 902 2030; x_wconf 86' lang='lat' dir='ltr'><strong>jura</strong></span> <span class='ocrx_word' id='word_1_250' title='bbox 932 1969 1223 2024; x_wconf 87' lang='lat' dir='ltr'><strong>temerare;</strong></span> <span class='ocrx_word' id='word_1_251' title='bbox 1278 1966 1329 2011; x_wconf 91' lang='lat' dir='ltr'><strong>et</strong></span> <span class='ocrx_word' id='word_1_252' title='bbox 1362 1971 1468 2011; x_wconf 90' lang='lat' dir='ltr'><strong>una</strong></span> <span class='ocrx_word' id='word_1_253' title='bbox 1501 1969 1714 2009; x_wconf 90' lang='lat' dir='ltr'><strong>mecum</strong></span> <span class='ocrx_word' id='word_1_254' title='bbox 1753 1952 1819 2007; x_wconf 90' lang='lat' dir='ltr'><strong>ad</strong></span> <span class='ocrx_word' id='word_1_255' title='bbox 1849 1966 1945 2005; x_wconf 90' lang='lat' dir='ltr'><strong>ora</strong></span> <span class='ocrx_word' id='word_1_256' title='bbox 2050 1969 2286 2024; x_wconf 85' lang='lat' dir='ltr'><strong>superno</strong></span> <span class='ocrx_word' id='word_1_257' title='bbox 2337 1953 2491 2022; x_wconf 90' lang='lat' dir='ltr'><strong>jussa</strong></span> <span class='ocrx_word' id='word_1_258' title='bbox 2547 1950 2823 2006; x_wconf 88' lang='lat' dir='ltr'><strong>discedere</strong></span> <span class='ocrx_word' id='word_1_259' title='bbox 2850 1989 2866 2013; x_wconf 93' lang='lat'><strong>,</strong></span> <span class='ocrx_word' id='word_1_260' title='bbox 2925 1947 3135 2018; x_wconf 87' lang='lat' dir='ltr'><strong>abyssis</strong></span> <span class='ocrx_word' id='word_1_261' title='bbox 3178 1947 3293 2000; x_wconf 89' lang='lat' dir='ltr'><strong>suis</strong></span> <span class='ocrx_word' id='word_1_262' title='bbox 3334 1943 3617 2006; x_wconf 89' lang='lat' dir='ltr'><strong>redditur,</strong></span> 
     </span>
    </p>
   </div>
   <div class='ocr_carea' id='block_1_21' title="bbox 376 2034 3620 2123">
    <p class='ocr_par' dir='ltr' id='par_1_21' title="bbox 376 2034 3620 2123">
     <span class='ocr_line' id='line_1_21' title="bbox 376 2034 3620 2123; baseline -0.007 -15"><span class='ocrx_word' id='word_1_263' title='bbox 376 2054 555 2123; x_wconf 83' lang='lat' dir='ltr'><strong>stagni</strong></span> <span class='ocrx_word' id='word_1_264' title='bbox 595 2053 828 2108; x_wconf 74' lang='lat' dir='ltr'><strong>exitialis</strong></span> <span class='ocrx_word' id='word_1_265' title='bbox 873 2051 1132 2106; x_wconf 82' lang='lat' dir='ltr'><strong>accedite.</strong></span> <span class='ocrx_word' id='word_1_266' title='bbox 1168 2049 1281 2119; x_wconf 85' lang='lat' dir='ltr'><strong>Ego</strong></span> <span class='ocrx_word' id='word_1_267' title='bbox 1304 2048 1417 2119; x_wconf 89' lang='lat' dir='ltr'><strong>jam</strong></span> <span class='ocrx_word' id='word_1_268' title='bbox 1444 2056 1542 2102; x_wconf 73' lang='lat' dir='ltr'><strong>Vos</strong></span> <span class='ocrx_word' id='word_1_269' title='bbox 1567 2063 1663 2117; x_wconf 93' lang='lat' dir='ltr'><strong>per</strong></span> <span class='ocrx_word' id='word_1_270' title='bbox 1688 2046 1946 2100; x_wconf 89' lang='lat' dir='ltr'><strong>virtutem</strong></span> <span class='ocrx_word' id='word_1_271' title='bbox 2050 2053 2105 2099; x_wconf 89' lang='lat' dir='ltr'><strong>et</strong></span> <span class='ocrx_word' id='word_1_272' title='bbox 2154 2053 2394 2098; x_wconf 88' lang='lat' dir='ltr'><strong>arentem</strong></span> <span class='ocrx_word' id='word_1_273' title='bbox 2443 2057 2697 2106; x_wconf 86' lang='lat' dir='ltr'><strong>campum</strong></span> <span class='ocrx_word' id='word_1_274' title='bbox 2757 2040 3031 2110; x_wconf 88' lang='lat' dir='ltr'><strong>germanis</strong></span> <span class='ocrx_word' id='word_1_275' title='bbox 3089 2039 3203 2107; x_wconf 88' lang='lat' dir='ltr'><strong>jam</strong></span> <span class='ocrx_word' id='word_1_276' title='bbox 3257 2034 3620 2091; x_wconf 89' lang='lat' dir='ltr'><strong>concordibus</strong></span> 
     </span>
    </p>
   </div>
   <div class='ocr_carea' id='block_1_22' title="bbox 375 2127 3621 2211">
    <p class='ocr_par' dir='ltr' id='par_1_22' title="bbox 375 2127 3621 2211">
     <span class='ocr_line' id='line_1_22' title="bbox 375 2127 3621 2211; baseline -0.006 -11"><span class='ocrx_word' id='word_1_277' title='bbox 375 2143 628 2211; x_wconf 83' lang='lat' dir='ltr'><strong>Domini,</strong></span> <span class='ocrx_word' id='word_1_278' title='bbox 675 2144 824 2199; x_wconf 91' lang='lat' dir='ltr'><strong>omni</strong></span> <span class='ocrx_word' id='word_1_279' title='bbox 855 2143 1150 2198; x_wconf 89' lang='lat' dir='ltr'><strong>certamine</strong></span> <span class='ocrx_word' id='word_1_280' title='bbox 1175 2149 1416 2197; x_wconf 64' lang='lat' dir='ltr'><strong>cruenta:</strong></span> <span class='ocrx_word' id='word_1_281' title='bbox 1450 2136 1814 2195; x_wconf 87' lang='lat' dir='ltr'><strong>contentionis</strong></span> <span class='ocrx_word' id='word_1_282' title='bbox 1852 2135 1949 2189; x_wconf 89' lang='lat' dir='ltr'><strong>ab-</strong></span> <span class='ocrx_word' id='word_1_283' title='bbox 2050 2135 2357 2205; x_wconf 89' lang='lat' dir='ltr'><strong>dereliquit.</strong></span> <span class='ocrx_word' id='word_1_284' title='bbox 2391 2133 2495 2189; x_wconf 89' lang='lat' dir='ltr'><strong>Sed</strong></span> <span class='ocrx_word' id='word_1_285' title='bbox 2527 2142 2579 2189; x_wconf 93' lang='lat' dir='ltr'><strong>et</strong></span> <span class='ocrx_word' id='word_1_286' title='bbox 2607 2134 2660 2188; x_wconf 91' lang='lat' dir='ltr'><strong>in</strong></span> <span class='ocrx_word' id='word_1_287' title='bbox 2685 2133 3005 2188; x_wconf 82' lang='lat' dir='ltr'><strong>hodiernum</strong></span> <span class='ocrx_word' id='word_1_288' title='bbox 3027 2172 3041 2192; x_wconf 89' lang='lat'><strong>,</strong></span> <span class='ocrx_word' id='word_1_289' title='bbox 3073 2129 3287 2199; x_wconf 84' lang='lat' dir='ltr'><strong>frugum</strong></span> <span class='ocrx_word' id='word_1_290' title='bbox 3322 2127 3471 2181; x_wconf 82' lang='lat' dir='ltr'><strong>ferax</strong></span> <span class='ocrx_word' id='word_1_291' title='bbox 3497 2139 3621 2181; x_wconf 80' lang='lat' dir='ltr'><strong>esse</strong></span> 
     </span>
    </p>
   </div>
   <div class='ocr_carea' id='block_1_23' title="bbox 373 2219 3475 2317">
    <p class='ocr_par' dir='ltr' id='par_1_23' title="bbox 373 2219 3475 2317">
     <span class='ocr_line' id='line_1_23' title="bbox 373 2219 3475 2317; baseline -0.006 -25"><span class='ocrx_word' id='word_1_292' title='bbox 373 2237 603 2317; x_wconf 64' lang='lat' dir='ltr'><strong>solvam.</strong></span> <span class='ocrx_word' id='word_1_293' title='bbox 637 2234 853 2290; x_wconf 88' lang='lat' dir='ltr'><strong>Etcum</strong></span> <span class='ocrx_word' id='word_1_294' title='bbox 888 2235 1004 2291; x_wconf 78' lang='lat' dir='ltr'><strong>haec</strong></span> <span class='ocrx_word' id='word_1_295' title='bbox 1028 2234 1275 2301; x_wconf 86' lang='lat' dir='ltr'><strong>dixisset,</strong></span> <span class='ocrx_word' id='word_1_296' title='bbox 1301 2235 1354 2288; x_wconf 92' lang='lat' dir='ltr'><strong>in</strong></span> <span class='ocrx_word' id='word_1_297' title='bbox 1387 2240 1680 2304; x_wconf 91' lang='lat' dir='ltr'><strong>conspectu</strong></span> <span class='ocrx_word' id='word_1_298' title='bbox 1702 2228 1945 2283; x_wconf 90' lang='lat' dir='ltr'><strong>omnium</strong></span> <span class='ocrx_word' id='word_1_299' title='bbox 2051 2228 2251 2283; x_wconf 88' lang='lat' dir='ltr'><strong>dicitur</strong></span> <span class='ocrx_word' id='word_1_300' title='bbox 2280 2227 2482 2292; x_wconf 91' lang='lat' dir='ltr'><strong>solum,</strong></span> <span class='ocrx_word' id='word_1_301' title='bbox 2516 2225 2662 2295; x_wconf 91' lang='lat' dir='ltr'><strong>quod</strong></span> <span class='ocrx_word' id='word_1_302' title='bbox 2690 2234 2815 2280; x_wconf 91' lang='lat' dir='ltr'><strong>ante</strong></span> <span class='ocrx_word' id='word_1_303' title='bbox 2834 2224 3011 2278; x_wconf 86' lang='lat' dir='ltr'><strong>fuerat</strong></span> <span class='ocrx_word' id='word_1_304' title='bbox 3043 2222 3262 2276; x_wconf 85' lang='lat' dir='ltr'><strong>navium</strong></span> <span class='ocrx_word' id='word_1_305' title='bbox 3302 2219 3475 2274; x_wconf 82' lang='lat' dir='ltr'><strong>ferax.</strong></span> 
     </span>
    </p>
   </div>
   <div class='ocr_carea' id='block_1_24' title="bbox 386 2320 1948 2399">
    <p class='ocr_par' dir='ltr' id='par_1_24' title="bbox 386 2320 1948 2399">
     <span class='ocr_line' id='line_1_24' title="bbox 386 2320 1948 2399; baseline -0.004 -18"><span class='ocrx_word' id='word_1_306' title='bbox 386 2329 582 2399; x_wconf 65' lang='lat' dir='ltr'><strong>virgam</strong></span> <span class='ocrx_word' id='word_1_307' title='bbox 622 2342 785 2397; x_wconf 86' lang='lat' dir='ltr'><strong>quam</strong></span> <span class='ocrx_word' id='word_1_308' title='bbox 832 2327 1048 2381; x_wconf 83' lang='lat' dir='ltr'><strong>tenebat</strong></span> <span class='ocrx_word' id='word_1_309' title='bbox 1090 2327 1144 2381; x_wconf 90' lang='lat' dir='ltr'><strong>in</strong></span> <span class='ocrx_word' id='word_1_310' title='bbox 1195 2342 1360 2383; x_wconf 89' lang='lat' dir='ltr'><strong>manu</strong></span> <span class='ocrx_word' id='word_1_311' title='bbox 1402 2326 1471 2381; x_wconf 89' lang='lat' dir='ltr'><strong>ad</strong></span> <span class='ocrx_word' id='word_1_312' title='bbox 1514 2325 1718 2395; x_wconf 87' lang='lat' dir='ltr'><strong>primas</strong></span> <span class='ocrx_word' id='word_1_313' title='bbox 1747 2320 1948 2377; x_wconf 89' lang='lat' dir='ltr'><strong>littoris</strong></span> 
     </span>
    </p>
   </div>
   <div class='ocr_carea' id='block_1_25' title="bbox 1851 2433 2165 2491">
    <p class='ocr_par' dir='ltr' id='par_1_25' title="bbox 1851 2433 2165 2491">
     <span class='ocr_line' id='line_1_25' title="bbox 1851 2433 2165 2491; baseline -0.019 0"><span class='ocrx_word' id='word_1_314' title='bbox 1851 2436 1879 2491; x_wconf 87' lang='grc'><em>1</em></span> <span class='ocrx_word' id='word_1_315' title='bbox 1884 2439 1997 2491; x_wconf 86' lang='lat' dir='ltr'><strong>dem</strong></span> <span class='ocrx_word' id='word_1_316' title='bbox 2029 2433 2165 2490; x_wconf 84' lang='lat' dir='ltr'><strong>ibid.</strong></span> 
     </span>
    </p>
   </div>
   <div class='ocr_carea' id='block_1_26' title="bbox 443 2511 3623 2610">
    <p class='ocr_par' dir='ltr' id='par_1_26' title="bbox 443 2511 3623 2610">
     <span class='ocr_line' id='line_1_26' title="bbox 443 2511 3623 2610; baseline -0.009 -15"><span class='ocrx_word' id='word_1_317' title='bbox 443 2538 550 2595; x_wconf 88' lang='lat' dir='ltr'><strong>Sed</strong></span> <span class='ocrx_word' id='word_1_318' title='bbox 594 2549 648 2594; x_wconf 91' lang='lat' dir='ltr'><strong>et</strong></span> <span class='ocrx_word' id='word_1_319' title='bbox 695 2539 898 2610; x_wconf 79' lang='lat' dir='ltr'><strong>ingenii</strong></span> <span class='ocrx_word' id='word_1_320' title='bbox 927 2538 1010 2591; x_wconf 91' lang='lat' dir='ltr'><strong>sui</strong></span> <span class='ocrx_word' id='word_1_321' title='bbox 1039 2536 1194 2591; x_wconf 86' lang='lat' dir='ltr'><strong>nobis</strong></span> <span class='ocrx_word' id='word_1_322' title='bbox 1217 2536 1271 2589; x_wconf 89' lang='lat' dir='ltr'><strong>in</strong></span> <span class='ocrx_word' id='word_1_323' title='bbox 1297 2549 1463 2605; x_wconf 80' lang='lat' dir='ltr'><strong>parvo</strong></span> <span class='ocrx_word' id='word_1_324' title='bbox 1493 2534 1729 2589; x_wconf 80' lang='lat' dir='ltr'><strong>maxima</strong></span> <span class='ocrx_word' id='word_1_325' title='bbox 1750 2544 1946 2599; x_wconf 87' lang='lat' dir='ltr'><strong>monu-</strong></span> <span class='ocrx_word' id='word_1_326' title='bbox 2054 2526 2140 2581; x_wconf 88' lang='lat' dir='ltr'><strong>his</strong></span> <span class='ocrx_word' id='word_1_327' title='bbox 2173 2521 2520 2579; x_wconf 90' lang='lat' dir='ltr'><strong>commodum</strong></span> <span class='ocrx_word' id='word_1_328' title='bbox 2568 2520 2699 2576; x_wconf 81' lang='lat' dir='ltr'><strong>duxi</strong></span> <span class='ocrx_word' id='word_1_329' title='bbox 2741 2537 2754 2572; x_wconf 92' lang='lat'>:</span> <span class='ocrx_word' id='word_1_330' title='bbox 2795 2538 2813 2571; x_wconf 84' lang='grc'><strong><em>‹</em></strong></span> <span class='ocrx_word' id='word_1_331' title='bbox 2855 2515 3007 2573; x_wconf 89' lang='lat' dir='ltr'><strong>Unus</strong></span> <span class='ocrx_word' id='word_1_332' title='bbox 3057 2512 3200 2571; x_wconf 90' lang='lat' dir='ltr'><strong>Deus</strong></span> <span class='ocrx_word' id='word_1_333' title='bbox 3247 2514 3404 2569; x_wconf 86' lang='lat' dir='ltr'><strong>Pater</strong></span> <span class='ocrx_word' id='word_1_334' title='bbox 3454 2511 3623 2570; x_wconf 80' lang='lat' dir='ltr'><strong>Verbi</strong></span> 
     </span>
    </p>
   </div>
   <div class='ocr_carea' id='block_1_27' title="bbox 373 2609 3623 2702">
    <p class='ocr_par' dir='ltr' id='par_1_27' title="bbox 373 2609 3623 2702">
     <span class='ocr_line' id='line_1_27' title="bbox 373 2609 3623 2702; baseline -0.007 -13"><span class='ocrx_word' id='word_1_335' title='bbox 373 2643 556 2688; x_wconf 88' lang='lat' dir='ltr'><strong>menta</strong></span> <span class='ocrx_word' id='word_1_336' title='bbox 612 2609 900 2702; x_wconf 87' lang='lat' dir='ltr'><strong>dereliquit</strong></span> <span class='ocrx_word' id='word_1_337' title='bbox 935 2649 949 2685; x_wconf 88' lang='lat'><strong>:</strong></span> <span class='ocrx_word' id='word_1_338' title='bbox 984 2631 1040 2684; x_wconf 87' lang='lat' dir='ltr'><strong>in</strong></span> <span class='ocrx_word' id='word_1_339' title='bbox 1082 2628 1440 2683; x_wconf 79' lang='lat' dir='ltr'><strong>Ecclesiasten</strong></span> <span class='ocrx_word' id='word_1_340' title='bbox 1492 2639 1730 2694; x_wconf 85' lang='lat' dir='ltr'><strong>namque</strong></span> <span class='ocrx_word' id='word_1_341' title='bbox 1775 2620 1946 2675; x_wconf 87' lang='lat' dir='ltr'><strong>Meta-</strong></span> <span class='ocrx_word' id='word_1_342' title='bbox 2051 2617 2303 2683; x_wconf 86' lang='lat' dir='ltr'><strong>viventis,</strong></span> <span class='ocrx_word' id='word_1_343' title='bbox 2359 2615 2640 2685; x_wconf 76' lang='lat' dir='ltr'><strong>sapientiae</strong></span> <span class='ocrx_word' id='word_1_344' title='bbox 2697 2611 3067 2699; x_wconf 84' lang='lat' dir='ltr'><strong>subsistentis,</strong></span> <span class='ocrx_word' id='word_1_345' title='bbox 3134 2620 3189 2664; x_wconf 90' lang='lat' dir='ltr'><strong>et</strong></span> <span class='ocrx_word' id='word_1_346' title='bbox 3251 2609 3505 2678; x_wconf 65' lang='lat' dir='ltr'><strong>potentiae</strong></span> <span class='ocrx_word' id='word_1_347' title='bbox 3557 2622 3623 2666; x_wconf 82' lang='lat' dir='ltr'><strong>ac</strong></span> 
     </span>
    </p>
   </div>
   <div class='ocr_carea' id='block_1_28' title="bbox 371 2692 3623 2798">
    <p class='ocr_par' dir='ltr' id='par_1_28' title="bbox 371 2692 3623 2798">
     <span class='ocr_line' id='line_1_28' title="bbox 371 2692 3623 2798; baseline -0.008 -18"><span class='ocrx_word' id='word_1_348' title='bbox 371 2728 592 2798; x_wconf 78' lang='lat' dir='ltr'><strong>phrasin</strong></span> <span class='ocrx_word' id='word_1_349' title='bbox 614 2726 755 2780; x_wconf 87' lang='lat' dir='ltr'><strong>idem</strong></span> <span class='ocrx_word' id='word_1_350' title='bbox 780 2692 1076 2794; x_wconf 78' lang='lat' dir='ltr'><strong>Gregorius</strong></span> <span class='ocrx_word' id='word_1_351' title='bbox 1114 2692 1654 2791; x_wconf 79' lang='lat' dir='ltr'><strong>magnificentissime</strong></span> <span class='ocrx_word' id='word_1_352' title='bbox 1692 2713 1938 2780; x_wconf 87' lang='lat' dir='ltr'><strong>scripsit;</strong></span> <span class='ocrx_word' id='word_1_353' title='bbox 2051 2707 2380 2765; x_wconf 87' lang='lat' dir='ltr'><strong>characteris</strong></span> <span class='ocrx_word' id='word_1_354' title='bbox 2420 2705 2733 2776; x_wconf 86' lang='lat' dir='ltr'><strong>sempiterni</strong></span> <span class='ocrx_word' id='word_1_355' title='bbox 2769 2722 2784 2759; x_wconf 91' lang='lat'><strong>:</strong></span> <span class='ocrx_word' id='word_1_356' title='bbox 2815 2692 3086 2774; x_wconf 82' lang='lat' dir='ltr'><strong>perfectus</strong></span> <span class='ocrx_word' id='word_1_357' title='bbox 3125 2699 3344 2771; x_wconf 88' lang='lat' dir='ltr'><strong>perfecti</strong></span> <span class='ocrx_word' id='word_1_358' title='bbox 3387 2700 3623 2772; x_wconf 77' lang='lat' dir='ltr'><strong>genitor,</strong></span> 
     </span>
    </p>
   </div>
   <div class='ocr_carea' id='block_1_29' title="bbox 373 2794 3622 2887">
    <p class='ocr_par' dir='ltr' id='par_1_29' title="bbox 373 2794 3622 2887">
     <span class='ocr_line' id='line_1_29' title="bbox 373 2794 3622 2887; baseline -0.008 -13"><span class='ocrx_word' id='word_1_359' title='bbox 373 2794 428 2875; x_wconf 82' lang='lat' dir='ltr'><strong>et</strong></span> <span class='ocrx_word' id='word_1_360' title='bbox 456 2819 741 2875; x_wconf 67' lang='lat' dir='ltr'><strong>catholicae</strong></span> <span class='ocrx_word' id='word_1_361' title='bbox 766 2818 891 2887; x_wconf 82' lang='lat' dir='ltr'><strong>ﬁdei</strong></span> <span class='ocrx_word' id='word_1_362' title='bbox 916 2816 1294 2887; x_wconf 73' lang='lat' dir='ltr'><strong>expositionem</strong></span> <span class='ocrx_word' id='word_1_363' title='bbox 1328 2813 1563 2867; x_wconf 88' lang='lat' dir='ltr'><strong>breviter</strong></span> <span class='ocrx_word' id='word_1_364' title='bbox 1590 2809 1791 2865; x_wconf 89' lang='lat' dir='ltr'><strong>editam</strong></span> <span class='ocrx_word' id='word_1_365' title='bbox 1823 2807 1943 2862; x_wconf 87' lang='lat' dir='ltr'><strong>reli-</strong></span> <span class='ocrx_word' id='word_1_366' title='bbox 2051 2802 2210 2856; x_wconf 89' lang='lat' dir='ltr'><strong>Pater</strong></span> <span class='ocrx_word' id='word_1_367' title='bbox 2234 2799 2355 2854; x_wconf 85' lang='lat' dir='ltr'><strong>Filii</strong></span> <span class='ocrx_word' id='word_1_368' title='bbox 2380 2798 2660 2869; x_wconf 84' lang='lat' dir='ltr'><strong>unigeniti.</strong></span> <span class='ocrx_word' id='word_1_369' title='bbox 2691 2794 2848 2851; x_wconf 90' lang='lat' dir='ltr'><strong>Unus</strong></span> <span class='ocrx_word' id='word_1_370' title='bbox 2879 2794 3170 2861; x_wconf 86' lang='lat' dir='ltr'><strong>Dominus,</strong></span> <span class='ocrx_word' id='word_1_371' title='bbox 3204 2794 3354 2850; x_wconf 89' lang='lat' dir='ltr'><strong>solus</strong></span> <span class='ocrx_word' id='word_1_372' title='bbox 3375 2811 3441 2850; x_wconf 79' lang='lat' dir='ltr'><strong>ex</strong></span> <span class='ocrx_word' id='word_1_373' title='bbox 3479 2794 3622 2864; x_wconf 84' lang='lat' dir='ltr'><strong>solo,</strong></span> 
     </span>
    </p>
   </div>
   <div class='ocr_carea' id='block_1_30' title="bbox 372 2888 2626 2981">
    <p class='ocr_par' dir='ltr' id='par_1_30' title="bbox 372 2888 2626 2981">
     <span class='ocr_line' id='line_1_30' title="bbox 372 2888 2626 2981; baseline -0.008 -16"><span class='ocrx_word' id='word_1_374' title='bbox 372 2910 512 2981; x_wconf 88' lang='lat' dir='ltr'><strong>quit,</strong></span> <span class='ocrx_word' id='word_1_375' title='bbox 558 2925 724 2981; x_wconf 87' lang='lat' dir='ltr'><strong>quam</strong></span> <span class='ocrx_word' id='word_1_376' title='bbox 768 2923 868 2979; x_wconf 85' lang='lat' dir='ltr'><strong>pro</strong></span> <span class='ocrx_word' id='word_1_377' title='bbox 919 2906 1275 2963; x_wconf 71' lang='lat' dir='ltr'><strong>aedificatione</strong></span> <span class='ocrx_word' id='word_1_378' title='bbox 1313 2903 1683 2961; x_wconf 89' lang='lat' dir='ltr'><strong>Ecclesiarum</strong></span> <span class='ocrx_word' id='word_1_379' title='bbox 1733 2899 1943 2955; x_wconf 88' lang='lat' dir='ltr'><strong>sociare</strong></span> <span class='ocrx_word' id='word_1_380' title='bbox 2051 2892 2194 2947; x_wconf 85' lang='lat' dir='ltr'><strong>Deus</strong></span> <span class='ocrx_word' id='word_1_381' title='bbox 2210 2907 2274 2946; x_wconf 79' lang='lat' dir='ltr'><strong>ex</strong></span> <span class='ocrx_word' id='word_1_382' title='bbox 2301 2888 2431 2955; x_wconf 78' lang='lat' dir='ltr'><strong>Dec,</strong></span> <span class='ocrx_word' id='word_1_383' title='bbox 2466 2909 2485 2941; x_wconf 75' lang='grc' dir='ltr'><strong><em>ι</em></strong></span> <span class='ocrx_word' id='word_1_384' title='bbox 2520 2897 2626 2942; x_wconf 74' lang='lat' dir='ltr'><strong>etc.</strong></span> 
     </span>
    </p>
   </div>
   <div class='ocr_carea' id='block_1_31' title="bbox 606 2980 2579 3053">
    <p class='ocr_par' dir='ltr' id='par_1_31' title="bbox 606 2980 2579 3053">
     <span class='ocr_line' id='line_1_31' title="bbox 606 2980 2579 3053; baseline -0.014 7"><span class='ocrx_word' id='word_1_385' title='bbox 606 3012 609 3015; x_wconf 71' lang='lat'><em>&#39;</em></span> <span class='ocrx_word' id='word_1_386' title='bbox 1388 2994 1454 3049; x_wconf 75' lang='grc' dir='ltr'><strong>ν.</strong></span> <span class='ocrx_word' id='word_1_387' title='bbox 1498 2990 1907 3053; x_wconf 78' lang='lat' dir='ltr'><strong>Socrates,Hist.</strong></span> <span class='ocrx_word' id='word_1_388' title='bbox 1938 2986 2070 3043; x_wconf 91' lang='lat' dir='ltr'><strong>eccl.</strong></span> <span class='ocrx_word' id='word_1_389' title='bbox 2108 2984 2201 3039; x_wconf 81' lang='lat' dir='ltr'><strong>lib.</strong></span> <span class='ocrx_word' id='word_1_390' title='bbox 2237 2998 2312 3047; x_wconf 81' lang='grc' dir='ltr'><strong>ιν,</strong></span> <span class='ocrx_word' id='word_1_391' title='bbox 2347 2997 2461 3050; x_wconf 85' lang='lat' dir='ltr'><strong>cap.</strong></span> <span class='ocrx_word' id='word_1_392' title='bbox 2489 2980 2579 3033; x_wconf 73' lang='lat'><strong>27.</strong></span> 
     </span>
    </p>
   </div>
   <div class='ocr_carea' id='block_1_32' title="bbox 445 3068 2060 3165">
    <p class='ocr_par' dir='ltr' id='par_1_32' title="bbox 445 3084 1943 3165">
     <span class='ocr_line' id='line_1_32' title="bbox 445 3084 1943 3165; baseline -0.008 -16"><span class='ocrx_word' id='word_1_393' title='bbox 445 3094 705 3149; x_wconf 84' lang='lat' dir='ltr'><strong>Ponticus</strong></span> <span class='ocrx_word' id='word_1_394' title='bbox 729 3093 1022 3165; x_wconf 81' lang='lat' dir='ltr'><strong>Gregorius</strong></span> <span class='ocrx_word' id='word_1_395' title='bbox 1045 3134 1061 3158; x_wconf 93' lang='lat'><strong>,</strong></span> <span class='ocrx_word' id='word_1_396' title='bbox 1094 3092 1187 3162; x_wconf 88' lang='lat' dir='ltr'><strong>qui</strong></span> <span class='ocrx_word' id='word_1_397' title='bbox 1220 3106 1287 3145; x_wconf 81' lang='lat' dir='ltr'><strong>ex</strong></span> <span class='ocrx_word' id='word_1_398' title='bbox 1320 3089 1455 3143; x_wconf 83' lang='lat' dir='ltr'><strong>urbe</strong></span> <span class='ocrx_word' id='word_1_399' title='bbox 1477 3087 1636 3141; x_wconf 89' lang='lat' dir='ltr'><strong>Ponti</strong></span> <span class='ocrx_word' id='word_1_400' title='bbox 1659 3084 1943 3141; x_wconf 70' lang='lat' dir='ltr'><strong>Neocaesa-</strong></span> 
     </span>
    </p>
   </div>
   <div class='ocr_carea' id='block_1_33' title="bbox 2117 3068 3732 3165">
    <p class='ocr_par' dir='ltr' id='par_1_33' title="bbox 2132 3068 3732 3154">
     <span class='ocr_line' id='line_1_33' title="bbox 2132 3068 3732 3154; baseline -0.008 -23"><span class='ocrx_word' id='word_1_401' title='bbox 2132 3079 2191 3131; x_wconf 89' lang='grc' dir='ltr'>Ὁ</span> <span class='ocrx_word' id='word_1_402' title='bbox 2236 3075 2495 3139; x_wconf 83' lang='grc' dir='ltr'><strong>Ποντικὸς</strong></span> <span class='ocrx_word' id='word_1_403' title='bbox 2546 3072 2865 3144; x_wconf 79' lang='grc' dir='ltr'><strong>Γρηγόριος,</strong></span> <span class='ocrx_word' id='word_1_404' title='bbox 2902 3070 3049 3132; x_wconf 80' lang='grc' dir='ltr'><strong>ὅστις</strong></span> <span class='ocrx_word' id='word_1_405' title='bbox 3098 3070 3161 3122; x_wconf 73' lang='grc' dir='ltr'><strong>ἐκ</strong></span> <span class='ocrx_word' id='word_1_406' title='bbox 3189 3069 3286 3139; x_wconf 77' lang='grc' dir='ltr'><strong>τῆς</strong></span> <span class='ocrx_word' id='word_1_407' title='bbox 3325 3068 3383 3154; x_wconf 58' lang='grc' dir='ltr'><strong>ἐγ</strong></span> <span class='ocrx_word' id='word_1_408' title='bbox 3433 3068 3620 3137; x_wconf 85' lang='grc' dir='ltr'><strong>Πόντῳ</strong></span> <span class='ocrx_word' id='word_1_409' title='bbox 3729 3142 3732 3147; x_wconf 24' lang='grc' dir='ltr'><strong>Ι</strong></span> 
     </span>
    </p>
   </div>
   <div class='ocr_carea' id='block_1_34' title="bbox 374 3160 1989 3258">
    <p class='ocr_par' dir='ltr' id='par_1_34' title="bbox 374 3160 1989 3258">
     <span class='ocr_line' id='line_1_34' title="bbox 374 3160 1989 3258; baseline -0.007 -18"><span class='ocrx_word' id='word_1_410' title='bbox 374 3202 467 3242; x_wconf 81' lang='lat' dir='ltr'><strong>rea</strong></span> <span class='ocrx_word' id='word_1_411' title='bbox 489 3187 820 3243; x_wconf 84' lang='lat' dir='ltr'><strong>oriundus...</strong></span> <span class='ocrx_word' id='word_1_412' title='bbox 841 3160 1433 3258; x_wconf 18' lang='lat' dir='ltr'><strong>&#39;Origenisidiscipulus</strong></span> <span class='ocrx_word' id='word_1_413' title='bbox 1460 3179 1581 3235; x_wconf 90' lang='lat' dir='ltr'><strong>fuit.</strong></span> <span class='ocrx_word' id='word_1_414' title='bbox 1611 3178 1785 3250; x_wconf 85' lang='lat' dir='ltr'><strong>Hujus</strong></span> <span class='ocrx_word' id='word_1_415' title='bbox 1813 3177 1947 3233; x_wconf 84' lang='lat' dir='ltr'><strong>Gre—</strong></span> <span class='ocrx_word' id='word_1_416' title='bbox 1973 3193 1989 3245; x_wconf 63' lang='grc' dir='ltr'><strong><em>ε</em></strong></span> 
     </span>
    </p>
   </div>
   <div class='ocr_carea' id='block_1_35' title="bbox 2043 3160 3658 3258">
    <p class='ocr_par' dir='ltr' id='par_1_35' title="bbox 2053 3160 3621 3238">
     <span class='ocr_line' id='line_1_35' title="bbox 2053 3160 3621 3238; baseline -0.006 -16"><span class='ocrx_word' id='word_1_417' title='bbox 2053 3167 2479 3238; x_wconf 79' lang='grc' dir='ltr'>Νεοκαισαρείας</span> <span class='ocrx_word' id='word_1_418' title='bbox 2542 3162 2928 3237; x_wconf 83' lang='grc' dir='ltr'><strong>ὁρμώμενος...</strong></span> <span class='ocrx_word' id='word_1_419' title='bbox 2996 3160 3243 3232; x_wconf 79' lang='grc' dir='ltr'><strong>μαθητὴς</strong></span> <span class='ocrx_word' id='word_1_420' title='bbox 3315 3160 3621 3231; x_wconf 82' lang='grc' dir='ltr'><strong>Ὤριγένους</strong></span> 
     </span>
    </p>
   </div>
   <div class='ocr_carea' id='block_1_36' title="bbox 373 3251 1988 3347">
    <p class='ocr_par' dir='ltr' id='par_1_36' title="bbox 373 3251 1944 3347">
     <span class='ocr_line' id='line_1_36' title="bbox 373 3251 1944 3347; baseline -0.005 -18"><span class='ocrx_word' id='word_1_421' title='bbox 373 3278 514 3347; x_wconf 82' lang='lat' dir='ltr'><strong>gorii</strong></span> <span class='ocrx_word' id='word_1_422' title='bbox 548 3277 777 3332; x_wconf 88' lang='lat' dir='ltr'><strong>celebris</strong></span> <span class='ocrx_word' id='word_1_423' title='bbox 815 3251 980 3331; x_wconf 45' lang='lat' dir='ltr'><strong>fama&#39;</strong></span> <span class='ocrx_word' id='word_1_424' title='bbox 1005 3287 1088 3332; x_wconf 88' lang='lat' dir='ltr'><strong>est</strong></span> <span class='ocrx_word' id='word_1_425' title='bbox 1133 3251 1360 3331; x_wconf 76' lang='lat' dir='ltr'><strong>Athenis</strong></span> <span class='ocrx_word' id='word_1_426' title='bbox 1413 3287 1478 3327; x_wconf 88' lang='lat' dir='ltr'><strong>ac</strong></span> <span class='ocrx_word' id='word_1_427' title='bbox 1531 3270 1728 3342; x_wconf 87' lang='lat' dir='ltr'><strong>Beryti,</strong></span> <span class='ocrx_word' id='word_1_428' title='bbox 1755 3278 1810 3324; x_wconf 90' lang='lat' dir='ltr'><strong>et</strong></span> <span class='ocrx_word' id='word_1_429' title='bbox 1848 3284 1944 3338; x_wconf 86' lang='lat' dir='ltr'><strong>per</strong></span> 
     </span>
    </p>
   </div>
   <div class='ocr_carea' id='block_1_37' title="bbox 2005 3251 3620 3347">
    <p class='ocr_par' dir='ltr' id='par_1_37' title="bbox 2047 3251 3620 3331">
     <span class='ocr_line' id='line_1_37' title="bbox 2047 3251 3620 3331; baseline -0.007 -16"><span class='ocrx_word' id='word_1_430' title='bbox 2047 3262 2282 3331; x_wconf 77' lang='grc' dir='ltr'><strong>ἐγένετο.</strong></span> <span class='ocrx_word' id='word_1_431' title='bbox 2312 3259 2448 3330; x_wconf 77' lang='grc' dir='ltr'><strong>Περὶ</strong></span> <span class='ocrx_word' id='word_1_432' title='bbox 2473 3256 2662 3310; x_wconf 83' lang='grc' dir='ltr'>τούτου</span> <span class='ocrx_word' id='word_1_433' title='bbox 2696 3254 2792 3308; x_wconf 81' lang='grc' dir='ltr'><strong>τοῦ</strong></span> <span class='ocrx_word' id='word_1_434' title='bbox 2829 3253 3158 3325; x_wconf 85' lang='grc' dir='ltr'><strong>Γρηγορίου,</strong></span> <span class='ocrx_word' id='word_1_435' title='bbox 3202 3252 3367 3316; x_wconf 80' lang='grc' dir='ltr'>πολὺς</span> <span class='ocrx_word' id='word_1_436' title='bbox 3405 3254 3434 3304; x_wconf 87' lang='grc' dir='ltr'><strong>ὁ</strong></span> <span class='ocrx_word' id='word_1_437' title='bbox 3465 3251 3620 3320; x_wconf 79' lang='grc' dir='ltr'><strong>λόγος</strong></span> 
     </span>
    </p>
   </div>
   <div class='ocr_carea' id='block_1_38' title="bbox 374 3344 1989 3434">
    <p class='ocr_par' dir='ltr' id='par_1_38' title="bbox 374 3364 1940 3434">
     <span class='ocr_line' id='line_1_38' title="bbox 374 3364 1940 3434; baseline -0.006 -13"><span class='ocrx_word' id='word_1_438' title='bbox 374 3369 683 3423; x_wconf 83' lang='lat' dir='ltr'><strong>universam</strong></span> <span class='ocrx_word' id='word_1_439' title='bbox 721 3367 1000 3425; x_wconf 83' lang='lat' dir='ltr'><strong>Ponticam</strong></span> <span class='ocrx_word' id='word_1_440' title='bbox 1046 3368 1350 3433; x_wconf 77' lang='lat' dir='ltr'><strong>dimcesim,</strong></span> <span class='ocrx_word' id='word_1_441' title='bbox 1395 3382 1460 3420; x_wconf 92' lang='lat' dir='ltr'><strong>ac</strong></span> <span class='ocrx_word' id='word_1_442' title='bbox 1495 3380 1590 3434; x_wconf 92' lang='lat' dir='ltr'><strong>per</strong></span> <span class='ocrx_word' id='word_1_443' title='bbox 1622 3364 1940 3418; x_wconf 85' lang='lat' dir='ltr'><strong>universum</strong></span> 
     </span>
    </p>
   </div>
   <div class='ocr_carea' id='block_1_39' title="bbox 2008 3344 3623 3434">
    <p class='ocr_par' dir='ltr' id='par_1_39' title="bbox 2048 3344 3623 3424">
     <span class='ocr_line' id='line_1_39' title="bbox 2048 3344 3623 3424; baseline -0.007 -16"><span class='ocrx_word' id='word_1_444' title='bbox 2048 3355 2104 3408; x_wconf 81' lang='grc' dir='ltr'>εν</span> <span class='ocrx_word' id='word_1_445' title='bbox 2130 3372 2190 3408; x_wconf 88' lang='grc' dir='ltr'><strong>τε</strong></span> <span class='ocrx_word' id='word_1_446' title='bbox 2228 3352 2474 3424; x_wconf 82' lang='grc' dir='ltr'><strong>Ἀθήναις</strong></span> <span class='ocrx_word' id='word_1_447' title='bbox 2499 3350 2592 3404; x_wconf 75' lang='grc' dir='ltr'>καὶ</span> <span class='ocrx_word' id='word_1_448' title='bbox 2615 3346 2862 3419; x_wconf 81' lang='grc' dir='ltr'><strong>Βηρυτῷ,</strong></span> <span class='ocrx_word' id='word_1_449' title='bbox 2893 3346 2992 3418; x_wconf 19' lang='grc' dir='ltr'><strong>καὶ,</strong></span> <span class='ocrx_word' id='word_1_450' title='bbox 3016 3346 3112 3419; x_wconf 85' lang='grc' dir='ltr'><strong>ὅλῃ</strong></span> <span class='ocrx_word' id='word_1_451' title='bbox 3142 3348 3207 3416; x_wconf 79' lang='grc' dir='ltr'><strong>τῇ</strong></span> <span class='ocrx_word' id='word_1_452' title='bbox 3231 3346 3462 3416; x_wconf 76' lang='grc' dir='ltr'><strong>Ποντικῇ</strong></span> <span class='ocrx_word' id='word_1_453' title='bbox 3493 3344 3623 3398; x_wconf 75' lang='grc' dir='ltr'>διοι-</span> 
     </span>
    </p>
   </div>
   <div class='ocr_carea' id='block_1_40' title="bbox 374 3435 1989 3528">
    <p class='ocr_par' dir='ltr' id='par_1_40' title="bbox 374 3454 1940 3528">
     <span class='ocr_line' id='line_1_40' title="bbox 374 3454 1940 3528; baseline -0.006 -14"><span class='ocrx_word' id='word_1_454' title='bbox 374 3475 543 3528; x_wconf 78' lang='lat' dir='ltr'><strong>prope</strong></span> <span class='ocrx_word' id='word_1_455' title='bbox 568 3460 799 3515; x_wconf 54' lang='lat' dir='ltr'><strong>dixerim</strong></span> <span class='ocrx_word' id='word_1_456' title='bbox 831 3469 1102 3515; x_wconf 88' lang='lat' dir='ltr'><strong>terrarum</strong></span> <span class='ocrx_word' id='word_1_457' title='bbox 1130 3461 1385 3514; x_wconf 90' lang='lat' dir='ltr'><strong>orbem...</strong></span> <span class='ocrx_word' id='word_1_458' title='bbox 1416 3456 1590 3525; x_wconf 83' lang='lat' dir='ltr'><strong>Hujus</strong></span> <span class='ocrx_word' id='word_1_459' title='bbox 1610 3454 1940 3510; x_wconf 86' lang='lat' dir='ltr'><strong>mentionem</strong></span> 
     </span>
    </p>
   </div>
   <div class='ocr_carea' id='block_1_41' title="bbox 2007 3435 3622 3528">
    <p class='ocr_par' dir='ltr' id='par_1_41' title="bbox 2048 3435 3622 3520">
     <span class='ocr_line' id='line_1_41' title="bbox 2048 3435 3622 3520; baseline -0.01 -17"><span class='ocrx_word' id='word_1_460' title='bbox 2048 3450 2208 3520; x_wconf 86' lang='grc' dir='ltr'>κήσει</span> <span class='ocrx_word' id='word_1_461' title='bbox 2231 3488 2246 3513; x_wconf 89' lang='grc'><em>,</em></span> <span class='ocrx_word' id='word_1_462' title='bbox 2293 3445 2367 3509; x_wconf 84' lang='grc' dir='ltr'><strong>ὡς</strong></span> <span class='ocrx_word' id='word_1_463' title='bbox 2409 3445 2465 3497; x_wconf 87' lang='grc' dir='ltr'>δὲ</span> <span class='ocrx_word' id='word_1_464' title='bbox 2493 3444 2691 3503; x_wconf 79' lang='grc' dir='ltr'><strong>εἰπεῖν,-</strong></span> <span class='ocrx_word' id='word_1_465' title='bbox 2718 3439 2811 3492; x_wconf 56' lang='grc' dir='ltr'><strong>καὶ¹</strong></span> <span class='ocrx_word' id='word_1_466' title='bbox 2843 3438 2994 3512; x_wconf 81' lang='grc' dir='ltr'>πάσῃ</span> <span class='ocrx_word' id='word_1_467' title='bbox 3020 3440 3085 3509; x_wconf 81' lang='grc' dir='ltr'><strong>τῇ</strong></span> <span class='ocrx_word' id='word_1_468' title='bbox 3123 3437 3480 3509; x_wconf 78' lang='grc' dir='ltr'><strong>οἰκουμένῃ...</strong></span> <span class='ocrx_word' id='word_1_469' title='bbox 3509 3435 3622 3488; x_wconf 72' lang='grc' dir='ltr'><strong>Μέ-</strong></span> 
     </span>
    </p>
   </div>
   <div class='ocr_carea' id='block_1_42' title="bbox 367 3524 1982 3621">
    <p class='ocr_par' dir='ltr' id='par_1_42' title="bbox 367 3524 1943 3621">
     <span class='ocr_line' id='line_1_42' title="bbox 367 3524 1943 3621; baseline -0.004 -17"><span class='ocrx_word' id='word_1_470' title='bbox 367 3524 507 3605; x_wconf 64' lang='lat' dir='ltr'><strong>facit</strong></span> <span class='ocrx_word' id='word_1_471' title='bbox 536 3552 699 3606; x_wconf 91' lang='lat' dir='ltr'><strong>etiam</strong></span> <span class='ocrx_word' id='word_1_472' title='bbox 746 3550 1063 3621; x_wconf 85' lang='lat' dir='ltr'><strong>Pamphilus</strong></span> <span class='ocrx_word' id='word_1_473' title='bbox 1092 3560 1318 3621; x_wconf 85' lang='lat' dir='ltr'><strong>martyr,</strong></span> <span class='ocrx_word' id='word_1_474' title='bbox 1372 3550 1428 3603; x_wconf 92' lang='lat' dir='ltr'><strong>in</strong></span> <span class='ocrx_word' id='word_1_475' title='bbox 1470 3547 1623 3602; x_wconf 88' lang='lat' dir='ltr'><strong>libris</strong></span> <span class='ocrx_word' id='word_1_476' title='bbox 1670 3560 1810 3614; x_wconf 91' lang='lat' dir='ltr'><strong>quos</strong></span> <span class='ocrx_word' id='word_1_477' title='bbox 1844 3558 1943 3613; x_wconf 88' lang='lat' dir='ltr'><strong>pro</strong></span> 
     </span>
    </p>
   </div>
   <div class='ocr_carea' id='block_1_43' title="bbox 2004 3524 3619 3621">
    <p class='ocr_par' dir='ltr' id='par_1_43' title="bbox 2050 3524 3619 3612">
     <span class='ocr_line' id='line_1_43' title="bbox 2050 3524 3619 3612; baseline -0.018 -17"><span class='ocrx_word' id='word_1_478' title='bbox 2050 3556 2248 3612; x_wconf 83' lang='grc' dir='ltr'><strong>μνηται</strong></span> <span class='ocrx_word' id='word_1_479' title='bbox 2280 3538 2338 3591; x_wconf 74' lang='grc' dir='ltr'>δὲ</span> <span class='ocrx_word' id='word_1_480' title='bbox 2374 3535 2536 3590; x_wconf 78' lang='grc' dir='ltr'>αὑτοῦ</span> <span class='ocrx_word' id='word_1_481' title='bbox 2565 3535 2658 3587; x_wconf 78' lang='grc' dir='ltr'><strong>καὶ</strong></span> <span class='ocrx_word' id='word_1_482' title='bbox 2681 3524 2960 3603; x_wconf 72' lang='grc' dir='ltr'><strong>Πάμφιλος</strong></span> <span class='ocrx_word' id='word_1_483' title='bbox 2990 3532 3033 3583; x_wconf 33' lang='grc' dir='ltr'><strong>ὁ.</strong></span> <span class='ocrx_word' id='word_1_484' title='bbox 3053 3530 3266 3601; x_wconf 76' lang='grc' dir='ltr'><strong>μάρτυρ</strong></span> <span class='ocrx_word' id='word_1_485' title='bbox 3298 3530 3355 3582; x_wconf 82' lang='grc' dir='ltr'><strong>ὲν</strong></span> <span class='ocrx_word' id='word_1_486' title='bbox 3381 3531 3490 3591; x_wconf 82' lang='grc' dir='ltr'>τοῖς</span> <span class='ocrx_word' id='word_1_487' title='bbox 3523 3544 3619 3580; x_wconf 81' lang='grc' dir='ltr'><strong>πε.</strong></span> 
     </span>
    </p>
   </div>
   <div class='ocr_carea' id='block_1_44' title="bbox 375 3613 1990 3713">
    <p class='ocr_par' dir='ltr' id='par_1_44' title="bbox 375 3613 1951 3713">
     <span class='ocr_line' id='line_1_44' title="bbox 375 3613 1951 3713; baseline -0.006 -14"><span class='ocrx_word' id='word_1_488' title='bbox 375 3643 628 3713; x_wconf 85' lang='lat' dir='ltr'><strong>Origenis</strong></span> <span class='ocrx_word' id='word_1_489' title='bbox 660 3613 976 3699; x_wconf 80' lang='lat' dir='ltr'><strong>defensione</strong></span> <span class='ocrx_word' id='word_1_490' title='bbox 1011 3613 1272 3712; x_wconf 40' lang='lat' dir='ltr'><strong>scripsit&#39;:</strong></span> <span class='ocrx_word' id='word_1_491' title='bbox 1304 3613 1506 3713; x_wconf 79' lang='lat' dir='ltr'><strong>quibus</strong></span> <span class='ocrx_word' id='word_1_492' title='bbox 1552 3613 1714 3694; x_wconf 83' lang='lat' dir='ltr'><strong>etiam</strong></span> <span class='ocrx_word' id='word_1_493' title='bbox 1761 3637 1951 3706; x_wconf 86' lang='lat' dir='ltr'><strong>adjun-</strong></span> 
     </span>
    </p>
   </div>
   <div class='ocr_carea' id='block_1_45' title="bbox 2002 3613 3617 3713">
    <p class='ocr_par' dir='ltr' id='par_1_45' title="bbox 2051 3613 3617 3709">
     <span class='ocr_line' id='line_1_45' title="bbox 2051 3613 3617 3709; baseline -0.009 -24"><span class='ocrx_word' id='word_1_494' title='bbox 2051 3632 2106 3705; x_wconf 80' lang='lat' dir='ltr'><strong>pl.</strong></span> <span class='ocrx_word' id='word_1_495' title='bbox 2165 3629 2470 3701; x_wconf 79' lang='grc' dir='ltr'><strong>Ὠριγένους</strong></span> <span class='ocrx_word' id='word_1_496' title='bbox 2512 3623 2820 3697; x_wconf 82' lang='grc' dir='ltr'>πονηθεῖσιν</span> <span class='ocrx_word' id='word_1_497' title='bbox 2859 3618 3005 3692; x_wconf 79' lang='grc' dir='ltr'>αὐτῷ</span> <span class='ocrx_word' id='word_1_498' title='bbox 3044 3619 3285 3709; x_wconf 68' lang='grc' dir='ltr'><strong>βιϐλίσις,</strong></span> <span class='ocrx_word' id='word_1_499' title='bbox 3329 3622 3385 3671; x_wconf 83' lang='grc' dir='ltr'><strong>ὲν</strong></span> <span class='ocrx_word' id='word_1_500' title='bbox 3414 3613 3496 3680; x_wconf 78' lang='grc' dir='ltr'><strong>οἷς</strong></span> <span class='ocrx_word' id='word_1_501' title='bbox 3524 3617 3617 3671; x_wconf 76' lang='grc' dir='ltr'>καὶ</span> 
     </span>
    </p>
   </div>
   <div class='ocr_carea' id='block_1_46' title="bbox 374 3709 1989 3805">
    <p class='ocr_par' dir='ltr' id='par_1_46' title="bbox 374 3709 1951 3805">
     <span class='ocr_line' id='line_1_46' title="bbox 374 3709 1951 3805; baseline -0.008 -11"><span class='ocrx_word' id='word_1_502' title='bbox 374 3748 459 3794; x_wconf 87' lang='lat' dir='ltr'><strong>cta</strong></span> <span class='ocrx_word' id='word_1_503' title='bbox 477 3709 582 3792; x_wconf 35' lang='lat' dir='ltr'><strong>iest</strong></span> <span class='ocrx_word' id='word_1_504' title='bbox 608 3735 856 3805; x_wconf 86' lang='lat' dir='ltr'><strong>Gregorii</strong></span> <span class='ocrx_word' id='word_1_505' title='bbox 894 3734 1105 3802; x_wconf 88' lang='lat' dir='ltr'><strong>Oratio,</strong></span> <span class='ocrx_word' id='word_1_506' title='bbox 1123 3709 1431 3805; x_wconf 40' lang='lat' dir='ltr'><strong>quam—ille</strong></span> <span class='ocrx_word' id='word_1_507' title='bbox 1476 3733 1545 3787; x_wconf 91' lang='lat' dir='ltr'><strong>ab</strong></span> <span class='ocrx_word' id='word_1_508' title='bbox 1574 3730 1807 3800; x_wconf 78' lang='lat' dir='ltr'><strong>Origene</strong></span> <span class='ocrx_word' id='word_1_509' title='bbox 1837 3728 1951 3783; x_wconf 77' lang='lat' dir='ltr'><strong>dis~</strong></span> 
     </span>
    </p>
   </div>
   <div class='ocr_carea' id='block_1_47' title="bbox 2003 3709 3618 3805">
    <p class='ocr_par' dir='ltr' id='par_1_47' title="bbox 2050 3709 3618 3801">
     <span class='ocr_line' id='line_1_47' title="bbox 2050 3709 3618 3801; baseline -0.008 -24"><span class='ocrx_word' id='word_1_510' title='bbox 2050 3721 2371 3783; x_wconf 77' lang='grc' dir='ltr'><strong>συστατικὸς</strong></span> <span class='ocrx_word' id='word_1_511' title='bbox 2410 3714 2566 3801; x_wconf 52' lang='grc' dir='ltr'>λὸᾒσς</span> <span class='ocrx_word' id='word_1_512' title='bbox 2604 3712 2904 3789; x_wconf 72' lang='grc' dir='ltr'><strong>Γρηγορίου</strong></span> <span class='ocrx_word' id='word_1_513' title='bbox 2957 3716 3050 3777; x_wconf 78' lang='grc' dir='ltr'><strong>εἰς’</strong></span> <span class='ocrx_word' id='word_1_514' title='bbox 3087 3711 3377 3781; x_wconf 82' lang='grc' dir='ltr'><strong>’Ὢριγένην</strong></span> <span class='ocrx_word' id='word_1_515' title='bbox 3442 3709 3618 3782; x_wconf 75' lang='grc' dir='ltr'>παρά-</span> 
     </span>
    </p>
   </div>
   <div class='ocr_carea' id='block_1_48' title="bbox 375 3825 1990 3898">
    <p class='ocr_par' dir='ltr' id='par_1_48' title="bbox 375 3825 1430 3898">
     <span class='ocr_line' id='line_1_48' title="bbox 375 3825 1430 3898; baseline -0.005 -14"><span class='ocrx_word' id='word_1_516' title='bbox 375 3829 600 3894; x_wconf 88' lang='lat' dir='ltr'><strong>cedens,</strong></span> <span class='ocrx_word' id='word_1_517' title='bbox 630 3828 685 3884; x_wconf 90' lang='lat' dir='ltr'><strong>in</strong></span> <span class='ocrx_word' id='word_1_518' title='bbox 708 3828 830 3898; x_wconf 90' lang='lat' dir='ltr'><strong>ejus</strong></span> <span class='ocrx_word' id='word_1_519' title='bbox 856 3828 1072 3884; x_wconf 80' lang='lat' dir='ltr'><strong>laudern</strong></span> <span class='ocrx_word' id='word_1_520' title='bbox 1102 3825 1430 3898; x_wconf 73' lang='lat' dir='ltr'><strong>composuit.</strong></span> 
     </span>
    </p>
   </div>
   <div class='ocr_carea' id='block_1_49' title="bbox 1215 3825 2830 3898">
    <p class='ocr_par' dir='ltr' id='par_1_49' title="bbox 1215 3825 2830 3898">
     <span class='ocr_line' id='line_1_49' title="bbox 1215 3825 2830 3898; baseline -0.013 -19"><span class='ocrx_word' id='word_1_521' title='bbox 1215 3825 1430 3898; x_wconf 71' lang='lat' dir='ltr'><strong>iposcit.</strong></span> <span class='ocrx_word' id='word_1_522' title='bbox 2044 3830 2246 3868; x_wconf 68' lang='grc' dir='ltr'>κειται.</span> <span class='ocrx_word' id='word_1_523' title='bbox 2612 3828 2620 3846; x_wconf 73' lang='grc' dir='ltr'>ε</span> <span class='ocrx_word' id='word_1_524' title='bbox 2828 3856 2830 3859; x_wconf 84' lang='grc'><strong>,</strong></span> 
     </span>
    </p>
   </div>
   <div class='ocr_carea' id='block_1_50' title="bbox 604 3894 3605 3995">
    <p class='ocr_par' dir='ltr' id='par_1_50' title="bbox 604 3894 3605 3995">
     <span class='ocr_line' id='line_1_50' title="bbox 604 3894 3605 3995; baseline -0.016 -13"><span class='ocrx_word' id='word_1_525' title='bbox 604 3964 605 3967; x_wconf 60' lang='grc' dir='ltr'><strong>η</strong></span> <span class='ocrx_word' id='word_1_526' title='bbox 702 3894 754 3995; x_wconf 23' lang='grc' dir='ltr'>’ν</span> <span class='ocrx_word' id='word_1_527' title='bbox 1228 3894 1246 3898; x_wconf 22' lang='grc' dir='ltr'><strong>ᾔ</strong></span> <span class='ocrx_word' id='word_1_528' title='bbox 1359 3916 1447 3970; x_wconf 77' lang='lat' dir='ltr'><strong>Vl.</strong></span> <span class='ocrx_word' id='word_1_529' title='bbox 1483 3902 1967 3977; x_wconf 79' lang='lat' dir='ltr'><strong>Sozomenus,llist.</strong></span> <span class='ocrx_word' id='word_1_530' title='bbox 2002 3905 2135 3961; x_wconf 89' lang='lat' dir='ltr'><strong>ccci.</strong></span> <span class='ocrx_word' id='word_1_531' title='bbox 2170 3903 2261 3955; x_wconf 84' lang='lat' dir='ltr'><strong>lib.</strong></span> <span class='ocrx_word' id='word_1_532' title='bbox 2303 3915 2398 3995; x_wconf 52' lang='lat' dir='ltr'><strong>vii,</strong></span> <span class='ocrx_word' id='word_1_533' title='bbox 2434 3895 2673 3993; x_wconf 74' lang='lat' dir='ltr'><strong>cap..27.</strong></span> <span class='ocrx_word' id='word_1_534' title='bbox 2760 3950 2765 3955; x_wconf 74' lang='grc'><strong><em>,</em></strong></span> <span class='ocrx_word' id='word_1_535' title='bbox 2878 3894 2883 3899; x_wconf 53' lang='grc'>⁴</span> <span class='ocrx_word' id='word_1_536' title='bbox 2964 3983 2991 3995; x_wconf 54' lang='grc'><strong>-</strong></span> <span class='ocrx_word' id='word_1_537' title='bbox 3016 3982 3034 3995; x_wconf 39' lang='lat'><strong>‘</strong></span> <span class='ocrx_word' id='word_1_538' title='bbox 3604 3944 3605 3947; x_wconf 24' lang='grc' dir='ltr'><strong>η</strong></span> 
     </span>
    </p>
   </div>
   <div class='ocr_carea' id='block_1_51' title="bbox 443 3981 2058 4082">
    <p class='ocr_par' dir='ltr' id='par_1_51' title="bbox 443 3990 2034 4082">
     <span class='ocr_line' id='line_1_51' title="bbox 443 3990 2034 4082; baseline -0.008 -15"><span class='ocrx_word' id='word_1_539' title='bbox 443 4010 607 4067; x_wconf 80' lang='lat' dir='ltr'><strong>Aliud</strong></span> <span class='ocrx_word' id='word_1_540' title='bbox 637 3990 895 4082; x_wconf 61' lang='lat' dir='ltr'><strong>praeterea</strong></span> <span class='ocrx_word' id='word_1_541' title='bbox 920 4011 1067 4080; x_wconf 89' lang='lat' dir='ltr'><strong>quod</strong></span> <span class='ocrx_word' id='word_1_542' title='bbox 1093 4010 1160 4065; x_wconf 89' lang='lat' dir='ltr'><strong>de</strong></span> <span class='ocrx_word' id='word_1_543' title='bbox 1184 4009 1278 4064; x_wconf 91' lang='lat' dir='ltr'><strong>illo</strong></span> <span class='ocrx_word' id='word_1_544' title='bbox 1308 4003 1653 4078; x_wconf 82' lang='lat' dir='ltr'><strong>(Epiphanio)</strong></span> <span class='ocrx_word' id='word_1_545' title='bbox 1682 4002 1938 4065; x_wconf 85' lang='lat' dir='ltr'><strong>refertur,</strong></span> <span class='ocrx_word' id='word_1_546' title='bbox 2030 4052 2034 4055; x_wconf 22' lang='grc' dir='ltr'><strong><em>Α</em></strong></span> 
     </span>
    </p>
   </div>
   <div class='ocr_carea' id='block_1_52' title="bbox 2005 3981 3620 4082">
    <p class='ocr_par' dir='ltr' id='par_1_52' title="bbox 2030 3981 3620 4068">
     <span class='ocr_line' id='line_1_52' title="bbox 2030 3981 3620 4068; baseline -0.011 -19"><span class='ocrx_word' id='word_1_547' title='bbox 2030 4052 2034 4055; x_wconf 20' lang='grc' dir='ltr'><em>Α</em></span> <span class='ocrx_word' id='word_1_548' title='bbox 2130 3992 2264 4047; x_wconf 78' lang='grc' dir='ltr'>Ἀλλ’</span> <span class='ocrx_word' id='word_1_549' title='bbox 2302 3985 2414 4068; x_wconf 74' lang='grc' dir='ltr'><strong>ρῖον</strong></span> <span class='ocrx_word' id='word_1_550' title='bbox 2447 3987 2630 4061; x_wconf 64' lang='grc' dir='ltr'>ἓέερον</span> <span class='ocrx_word' id='word_1_551' title='bbox 2676 3986 2802 4057; x_wconf 76' lang='grc' dir='ltr'>περὶ</span> <span class='ocrx_word' id='word_1_552' title='bbox 2829 3983 2992 4039; x_wconf 82' lang='grc' dir='ltr'>αὑτοῦ</span> <span class='ocrx_word' id='word_1_553' title='bbox 3016 3982 3249 4053; x_wconf 78' lang='grc' dir='ltr'><strong>λέγεται,</strong></span> <span class='ocrx_word' id='word_1_554' title='bbox 3283 3983 3376 4066; x_wconf 52' lang='grc' dir='ltr'>κα).</span> <span class='ocrx_word' id='word_1_555' title='bbox 3405 3981 3620 4051; x_wconf 53' lang='grc' dir='ltr'><strong>ἀφηγή-</strong></span> 
     </span>
    </p>
   </div>
   <div class='ocr_carea' id='block_1_53' title="bbox 372 4072 1987 4175">
    <p class='ocr_par' dir='ltr' id='par_1_53' title="bbox 372 4072 1942 4170">
     <span class='ocr_line' id='line_1_53' title="bbox 372 4072 1942 4170; baseline -0.007 -15"><span class='ocrx_word' id='word_1_556' title='bbox 372 4072 802 4156; x_wconf 65' lang='lat' dir='ltr'><strong>commemorare</strong></span> <span class='ocrx_word' id='word_1_557' title='bbox 837 4072 986 4155; x_wconf 52' lang='lat' dir='ltr'><strong>libe-t.</strong></span> <span class='ocrx_word' id='word_1_558' title='bbox 1016 4098 1070 4155; x_wconf 91' lang='lat' dir='ltr'><strong>ld</strong></span> <span class='ocrx_word' id='word_1_559' title='bbox 1100 4072 1328 4170; x_wconf 23' lang='lat' dir='ltr'><strong>quidem.</strong></span> <span class='ocrx_word' id='word_1_560' title='bbox 1348 4072 1415 4152; x_wconf 84' lang='lat' dir='ltr'><strong>ab</strong></span> <span class='ocrx_word' id='word_1_561' title='bbox 1435 4072 1773 4157; x_wconf 58' lang='lat' dir='ltr'><strong>admirando</strong></span> <span class='ocrx_word' id='word_1_562' title='bbox 1810 4090 1942 4145; x_wconf 91' lang='lat' dir='ltr'><strong>Grc-</strong></span> 
     </span>
    </p>
   </div>
   <div class='ocr_carea' id='block_1_54' title="bbox 2001 4072 3616 4175">
    <p class='ocr_par' dir='ltr' id='par_1_54' title="bbox 2048 4072 3616 4175">
     <span class='ocr_line' id='line_1_54' title="bbox 2048 4072 3616 4175; baseline -0.011 -32"><span class='ocrx_word' id='word_1_563' title='bbox 2048 4086 2243 4143; x_wconf 88' lang='grc' dir='ltr'>σασθαι</span> <span class='ocrx_word' id='word_1_564' title='bbox 2306 4082 2583 4154; x_wconf 79' lang='grc' dir='ltr'><strong>βούλομαι.</strong></span> <span class='ocrx_word' id='word_1_565' title='bbox 2639 4078 2986 4148; x_wconf 81' lang='grc' dir='ltr'>Πυνθὰνομαι</span> <span class='ocrx_word' id='word_1_566' title='bbox 3042 4072 3616 4175; x_wconf 42' lang='grc' dir='ltr'>τεθαυματοὲδργῆσθαι</span> 
     </span>
    </p>
   </div>
   <div class='ocr_carea' id='block_1_55' title="bbox 372 4162 1987 4266">
    <p class='ocr_par' dir='ltr' id='par_1_55' title="bbox 372 4184 1938 4266">
     <span class='ocr_line' id='line_1_55' title="bbox 372 4184 1938 4266; baseline -0.008 -19"><span class='ocrx_word' id='word_1_567' title='bbox 372 4194 530 4266; x_wconf 83' lang='lat' dir='ltr'><strong>gorio</strong></span> <span class='ocrx_word' id='word_1_568' title='bbox 578 4194 669 4265; x_wconf 89' lang='lat' dir='ltr'><strong>qui</strong></span> <span class='ocrx_word' id='word_1_569' title='bbox 699 4192 1193 4248; x_wconf 72' lang='lat' dir='ltr'><strong>Neocmsariensem</strong></span> <span class='ocrx_word' id='word_1_570' title='bbox 1240 4191 1369 4245; x_wconf 90' lang='lat' dir='ltr'><strong>olim</strong></span> <span class='ocrx_word' id='word_1_571' title='bbox 1419 4189 1560 4243; x_wconf 82' lang='lat' dir='ltr'><strong>rexit</strong></span> <span class='ocrx_word' id='word_1_572' title='bbox 1620 4184 1938 4246; x_wconf 85' lang='lat' dir='ltr'><strong>Ecclesiam,</strong></span> 
     </span>
    </p>
   </div>
   <div class='ocr_carea' id='block_1_56' title="bbox 2086 4162 3701 4266">
    <p class='ocr_par' dir='ltr' id='par_1_56' title="bbox 2093 4162 3701 4251">
     <span class='ocr_line' id='line_1_56' title="bbox 2093 4162 3701 4251; baseline -0.009 -21"><span class='ocrx_word' id='word_1_573' title='bbox 2093 4176 2329 4251; x_wconf 77' lang='grc' dir='ltr'>ρηγορίῳ</span> <span class='ocrx_word' id='word_1_574' title='bbox 2351 4173 2428 4244; x_wconf 78' lang='grc' dir='ltr'><strong>τῷ</strong></span> <span class='ocrx_word' id='word_1_575' title='bbox 2449 4172 2734 4242; x_wconf 81' lang='grc' dir='ltr'>θαυμασίῳ</span> <span class='ocrx_word' id='word_1_576' title='bbox 2752 4211 2767 4235; x_wconf 86' lang='grc'><strong><em>,</em></strong></span> <span class='ocrx_word' id='word_1_577' title='bbox 2792 4170 2849 4234; x_wconf 84' lang='grc' dir='ltr'><strong>ὃς</strong></span> <span class='ocrx_word' id='word_1_578' title='bbox 2879 4169 3045 4222; x_wconf 82' lang='grc' dir='ltr'>πάλαι</span> <span class='ocrx_word' id='word_1_579' title='bbox 3073 4167 3171 4239; x_wconf 82' lang='grc' dir='ltr'><strong>τὴν</strong></span> <span class='ocrx_word' id='word_1_580' title='bbox 3194 4162 3619 4235; x_wconf 66' lang='grc' dir='ltr'><strong>Νεοκὲιισάρέιαν</strong></span> <span class='ocrx_word' id='word_1_581' title='bbox 3695 4195 3701 4201; x_wconf 93' lang='lat'><strong><em>-</em></strong></span> 
     </span>
    </p>
   </div>
   <div class='ocr_carea' id='block_1_57' title="bbox 374 4256 1989 4355">
    <p class='ocr_par' dir='ltr' id='par_1_57' title="bbox 374 4283 1526 4355">
     <span class='ocr_line' id='line_1_57' title="bbox 374 4283 1526 4355; baseline -0.004 -17"><span class='ocrx_word' id='word_1_582' title='bbox 374 4293 585 4355; x_wconf 83' lang='lat' dir='ltr'><strong>gestum</strong></span> <span class='ocrx_word' id='word_1_583' title='bbox 619 4299 742 4340; x_wconf 88' lang='lat' dir='ltr'><strong>esse</strong></span> <span class='ocrx_word' id='word_1_584' title='bbox 769 4285 982 4355; x_wconf 91' lang='lat' dir='ltr'><strong>accepi;</strong></span> <span class='ocrx_word' id='word_1_585' title='bbox 1017 4294 1071 4339; x_wconf 90' lang='lat' dir='ltr'><strong>et</strong></span> <span class='ocrx_word' id='word_1_586' title='bbox 1091 4283 1320 4338; x_wconf 90' lang='lat' dir='ltr'><strong>libenter</strong></span> <span class='ocrx_word' id='word_1_587' title='bbox 1342 4283 1526 4337; x_wconf 76' lang='lat' dir='ltr'><strong>credo.</strong></span> 
     </span>
    </p>
   </div>
   <div class='ocr_carea' id='block_1_58' title="bbox 1745 4256 3360 4355">
    <p class='ocr_par' dir='ltr' id='par_1_58' title="bbox 2046 4256 3360 4341">
     <span class='ocr_line' id='line_1_58' title="bbox 2046 4256 3360 4341; baseline -0.011 -16"><span class='ocrx_word' id='word_1_588' title='bbox 2046 4258 2416 4341; x_wconf 71' lang='grc' dir='ltr'>ὲπετρόπὲυσε</span> <span class='ocrx_word' id='word_1_589' title='bbox 2438 4306 2452 4330; x_wconf 89' lang='grc'><em>,</em></span> <span class='ocrx_word' id='word_1_590' title='bbox 2478 4266 2572 4319; x_wconf 77' lang='lat' dir='ltr'><strong>xa‘t</strong></span> <span class='ocrx_word' id='word_1_591' title='bbox 2607 4263 2752 4334; x_wconf 81' lang='grc' dir='ltr'>μάλα</span> <span class='ocrx_word' id='word_1_592' title='bbox 2780 4261 3057 4332; x_wconf 85' lang='grc' dir='ltr'>πείθομαι.</span> <span class='ocrx_word' id='word_1_593' title='bbox 3134 4256 3141 4259; x_wconf 71' lang='grc'><em>’</em></span> <span class='ocrx_word' id='word_1_594' title='bbox 3290 4280 3295 4284; x_wconf 51' lang='grc' dir='ltr'>δ</span> <span class='ocrx_word' id='word_1_595' title='bbox 3358 4273 3360 4275; x_wconf 82' lang='lat'>‘</span> 
     </span>
    </p>
   </div>
   <div class='ocr_carea' id='block_1_59' title="bbox 1357 4354 2635 4425">
    <p class='ocr_par' dir='ltr' id='par_1_59' title="bbox 1357 4354 2635 4425">
     <span class='ocr_line' id='line_1_59' title="bbox 1357 4354 2635 4425; baseline -0.013 0"><span class='ocrx_word' id='word_1_596' title='bbox 1357 4371 1468 4425; x_wconf 80' lang='lat' dir='ltr'><strong>V&#39;ll.</strong></span> <span class='ocrx_word' id='word_1_597' title='bbox 1498 4371 1773 4425; x_wconf 83' lang='lat' dir='ltr'><strong>Liberatus</strong></span> <span class='ocrx_word' id='word_1_598' title='bbox 1803 4366 2091 4422; x_wconf 84' lang='lat' dir='ltr'><strong>Diaconus.</strong></span> <span class='ocrx_word' id='word_1_599' title='bbox 2130 4361 2369 4413; x_wconf 85' lang='lat' dir='ltr'><strong>Breviar.</strong></span> <span class='ocrx_word' id='word_1_600' title='bbox 2404 4373 2520 4423; x_wconf 84' lang='lat' dir='ltr'><strong>cap.</strong></span> <span class='ocrx_word' id='word_1_601' title='bbox 2550 4354 2635 4409; x_wconf 85' lang='lat' dir='ltr'><strong>l0.</strong></span> 
     </span>
    </p>
   </div>
   <div class='ocr_carea' id='block_1_60' title="bbox 444 4422 3616 4536">
    <p class='ocr_par' dir='ltr' id='par_1_60' title="bbox 444 4422 3616 4536">
     <span class='ocr_line' id='line_1_60' title="bbox 444 4422 3616 4536; baseline -0.015 -14"><span class='ocrx_word' id='word_1_602' title='bbox 444 4464 681 4521; x_wconf 87' lang='lat' dir='ltr'><strong>Basilius</strong></span> <span class='ocrx_word' id='word_1_603' title='bbox 706 4466 926 4536; x_wconf 89' lang='lat' dir='ltr'><strong>quidam</strong></span> <span class='ocrx_word' id='word_1_604' title='bbox 959 4466 1245 4534; x_wconf 91' lang='lat' dir='ltr'><strong>diaconus,</strong></span> <span class='ocrx_word' id='word_1_605' title='bbox 1281 4480 1505 4522; x_wconf 90' lang='lat' dir='ltr'><strong>sumens</strong></span> <span class='ocrx_word' id='word_1_606' title='bbox 1528 4473 1733 4517; x_wconf 89' lang='lat' dir='ltr'><strong>tomum</strong></span> <span class='ocrx_word' id='word_1_607' title='bbox 1768 4457 1947 4512; x_wconf 84' lang='lat' dir='ltr'><strong>Procli</strong></span> <span class='ocrx_word' id='word_1_608' title='bbox 1979 4470 2023 4524; x_wconf 79' lang='grc' dir='ltr'><strong>ι)</strong></span> <span class='ocrx_word' id='word_1_609' title='bbox 2052 4454 2161 4525; x_wconf 90' lang='lat' dir='ltr'><strong>psit</strong></span> <span class='ocrx_word' id='word_1_610' title='bbox 2193 4450 2305 4520; x_wconf 73' lang='lat'><strong>(65)</strong></span> <span class='ocrx_word' id='word_1_611' title='bbox 2341 4467 2353 4500; x_wconf 92' lang='lat'>:</span> <span class='ocrx_word' id='word_1_612' title='bbox 2389 4455 2498 4522; x_wconf 81' lang='lat' dir='ltr'><strong>tres</strong></span> <span class='ocrx_word' id='word_1_613' title='bbox 2535 4445 2796 4524; x_wconf 73' lang='lat' dir='ltr'><strong>adversus</strong></span> <span class='ocrx_word' id='word_1_614' title='bbox 2835 4433 3130 4536; x_wconf 64' lang='lat' dir='ltr'><strong>Diodorum</strong></span> <span class='ocrx_word' id='word_1_615' title='bbox 3164 4435 3219 4481; x_wconf 90' lang='lat' dir='ltr'><strong>et</strong></span> <span class='ocrx_word' id='word_1_616' title='bbox 3248 4422 3616 4536; x_wconf 63' lang='lat' dir='ltr'><strong>Tbeodorum.</strong></span> 
     </span>
    </p>
   </div>
   <div class='ocr_carea' id='block_1_61' title="bbox 371 4519 3622 4629">
    <p class='ocr_par' dir='ltr' id='par_1_61' title="bbox 371 4519 3622 4629">
     <span class='ocr_line' id='line_1_61' title="bbox 371 4519 3622 4629; baseline -0.014 -18"><span class='ocrx_word' id='word_1_617' title='bbox 371 4571 534 4626; x_wconf 85' lang='lat' dir='ltr'><strong>quem</strong></span> <span class='ocrx_word' id='word_1_618' title='bbox 582 4558 854 4614; x_wconf 86' lang='lat' dir='ltr'><strong>Armeniis</strong></span> <span class='ocrx_word' id='word_1_619' title='bbox 889 4560 1205 4629; x_wconf 80' lang='lat' dir='ltr'><strong>scripserat,</strong></span> <span class='ocrx_word' id='word_1_620' title='bbox 1245 4555 1628 4611; x_wconf 78' lang='lat' dir='ltr'><strong>Alexandriam</strong></span> <span class='ocrx_word' id='word_1_621' title='bbox 1672 4551 1849 4615; x_wconf 82' lang='lat' dir='ltr'><strong>venit;</strong></span> <span class='ocrx_word' id='word_1_622' title='bbox 1892 4537 1948 4602; x_wconf 87' lang='lat' dir='ltr'><strong>et</strong></span> <span class='ocrx_word' id='word_1_623' title='bbox 2053 4535 2310 4601; x_wconf 84' lang='lat' dir='ltr'><strong>et&#39;alium</strong></span> <span class='ocrx_word' id='word_1_624' title='bbox 2343 4538 2419 4592; x_wconf 87' lang='lat' dir='ltr'><strong>De</strong></span> <span class='ocrx_word' id='word_1_625' title='bbox 2451 4531 2814 4590; x_wconf 83' lang='lat' dir='ltr'><strong>incarnatione</strong></span> <span class='ocrx_word' id='word_1_626' title='bbox 2848 4527 3064 4581; x_wconf 90' lang='lat' dir='ltr'><strong>librum.</strong></span> <span class='ocrx_word' id='word_1_627' title='bbox 3112 4521 3169 4575; x_wconf 94' lang='lat' dir='ltr'><strong>ln</strong></span> <span class='ocrx_word' id='word_1_628' title='bbox 3213 4519 3413 4621; x_wconf 71' lang='lat' dir='ltr'><strong>quibus</strong></span> <span class='ocrx_word' id='word_1_629' title='bbox 3451 4519 3622 4617; x_wconf 67' lang='lat' dir='ltr'><strong>conti-</strong></span> 
     </span>
    </p>
   </div>
   <div class='ocr_carea' id='block_1_62' title="bbox 358 4609 3621 4712">
    <p class='ocr_par' dir='ltr' id='par_1_62' title="bbox 358 4618 3621 4712">
     <span class='ocr_line' id='line_1_62' title="bbox 358 4618 3621 4712; baseline -0.01 -8"><span class='ocrx_word' id='word_1_630' title='bbox 358 4650 755 4705; x_wconf 67' lang='lat' dir='ltr'><strong>.Armeniorum</strong></span> <span class='ocrx_word' id='word_1_631' title='bbox 785 4651 996 4706; x_wconf 84' lang='lat' dir='ltr'><strong>libellos</strong></span> <span class='ocrx_word' id='word_1_632' title='bbox 1039 4652 1157 4707; x_wconf 89' lang='lat' dir='ltr'><strong>suis</strong></span> <span class='ocrx_word' id='word_1_633' title='bbox 1192 4651 1347 4705; x_wconf 84' lang='lat' dir='ltr'><strong>libris</strong></span> <span class='ocrx_word' id='word_1_634' title='bbox 1385 4657 1719 4712; x_wconf 88' lang='lat' dir='ltr'><strong>annectens,</strong></span> <span class='ocrx_word' id='word_1_635' title='bbox 1751 4642 1947 4699; x_wconf 89' lang='lat' dir='ltr'><strong>obtulit</strong></span> <span class='ocrx_word' id='word_1_636' title='bbox 2055 4644 2254 4692; x_wconf 86' lang='lat' dir='ltr'><strong>nentur</strong></span> <span class='ocrx_word' id='word_1_637' title='bbox 2299 4629 2644 4701; x_wconf 82' lang='lat' dir='ltr'><strong>antiquorum</strong></span> <span class='ocrx_word' id='word_1_638' title='bbox 2677 4622 2896 4676; x_wconf 87' lang='lat' dir='ltr'><strong>Patrum</strong></span> <span class='ocrx_word' id='word_1_639' title='bbox 2926 4619 3242 4712; x_wconf 64' lang='grc' dir='ltr'><strong>ῑηρωτυριει</strong></span> <span class='ocrx_word' id='word_1_640' title='bbox 3280 4618 3621 4712; x_wconf 38' lang='lat' dir='ltr'><strong>“alimonia.</strong></span> 
     </span>
    </p>
   </div>
   <div class='ocr_carea' id='block_1_63' title="bbox 368 4703 3717 4811">
    <p class='ocr_par' dir='ltr' id='par_1_63' title="bbox 368 4703 3717 4811">
     <span class='ocr_line' id='line_1_63' title="bbox 368 4703 3717 4811; baseline -0.007 -17"><span class='ocrx_word' id='word_1_641' title='bbox 368 4703 573 4811; x_wconf 69' lang='lat' dir='ltr'><strong>Gyrillo</strong></span> <span class='ocrx_word' id='word_1_642' title='bbox 617 4703 1356 4811; x_wconf 25' lang='lat' dir='ltr'><strong>ejusdem&#39;fantistiti.</strong></span> <span class='ocrx_word' id='word_1_643' title='bbox 1395 4739 1606 4805; x_wconf 82' lang='lat' dir='ltr'><strong>Quibus</strong></span> <span class='ocrx_word' id='word_1_644' title='bbox 1645 4703 1728 4808; x_wconf 73' lang='lat' dir='ltr'><strong>(ut</strong></span> <span class='ocrx_word' id='word_1_645' title='bbox 1761 4733 1947 4788; x_wconf 83' lang='lat' dir='ltr'><strong>ferunt</strong></span> <span class='ocrx_word' id='word_1_646' title='bbox 2059 4724 2111 4779; x_wconf 94' lang='lat' dir='ltr'><strong>id</strong></span> <span class='ocrx_word' id='word_1_647' title='bbox 2144 4733 2295 4780; x_wconf 87' lang='lat' dir='ltr'><strong>est...</strong></span> <span class='ocrx_word' id='word_1_648' title='bbox 2344 4720 2592 4811; x_wconf 76' lang='lat' dir='ltr'><strong>Gregorii</strong></span> <span class='ocrx_word' id='word_1_649' title='bbox 2630 4721 2914 4787; x_wconf 73' lang='lat' dir='ltr'><strong>milabilis.</strong></span> <span class='ocrx_word' id='word_1_650' title='bbox 2951 4703 3377 4786; x_wconf 68' lang='grc' dir='ltr'>Θαυματουργοῢ</span> <span class='ocrx_word' id='word_1_651' title='bbox 3410 4715 3617 4773; x_wconf 65' lang='grc'><strong>⁰⁰3¹¹⁰“</strong></span> <span class='ocrx_word' id='word_1_652' title='bbox 3712 4784 3717 4788; x_wconf 21' lang='grc' dir='ltr'><strong>ι</strong></span> 
     </span>
    </p>
   </div>
   <div class='ocr_carea' id='block_1_64' title="bbox 369 4814 2267 4959">
    <p class='ocr_par' dir='ltr' id='par_1_64' title="bbox 369 4814 2267 4959">
     <span class='ocr_line' id='line_1_64' title="bbox 369 4814 2267 4959; baseline -0.014 -64"><span class='ocrx_word' id='word_1_653' title='bbox 369 4840 645 4902; x_wconf 83' lang='lat' dir='ltr'><strong>rumores)</strong></span> <span class='ocrx_word' id='word_1_654' title='bbox 695 4839 978 4906; x_wconf 88' lang='lat' dir='ltr'><strong>permotus</strong></span> <span class='ocrx_word' id='word_1_655' title='bbox 1027 4828 1285 4902; x_wconf 84' lang='lat' dir='ltr'><strong>Cyrillus,</strong></span> <span class='ocrx_word' id='word_1_656' title='bbox 1329 4836 1563 4896; x_wconf 87' lang='lat' dir='ltr'><strong>quatuor</strong></span> <span class='ocrx_word' id='word_1_657' title='bbox 1597 4823 1769 4879; x_wconf 87' lang='lat' dir='ltr'><strong>libros</strong></span> <span class='ocrx_word' id='word_1_658' title='bbox 1804 4814 2267 4959; x_wconf 63' lang='lat' dir='ltr'><strong>seri-“nminati.</strong></span> 
     </span>
    </p>
   </div>
   <div class='ocr_carea' id='block_1_65' title="bbox 672 4977 3319 5076">
    <p class='ocr_par' dir='ltr' id='par_1_65' title="bbox 672 4977 3319 5076">
     <span class='ocr_line' id='line_1_65' title="bbox 672 4977 3319 5076; baseline -0.012 -13"><span class='ocrx_word' id='word_1_659' title='bbox 672 5006 964 5062; x_wconf 68' lang='lat' dir='ltr'><strong>Facunda;</strong></span> <span class='ocrx_word' id='word_1_660' title='bbox 988 5009 1262 5076; x_wconf 61' lang='lat' dir='ltr'><strong>episcopus</strong></span> <span class='ocrx_word' id='word_1_661' title='bbox 1292 5001 1804 5066; x_wconf 56' lang='lat' dir='ltr'><strong>Hermianensisdib.</strong></span> <span class='ocrx_word' id='word_1_662' title='bbox 1832 5017 1889 5064; x_wconf 77' lang='grc' dir='ltr'><strong>ι,</strong></span> <span class='ocrx_word' id='word_1_663' title='bbox 1925 5013 2042 5067; x_wconf 86' lang='lat' dir='ltr'><strong>cap.</strong></span> <span class='ocrx_word' id='word_1_664' title='bbox 2071 4993 2126 5060; x_wconf 83' lang='lat'><strong>6,</strong></span> <span class='ocrx_word' id='word_1_665' title='bbox 2155 4992 2293 5046; x_wconf 86' lang='lat' dir='ltr'><strong>inter</strong></span> <span class='ocrx_word' id='word_1_666' title='bbox 2320 4987 2453 5057; x_wconf 82' lang='lat' dir='ltr'><strong>Opp.</strong></span> <span class='ocrx_word' id='word_1_667' title='bbox 2486 4984 2776 5049; x_wconf 85' lang='lat' dir='ltr'><strong>Sirmondi,</strong></span> <span class='ocrx_word' id='word_1_668' title='bbox 2808 4993 2934 5036; x_wconf 87' lang='lat' dir='ltr'><strong>tom.</strong></span> <span class='ocrx_word' id='word_1_669' title='bbox 2959 4979 3024 5047; x_wconf 88' lang='lat' dir='ltr'><strong>ll,</strong></span> <span class='ocrx_word' id='word_1_670' title='bbox 3044 4996 3164 5049; x_wconf 81' lang='lat' dir='ltr'><strong>pag.</strong></span> <span class='ocrx_word' id='word_1_671' title='bbox 3195 4977 3319 5032; x_wconf 74' lang='grc'><strong>740.</strong></span> 
     </span>
    </p>
   </div>
   <div class='ocr_carea' id='block_1_66' title="bbox 442 5084 3627 5169">
    <p class='ocr_par' dir='ltr' id='par_1_66' title="bbox 442 5084 3627 5169">
     <span class='ocr_line' id='line_1_66' title="bbox 442 5084 3627 5169; baseline -0.01 3"><span class='ocrx_word' id='word_1_672' title='bbox 442 5098 682 5156; x_wconf 58' lang='lat' dir='ltr'><strong>sanans</strong></span> <span class='ocrx_word' id='word_1_673' title='bbox 723 5099 963 5155; x_wconf 64' lang='lat' dir='ltr'><strong>Basmus</strong></span> <span class='ocrx_word' id='word_1_674' title='bbox 1002 5114 1264 5169; x_wconf 70' lang='lat' dir='ltr'><strong>magnum</strong></span> <span class='ocrx_word' id='word_1_675' title='bbox 1302 5099 1644 5168; x_wconf 56' lang='lat' dir='ltr'><strong>Gregorium,</strong></span> <span class='ocrx_word' id='word_1_676' title='bbox 1702 5097 1798 5166; x_wconf 75' lang='grc' dir='ltr'><strong>(ιιιὶ</strong></span> <span class='ocrx_word' id='word_1_677' title='bbox 1836 5097 1942 5147; x_wconf 53' lang='lat' dir='ltr'><strong>&quot;iis</strong></span> <span class='ocrx_word' id='word_1_678' title='bbox 2054 5120 2175 5160; x_wconf 91' lang='lat' dir='ltr'><strong>rum</strong></span> <span class='ocrx_word' id='word_1_679' title='bbox 2207 5112 2395 5157; x_wconf 85' lang='lat' dir='ltr'><strong>errore</strong></span> <span class='ocrx_word' id='word_1_680' title='bbox 2421 5098 2679 5164; x_wconf 82' lang='lat' dir='ltr'><strong>defendit,</strong></span> <span class='ocrx_word' id='word_1_681' title='bbox 2699 5097 2792 5167; x_wconf 89' lang='lat' dir='ltr'><strong>qui</strong></span> <span class='ocrx_word' id='word_1_682' title='bbox 2814 5111 2978 5151; x_wconf 90' lang='lat' dir='ltr'><strong>unam</strong></span> <span class='ocrx_word' id='word_1_683' title='bbox 3005 5092 3186 5147; x_wconf 89' lang='lat' dir='ltr'><strong>Patris</strong></span> <span class='ocrx_word' id='word_1_684' title='bbox 3206 5099 3262 5144; x_wconf 89' lang='lat' dir='ltr'><strong>et</strong></span> <span class='ocrx_word' id='word_1_685' title='bbox 3291 5084 3627 5143; x_wconf 33' lang='lat' dir='ltr'><strong>Filii&#39;subsi-</strong></span> 
     </span>
    </p>
   </div>
   <div class='ocr_carea' id='block_1_67' title="bbox 336 5178 3626 5263">
    <p class='ocr_par' dir='ltr' id='par_1_67' title="bbox 336 5178 3626 5263">
     <span class='ocr_line' id='line_1_67' title="bbox 336 5178 3626 5263; baseline -0.008 -4"><span class='ocrx_word' id='word_1_686' title='bbox 336 5192 676 5259; x_wconf 56' lang='lat' dir='ltr'><strong>fundorum</strong></span> <span class='ocrx_word' id='word_1_687' title='bbox 729 5194 1023 5263; x_wconf 67' lang='grc' dir='ltr'><strong>ορεναιονίε</strong></span> <span class='ocrx_word' id='word_1_688' title='bbox 1065 5205 1366 5261; x_wconf 70' lang='grc' dir='ltr'><strong>εοειιοιπιθιι</strong></span> <span class='ocrx_word' id='word_1_689' title='bbox 1414 5190 1652 5259; x_wconf 57' lang='lat' dir='ltr'><strong>accep“,</strong></span> <span class='ocrx_word' id='word_1_690' title='bbox 1705 5203 1765 5242; x_wconf 78' lang='grc' dir='ltr'><strong>ιιι</strong></span> <span class='ocrx_word' id='word_1_691' title='bbox 1807 5188 1945 5240; x_wconf 79' lang='grc' dir='ltr'>Θαυ·</span> <span class='ocrx_word' id='word_1_692' title='bbox 2047 5194 2302 5252; x_wconf 87' lang='lat' dir='ltr'><strong>stenliam</strong></span> <span class='ocrx_word' id='word_1_693' title='bbox 2326 5192 2513 5248; x_wconf 88' lang='lat' dir='ltr'><strong>dicunt</strong></span> <span class='ocrx_word' id='word_1_694' title='bbox 2534 5188 2813 5258; x_wconf 78' lang='lat' dir='ltr'><strong>;_qua‘mvis</strong></span> <span class='ocrx_word' id='word_1_695' title='bbox 2834 5178 3626 5259; x_wconf 67' lang='lat' dir='ltr'><strong>itaacetpraedictusGregorius</strong></span> 
     </span>
    </p>
   </div>
   <div class='ocr_carea' id='block_1_68' title="bbox 372 5254 1987 5357">
    <p class='ocr_par' dir='ltr' id='par_1_68' title="bbox 372 5280 1946 5357">
     <span class='ocr_line' id='line_1_68' title="bbox 372 5280 1946 5357; baseline -0.001 -20"><span class='ocrx_word' id='word_1_696' title='bbox 372 5284 677 5354; x_wconf 66' lang='grc' dir='ltr'><strong>ματεουργὸς</strong></span> <span class='ocrx_word' id='word_1_697' title='bbox 724 5294 1016 5340; x_wconf 83' lang='lat' dir='ltr'><strong>vocaretur</strong></span> <span class='ocrx_word' id='word_1_698' title='bbox 1062 5292 1117 5339; x_wconf 89' lang='lat' dir='ltr'><strong>et</strong></span> <span class='ocrx_word' id='word_1_699' title='bbox 1141 5291 1361 5338; x_wconf 87' lang='lat' dir='ltr'><strong>vocetur</strong></span> <span class='ocrx_word' id='word_1_700' title='bbox 1391 5298 1422 5336; x_wconf 91' lang='lat' dir='ltr'><strong>a</strong></span> <span class='ocrx_word' id='word_1_701' title='bbox 1449 5280 1671 5347; x_wconf 67' lang='lat' dir='ltr'><strong>Graecis,</strong></span> <span class='ocrx_word' id='word_1_702' title='bbox 1718 5297 1825 5335; x_wconf 89' lang='lat' dir='ltr'><strong>non</strong></span> <span class='ocrx_word' id='word_1_703' title='bbox 1877 5281 1946 5357; x_wconf 86' lang='lat' dir='ltr'><strong>ab</strong></span> 
     </span>
    </p>
   </div>
   <div class='ocr_carea' id='block_1_69' title="bbox 2011 5254 3626 5357">
    <p class='ocr_par' dir='ltr' id='par_1_69' title="bbox 2045 5254 3626 5344">
     <span class='ocr_line' id='line_1_69' title="bbox 2045 5254 3626 5344; baseline -0.013 0"><span class='ocrx_word' id='word_1_704' title='bbox 2045 5288 2250 5344; x_wconf 84' lang='lat' dir='ltr'><strong>dixisse</strong></span> <span class='ocrx_word' id='word_1_705' title='bbox 2278 5254 2545 5339; x_wconf 74' lang='lat' dir='ltr'><strong>videatur.</strong></span> <span class='ocrx_word' id='word_1_706' title='bbox 2582 5254 2717 5335; x_wconf 71' lang='lat' dir='ltr'><strong>inde</strong></span> <span class='ocrx_word' id='word_1_707' title='bbox 2759 5280 2899 5334; x_wconf 84' lang='lat' dir='ltr'><strong>idem</strong></span> <span class='ocrx_word' id='word_1_708' title='bbox 2936 5278 2993 5333; x_wconf 90' lang='lat' dir='ltr'><strong>S.</strong></span> <span class='ocrx_word' id='word_1_709' title='bbox 3014 5276 3282 5340; x_wconf 87' lang='lat' dir='ltr'><strong>Basilius,</strong></span> <span class='ocrx_word' id='word_1_710' title='bbox 3311 5274 3544 5341; x_wconf 85' lang='lat' dir='ltr'><strong>loquens</strong></span> <span class='ocrx_word' id='word_1_711' title='bbox 3558 5254 3626 5324; x_wconf 82' lang='lat' dir='ltr'><strong>de</strong></span> 
     </span>
    </p>
   </div>
   <div class='ocr_carea' id='block_1_70' title="bbox 297 5365 3627 5448">
    <p class='ocr_par' dir='ltr' id='par_1_70' title="bbox 297 5365 3627 5448">
     <span class='ocr_line' id='line_1_70' title="bbox 297 5365 3627 5448; baseline -0.003 -22"><span class='ocrx_word' id='word_1_712' title='bbox 297 5382 318 5399; x_wconf 83' lang='lat'><em>&#39;</em></span> <span class='ocrx_word' id='word_1_713' title='bbox 368 5375 700 5431; x_wconf 85' lang='lat' dir='ltr'><strong>Arianorum</strong></span> <span class='ocrx_word' id='word_1_714' title='bbox 737 5386 943 5432; x_wconf 91' lang='lat' dir='ltr'><strong>tantum</strong></span> <span class='ocrx_word' id='word_1_715' title='bbox 978 5377 1071 5444; x_wconf 90' lang='lat' dir='ltr'><strong>qui</strong></span> <span class='ocrx_word' id='word_1_716' title='bbox 1111 5382 1417 5430; x_wconf 87' lang='lat' dir='ltr'><strong>creaturam</strong></span> <span class='ocrx_word' id='word_1_717' title='bbox 1453 5385 1508 5430; x_wconf 88' lang='lat' dir='ltr'><strong>et</strong></span> <span class='ocrx_word' id='word_1_718' title='bbox 1550 5377 1812 5429; x_wconf 82' lang='lat' dir='ltr'><strong>facturam</strong></span> <span class='ocrx_word' id='word_1_719' title='bbox 1850 5374 1944 5427; x_wconf 88' lang='lat' dir='ltr'><strong>Fi-</strong></span> <span class='ocrx_word' id='word_1_720' title='bbox 2053 5378 2381 5448; x_wconf 73' lang='lat' dir='ltr'><strong>quibusdam</strong></span> <span class='ocrx_word' id='word_1_721' title='bbox 2404 5375 2499 5445; x_wconf 90' lang='lat' dir='ltr'><strong>qui</strong></span> <span class='ocrx_word' id='word_1_722' title='bbox 2531 5372 2854 5430; x_wconf 86' lang='lat' dir='ltr'><strong>auctoritate</strong></span> <span class='ocrx_word' id='word_1_723' title='bbox 2877 5371 3049 5440; x_wconf 87' lang='lat' dir='ltr'><strong>ipsius</strong></span> <span class='ocrx_word' id='word_1_724' title='bbox 3086 5365 3332 5437; x_wconf 84' lang='lat' dir='ltr'><strong>Gregorii</strong></span> <span class='ocrx_word' id='word_1_725' title='bbox 3368 5372 3627 5417; x_wconf 76' lang='lat' dir='ltr'><strong>excusare</strong></span> 
     </span>
    </p>
   </div>
   <div class='ocr_carea' id='block_1_71' title="bbox 371 5429 3677 5542">
    <p class='ocr_par' dir='ltr' id='par_1_71' title="bbox 371 5429 3677 5542">
     <span class='ocr_line' id='line_1_71' title="bbox 371 5429 3677 5542; baseline -0.003 -26"><span class='ocrx_word' id='word_1_726' title='bbox 371 5463 506 5518; x_wconf 88' lang='lat' dir='ltr'><strong>lium</strong></span> <span class='ocrx_word' id='word_1_727' title='bbox 555 5468 764 5534; x_wconf 90' lang='lat' dir='ltr'><strong>dicunt,</strong></span> <span class='ocrx_word' id='word_1_728' title='bbox 804 5485 994 5525; x_wconf 89' lang='lat' dir='ltr'><strong>verum</strong></span> <span class='ocrx_word' id='word_1_729' title='bbox 1027 5471 1191 5525; x_wconf 91' lang='lat' dir='ltr'><strong>etiam</strong></span> <span class='ocrx_word' id='word_1_730' title='bbox 1223 5486 1253 5525; x_wconf 90' lang='lat' dir='ltr'><strong>a</strong></span> <span class='ocrx_word' id='word_1_731' title='bbox 1291 5470 1573 5542; x_wconf 80' lang='lat' dir='ltr'><strong>contrario</strong></span> <span class='ocrx_word' id='word_1_732' title='bbox 1617 5469 1958 5523; x_wconf 83' lang='lat' dir='ltr'><strong>Sabelliano—</strong></span> <span class='ocrx_word' id='word_1_733' title='bbox 2059 5429 2220 5523; x_wconf 56' lang='lat' dir='ltr'><strong>suam</strong></span> <span class='ocrx_word' id='word_1_734' title='bbox 2251 5466 2529 5537; x_wconf 82' lang='lat' dir='ltr'><strong>perfidiam</strong></span> <span class='ocrx_word' id='word_1_735' title='bbox 2550 5465 2899 5520; x_wconf 87' lang='lat' dir='ltr'><strong>nitebantur:</strong></span> <span class='ocrx_word' id='word_1_736' title='bbox 2935 5455 3431 5521; x_wconf 80' lang='lat' dir='ltr'><strong>Immiserunt,.ait,</strong></span> <span class='ocrx_word' id='word_1_737' title='bbox 3472 5462 3577 5506; x_wconf 83' lang='lat' dir='ltr'><strong>etc.</strong></span> <span class='ocrx_word' id='word_1_738' title='bbox 3650 5429 3677 5479; x_wconf 61' lang='grc'><strong><em>³</em></strong></span> 
     </span>
    </p>
   </div>
   <div class='ocr_carea' id='block_1_72' title="bbox 442 5555 3737 5666">
    <p class='ocr_par' dir='ltr' id='par_1_72' title="bbox 442 5555 3737 5666">
     <span class='ocr_line' id='line_1_72' title="bbox 442 5555 3737 5666; baseline -0.008 -19"><span class='ocrx_word' id='word_1_739' title='bbox 442 5582 557 5666; x_wconf 66' lang='grc' dir='ltr'><strong>ςεξῦ)</strong></span> <span class='ocrx_word' id='word_1_740' title='bbox 606 5585 681 5637; x_wconf 83' lang='lat' dir='ltr'><strong>De</strong></span> <span class='ocrx_word' id='word_1_741' title='bbox 716 5587 809 5666; x_wconf 60' lang='lat' dir='ltr'><strong>bis</strong></span> <span class='ocrx_word' id='word_1_742' title='bbox 861 5589 1322 5666; x_wconf 38' lang='lat' dir='ltr'><strong>quatuor-Atlyrilli</strong></span> <span class='ocrx_word' id='word_1_743' title='bbox 1394 5589 1546 5645; x_wconf 77' lang='lat' dir='ltr'><strong>libris</strong></span> <span class='ocrx_word' id='word_1_744' title='bbox 1604 5604 1742 5660; x_wconf 88' lang='lat' dir='ltr'><strong>quos</strong></span> <span class='ocrx_word' id='word_1_745' title='bbox 1796 5585 2134 5666; x_wconf 83' lang='lat' dir='ltr'><strong>intercidisse</strong></span> <span class='ocrx_word' id='word_1_746' title='bbox 2185 5592 2440 5652; x_wconf 87' lang='lat' dir='ltr'><strong>constat,</strong></span> <span class='ocrx_word' id='word_1_747' title='bbox 2510 5581 2711 5658; x_wconf 85' lang='lat' dir='ltr'><strong>videsis</strong></span> <span class='ocrx_word' id='word_1_748' title='bbox 2790 5555 3101 5635; x_wconf 74' lang='lat' dir='ltr'><strong>Fabricium</strong></span> <span class='ocrx_word' id='word_1_749' title='bbox 3153 5573 3296 5629; x_wconf 78' lang='lat' dir='ltr'><strong>Bibl.</strong></span> <span class='ocrx_word' id='word_1_750' title='bbox 3355 5569 3447 5623; x_wconf 76' lang='lat' dir='ltr'><strong>Cr.</strong></span> <span class='ocrx_word' id='word_1_751' title='bbox 3493 5578 3627 5624; x_wconf 80' lang='lat' dir='ltr'><strong>tom.</strong></span> <span class='ocrx_word' id='word_1_752' title='bbox 3725 5595 3737 5609; x_wconf 70' lang='grc' dir='ltr'><strong>ι</strong></span> 
     </span>
    </p>
   </div>
   <div class='ocr_carea' id='block_1_73' title="bbox 394 5650 2009 5725">
    <p class='ocr_par' dir='ltr' id='par_1_73' title="bbox 394 5650 1939 5725">
     <span class='ocr_line' id='line_1_73' title="bbox 394 5650 1939 5725; baseline 0.001 -19"><span class='ocrx_word' id='word_1_753' title='bbox 394 5650 681 5725; x_wconf 59' lang='lat' dir='ltr'><strong>Vill,&#39;pag.</strong></span> <span class='ocrx_word' id='word_1_754' title='bbox 714 5656 835 5721; x_wconf 74' lang='grc'><strong>591,</strong></span> <span class='ocrx_word' id='word_1_755' title='bbox 872 5650 1030 5712; x_wconf 67' lang='lat' dir='ltr'><strong>num:</strong></span> <span class='ocrx_word' id='word_1_756' title='bbox 1065 5650 1201 5713; x_wconf 54' lang='lat'><strong>187:</strong></span> <span class='ocrx_word' id='word_1_757' title='bbox 1619 5650 1635 5660; x_wconf 83' lang='grc'><strong>’</strong></span> <span class='ocrx_word' id='word_1_758' title='bbox 1930 5660 1939 5670; x_wconf 86' lang='grc'><strong><em>“</em></strong></span> 
     </span>
    </p>
   </div>
   <div class='ocr_carea' id='block_1_74' title="bbox 1038 5650 2653 5725">
    <p class='ocr_par' dir='ltr' id='par_1_74' title="bbox 1065 5650 2653 5713">
     <span class='ocr_line' id='line_1_74' title="bbox 1065 5650 2653 5713; baseline -0.006 -2"><span class='ocrx_word' id='word_1_759' title='bbox 1065 5650 1201 5713; x_wconf 81' lang='grc'><strong>187.”</strong></span> <span class='ocrx_word' id='word_1_760' title='bbox 1619 5650 1635 5660; x_wconf 86' lang='grc'><strong>’</strong></span> <span class='ocrx_word' id='word_1_761' title='bbox 1930 5660 1939 5670; x_wconf 91' lang='grc'><strong>·</strong></span> <span class='ocrx_word' id='word_1_762' title='bbox 2159 5671 2165 5678; x_wconf 91' lang='lat'><strong><em>-</em></strong></span> <span class='ocrx_word' id='word_1_763' title='bbox 2425 5650 2432 5652; x_wconf 72' lang='lat'><strong><em>&#39;</em></strong></span> <span class='ocrx_word' id='word_1_764' title='bbox 2650 5653 2653 5658; x_wconf 55' lang='grc' dir='ltr'><strong>ί</strong></span> 
     </span>
    </p>
   </div>
  </div>
