4090 6418
434 377 531 433 est
616 364 645 383 “

1563 374 1978 430 TESTIMONIA
2021 373 2377 432 VETERUM.

3582 382 3689 438 989.

1240 494 1330 549 ιχ.
1365 497 1620 566 Euagrius
1649 494 2171 559 Scholasticus,Hist.
2196 496 2328 552 eccl.
2364 495 2455 550 lib.
2494 512 2575 559 ιιι,
2603 512 2719 564 cap.
2754 495 2842 549 5i.

510 588 620 643 Kal
652 587 762 660 γὰρ
794 588 882 642 καὶ
910 587 1099 657 λόγους
1126 587 1382 659 Πατέρων
1409 588 1665 651 πολλάκις
1699 586 2016 640 νενοθεύκα-
2046 640 2052 651 ,

2190 587 2325 642 Nam
2377 598 2430 643 et
2485 589 2655 644 libros
2694 598 3004 644 sanctorqu
3044 586 3266 643 Patrum
3320 606 3693 660 saepenumero

438 699 518 735 σι·
554 680 781 745 πολλοὺς
806 680 862 734 δέ
904 680 1305 752 ’Δπολλιναρίου
1332 679 1539 748 λόγους,
1570 679 1886 750 Ἀθανασίῳ,
1922 680 2015 732 καὶ

435 773 722 847 Γρηγορίῳ
753 771 830 844 τῷ
862 770 1290 845 Θαυματουργῷ,
1344 773 1440 827 καὶ
1494 772 1713 842 Ἰουλίῳ,
1766 771 1854 824 διὰ
1904 770 2015 824 τῶν

436 867 757 942 ἐπιγραφῶν
781 867 1178 922 ἁνατεθείκασι.

2122 687 2485 750 corruperunt
2513 677 2845 749 (Acephali);
2885 678 3085 733 multos
3111 695 3329 749 quoque
3361 680 3693 750 Apollinaris

2122 772 2290 826 libros
2316 771 2615 825 Athanasio
2652 778 2705 825 et
2731 769 2993 840 Gregorio
3029 769 3436 840 Thaumaturgo
3460 779 3514 825 et
3546 770 3692 825 Julio

2119 862 2259 917 falso
2289 863 2677 935 ascripserunt.

1528 977 1598 1033 Χ.
1638 977 1932 1033 Concilium
1961 976 2354 1043 Quinisextum,
2380 992 2497 1030 can.
2528 976 2583 1031 2.

518 1071 1019 1145 Ἐπισφραγίζομεν
1047 1074 1174 1137 τοὺς
1205 1073 1421 1137 λοιποὺς
1458 1075 1666 1137 πάντας
1700 1074 1877 1144 ἱεροὺς
1911 1089 2014 1125 κα-

2188 1070 2552 1141 Obsignamus
2578 1071 2819 1140 reliquos
2861 1085 3052 1126 omnes
3082 1083 3342 1133 canones,
3376 1070 3467 1140 qui
3495 1084 3525 1123 a
3561 1085 3688 1125 san-

433 1162 591 1228 νόνας
633 1164 760 1227 τοὺς
806 1165 911 1217 ὑπὸ
955 1163 1064 1219 τῶν
1102 1165 1271 1233 ἁγίων
1318 1166 1412 1218 καὶ¹
1443 1165 1726 1236 μακαρίων
1757 1163 2016 1236 Πατέρων

2121 1163 2225 1217 ctis
2271 1170 2324 1217 et
2366 1162 2542 1217 beatis
2580 1163 2785 1218 nostris
2839 1160 3093 1218 Patribus
3143 1162 3374 1232 expositi
3421 1170 3595 1216 sunt:
3631 1161 3685 1215 id

434 1255 590 1327 ήμῶν
621 1255 975 1319 ἐκτεθέντας,
1029 1255 1340 1309 τουτέστι...
1384 1256 1686 1326 Γρηγορίου
1711 1255 2011 1308 ἐπισκόπου

434 1348 725 1419 ¹γενομένου
752 1346 1183 1419 Νεοκαισαρείας
1204 1346 1299 1401 τοῦ
1328 1348 1615 1419 Θαυματου
1625 1345 1776 1419 ργοῦ.

2116 1263 2265 1310 est...
2301 1254 2564 1326 Gregorio
2591 1253 2955 1311 Neocaesareae
2980 1256 3233 1325 episcopo
3258 1253 3686 1327 Thaumaturgo.

786 1465 879 1520 Xl.
901 1466 1255 1537 Menologium
1284 1464 1683 1527 ercorum,ad
1707 1466 1843 1519 diem
1870 1465 1937 1519 l7
1965 1463 2241 1532 Novemb.,
2273 1474 2413 1535 part.
2449 1482 2489 1533 ι,
2511 1482 2633 1536 pag.
2660 1438 2763 1521 19.4
2794 1465 2922 1520 edit.
2956 1463 3140 1519 Urbin.
3166 1462 3324 1518 i727.

428 1584 636 1656 Μνήμη
656 1584 780 1665 ⁸τοῦ
817 1585 875 1665 ἐν
908 1559 1083 1661 ᾇγίοις
1115 1582 1329 1665 Πατρὸς
1354 1584 1512 1665 ήμρν
1552 1583 1852 1664 Γρηγορίου
1900 1584 2013 1636 ἐπι-

574 1652 779 1708 σκόπου
822 1652 1253 1727 Νεοκαισαρείας
1289 1652 1864 1726 τοῦΘαυματουργοῦ.

502 1760 668 1830 οὗτος
695 1763 765 1840 ἦν
788 1769 875 1821 ἐπ’
893 1767 1230 1839 Αὐρηλιανοῦ
1263 1768 1355 1822 τοῦ
1383 1766 1662 1838 βασιλέως,
1698 1767 1812 1831 υἱὸς
1833 1767 2010 1838 ὑπάρ-

431 1877 541 1930 χων
578 1858 843 1930 Ἐλλήνων
868 1876 881 1890 ’
925 1860 1086 1922 αὐτὸς
1112 1859 1169 1913 δὲ
1193 1858 1429 1929 γεγονὼς
1461 1860 1798 1929 Χριστιανὸς,
1825 1860 1920 1913 καὶ
1947 1861 2007 1913 τὸ

2114 1582 2576 1638 Commemoratio
2624 1581 2682 1636 S.
2745 1580 2805 1634 P.
2842 1579 2930 1652 7N.
2993 1579 3240 1648 Gregorii
3291 1577 3687 1652 Thaumaturgi

2571 1652 2811 1723 episcopi
2837 1651 3219 1707 Neocaesarere.

2127 1756 2139 1765 ’
2183 1765 2282 1823 Hic
2306 1768 2601 1823 Aureliano
2630 1767 2959 1837 imperatore
2996 1764 3201 1832 ﬂoruit,
3242 1765 3557 1836 parentibus
3588 1780 3687 1819 na-

2110 1870 2199 1915 tus
2247 1859 2582 1925 inﬁdelibus,
2628 1859 2746 1929 ipse
2793 1866 2973 1913 autem
3028 1856 3393 1925 Christianus,
3454 1856 3688 1927 ﬁdeique

429 1953 528 2022 τῆς
554 1952 790 2015 πίστεως
821 1952 1118 2024 μυστήριον
1148 1951 1416 2022 διδαχθεὶς
1445 1950 1535 2004 διὰ
1564 1951 1828 2014 ὀπτασίας
1854 1951 2008 2023 παρὰ
2039 1999 2052 2024 ι

2110 1950 2429 2022 mysterium
2472 1965 2502 2004 a
2549 1948 2892 2005 sanctissima
2935 1948 3164 2018 Deipara
3201 1956 3257 2004 et
3297 1947 3507 2004 Joanne
3534 1949 3690 2004 theoo

430 2043 530 2113 τῆς
554 2043 857 2113 ὑπεραγίας
885 2043 1148 2097 Θεοτόκου
1180 2042 1387 2097 καὶτοῦ
1429 2043 1676 2114 θεολόγον
1720 2044 1964 2098 Ἰωάννου
1989 2061 2002 2074 ο

430 2133 589 2187 ἔλαϐε
634 2135 728 2188 καὶ
789 2135 850 2189 τὸ
902 2134 1010 2190 τῶν
1073 2135 1523 2209 θαυματουργιῶν
1578 2136 1858 2215 χάρισμα,
1913 2138 2009 2191 καὶ
2057 2145 2061 2151 ’

431 2226 632 2299 ἐκλήθη
662 2228 1136 2298 Θαυματουργὸς,
1154 2228 1321 2282 ποιῶν
1353 2228 1607 2300 θαύματα
1638 2229 1825 2295 πολλὰ,
1851 2228 1909 2295 ἐξ
1927 2223 2004 2284 ὧν

430 2321 536 2373 εἰσι
559 2320 651 2373 καὶ
676 2320 869 2374 ταῦτα.
905 2322 999 2386 Ei;
1020 2320 1128 2392 γὰρ
1169 2319 1569 2394 Ἀλεξάνδρειαν
1601 2313 1850 2377 ἀπελθὼν
1873 2365 1889 2391 ,
1915 2325 2009 2377 καὶ

429 2412 826 2483 κατηγορηθεὶς
885 2412 990 2467 ὑπὸ
1043 2414 1289 2486 πόρνης,
1346 2415 1646 2486 ἐπιπέμπει
1699 2404 1833 2487 αὑτῇ
1889 2414 2007 2468 δαί-

432 2518 598 2572 μονα·
639 2502 734 2555 καὶ
774 2502 936 2556 πάλιν
985 2504 1149 2558 ἰᾶται.
1204 2499 1338 2559 Εἶτα
1383 2506 1457 2577 μὴ
1496 2504 1685 2580 παρὼν
1726 2508 1783 2558 ἐν
1841 2507 2009 2577 Ἀμα-

432 2593 572 2665 asia,
608 2596 756 2666 ὅμως
787 2595 875 2650 διὰ
905 2597 1004 2669 τήν
1033 2598 1195 2651 αὑτοῦ
1226 2597 1444 2669 ἀρετὴν,
1475 2600 1855 2668 χειροτονεῖται
1888 2596 2008 2650 ἐπί-

430 2699 633 2749 σκοπος
666 2686 771 2740 ὑπὸ
799 2686 1059 2760 Φαιδίμου
1088 2690 1180 2743 τοῦ
1222 2690 1533 2760 Ἀμασείας.
1563 2689 1721 2743 Λίθον
1750 2689 1806 2742 δὲ
1836 2688 2006 2759 μέγαν

431 2777 663 2848 ποιήσας
706 2781 1093 2851 περιπατῆσαι,
1160 2780 1419 2837 ἐὸάπτισε
1471 2781 1560 2834 τὸν
1608 2780 2007 2852 προσμονάριον

431 2870 539 2923 τῶν
581 2870 833 2927 εἰδώλων.
891 2870 1157 2941 Ἀδελφῶν
1284 2872 1378 2926 δύο
1419 2871 1507 2925 διὰ
1536 2871 1730 2943 λίμνην
1770 2872 2007 2943 μαχομέ-

403 2979 553 3027 ινων,
581 2961 841 3035 ἐξήρανεν
871 2964 1060 3036 αὑτήν.
1094 2965 1206 3019 Kal
1231 2966 1328 3036 τὴν
1363 2964 1555 3037 ῥάϐδον
1585 2963 1779 3037 πήξας,
1812 2963 2007 3033 ἔστησε

430 3055 705 3127 ποταμόν’
741 3055 862 3126 ἥτις
895 3057 988 3110 καὶ
1011 3056 1225 3125 ἐγένετο
1251 3057 1332 3119 εἰς
1359 3056 1571 3128 δένδρον
1597 3055 1756 3127 μέγα.
1789 3056 1900 3108 Kal
1922 3055 2008 3109 άλ-

429 3143 496 3197 λα
527 3145 695 3216 μυρία
729 3148 987 3219 ποιήσας,
1031 3149 1089 3201 ἐν
1121 3145 1200 3217 τῷ
1243 3145 1456 3218 μέλλειν
1494 3147 1749 3219 ἐκδημεῖν
1786 3147 2011 3219 εὐχαρί-

430 3252 544 3289 στει
586 3237 667 3309 τῷ
709 3238 828 3310 Θεῷ
849 3280 865 3304 ,
903 3240 982 3294 ὅτι
1018 3242 1074 3294 ἐν
1093 3243 1158 3311 τῇ
1198 3237 1364 3293 αὑτοῦ
1396 3239 1546 3293 πόλει
1578 3237 1866 3301 τοσούτους
1887 3237 2008 3292 ἀπί-

2110 2043 2233 2114 logo
2261 2058 2358 2113 per
2382 2041 2649 2097 visionem
2690 2039 2938 2105 edoctus,
2971 2040 3179 2110 accepit
3208 2048 3262 2095 et
3287 2040 3492 2095 donum
3523 2040 3687 2095 mira-

2108 2133 2355 2188 culorum
2392 2153 2406 2188 :
2434 2134 2579 2189 unde
2600 2130 2984 2202 Thaumaturgi
3016 2143 3435 2203 cognomentum
3459 2135 3687 2202 adeptus

2106 2234 2192 2281 est
2222 2227 2293 2281 ob
2328 2226 2496 2280 multa
2532 2226 2793 2281 miracula
2823 2240 2944 2296 quae
2968 2226 3221 2296 patravit,
3249 2240 3316 2281 ex
3345 2226 3545 2296 quibus
3571 2227 3689 2281 haec

2107 2326 2499 2375 memorantur.
2561 2316 2847 2374 Profectus
2913 2317 3205 2388 aliquando
3274 2318 3683 2382 Alexandriam,

2108 2410 2161 2463 in
2188 2419 2427 2465 scortum
2458 2410 2603 2480 quod
2631 2410 2698 2465 de
2720 2425 2780 2465 se
2802 2410 3210 2479 obloqueretur,
3242 2409 3540 2465 daemonem
3583 2410 3684 2464 im-

2107 2501 2278 2566 misit,
2305 2501 2401 2556 sed
2419 2501 2581 2571 paulo
2601 2510 2724 2571 post
2738 2502 2900 2557 etiam
2924 2500 3149 2572 fugavit.
3166 2499 3499 2557 Athedimo
3519 2501 3686 2555 Ama-

2109 2609 2213 2650 seaa
2233 2595 2488 2665 episcopo
2504 2596 2790 2650 ordinatur
2809 2595 3119 2664 episcopus,
3152 2593 3552 2649 cum‘Amaseae
3574 2608 3684 2647 non

2109 2689 2323 2743 adesset
2362 2693 2386 2743 :'
2419 2697 2569 2744 tanta
2603 2698 2721 2743 erat
2760 2689 3020 2743 virtutum
3058 2689 3203 2743 illius
3235 2688 3441 2758 opinio.
3477 2686 3684 2742 Saxum

2109 2781 2300 2851 ingens
2348 2779 2455 2834 alio
2497 2781 2802 2846 transtulit;
2851 2795 3022 2850 eoque
3070 2780 3226 2851 signo
3259 2779 3526 2834 idolorum
3561 2778 3685 2833 aedi-

2107 2881 2262 2927 tuum
2312 2872 2378 2926 ad
2439 2871 2599 2928 ﬁdem
2649 2886 2973 2927 conversum
3028 2871 3338 2942 baptizavit.
3401 2869 3682 2935 Paludem,

2107 2978 2329 3019 causam
2352 2963 2596 3019 rixarum
2630 2963 2771 3018 inter
2799 2963 2938 3019 duos
2970 2962 3188 3030 fratres,
3215 2963 3530 3019 exsiccavit.
3554 2961 3683 3016 Flu-

2108 3055 2254 3109 vium
2282 3055 2461 3112 deﬁxo
2495 3056 2550 3111 in
2584 3064 2781 3110 terram
2808 3056 3025 3120 baculo,
3070 3055 3163 3125 qui
3214 3063 3269 3110 et
3320 3058 3373 3109 in
3426 3069 3681 3125 magnam
3741 3055 3747 3064 '

2107 3147 2350 3222 excreyit
2379 3148 2652 3211 arborem,
2693 3149 2955 3204 coercuit.
2994 3147 3240 3218 Cumque
3268 3149 3555 3202 innumera
3580 3147 3683 3201 alia

2108 3245 2359 3306 portenta
2393 3237 2673 3304 edidisset,
2709 3239 3041 3310 migraturus
3077 3222 3145 3293 ad
3171 3236 3463 3293 Dominum
3494 3280 3508 3305 ,
3563 3254 3689 3308 gra-

432 3346 588 3394 στους
616 3331 930 3399 κατέλιπεν,
954 3332 1114 3398 ὅσους
1138 3327 1261 3403 εὗρε
1287 3330 1665 3404 Χριστιανούς.
1702 3331 1814 3387 Kal
1834 3330 2008 3395 οὕτως
2035 3338 2052 3392 (

2110 3330 2216 3384 tias
2255 3329 2331 3383 illi
2367 3329 2593 3400 agebat.
2645 3331 2788 3400 quod
2839 3339 2919 3385 tot
2952 3328 3282 3399 relinqueret
3321 3330 3374 3383 iu
3419 3344 3516 3385 sua
3552 3330 3687 3384 urbe

428 3423 733 3495 ἐτελειώθη.
766 3463 770 3466 ι
838 3448 841 3451 ν

2109 3419 2374 3486 inﬁdeles,
2418 3428 2555 3490 quot
2599 3419 2944 3476 Christianos
2990 3421 3287 3475 invenerat.
3336 3418 3513 3490 Atque
3542 3419 3687 3473 hunc

2105 3511 2159 3565 in
2193 3511 2413 3575 modum
2448 3511 2699 3567 decessit.

1578 3603 1581 3605 Δ
1695 3627 1811 3685 ΧΠ.
1857 3627 2139 3690 Suidas,in
2171 3625 2392 3695 Lexieo.

502 3738 872 3811 Γρηγόριος,,ό
905 3740 1000 3795 καὶ
1026 3740 1298 3813 Θεόδωρος
1328 3737 1840 3812 ἂΘαυματουργὸς,
1870 3738 2008 3791 Νεο-

2189 3737 2642 3809 Gregorius,'qui
2687 3746 2742 3793 et
2772 3736 3093 3793 Theodorus
3119 3736 3298 3794 dictus
3337 3747 3439 3804 est,
3480 3754 3686 3810 cogno-

426 3833 749 3906 καισαρείας
773 3835 872 3906 τῆς
902 3830 960 3889 ἐν
988 3818 1068 3907 τῷ
1099 3836 1287 3908 Πόντῳ
1329 3815 1649 3900 ἐπίσκοπος,
1684 3835 1801 3898 νέος
1850 3851 2010 3906 κομι·
2049 3836 2052 3841 ’

2110 3841 2294 3888 mento
2322 3831 2767 3903 Θαυματουργδς,
2803 3831 2908 3886 hoc
2933 3838 3034 3898 est,
3068 3846 3251 3888 rerum
3284 3832 3683 3889 admirabilium

426 3925 515 3994 δῆ,
549 3925 637 3978 διὰ
670 3925 769 3997 τὴν
795 3926 1075 3980 παίδευσιν
1114 3917 1439 3999 Ἑλληνικῶν
1468 3946 1530 3982 τε
1554 3927 1647 3981 καὶ
1686 3925 2009 3997 Ῥωμαϊκῶν

2110 3922 2351 3988 eﬂector,
2400 3920 2766 3977 Neocaesarea:
2790 3937 2912 3991 quae
2939 3921 2995 3975 in
3024 3920 3199 3976 Ponto
3233 3931 3336 3986 est,
3371 3925 3682 3994 episcopus,

425 4016 790 4089 γραμμάτων,
814 4017 922 4070 ἀπὸ
947 4018 1048 4089 τῆς
1077 4019 1471 4083 Καππαδοκίας
1500 4002 1583 4083 είς
1614 4019 1879 4089 Βηρυτὸν,
1910 4018 2009 4071 κά-

2110 4014 2403 4069 admodum
2453 4013 2789 4078 adolescens,
2840 4013 3151 4069 Graecarum
3203 4012 3686 4085 Bomanarumque

428 4106 606 4178 κεῖθεν
647 4108 727 4171 είς
776 4108 1117 4178 Καισάρειαν
1150 4090 1247 4179 τὴν
1288 4109 1386 4180 τῆς
1424 4109 1794 4180 Παλαιστίνης
1831 4108 2003 4180 διέϐη,

2110 4106 2417 4165 litterarum
2454 4104 2638 4166 studio
2669 4105 2956 4172 incensus,
2991 4120 3022 4159 e
3056 4104 3398 4175 Cappadocia
3426 4105 3681 4178 Berytum

411 4198 544 4279 ⁸ἅμα
581 4196 933 4272 Ἀθηνοδώρῳ
971 4199 1203 4271 ἀδελφῷ.
1257 4200 1364 4265 Οὒς
1399 4202 1492 4254 καὶ
1532 4200 1673 4254 κατὰ
1717 4202 1881 4273 μέρος
1926 4205 2007 4267 είς

2110 4195 2389 4266 profectus
2431 4205 2535 4260 est,
2587 4206 2749 4265 atque
2796 4195 2922 4250 inde
2961 4195 3262 4252 Caesaream
3315 4213 3436 4266 qua:
3484 4199 3537 4253 in
3579 4199 3682 4253 Pa-

423 4290 522 4361 τὴν
551 4288 644 4344 τοῦ
674 4289 911 4362 Χριστοῦ
946 4291 1124 4345 πίστιν
1157 4290 1392 4360 εἰσάγων
1428 4291 1726 4361 Ὠριγένης,
1757 4290 2005 4361 ζηλωτὰς

2110 4288 2318 4343 Iaestina
2352 4296 2455 4354 est,
2492 4304 2616 4343 cum
2650 4286 2818 4342 fratre
2839 4288 3190 4343 Athenodoro
3211 4305 3270 4345 se
3292 4291 3539 4345 contulit.
3570 4290 3682 4348 Hos

427 4383 590 4449 ίδίους
645 4358 999 4454 κᾶτέστησεν.
1058 4383 1179 4436 Ἐπὶ
1219 4383 1377 4436 πέντε
1427 4382 1606 4436 τοίνυν
1658 4385 1788 4456 παρ’
1835 4383 2001 4437 αὐτοῦ

2110 4383 2160 4437 in
2178 4382 2380 4437 Christi
2404 4380 2662 4451 religione
2680 4382 2959 4453 sigillatim
2980 4382 3242 4455 Origenes
3259 4383 3573 4449 instituens,
3595 4386 3680 4439 sui

427 4474 805 4543 παιδευθέντες
834 4474 1109 4538 ἐνιαυτοὺς
1131 4515 1146 4539 ,
1194 4474 1333 4546 πρὸς
1364 4474 1462 4547 τὴν
1498 4473 1728 4545 πατρίδα
1756 4474 2003 4545 ἀποπέμ-

2110 4472 2383 4528 studiosos
2420 4482 2773 4542 amantesque
2803 4473 3053 4529 reddidit.
3100 4472 3544 4544 Quinquennium
3580 4476 3683 4547 igi-

427 4584 641 4622 πονται.
664 4561 875 4636 -Ἀφόὗ
900 4570 929 4620 ό
952 4568 1250 4639 Γρηγόριος
1274 4567 1450 4638 ἁποδη
1460 4566 1595 4637 μῶν,
1627 4567 1999 4638 πανηγυρικὸν
2032 4613 2052 4639 ,

2110 4573 2193 4620 tur
2230 4564 2286 4619 in
2327 4565 2446 4635 ejus
2477 4565 2763 4636 disciplina
2797 4567 3035 4632 versati,
3074 4567 3129 4620 in
3163 4567 3395 4636 patriam
3434 4567 3681 4622 redeunt.

425 4661 773 4733 εὐχαριστίας
803 4659 883 4731 τῷ
924 4656 1184 4731 Ὠριγένει
1215 4659 1423 4731 ξγραψε
1451 4660 1605 4729 λόγον
1623 4698 1637 4724 ,
1671 4661 2002 4729 καὶ’συγκα-
2031 4655 2052 4674 “

2110 4657 2213 4713 Ubi
2268 4656 2559 4728 Gregorius
2605 4658 2901 4728 gratiarum
2963 4658 3230 4713 actionem
3281 4659 3346 4713 ad
3394 4655 3682 4730 Origencm

422 4751 720 4823 λεσάμενος
760 4753 969 4815 πάντας
1009 4753 1136 4816 τοὺς
1179 4752 1505 4823 ἐπιχωρίους
1529 4790 1544 4817 ,

342 4910 345 4911 ν
426 4828 744 4916 ’Ὠριγένους
788 4845 1080 4916 παρόντος,
1127 4844 1313 4899 τοῦτον
1345 4845 1563 4924 ἀνέγνω
1589 4846 1679 4898 τὸν
1711 4846 1867 4915 λόγον
1886 4864 1914 4890 ’ς
1947 4848 2006 4911 ὃς

2110 4851 2371 4914 praesente
2396 4843 2524 4904 legit
2551 4860 2564 4896 :
2597 4858 2719 4913 quae
2755 4843 2975 4913 quidem
3010 4828 3187 4898 oratio
3213 4853 3391 4899 exstat
3418 4860 3593 4915 usque
3615 4846 3682 4899 ad

421 4953 507 4999 τις
536 4936 628 4989 καὶ
661 4936 787 5008 ἄχρι
818 4935 912 4989 τοῦ
943 4935 1210 5007 παρόντος
1245 4936 1500 5009 ὑπάρχει.
1540 4937 1787 5009 Ἔγραψε
1813 4938 1870 4993 δὲ
1888 4941 2004 4992 Με-

2110 4942 2429 5002 praesentem
2468 4935 2632 4988 diem.
2681 4933 2912 5004 Scripsit
2951 4944 3006 4989 et
3030 4931 3393 5005 Metaphrasin
3426 4937 3479 4989 in
3507 4934 3684 4989 E‘cclc-
3726 4967 3737 4975 -

380 5070 387 5081 ι
421 5024 722 5094 τάφρασιν
751 5028 838 5092 εὶς
865 5026 970 5080 τόν
1014 5025 1499 5094 Ἐκκλησιαστήν
1518 5044 1535 5060 ο
1567 5027 1850 5098 ἐλάχιστον
1878 5028 2000 5099 μὲν,

2110 5024 2328 5091 siasten,
2357 5024 2736 5081 brevissimam
2763 5026 2913 5079 illam
2947 5026 3167 5095 quidem
3189 5068 3205 5092 ,
3236 5026 3330 5081 sed
3363 5042 3495 5082 sane
3515 5043 3681 5096 quam

370 5118 373 5121 ’
423 5113 566 5166 πάνυ
589 5115 645 5167 δὲ
682 5113 990 5185 θαυμαστὸν
1014 5114 1188 5184 λόγον.
1232 5117 1342 5170 Kal
1374 5116 1541 5181 ἄλλας
1571 5117 1875 5184 τεπολλάς,
1905 5118 1999 5172 καὶ

2110 5117 2501 5173 admirabilem.
2556 5117 2754 5173 Multas
2799 5127 3058 5190 prmterea
3099 5129 3152 5173 et
3199 5101 3387 5173 varias.
3422 5119 3680 5188 epistolas
3729 5186 3736 5201 η

424 5205 675 5268 ποικίλας
704 5207 995 5271 ἐπιστολὰς
1026 5209 1420 5280 συνεγράψατο.
1450 5211 1689 5282 Ποιήσας
1714 5227 1773 5263 τε
1798 5212 1999 5281 σημεῖα

2110 5212 2430 5280 composuit.
2466 5210 2712 5283 Denique
2739 5211 2918 5268 factus
2947 5212 3267 5285 episcopus,
3299 5212 3471 5282 signis
3496 5221 3552 5268 et
3580 5214 3680 5268 mi-

422 5298 514 5350 καὶ
549 5299 804 5369 θαύματα
820 5301 960 5372 ὑπὲρ
981 5301 1289 5373 ἄνθρωπον,
1325 5304 1488 5375 ἡνίκα
1518 5305 1811 5369 ἐπίσκοπος
1844 5304 2001 5372 ἐτύγ-

2110 5302 2310 5358 raculis
2339 5304 2612 5360 humanas
2644 5305 2791 5359 vires
2813 5303 3199 5374 superantibus
3226 5303 3428 5371 clarus,
3463 5303 3678 5362 Juliano
3708 5376 3711 5379 ν

376 5438 377 5441 η
422 5407 603 5459 χανεν,
638 5391 986 5460 ἐτελεύτησεν
1016 5396 1109 5449 ἐπὶ
1140 5391 1423 5485 Ἰουλιανοῦ
1457 5395 1586 5468 (66).
1729 5462 1737 5468 δ
1952 5437 1960 5448 .

2110 5394 2407 5465 imperante
2451 5395 2721 5452 discessit.

422 5526 558 5584 Xill.
608 5526 907 5583 Theodorus
955 5529 1264 5597 Βαίεαηιοη,
1286 5529 1466 5613 Schol.
1492 5530 1549 5586 in
1572 5521 1822 5656 canouerp
1849 5532 1912 5587 2|
1956 5530 2167 5655 ti'oncilii
2214 5529 2715 5654 ISVjcami.—Apud
2764 5527 3120 5600 Bcveregium,
3148 5497 3403 5586 Pandect.
3455 5547 3675 5599 cauom,

1172 5654 1175 5656 ,
1241 5652 1245 5655 .
1807 5620 1910 5656 om.
1992 5645 2007 5656 .
2052 5618 2174 5656 una.
2256 5621 2308 5654 υ.

1807 5620 1910 5658 om.
1957 5618 2008 5670 1,
2052 5618 2174 5671 pag.
2220 5618 2308 5654 δυ.

2183 5719 2337 5776 llnnc
2362 5718 2612 5791 (Paulum
2654 5714 3093 5787 Samosatenum)
3139 5715 3509 5787 deposuerunt
3551 5730 3673 5771 san-

2049 5888 2053 5894 .
2109 5825 2230 5873 ctus
2258 5815 2556 5888 Gregorius
2583 5813 3045 5886 'l'haumaturgus,
3083 5819 3133 5869 et
3173 5812 3263 5868 alii
3292 5812 3534 5882 quidam.

497 5715 695 5771 Τοῦτον
720 5678 966 5774 καθεῖλεν
993 5720 1051 5772 ἐν
1092 5719 1387 5794 Ἀντιοχείᾳ
1411 5722 1438 5775 ό
1469 5723 1618 5793 ἆγιος
1649 5723 1948 5797 Γρηγόριος
1973 5725 2001 5776 ὁ

422 5806 837 5884 θαυματουργδς
868 5811 960 5867 καὶ
989 5812 1136 5869 ἄλλοι
1172 5814 1336 5876 τινές.

1597 4751 1763 4806 αὐτοῦ
1809 4770 1867 4825 τε
1908 4752 2004 4806 τοῦ
2109 4752 2348 4821 scripsit,
2377 4765 2606 4819 eamque
2632 4751 2833 4821 populo
2864 4760 3185 4830 convocato,
3207 4763 3278 4808 et
3303 4751 3422 4822 ipso
3451 4751 3696 4823 Origene.
3808 4756 3814 4767 '
