4090 6422
344 398 446 454 989

1354 394 1485 450 ME'I
1498 393 1841 450 APHRASIS
1872 394 1941 448 IN
1978 393 2510 451 ECCLESIASTEN.

3470 398 3575 452 990

342 516 552 578 πάντας
595 506 912 586 ἀνθρώπους
944 511 1196 583 βασιλεὺς
1238 512 1586 583 ὲντιμότατος
1608 553 1623 578 ,
1660 513 1752 565 καὶ
1777 528 1890 582 προ

2013 512 2173 582 pheta
2224 510 2696 582 sapientissimus,
2755 511 3061 566 universam
3118 509 3212 565 Dei
3273 508 3571 566 Ecclesiam

340 607 519 676 φήτης
566 604 893 674 σοφώτατος.
932 605 1017 667 Ὠς
1068 603 1199 657 κενά
1262 603 1357 657 καὶ
1406 606 1639 677 ἀνόνητα
1679 605 1748 659 τὰ
1800 603 1909 658 τῶν

339 697 645 767 ἀνθρώπων
675 694 975 767 πράγματά
1011 711 1069 747 τε
1104 695 1198 748 καὶ
1240 694 1645 765 σπουδάσματα,
1686 695 1786 748 ὅσα
1813 695 1907 748 ἀν-

340 786 629 859 θρώπινακ
648 786 782 839 Οὐδὲ
812 785 918 856 γάρ
946 784 1057 855 ἔχει
1088 802 1173 848 τις
1202 786 1374 837 εἰπεῖν
1404 784 1592 871 ὀφλός
1620 803 1674 838 τι
1701 784 1909 848 τούτοις

338 878 791 952 προσηρτημένον
816 918 830 942 ,
871 879 1015 947 άπερ
1059 876 1332 946 ἄνθρωποι
1384 877 1512 947 περὶ
1567 878 1669 948 γῆν
1714 877 1906 948 ’ἐρπον-

335 985 430 1032 re;
458 969 689 1040 (86-87),
705 969 798 1023 καὶ
828 968 1038 1039 σώμασι
1060 970 1151 1021 καί
1172 966 1369 1039 ψυχάῖς
1418 968 1693 1023 ἐκτελέσαι
1745 969 1910 1023 σπεύ-

334 1062 506 1127 δουσι,
544 1061 652 1115 τῶν
691 1062 789 1133 μὲν
834 1063 1181 1133 προσκαίρων
1222 1063 1537 1132 ἡττημένοι,
1571 1062 1826 1134 ἀνωτέρω
1848 1062 1906 1114 δὲ

334 1152 446 1205 τῶν
495 1153 710 1223 ἄστρων
765 1150 844 1218 τῷ
886 1152 1119 1221 γενναίῳ
1146 1153 1245 1223 τῆς
1292 1151 1469 1223 ψυχῆς
1520 1151 1755 1223 ὄμματι,
1797 1149 1904 1203 οὐδ’

335 1245 513 1298 ὁτιοῦν
543 1244 781 1299 κατιδεῖν
820 1241 1150 1313 βουλόμενοι.
1176 1244 1288 1297 Καὶ
1325 1242 1715 1314 κατατρίϐεται
1738 1244 1766 1295 ὁ
1797 1240 1905 1293 τῶν

333 1333 639 1407 ἀνθρώπιον
679 1333 792 1405 βίος
835 1333 1047 1404 ἡμέραν
1083 1331 1143 1398 ἐξ
1193 1333 1442 1403 ἡμέρας,
1489 1333 1581 1386 καὶ
1610 1332 1768 1404 ὡρῶν
1810 1332 1904 1385 καὶ

332 1426 595 1481 ἐνιαυτῶν
627 1425 907 1498 περιόδους
932 1464 946 1489 ,
980 1423 1129 1493 ἡλίου
1175 1440 1234 1477 τε
1264 1424 1495 1495 δρόμους
1536 1423 1905 1496 περιωρισμέ-

332 1536 480 1582 νους,
505 1518 613 1572 τῶν
641 1518 738 1589 μὲν
761 1515 1230 1586 παραγινομένων,
1254 1515 1359 1570 τῶν
1384 1516 1441 1570 δὲ
1466 1515 1899 1591 ὑπαπαιρρντων.

334 1613 523 1666 Ἔοικε
551 1611 609 1665 δὲ
635 1612 699 1665 τὸ
726 1615 976 1684 πρᾶγμα,
1006 1614 1318 1685 χειμάρρων
1351 1610 1586 1682 παρόδῳ,
1614 1610 1904 1680 ἀμετρήτῳ

328 1706 609 1777 Θαλάσσης
637 1707 1016 1776 ἐμπιπτόντων
1044 1704 1190 1777 βυθῷ
1212 1706 1308 1758 σὺν
1328 1703 1549 1775 ταράχῳ
1571 1700 1768 1772 πολλῷ.
1793 1701 1902 1755 Καὶ

326 1798 399 1852 τὰ
428 1799 526 1870 μὲν
556 1798 621 1852 δι’
646 1797 965 1870 ἀνθρώπους
1015 1799 1120 1852 ὑπὸ
1160 1797 1295 1851 Θεοῦ
1337 1797 1615 1866 γεγονότα,
1658 1795 1807 1867 μένει
1835 1796 1901 1847 τὰ

324 1892 489 1955 αὐτὰ,
516 1885 646 1947 οἷον.
664 1889 725 1942 τὸ
751 1891 859 1944 ἀπὸ
881 1891 987 1961 γῆς
1016 1889 1326 1960 γεννᾶσθαι,
1348 1888 1408 1942 τὸ
1437 1890 1516 1952 είς
1533 1889 1635 1959 γῆν
1659 1889 1897 1953 ἀπιέναι,

244 2008 252 2016 ·
324 1983 391 2037 τὸ
418 1982 585 2053 αὐτὴν
610 1983 829 2036 ἑστάναι
861 1976 959 2053 τὴν
1003 1983 1124 2053 γῆν,
1157 1982 1218 2036 τὸ
1261 1982 1353 2035 τὸν
1378 1982 1528 2053 ἣλιον
1559 1981 1775 2035 ἅπασαν
1806 1981 1902 2034 αὑ-

323 2074 428 2145 τὴν
479 2072 859 2145 ἐκπεριῑόντα,
910 2072 1071 2127 πάλιν
1116 2075 1196 2137 εἰς
1224 2072 1314 2127 τὸν
1357 2074 1517 2131 αὐτόν
1562 2072 1902 2145 περιτρέχειν

324 2166 472 2236 ὅρον,
515 2164 608 2219 καὶ
642 2163 711 2217 τὰ
744 2163 1030 2235 πνεύματα
1074 2163 1335 2228 ὡσαύτως
1360 2164 1506 2235 (88),
1540 2163 1664 2228 τούς
1704 2181 1765 2217 τε
1806 2181 1901 2217 πο-

323 2257 534 2327 ταμοὺς
570 2255 857 2319 τοσούτους
886 2258 968 2319 εἰς
996 2255 1269 2310 θάλασσαν
1303 2256 1626 2319 ἐκδιδόντας,
1654 2255 1749 2310 καὶ
1776 2256 1901 2318 τοὺς

323 2348 559 2419 ἀνέμους
614 2348 1013 2419 ἐμπίπτοντας,
1051 2349 1125 2420 μὴ
1169 2347 1497 2418 ἀναγκάζειν
1531 2349 1696 2419 αὐτὴν
1736 2349 1901 2419 ὑπερ-

263 2438 271 2445 ’
326 2438 533 2492 ϐαίνειν
579 2438 648 2492 τά
678 2439 846 2510 αὐτῆς
883 2439 1086 2512 μέτρα,
1124 2439 1256 2511 μηδὲ
1302 2441 1501 2502 αὐτοὺς
1543 2443 1927 2521 παρανομεῖν..

328 2530 443 2584 Καὶ
475 2529 547 2582 τά
581 2530 679 2601 μὲν
716 2529 792 2594 ὡς
842 2532 921 2594 είς
967 2532 1177 2585 τουτονὶ
1217 2530 1573 2585 συντελοῦντα
1626 2532 1757 2602 ἡμῖν
1808 2531 1899 2584 τὸν

326 2621 462 2691 βίον,
492 2621 665 2686 οὕτως
702 2623 894 2694 ἄραρε.
940 2623 1021 2677 Τὰ
1051 2623 1095 2676 δ’
1133 2624 1225 2676 ὑπ’
1255 2621 1555 2695 ἀνθρώπων
1598 2621 1898 2693 ἐπιτεχνώ-

328 2729 464 2782 μενα
500 2713 719 2784 ῥήματά
754 2731 813 2767 τε
857 2714 951 2768 καὶ
988 2714 1284 2786 πράγματα
1307 2753 1322 2778 ,
1381 2714 1577 2785 μέτρον
1623 2714 1724 2766 οὐκ
1763 2714 1894 2784 ἔχει.

324 2806 437 2858 Καὶ
469 2805 643 2873 λόγων
677 2805 841 2871 πολὺς
870 2807 969 2878 μὲν
996 2807 1201 2878 ὅμιλος,
1233 2807 1421 2879 δνησις
1451 2807 1509 2860 δὲ
1537 2806 1760 2877 οὐδεμία
1791 2806 1898 2862 ἀπὸ

321 2898 423 2967 τῆς
455 2898 880 2972 πεπλανημένης
917 2900 1183 2971 φλυαρίας
1202 2917 1216 2931 ·
1247 2900 1360 2954 ἀλλ’
1389 2900 1661 2970 ἀπληστόν
1687 2901 1803 2953 ἐστι
1834 2899 1896 2953 τδ

318 2987 430 3041 τῶν
455 2988 755 3061 ἀνθρώπων
790 2989 973 3059 φῦλον,
986 2990 1121 3063 πρός
1151 3009 1211 3045 τε
1238 2991 1298 3045 τὸ
1332 2991 1540 3060 λέγειν,
1582 2990 1722 3061 πρός
1753 3007 1814 3044 τε
1835 2991 1895 3044 τὸ

320 3080 508 3151 ἐτέρου
528 3081 778 3150 λέγοντος
798 3081 1031 3136 ἀκούειν’
1050 3083 1129 3137 ἔτι
1151 3084 1208 3137 δὲ
1222 3083 1390 3137 καὶτὸ
1408 3084 1648 3155 ὄμμασιν
1667 3083 1896 3148 είκαίοις

2011 603 2223 659 aﬂ‘atur.
2285 603 2341 657 2.
2365 602 2540 669 Quam
2572 618 2710 658 vana
2759 613 2813 658 et
2864 603 3078 658 inutilia
3126 609 3256 658 sunt
3293 603 3475 657 omnia
3508 618 3573 656 ea

2009 695 2291 750 hominum
2328 694 2541 765 negotia
2575 703 2629 749 et
2659 694 2854 759 studia,
2888 709 3010 764 quae
3042 694 3097 747 in
3133 693 3388 748 humanis
3409 693 3575 747 rebus

2009 787 2401 858 suscipiuntur.
2451 788 2505 842 5.
2556 785 2727 841 Nemo
2772 787 2916 841 enim
2979 796 3097 851 est,
3145 786 3239 855 qui
3281 786 3571 844 utilitatem

2007 880 2172 935 ullam
2218 880 2285 936 iis
2329 894 2595 934 annexam
2651 880 2832 935 dicere
2864 879 3065 948 possit;
3117 893 3273 948 quas,
3312 862 3572 932 homines

2006 970 2160 1025 humi
2196 980 2507 1040 reptantes,
2547 980 2600 1026 et
2630 971 2952 1040 corporibus
2992 978 3046 1025 et
3082 970 3279 1025 animis
3310 969 3571 1038 perlicere

2006 1065 2370 1128 contendunt,
2404 1064 2569 1119 rebus
2618 1063 2839 1119 caducis
2874 1074 2927 1117 et
2960 1065 3305 1133 temporariis
3346 1065 3568 1128 addicti,

2006 1171 2170 1226 supra
2202 1155 2380 1211 sidera
2427 1164 2643 1221 autem,
2693 1171 2961 1226 generoso
3007 1156 3203 1211 animae
3259 1157 3437 1222 oculo,
3502 1174 3570 1212 ne

2004 1250 2276 1303 tantillum
2328 1249 2548 1318 quidem
2594 1249 2841 1318 aspicere
2871 1249 3131 1305 volentes.
3157 1250 3213 1304 4.
3246 1250 3326 1305 Ac
3361 1260 3567 1305 morta-

2003 1340 2136 1394 lium
2158 1340 2271 1395 vita
2305 1339 2642 1407 conteritur,
2670 1340 2758 1395 die
2805 1340 2913 1395 diei
2946 1340 3289 1408 succedente,
3331 1341 3569 1411 annique

2000 1412 2259 1502 'partibus
2300 1443 2355 1486 et
2400 1432 2885 1499 conversionibus;
2933 1433 2986 1487 5.
3034 1433 3275 1503 solisque
3317 1435 3568 1489 cursibus

2002 1524 2166 1578 certis
2212 1538 2279 1578 ac
2331 1523 2605 1590 delinilis;
2670 1524 2722 1577 6.
2760 1539 2906 1579 nunc
2957 1525 3374 1589 accedentibus,
3423 1542 3568 1581 nunc

2002 1617 2205 1672 sensim
2234 1616 2630 1672 recedentibus.
2674 1615 2725 1670 7.
2748 1614 2858 1673 Nec
2893 1617 3176 1673 dissimilis
3212 1628 3296 1672 est
3328 1619 3445 1673 haec
3479 1634 3567 1673 res

2002 1715 2301 1762 torrentum
2354 1706 2649 1773 transitui,
2686 1721 2813 1763 cum
2870 1723 3068 1777 magno
3125 1709 3353 1778 strepitu
3405 1718 3568 1779 atque

2002 1799 2238 1855 tumultu
2278 1798 2336 1853 in
2378 1798 2707 1855 immensum
2754 1799 2925 1855 maris
2973 1798 3300 1869 profundum
3338 1801 3555 1855 illaben-

1999 1893 2157 1947 tium.
2202 1889 2270 1946 Et
2315 1891 2535 1961 quidem
2581 1905 2644 1945 ea
2687 1906 2810 1961 quae
2841 1890 3124 1946 hominum
3171 1906 3340 1947 causa
3379 1908 3410 1947 a
3454 1891 3566 1946 Deo

2000 1990 2177 2037 creata
2227 1990 2389 2047 sunt,
2424 1981 2613 2036 eadem
2662 1990 2917 2047 manent;
2965 1983 3112 2038 velut
3148 1983 3293 2052 quod
3338 1998 3369 2038 a
3420 1992 3562 2037 terra

1999 2071 2309 2142 gignantur,
2340 2071 2566 2142 quodin
2594 2080 2797 2127 terram
2833 2072 3063 2135 abeant,
3099 2072 3245 2143 quod
3277 2081 3418 2128 terra
3448 2073 3564 2143 ipsa

1998 2163 2155 2218 ﬁrma
2197 2172 2252 2218 et
2281 2162 2495 2218 stabilis
2527 2163 2617 2230 sit,
2656 2163 2802 2233 quod
2847 2163 2930 2219 sol
2979 2179 3041 2219 ea
3080 2173 3193 2219 tota
3237 2164 3466 2220 decursa
3496 2166 3565 2220 ad

1998 2255 2249 2311 eumdem
2294 2270 2488 2309 rursus
2538 2255 2830 2309 terminum
2889 2263 3261 2325 puuctumque
3321 2256 3553 2311 circum-

1997 2347 2275 2413 volvatur;
2317 2345 2574 2415 ﬂuviique
2607 2346 2825 2411 itidem,
2875 2353 3025 2400 tanto
3063 2361 3294 2401 numero
3326 2347 3380 2399 in
3414 2362 3565 2401 mare

1998 2434 2305 2503 inﬂuentes,
2353 2444 2411 2491 et
2464 2435 2613 2491 venti
2654 2436 3024 2500 incurrentes,
3071 2452 3170 2491 nec
3216 2436 3391 2506 ipsum
3428 2436 3563 2494 lines

1997 2543 2129 2584 suos
2165 2527 2425 2583 excedere
2467 2535 2696 2598 cogant,
2732 2543 2832 2583 nec
2873 2527 2976 2597 ipsi
3021 2543 3214 2583 rursus
3248 2528 3416 2599 legem
3458 2529 3562 2584 sibi

1999 2617 2345 2673 constitutam
2370 2616 2689 2687 infringant.
2714 2618 2890 2686 Atque
2921 2617 3037 2671 haec
3062 2632 3213 2681 sane,
3246 2632 3368 2686 quae
3402 2617 3562 2672 nobis
3589 2642 3604 2658 ο

1997 2706 2066 2760 ad
2107 2707 2249 2762 hanc
2276 2706 2468 2772 vitam,
2495 2721 2654 2762 usum
2685 2715 2739 2762 et
2779 2707 3151 2777 adjumentum
3197 2706 3455 2771 alferunt,
3487 2707 3561 2762 ita

1996 2798 2212 2853 decreta
2244 2805 2371 2853 sunt
2399 2809 2452 2852 et
2476 2797 2793 2853 constituta.
2829 2797 2883 2852 8.
2916 2798 2984 2852 At
3009 2814 3130 2868 quae
3158 2797 3225 2852 ab
3248 2798 3562 2852 hominibus

1995 2888 2393 2958 excogitantur,
2419 2895 2529 2941 tam
2562 2903 2652 2944 res
2683 2904 2846 2959 quam
2880 2890 3066 2954 verba,
3101 2889 3320 2943 modum
3350 2889 3557 2942 nullum

1995 2980 2213 3036 habent.
2250 2982 2330 3037 Ac
2361 2982 2652 3038 verborum
2686 2998 2883 3052 magna
2911 2982 3131 3052 quidem
3168 2990 3252 3037 cst
3276 2983 3468 3051 copia;
3505 2992 3560 3037 at

1994 3072 2206 3130 fructus
2239 3087 2420 3129 mutus
2443 3075 2512 3129 ab
2543 3083 2761 3129 errante
2792 3075 3121 3145 loquacitate
3143 3083 3196 3130 et
3226 3075 3555 3144 nugacitate.

319 3173 525 3228 ἕκαστα
564 3174 675 3227 τῶν
730 3176 1186 3248 παραπιπτόντων
1216 3179 1348 3249 όρᾷν
1388 3176 1685 3248 γλίχεσθαι.
1724 3177 1791 3230 Τί
1826 3176 1890 3231 ἀν

2001 3166 2196 3222 Verum
2240 3168 2313 3222 ita
2358 3176 2551 3223 natura
2593 3178 2907 3237 comparata
2945 3176 3028 3222 est
3064 3166 3346 3221 hominum
3393 3165 3555 3230 ratio,

318 3263 527 3332 γένοιτο
541 3265 650 3337 (89)
674 3265 917 3339 ὕστερον,
934 3269 1071 3339 ὅπερ
1093 3269 1191 3323 οὐκ
1219 3268 1320 3339 ήδη
1341 3269 1670 3332 τετέλεσται,
1695 3268 1729 3340 ἢ
1752 3285 1892 3342 πρα-

318 3358 474 3429 χθείη
492 3359 627 3431 πρὸς
649 3359 949 3430 ἀνθρώπων
964 3377 979 3425 ;
997 3360 1060 3413 Τί
1076 3360 1256 3414 καινὸν
1275 3359 1334 3412 τὸ
1360 3359 1582 3431 μηδέπω
1603 3361 1683 3423 είς
1700 3362 1891 3431 πεῖραν

317 3447 497 3513 ἐλθὸν,
516 3449 637 3501 ὅτου
666 3449 759 3502 καὶ
787 3448 1088 3521 μνησθῆναι
1110 3448 1289 3515 ἄξιον;
1319 3446 1458 3517 Ἐγὼ
1485 3447 1582 3518 μὲν
1610 3447 1716 3518 γὰρ
1738 3443 1891 3519 οἶμαι

315 3537 489 3603 οὐδὲν,
521 3539 550 3592 ὅ
571 3556 624 3592 τι
653 3539 696 3592 δ’
733 3539 803 3593 ἂν
831 3540 960 3611 εἴπῃ
985 3538 1095 3609 (90)
1114 3539 1453 3611 πρόσφατον,
1482 3539 1515 3610 ἢ
1551 3537 1732 3592 καινὸν
1763 3539 1892 3592 ἀνα-

315 3628 660 3700 λογιζόμενος
710 3630 970 3702 εὑρήσει,
1030 3630 1162 3701 μηδὲ
1218 3633 1330 3694 τοῖς
1380 3629 1547 3683 πάλαι
1593 3628 1887 3698 ἄγνωστον.

318 3720 527 3792 ’Ὠσπερ
548 3720 605 3774 δὲ
636 3720 706 3775 τὰ
732 3722 975 3795 πρότερα
1004 3720 1144 3794 λήθῃ
1177 3721 1500 3793 κέκρυπται,
1532 3719 1673 3795 οὕτω
1699 3722 1791 3774 καὶ
1821 3719 1890 3774 τὰ

313 3811 605 3876 ἐνεστῶτα,
626 3816 707 3876 εἰς
720 3814 853 3876 τοὺς
885 3813 1177 3884 μετέπειτα
1206 3813 1384 3885 χρόνῳ
1408 3812 1883 3884 ἀμαυρωθήσεται.

215 3904 219 3910 ’
312 3905 426 3959 Καὶ
479 3904 581 3958 οὐκ
632 3904 1034 3974 αὐτοσχεδιάζω
1079 3905 1254 3959 ταῦτα
1319 3905 1413 3959 νῦν
1470 3904 1845 3976 ἐκκλησιάζων
1867 3924 1882 3936 ·

308 3995 450 4049 ἀλλά
500 4011 591 4065 μοι
637 3995 909 4064 βασιλείαν
952 3996 1217 4067 Ἐϐραίων
1262 3997 1321 4050 ἐν
1361 3996 1751 4068 Ἱεροσολύμοις
1789 4014 1888 4049 πε-

172 4076 203 4125 ί
309 4083 681 4154 πιστευμένῳ,
715 4085 914 4150 ἱκανῶς
947 4086 1161 4139 ἅπαντα
1197 4087 1601 4157 πεφρόντισται.
1636 4089 1885 4158 Ζητήσας

307 4177 369 4231 δὲ
415 4174 789 4246 μεμελημένπ
807 4214 824 4239 ,
870 4177 962 4228 καὶ
997 4175 1173 4244 σοφῶς
1223 4178 1562 4248 κατανοήσας
1605 4178 1704 4248 τὴν
1758 4178 1885 4248 περὶ

309 4268 415 4337 γῆν
438 4268 599 4338 φύσιν
626 4267 864 4332 ἃπασαν,
886 4268 1284 4340 ποικιλωτάτην
1307 4268 1498 4338 ἔγνων,
1515 4269 1590 4334 ώς
1613 4267 1883 4340 ἀνθρώπῳ

270 4365 274 4369 ⁴
307 4361 512 4423 δέδοται
538 4362 719 4413 πονεῖν
752 4360 845 4413 ἐπὶ
868 4361 988 4431 γῆς,
1018 4360 1205 4414 ἄλλοτε
1247 4360 1435 4432 ἀλλοία
1458 4361 1706 4432 καμάτου
1750 4379 1885 4432 προ-

308 4452 471 4521 φάσει
505 4450 971 4523 ἐγκαλινδουμένῳ
1016 4453 1097 4516 εἰς
1140 4452 1202 4506 τὸ
1237 4451 1421 4536 μηδέν.
1472 4452 1611 4506 Πνεύ
1621 4470 1789 4524 ματος
1826 4453 1883 4506 δὲ

1994 3268 2054 3314 ut
2097 3260 2441 3330 inexplebilis
2470 3259 2541 3315 sit
2585 3274 2775 3314 eorum
2814 3268 2869 3313 et
2915 3258 3170 3329 loquendi
3199 3266 3254 3313 et
3302 3257 3557 3313 audiendi

1992 3351 2130 3413 sitis,
2164 3365 2228 3405 ac
2260 3359 2520 3419 praeterea
2559 3349 2716 3404 vanis
2757 3349 2929 3404 oculis
2967 3364 3030 3404 ea
3053 3349 3237 3403 omnia
3268 3363 3389 3418 quae
3414 3348 3558 3403 acci-

1989 3441 2144 3505 dunt,
2172 3441 2415 3496 intuendi
2436 3440 2724 3510 cupiditas.
2753 3440 2806 3495 9.
2826 3438 2964 3507 Quid
2994 3448 3174 3494 autem
3198 3439 3252 3492 in
3282 3447 3556 3509 posterum

1990 3535 2106 3588 ﬁeri
2139 3543 2337 3604 queat,
2390 3534 2534 3603 quod
2573 3548 2680 3587 nou
2715 3532 2829 3600 jam
2875 3532 3184 3588 confectum
3230 3530 3426 3596 fuerit,
3462 3543 3558 3590 aut;

1988 3635 2205 3696 geratur
2237 3625 2306 3679 ab
2337 3624 2692 3679 hominibus?
2744 3621 2885 3690 Quid
2941 3638 3166 3689 novum,
3223 3621 3369 3692 quod
3413 3636 3557 3675 non~

1988 3718 2117 3772 dum
2182 3716 2552 3786 experimento
2605 3724 2941 3785 compertum
2994 3713 3195 3779 fuerit,
3259 3712 3557 3768 dummodo

1986 3809 2202 3878 insigne
2258 3808 2332 3864 sit
2383 3817 2440 3863 et
2471 3808 2864 3863 memorabile?
2916 3805 3003 3862 ll).
3034 3805 3107 3861 Ut
3161 3806 3379 3875 quidem
3432 3820 3555 3859 mea

1985 3899 2170 3967 opinio
2200 3895 2325 3961 fert,
2351 3898 2603 3968 quisquis
2638 3912 2825 3952 secum
2860 3896 3137 3966 reputabit
3173 3905 3337 3965 atque
3369 3893 3553 3949 consi-

1984 3990 2228 4056 derabit,
2266 3988 2403 4043 nihil
2437 4004 2640 4043 novum
2682 3998 2778 4043 aut
2817 4003 3008 4044 recens
3042 3987 3298 4052 inveniet,
3333 3986 3554 4055 priscis-

1983 4097 2090 4150 que
2130 4080 2489 4149 incognitum.
2542 4080 2629 4133 ll.
2670 4078 3139 4146 Quemadmodum
3188 4085 3368 4132 autem
3416 4092 3575 4146 praem

1983 4174 2161 4239 terita,
2206 4172 2477 4228 oblivione
2508 4179 2648 4227 tecta
2688 4179 2852 4237 sunt;
2896 4170 2978 4227 sic
3010 4171 3293 4241 praesentia
3336 4184 3552 4239 quoque

1982 4280 2273 4335 progressu
2322 4263 2587 4334 temporis
2638 4263 2706 4318 ad
2755 4272 3004 4332 posteros
3056 4261 3110 4316 in
3159 4261 3548 4317 obscuritatem

1981 4356 2157 4411 ibunt.
2202 4353 2428 4411 12.'Nec
2460 4370 2592 4411 vero
2628 4362 2831 4409 temere
2868 4354 2983 4409 haec
3008 4368 3154 4408 nunc
3179 4353 3330 4418 dico,
3366 4351 3550 4407 Eccle-

1982 4448 2185 4502 siasten
2231 4461 2399 4517 agens
2444 4465 2457 4501 :
2503 4461 2689 4501 verum
2737 4446 2872 4500 mihi
2922 4443 3269 4501 Hebraeorum
3320 4459 3544 4513 regnum

308 4541 599 4596 ἀλλοκότου
648 4542 743 4596 καὶ
800 4544 1041 4616 μυσαροῦ
1088 4544 1157 4598 τὰ
1189 4544 1342 4597 κάτω
1384 4543 1600 4598 ἅπαντα
1649 4545 1876 4616 πλήθει,

1990 4537 2374 4610 Hierosolymis
2417 4537 2541 4593 ﬁdei
2575 4553 2711 4593 meae
2743 4537 3100 4597 commissum
3140 4535 3379 4599 habenti,
3422 4535 3543 4590 dili-

308 4629 450 4684 ὥστε
487 4632 560 4703 μὴ
593 4627 733 4686 εἶναι
754 4631 895 4686 αὐτὰ
938 4633 1366 4705 ἀνακτήσασθαι,
1404 4634 1539 4688 ἀλλὰ
1579 4635 1713 4705 μηδὲ
1751 4637 1880 4688 ἀνα-

252 4788 255 4789 ν
309 4718 616 4791 θυμηθῆναι
640 4720 700 4774 τὸ
724 4722 985 4793 παράπαν
1015 4722 1112 4793 ὅση
1139 4722 1207 4775 τά
1231 4722 1373 4776 κατά
1398 4723 1495 4776 ἀνθ
1505 4721 1715 4795 ρώπους
1740 4724 1880 4795 πρά-

264 4832 269 4837 ’
305 4826 493 4885 Tit-ara.
533 4812 860 4884 κατείληφεν
904 4813 1117 4866 ἀτοπία.
1170 4813 1538 4884 Λογισάμενος
1584 4815 1692 4885 γάρ
1747 4832 1876 4867 ποτε

305 4900 417 4971 ἐγὼ
443 4903 562 4955 κατ’
594 4903 852 4973 ἐμαυτὸν,
883 4906 978 4959 καὶ
1005 4905 1207 4976 οἰηθεὶς
1229 4905 1304 4969 ὡς
1327 4906 1580 4961 ἁπάντων
1612 4905 1729 4976 εἴην
1755 4907 1873 4960 τότε

270 4993 414 5079 ,τῶν
441 4993 566 5066 ’πρὸ
609 4993 847 5064 ἐμαυτοῦ
894 4996 1192 5065 γεγονότων
1241 4995 1487 5050 ἐνταυθοῖ
1533 4995 1836 5069 σοφώτερος
1854 5014 1869 5029 ·

208 5212 211 5213 ν
294 5222 336 5250 ._.
381 5170 590 5241 (86-87)
606 5171 746 5250 Ilepi
772 5172 888 5242 γῆν
902 5174 1209 5243 space-rec.
1231 5176 1364 5233 Cod.
1383 5176 1596 5232 Thuan.
1615 5177 1753 5231 κατά
1767 5178 1869 5250 γῆν

302 5240 583 5314 ἕρποντες.
616 5240 865 5314 ῌυῦᾲίυε.

374 5311 486 5378 (88)
538 5311 649 5364 Kal
694 5312 779 5383 τὰᾼ
807 5316 1113 5383 πνεύματα
1151 5314 1478 5383 ὠσαυτως.ι
1510 5314 1632 5371 Hmc
1685 5316 1869 5372 omisit

301 5390 563 5449 tanquam
592 5381 1082 5456 superﬂuallillius
1102 5426 1117 5451 ,
1149 5386 1297 5454 quod
1328 5381 1491 5456 paulo
1521 5394 1643 5455 post
1675 5398 1867 5441 vento-

302 5466 425 5522 rnm
458 5450 662 5522 mmtio
689 5450 801 5506 liat.
834 5450 1112 5509 Musculus
1145 5450 1407 5522 v'ertit,'et
1445 5450 1582 5510 vetiti
1622 5457 1869 5511 consimi-

269 5519 460 5600 ‘liter;
502 5516 985 5600 (Ecolampadius,
1019 5524 1167 5600 ὅεοηι⁸
1192 5516 1323 5591 ﬂare
1370 5538 1564 5600 ventos.
1618 5527 1778 5600 Quod
1818 5527 1864 5600 si

301 5590 630 5661 conjecturae
660 5590 810 5661 locus
829 5601 993 5654 esset,
1020 5590 1330 5661 suspicarer
1356 5590 1736 5661 corrigendum
1769 5597 1863 5650 καὶ

299 5656 631 5733 τάῥεύματα
647 5657 925 5724 ὡσαύτως,
943 5671 990 5715 ει
1017 5656 1375 5718 τίυἰέἰιηὶίὶῑεν
1388 5656 1668 5733 ﬂuviique;
1686 5667 1865 5720 solent

301 5728 447 5806 enim
476 5727 703 5806 haedus:
724 5745 896 5806 voces
916 5747 1153 5806 persaepe
1192 5727 1469 5806 conjungi.
1503 5727 1859 5799 Glossarium,

303 5797 504 5869 ῥεῦμα,
537 5797 823 5878 ﬂuentum;
855 5797 932 5857 sic
965 5797 1109 5856 enim
1141 5797 1372 5858 emendo
1398 5797 1504 5874 pro
1529 5797 1856 5875 (Iumentum.

1979 4641 2164 4701 genter
2188 4640 2242 4686 et
2274 4640 2528 4687 accurate
2551 4631 2734 4686 omnia
2756 4632 2991 4700 cogitata
3021 4637 3075 4686 et
3100 4644 3366 4700 perpensa
3396 4639 3546 4684 sunt.

1978 4725 2064 4777 15.
2091 4722 2262 4779 Porro
2308 4731 2478 4778 totam
2515 4739 2701 4778 rerum
2743 4732 3081 4778 terrenarum
3122 4731 3373 4776 naturam
3418 4737 3545 4791 per-

1977 4822 2275 4880 scrutatus,
2305 4822 2472 4883 atque
2498 4813 2778 4885 ingeniose
2819 4822 2874 4868 et
2907 4815 3179 4883 sapienter
3204 4812 3261 4867 in
3299 4827 3363 4868 ea
3396 4813 3545 4884 cogi-

1974 4891 2177 4962 tatfbue
2223 4915 2496 4973 versatus,
2544 4921 2665 4962 eam
2721 4905 2958 4962 maxime
3017 4906 3224 4960 variam
3280 4905 3542 4975 comperi.

1972 4996 2191 5052 Homini
2212 4998 2411 5053 etenim
2442 4998 2494 5052 in
2520 5005 2663 5053 terra
2686 4997 2964 5054 laboribus
2998 4997 3182 5052 vexari
3209 4996 3398 5052 datum
3420 5004 3540 5062 est,

1971 5173 2136 5247 Εριειίζ
2177 5190 2367 5247 sntit,
2396 5175 2484 5241 15,
2517 5173 2788 5247 ώςᾼρόδον
2825 5175 3091 5247 φυόμενον
3130 5176 3222 5228 ἐπὶ
3268 5173 3537 5247 ῥεύματος

1970 5244 2136 5316 ὑγροῦ
2151 5244 2524 5317 βλαστήσατε.
2563 5243 2711 5317 Sicut
2748 5243 3139 5317 rosdplantata
3161 5259 3332 5317 super
3347 5244 3536 5317 ⁸[ξιιαεηο

1970 5311 2081 5368 tuin
2140 5311 2412 5367 Iiumidu'm
2471 5315 2777 5384 germinate.
2848 5311 3113 5384 Clemens,“
3145 5311 3298 5384 Alex.
3345 5312 3453 5384 lib.
3492 5328 3531 5367 ll

1928 5390 1929 5393 ‘
1969 5384 2188 5453 Paedag.
2207 5399 2326 5452 cap.
2351 5386 2413 5455 8_,
2440 5382 2569 5453 legit
2593 5385 2686 5436 ἐπὶ
2710 5384 2996 5455 ῥευμάτων
3020 5383 3244 5447 ὑδάτων,
3273 5382 3332 5455 ig
3365 5382 3533 5455 ﬁnen-

1967 5456 2036 5508 tia
2064 5450 2342 5523 aquarum.
2371 5450 2622 5523 Vulgata,
2647 5450 2963 5523 ευριπ-’τίνος
2988 5468 3265 5523 aquarum:
3298 5450 3530 5523 Basilius

1967 5520 2156 5595 li_omil.
2205 5524 2275 5577 ἐν
2305 5520 2606 5593 λιμῷ.Ὁύκ
2644 5520 2757 5577 ἐστι
2796 5522 2973 5595 ῥεῦμα
3015 5520 3263 5595 ποταμοῦ
3300 5520 3527 5591 criﬁcav-

1968 5592 2235 5647 Fluminis
2264 5590 2474 5647 cursum
2501 5597 2682 5647 sistere
2712 5590 2814 5645 non
2842 5590 2981 5646 licet.
3015 5590 3091 5646 lo.

2037 5663 2148 5734 «89)
2192 5664 2254 5718 Τί
2278 5664 2354 5734 ἂν
2386 5664 2634 5734 γένοιτο.
2669 5663 2836 5717 Codd.
2873 5677 2984 5733 reg.
3011 5670 3064 5716 et
3090 5659 3328 5729 Thuan.,
3352 5664 3445 5717 καὶ
3473 5661 3530 5718 τί

1963 5733 2027 5787 ἂν
2056 5732 2282 5800 γένοιτο.
2319 5732 2391 5787 In.

1943 5811 1947 5814 ’
2035 5806 2144 5876 (90)
2183 5805 2311 5858 Ὅτι
2340 5804 2392 5858 δ’
2423 5802 2498 5859 ἂν
2522 5804 2680 5877 εἴπῃ,
2714 5805 2842 5862 Cod.
2876 5805 3180 5878 lle.l.,'2'1:'5
3210 5823 3308 5885 τις.
3348 5804 3419 5860 lo.
