4090 6380
575 348 674 404 99!
1706 362 1763 416 S.
1804 361 2131 416 GREGOBII
2169 359 2678 416 TIIAUMATUHGI
2716 382 2727 388 -
3718 368 3830 423 992

578 467 745 531 alias,
792 467 897 521 alia
962 485 1218 526 terumnte
1274 476 1595 541 occasione,
1632 476 1836 532 frustra
1877 478 2106 532 involutt

2208 516 2218 539 ι
2246 466 2415 544 ἔγνων
2439 476 2752 548 παραϐολάς
2777 494 2837 528 τε
2862 480 3099 530 συνεῖναι
3122 480 3214 531 καὶ
3249 481 3590 550 πραγμάτων
3614 483 3824 552 φύσεις.

576 560 667 615 14.
702 560 907 629 Spiritu
942 572 1121 617 autem
1156 566 1469 637 prodigioso
1513 577 1568 622 et
1592 569 1932 624 exsecrando
1960 570 2106 624 omni

2261 567 2458 638 ’ῼήθην
2489 567 2547 620 δέ
2574 566 2852 636 τηνάλλως
2886 567 2980 619 ἐπὶ
3009 568 3183 639 τούτῳ
3216 569 3498 639 φέρεσθαι,
3544 572 3635 625 καὶ
3659 574 3829 647 σοφίᾳ

576 650 693 706 haec
728 652 983 708 inferiora
1014 655 1172 724 plena
1215 668 1370 722 sunt;
1402 660 1490 714 15.
1514 660 1651 715 adeo
1693 670 1753 715 ut
1783 677 1849 716 ea
1891 661 2106 732 colliget

2253 660 2350 728 μὲν
2384 658 2583 727 γνῶσιν
2624 658 2887 721 ἕπεσθαι,
2939 658 3137 725 γνώσει
3188 661 3246 713 δὲ
3292 660 3486 725 πόνους
3524 664 3861 760 ἐπακολου-⁸

576 755 737 795 nemo
790 751 985 811 queat;
1021 746 1132 799 imo
1192 759 1261 802 ne
1320 752 1545 805 omnino
1588 753 1807 824 quidem
1867 753 2145 822 cogitare,
2251 750 2383 803 θεῖν.

486 822 492 831 ’
573 843 775 905 quanta
808 854 895 893 res
947 839 1216 899 humanas
1248 844 1555 902 absurditas
1604 822 1889 903 invaserit.
1933 847 2020 902 16.
2074 844 2210 901 Nam
2264 861 2388 901 cum
2447 860 2658 900 mecum
2710 846 2826 916 ipse
2888 848 3179 916 aliquando
3214 858 3601 918 reputassem,
3632 861 3823 922 atque

572 930 1001 1001 existimassem,
1030 950 1118 989 me
1163 937 1417 993 omnibus
1445 940 1539 1009 qui
1586 949 1711 996 ante
1750 956 1838 996 me
1869 940 2119 1005 fuissent,
2182 939 2285 992 hac
2343 938 2396 992 in
2446 953 2506 993 re
2567 929 2950 1007 sapientio’rem
2987 937 3152 1007 esse;
3206 942 3292 995 l7.
3362 943 3416 996 in
3444 945 3685 998 animum
3729 948 3821 999 in-

569 1023 722 1089 duxi,
751 1032 863 1078 tum
894 1028 1180 1095 parabolas
1202 1030 1525 1101 intelligere,
1543 1043 1655 1089 tum
1680 1051 1860 1090 rerum
1888 1044 2136 1090 naturas.
2189 1032 2279 1087 18.
2307 1031 2571 1087 (Ia-terum
2609 1034 2883 1088 incassum
2930 1035 3063 1089 mihi
3108 1036 3173 1090 ad
3223 1050 3341 1089 eam
3399 1052 3514 1091 rem
3574 1040 3820 1094 animum

570 1118 820 1176 conferre
849 1123 1001 1178 visus
1036 1139 1158 1179 sum
1180 1142 1201 1191 ,·
1236 1128 1404 1196 quod,
1445 1142 1504 1184 ut
1543 1132 1868 1201 sapientiam
1914 1130 2145 1187 scientia
2183 1128 2453 1198 sequitur.
2486 1127 2561 1182 ita
2593 1128 2835 1183 scientiae
2857 1129 3086 1183 comites
3109 1129 3220 1184 sint
3243 1130 3471 1186 labores.

1186 1219 1418 1276 CAPUT
1458 1221 1522 1278 ll.

639 1303 689 1357 1.
723 1303 847 1361 llaec
895 1308 1059 1377 igitur
1089 1310 1155 1366 ad
1197 1313 1344 1369 hunc
1387 1315 1610 1369 modum
1661 1331 1719 1371 se
1758 1316 1959 1373 habere
1993 1318 2139 1372 arbi-

567 1402 772 1460 tratus,
806 1398 1037 1453 alterum
1088 1402 1214 1457 vita:
1264 1420 1437 1473 genus
1500 1421 1785 1474 capessere
1838 1411 2132 1479 proposui,

563 1486 881 1558 deliciisque
927 1503 1127 1548 memet
1183 1497 1431 1560 tradere,
1488 1498 1778 1568 variasque
1828 1503 2134 1571 voluptates

562 1578 815 1646 experiri.
853 1579 1049 1636 Verum
1082 1600 1228 1639 nunc
1272 1587 1456 1641 omnia
1490 1588 1605 1643 lucc
1637 1605 1775 1644 vana
1821 1606 1944 1646 esse
1975 1593 2133 1647 intel-

561 1667 667 1721 lexi
711 1688 724 1723 :
779 1670 834 1724 2.
881 1672 1059 1740 Atque
1092 1676 1220 1730 hinc
1274 1678 1444 1731 risum
1491 1680 1767 1746 solutum,
1822 1690 2131 1752 temereque

560 1772 842 1827 vagantem
889 1766 1237 1831 compescui;
1281 1766 1409 1821 hinc
1442 1769 1772 1839 voluptatem
1806 1773 1875 1827 ad
1922 1783 2127 1843 tempe-

506 1872 509 1875 -
559 1849 791 1904 rantiam
839 1854 1089 1917 coercui,
1147 1855 1447 1926 acerbeque
1493 1858 1544 1912 ei
1595 1862 1901 1916 succcnsui.
1953 1864 2007 1918 5.
2045 1867 2124 1919 Ad

558 1937 694 2005 haec,
752 1957 875 1995 cum
923 1958 1044 1997 eam
1098 1947 1205 1999 vim
1260 1963 1381 2001 esse
1426 1950 1622 2004 animae
1677 1938 2035 2023 cogitassem,
2069 1968 2127 2011 ut

558 2032 908 2087 temulentam
952 2034 1200 2107 corporis
1251 2046 1504 2095 naturam
1569 2051 1731 2112 atque
1786 2046 1961 2100 instar
2012 2048 2124 2102 vini

554 2116 919 2189 diﬂluentem,
967 2127 1160 2183 sistere
1199 2132 1383 2199 possit
1436 2148 1735 2205 rursusque
1793 2138 2123 2195 continentia

552 2216 904 2283 cupiditatem
930 2219 1127 2289 subjici
1169 2235 1233 2277 ac
1266 2223 1528 2279 servitute
1547 2228 1761 2295 premi;
1787 2230 2122 2301 pcrspicien~

550 2308 680 2361 dum
712 2309 846 2363 mihi
881 2325 1005 2367 esse
1047 2315 1343 2381 constitui,
1381 2318 1641 2388 quidnam
1684 2322 1900 2377 tandem
1945 2324 2123 2380 homi-

551 2398 713 2456 nibus
746 2405 1081 2473 propositum
1133 2408 1206 2462 sit
1251 2410 1490 2477 serium,
1538 2428 1772 2482 vereque
1824 2416 2024 2472 bonum
2068 2429 2122 2475 et

551 2490 862 2561 honestum,
890 2498 1035 2565 quod
1059 2498 1113 2553 in
1138 2499 1238 2556 hac
1270 2501 1378 2557 vita
1402 2504 1714 2560 conficiant.
1742 2505 1878 2562 Nam
1908 2511 2116 2581 reliqua

512 2582 764 2650 'omnia,
812 2601 934 2656 qua:
979 2591 1235 2657 praeclara
1280 2604 1332 2647 et
1377 2595 1738 2653 admiratione
1776 2600 1936 2671 digna
1984 2620 2117 2659 cen-o

545 2684 755 2743 sentur,
792 2680 1066 2747 percurri;
1093 2680 1149 2735 4.
1181 2680 1340 2737 Velut
1374 2687 1876 2746 excelsissimarum
1914 2693 2110 2750 aedium

542 2767 866 2836 erectiones,
898 2781 951 2825 et
972 2769 1160 2827 vitium
1189 2776 1561 2844 consitiones;
1608 2780 1660 2835 5.
1687 2782 1865 2853 Atque
1891 2785 2114 2857 insuper

543 2858 1188 2939 hortorum'structuras,
1214 2866 1709 2943 frugiferarumque
1735 2876 1915 2932 omnis
1949 2895 2112 2948 gene-

542 2946 619 3001 ris
641 2949 899 3004 arborum
924 2955 1321 3021 possessiones,
1339 2958 1719 3029 studiosasque
1742 2946 2106 3031 excultiones;

542 3038 596 3091 6.
629 3036 730 3094 Ubi
757 3041 920 3095 etiam
962 3044 1208 3112 ingentes
1241 3045 1391 3102 lacus
1428 3048 1494 3102 ad
1535 3065 1797 3118 aquarum
1831 3053 2107 3122 exceptio.-

2844 1225 3091 1277 ΚΕΦΑΛ.
3139 1225 3214 1277 B'.

2313 1311 2483 1365 Τοῦτο
2525 1313 2587 1383 δὴ
2631 1312 2777 1365 τοῦθ’
2810 1313 2982 1378 οὕτως
3025 1313 3169 1384 ἔχειν
3212 1316 3474 1387 νομίσας,
3510 1317 3680 1386 ἔγνων
3721 1318 3817 1371 ἐπὶ

2239 1403 2434 1474 ἑτέραν
2477 1387 2637 1458 ’ἰδέαν
2687 1406 2989 1476 τραπέσθαι
3052 1406 3201 1476 βίου,
3265 1409 3359 1461 καὶ
3415 1410 3662 1463 ἐκδοῦναι
3716 1410 3817 1480 μὲν

2235 1493 2470 1562 ἐμαυτὸν
2506 1497 2707 1565 τρυφῇ,
2749 1496 2943 1565 πεῖραν
2977 1494 3033 1546 δὲ
3064 1494 3247 1547 λαϐεῖν
3287 1496 3490 1565 ἡδονῶν
3530 1498 3813 1552 ποικίλων.

2233 1583 2347 1636 Νῦν
2377 1584 2558 1637 τοίνυν
2593 1585 2801 1654 συνῆκα
2842 1584 2919 1648 ὡς
2954 1584 3024 1637 τὰ
3050 1585 3273 1638 τοιαῦτα
3314 1586 3517 1657 μάταια
3566 1587 3815 1657 σύμπαν-

2228 1692 2298 1728 τα
2317 1693 2330 1707 ·
2356 1677 2448 1729 καὶ
2475 1676 2687 1744 γέλωτα
2721 1677 2821 1755 μὲν
2843 1678 2970 1748 εἰκῆ
3000 1666 3300 1749 φερόμενον
3326 1680 3578 1750 ἐπέσχον,
3616 1682 3813 1752 ἡδονὴν

2230 1766 2287 1819 δέ
2317 1767 2453 1838 πρὸς
2489 1767 2548 1820 τὸ
2587 1770 2881 1840 σωφρονεῖν
2921 1769 3174 1835 ἐκόλασα,
3218 1771 3431 1842 πικρῶς
3471 1774 3812 1844 ἐπιτιμήσας

2228 1855 2385 1925 αὐτῇ.
2445 1857 2812 1927 Λογισάμενος
2879 1855 2970 1921 δὲ,
3013 1858 3094 1911 ὅτι
3138 1858 3284 1930 ψυχὴ
3333 1859 3553 1913 δύναται
3612 1861 3810 1930 στῆσαι

2230 1943 2532 2014 μεθύουσαν
2568 1945 2664 1998 καὶ
2699 1946 2926 2016 ῥέουσαν
2947 1943 3136 2018 ὥσπερ
3164 1943 3305 2001 οἶνον
3346 1949 3594 2019 σώματος
3619 1951 3807 2019 φύσιν,

2224 2036 2519 2107 ἐγκράτεια
2565 2036 2622 2090 δὲ
2672 2036 2956 2092 δουλοῦται
3022 2038 3347 2110 ἐπιθυμίανο
3415 2041 3808 2113 προεθυμήθην
3852 2066 3857 2089 ι

2223 2127 2480 2191 κατιδεῖν,
2509 2127 2561 2180 τί
2599 2144 2729 2181 ποτε
2769 2118 2854 2219 εἴη
2899 2130 3258 2202 προκείμενον
3298 2131 3604 2204 ἀνθρώποις
3639 2150 3804 2188 σπου-

2220 2217 2386 2284 δαῖον,
2410 2221 2504 2272 καὶ
2527 2218 2604 2290 τῷ
2630 2220 2743 2273 ὄντι
2777 2217 2939 2275 καλὸν
2967 2222 2996 2274 ὃ
3029 2223 3468 2294 καταπράξονται
3501 2224 3651 2297 παρὰ
3678 2243 3804 2281 του-

2222 2308 2334 2359 τονὶ
2360 2307 2452 2361 τὸν
2498 2307 2632 2378 βίον.
2673 2309 3033 2386 Διεξελήλυθα
3060 2311 3167 2383 γὰρ
3207 2312 3469 2386 τάήλοιπά
3508 2315 3800 2386 σύμπαντα
3888 2318 3893 2325 ’

2216 2398 2295 2451 ὃσ’
2316 2398 2619 2468 ἀξιάγαστα
2643 2402 2943 2472 νομίζεται,
2973 2380 3217 2471 οίκωνντε
3252 2380 3611 2478 ὑπερυψήλων
3639 2410 3803 2483 ἀνορ-

2214 2487 2412 2554 θώσεις
2457 2491 2553 2544 καὶ
2595 2492 2818 2561 φυτείας
2872 2495 3131 2566 ἀμπέλων
3156 2536 3171 2558 ,
3218 2496 3297 2549 ἔτι
3344 2497 3402 2551 δέ
3452 2501 3798 2570 παραδείσων

2215 2582 2561 2645 κατασκευὰς
2588 2614 2605 2646 -,
2668 2584 2764 2637 καὶ
2814 2586 3080 2638 παντοίων
3143 2587 3374 2658 δένδρων
3426 2590 3796 2661 καρποφόρων
3890 2632 3893 2635 μ

2217 2676 2435 2746 κτήσεις
2484 2677 2579 2729 καὶ
2631 2676 2978 2747 ἐπιμελείαςο
3042 2679 3175 2731 ὅπου
3244 2679 3308 2732 δὲ’
3363 2681 3456 2734 καὶ
3506 2680 3797 2752 δεξαμεναί.

2216 2764 2446 2834 μεγάλαι
2489 2765 2628 2836 πρὸς
2677 2766 2945 2837 ὑποδοχὰς
2984 2769 3191 2823 ὑδάτων
3235 2773 3750 2843 κατεσκευάσθησαν
3773 2815 3790 2835 ,

2211 2859 2292 2921 είς
2323 2855 2519 2927 δαψιλῆ
2551 2857 2772 2928 ἀρδείαν
2806 2858 2916 2910 τῶν
2950 2859 3133 2929 φυτῶν
3159 2860 3650 2933 ἀπονενεμημέναι.
3685 2865 3791 2918 Πε-

2214 2946 2539 3019 ριεὸαλόμην
2572 2947 2631 3000 δὲ
2656 2950 2751 3002 καὶ
2790 2950 3016 3004 οἰκετῶν
3052 2951 3287 3022 πλῆθος,
3325 2952 3658 3024 θεράποντας
3694 2956 3791 3008 καὶ

2209 3039 2576 3112 θεραπαίνας’
2605 3042 2797 3105 ἄλλους
2832 3043 2929 3113 μὲν
2961 3042 3159 3108 ἔξωθεν
3208 3046 3567 3116 κτησάμενος,
3597 3046 3790 3112 ἄλλους

540 3146 639 3187 nes
668 3131 905 3188 confecti
940 3146 1088 3200 sunt,
1114 3138 1180 3192 ad
1216 3139 1436 3195 uberem
1463 3152 1515 3195 et
1540 3144 1818 3211 copiosam
1849 3144 2104 3200 arborum

2208 3131 2265 3185 δὲ
2294 3134 2388 3186 καὶ
2428 3135 2557 3205 παρ’
2583 3134 2807 3204 ἐμαυτῷ
2839 3135 3164 3204 γενομένους
3199 3137 3309 3207 (9i)
3332 3140 3784 3211 καρπωσάμενος.

539 3224 858 3292 rigationem
888 3226 1185 3283 distributi.
1225 3229 1276 3285 7.
1309 3228 1429 3286 1am
1461 3250 1588 3287 vero
1617 3234 1945 3292 famulorum
1972 3254 2109 3308 quo.

537 3331 644 3385 que
689 3318 905 3386 agmine
946 3330 1129 3389 septus
1180 3321 1257 3376 fui
1283 3363 1297 3386 ,
1336 3332 1449 3378 tum
1489 3328 1662 3383 servis
1708 3337 1823 3382 tum
1864 3331 2105 3399 ancillis;

535 3423 743 3478 eosque
776 3412 973 3480 partim
1001 3424 1223 3467 externo
1247 3420 1581 3485 comparavi.
1620 3421 1815 3488 partim
1848 3423 1990 3492 apud
2023 3440 2109 3479 me

538 3511 697 3556 natos
724 3503 962 3571 possedi.
996 3504 1305 3571 Quinetiam
1332 3510 1515 3577 plures
1545 3511 1959 3581 quadrupedum
1990 3517 2109 3569 ani—

536 3592 828 3662 mantium_
862 3608 1090 3664 greges,
1127 3604 1243 3650 tum
1289 3598 1455 3654 boum
1505 3610 1617 3655 tum
1682 3605 1982 3672 pecudum,
2051 3608 2104 3662 in

537 3698 738 3751 meam,
780 3699 945 3753 quam
975 3681 1028 3738 in
1065 3687 1387 3758 cujusquam
1420 3706 1609 3746 eorum
1647 3694 1740 3763 qui
1770 3696 1899 3750 olim
1936 3701 2106 3753 exsti-

536 3784 751 3841 terunt,
798 3785 1117 3846 potestatem
1146 3791 1429 3838 venerunt.
1479 3783 1533 3839 8.
1563 3784 1667 3841 Sed
1693 3798 1746 3842 et
1779 3789 1897 3843 auri
1929 3798 1983 3845 et
2012 3808 2104 3845 ar-

533 3869 678 3936 genti
732 3870 975 3926 thesauri
1008 3873 1141 3928 mihi
1202 3875 1527 3940 aﬂ'lucbant,
1577 3888 1765 3950 utpote
1810 3885 1904 3953 qui
1949 3901 2104 3957 reges

532 3974 724 4014 omnes
755 3974 822 4014 eo
850 3960 1220 4030 adduxissem,
1248 3974 1307 4019 ut
1334 3967 1465 4019 mihi
1493 3977 1546 4022 et
1572 3985 1797 4026 munera
1821 3974 2098 4045 afferrent,

528 4060 583 4103 et
618 4050 821 4105 tributa
860 4052 1254 4120 persolverent.
1292 4053 1560 4112 Praeterea
1600 4060 1754 4114 chori
1796 4065 2100 4133 complures

528 4140 595 4195 ad
619 4157 795 4196 meam
824 4143 1241 4201 oblectationem
1269 4148 1632 4217 agitabantur,
1664 4152 1904 4208 virorum
1937 4157 2099 4212 simul

526 4244 583 4287 et
615 4231 965 4301 feminarum,
1004 4237 1491 4294 concinnissimum
1519 4251 1738 4297 cantum
1770 4254 1824 4300 et
1855 4248 2101 4303 modula-

528 4325 800 4380 tissimum
843 4328 1211 4383 efﬁcientium.
1252 4329 1513 4387 Convivia
1541 4348 1703 4403 porro
1728 4345 1781 4390 et
1810 4337 2098 4405 pincernas

528 4415 683 4487 (nam
710 4433 773 4473 ea
805 4419 857 4472 in
903 4420 1041 4476 hanc
1081 4423 1373 4492 voluptatis
1415 4435 1623 4494 partem
1666 4429 1985 4502 retuleram)
2026 4449 2089 4487 ex

2211 3218 2372 3274 Ζὼων
2394 3221 2451 3275 δὲ
2484 3224 2828 3294 τετραπόδων
2868 3224 3080 3291 ἀγέλαι,
3114 3225 3307 3279 πολλαὶ
3336 3228 3430 3297 μὲν
3471 3229 3784 3300 βουκολίων,

2210 3311 2401 3367 πολλαὶ
2438 3313 2497 3367 δὲ
2535 3314 2802 3384 ποιμνίων
2854 3315 2958 3371 ὑπὸ
3004 3316 3105 3387 τὴν
3154 3318 3295 3389 ἐμὴν
3337 3315 3498 3389 ἦλθον
3542 3320 3786 3386 ἐξουσίαν

2209 3405 2339 3475 παρ’
2373 3390 2613 3482 ὁντινρῦν
2638 3404 2747 3460 τῶν
2769 3404 2954 3460 πάλαι.
2988 3406 3262 3480 Θησαυροί
3289 3427 3345 3462 τε
3372 3411 3573 3482 χρυσοῦ
3596 3430 3655 3466 τε
3690 3415 3785 3468 καὶ

2206 3470 2450 3567 ἀργύρου
2498 3470 2868 3570 προσέρρεον,
2916 3470 3247 3571 δορυφόρους
3286 3470 3504 3572 (92)..τέ
3555 3520 3645 3573 μοι
3688 3506 3782 3558 καὶ

2205 3588 2618 3660 δασμοφόρους,
2658 3592 2784 3654 τοὺς
2829 3591 3081 3645 ἁπάντων
3118 3590 3353 3661 βασιλεῖς
3404 3596 3778 3670 πεποιημένῳ.

2204 3679 2369 3747 Χοροί
2420 3697 2479 3733 τε
2523 3681 2943 3753 συνεκροτοῦντο
2994 3682 3378 3752 παμπληθεῖς,
3424 3686 3669 3757 ἀρῤένων
3723 3689 3781 3743 δέ

2204 3788 2263 3824 τε
2290 3770 2399 3843 (95)
2425 3771 2559 3844 ὁμοῦ
2580 3774 2681 3826 ’καὶ
2705 3773 2930 3845 θηλειῶν
2947 3776 3027 3838 είς
3046 3774 3141 3846 τὴν
3167 3776 3304 3847 ἐμὴν
3328 3776 3540 3847 τέρψιν,
3560 3796 3771 3853 παναρ-

2205 3862 2382 3932 μόνιον
2432 3864 2801 3918 ἐκπονούντων
2859 3866 3020 3936 ᾠδήν.
3117 3866 3399 3937 Συμπόσιά
3437 3886 3499 3937 γε
3546 3870 3651 3941 μὴν
3685 3874 3782 3926 καὶ

2200 3953 2468 4025 οἰνοχόους
2510 3958 2591 4019 είς
2633 3956 2794 4009 τοῦτο
2846 3956 3094 4023 ἀπέταξα
3121 3959 3220 4032 τῆς
3263 3960 3474 4030 τρυφῆς
3511 3961 3676 4033 μέρος
3720 3964 3782 4028 ἐξ

2200 4046 2459 4117 ἐκατέρου
2510 4047 2701 4115 γένους
2749 4048 3050 4119 ἀνθρώπων
3098 4049 3539 4121 ἐξειλεγμένους,
3570 4053 3675 4107 οὐδ’
3710 4056 3777 4110 ἂν

2192 4139 2521 4208 καταλέγειν
2547 4139 2747 4210 ἔχοιμι,
2773 4140 3025 4195 τοσοῦτον
3053 4141 3388 4213 ὑπερέϐαλον
3415 4143 3625 4208 τούτοις
3652 4147 3779 4211 τοὺς

2200 4230 2304 4301 πρὸ
2348 4230 2481 4301 ἐμοῦ
2539 4230 2963 4301 βασιλεύσαντας
3031 4233 3402 4306 Ἰερουσαλήμ.
3443 4231 3575 4290 Εἶτα
3625 4238 3779 4290 συνέ-

2196 4321 2369 4386 ϐαινε,
2400 4323 2469 4377 τά
2498 4324 2597 4395 μὲν
2621 4316 2719 4396 τῆς
2745 4326 2934 4395 σοφίας
2960 4345 3050 4397 μοι
3081 4328 3451 4392 ἐλαττοῦσθαι,
3486 4329 3774 4400 πληθύνειν

2194 4413 2252 4466 δὲ
2272 4413 2340 4467 τά
2362 4415 2461 4485 τῆς
2491 4416 2592 4468 οὐκ
2623 4416 2831 4489 ἀγαθῆς
2870 4418 3185 4488 ἐπιθυμίας.
3206 4417 3399 4474 illach
3430 4420 3539 4491 γὰρ
3574 4420 3775 4489 ὀφθαλ-

528 4518 761 4579 utroque
805 4510 1087 4566 hominum
1133 4529 1264 4569 sexu
1305 4516 1579 4581 delectos,
1629 4531 1681 4573 et
1714 4522 1979 4588 eximios,
2023 4540 2091 4579 ne

2208 4503 2312 4572 μῶν
2334 4522 2394 4558 τε
2430 4506 2787 4575 δελεάσματι,
2830 4513 2924 4562 καὶ
2970 4510 3196 4581 καρδίας
3257 4511 3513 4588 ἀκράτοις
3575 4514 3773 4582 ὁρμαῖς

524 4611 756 4650 numero
814 4599 1036 4667 quidem
1078 4603 1361 4681 complecti
1399 4607 1638 4675 possim;
1684 4610 1738 4664 9.
1764 4612 1916 4665 Adeo
1963 4614 2086 4679 bis,

523 4702 717 4742 omnes
755 4690 849 4758 qui
885 4703 1011 4746 ante
1050 4707 1135 4747 me
1162 4693 1551 4768 Hierosolymis
1592 4713 1905 4771 regnarunt,
1939 4716 2091 4760 ante-

523 4779 704 4833 cellui.
735 4778 872 4835 Hinc
906 4793 1087 4837 autem
1132 4788 1508 4857 contingebat,
1541 4801 1600 4846 ut
1628 4793 1761 4848 mihi
1797 4804 1851 4850 et
1878 4797 2088 4866 sapien-

523 4871 595 4923 tia
646 4870 1097 4937 immiuucretur,
1141 4884 1195 4929 et
1241 4879 1436 4934 vitiosa
1475 4883 1745 4951 cupiditas
1800 4898 2084 4942 cresceret.

523 4962 608 5017 10.
626 4960 760 5022 Nam
784 4980 909 5018 cum
941 4966 1198 5023 omnibus
1215 4970 1496 5027 oculorum
1528 4975 1814 5041 illecebris,
1838 4989 1891 5032 et
1917 4978 2089 5049 impo-

519 5054 759 5109 tentibus
800 5056 1283 5130 petulantibusque
1305 5064 1485 5120 cordis
1516 5065 1801 5123 desideriis
1849 5071 2087 5141 undique

519 5150 952 5215 incursantibus,
981 5158 1127 5207 totas
1157 5153 1397 5212 habenas
1424 5161 1817 5228 permisissem,
1844 5179 1908 5216 ao
1934 5164 2084 5219 voluo

587 5345 700 5414 (91)
739 5350 1132 5420 Γενομένους.
1195 5352 1327 5408 Cod.
1380 5354 1605 5420 Medic.,
1655 5355 1925 5425 γενέσθαι.
1980 5357 2086 5413 Du-

514 5430 680 5471 ειυς.

590 5487 703 5567 (Si?)
742 5492 1139 5567 Δορυφᾴρςυς.
1170 5493 1473 5565 Scripserat
1506 5498 1556 5548 in
1584 5499 1826 5567 irargine
1849 5498 1971 5551 libri
1997 5501 2082 5555 sui

520 5554 745 5640 basilea:
774 5554 1233 5640 est-usi'Bill—ius:
1283 5554 1426 5631 Quid
1470 5569 1517 5620 si
1556 5554 1940 5640 δωροφόρουςῗ
1987 5571 2082 5624 sed

517 5634 824 5709 transversa
852 5632 991 5709 linea
1019 5636 1388 5709 conjecturam
1420 5652 1571 5692 suam
1594 5632 1887 5707 jtigula'rat,
1917 5655 2081 5709 quam

518 5705 702 5782 tamen
735 5700 788 5782 ilo
830 5714 928 5754 sua
969 5700 1410 5782 interpretatione
1450 5700 1898 5782 secutus'esLUSi
1930 5700 2084 5782 δορυ-

520 5766 714 5841 φόρους
743 5768 909 5836 legas,
940 5766 1192 5827 satellites
1221 5777 1299 5830 vel
1327 5779 1651 5846 apparitores
1692 5779 1974 5852 intelliges.
1993 5766 2081 5837 'At

2190 4597 2365 4665 ἐφιεὶς
2397 4599 2733 4669 πανταχόθεν
2778 4584 3281 4672 προσπιπτούσαιςξ
3322 4602 3524 4672 ἡδονῶν
3561 4604 3772 4658 ἐλπίσιν

2190 4686 2421 4755 ἐμαυτὸν
2480 4688 2825 4754 ἐκδεδωκώς*
2878 4693 2971 4745 καὶ
3035 4693 3236 4756 πάσαις
3285 4695 3518 4764 τρυφαῖς
3574 4694 3772 4748 δειλαί-

2190 4796 2277 4842 αις
2321 4779 2483 4850 (94),
2554 4782 2654 4853 τὴν
2719 4784 2958 4853 ἐμαυτοῦ
3027 4786 3362 4855 ἐγκατέδησα
3427 4788 3763 4859 προαίρεσιν.

2190 4870 2345 4924 Οὕτω
2395 4871 2506 4943 γάρ
2562 4891 2664 4943 μου
2726 4876 2781 4927 αί
2853 4876 3178 4946 ἐνθυμήσεις
3208 4917 3223 4942 ,
3290 4878 3371 4940 εἰς
3427 4868 3768 4949 δυσπραγίαν

2189 4959 2526 5030 ἠνέχθησαν,
2559 4961 2634 5026 ὡς
2678 4962 2853 5017 ταῦτα
2903 4965 3004 5034 μὲν
3047 4961 3186 5018 εἶναι
3253 4965 3427 5029 καλὰ,
3480 4966 3651 5020 ταῦτα
3706 4968 3767 5021 δὲ

2191 5068 2279 5121 μοι
2333 5056 2629 5125 προσήκειν
2684 5056 3110 5127 διαπράττεσθαι
3158 5058 3419 5128 νομίζειν.
3463 5057 3593 5113 Εἶτα
3633 5061 3765 5114 ποτὲ

2187 5142 2461 5215 ἀνανήψας
2507 5144 2619 5214 ἐγὼ
2669 5148 2760 5201 καὶ
2809 5147 3113 5217 ἀναϐλέψας
3136 5189 3151 5215 ,
3217 5151 3461 5204 κατεῖδον
3508 5152 3653 5224 ἅπερ
3701 5153 3764 5206 ἐν

2185 5361 2515 5438 suffragatur
2540 5365 2694 5419 alteri
2723 5366 2943 5419 lectioni
2973 5366 3255 5438 Scriptura
3287 5367 3350 5421 ill
3382 5368 3515 5438 Reg.
3544 5387 3620 5435 Ix,
3645 5373 3717 5428 24
3742 5390 3758 5429 :

2189 5431 2461 5510 Et_oniues
2497 5451 2638 5510 reges
2676 5446 2829 5510 terrae
2866 5431 3168 5506 quwrebdnt
3210 5441 3401 5509 faciem
3432 5431 3757 5510 εὰίοηιοηίε,

2182 5512 2233 5556 et
2258 5503 2492 5570 ferebant
2516 5503 2675 5558 dona.
2710 5505 2786 5559 In.

2258 5573 2371 5655 (ᾓῦ)
2420 5574 2699 5655 Ἅρῥένωῖ
2725 5576 2792 5655 δέ
2818 5594 2903 5631 τε.
2949 5578 3141 5633 Medic.
3173 5581 3295 5633 cod.
3336 5580 3513 5636 deleto
3542 5581 3599 5635 δὲ
3628 5583 3759 5655 legit

2184 5642 2429 5715 ἀρρένων
2455 5661 2514 5696 τε
2543 5645 2699 5714 ὁμοῦ.
2729 5647 2805 5700 lo.
2942 5663 2957 5677 °
3528 5682 3533 5686 ~

2256 5714 2367 5790 (ιιι)
2408 5716 2720 5790 Δειλαίαις,
2769 5717 2953 5772 Savilii
2986 5721 3152 5773 codex
3196 5719 3455 5788 Anglicus
3501 5723 3749 5790 δείλαιος.

2186 5780 2357 5838 Paulo
2382 5793 2505 5854 post
2531 5801 2634 5841 ms.
2670 5780 2884 5855 Media,
2913 5790 3163 5861 μοχθηρά
3184 5807 3240 5843 τε
3275 5780 3428 5860 δ’μοῦ.
3466 5792 3539 5848 lo.
