4090 6418
307 424 412 479 995

309 542 496 620 κερσῖν
557 537 734 614 εἶχονν
766 617 771 622 ,
807 543 1055 622 μοχθηρά
1123 542 1259 614 ὁμοῦ
1336 543 1430 596 καί

310 634 617 705 πνεύματος
641 635 740 687 οὐκ
776 634 979 703 ἀγαθοῦ
1019 635 1318 704 ποιήματα.
1350 632 1515 685 Οὐδὲν
1549 631 1657 703 γὰρ
1706 629 1884 684 ὁτιοῦν

309 726 411 781 ὑπ”
450 724 748 794 ἀνθρώπων
788 725 1091 796 ᾑρημένον,
1134 723 1431 777 ἀποδεκτδν
1472 718 1610 776 εἷναί
1654 738 1742 791 μοι
1787 719 1883 773 νῦν

309 816 699 886 καταφαίνεται
748 817 840 868 καὶ
874 816 1356 886 περισπούδαστον
1409 813 1553 885 ὀρθῷ
1617 810 1880 882 λογισμῷ.

307 906 767 976 Συλλογισάμενος
816 900 908 959 οὖν
954 905 1023 958 τά
1068 922 1125 957 τε
1174 903 1364 984 σοφίας
1410 901 1623 971 ἀγαθὰ,
1672 901 1766 954 καὶ
1815 898 1883 953 τὰ

306 999 619 1069 ἀφροσύνης
651 998 816 1061 κακὰ,
849 998 1070 1061 εἰκότως
1102 997 1168 1051 ἂν
1200 995 1399 1059 ἱκανῶς
1431 994 1761 1066 θαυμάζοιμι
1793 993 1884 1047 ἄν·

307 1091 413 1162 δρα
455 1091 719 1156 τοιοῦτον,
748 1089 808 1151 ὃς
839 1106 923 1153 τις
947 1089 1245 1160 φερόμενος
1273 1087 1510 1156 ἀλόγως·
1538 1086 1728 1139 ἔπειτα
1767 1086 1884 1138 ἐαυ-

303 1181 402 1233 τοῦ
431 1180 728 1251 λαϐόμενος
746 1219 761 1244 ,
803 1181 882 1241 είς
907 1179 968 1230 τὸ
1005 1179 1125 1231 δέον
1168 1176 1485 1247 ἐπιστρέψει
1514 1175 1644 1245 (95).
1674 1175 1881 1246 Φρονη-

305 1288 443 1334 σεως
471 1270 578 1342 γὰρ
610 1271 703 1323 καὶ
731 1269 1041 1341 ἀφροσύνης
1100 1269 1232 1322 πολὺ
1264 1267 1326 1321 τὸ
1357 1268 1540 1338 μέσον,
1569 1265 1799 1336 διαφορά
1826 1265 1884 1319 δὲ

302 1365 505 1434 ἀμφοῖν
535 1361 791 1432 τοσαύτη,
818 1362 916 1431 ὅση
948 1377 1054 1430 περ
1083 1360 1293 1431 ἡμέρας
1321 1359 1458 1430 πρὸς
1489 1359 1676 1411 νύκτα.
1699 1359 1887 1410 Ἐοικε

299 1454 481 1508 τοίνυν
505 1494 520 1519 ,
551 1456 579 1506 ό
613 1454 710 1523 μὲν
747 1451 946 1523 ἀρετὴν
978 1450 1254 1522 ᾑρημένος
1273 1490 1287 1513 ,
1317 1450 1531 1521 τρανῶς
1573 1466 1635 1502 τε
1677 1449 1883 1503 ἕκαστα

303 1543 396 1595 καὶ
419 1542 532 1595 ἄνω
561 1541 841 1613 βλέποντι·
872 1541 997 1609 τῆς·
1017 1532 1089 1591 ’τε
1120 1538 1314 1592 ἑαυτοῦ
1340 1538 1598 1610 πορείας,
1631 1538 1880 1610 λαμπρο-

297 1633 465 1686 τάτου
507 1634 742 1703 φέγγους
789 1632 967 1704 καιρῷ
1018 1632 1408 1703 πεποιημένῳ·
1451 1632 1480 1683 ό
1518 1632 1565 1684 δ’
1614 1628 1680 1683 αὖ
1715 1626 1883 1702 κακίᾳ

300 1725 780 1796 ἐμπεπλεγμένος,
807 1725 901 1778 καὶ
924 1722 1096 1794 πλάνῃ
1126 1722 1352 1794 παντοία
1383 1723 1457 1785 ὡς
1483 1724 1541 1774 ἐν
1574 1726 1881 1794 σκοτομὴνῃ

303 1809 645 1885 πλανωμένῳ
669 1857 684 1882 ,
718 1814 915 1883 τυφλός
949 1830 1010 1866 τε
1041 1812 1116 1866 ῶν
1158 1814 1258 1884 τὴν
1306 1812 1605 1884 πρόσοψιν,
1649 1812 1745 1865 καὶ
1776 1813 1881 1865 ὑπὸ

298 1907 397 1960 τοῦ
434 1908 656 1971 σκότους
687 1907 794 1960 τῶν
823 1906 1162 1979 πραγμάτων
1182 1905 1534 1978 ἀφῃρημένος
1560 1904 1691 1976 (96).
1717 1905 1880 1969 Τέλος

295 1998 357 2050 δὲ
387 1999 682 2069 ἐπινοήσας
716 2000 978 2070 ἐκατέρου
1007 1997 1116 2051 τῶν
1151 1997 1279 2067 βίων
1312 1996 1516 2050 τούτων
1547 1996 1740 2065 ἐγὼ⁸τὸ
1761 1996 1878 2050 διά-

297 2105 486 2159 φορον,
514 2083 672 2160 εὖρον
690 2090 884 2154 οὐδὲν,
919 2090 1012 2142 καί
1039 2088 1113 2152 ὼς
1147 2087 1401 2142 κοινωνὸν
1426 2087 1676 2160 ἀφρόνων
1710 2092 1882 2159 ἐμαυ-

295 2180 392 2232 τὸν
426 2182 773 2251 καταστήσας
795 2219 809 2243 ,
843 2180 912 2234 τά
958 2181 1057 2251 τῆς
1092 2180 1405 2251 ἀφροσύνης
1447 2181 1698 2254 ἐπίχειρα
1737 2181 1882 2246 δέξο-

300 2289 421 2342 μαι.
467 2273 533 2325 Τί
556 2272 671 2344 γὰρ
702 2274 737 2344 ἢ
781 2273 890 2326 τῶν
922 2273 1273 2343 σοφισμάτων
1301 2266 1526 2326 ἐκείνων
1567 2272 1772 2342 ἀγαθὸν
1793 2313 1808 2337 ,
1842 2275 1875 2346 ἢ

296 2364 430 2420 ποία
455 2363 640 2436 ὄνησις
666 2365 775 2417 τῶν
806 2364 1017 2417 πολλῶν
1040 2364 1235 2433 λόγων,
1259 2365 1394 2417 ὅπου
1421 2381 1487 2433 γε
1515 2363 1589 2431 τὰ,
1614 2365 1879 2438 φλυαρίας

297 2456 569 2525 ῥεύματα,
607 2454 795 2525 ὥσπερ
820 2457 889 2508 ἐκ
920 2457 1103 2527 πηγῆς
1128 2459 1362 2527 ὁρμᾶται
1395 2457 1499 2527 τῆς
1536 2458 1875 2530 ἀφροσύνης;

296 2546 458 2618 Σοφῷ
483 2547 542 2599 δέ
571 2547 664 2599 καὶ¹
692 2546 885 2617 ἄφρονι
915 2547 1091 2601 κοινὸν
1116 2548 1289 2612 οὐδὲν,
1322 2549 1383 2601 οὐ
1413 2549 1553 2602 κατὰ
1578 2549 1878 2622 ἀνθρώπων

299 2637 541 2707 μνήμην,
567 2636 628 2688 οὐ
654 2636 795 2689 κατά
816 2636 952 2690 Θεοῦ
983 2637 1238 2709 ἀμοιϐήν.
1269 2637 1391 2692 Τῶν
1414 2639 1458 2692 δ’
1490 2641 1547 2692 ἐν
1572 2639 1879 2712 ἀνθρώποις

295 2728 673 2799 πραγμάτων,
706 2727 786 2780 ἐτι
817 2729 1081 2799 ἄρχεσθαι
1112 2728 1446 2795 δοκούντων,
1481 2731 1581 2803 ήδη
1625 2730 1687 2784 τὸ
1722 2733 1879 2797 τέλος

296 2820 662 2890 ἐπιλαμϐάνει
699 2821 977 2874 ἀπάντων.
1026 2822 1199 2890 Σοφὸς
1228 2821 1287 2875 δέ
1333 2821 1589 2875 οὐδέποτε
1633 2823 1913 2895 ἀσυνέτῳ-

293 2911 394 2966 τοῦ
422 2912 588 2966 αὑτοῦ
616 2915 865 2966 κοινωνεῖ
904 2912 1110 2977 τέλους.
1153 2913 1422 2985 Ἐμίσησα
1450 2913 1630 2967 τοίνυν
1661 2914 1756 2967 καὶ
1786 2914 1877 2967 τὸν

296 3003 595 3075 σύμπαντά
610 3020 723 3075 μου
746 3003 878 3075 βίον,
894 3004 985 3057 τὸν
1011 3007 1068 3058 ἐν
1096 3007 1210 3079 τοῖς
1232 3004 1482 3074 ματαίοις
1504 3004 1872 3072 ἀναλωθέντα,

289 3097 356 3151 ὃν
382 3099 642 3169 διήγαγον
672 3100 784 3161 τοῖς
816 3098 946 3169 περὶ
976 3098 1082 3168 γῆν
1115 3099 1299 3161 πόνοις
1339 3097 1743 3169 προστετηκὼς.
1789 3097 1877 3162 Ὦς

293 3189 407 3262 γάρ
462 3189 733 3242 συνελόντι
793 3190 995 3260 φάναι,
1051 3188 1230 3242 πάντα
1282 3207 1372 3260 μοι
1410 3190 1667 3260 λυπηρῶς
1712 3192 1878 3262 ἐκμε-
1903 3219 1944 3276 C

296 3282 562 3353 μόχθηται
596 3282 774 3354 ὁρμῆς
812 3281 1095 3350 ἀλογίστου
1138 3281 1405 3352 γενόμενα
1435 3283 1749 3354 ποιήματα·
1784 3282 1876 3336 καὶ

290 3378 595 3443 διαδέξεται
625 3393 713 3441 τις
744 3376 883 3431 αὐτά
918 3378 1124 3448 ἕτερος,
1149 3377 1258 3430 εἴτε
1293 3377 1478 3446 σοφὸς,
1508 3377 1617 3431 εῐτε
1644 3378 1871 3449 ἠλίθιος,

292 3467 396 3532 τὰς
437 3468 652 3542 ψυχρὰς
678 3467 786 3523 τῶν
833 3468 983 3540 ἐμῶν
1013 3469 1275 3539 καμάτων
1309 3469 1663 3539 ἐπικαρπίας.
1718 3471 1877 3525 Ἀπο-

292 3557 583 3629 λαὸομένῳ
622 3559 680 3611 δέ
713 3575 802 3629 μοι
833 3556 1009 3612 ταῦτα
1041 3558 1135 3611 καὶ
1166 3557 1563 3630 ἀπορῤίψαντι,
1596 3561 1872 3633 κατεφάνη

289 3647 367 3702 τὰ
395 3649 472 3720 τῷ
503 3649 614 3703 ὄντι
648 3649 829 3719 ἀγαθά
871 3649 1206 3721 προκείμενα
1250 3649 1552 3721 ἀνθρώπῳ,
1589 3653 1778 3721 σοφίας
1814 3669 1873 3706 τε

291 3740 535 3809 γνῶσις,
570 3741 664 3794 καὶ¹
691 3741 884 3811 κτῆσις
926 3741 1194 3813 ἀνδρείας.
1230 3742 1294 3794 Ei
1330 3741 1504 3806 δέτις
1537 3743 1740 3797 τούτων
1776 3745 1873 3816 μὲν

288 3833 398 3886 οὐκ
452 3833 787 3904 ἐφρόντισεν,
823 3832 1025 3902 ἐτέρων
1053 3831 1109 3884 δὲ
1138 3832 1418 3903 ἐπτόηται,
1457 3835 1486 3885 ὁ
1514 3833 1752 3899 τοιοῦτος
1800 3836 1875 3889 εἴ·

289 3927 419 3980 λετο
454 3928 552 3998 μὲν
597 3923 810 3995 πονηρά
850 3924 972 3976 ἀντὶ
1015 3923 1233 3991 ἀγαθῶν
1259 3961 1273 3985 ,
1328 3924 1559 3995 μετῆλθε
1586 3924 1645 3980 δὲ
1675 3928 1873 3982 κακίαν

288 4020 418 4074 ἀντὶ
446 4015 830 4087 χρηστότητος,
847 4014 944 4067 καὶ¹
966 4013 1163 4084 μόχθον
1190 4014 1305 4067 ἀνθ’
1332 4015 1579 4085 ἡσυχίας,
1611 4018 1872 4087 ταράχοις

287 4108 562 4171 ποικίλοις
600 4106 1055 4177 περιελκόμενος,
1086 4104 1302 4176 νύκτωρ
1330 4121 1391 4157 τε
1436 4106 1530 4159 καὶ
1579 4107 1694 4178 μεθ’
1737 4108 1871 4178 ἡμέ-

296 4220 401 4276 ραν
432 4200 786 4270 συνεχόμενος
817 4197 904 4249 ἀεὶ
926 4237 942 4262 ,
992 4195 1243 4267 σώματός
1287 4213 1345 4249 τε
1378 4197 1657 4265 ἐπείγουσι
1689 4199 1871 4268 καμά-

290 4312 439 4359 τοις,
473 4294 567 4364 καὶ
596 4291 775 4363 ψυχῆς
816 4289 1097 4361 φροντίσιν
1141 4289 1537 4361 ἀδιαλείπτοις,
1571 4288 1871 4359 σφαδαζού-

296 4404 400 4458 σης
442 4382 589 4455 αὐτῷ
624 4381 725 4453 τῆς
767 4379 1022 4451 καρδίας,
1071 4378 1373 4433 ἀλλοκότων
1405 4380 1568 4433 ἕνεκα
1616 4381 1871 4451 πραγμά-

290 4494 422 4532 των.
466 4476 540 4530 Οὐ
574 4474 683 4545 γὰρ
713 4472 775 4526 τὸ
802 4471 1008 4525 τέλειον
1039 4469 1243 4539 ἀγαθὸν
1289 4472 1415 4542 περὶ
1448 4471 1648 4542 βρῶσίν
1677 4489 1737 4526 τε
1776 4472 1867 4526 καὶ

1378 417 1863 495 METAPIIBASIS
1904 415 1972 472 IN
2010 416 2545 476 ECCLESIASTEN.

1540 540 1864 611 παγχάλεπα

2002 547 2209 609 ptatum
2233 541 2346 610 spei
2375 556 2461 595 me
2486 542 2663 610 ipsum
2687 540 3045 607 dedidissem;
3074 542 3291 627 miseris
3309 544 3564 599 omnibus

3457 424 3564 481 994

1981 632 2189 685 deliciis
2235 633 2404 686 animi
2450 632 2776 687 voluntatem
2828 633 3076 689 astrinxi.
3140 632 3266 688 Meae
3328 650 3564 705 namque

1983 721 2338 789 cogitationes
2385 738 2452 777 eo
2499 722 2836 778 infelicitatis
2866 724 3132 793 prolapsa:
3157 733 3319 793 sunt,
3356 734 3416 780 ut
3447 728 3563 783 haec

1987 815 2214 869 honesta
2247 825 2299 869 et
2331 820 2566 886 egregia,
2601 816 2874 887 dignaque
2903 832 3023 886 qua!
3054 816 3288 872 facerem
3323 819 3562 874 arbitra-

1984 921 2090 959 rcr.
2153 906 2239 961 11.
2275 905 2514 961 Tandem
2549 922 2677 961 vero
2707 907 3140 978 expergefactus,
3193 917 3357 979 atque
3387 910 3560 965 oculis

1983 1000 2300 1060 restitutus,
2353 1014 2414 1051 ea
2450 1014 2571 1067 quiue
2602 999 2657 1052 in
2682 999 2936 1055 manibus
2968 999 3255 1066 habebam,
3289 1000 3559 1071 ﬂagitiosa

1983 1087 2146 1141 simul
2191 1088 2611 1157 acerbitatisque
2670 1088 2829 1159 plena
2887 1104 3007 1144 esse
3051 1091 3335 1160 perspexi,
3396 1092 3559 1160 spiri-

1984 1187 2177 1249 tusque
2193 1194 2299 1235 non
2318 1180 2443 1234 boni
2461 1180 2693 1250 opilicia.
2714 1178 2899 1250 Neque
2919 1181 3062 1235 enim
3082 1182 3250 1235 ullum
3275 1181 3559 1237 hominum

1939 1272 2220 1333 ,s‘ludium
2270 1272 2501 1341 vitaeque
2546 1272 2852 1328 institutum
2903 1273 3365 1342 comprobandum
3424 1275 3559 1329 mihi

1980 1379 2127 1417 nunc
2157 1364 2389 1427 videtur,
2447 1378 2546 1418 nec
2596 1372 2745 1418 recto
2783 1364 2989 1434 judicio
3039 1367 3425 1434 expetendum.
3466 1368 3554 1423 12.

1982 1453 2213 1509 Proinde
2238 1463 2415 1509 mente
2441 1455 2683 1511 collectis
2704 1463 2758 1511 et
2782 1456 3065 1524 sapientia:
3098 1458 3259 1513 bouis
3293 1470 3345 1514 et
3377 1461 3559 1515 stulti-

1980 1545 2070 1600 tiae
2100 1545 2280 1623 malis,
2314 1560 2509 1614 magna
2534 1544 2680 1601 hunc
2708 1545 2885 1599 virum
2914 1547 3272 1603 admiratione
3294 1564 3555 1618 prosecu—

1983 1646 2069 1691 tus
2121 1636 2353 1699 fuerim,
2404 1635 2499 1706 qui
2542 1651 2667 1710 cum
2716 1652 2954 1707 praeceps
2978 1637 3210 1694 ferretur
3250 1648 3560 1710 temereque

1982 1734 2290 1798 vagaretur,
2335 1736 2521 1796 postea
2571 1739 2749 1782 mente
2780 1736 3019 1798 recepta,
3063 1731 3129 1784 ad
3156 1731 3412 1786 virtutem
3443 1733 3560 1787 olli-

1980 1818 2237 1887 ciumque
2280 1818 2460 1873 rediit.
2521 1818 2608 1887 15.
2646 1817 2942 1874 Prudentia
2986 1820 3130 1874 enim
3181 1829 3237 1875 et
3282 1822 3558 1879 dementia

1911 1885 1952 1939 Β
1982 1884 2177 1979 magno
2209 1908 2503 1974 interstitio
2543 1884 2828 1985 disjunctae
2859 1918 3007 1975 sunt,
3054 1926 3155 1966 nec
3186 1912 3370 1967 minus
3411 1912 3559 1969 inter

1981 2012 2268 2071 utramque
2309 2011 2394 2056 est
2435 2001 2768 2070 discriminis
2812 2018 2980 2071 quam
3024 2003 3165 2059 inter
3204 2005 3348 2060 diem
3371 2013 3427 2060 et
3454 2023 3555 2061 no-
3598 2039 3610 2049 ο

1979 2104 2141 2147 clem.
2184 2092 2272 2147 14.
2298 2092 2562 2159 Quocirca
2588 2092 2683 2160 qui
2704 2092 2958 2147 virtutem
2981 2094 3263 2163 amplexus
3285 2104 3387 2162 est,
3411 2088 3575 2152 haud

1979 2183 2112 2239 mihi
2145 2183 2214 2237 ab
2245 2196 2310 2236 eo
2339 2181 2558 2236 differre
2586 2168 2819 2245 videtur,
2855 2183 2951 2251 qui
2975 2198 3092 2237 rem
3116 2184 3557 2257 unamquamque

1980 2274 2265 2345 perspicue
2308 2274 2504 2339 cernit,
2548 2289 2877 2343 sursumque
2927 2285 3267 2345 prospectat,
3315 2276 3557 2333 clarissi-

1980 2378 2188 2431 maeque
2215 2361 2352 2416 lueis
2387 2369 2628 2431 tempore
2653 2362 2757 2416 iter
2780 2363 2911 2419 facit
2936 2364 2975 2417 ί.
3030 2364 3233 2420 Contra
3261 2367 3355 2435 qui
3383 2382 3443 2422 se
3472 2369 3555 2420 vi-

1980 2453 2056 2507 tio
2089 2452 2352 2525 implicuit
2384 2453 2673 2521 omnisque
2702 2454 2917 2524 generis
2944 2457 3247 2521 erroribus,
3283 2457 3431 2512 haud
3465 2460 3560 2515 ab—

1980 2542 2175 2598 similis
2229 2552 2311 2597 est
2356 2542 2565 2597 homini
2605 2543 2658 2596 in
2702 2544 2972 2613 profunda
3007 2546 3235 2617 caligine
3259 2547 3553 2613 aberranti,

1978 2635 2176 2704 quippe
2228 2634 2322 2704 qui
2368 2635 2610 2689 caecitate
2660 2635 2886 2692 allectus
2935 2638 3025 2704 sit,
3060 2647 3224 2709 atque
3253 2640 3557 2710 anegotio-

1976 2741 2100 2780 rum
2152 2725 2403 2795 tenebris,
2435 2725 2777 2781 exoculatus.
2840 2728 2928 2784 15.
2977 2728 3221 2800 Denique
3271 2730 3558 2802 utriusque

1978 2815 2174 2871 barum
2197 2817 2433 2873 vitarum
2461 2816 2824 2873 differentiam
2848 2819 3033 2874 animo
3076 2829 3392 2886 assecutus,
3418 2824 3556 2878 nihil

1977 2918 2169 2981 postea
2216 2912 2392 2981 reperi
2414 2948 2431 2975 ,
2486 2912 2618 2981 quin
2651 2912 2782 2966 illud
2822 2914 3003 2982 potius
3046 2913 3184 2981 fore,
3211 2925 3270 2971 ut
3298 2916 3343 2971 si
3375 2932 3462 2972 me
3487 2918 3553 2971 ad

1977 3002 2272 3058 stultorum
2325 3003 2640 3058 societatem
2695 3020 2759 3060 ac
2805 3005 3118 3076 sodalitium
3179 3007 3553 3074 contulissem,

1978 3096 2223 3152 stultitia:
2252 3096 2476 3167 praemia
2508 3098 2866 3168 pereiperem.
2926 3099 3066 3166 Quid
3105 3101 3246 3156 enim
3289 3115 3354 3157 er
3395 3117 3557 3173 argu-

1978 3188 2074 3243 tiis
2110 3188 2221 3243 illis
2249 3189 2524 3245 commodi
2552 3190 2783 3257 referri,
2819 3198 2915 3246 aut
2939 3191 3069 3262 quid
3098 3190 3310 3248 fructus
3331 3208 3399 3248 ex
3427 3209 3557 3264 pro-

1975 3279 2103 3335 lixis
2124 3279 2470 3343 sermonibus
2501 3281 2683 3351 colligi
2712 3291 2928 3351 potest;
2961 3297 3087 3338 eum
3118 3283 3336 3353 quidem
3361 3283 3558 3351 loqua-

1976 3371 2157 3427 citatis
2209 3372 2530 3441 importume
2576 3371 2801 3428 ﬂumina
2852 3373 2921 3428 ab
2968 3373 3281 3445 insipientia
3323 3376 3471 3429 velut
3521 3391 3553 3429 a

1976 3463 2127 3519 fonte
2173 3466 2458 3520 oriantur?
2503 3463 2591 3520 16.
2627 3464 2867 3535 Sapienti
2908 3482 3068 3537 porro
3112 3475 3166 3521 et
3191 3466 3388 3524 stolido
3416 3469 3554 3525 niliii

1974 3571 2263 3612 commune
2305 3566 2423 3624 est,
2472 3572 2569 3612 nec
2618 3566 2883 3628 quantum
2929 3558 2998 3614 ad
3030 3558 3308 3613 hominum
3345 3575 3556 3615 memo-

1974 3647 2113 3702 riam
2138 3689 2153 3715 ,
2203 3664 2305 3705 nec
2347 3658 2613 3719 quantum
2656 3650 2724 3703 ad
2750 3648 2845 3704 Dei
2874 3651 3387 3706 remunerationem.
3446 3646 3555 3707 Res

1974 3751 2170 3822 autem.
2191 3742 2460 3798 humanas
2491 3758 2619 3798 cum
2647 3743 2825 3799 adhuc
2855 3743 2989 3798 oriri
3019 3743 3303 3810 videntur,
3348 3745 3462 3815 jam
3490 3745 3554 3799 fi-

1972 3828 2059 3882 nis
2088 3829 2299 3897 arripit.
2364 3828 2592 3899 Sapiens
2622 3846 2783 3896 porro
2814 3830 3057 3902 ejusdem
3103 3846 3230 3887 cum
3262 3833 3461 3888 stolido
3490 3834 3556 3888 fi-

1974 3920 2059 3972 nis
2087 3935 2364 3989 nunquam
2390 3930 2473 3977 est
2492 3922 2784 3992 particeps.
2830 3922 2916 3978 17.
2942 3922 3123 3989 Quare
3143 3924 3308 3979 vitam
3335 3940 3550 3979 omnem

1972 4026 2152 4066 meam
2185 4014 2461 4069 exsecrari
2493 4014 2669 4084 ccepi,
2700 4030 2863 4085 quam
2894 4016 2947 4070 in
2984 4017 3150 4071 rebus
3180 4017 3334 4071 vanis
3366 4014 3545 4073 tradu-

1972 4118 2158 4156 xeram
2186 4113 2348 4173 atque
2373 4119 2817 4174 eonsumpseram
2838 4145 2854 4173 ,
2903 4107 3130 4161 terrenis
3158 4106 3436 4161 laboribus
3460 4106 3548 4160 in-

1973 4194 2279 4249 tabescens.
2336 4194 2423 4248 18.
2458 4193 2670 4250 Etenim
2716 4204 2776 4250 ut
2824 4211 2936 4251 uno
2982 4197 3151 4251 verbo
3197 4196 3547 4267 complectar,

1971 4282 2153 4335 omnia
2205 4281 2339 4336 mihi
2374 4297 2571 4352 magna
2607 4299 2731 4338 cum
2781 4283 3029 4343 molestia
3077 4284 3357 4341 elaborata
3398 4294 3548 4349 sunt,

1970 4373 2235 4442 praecipiti
2298 4374 2465 4428 animi
2515 4375 2715 4444 impetu
2758 4377 2830 4430 ita
2879 4390 2967 4429 me
3019 4374 3401 4445 pertrahente;
3458 4377 3546 4431 19.

1969 4463 2149 4533 Atque
2179 4480 2242 4520 ea
2274 4464 2417 4519 alius
2445 4476 2771 4534 excepturus
2794 4473 2897 4530 est,
2930 4467 3147 4535 sapiens
3180 4450 3250 4520 an
3275 4481 3467 4522 excors
3493 4475 3550 4520 ct

294 4567 454 4621 πόσιν
484 4565 682 4630 ἱζάνει·
721 4565 770 4616 εἰ
800 4562 893 4616 καὶ
929 4561 1161 4634 μάλιστα
1187 4563 1251 4614 ἐκ
1281 4561 1414 4615 Θεοῦ
1442 4561 1750 4634 ἀνθρώποις
1779 4563 1863 4632 γί-

1974 4557 2220 4623 stolidus,
2248 4560 2454 4625 nescio;
2490 4558 2735 4628 frigidos,
2762 4557 3008 4627 inquam,
3030 4557 3276 4613 laborum
3299 4573 3546 4614 meorum

293 4676 471 4713 νονται
496 4659 551 4711 αἱ
578 4656 775 4729 τροφαί
797 4672 811 4684 ο
843 4655 994 4707 οὐδὲν
1012 4653 1121 4726 γάρ
1148 4653 1256 4708 τῶν
1282 4654 1418 4726 πρὸς
1444 4654 1714 4726 σωτηρίαν
1732 4651 1888 4725 ἡμῖν’

293 4751 590 4824 δεδομένων
619 4750 722 4817 ἐξω
753 4751 854 4821 τῆς
883 4747 1050 4801 αὐτοῦ
1083 4746 1320 4818 ὑπάρχει
1354 4746 1627 4819 προνοίας.
1672 4747 1806 4800 Ἀλλ’
1834 4751 1864 4802 ό

299 4843 396 4913 μὲν
424 4841 625 4911 ἀγαθὸς
656 4840 813 4913 ἀνὴρ,
839 4839 1030 4908 σοφίας
1049 4839 1114 4891 ἐκ
1143 4837 1276 4891 Θεοῦ
1306 4837 1504 4909 τυχὼν,
1530 4838 1865 4910 εὐφροσύνης

296 4934 482 5005 ἔτυχεν
509 4932 759 5006 οὐρανίου
780 4949 793 4962 ο
818 4934 846 4985 ὁ
874 4931 918 4984 δ’
946 4926 1013 4984 αὖ
1045 4930 1280 5002 πονηρὸς
1299 4969 1315 4995 ,
1347 4929 1627 5000 θεηλάτοις
1649 4930 1865 4984 ἐλαυνό-

299 5042 457 5098 μενος
485 5025 677 5087 κακοῖς
692 5063 707 5087 ,
740 5019 1054 5086 πλεονεξίαν
1084 5020 1276 5083 νοσῶν,
1307 5018 1478 5085 πολλά
1511 5036 1573 5073 τε
1615 5019 1863 5091 ἀθροῖσαι

297 5115 624 5182 σπουδάζει,
658 5115 753 5169 καὶ
782 5113 874 5167 τδν
919 5114 1024 5168 ὑπὸ
1055 5112 1191 5168 Θεοῦ
1238 5113 1599 5184 τετιμημένον
1625 5112 1863 5192 ἐναντίον

294 5210 386 5263 τοῦ
407 5206 623 5261 πάντων
669 5206 937 5259 Δεσπότου
964 5205 1218 5260 ὀνειδίσαι
1265 5204 1518 5268 σπεύδει,
1551 5203 1699 5275 δῶρα
1731 5220 1865 5275 προ-

293 5304 482 5355 τείνων
530 5299 811 5371 ἄχρηστα,
861 5296 1053 5369 δολερά
1094 5315 1154 5351 τε
1193 5295 1330 5368 ὁμοῦ
1375 5297 1469 5349 καὶ
1513 5295 1719 5366 μάταια
1765 5296 1864 5366 τῆς

296 5393 486 5449 ἐαυτοῦ
518 5391 708 5454 ἀθλίας
734 5388 913 5460 ψυχῆς
943 5388 1335 5460 σπουδάσματα
1360 5387 1746 5458 πεποιημένος.

367 5501 383 5532 ¹
415 5500 577 5556 Prov.
595 5514 730 5566 xvn,
755 5498 854 5565 24;
888 5495 1066 5552 Eecle.
1095 5512 1214 5563 vm,
1245 5498 1298 5553 1.

366 5615 478 5687 (95)
509 5614 723 5687 Ἄνδρα
746 5611 1083 5687 magnam-3:.
1102 5610 1635 5687 suiatpéwec._l_iiss.
1663 5625 1775 5687 reg.
1810 5620 1865 5666 et

296 5681 510 5739 Th'uau.
530 5727 545 5748 ,
571 5681 739 5756 ἄνδρα
768 5681 974 5737 τοῦτον.
1007 5681 1130 5737 Mox
1160 5698 1291 5737 vero
1323 5682 1448 5739 cod.
1476 5681 1667 5738 Medic.
1690 5722 1706 5746 ,
1743 5685 1861 5735 ἐπι-

299 5756 852 5899 στῗέὲῗάῗὲοῗῧὲετε
1067 5823 1470 5894 ἀφῃρημένος.
1492 5820 1732 5902 Minime
1763 5822 1857 5877 du-

1970 4649 2203 4705 fruetus.
2261 4648 2357 4705 His
2383 4658 2564 4705 autem
2608 4649 2854 4704 excussis
2888 4658 3052 4718 atque
3075 4649 3368 4718 projectis,
3410 4649 3548 4705 mihi

1966 4755 2096 4795 vera
2130 4740 2273 4795 bona
2307 4740 2621 4796 hominibus
2673 4740 2950 4810 proposita
2984 4748 3387 4817 apparuerunt;
3441 4738 3548 4795 hoc

1967 4841 2071 4898 est,
2100 4833 2378 4903 sapientiae
2397 4833 2658 4904 cognitio,
2675 4840 2731 4886 et
2750 4828 3095 4886 fortitudinis
3124 4828 3360 4899 adeptio.
3390 4827 3547 4894 Quod

1969 4924 2015 4978 si
2048 4923 2171 4992 quis
2204 4922 2398 4977 harum
2445 4936 2577 4977 cura
2625 4920 2869 4990 neglecta
2890 4959 2907 4986 ,
2961 4920 3104 4974 alius
3128 4920 3434 4989 cujuspiam
3465 4921 3546 4975 rei

1968 5014 2263 5084 cupiditate
2286 5013 2577 5080 incitatur;
2605 5012 2694 5067 hic
2718 5020 2774 5067 et
2804 5011 2948 5065 mala
2979 5010 3139 5065 bouis
3163 5007 3464 5078 anteponit,
3490 5016 3548 5062 et
3590 5087 3594 5090 γ

1968 5107 2160 5160 vitium
2200 5120 2302 5176 pro
2332 5105 2662 5176 benignitate
2705 5114 2760 5160 et
2802 5104 3001 5158 virtute
3034 5109 3412 5166 consectatur;
3448 5098 3541 5155 20.

1969 5198 2036 5255 Ει
2078 5213 2377 5255 (erumnam
2409 5212 2508 5269 pro
2533 5198 2735 5268 quiete,
2767 5197 2937 5252 variis
2991 5195 3315 5250 tumultibus
3343 5192 3543 5246 distra-

1969 5300 2110 5358 ctus,
2143 5299 2300 5345 noctu
2328 5301 2490 5361 atque
2519 5289 2754 5343 interdiu
2805 5288 3113 5353 divexatus,
3148 5293 3263 5338 tum
3295 5284 3541 5353 urgenti-

1969 5384 2073 5439 bus
2113 5379 2359 5454 corpbris
2410 5382 2708 5449 laboribus,
2760 5389 2876 5434 tum
2925 5377 3201 5448 perpetuis
3228 5376 3425 5431 anima:
3447 5390 3546 5431 cu-

1970 5608 2118 5663 bium
2146 5617 2229 5663 est
2251 5608 2383 5677 quin
2417 5580 2702 5668 legendum
2730 5606 2822 5671 sit,
2852 5603 3052 5677 τυφλός
3082 5620 3142 5677 τε
3175 5601 3280 5677 ὢν,
3315 5602 3409 5656 καὶ
3441 5600 3544 5671 τὴν

1972 5677 2235 5757 πρόσοψιν
2267 5674 2371 5732 ὖπὸ
2409 5677 2502 5732 τοῦ
2521 5679 2828 5757 σκότους...
2862 5674 3234 5757 ἀφῃρημένος.
3264 5674 3321 5727 In
3352 5684 3544 5752 pycte-

1971 5750 2092 5872 ἓιὶε
2117 5750 2262 5804 enim
2294 5750 2606 5805 accusativo
2653 5762 2868 5818 seraper
2899 5750 3151 5816 jungitur
3182 5750 3542 5814 ἀφαιροῦμαι.

2018 5835 2207 5874 ιιιιυε.
