4090 6378
533 406 540 421 .
583 372 691 426 995
1707 367 1768 421 S.
1807 364 2136 422 GREGOBII
2173 362 2687 420 THAUMATURGI
3274 374 3285 381 '
3722 362 3838 419 996

585 494 684 560 ris,
716 504 933 564 pectore
965 493 1038 548 illi
1070 492 1140 546 ob
1168 491 1401 547 absurda
1432 488 1649 560 negotia
1680 487 2067 558 ingemiscente
2101 495 2156 540 et
2201 484 2515 554 palpitante.
2553 481 2646 536 21.
2692 480 2882 552 Neque
2928 480 3073 535 enim
3118 495 3393 537 summum
3432 492 3489 537 et
3521 478 3824 552 perfectum

584 590 788 647 bonum
859 590 911 643 in
967 588 1265 642 esculentis
1308 595 1363 642 et
1405 584 1708 655 poculentis
1753 579 2033 645 consistit;
2078 577 2182 633 etsi
2230 575 2431 645 alioqui
2464 575 2702 629 maximo
2741 572 2834 628 Dei
2895 571 3156 627 beneficio
3196 572 3450 628 alimenta
3511 573 3840 629 mortalibus

468 714 485 719 —
588 685 931 754 contingunt.
989 680 1133 736 Nihil
1178 682 1321 735 enim
1353 694 1541 734 eorum
1572 694 1694 749 qua:
1744 675 1905 730 nobis
1953 675 2020 728 ad
2078 673 2306 727 salutem
2353 672 2477 744 data
2534 677 2698 736 sunt,
2743 668 2879 746 citra
2943 668 3116 737 ipsius
3156 667 3554 736 providentiam
3598 669 3836 724 exsistit.

582 774 672 829 22.
732 773 927 829 Verum
952 772 1154 842 probus
1188 768 1408 839 quidem
1443 770 1552 831 vir,
1604 766 2036 835 sapientiamque
2070 761 2163 815 Dei
2205 759 2350 814 dono
2381 767 2731 832 consecutus,
2763 758 2968 813 caelesti
3012 758 3288 829 voluptate
3328 756 3564 824 fruitur;
3607 757 3698 814 25.
3738 759 3842 815 Im-

584 865 790 936 probus
832 873 1017 919 autem
1053 864 1211 917 malis
1238 860 1498 916 divinitus
1537 857 1801 913 immissis
1847 854 2157 910 stimulatus
2180 848 2527 919 avaritiaique
2560 847 2754 921 morbo
2779 858 3111 919 .correptus,
3167 849 3338 903 multa
3393 863 3687 917 congerere
3715 859 3838 904 stn-

583 964 703 1026 itet;
757 958 844 1013 ‘24.
887 960 1063 1027 Atque
1095 974 1217 1013 eum
1246 972 1405 1026 quem
1442 956 1585 1010 Deus
1612 955 1819 1009 honore
1872 951 2082 1011 affecit,
2116 948 2172 1001 in
2216 945 2460 1000 omnium
2497 943 2709 998 Domini
2746 956 3037 1014 conspectu
3088 944 3304 1014 probris
3359 943 3633 1001 incessere
3680 944 3838 1002 festi-

578 1061 698 1117 nat,
726 1052 867 1106 dona
894 1048 1107 1106 inutilia
1133 1051 1439 1120 porrigens,
1469 1047 1727 1103 insidiosa
1754 1044 1916 1101 simul
1943 1051 1997 1098 et
2015 1054 2152 1095 vana
2179 1039 2374 1092 animae
2401 1052 2513 1091 suae
2542 1035 2757 1091 misera:
2788 1035 2968 1090 studia
2993 1034 3221 1090 faciens.

1164 1140 1394 1197 CAPUT
1468 1140 1557 1194 111.

646 1236 700 1289 1.
740 1233 1032 1289 Enimvero
1063 1234 1165 1289 hoc
1189 1242 1398 1302 tempus
1423 1274 1437 1297 ,
1471 1232 1631 1286 rebus
1660 1232 1801 1284 inter
1831 1243 1889 1284 se
1918 1226 2156 1281 maxime

575 1325 864 1381 contrariis
897 1325 1114 1395 plenum
1142 1333 1263 1392 est;
1312 1324 1367 1378 2.
1395 1323 1590 1377 Partus
1633 1332 1687 1375 et
1728 1319 1954 1383 mortis,
2002 1326 2154 1371 ortus

577 1418 826 1485 stirpium
873 1426 927 1470 et
987 1416 1290 1470 aversionis
1342 1424 1505 1484 atque
1550 1412 1802 1467 interitus
1833 1451 1848 1475 ,
1898 1410 1953 1464 5.
1981 1408 2156 1463 Cura-

578 1509 789 1562 tionum
816 1515 869 1561 et
900 1507 1126 1561 czedium
1146 1544 1162 1569 ,
1200 1503 1590 1561 exstructionis
1633 1502 1827 1557 aedium
1864 1508 1917 1556 et
1941 1500 2155 1555 destru-

577 1600 792 1665 ctionis,
846 1597 899 1651 4.
928 1597 1174 1652 Gemitus
1222 1607 1275 1652 et
1295 1599 1469 1661 risus,
1521 1596 1772 1666 planctus
1810 1602 1865 1649 et
1905 1592 2151 1648 saltatio-

576 1707 731 1746 num.
791 1691 845 1745 5.
886 1688 1040 1744 Nunc
1067 1702 1223 1744 terra:
1253 1689 1461 1744 fructus
1495 1689 1692 1757 aliquis
1732 1688 1971 1757 colligit,
2006 1702 2153 1742 nunc

573 1798 770 1837 rursus
796 1782 970 1851 ejicit;
1004 1796 1150 1835 nunc
1178 1781 1460 1835 mulierem
1493 1757 1920 1849 deperitfatque
1956 1779 2149 1832 insano

574 1887 762 1927 amore
804 1872 1214 1941 complectitur;
1275 1886 1420 1925 nunc
1468 1871 1710 1939 impense
1756 1884 1875 1923 eam
1932 1869 2048 1922 odit
2096 1877 2151 1924 et

573 1972 886 2026 aversatur;
938 1961 991 2015 6.
1042 1960 1199 2016 Nunc
1241 1961 1456 2031 aliquid
1488 1962 1701 2031 quaerit,
1743 1976 1888 2016 nunc
1912 1956 2145 2040 amittit;

576 2069 725 2107 nunc
749 2053 1030 2123 diligenter
1060 2061 1325 2120 asservat,
1343 2068 1488 2108 nunc
1515 2053 1758 2122 projicit;
1802 2054 1852 2107 7.
1880 2052 2035 2108 Nunc
2063 2053 2148 2106 in-
2210 2106 2213 2111 .

575 2144 791 2210 terficit,
827 2159 971 2199 nunc
997 2144 1384 2212 obtruncatur;
1421 2142 1568 2199 nnnc
1591 2130 1864 2215 loquitur,
1900 2161 2045 2200 nunc
2074 2161 2149 2201 Sl-

575 2235 743 2290 lentio
783 2236 1111 2303 acquiescit;
1160 2235 1214 2292 8.
1246 2234 1402 2291 Nunc
1446 2244 1622 2299 amat,
1671 2250 1819 2290 nunc
1848 2236 1974 2291 odio
2006 2236 2148 2290 inse-

574 2337 771 2383 etatur.
831 2326 942 2381 Res
970 2312 1114 2382 enim
1147 2327 1417 2393 humanae,
1466 2341 1614 2381 nunc
1639 2326 1778 2381 bello
1799 2325 2142 2389 aﬂlictantur,

573 2436 720 2474 nunc
746 2420 1050 2490 tranquillae
1074 2428 1128 2475 et
1160 2428 1364 2490 pacatae
1390 2427 1547 2484 sunt;
1574 2426 1832 2488 tantaque
1852 2428 1936 2473 est
1955 2434 2142 2473 earum

2182 1137 2231 1190 A

2847 1127 3094 1179 ΚΕΦΑΛ.
3158 1126 3231 1179 1".
3578 1191 3582 1195 η
3678 1165 3730 1207 χ,
3900 1194 3909 1201 υ

2330 1219 2534 1290 Χρόνος
2584 1218 2643 1272 δὲ
2687 1212 2838 1280 οὗτος
2891 1217 3107 1270 πάντων
3152 1217 3313 1287 γέμει
3355 1217 3465 1270 τῶν
3509 1210 3836 1292 ὲναντιιδτή-
3866 1236 3886 1253 ι·

2253 1328 2361 1365 των
2384 1310 2516 1381 (97),
2542 1309 2804 1373 τοκετῶν,
2825 1304 2942 1365 εἶτα
2964 1309 3226 1374 θανάτων,
3251 1297 3600 1381 βλαστήσεως
3627 1311 3833 1379 φυτῶν,

2253 1397 2374 1455 εἶτα
2422 1403 2786 1472 ἁνατροπῆς·.
2811 1401 3003 1454 ἱάσεων
3038 1402 3130 1455 καὶ
3174 1387 3539 1471 ἀναιρέσεων,
3574 1403 3738 1457 οἴκων
3771 1423 3832 1458 τε

2251 1484 2596 1565 εὑορθώσεως
2637 1494 2731 1547 καὶ
2768 1492 3113 1556 καταλύσεως
3132 1534 3146 1554 ,
3198 1492 3491 1565 κλαυθμῶν
3539 1495 3632 1548 καὶ
3662 1497 3834 1564 γελώ-
3895 1554 3906 1561 .

2249 1562 2377 1647 των,
2412 1583 2655 1638 κοπετῶν
2686 1584 2780 1637 καὶ
2823 1585 3171 1655 ὀρχημάτων.
3207 1562 3451 1655 Νῦνιμὲδ
3491 1562 3713 1654 συνάγει
3744 1604 3830 1652 τις

2190 1674 2194 1678 ’
2249 1675 2317 1729 τά
2365 1677 2473 1731 ἀπὸ
2516 1675 2654 1746 γῆς,
2682 1676 2776 1729 νῦν
2818 1676 2873 1729 δὲ
2915 1663 3169 1740 ἐξέϐαλε’·
3215 1677 3316 1761 καὶ,
3341 1676 3470 1728 ποτὲ
3507 1677 3606 1747 μὲν
3636 1679 3833 1748 ὲπιμέ-
3872 1716 3880 1720 τ

2254 1786 2389 1839 μηνε
2409 1767 2655 1837 γυναικὶ,
2677 1768 2809 1821 ποτὲ
2833 1768 2889 1821 δὲ
2921 1769 3089 1839 αὑτὴν
3114 1769 3428 1840 ἀποστυχεῖ.
3466 1768 3577 1822 Καὶ
3604 1769 3700 1822 νῦν
3728 1770 3830 1841 μὲν

2218 1860 2477 1932 ’ἐζήτησε
2506 1878 2591 1924 τις
2621 1860 2821 1925 ὁτιοῦν,
2872 1861 2966 1916 νῦν
3016 1861 3073 1914 δὲ
3124 1861 3396 1914 ἀπώλεσε·
3449 1861 3542 1915 καὶ
3585 1861 3681 1915 νῦν
3728 1862 3829 1934 μὲν

2248 1952 2478 2021 ἐφύλαξε
2495 1993 2510 2018 ,
2528 1953 2623 2007 νῦν
2642 1952 2699 2005 δὲ
2718 1953 2996 2023 προήκατο
3017 1971 3030 1984 ·
3051 1953 3240 2007 ἄλλοτε
3268 1953 3611 2016 ἀπέκτεινεν,
3636 1952 3827 2008 ἄλλοτε

2247 2044 2510 2115 ὲφονεύθη
2533 2062 2546 2075 ·
2579 2044 2861 2115 ἐλάλησεν,
2884 2041 3000 2110 εἶτα
3031 2044 3302 2117 ἡσύχασεν
3324 2061 3338 2075 ⁸
3366 2045 3675 2116 ἠγάπησεν,
3700 2042 3850 2100 εἶτα

2246 2135 2499 2208 ἐμίσησε.
2529 2136 2610 2189 Τά
2650 2136 2759 2207 γάρ
2787 2138 2844 2190 ὲν
2879 2136 3186 2208 ἀνθρώποις
3214 2137 3512 2208 πράγματα
3548 2138 3677 2190 ποτὲ
3718 2138 3820 2208 μὲν

2249 2227 2593 2298 πολεμεῖται,
2636 2227 2821 2283 ἄλλοτε
2852 2228 2909 2280 δὲ
2946 2227 3281 2299 εἰρηνεύεται
3301 2268 3316 2292 ,
3371 2228 3686 2300 ὀξυῤῥόπως
3714 2230 3825 2283 τῶν

2190 2325 2201 2332 ’
2250 2319 2587 2391 πραγμάτων
2620 2318 2679 2384 ἐξ
2720 2317 2937 2388 ἀγαθῶν
2980 2313 3117 2372 εἶναι
3164 2318 3461 2373 δοκούντων
3502 2322 3581 2382 εἰς
3628 2319 3823 2391 ὁμολο-

2245 2411 2485 2481 γούμενα
2511 2410 2657 2464 κακὰ
2685 2406 3148 2481 μεταπιπτόντων.
3176 2411 3519 2484 Παυσώμεθα
3545 2413 3825 2480 τοίνυννὲξ

572 2511 939 2565 inconstantia
958 2549 975 2577 ,
1018 2520 1076 2564 ut
1102 2526 1222 2579 quae
1254 2508 1417 2565 modo
1447 2510 1701 2565 secundae
1726 2524 1847 2564 esse
1874 2510 2139 2573 videntur,

2245 2504 2514 2573 ἀνονήτων
2549 2502 2780 2573 μόχθων.
2811 2499 2993 2571 Ταῦτα
3024 2502 3132 2574 γὰρ
3165 2503 3399 2567 ἅπαντα,
3434 2502 3509 2566 ὥς
3539 2505 3603 2572 γὲ
3632 2522 3720 2575 μοι
3744 2506 3824 2558 δο-

571 2600 732 2655 celeri
778 2609 1054 2656 momento
1092 2601 1147 2655 in
1179 2602 1484 2656 certissima
1524 2601 1669 2655 mala
1701 2601 2045 2655 delabantur.
2088 2600 2141 2658 9.

572 2689 651 2743 Ac
684 2690 908 2759 proinde
937 2690 1095 2746 vanis
1118 2690 1398 2746 laboribus
1424 2692 1663 2747 exerceri
1686 2691 2017 2746 desinamus.
2055 2690 2143 2745 10.

569 2777 697 2836 llaec
723 2782 868 2836 enim
901 2784 1117 2849 omnia,
1152 2793 1214 2838 ut
1241 2783 1373 2838 mihi
1403 2784 1619 2853 quidem
1645 2784 1892 2849 videtur,
1946 2783 2013 2837 ad
2046 2782 2141 2838 ho-
2196 2842 2199 2847 _

2190 2873 2195 2879 ’
2242 2869 2483 2940 πλάσμα,
2515 2869 2573 2936 ἐξ
2603 2870 2776 2940 ἀρχῆς
2809 2868 2957 2938 αὑτῷ
2988 2868 3152 2940 μέχρι
3180 2869 3366 2933 τέλους
3393 2870 3649 2942 πολεμεῖν
3691 2873 3822 2944 ᾑρη-
3902 2950 3906 2954 _

569 2873 746 2928 mines
792 2874 1076 2931 virulentis
1124 2874 1328 2931 aculeis
1370 2875 1726 2940 concitandos
1768 2875 1945 2945 posita
1993 2884 2138 2931 sunt.

568 2965 659 3019 11.
707 2964 881 3035 Atque
949 2981 1235 3036 perversus
1271 2968 1490 3037 quidem
1546 2969 1856 3037 explorator
1898 2970 2142 3024 occasio-

570 3057 766 3127 nisque
796 3065 1042 3129 captator
1078 3059 1206 3114 huic
1243 3060 1442 3114 saeculo
1476 3060 1667 3127 inhiat,
1704 3058 1799 3115 Dei
1826 3060 2139 3131 figmentum

569 3149 748 3206 delere
796 3165 860 3205 ac
903 3152 1129 3221 perdere
1174 3155 1322 3207 omni
1356 3152 2034 3216 contentione’annitens,
2080 3161 2142 3207 ut

568 3241 664 3311 qui
699 3256 731 3295 a
763 3242 1032 3313 principio
1058 3243 1128 3297 ad
1161 3251 1465 3297 extremum
1503 3257 1678 3313 usque
1703 3256 1828 3298 cum
1853 3259 1919 3299 eo
1951 3243 2139 3299 confli-

569 3347 696 3400 gere
729 3332 1043 3389 instituerit.
1105 3334 1192 3389 12.
1222 3333 1550 3390 Persuasum
1579 3335 1761 3404 itaque
1792 3335 1985 3397 habeo,
2019 3335 2140 3388 ani-

569 3425 641 3477 mi
670 3424 1031 3493 hilaritatem,
1087 3426 1174 3480 15.
1220 3434 1276 3481 et
1299 3424 1730 3489 beneficentiam,
1775 3425 2014 3479 maxima
2039 3425 2139 3479 ho-

569 3517 701 3570 mini
738 3518 881 3572 bona
905 3531 1057 3583 esse;
1095 3517 1180 3572 14.
1217 3526 1379 3587 atque
1400 3517 1534 3572 adeo
1555 3517 1771 3572 brevem
1797 3516 1938 3573 hanc
1962 3517 2134 3573 solam

569 3608 903 3678 voluptatem
950 3608 1212 3664 divinitus
1262 3609 1549 3672 obvenire,
1592 3608 1640 3664 si
1684 3611 1848 3665 rebus
1888 3611 2134 3680 gerendis

562 3698 778 3768 justitia
806 3708 1028 3770 prmeat.
1086 3700 1174 3755 15.
1207 3704 1274 3753 At
1303 3715 1430 3755 vero
1460 3710 1781 3755 atternarum
1810 3716 1992 3755 rerum
2025 3710 2134 3755 sta-

571 3789 648 3842 tui
679 3789 1157 3861 corruptionisque
1190 3789 1516 3859 expertium,
1547 3804 1686 3859 quas
1718 3789 1858 3845 Deus
1890 3790 2134 3845 ﬁrmissi-

2246 2596 2367 2656 κεῖ,
2394 2593 2637 2675 κέντροις
2681 2591 2907 2655 ἰοϐόλοις
2953 2586 3271 2664 ἀνθρώπους
3302 2593 3595 2665 ὲξοιστρεῖν
3636 2595 3817 2667 ἐτέθη.

2243 2686 2620 2758 Καιροσκόπος
2648 2684 2710 2755 δή
2744 2702 2829 2748 τις
2862 2687 3097 2757 πονηρὸς
3122 2685 3214 2738 τὸν
3244 2685 3417 2740 αἰῶνα
3439 2685 3628 2740 τοῦτον
3662 2704 3821 2760 περι·
3922 2699 3929 2702 ’

2244 2778 2502 2849 κέχηνεν,
2546 2777 2805 2846 ἀφανίσαι
2857 2776 3392 2848 ὑπερδιατεινόμενος
3433 2777 3494 2830 τὸ
3541 2778 3635 2832 τοῦ
3683 2778 3818 2833 Θεοῦ

2244 2960 2426 3031 μένος.
2450 2959 2756 3030 Πέπεισμαι
2780 2959 2960 3012 τοίνυν
2980 2956 3049 3012 τὰ
3081 2958 3312 3029 μέγιστα
3337 2959 3517 3027 ἀγαθά
3544 2959 3820 3033 ἀνθρώπῳ

2240 3033 2503 3123 εὐθυμίαν
2529 3052 2623 3105 καὶ
2651 3051 2896 3105 εὑποιῖαν
2927 3051 3213 3123 ὑπάρχειν,
3237 3053 3331 3105 καὶ
3362 3053 3461 3124 μέν
3486 3070 3571 3106 τοι
3600 3054 3696 3107 καὶ
3716 3053 3816 3125 τὴν
3868 3044 3871 3053 ’

2240 3135 2571 3217 πρόσκαιρον
2598 3146 2799 3214 ταύτην
2829 3143 3130 3198 ἀπόλαυσιν
3155 3145 3218 3197 ὲκ
3248 3143 3381 3197 Θεοῦ
3411 3146 3816 3216 παραγενέσθαι

2241 3236 2429 3306 μόνον,
2464 3239 2513 3291 εἰ
2541 3224 2853 3308 δικαιοσύνη
2885 3235 2993 3289 τῶν
3020 3235 3273 3307 πράξεων
3303 3236 3412 3309 (98)
3439 3241 3644 3308 ἡγοῖτο.
3692 3239 3815 3292 Τῶν

2236 3326 2293 3381 δὲ
2330 3327 2561 3381 αἰωνίων
2593 3329 2684 3382 καὶ
2711 3327 3004 3398 ἀφθάρτων
3034 3327 3376 3399 πραγμάτων
3402 3365 3421 3393 ,
3462 3328 3562 3382 ὅσα
3612 3331 3642 3401 ῤ
3683 3328 3839 3401 Θεὸς)

2236 3422 2446 3485 παγίως
2471 3416 2699 3489 ὥρισεν,
2735 3416 2857 3470 οὕτε
2885 3434 2937 3471 τι
2970 3418 3221 3486 ἀφελεῖν,
3252 3417 3377 3472 οὔτε
3408 3436 3464 3472 τι
3494 3399 3811 3490 προσθεῖναι

2234 3496 2473 3564 δυνατόν.
2510 3503 2579 3579 ᾯ
2618 3527 2723 3563 τινι
2767 3505 2859 3564 οὖν
2883 3549 2897 3574 ,
2931 3510 3045 3564 ἀλλ’
3075 3509 3254 3575 ἔστιν,
3288 3513 3471 3565 ἐκεῖνα
3516 3511 3720 3582 φοϐερά
3749 3526 3813 3563 τι

2234 3598 2368 3670 ὁμοῦ
2400 3600 2495 3665 καὶ
2522 3600 2841 3671 θαυμαστά·
2881 3603 2974 3656 καὶ
3015 3603 3088 3661 ,τά
3122 3603 3219 3673 μὲν
3249 3602 3543 3673 γενόμενα,
3572 3603 3806 3673 ἕστηκεο

2231 3691 2301 3746 τὰ
2327 3693 2383 3745 δὲ
2412 3692 2671 3763 ἐσόμενα,
2693 3692 2793 3764 ἢδη
2827 3694 2969 3747 κατά
2996 3693 3058 3747 τὸ
3090 3692 3467 3765 προεγνῶσθαι
3494 3693 3807 3773 γεγένηται.

2234 3784 2351 3865 Θεῷ
2377 3784 2431 3838 δὲ
2454 3783 2718 3865 κέχρηται
2743 3785 2773 3837 ὁ
2809 3783 3158 3854 ἀδικούμενος
3191 3783 3384 3865 βοηθῷ.
3412 3780 3564 3838 Εἶδον
3596 3786 3655 3839 ὲν
3694 3787 3811 3851 τοῖς

568 3896 655 3936 me
701 3881 1018 3945 constituit,
1070 3896 1171 3937 nec
1199 3881 1400 3951 aliquid
1435 3882 1752 3947 detrahere,
1800 3896 1900 3936 nec
1935 3882 2133 3940 addere

2235 3864 2384 3951 κᾲτω
2415 3876 2626 3948 μέρεσι,
2650 3874 2926 3940 κολάσεως
2948 3877 3044 3946 μὲν
3071 3877 3342 3949 βάραθρον
3368 3864 3498 3941 τοὺς
3528 3876 3810 3942 δυσσεϐεῖς
3870 3931 3879 3939 _

565 3972 852 4042 quisquam
879 3978 1076 4041 potest.
1118 3970 1206 4026 16.
1260 3970 1460 4026 Verum
1494 3970 1859 4027 formidolosae
1889 3972 2050 4027 simul
2080 3983 2136 4028 et

564 4062 913 4117 admirabiles
946 4062 1050 4117 illae
1092 4070 1255 4131 sunt;
1304 4072 1466 4133 atque
1507 4078 1585 4117 ea;
1628 4063 1845 4132 quidem
1872 4078 1993 4134 quae
2015 4064 2129 4134 jam

566 4154 805 4222 fuerunt,
837 4154 1059 4210 stabiles
1104 4163 1353 4220 manent;
1399 4172 1520 4226 quze
1550 4166 1730 4211 autem
1758 4154 1953 4211 futurae
1981 4168 2128 4225 sunt,

558 4246 671 4313 jam
698 4245 996 4301 secundum
1028 4245 1424 4315 praeseientiam
1464 4245 1805 4299 exstiterunt.
1860 4245 2127 4300 Caeterum

563 4337 610 4389 is
638 4336 731 4405 qui
763 4335 961 4400 injuste
992 4336 1153 4391 laesus
1184 4345 1288 4401 est,
1316 4334 1428 4390 Deo
1454 4336 1777 4390 auxiliatore
1805 4337 1997 4392 utitur.
2036 4336 2126 4391 17.

563 4426 734 4481 Porro
783 4427 837 4480 in
886 4426 1075 4483 inferis
1102 4428 1345 4497 partibus
1372 4428 1619 4498 supplicii
1649 4427 1967 4504 barathrum
1990 4428 2126 4491 vidi,

565 4518 761 4586 impios
790 4518 1095 4588 excipiens;
1130 4519 1233 4588 piis
1262 4528 1471 4584 contra,
1506 4518 1689 4573 sedem
1713 4518 1937 4573 alteram
1978 4525 2129 4588 pate-

562 4605 781 4661 factam.
837 4607 923 4662 18.
953 4606 1085 4662 Illud
1123 4623 1341 4677 quoque
1367 4609 1631 4678 cogitavi,
1675 4608 1818 4678 apud
1850 4607 2022 4663 Deum
2054 4624 2126 4663 2e-

562 4698 742 4766 qualia
772 4698 953 4752 omnia
980 4713 1120 4761 esse.
1142 4700 1439 4754 existimari
1464 4709 1517 4754 et
1538 4700 1802 4770 judicari;
1837 4698 1976 4754 idem
2005 4714 2125 4755 esse

555 4786 737 4856 justos
764 4796 817 4841 et
842 4787 1110 4856 iujustos;
1139 4789 1282 4843 idem
1309 4789 1564 4844 animalia
1600 4794 1813 4844 ratione
1842 4790 2050 4844 utentia
2071 4800 2127 4845 et

558 4878 738 4933 bruta.
793 4878 880 4933 19.
907 4877 1144 4948 Tempus
1172 4880 1315 4933 enim
1339 4881 1594 4935 omnibus
1616 4896 1770 4950 aeque
1799 4881 2119 4936 admenshm

557 4983 701 5033 esse,
748 4978 803 5024 et
845 4978 1075 5023 mortem
1114 4967 1452 5036 impendere;
1489 4970 1737 5041 idemque
1776 4971 2119 5039 apud-Deum

554 5076 697 5128 esse,
730 5060 1013 5116 hominum
1044 5068 1099 5114 et
1118 5059 1492 5129 iumentorum
1535 5047 1735 5132 genus,
1767 5063 1882 5117 sola
1909 5071 2117 5117 tantum

2232 3967 2546 4039 δεχόμενον,
2608 3967 2855 4021 εὐσεϐέσι
2919 3967 2975 4020 δὲ
3026 3969 3201 4040 χῶρον
3248 3968 3434 4041 ἕτερον
3502 3969 3804 4040 ἀνειμένον.

2246 4061 2604 4132 Ἐλογισάμην
2648 4061 2705 4114 δὲ
2746 4060 2925 4115 πάντα
2970 4061 3134 4134 ὅμοια
3185 4061 3451 4133 ὑπάρχειν
3493 4062 3642 4134 παρά
3687 4062 3806 4133 Θεῷ

2229 4130 2541 4225 νομίζεσθαι
2562 4130 2666 4207 καὶ
2704 4130 3017 4224 κρίνεσθαι,
3046 4130 3239 4217 ταὺτὸν
3267 4130 3406 4207 εῖναι
3438 4130 3680 4217 δικαίους
3708 4130 3804 4208 καῖ

2232 4224 2474 4310 ἀδίκους,
2517 4244 2709 4314 λογικά
2756 4245 2852 4298 καὶ
2897 4244 3086 4312 ἄλογα.
3115 4224 3330 4335 [Χρόνον
3371 4262 3431 4298 τε
3463 4244 3570 4316 γὰρ
3599 4245 3805 4299 ἅπασιν

2229 4336 2430 4406 ὁμοίως
2477 4334 2983 4406 ὲπιμεμετρῆσθαι,
3034 4335 3126 4388 καὶ
3153 4334 3382 4388 θάνατον
3420 4335 3799 4406 ἐπηρτῆσθαι,

2229 4398 2421 4491 ταύτόῇ
2448 4441 2515 4480 τε⁴
2541 4423 2675 4479 εἶναι
2708 4425 2858 4495 παρά
2884 4425 3004 4496 Θεῷ
3047 4426 3256 4496 κτηνῶν
3285 4443 3346 4480 τε
3373 4425 3467 4479 καὶ
3500 4425 3801 4500 ἀνθρώπιον

2229 4500 2403 4589 φῦλα(
2434 4520 2709 4592 διαφέρειν
2739 4522 2795 4575 δὲ
2826 4519 3067 4591 ἀλλήλων
3087 4558 3101 4581 ,
3138 4520 3283 4590 μόνῳ
3309 4517 3388 4589 τῷ
3414 4519 3661 4590 ὲνάρθρῳ
3703 4510 3819 4589 τῆς)
3880 4564 3889 4573 .

2230 4610 2411 4679 φωνῆς
2433 4625 2446 4638 ·
2494 4609 2810 4680 συμϐαίνειν
2839 4609 2895 4662 δὲ
2926 4609 3106 4671 αὑτοῖς
3140 4610 3355 4662 ἅπαντα
3404 4610 3757 4680 παραπλήσια
3782 4648 3799 4671 ,

2226 4701 2320 4753 καὶ
2348 4702 2436 4754 τὸν
2469 4700 2694 4754 θάνατον
2732 4703 2959 4770 χωρεῖν,
2994 4700 3145 4754 οὐδὲν
3182 4700 3380 4771 μᾶλλον
3410 4701 3503 4752 ἐπὶ
3532 4700 3601 4753 τὰ
3637 4699 3800 4754 λοιπά

2224 4793 2333 4847 τῶν
2378 4791 2560 4869 ζώων,
2597 4794 2740 4864 ἥπερ
2787 4795 2883 4847 καὶ
2919 4794 3006 4846 ἐπ’
3036 4791 3356 4862 ἀνθρώπους
3398 4792 3529 4861 (99).
3575 4790 3800 4863 Πνεῦμα

2223 4885 2332 4956 γὰρ
2364 4886 2528 4938 πᾶσιν
2558 4885 2740 4955 ὅμοιον
2771 4881 2908 4938 εἶναι
2927 4926 2941 4949 ,
2977 4886 3069 4938 καὶ
3100 4885 3260 4939 πλέον
3306 4885 3571 4956 ὑπάρχειν
3604 4887 3660 4939 ἐν
3701 4887 3799 4939 ἀν·-

2223 4976 2459 5049 θρώποις
2493 4977 2653 5047 μηδὲν
2671 5016 2686 5041 ,
2715 4976 2851 5029 ἀλλά
2878 4977 3053 5031 πάντα
3094 4978 3175 5029 ἐνὶ
3207 4976 3351 5047 λόγῳ
3378 4972 3517 5030 εἶναι
3549 4977 3754 5048 μάταια
3776 5017 3795 5041 ,

2223 5068 2330 5122 ἀπὸ
2360 5069 2460 5139 τῆς
2497 5067 2669 5137 αὐτῆς
2713 5068 2813 5138 γῆς
2854 5067 3086 5121 λαϐόντα
3113 5068 3213 5138 τὴν
3258 5067 3517 5122 σύστασιν
3540 5107 3554 5131 ,
3586 5068 3680 5121 καὶ
3712 5068 3796 5131 εἰς

554 5154 840 5211 articulate
875 5152 1024 5209 vocis
1052 5150 1356 5222 prolatione
1381 5150 1522 5206 inter
1549 5167 1609 5207 se
1635 5153 1883 5222 differre;
1912 5154 2118 5225 reliqua

2235 5162 2320 5232 τὴν
2345 5159 2511 5229 αὑτὴν
2530 5161 2630 5231 γῆν
2660 5158 2849 5223 ἕξοντα
2869 5158 2965 5228 τὴν
2986 5158 3262 5213 ἀνάλυσιν.
3281 5157 3507 5229 ’Ἄδηλον
3526 5158 3634 5229 γὰρ
3652 5153 3792 5211 εἶναι
3812 5236 3813 5239 η

627 5340 1271 5492 (197))υξναντιῗζτήτων.
1315 5371 1574 5444 Anglicus
1604 5374 1750 5439 cod.,
1793 5376 2116 5429 ἐναντιωτά-

553 5456 678 5493 των.
715 5455 844 5494 υυο.

627 5508 738 5585 (98)
782 5509 903 5585 ζῶν
926 5510 1216 5585 πράξεων.
1247 5511 1351 5585 Ms.
1383 5512 1575 5585 Medic.
1595 5554 1610 5577 ,
1642 5514 1750 5568 τῶν
1778 5514 2116 5585 πραγμάτων

554 5579 756 5656 ἡγοῖτο.
777 5579 920 5656 _D_uc_.
944 5598 959 5645 ;
991 5592 1058 5656 et_
1068 5584 1147 5656 sic
1169 5584 1476 5656 legendum,
1501 5584 1604 5646 vel,
1619 5579 2044 5656 tvavrtorﬂéwv.

626 5646 736 5718 (99)
764 5648 952 5722 Οροδὲν
980 5646 1280 5717 μᾶλλον-ᾖ.
1321 5653 1413 5705 ἐπ’
1446 5652 1812 5722 ἀνθρώπους.
1846 5646 1957 5709 Nec
1982 5670 2117 5708 mor-

555 5725 657 5768 tem
700 5719 877 5793 mqgis
913 5720 963 5771 in
992 5732 1199 5793 steterit
1225 5723 1229 5727 ’
1254 5724 1532 5793 animalia,
1555 5719 1733 5793 ⁷ᾳιιιιηι
1784 5727 1836 5777 in
1883 5727 2113 5778 homines

553 5788 808 5855 grauari.
838 5786 949 5841 Iloc
973 5789 1131 5856 dicit,
1175 5792 1350 5861 inquit
1387 5786 1747 5863 Hieronymus
1773 5835 1786 5860 ,
1832 5811 1937 5849 non
1971 5799 2113 5864 quod

2225 5381 2459 5435 animam
2482 5388 2633 5450 putet
2655 5379 2829 5450 perire
2849 5395 2970 5434 cum
2999 5395 3261 5449 corpore;
3284 5381 3366 5436 vel
3399 5396 3566 5434 unum
3594 5380 3786 5437 bestiis

2218 5464 2272 5504 et
2316 5451 2625 5521 hominibus
2652 5450 2940 5521 praeparari
2986 5450 3164 5504 locum
3189 5469 3201 5504 :
3235 5453 3327 5504 sed
3358 5451 3502 5521 quod
3532 5460 3656 5521 ante
3681 5452 3784 5505 ad-

2215 5528 2439 5573 ventum
2474 5520 2675 5573 Christi
2718 5519 2901 5573 omnia
2941 5521 3006 5574 ad
3042 5520 3247 5575 inferos
3280 5519 3483 5590 pariter
3512 5520 3747 5574 ducet-en
3769 5553 3783 5562 -

2220 5599 2326 5642 tur.
2361 5590 2514 5655 Quod
2544 5605 2610 5643 ne
2636 5600 2885 5657 putemus
2908 5590 3015 5647 dici
3040 5591 3202 5644 etiam
3230 5591 3297 5644 de
3329 5590 3534 5654 anima,
3561 5590 3777 5645 intulit:

2224 5660 2413 5711 Omnia
2457 5660 2597 5727 facta
2625 5668 2745 5711 sunt
2767 5659 2831 5711 de
2858 5669 3019 5722 terra,
3049 5672 3097 5713 et
3135 5669 3452 5713 revertentur
3475 5661 3529 5712 in
3560 5669 3780 5717 terram.

2224 5728 2295 5781 De
2328 5740 2465 5781 terra
2494 5740 2665 5782 (mlem
2697 5728 2830 5782 nihil
2860 5732 2960 5782 nisi
2991 5744 3176 5799 corpus
3212 5728 3409 5799 factum
3433 5739 3526 5783 est.
3558 5729 3707 5784 "tu.
