4090 6372
319 379 424 435 SD91
1365 374 1848 430 METAPHRASIS
1886 375 1951 430 IN
1994 373 2527 430 ECCLESIASTEN.
3469 374 3573 428 998

319 495 449 564 περί
479 511 538 546 τε
570 493 679 547 τῶν
706 492 1058 563 ἀνθρωπίνων
1088 493 1298 564 ψυχῶν,
1321 497 1368 547 εί
1395 495 1796 563 ἀναπτήσονται
1924 532 1934 555 λ

1959 501 2179 554 ,autem
2231 493 2414 547 omnia
2465 493 2594 562 ipsis
2631 493 2820 548 eodem
2862 493 3026 549 modo
3071 493 3422 566 contingere;
3481 495 3574 549 20.

316 587 452 647 ἄνω,
483 586 574 638 καὶ
598 587 725 656 περὶ
752 586 860 638 τῶν
889 586 1088 650 λοιπῶν
1115 585 1180 648 ἃς
1209 585 1278 638 τὰ
1307 585 1474 654 ἄλογα
1501 587 1822 656 κέκτηνται,
1849 586 1899 637 εἰ

1996 584 2105 640 Nec
2139 595 2368 640 mortem
2405 586 2580 656 magis
2618 587 2671 641 in
2703 595 2895 641 caatera
2923 589 3178 642 animalia
3203 605 3365 658 quam
3398 589 3451 644 in
3482 590 3580 644 ho-

316 678 469 730 κάτω
493 677 932 748 διαρῤυήσονται.
979 678 1092 730 Καὶ
1124 678 1152 730 ὃ
1185 694 1273 746 μοι
1303 677 1478 729 ἐδόκει
1522 676 1685 747 μηδὲν
1714 677 1900 746 ἕτερον

1999 677 2174 730 mines
2208 678 2466 746 grassari.
2526 677 2617 730 21.
2655 674 2922 731 Omnibus
2951 678 3095 731 enim
3124 680 3386 748 aequalem
3418 680 3579 748 spiri-

318 769 585 839 ὑπάρχειν
635 767 871 835 ἀγαθὸν,
913 770 959 820 εί
1011 767 1086 838 μὴ
1131 769 1310 838 τρυφὴ
1351 767 1585 820 καὶτῶν
1620 768 1902 838 παρόντων

1999 774 2113 820 tum
2145 782 2303 833 esse,
2345 783 2444 822 nec
2472 769 2768 837 quidquam
2814 771 3038 831 omnino
3063 772 3296 839 amplius
3329 773 3577 828 homines

315 858 534 930 χρῆσις.
581 861 655 912 Ού
704 859 812 930 γάρ
853 855 991 920 εἶναι
1036 859 1196 912 πάλιν
1229 859 1450 930 ᾠήθην.
1487 858 1579 911 ἐπὶ
1619 858 1715 929 τὴν
1757 858 1894 912 ἀπό-

2003 856 2239 923 habere;
2275 858 2368 911 sed
2395 867 2614 924 cuncta,
2650 868 2710 912 ut
2737 876 2845 912 uno
2876 861 3040 915 verbo
3067 864 3267 926 dicam,
3293 879 3430 916 vana
3457 879 3580 919 esse

313 951 505 1004 λαυσιν
534 952 736 1005 τούτων
767 952 940 1004 ἐλθεῖν
971 951 1193 1006 δυνατὸν
1214 993 1240 1018 ,.
1265 950 1408 1016 ἅπαξ
1441 948 1711 1022 ἀνθρώπῳ
1737 949 1896 1002 θανά-

2003 949 2072 1002 ab
2096 950 2283 1004 eadem
2312 959 2455 1004 terra
2483 954 3004 1020 coagtnentationem
3029 953 3300 1018 habentia,
3334 965 3494 1024 atque
3523 956 3579 1009 in

315 1059 411 1094 του
442 1043 788 1113 γευσαμένῳ.
877 1051 883 1059 '
1009 1032 1013 1040 ’

2003 1041 2250 1096 eamdem
2303 1050 2504 1096 terram
2551 1041 2849 1111 dilapsura.
2921 1045 3192 1098 Incertum
3241 1046 3388 1099 enim
3435 1061 3577 1112 esse,

315 1141 436 1188 tum
469 1135 536 1189 de
568 1135 825 1191 humanis
865 1136 1170 1201 animabus,
1201 1151 1270 1190 an
1298 1149 1533 1190 sursum
1563 1133 1927 1188 convolaturte
1970 1133 2110 1199 sint;
2147 1142 2260 1188 tum
2288 1133 2355 1187 de
2399 1134 2623 1203 reliquis
2660 1151 2796 1204 quas
2823 1136 3078 1191 animalia
3109 1139 3315 1192 ratione
3338 1142 3578 1195 carentia

317 1239 667 1298 acceperunt,
689 1244 757 1284 an
779 1230 1034 1284 deorsum
1059 1229 1364 1284 diﬂluxuraz
1391 1229 1532 1294 sint;
1565 1228 1656 1282 22.
1685 1228 1762 1282 Ac
1787 1228 1918 1281 mihi
1952 1228 2159 1282 nullum
2217 1227 2362 1282 aliud
2428 1229 2629 1283 bonum
2674 1245 2794 1284 esse
2832 1231 3135 1295 videbatur,
3175 1250 3338 1303 quam
3373 1235 3582 1292 delicia:

315 1332 371 1376 et
400 1323 748 1392 praesentium
777 1325 1188 1378 commodorum
1213 1339 1366 1380 usus.
1411 1322 1597 1393 Neque
1651 1324 1796 1378 enim
1833 1323 1946 1376 ﬁeri
1991 1337 2152 1391 posse
2198 1321 2407 1392 putavi,
2452 1331 2506 1376 ut
2537 1323 2828 1393 quisquam
2875 1340 3065 1380 rursus
3095 1327 3163 1382 ad
3201 1328 3579 1398 percipiendas

318 1417 622 1486 voluptates
653 1418 909 1484 accedat,
969 1429 1319 1490 posteaquam
1356 1428 1585 1474 mortem
1615 1418 1781 1475 semel
1808 1416 2126 1489 degustarit.

917 1514 1168 1568 ΚΕΦΑΛ.
1209 1515 1281 1568 Δ’.
1874 1565 1876 1567 .

1874 1565 1876 1567 ,
2589 1512 2815 1568 CAPUT
2889 1512 2974 1567 IV.

399 1598 532 1652 Ἀπὸ
555 1600 613 1654 δὲ
640 1601 844 1656 τούτων
879 1603 1106 1656 ἀπασῶν
1137 1604 1375 1674 ἐμαυτὸν
1405 1605 1738 1676 ἐπιστρέψας
1783 1604 1890 1658 τῶν
1930 1652 1938 1664 ,
1993 1669 1996 1672 ,

1993 1669 1996 1672 ἢ
2070 1603 2120 1655 1.
2148 1601 2230 1657 Ab
2251 1603 2316 1658 iis
2333 1603 2588 1660 omnibus
2605 1607 3026 1675 cogitationibus
3044 1607 3288 1663 animum
3313 1626 3578 1667 revocans

315 1691 536 1745 ἐννοιῶν
578 1694 1000 1765 κατεσκεψάμην
1043 1697 1135 1748 καὶ
1167 1696 1522 1768 ἀπεστράφην
1563 1698 1736 1751 πάντα
1775 1695 1887 1766 εἴδη

1995 1691 2360 1762 consideravi,
2392 1705 2555 1766 atque
2585 1708 2867 1754 aversatus
2897 1714 3018 1753 sum
3053 1702 3235 1755 omnia
3270 1704 3578 1773 sycophan-

317 1785 691 1888 συκρφαντιῶν
739 1786 810 1839 τὰ
857 1787 916 1839 ὲν
951 1787 1259 1860 ἀνθρώποις
1305 1789 1660 1860 πλαζόμενα,
1712 1788 1772 1854 ἐξ
1816 1783 1890 1842 ὧν
1926 1834 1932 1888 1

1961 1840 1967 1884 ἶ
1998 1787 2196 1840 tiarum
2228 1802 2426 1856 genera
2454 1788 2596 1843 inter
2629 1790 2878 1846 homines
2908 1793 3178 1858 errantia,
3207 1795 3406 1861 quibus
3437 1811 3576 1850 non-

313 1845 476 1966 7W4;-
498 1877 596 1948 μὲν
629 1878 970 1950 ἀδικούμενοι
1003 1845 1295 1951 δακρύουσι
1340 1845 1441 1935 καί
1471 1845 1771 1954 θρηνοῦσι,
1805 1881 1894 1953 βίᾳ
1926 1881 1928 1888 ’

1962 1864 1967 1884 ’
1998 1878 2130 1932 nulli
2151 1878 2336 1948 inique
2362 1879 2721 1934 circumventi
2741 1898 2804 1936 ac
2821 1898 2917 1951 per
2945 1883 3053 1937 vim
3072 1885 3286 1953 dejecti,
3307 1887 3577 1959 lacrymas

315 1971 782 2041 καταϐεϐλημέναι
812 1972 920 2025 τῶν
957 1974 1344 2044 ἐπαμυνόντων
1378 1974 1453 2043 (2)
1478 2015 1492 2039 ,
1538 1976 1571 2047 ἢ
1619 1976 1756 2040 ὅλως
1788 1994 1892 2028 πα-

1997 1966 2230 2022 fttndunt
2282 1976 2446 2038 atque
2512 1969 2916 2040 ingeniiscunt;
2976 1974 3214 2044 undique
3261 1977 3330 2030 ab
3384 1978 3577 2033 amicis

317 2062 779 2133 ραμυθησομένων
808 2065 1003 2128 αὐτοὺς
1032 2064 1218 2136 πάσης
1252 2063 1589 2134 πανταχόθεν
1637 2065 1896 2135 κατεχού-

1994 2074 2221 2128 prorsus
2271 2059 2492 2129 inopes,
2543 2061 2638 2131 qtti
2686 2079 2874 2117 eorum
2899 2080 3119 2119 causam
3170 2077 3450 2133 tueantur,
3484 2080 3578 2123 aut

318 2170 416 2223 σης
448 2155 711 2228 ἀπορίας·
747 2158 794 2208 oi
827 2157 882 2209 δὲ
911 2157 1209 2228 χειροδίκαι
1251 2160 1329 2221 εἰς
1359 2156 1489 2226 ὕψος
1528 2157 1799 2229 αἴρονται,
1835 2157 1893 2223 ἐξ

1995 2159 2143 2204 certe
2169 2149 2400 2205 aﬂlictos
2425 2153 2798 2208 consolentur.
2831 2155 2899 2209 At
2921 2171 3050 2210 vero
3077 2157 3297 2212 violenti
3328 2159 3578 2214 homines

313 2242 374 2299 οῦ
403 2247 497 2299 καὶ
529 2248 836 2302 πεσοῦνται.
863 2249 982 2304 Τῶν
1004 2249 1060 2302 δὲ
1079 2249 1278 2304 ἀδίκων
1309 2251 1403 2304 καὶ
1431 2235 1698 2323 θρασέων,
1715 2253 1763 2304 oi
1797 2250 1895 2321 μὲν

1991 2241 2191 2311 jusque
2213 2243 2268 2296 in
2295 2243 2547 2298 manibus
2569 2244 2848 2310 habentes,
2868 2247 2921 2300 in
2945 2248 3177 2304 sublime
3201 2253 3490 2315 vehuntur,
3507 2253 3577 2307 ob

318 2339 700 2402 ἀποθανόντες,
749 2341 970 2411 ἄμεινον
1010 2342 1163 2413 παρὰ
1204 2344 1330 2406 τοὺς
1373 2343 1532 2413 μέχρι
1564 2341 1658 2396 νῦν
1691 2340 1897 2406 ζῶντας

1997 2350 2231 2404 eamque
2261 2351 2482 2390 causam
2518 2347 2794 2391 corruent.
2834 2338 2888 2393 2.
2928 2338 3218 2396 Enimvero
3250 2361 3313 2396 ex
3347 2360 3577 2400 consce-

317 2427 580 2499 ἕπραξαν.
599 2427 968 2500 Αίρετώτερος
987 2429 1044 2482 δὲ
1064 2429 1268 2482 τούτων
1294 2429 1638 2500 ἀμφοτέρων,
1664 2428 1692 2479 ὁ
1713 2429 1897 2499 ὅμοιος

2001 2423 2186 2478 leratis
2215 2433 2268 2478 et
2296 2425 2615 2491 audacibus,
2658 2427 2696 2480 ii
2739 2428 2834 2495 qui
2873 2444 2938 2480 ex
2972 2429 3076 2484 hac
3105 2431 3212 2486 vita
3247 2433 3576 2503 migrarunt,

315 2524 499 2586 αὐτοῖς
543 2521 816 2593 ἐσόμενος,
866 2519 1175 2592 μηδέπωκδὲ
1209 2521 1284 2591 (5)
1335 2519 1591 2589 γεγονὼς,
1635 2521 1716 2573 ὅτι
1745 2518 1896 2573 οῦπω

1999 2517 2220 2571 meliore
2251 2519 2564 2574 conditione
2603 2530 2760 2585 sunt,
2805 2537 2970 2592 quam
3019 2525 3112 2592 qui
3152 2527 3448 2579 etiamnum
3493 2527 3546 2580 vi

316 2615 414 2684 τῆς
443 2614 584 2666 κατὰ
604 2612 921 2685 ἀνθρώπους
948 2613 1124 2684 ἥψατο
1147 2602 1438 2684 πονηρίας.
1467 2613 1699 2685 Φανερδν
1725 2612 1781 2665 δέ
1807 2629 1896 2682 μοι

1997 2614 2153 2659 vunt.
2197 2605 2250 2659 5.
2284 2597 2542 2677 Utrisque
2575 2621 2756 2664 autem
2799 2611 3200 2679 praeferendus,
3245 2616 3338 2685 qui
3381 2617 3577 2673 similis

315 2707 531 2774 ἐγένετο
580 2707 674 2758 καὶ
722 2705 917 2768 ὁπόσος
964 2705 1120 2776 ἀνδρὶ
1152 2704 1355 2773 φθόνος
1399 2704 1548 2776 παρά
1592 2704 1700 2758 τῶν
1728 2695 1897 2767 πέλας

1997 2712 2186 2751 eorum
2213 2697 2434 2754 futurus
2464 2710 2566 2765 est,
2601 2717 2700 2756 nec
2729 2711 2945 2758 creat-us
2970 2705 3148 2759 adhuc
3174 2717 3290 2773 est;
3317 2709 3576 2777 quoniam

315 2794 526 2856 ἕπεται,
572 2792 786 2866 οἶστρος
831 2795 1091 2866 ὑπάρχων
1135 2795 1370 2866 πονηροῦ
1413 2795 1720 2866 πνεύματος
1753 2812 1766 2825 °
1803 2796 1898 2848 καὶ

1997 2786 2282 2842 hominum
2324 2790 2724 2859 improbitatem
2756 2796 2999 2848 nondum
3038 2797 3234 2868 attigit.
3275 2799 3330 2852 4.
3363 2798 3581 2867 Perspi-

314 2885 396 2937 ὅτι
424 2887 452 2938 ό
482 2884 877 2955 ὑποδεξάμενός
904 2903 964 2938 τε
990 2884 1172 2945 αὑτὸν.
1204 2887 1298 2938 καὶ
1319 2887 1479 2939 οἱονεὶ
1509 2883 1898 2958 προστερνισά-

1999 2892 2160 2932 cuum
2191 2881 2324 2934 mihi
2348 2897 2566 2951 quoque
2593 2882 2796 2938 factum
2831 2895 2934 2949 est,
2967 2897 3167 2956 quanta
3200 2890 3574 2958 proximorum

320 2993 499 3046 μενος,
533 2977 686 3030 οὐδὲν
727 2979 913 3050 ἕτερον
952 2978 1084 3049 ἔχει,
1128 2978 1162 3050 ἢ
1204 2977 1265 3031 τὸ
1291 2977 1542 3031 διεσθίειν
1573 2977 1672 3049 τὴν
1703 2977 1896 3031 ἑαυτοῦ

1992 2970 2207 3025 invidia
2243 2972 2473 3041 probum
2506 2974 2682 3029 virum
2726 2989 3007 3046 sequatur,
3041 2989 3268 3034 (nstrum
3308 2982 3579 3036 exsistens

314 3068 511 3139 ψυχὴν,
546 3071 640 3122 καὶ
671 3069 942 3141 διαπρίειν
963 3087 1024 3122 τε
1052 3070 1144 3122 καὶ
1163 3069 1405 3141 δαπανᾷν
1433 3069 1569 3140 μετὰ
1594 3069 1688 3122 τοῦ
1721 3068 1898 3140 σώμα-

2001 3061 2202 3134 impuri
2221 3065 2466 3133 spiritus.
2511 3067 2565 3120 5.
2592 3065 2858 3138 Quodque
2889 3071 2936 3124 is
2961 3071 3051 3140 qui
3085 3071 3225 3127 hanc
3249 3075 3576 3143 susceperit,

313 3178 401 3224 τος
455 3161 648 3216 ἑαυτοῦ
704 3162 880 3234 λύπην
932 3162 1384 3234 ἀπαραμύθητον,
1439 3163 1538 3234 τὴν
1583 3163 1690 3217 τῶν
1723 3163 1928 3240 ἄλλωνΙ

1956 3198 1966 3252 ι
2001 3171 2066 3212 ac
2092 3157 2241 3212 velut
2264 3167 2480 3226 pectore
2502 3161 2821 3229 complexus
2846 3163 3027 3228 fuerit,
3060 3165 3194 3218 nihil
3219 3165 3364 3220 aliud
3389 3166 3571 3233 habet.

315 3255 621 3326 εὐπραγίαν
658 3255 940 3327 τιθέμενον
964 3256 1059 3327 (4).
1096 3255 1307 3309 Ἔλοιτο
1335 3256 1378 3309 δ’
1404 3255 1469 3310 ἀν
1495 3273 1579 3319 τις
1599 3252 1658 3310 εὖ
1682 3257 1892 3329 φρονῶν

1962 3249 1964 3252 ’
1999 3264 2162 3318 quam
2196 3249 2342 3318 quod
2381 3250 2618 3304 animam
2661 3268 2815 3307 suam
2840 3267 2992 3309 exest
3012 3265 3064 3310 et
3095 3256 3352 3322 dissecat,
3385 3259 3577 3313 simul-

316 3347 548 3420 θατέραν
595 3349 875 3419 ἐμπλῆσαι
925 3348 1034 3401 τῶν
1084 3348 1304 3420 χειρῶν,
1357 3350 1476 3420 σὺν,
1506 3348 1754 3421 ῥᾳστώνη
1800 3352 1893 3404 καὶ

2001 3355 2107 3408 que
2129 3356 2253 3394 cum
2281 3355 2509 3411 corpore
2532 3342 2802 3411 absumit;
2823 3361 3111 3401 maerorem
3138 3350 3573 3417 acerbissimum,

315 3442 603 3512 πραότητι,
645 3441 788 3514 ἢπερ
827 3441 1143 3512 ἀμφοτέρας
1191 3441 1287 3494 σὺν
1323 3440 1524 3512 μόχθῳ,
1556 3441 1650 3515 καὶ
1675 3426 1891 3519 δολεροῦ

2001 3447 2101 3486 nec
2124 3432 2318 3486 solatio
2350 3433 2457 3486 ullo
2488 3433 2861 3504 mitigabilem,
2895 3438 3126 3491 aliorum
3159 3442 3569 3509 prosperitatem

315 3532 622 3604 πνεύματος
651 3533 976 3604 πανουργίᾳ.
1021 3534 1176 3586 Ἔστι
1205 3531 1262 3585 δέ
1293 3533 1471 3604 τιᾼκαὶ
1503 3532 1688 3604 ἕτερον
1707 3573 1722 3598 ,
1756 3534 1892 3603 ὅπερ

1999 3521 2337 3578 existimans.
2370 3524 2423 3578 6.
2447 3523 2610 3596 Atqui
2645 3529 2964 3596 praaoptarit
2997 3530 3079 3582 vir
3110 3531 3328 3600 sapiens
3362 3541 3415 3586 et
3451 3549 3573 3588 cor-

315 3602 780 3694 οἷδαίσυμόαῖνον
831 3602 985 3698 παρὰ
1032 3623 1094 3678 τὸ
1147 3602 1440 3697 προσῆκον,
1494 3602 1685 3696 ἀνδρὸς
1731 3602 1893 3678 ἕνεκα

2000 3612 2182 3681 datus,
2209 3617 2433 3671 alteram
2461 3633 2684 3672 manum
2709 3635 2832 3674 cum
2857 3619 3115 3676 facilitate
3144 3632 3197 3676 et
3229 3623 3448 3678 levitate
3475 3625 3576 3679 im-

315 3713 686 3784 προαιρέσεως
705 3715 805 3766 οὐκ
827 3713 1057 3784 ἀγαθῆς.
1087 3715 1183 3776 Ὃς
1209 3714 1587 3784 μεμονωμένος
1607 3713 1889 3778 πάντοθεν,

2000 3705 2179 3775 plere;
2217 3723 2382 3776 quam
2413 3717 2704 3779 utramque
2733 3726 2854 3764 cum
2889 3727 3132 3766 aerumna
3162 3723 3214 3768 et
3242 3713 3575 3770 fraudulenti

315 3802 408 3854 καὶ
441 3801 564 3854 οῦτε
594 3802 819 3872 ἀδελφὸν
846 3804 1003 3874 ἔχων,
1032 3803 1154 3857 οῦτε
1178 3803 1312 3869 υίὸν,
1337 3807 1578 3876 κτήμασι
1603 3805 1660 3858 δὲ
1681 3805 1893 3870 πολλοῖς

2001 3796 2228 3866 spiritus
2268 3798 2559 3854 calliditate
2602 3808 2655 3854 et
2697 3803 2957 3855 versutia.
3003 3802 3055 3857 7.
3087 3793 3183 3858 ESt
3223 3812 3277 3858 et
3314 3807 3570 3874 quiddam

314 3893 729 3964 εὐθηνούμενος,
778 3895 1052 3965 ἀπληστίᾳ
1091 3895 1288 3959 συζῶν,
1324 3897 1648 3968 χρηστότητι
1703 3897 1892 3950 ἑαυτὸν

2002 3889 2173 3952 aliud,-
2205 3890 2349 3959 quod
2383 3901 2574 3958 praeter
2605 3890 2690 3946 fas
2712 3899 2767 3946 et
2793 3909 3010 3963 aequum
3035 3894 3239 3949 homini
3269 3897 3340 3952 ob
3367 3897 3573 3966 impro-

311 3984 427 4036 οὐθ’
459 3984 596 4045 ὅλως
623 3983 800 4037 ὁτιοῦν
839 3984 1115 4039 ἐπιδοῦναι
1145 3986 1310 4041 θέλει.
1356 3987 1552 4051 Ἡδέως
1582 3983 1675 4040 οῦν
1701 3987 1768 4041 ἂν
1792 3989 1892 4042 αύ-

2001 3981 2124 4034 bam
2158 3982 2490 4036 voluntatem
2536 3984 2850 4053 contingere
2894 3986 3027 4040 scio.
3085 3985 3141 4039 8.
3186 3984 3290 4051 Qui
3333 3989 3572 4058 undique

311 4076 407 4127 τὸν
453 4074 698 4146 ἐροίμην,
743 4075 866 4127 ὅτου
912 4075 1070 4146 χάριν
1101 4078 1128 4129 ὁ
1159 4077 1399 4140 τοιοῦτος
1445 4077 1663 4149 μοχθεῖ,
1698 4077 1760 4130 τὸ
1795 4080 1892 4149 μὲν

2001 4072 2152 4126 solus
2177 4073 2417 4128 relictus.
2459 4088 2558 4126 nec
2580 4071 2800 4128 fratrem
2826 4090 2925 4130 nec
2949 4075 3118 4128 tilium
3151 4076 3373 4140 habens,
3400 4077 3571 4132 facul-

312 4165 516 4234 ἀγαθόν
545 4183 597 4218 τι
630 4165 823 4237 δρᾶσαι
881 4168 1260 4239 προτροπάδην
1282 4167 1518 4236 φεύγων,
1541 4169 1811 4232 ποικίλαις
1835 4171 1892 4222 δὲ

2003 4163 2206 4217 tatibus
2229 4171 2287 4217 et
2310 4163 2483 4232 copiis
2521 4163 2766 4230 allluens,
2810 4165 3118 4235 inexplebili
3156 4166 3450 4235 cupiditate
3479 4184 3571 4222 ar-

313 4257 409 4310 τοῦ
441 4257 884 4328 χρηματίσασθαί
933 4257 1095 4311 ποθεν
1146 4257 1460 4330 ἐπιθυμίαις
1498 4259 1888 4332 διασπώμενος.

1998 4253 2109 4319 det,
2157 4269 2257 4310 nec
2309 4256 2681 4312 beneﬁcentia:
2734 4267 2897 4327 atque
2946 4259 3268 4314 humanitati
3303 4276 3360 4314 se
3388 4261 3565 4330 ipsum

317 4347 500 4419 Πολλῷ
522 4348 579 4400 δὲ
601 4349 788 4402 τούτου
813 4347 1051 4418 βελτίους
1075 4349 1123 4401 οἳ
1144 4349 1426 4404 κοινωνίαν
1454 4351 1571 4421 ἅμα
1589 4350 1706 4420 βίου
1726 4351 1894 4403 ὲστεί-

2001 4347 2112 4400 ullo
2148 4348 2311 4402 modo
2352 4349 2564 4404 tradere
2602 4349 2768 4419 cupit.
2805 4349 2881 4404 Ex
2912 4364 2978 4406 eo
3004 4350 3167 4420 igitur
3202 4351 3394 4406 lubens
3421 4369 3569 4422 qua:-

315 4442 494 4505 λαντο,
510 4442 568 4508 ἐξ
581 4436 648 4513 ἧς
668 4427 960 4512 καρποῖντο
974 4440 1038 4494 ἂν
1051 4440 1119 4493 τὰ
1135 4439 1386 4511 βέλτιστα
1401 4439 1525 4512 (4⁹);
1549 4440 1652 4494 Δύο
1664 4439 1772 4513 γὰρ
1801 4443 1892 4496 ἀν-

2001 4439 2242 4506 siverim,
2283 4456 2449 4511 quam
2497 4442 2568 4496 ob
2614 4457 2837 4497 causam
2880 4443 3157 4498 laboribus
3197 4459 3256 4498 se
3294 4445 3567 4511 conﬁciat,

315 4534 457 4604 δρῶν
485 4538 597 4599 τοῖς
621 4535 805 4598 αὐτοῖς
833 4533 1152 4605 πράγμασιν
1182 4533 1357 4604 ὀρθῶς
1385 4534 1815 4607 προσκειμένων,
1843 4537 1890 4588 εί
1921 4551 1930 4606 ]

1951 4529 2126 4604 »1)οηὶ
2173 4530 2391 4600 quidem
2448 4532 2655 4602 aliquid
2710 4532 2888 4588 facere
2934 4549 3282 4602 summopere
3329 4534 3566 4606 fugiens,

317 4627 412 4680 καὶ
449 4627 663 4698 θατέρῳ
706 4628 813 4681 τινὶ
854 4627 1139 4699 προσπέσῃ
1182 4643 1260 4680 τι⁶
1303 4626 1439 4681 ἀλλά
1469 4628 1574 4699 μὴν
1605 4628 1664 4680 ού
1691 4627 1892 4699 μικρὰν

1998 4623 2391 4692 multiplicibus
2426 4633 2608 4679 autem
2645 4635 2888 4695 quaestus
2929 4626 3179 4680 alicunde
3209 4625 3441 4680 faciendi
3465 4643 3566 4681 cu-

315 4719 632 4790 ἐπικουρίαν
672 4719 804 4790 ἔχει,
843 4719 935 4772 τὸν
977 4719 1127 4789 αὐτῷ
1160 4719 1408 4774 συνόντα.
1439 4720 1685 4793 Μεγίστη
1714 4721 1772 4774 δὲ
1799 4721 1894 4774 καὶ

1995 4714 2313 4782 piditatibus
2351 4716 2664 4771 distractus.
2713 4717 2767 4772 9.
2819 4716 3035 4783 Quanto
3077 4715 3291 4772 tandem
3319 4717 3422 4772 hoc
3452 4733 3567 4772 me-

259 4881 261 4884 ⁴
318 4811 573 4883 συμφορὰ
603 4811 872 4884 ἀνθρώπῳ
897 4809 1320 4884 δυσπραγοῦντι,
1363 4811 1456 4865 καὶ
1491 4814 1524 4883 ἡ
1564 4811 1768 4882 ἐρημία
1797 4812 1874 4865 τοὶ

1995 4804 2180 4872 liores,
2206 4806 2300 4876 qui
2324 4807 2449 4862 vitae
2470 4807 2783 4862 societatem
2813 4807 3069 4873 inierunt,
3100 4821 3164 4860 ex
3196 4822 3303 4876 qua
3332 4807 3566 4876 optimos

318 4905 778 4976 ἀνακτησομένου.
811 4906 875 4958 Ui
911 4905 956 4960 δ’
986 4901 1052 4959 αὖ
1083 4905 1400 4976 όμοδίαιτοι,
1428 4905 1521 4958 καὶ
1554 4905 1648 4978 τὴν
1685 4907 1893 4978 εὐπρα-

1994 4897 2206 4955 fructus
2254 4900 2544 4970 decerpere
2580 4901 2818 4970 queant?
2849 4900 2936 4954 l0.
2974 4899 3197 4955 Duobus
3255 4899 3399 4954 enim
3432 4900 3565 4954 viris

317 4996 442 5065 γίαν
477 4997 661 5059 αὐτοῖς
698 4997 1100 5061 ὲδιπλασίασαν,
1147 4997 1242 5050 καὶ
1287 4997 1626 5068 πραγμάτων
1661 4997 1894 5070 ἀϐουλή-

1994 4992 2158 5048 rebus
2206 4992 2399 5049 iisdem
2451 5001 2598 5048 recte
2644 4993 3104 5056 incumbentibus,
3150 4993 3364 5047 etiamsi
3408 4992 3561 5046 alteri

316 5104 424 5140 των
461 5087 704 5159 χειμῶνα
743 5088 1238 5159 παρεμυθήσαντο·
1284 5087 1424 5141 ὥστε
1453 5089 1547 5142 καὶ
1581 5083 1894 5161 μεθημέραν

1995 5084 2274 5156 quidpiam
2317 5084 2530 5141 adversi
2563 5087 2794 5150 accidat,
2827 5095 3010 5140 tamen
3042 5085 3183 5138 haud
3231 5085 3346 5137 leve
3378 5083 3558 5137 subsi.

316 5182 384 5248 τῇ
417 5181 502 5232 ἐπ’
531 5178 779 5250 ἀλλήλοις
800 5178 1213 5249 λαμπρύνεσθαι
1240 5179 1542 5252 παρρησίᾳ,
1567 5173 1659 5233 καί
1679 5179 1893 5250 νύκτωρ

1994 5177 2146 5232 dium
2189 5177 2243 5232 in
2287 5179 2459 5233 sodali
2495 5188 2551 5234 et
2587 5178 2962 5234 contubernali
2993 5191 3093 5232 suo
3119 5175 3354 5245 positum
3376 5173 3561 5228 habet.

391 5336 466 5406 (l)
539 5332 1022 5406 Ἀναπτήσονται.
1067 5333 1295 5391 Codices
1352 5336 1483 5406 regii
1531 5346 1584 5390 et
1639 5334 1889 5402 Thnan.,
1994 5353 2006 5405 ι

1994 5351 2141 5405 pere,
2169 5346 2227 5390 ut
2251 5335 2572 5404 Wolfangus
2602 5335 2766 5399 facit,
2809 5333 2971 5388 nimis
3001 5330 3298 5386 violentum
3325 5327 3459 5384 mihi
3481 5326 3535 5382 vi

317 5403 730 5478 ἀναστήσονται.
763 5403 891 5478 Duc:
1031 5474 1042 5478 _
1207 5474 1230 5478 _
1309 5476 1318 5478 _
1417 5403 1435 5406 ’
1763 5475 1789 5478 _

763 5403 891 5478 Duc.
1031 5474 1042 5478 _
1207 5474 1230 5478 _
1309 5476 1318 5478 _
1417 5403 1435 5406 ’
1763 5475 1789 5478 _
1994 5403 2170 5478 detur.
2210 5407 2359 5478 BILI..

390 5476 467 5558 (2)
497 5468 615 5558 βίᾳ
637 5474 1137 5558 καττιϐερίῃμέγοι
1163 5474 1738 5558 τιῦιςΙέπαμμνόνᾼτωξε.
1763 5475 1894 5558 Post
1997 5547 2005 5558 Ι

1997 5477 2140 5558 μβ)
2179 5473 2550 5558 Μηδέςτωρέ.
2584 5473 2775 5529 Bittius
2802 5490 2868 5528 ex
2909 5468 3031 5526 cod:
3080 5468 3294 5534 Medic.,
3333 5468 3427 5524 και
3457 5483 3547 5541 μη.

321 5544 665 5628 participium
693 5544 1158 5628 καταϐεϐλημένα
1187 5544 1502 5628 collocanda
1532 5556 1615 5600 est
1659 5547 1888 5627 virgula,

963 5545 1158 5628 npévo:
1187 5544 1502 5628 collocanda
1532 5556 1615 5600 est
1659 5547 1888 5627 virgula,
2165 5544 2419 5628 γεγονώς.
2449 5545 2578 5628 Duc.

322 5608 382 5670 ut
418 5608 686 5690 genitivus
731 5608 1640 5690 sequens'énauuvév‘rwvregatur
1675 5631 1706 5669 a
1734 5608 1889 5690 gvcnié

1762 5608 1889 5690 icui;
2064 5619 2139 5690 (4)
2177 5608 2519 5690 Έῶέμένογ.
2560 5614 2691 5668 Cod.
2729 5612 2944 5690 Medic”
2970 5610 3250 5690 τιθέμενος
3304 5608 3377 5664 lo.

283 5704 286 5706 '
323 5681 443 5741 tivo
459 5686 690 5756 ἀπορίας
711 5725 726 5749 ,
763 5681 871 5739 non
905 5695 1084 5757 autem
1117 5681 1154 5757 a
1176 5685 1358 5757 dativo
1390 5681 1508 5756 βίᾳῖ
1531 5685 1714 5754 Neque
1737 5681 1887 5740 cnim
2065 5681 2165 5757 (4³)
2194 5681 2272 5742 Ex
2309 5681 2432 5742 nota
2476 5687 2857 5757 interrogativa
2883 5683 3170 5757 conjicere
3205 5681 3349 5757 licet,
3379 5682 3531 5747 legen

324 5759 376 5809 vi
409 5752 698 5825 dejiciinur
734 5757 802 5828 ah
843 5757 911 5828 iis
939 5756 1043 5828 qui
1071 5755 1227 5828 nobis
1259 5752 1587 5810 succurrunt
1613 5752 1885 5828 ίέπαμυ-

1991 5752 2120 5811 dnin
2150 5752 2326 5828 πόσῳ,
2371 5759 2509 5828 loco,
2544 5753 2767 5828 πολλῶ)
2793 5753 2897 5808 nisi
2944 5752 3424 5821 interrogationem
3465 5762 3548 5803 ex-

325 5823 552 5882 νόντων
575 5836 753 5884 autem
769 5827 888 5882 ἀντὶ
907 5823 997 5880 τοῦ
1020 5826 1346 5895 ἐπαμύνειν
1363 5827 1881 5896 ὀφειλόντωνθρςὶ-

1246 5827 1881 5896 ἐινόερειλόντωνθρςὶ-
1992 5831 2210 5886 clufcre
2245 5823 2415 5896 magis
2447 5827 2674 5894 placeat.
2696 5823 2861 5879 Enn.
