4090 6384
515 349 622 444 sea

1658 379 1715 435 S.
1757 370 2090 436 GREGORll
2131 379 2639 437 THAUMATURGI

3646 383 3788 441 ιοοο

514 500 852 557 Gravissima
875 508 1054 554 autem
1085 507 1170 557 est
1196 498 1482 553 calamitas
1508 498 1718 553 homini
1739 500 1966 553 adversa
1989 498 2089 552 for-

2204 497 2526 568 φαιδρότητι
2557 480 2919 568 σεμνύνεσθαι
2945 496 3043 566 (5).
3104 496 3161 550 '0
3197 495 3254 549 δὲ
3285 493 3396 566 βίον
3425 494 3787 568 ἀκοινώνητον

520 605 650 650 tuna
693 593 887 656 utenti,
934 607 1121 647 carere
1167 595 1345 646 amico
1387 593 1481 662 qui
1523 593 1795 661 jacentem
1836 592 2095 660 luctuque

517 685 778 741 :zlllictum
805 684 1007 738 excitet
1036 699 1100 737 ac
1131 692 1358 738 recreet.
1396 685 1582 753 Atqui
1616 681 1962 737 contubernii
1999 696 2097 734 ne-

516 778 847 833 cessitudine
869 777 1045 845 juncti
1079 783 1227 841 sunt,
1267 784 1322 829 et
1351 775 1597 845 prosperi
1630 788 1922 829 successus
1943 772 2100 826 volu—

516 877 721 940 ptatem
754 869 857 923 sibi
888 868 1121 922 invicem
1170 868 1578 936 conduplicant,
1596 876 1659 931 et
1694 881 1877 920 rerum
1907 872 2099 934 praeter

515 962 849 1015 voluntatem
870 959 1155 1013 ﬂuentium
1175 967 1553 1028 tempestatem
1573 959 1814 1012 leniunt:
1842 958 1929 1011 Η.
1948 956 2098 1010 Adeo

515 1062 577 1107 ut
612 1061 665 1106 et
694 1052 784 1105 ditt
837 1061 1028 1105 mutua
1074 1051 1323 1104 libertate
1372 1051 1775 1120 splendescunt,
1828 1059 1882 1102 et
1931 1056 2098 1102 noctu

512 1142 800 1198 honestate
839 1157 903 1197 ac
946 1143 1210 1211 gravitate
1247 1140 1507 1211 fulgeant.
1542 1140 1628 1195 12.
1659 1138 1863 1195 Contra
1894 1141 1990 1210 qui
2020 1139 2101 1192 vi-

512 1245 623 1290 tam
670 1236 739 1288 ab
784 1233 934 1287 omni
979 1233 1260 1287 hominum
1317 1233 1579 1287 societate
1607 1240 1873 1287 semotam
1925 1231 2095 1296 ducit,

515 1329 840 1383 horrendam
863 1327 1155 1397 quamdam
1187 1328 1350 1379 vitam
1375 1325 1632 1389 traducit,
1657 1339 1768 1379 non
1790 1324 2100 1393 intelligens

514 1436 636 1474 eum
666 1429 871 1474 temere
899 1435 964 1473 ac
987 1419 1297 1488 periculose
1322 1419 1425 1473 sibi
1449 1417 1757 1479 consulere,
1776 1416 1870 1486 qui
1896 1416 2099 1495 multos

517 1514 772 1567 homines
804 1519 994 1566 mutuo
1027 1511 1280 1581 prznsidio
1301 1513 1698 1579 circumseptos
1725 1510 1951 1562 adortus
1982 1506 2099 1561 fue-

512 1608 618 1670 rit;
680 1619 744 1658 ac
794 1612 1051 1672 praeterea
1112 1602 1295 1656 funem
1342 1602 1538 1671 triplici
1588 1616 1730 1655 nexu
1781 1594 2103 1655 contextum

516 1694 945 1764 haudquaquam
972 1691 1131 1769 facile
1161 1692 1420 1762 perfringi
1450 1692 1646 1747 solere.
1707 1691 1791 1744 15.
1822 1688 1936 1760 Ego
1967 1703 2098 1743 vero

510 1787 771 1857 juvenem
805 1800 1122 1855 pauperem,
1163 1786 1326 1839 modo
1363 1783 1651 1853 prudentia
1684 1791 1963 1845 ornatum,
1992 1796 2094 1834 an-

2200 590 2396 657 ἓλκων,
2421 589 2663 661 φρικώδη
2686 591 2806 643 τινὰ
2834 589 3013 659 ἑαυτῷ
3035 588 3268 658 διεξάγει
3292 589 3457 661 ζωὴν,
3483 588 3585 641 οὐκ
3611 588 3787 660 ῂσθη-

2204 682 2382 753 μένος,
2422 683 2498 746 ὡς
2528 684 2575 755 εί
2601 684 2697 736 καὶ
2734 682 2971 735 ὲπίθοιτό
3006 699 3090 745 τις
3117 681 3424 753 ἀνθρώποις
3463 698 3787 752 συμπεφρα-

2196 775 2442 842 γμένοις,
2480 771 2727 843 θρασέως
2772 773 2867 826 καὶ
2911 775 3011 825 οὐκ
3049 772 3304 842 ἀσφαλῶς
3345 772 3655 841 βουλεύεται
3685 772 3784 842 (t3),

2202 864 2403 918 καὶ.ὅτι
2434 852 2557 917 οὐδὲ
2607 867 2816 934 σχοῖνος
2861 864 3064 935 τριπλῇ
3112 864 3309 936 ῥᾳδίως
3337 864 3786 935 ἀπορρήγνυσθαι

2201 957 2461 1025 πέφυκεν.
2488 954 2650 1025 εἙγὼ
2679 955 2737 1009 δὲ
2763 956 2839 1027 (7)
2874 958 3155 1028 προκρίνω
3187 956 3305 1009 νέον
3336 955 3544 1025 πένητα
3577 954 3789 1026 σώφρὸι-

2201 1065 2285 1111 να,
2320 1047 2575 1117 γέροντος
2606 1047 2869 1117 βασιλέως
2898 1047 3153 1117 ἄφρονος,
3255 1045 3506 1117 ἐνθύμιον
3533 1046 3596 1099 ού
3625 1047 3788 1116 γεγέ-

2200 1154 2380 1209 νηται,
2404 1138 2482 1200 ὡς
2509 1137 2729 1190 δυνατόν
2758 1139 2895 1201 ἐστι,
2923 1137 3031 1189 τῶν
3064 1138 3162 1208 μὲν
3192 1139 3258 1191 ἐκ
3282 1137 3378 1191 τοῦ
3411 1138 3786 1210 δεσμωτηρίου

2198 1228 2323 1281 τινὰ
2346 1229 2426 1291 είς
2453 1228 2515 1281 τὸ
2548 1227 2862 1297 βασιλεῦσαι
2890 1229 3245 1299 καταστῆναι,
3280 1228 3443 1281 αὑτὸν
3475 1228 3532 1281 δὲ
3551 1229 3651 1301 τῆς
3674 1229 3788 1283 ἀδί-

2194 1336 2298 1373 κου
2322 1320 2659 1382 δυναστείας,
2689 1318 2912 1382 δικαίως
2945 1318 3169 1386 ὕστερον
3198 1320 3470 1373 ἐκπεσεῖν.
3493 1319 3788 1388 Συμσαίνει

2199 1409 2309 1482 γὰρ
2340 1414 2467 1475 τοὺς
2496 1411 2603 1465 ὑπὸ
2632 1409 2710 1481 τῷ
2739 1410 2844 1481 νέῳ
2882 1411 3000 1482 μὲν,
3035 1410 3266 1483 ἔμφρονι
3301 1411 3360 1464 δὲ
3396 1411 3785 1481 τασσομένους,

2200 1502 2439 1566 ἀλύπους
2474 1499 2613 1556 εἶναι
2648 1504 2774 1566 τοὺς
2811 1503 2924 1556 ὅσοι
2969 1503 3392 1574 προγενέστεροι
3415 1501 3512 1574 (8).
3561 1504 3624 1556 Οἱ
3677 1502 3789 1573 γὰρ

2204 1596 2499 1666 μετέπειτα
2526 1595 2828 1666 γενόμενοι,
2853 1594 2947 1669 διὰ
2974 1594 3036 1648 τὸ
3065 1594 3254 1666 ὲτὲρου
3275 1595 3589 1666 ἀπειράτως
3617 1593 3786 1664 ἔχειν,

2200 1687 2321 1740 οὐδὲ
2360 1686 2551 1740 τοῦτον
2594 1688 2833 1741 ἐπαινεῖν
2881 1674 3168 1751 δύνανται,
3215 1686 3472 1757 ἀγόμενοι
3501 1703 3562 1739 τε
3594 1685 3788 1759 γνώμῃ

2201 1778 2490 1849 ἀλογίστῳ,
2520 1779 2615 1832 καὶ
2634 1781 2778 1850 ὁρμῇ
2814 1778 3125 1850 πνεύματος
3144 1781 3409 1834 ἐναντίου.
3463 1781 3787 1853 Ἐκκλησιά-

512 1886 718 1949 tepuno
747 1877 865 1932 seni
913 1876 1028 1947 regi
1077 1876 1301 1941 stolido,
1330 1876 1419 1930 cui
1456 1876 1508 1928 in
1543 1881 1780 1927 mentem
1810 1886 1918 1926 non
1952 1871 2089 1925 venit

2201 1868 2309 1933 ζων
2329 1870 2387 1923 δὲ
2416 1870 2522 1942 πρὸ
2559 1869 2850 1941 ὀφθαλμῶν
2883 1870 2973 1943 ἔχε
3006 1872 3097 1925 τόν
3117 1874 3164 1925 τ’
3215 1872 3408 1926 ἑαυτοῦ
3455 1872 3567 1943 βίον
3610 1872 3789 1945 ὀρθῶς

510 1971 633 2027 ﬁeri
671 1985 852 2039 posse,
890 1969 980 2024 14.
1019 1978 1076 2023 ιιι
1103 1968 1373 2037 quispiam
1402 1982 1469 2020 ex
1503 1980 1725 2020 carcere
1755 1973 1919 2034 atque
1940 1963 2093 2033 erga!

513 2066 661 2120 stulo
693 2064 761 2118 ad
784 2064 936 2134 regni
957 2062 1324 2133 gubernacula
1349 2062 1745 2125 constituatur;
1772 2060 1887 2128 ipse
1914 2066 2097 2112 autem

515 2165 707 2226 postea
743 2154 932 2224 iniquo
959 2154 1266 2225 principatu
1297 2153 1447 2222 juste
1471 2152 1813 2206 exturbetur.
1836 2150 1923 2204 15.
1948 2146 2100 2202 Νοη-

2202 1961 2640 2034 διαπορεύεσθαι,
2664 1963 2759 2017 καὶ
2783 1964 2923 2035 ὑπὲρ
2942 1963 3050 2017 τῶν
3068 1964 3318 2036 ἀφρόνων
3338 1963 3615 2036 εὔχεσθαι,
3637 1965 3787 2028 ὅπως

2206 2054 2519 2107 ἐπίσταιντο
2560 2053 2776 2108 σύνεσιν
2818 2054 3096 2125 λαβόντες,
3146 2053 3412 2110 ἐκκλίνειν
3459 2056 3556 2128 τὴν
3587 2055 3785 2129 πρᾶξιν

2205 2146 2313 2200 τῶν
2346 2146 2617 2219 πονηρῶν.

512 2266 794 2321 nunquam
823 2250 967 2305 enim
987 2252 1197 2315 evenit,
1231 2258 1289 2303 ut
1319 2249 1413 2318 qui
1442 2248 1630 2318 juveni
1678 2245 1924 2316 quidem,
1975 2255 2233 2301 caeterum
2294 2243 2536 2310 cordato,
2598 2243 2856 2308 subsunt;
2890 2243 3148 2299 maestitia
3185 2252 3399 2310 vacent,
3445 2244 3641 2300 saltem
3667 2259 3788 2299 ma-

508 2344 657 2414 jores
699 2352 851 2397 natu.
883 2342 1017 2396 Nam
1066 2345 1158 2413 qui
1204 2352 1390 2413 postea
1439 2343 1493 2396 in
1536 2342 1711 2396 lucem
1750 2339 2088 2411 prodierunt.
2126 2336 2386 2407 quoniam
2433 2335 2662 2391 alterius
2696 2336 2999 2406 periculum
3030 2353 3141 2393 non
3196 2336 3463 2414 fecerunt,
3519 2352 3589 2392 ne
3639 2338 3788 2394 hunc

514 2438 733 2508 quidem
784 2438 1008 2493 laudare
1056 2447 1305 2507 possunt.
1368 2436 1456 2491 16.
1515 2436 1747 2490 Ahducti
1806 2434 2057 2489 videlicet
2118 2432 2429 2487 inconsulto
2488 2432 2760 2496 consilio,
2835 2433 3244 2504 adversariique
3297 2434 3521 2505 spiritus
3579 2434 3787 2503 impetu

515 2533 819 2604 praecipites
874 2533 1003 2590 acti.
1069 2533 1157 2589 t7.
1209 2533 1473 2603 Quisquis
1520 2543 1702 2588 autem
1754 2530 2101 2603 Ecclesiaste
2125 2544 2353 2584 munere
2395 2529 2662 2599 fungeris,
2708 2529 2839 2584 illud
2882 2530 2953 2585 ob
2992 2531 3179 2586 oculos
3222 2531 3439 2597 habeto,
3501 2540 3562 2586 ut
3610 2540 3666 2587 et
3697 2546 3788 2587 re-

512 2638 660 2683 ctum
688 2628 813 2683 vitae
841 2627 945 2683 iter
977 2635 1184 2693 teneas,
1219 2639 1273 2683 et
1298 2643 1398 2697 pro
1420 2628 1599 2682 stultis
1624 2627 1880 2698 preceris,
1906 2632 1966 2680 ut
1996 2633 2217 2695 accepta
2241 2621 2528 2693 prudentia
2553 2623 2821 2677 malorum
2855 2624 3098 2679 actiones
3133 2624 3301 2680 vitare
3332 2624 3529 2679 sciant.

1137 2717 1368 2774 CAPUT
1404 2718 1469 2775 γ.

581 2812 636 2867 1.
679 2809 890 2882 Lingua
945 2825 1109 2881 parce
1155 2812 1255 2878 uti,
1282 2812 1642 2881 praeclarum;
1698 2819 1863 2882 atque
1896 2809 1962 2866 ad
2005 2810 2091 2866 lo—

513 2902 719 2974 quendi
743 2903 1007 2965 studium,
1041 2904 1364 2973 gravitatem
1400 2904 1880 2975 constantiamque
1912 2904 2096 2959 cordis

516 2993 799 3048 adhibere.
832 2992 952 3047 Non
981 2995 1126 3048 enim
1160 3010 1262 3050 nos
1286 2996 1596 3051 inconsulto
1628 2996 1885 3066 loquendi
1914 2997 2097 3052 studio

511 3084 685 3139 teneri
741 3094 975 3154 oportet,
1034 3100 1207 3155 eaque
1255 3101 1377 3156 quae
1437 3087 1495 3141 in
1555 3098 1794 3142 mentem
1843 3087 2092 3154 veniunt,

2809 2715 3041 2769 ΚΕΦΑΛ
3090 2715 3168 2769 Ε’.

2266 2805 2527 2879 Γλώσσης
2551 2807 2609 2861 δὲ
2637 2807 2916 2877 φείδεσθαι
2943 2807 3124 2873 καλὸν,
3160 2809 3254 2861 καὶ
3284 2808 3622 2886 εὐσταθούσῃ
3651 2813 3788 2885 χρῆ.

2200 2897 2321 2951 σθαι
2352 2898 2557 2971 καρδίᾳ.-
2580 2899 2638 2951 ὲν
2663 2902 2728 2970 τῇ
2763 2899 2892 2970 περὶ
2921 2897 3113 2967 λόγους
3143 2900 3368 2971 σπουδῇ.
3415 2901 3491 2955 Οὐ
3531 2902 3640 2975 γὰρ
3677 2906 3785 2977 χρὴ

2199 2990 2501 3058 ἀλογίστως
2529 2989 2708 3045 αὐτῶν
2743 2990 2956 3061 ἔχοντα,
3000 2993 3102 3046 κᾶν
3131 2993 3308 3046 ἄτοπα
3325 3034 3340 3058 ,
3381 2994 3414 3067 ἢ
3442 2995 3511 3049 τὰ
3539 2998 3633 3051 ἐπὶ
3659 2998 3785 3051 νοῦν

2200 3081 2441 3147 ἐλθόντα,
2468 3083 2643 3136 ταῦτα
2679 3083 2965 3155 προΐεσθαι
2996 3084 3085 3138 διὰ
3113 3085 3213 3156 τῆς
3238 3087 3420 3158 φωνῆς
3443 3104 3456 3118 ⁸
3488 3088 3604 3142 ἀλλ’
3630 3089 3789 3145 ἐνθυ-

510 3178 768 3249 quamvis
806 3178 1064 3239 absurda.
1114 3178 1359 3248 proferre
1397 3190 1561 3250 atque
1598 3180 1876 3244 emittere;
1903 3196 2089 3234 verum

2206 3174 2531 3244 μουμένους,
2573 3175 2655 3228 ὅτι
2702 3176 2751 3228 εί
2791 3175 2885 3229 καὶ
2932 3176 3066 3229 πολὺ
3112 3177 3498 3249 ἁφεστήκαμεν
3526 3179 3783 3251 οὐρανοῦ,

510 3271 646 3326 illud
674 3270 939 3341 cogitare,
980 3271 1124 3340 quod
1156 3270 1281 3325 licet
1321 3286 1519 3341 magno
1552 3271 1839 3326 intervallo
1878 3287 1907 3326 a
1953 3274 2092 3328 coelo

506 3363 799 3427 distemus,
842 3370 1053 3417 certum
1104 3371 1189 3418 est
1234 3373 1414 3418 tamen
1467 3378 1747 3421 sermones
1800 3373 2018 3420 nostros
2060 3381 2090 3420 a

508 3452 623 3508 Deo
661 3454 947 3520 exaudiri;
997 3463 1160 3524 atque
1197 3457 1328 3510 utile
1356 3465 1442 3511 est
1481 3456 1696 3527 lapsum
1728 3457 1784 3511 in
1817 3457 2092 3527 loquendo

485 3559 726 3610 _cavere.
752 3546 806 3599 2.
834 3544 1302 3611 Quemadmodum
1331 3549 1474 3602 enim
1503 3549 1683 3604 varias
1710 3549 1910 3604 anima:
1929 3566 2091 3607 curas

508 3637 794 3706 multiplex
854 3638 1253 3693 insomniorum
1308 3639 1519 3710 species
1578 3641 1962 3713 subsequitur,
2023 3646 2089 3698 ad

510 3730 766 3785 eumdem
817 3743 1037 3800 quoque
1085 3732 1306 3785 modum
1356 3733 1537 3788 stultis
1579 3734 1760 3789 verbis
1807 3736 2089 3805 nugacitas

508 3822 800 3891 conjuncta
825 3832 927 3877 est.
954 3824 1007 3878 ’5.
1036 3822 1368 3880 Pollicitatio
1390 3841 1555 3895 porro
1584 3836 1711 3882 voto
1736 3827 1901 3894 facta,
1926 3830 2087 3885 linem

508 3931 608 3986 per
643 3931 783 3984 opus
820 3915 1073 3987 accipiat.
1108 3915 1203 3972 Est
1244 3917 1347 3973 hoc
1374 3919 1668 3973 stultorum
1699 3921 1998 3990 proprium,
2030 3930 2089 3976 ut

510 4007 764 4077 rejectitii
815 4008 943 4063 sint.
997 4010 1070 4063 At
1122 4017 1179 4063 tu
1228 4011 1485 4080 promissi
1527 4012 1810 4067 veritatem
1857 4025 2083 4083 prtesta,

582 4139 807 4214 (ὄλ-Καί
866 4142 1097 4214 ⁸ιςὴύλιτιιιρ
1149 4144 1467 4212 σεμνότητι
1518 4147 1942 4214 σεμνύνεσθαι.
2004 4147 2083 4204 Ex

508 4209 846 4289 mstM-cdic.
879 4210 1067 4289 Billiﬁns
1109 4209 1362 4289 emendat
1400 4209 1502 4268 καὶ
1552 4209 1766 4288 νύκτωρ
1795 4220 2084 4289 σεμνότητι

507 4280 917 4358 φαιδρύνεσθαι.
971 4281 1041 4334 Et
1089 4291 1253 4358 noctu
1292 4285 1560 4358 honestate
1598 4297 1649 4340 et
1688 4280 1948 4357 gravitate
1979 4280 2085 4358 {til-

508 4349 688 4420 geattt.
724 4349 835 4405 Nec
874 4353 1032 4420 longe
1073 4353 1360 4407 discedunt
1401 4357 1490 4409 alii
1519 4349 1859 4420 interpretes.
1893 4349 2080 4413 Eidem

508 4421 916 4492 lectionilavct
956 4432 1011 4474 ct
1049 4425 1219 4477 codex
1250 4423 1529 4492 Vaquerii.
1555 4428 1624 4478 At
1660 4421 2085 4484 Basiliensiedi-

509 4490 642 4545 tioni
694 4490 912 4569 vix“ch
962 4493 1279 4569 φαιδρότητι
1327 4490 1482 4566 σεμν.
1520 4496 1887 4569 suffragantur
1921 4501 2078 4554 codd.

505 4573 619 4628 reg.
651 4568 704 4613 et
730 4559 944 4614 Tnuan.
976 4559 1107 4616 Duc;

578 4629 656 4699 (6)
699 4633 1070 4685 Βουλεύεται.
1107 4633 1403 4688 Admonuit
1429 4634 1620 4693 Billius
1652 4638 1703 4690 in
1737 4643 1860 4692 cod.
1886 4637 2078 4694 Medic.

506 4698 610 4770 legi
640 4698 997 4768 βουλεύσεται
1019 4742 1033 4765 ,
1070 4719 1232 4770 quam
1266 4715 1443 4760 tamen
1472 4708 1760 4762 lectionem
1791 4711 1952 4764 obelo
1984 4726 2082 4763 no-

508 4769 662 4848 tavit,
695 4786 795 4824 nec
826 4771 877 4824 in
922 4769 1365 4848 interpretatione
1401 4791 1511 4848 sua
1549 4781 1634 4833 eSL
1663 4779 1949 4848 amplexus
1977 4798 1990 4833 :
2025 4789 2081 4834 at

506 4837 655 4912 illam
688 4848 867 4912 tuetur
891 4837 1077 4912 eodex'
1096 4841 1370 4912 Vaqui-rii.
1400 4844 1475 4900 in.

537 4977 549 4990 _
577 4909 691 4990 (7L
712 4911 852 4980 Ἐγὼ
878 4911 965 4976 δὲ,
995 4931 1046 4966 κ.
1080 4931 1129 4966 τ.
1234 4913 1388 4971 llunc
1420 4917 1597 4990 locum
1632 4917 1765 4990 sica
1792 4916 1850 4972 S.
1883 4918 2082 4988 Grego-

505 4978 591 5060 rio
632 4978 1042 5060 Tlta‘umaturgo
1064 4985 1416 5060 explicatum
1436 4988 1568 5041 citat
1616 4989 1674 5060 S.
1716 4978 2080 5060 Hieronymus

506 5049 560 5102 in
593 5066 694 5105 suo
719 5049 1105 5107 Commentario
1132 5049 1187 5107 in
1217 5054 1592 5111 Ecclesiasten.
1631 5049 2076 5114 Voss—Lucum

504 5116 987 5192 Hieronymianutn
1019 5127 1303 5181 retulimus
1335 5128 1477 5182 inter
1510 5126 1749 5181 Veterum
1776 5131 2079 5183 testimonia

505 5191 572 5244 de
590 5191 787 5264 nostro
810 5192 1093 5264 Gregorio.

578 5261 653 5331 (8)
696 5264 867 5336 Ὅσοι
926 5261 1397 5334 προγενέστεροι.
1479 5266 1798 5319 Suhodoror
1875 5268 2080 5336 aliquid

507 5329 696 5385 deesse
720 5334 772 5385 in
798 5329 987 5405 Gruter}
1024 5329 1250 5403 {neque
1283 5329 1442 5390 enim
1486 5337 1571 5388 his
1614 5337 1794 5389 verbis
1841 5329 2077 5405 pet-lecta

506 5411 590 5452 est
619 5404 906 5456 sententia.
940 5403 1304 5474 Hieronymus
1348 5407 1493 5459 hunc
1532 5405 1710 5459 locum
1763 5403 1977 5462 vertens
2022 5409 2076 5461 in

506 5474 902 5543 commentario
927 5490 1086 5542 quem
1111 5475 1330 5543 scripsit
1355 5476 1407 5528 in
1429 5474 1817 5541 Ecclesiasten,
1842 5477 1908 5530 ad
1933 5479 2078 5532 hunc

508 5540 729 5614 modum
770 5540 1049 5614 transtulit
1080 5561 1093 5597 :
1126 5540 1424 5597 Ita-tamen
1462 5556 1517 5598 ut
1548 5545 1642 5597 sub
1672 5540 1938 5614 senerege
1965 5564 2079 5600 uer-

507 5611 613 5661 sati
642 5612 769 5684 sint.
808 5610 987 5684 Quare
1033 5622 1129 5666 aut
1173 5615 1229 5666 in
1274 5616 1552 5668 meliorem
1591 5615 1831 5669 codicem
1865 5610 2075 5684 incidit,

507 5687 604 5753 aut
631 5678 699 5732 atl
733 5683 1052 5753 explendam
1104 5685 1427 5753 sententiam
1470 5687 1717 5753 quaedam
1758 5685 1825 5739 de
1853 5700 1952 5741 suo
1981 5678 2078 5743 ad;

506 5746 635 5799 dere
668 5763 773 5800 non
804 5746 1113 5813 dubitavit.
1138 5750 1283 5805 BILL.

577 5818 652 5887 {9)
688 5817 1045 5889 Παντοδαπῇ
1079 5825 1400 5889 φαντασίᾳ.
1427 5822 1837 5880 Emendandum
1870 5842 1937 5882 ex
1967 5826 2076 5883 Bil-

2198 3265 2487 3333 γινώσκειν
2506 3265 2636 3336 χρὴ,
2674 3267 2755 3319 ὅτι
2778 3266 2866 3319 ἐπ’
2894 3266 3118 3339 ἐπηκόῳ
3145 3269 3491 3340 φθεγγόμεθα
3510 3271 3670 3338 Θεοῦ,
3690 3273 3787 3327 καὶ

2198 3356 2312 3410 ἔστι
2333 3356 2607 3421 λυσιτελὲς
2637 3357 2818 3413 λαλεῖν
2846 3357 3263 3430 ἁπεριπτώτως.
3296 3362 3506 3434 Ὥσπερ
3533 3363 3590 3417 δὲ
3622 3381 3788 3436 φρον-

2196 3449 2307 3501 τίσι
2333 3448 2511 3520 ψυχῆς
2533 3450 2804 3514 ποικίλαις
2829 3451 3134 3523 παρέπεται
3158 3453 3451 3524 ὀνειράτων
3470 3456 3783 3527 παντοδαπῇ

2199 3541 2472 3613 φαντασίᾳ
2502 3542 2576 3612 (9)
2601 3559 2615 3571 ·
2648 3541 2792 3595 οὓτω
2821 3544 2917 3596 καὶ
2953 3543 3233 3618 ἀφροσύνῃ
3264 3544 3500 3617 φλυαρία
3531 3547 3782 3611 συνέζευ-

2197 3649 2343 3686 κται.
2395 3633 2728 3702 Ἐπαγγελία
2756 3633 2813 3686 δὲ
2844 3634 2909 3687 δι’
2944 3635 3110 3706 εὐχῆς
3139 3636 3417 3706 γινομένη,
3466 3637 3616 3701 τέλος
3643 3640 3781 3711 λαμ-

2196 3724 2408 3779 ϐανέτω
2434 3725 2502 3778 δι’
2532 3726 2715 3799 ἔργου.
2758 3727 3034 3798 Ἀφρόνων
3059 3727 3115 3780 δὲ
3150 3727 3300 3791 ἴδιον,
3342 3728 3404 3781 τὸ
3437 3729 3783 3802 ἀποδλήτους

2194 3816 2333 3871 εἶναι
2352 3836 2365 3849 ·
2404 3820 2469 3872 σὺ
2500 3819 2557 3872 δὲ
2592 3818 2799 3892 ἀληθὴς
2829 3819 2951 3883 ἔσο,
3004 3818 3285 3889 γινώσκων
3312 3820 3387 3884 ὡς
3416 3822 3595 3893 πολλῷ
3622 3825 3785 3894 ἄμει-

2193 3926 2283 3962 νον
2317 3910 2390 3982 μὴ
2420 3910 2677 3976 εὔξασθαί
2721 3927 2811 3979 σε,
2864 3911 3001 3983 μηδὲ
3042 3912 3376 3982 ὑποσχέσθαι
3417 3914 3777 3991 τὶ’δρᾶσαι,ῆ
3873 3933 3887 3948 ’

2192 4001 2509 4073 εὐξάμενον,
2544 4001 2664 4058 εἶτα
2691 4003 3040 4076 παραλιπεῖν.
3072 4007 3165 4058 Δεῖ
3185 4006 3242 4059 δὲ
3270 4007 3539 4072 παντοίως
3558 4009 3781 4082 φεύγειν

2191 4153 2265 4209 lio
2292 4164 2345 4208 et
2375 4154 2568 4211 Medic.
2608 4155 2782 4222 libro,
2831 4156 3109 4211 παντοδαπ

3195 4160 3486 4229 φαντασία.
3538 4160 3778 4220 Joannes
3805 4178 3818 4193 ’

2192 4227 2498 4280 monachus
2545 4225 3092 4298 (Olﬂeolampadins):

3177 4231 3415 4283 ariarum
3447 4234 3640 4287 anima:
3678 4252 3776 4288 cu-

2193 4311 2375 4373 rarum
2400 4301 2615 4373 esseom;
2644 4298 3159 4373 snnt_ntu_ltiformes_
3187 4301 3571 4355 insomniorum
3600 4305 3775 4373 phan-

2192 4368 2362 4443 ιαιςίιιξἶ
2401 4367 2679 4443 Mttsculus
2713 4385 2725 4420 :
2775 4365 2968 4443 Varias
2994 4371 3161 4443 animi
3190 4386 3346 4443 curas
3377 4374 3546 4426 omnis
3569 4365 3773 4443 generis

2191 4437 2517 4512 somniorum
2557 4438 2840 4512 pltattlaat'tt
2870 4439 3172 4512 comitatur.
3213 4439 3328 4512 [loc
3365 4451 3448 4496 est
3481 4437 3627 4512 quod
3660 4447 3775 4497 elc-

2192 4506 2340 4584 ganti
2376 4522 2534 4587 versu
2581 4508 2852 4587 espressit
2901 4508 3195 4579 Gregorius
3230 4506 3607 4569 Nazianzenus
3637 4515 3775 4587 Περὶ

2120 4565 2162 4618 υ
2192 4565 2299 4626 τῶν
2328 4574 2449 4628 καθ’
2482 4565 2692 4629 ἑαυτόν·

2223 4646 2542 4722 {porticm
2571 4648 2984 4722 ﬂparlatcrdp
3008 4649 3204 4718 ὁμοιτα
3222 4648 3507 4722 φάσματα
3523 4655 3769 4720 νυκτός.

2237 4713 2362 4770 Visa
2386 4718 2580 4769 etenim
2600 4713 2759 4770 curas
2782 4713 3013 4785 referunt
3037 4713 3305 4773 nocturna
3327 4713 3570 4775 diurnas.

2191 4784 2297 4861 Sed
2330 4786 2556 4861 alteram
2598 4796 2806 4861 partem
2840 4784 3019 4858 hujus
3048 4793 3335 4844 commatis
3374 4789 3772 4861 Thaumaturgi

2190 4855 2369 4922 aptius
2391 4855 2626 4910 fortasse
2650 4860 2901 4913 vertisset
2928 4855 3280 4915 doctissimus
3304 4861 3515 4925 Billius,
3542 4871 3610 4917 ad
3630 4855 3770 4917 euin-

2186 4927 2303 4977 dem
2321 4942 2524 4995 quoque
2541 4927 2752 5002 modum
2773 4930 3021 5002 stultitia:
3036 4931 3331 5000 loquacitas
3347 4942 3426 4983 est
3447 4934 3733 5002 conjuncta
3750 4950 3770 4987 :

2187 5008 2296 5069 quo
2319 5006 2475 5064 pacto
2499 4997 2661 5069 etiam
2696 5000 2789 5053 alii
2819 5001 2927 5069 duo
2955 4997 3278 5069 interpretes
3312 5002 3456 5057 hunc
3487 4997 3668 5057 locum
3691 5005 3775 5057 in-

2189 5066 2529 5143 tellexerunt.
2571 5065 2809 5143 Joannes
2840 5067 2979 5143 :__1ta
3013 5080 3060 5143 et
3100 5065 3474 5143 imprudentia:
3514 5085 3771 5143 perpetua

2194 5151 2363 5193 comes
2393 5136 2814 5206 estloquacitas.
2848 5138 3126 5195 Musculus
3155 5136 3289 5194 z'Ita
3318 5151 3367 5195 et
3394 5136 3640 5197 stultitia:
3665 5162 3771 5197 nu-

2188 5207 2390 5273 gacitas
2425 5205 2678 5261 attineret.
2711 5207 3022 5264 Salomonis
3045 5210 3234 5265 textus
3254 5212 3332 5267 sic
3358 5214 3519 5267 habet
3543 5215 3595 5267 in
3625 5214 3772 5269 Grai-

2186 5274 2467 5351 ιιὶειιςαὶ
2508 5279 2656 5351 φωνὴ
2696 5278 2930 5351 ᾄφρονος
2971 5282 3028 5332 ὲν
3075 5281 3268 5351 πλήθει
3314 5281 3508 5351 λόγων·
3562 5282 3631 5336 Et
3670 5299 3770 5336 voa:

2185 5345 2340 5397 stulti
2367 5346 2422 5397 in
2455 5345 2792 5401 multitudine
2813 5367 3131 5405 sermonum.
3168 5345 3416 5408 incertus
3453 5366 3647 5408 auctor
3685 5371 3768 5409 src

2185 5417 2409 5494 exponit
2438 5417 2490 5469 in
2523 5417 2724 5494 Catena
2757 5417 2937 5494 Regia:
2969 5422 3312 5494 bibliothecae
3341 5443 3354 5478 :
3389 5426 3601 5494 ’Ὠσπερ
3629 5426 3679 5477 οἱ
3710 5426 3769 5477 ὲν

2183 5483 2368 5569 ἡιμὲρξι
2412 5486 2809 5569 πειραζόμενοι.
2832 5483 2927 5569 καὶ
2946 5490 3033 5569 Δδι’
3063 5494 3343 5569 ἐνυπνίωνΔ
3374 5483 3767 5569 ταράττονταιθ

2184 5554 2449 5635 ούτωίκαὶ
2476 5554 2718 5635 ὅᾴφρων
2751 5559 2912 5635 αὐτού
2931 5560 3028 5635 ,διὰ
3064 5564 3161 5634 τῆς
3194 5554 3520 5633 πολυλογίας
3551 5565 3769 5635 ἐλέγχε-

2182 5638 2293 5703 ται.
2327 5623 2781 5704 Qttctnadiiiocluiit
2810 5633 2900 5699 qui
2922 5623 3156 5704 interdiu
3179 5623 3469 5700 tentantur,
3492 5623 3771 5704 etiam'iier

2183 5692 2445 5774 insomnia
2478 5692 2859 5774 perturbentur
2868 5716 2901 5774 _:
2932 5703 3009 5755 ita
3059 5720 3263 5774 quoque
3308 5692 3505 5759 stultus
3545 5722 3644 5760 sua
3675 5692 3770 5761 ’ἔσο

2183 5768 2447 5831 quacitate
2481 5768 2836 5837 redarguitnr.
2867 5771 3002 5827 Duc.
