  <div class='ocr_page' id='page_1' title='image "/cluster/home/n/w/nwhite01/storage/ocr_20150623/10/coo.31924054872894/513.png"; bbox 0 0 4090 6400; ppageno 0'>
   <div class='ocr_carea' id='block_1_1' title="bbox 510 390 670 445">
    <p class='ocr_par' dir='ltr' id='par_1_1' title="bbox 510 390 670 445">
     <span class='ocr_line' id='line_1_1' title="bbox 510 390 670 445; baseline 0 0"><span class='ocrx_word' id='word_1_1' title='bbox 510 390 670 445; x_wconf 70' lang='grc' dir='ltr'>,ίθθδ</span> 
     </span>
    </p>
   </div>
   <div class='ocr_carea' id='block_1_2' title="bbox 1674 344 2650 448">
    <p class='ocr_par' dir='ltr' id='par_1_2' title="bbox 1674 344 2650 448">
     <span class='ocr_line' id='line_1_2' title="bbox 1674 344 2650 448; baseline 0.001 -3"><span class='ocrx_word' id='word_1_2' title='bbox 1674 391 1732 447; x_wconf 85' lang='lat' dir='ltr'><strong>S.</strong></span> <span class='ocrx_word' id='word_1_3' title='bbox 1774 389 2100 448; x_wconf 78' lang='lat' dir='ltr'><strong>GREGORII</strong></span> <span class='ocrx_word' id='word_1_4' title='bbox 2136 344 2650 448; x_wconf 48' lang='grc' dir='ltr'><strong>ιιἸΙΔΙΠίιίΑΤυῐὶϐΙ</strong></span> 
     </span>
    </p>
   </div>
   <div class='ocr_carea' id='block_1_3' title="bbox 3638 385 3779 440">
    <p class='ocr_par' dir='ltr' id='par_1_3' title="bbox 3638 385 3779 440">
     <span class='ocr_line' id='line_1_3' title="bbox 3638 385 3779 440; baseline 0 0"><span class='ocrx_word' id='word_1_5' title='bbox 3638 385 3779 440; x_wconf 64' lang='grc'><strong>1004</strong></span> 
     </span>
    </p>
   </div>
   <div class='ocr_carea' id='block_1_4' title="bbox 526 492 2092 587">
    <p class='ocr_par' dir='ltr' id='par_1_4' title="bbox 526 507 2092 583">
     <span class='ocr_line' id='line_1_4' title="bbox 526 507 2092 583; baseline 0.003 -21"><span class='ocrx_word' id='word_1_6' title='bbox 526 510 582 565; x_wconf 74' lang='lat'><strong>2.</strong></span> <span class='ocrx_word' id='word_1_7' title='bbox 628 508 766 564; x_wconf 91' lang='lat' dir='ltr'><strong>Cum</strong></span> <span class='ocrx_word' id='word_1_8' title='bbox 814 510 1071 564; x_wconf 80' lang='lat' dir='ltr'><strong>nimirum</strong></span> <span class='ocrx_word' id='word_1_9' title='bbox 1122 507 1264 563; x_wconf 89' lang='lat' dir='ltr'><strong>Deus</strong></span> <span class='ocrx_word' id='word_1_10' title='bbox 1285 508 1535 579; x_wconf 67' lang='lat' dir='ltr'><strong>rcuipiam</strong></span> <span class='ocrx_word' id='word_1_11' title='bbox 1586 512 1768 566; x_wconf 85' lang='lat' dir='ltr'><strong>omnia</strong></span> <span class='ocrx_word' id='word_1_12' title='bbox 1821 528 1946 583; x_wconf 68' lang='lat' dir='ltr'><strong>quae</strong></span> <span class='ocrx_word' id='word_1_13' title='bbox 1994 513 2092 583; x_wconf 89' lang='lat' dir='ltr'><strong>ipsi</strong></span> 
     </span>
    </p>
   </div>
   <div class='ocr_carea' id='block_1_5' title="bbox 2196 492 3841 587">
    <p class='ocr_par' dir='ltr' id='par_1_5' title="bbox 2201 492 3841 587">
     <span class='ocr_line' id='line_1_5' title="bbox 2201 492 3841 587; baseline 0.002 -22"><span class='ocrx_word' id='word_1_14' title='bbox 2201 512 2512 585; x_wconf 81' lang='grc' dir='ltr'><strong>καταθύμια</strong></span> <span class='ocrx_word' id='word_1_15' title='bbox 2562 512 2742 567; x_wconf 76' lang='grc' dir='ltr'>αὐτῶν</span> <span class='ocrx_word' id='word_1_16' title='bbox 2800 512 3011 568; x_wconf 74' lang='grc' dir='ltr'>ἅπαντα</span> <span class='ocrx_word' id='word_1_17' title='bbox 3058 500 3464 587; x_wconf 82' lang='grc' dir='ltr'>ἐπιχορηγήσας</span> <span class='ocrx_word' id='word_1_18' title='bbox 3487 551 3500 575; x_wconf 90' lang='grc'><strong>,</strong></span> <span class='ocrx_word' id='word_1_19' title='bbox 3560 492 3783 580; x_wconf 73' lang='grc' dir='ltr'>μηδενὸς</span> <span class='ocrx_word' id='word_1_20' title='bbox 3838 564 3841 569; x_wconf 46' lang='grc' dir='ltr'>ι</span> 
     </span>
    </p>
   </div>
   <div class='ocr_carea' id='block_1_6' title="bbox 529 598 2099 669">
    <p class='ocr_par' dir='ltr' id='par_1_6' title="bbox 529 598 2099 669">
     <span class='ocr_line' id='line_1_6' title="bbox 529 598 2099 669; baseline 0.001 -14"><span class='ocrx_word' id='word_1_21' title='bbox 529 598 683 655; x_wconf 80' lang='lat' dir='ltr'><strong>cardi</strong></span> <span class='ocrx_word' id='word_1_22' title='bbox 713 610 892 667; x_wconf 89' lang='lat' dir='ltr'><strong>erant,</strong></span> <span class='ocrx_word' id='word_1_23' title='bbox 908 634 911 637; x_wconf 66' lang='grc'><strong>»</strong></span> <span class='ocrx_word' id='word_1_24' title='bbox 927 598 1144 654; x_wconf 77' lang='lat' dir='ltr'><strong>abunde</strong></span> <span class='ocrx_word' id='word_1_25' title='bbox 1165 599 1613 669; x_wconf 83' lang='lat' dir='ltr'><strong>suppeditaverit,</strong></span> <span class='ocrx_word' id='word_1_26' title='bbox 1665 618 1765 658; x_wconf 84' lang='lat' dir='ltr'><strong>nec</strong></span> <span class='ocrx_word' id='word_1_27' title='bbox 1787 602 1897 659; x_wconf 90' lang='lat' dir='ltr'><strong>ulla</strong></span> <span class='ocrx_word' id='word_1_28' title='bbox 1919 603 2099 657; x_wconf 90' lang='lat' dir='ltr'><strong>omni-</strong></span> 
     </span>
    </p>
   </div>
   <div class='ocr_carea' id='block_1_7' title="bbox 525 691 2098 763">
    <p class='ocr_par' dir='ltr' id='par_1_7' title="bbox 525 691 2098 763">
     <span class='ocr_line' id='line_1_7' title="bbox 525 691 2098 763; baseline 0.003 -16"><span class='ocrx_word' id='word_1_29' title='bbox 525 708 600 747; x_wconf 92' lang='lat' dir='ltr'><strong>no</strong></span> <span class='ocrx_word' id='word_1_30' title='bbox 631 707 692 747; x_wconf 87' lang='lat' dir='ltr'><strong>re</strong></span> <span class='ocrx_word' id='word_1_31' title='bbox 721 707 786 747; x_wconf 83' lang='lat' dir='ltr'><strong>ex</strong></span> <span class='ocrx_word' id='word_1_32' title='bbox 814 691 1072 746; x_wconf 90' lang='lat' dir='ltr'><strong>omnibus</strong></span> <span class='ocrx_word' id='word_1_33' title='bbox 1118 706 1241 761; x_wconf 80' lang='lat' dir='ltr'><strong>quae</strong></span> <span class='ocrx_word' id='word_1_34' title='bbox 1265 692 1509 747; x_wconf 89' lang='lat' dir='ltr'><strong>animum</strong></span> <span class='ocrx_word' id='word_1_35' title='bbox 1541 693 1837 763; x_wconf 88' lang='lat' dir='ltr'><strong>cupiditate</strong></span> <span class='ocrx_word' id='word_1_36' title='bbox 1866 702 2098 763; x_wconf 93' lang='lat' dir='ltr'><strong>tentant,</strong></span> 
     </span>
    </p>
   </div>
   <div class='ocr_carea' id='block_1_8' title="bbox 434 774 2099 856">
    <p class='ocr_par' dir='ltr' id='par_1_8' title="bbox 434 774 2099 856">
     <span class='ocr_line' id='line_1_8' title="bbox 434 774 2099 856; baseline 0.002 -17"><span class='ocrx_word' id='word_1_37' title='bbox 434 774 437 777; x_wconf 69' lang='grc'><em>’</em></span> <span class='ocrx_word' id='word_1_38' title='bbox 524 799 651 840; x_wconf 90' lang='lat' dir='ltr'><strong>eum</strong></span> <span class='ocrx_word' id='word_1_39' title='bbox 685 784 1030 854; x_wconf 86' lang='lat' dir='ltr'><strong>spoliaverit;</strong></span> <span class='ocrx_word' id='word_1_40' title='bbox 1079 799 1191 840; x_wconf 89' lang='lat' dir='ltr'><strong>non</strong></span> <span class='ocrx_word' id='word_1_41' title='bbox 1223 785 1419 856; x_wconf 90' lang='lat' dir='ltr'><strong>opibus</strong></span> <span class='ocrx_word' id='word_1_42' title='bbox 1456 793 1512 840; x_wconf 89' lang='lat' dir='ltr'><strong>et</strong></span> <span class='ocrx_word' id='word_1_43' title='bbox 1552 784 1936 851; x_wconf 81' lang='lat' dir='ltr'><strong>facultatibus,</strong></span> <span class='ocrx_word' id='word_1_44' title='bbox 1988 803 2099 842; x_wconf 90' lang='lat' dir='ltr'><strong>non</strong></span> 
     </span>
    </p>
   </div>
   <div class='ocr_carea' id='block_1_9' title="bbox 520 875 2102 949">
    <p class='ocr_par' dir='ltr' id='par_1_9' title="bbox 520 875 2102 949">
     <span class='ocr_line' id='line_1_9' title="bbox 520 875 2102 949; baseline 0.006 -24"><span class='ocrx_word' id='word_1_45' title='bbox 520 875 696 948; x_wconf 75' lang='lat' dir='ltr'><strong>gloria</strong></span> <span class='ocrx_word' id='word_1_46' title='bbox 731 885 786 930; x_wconf 90' lang='lat' dir='ltr'><strong>et</strong></span> <span class='ocrx_word' id='word_1_47' title='bbox 816 875 1127 946; x_wconf 77' lang='lat' dir='ltr'><strong>splendore,</strong></span> <span class='ocrx_word' id='word_1_48' title='bbox 1160 892 1270 931; x_wconf 90' lang='lat' dir='ltr'><strong>non</strong></span> <span class='ocrx_word' id='word_1_49' title='bbox 1292 877 1515 948; x_wconf 83' lang='lat' dir='ltr'><strong>reliquis</strong></span> <span class='ocrx_word' id='word_1_50' title='bbox 1537 878 1659 934; x_wconf 88' lang='lat' dir='ltr'><strong>aliis</strong></span> <span class='ocrx_word' id='word_1_51' title='bbox 1679 878 1954 945; x_wconf 89' lang='lat' dir='ltr'><strong>omnibus,</strong></span> <span class='ocrx_word' id='word_1_52' title='bbox 1980 895 2102 949; x_wconf 74' lang='lat' dir='ltr'><strong>quae</strong></span> 
     </span>
    </p>
   </div>
   <div class='ocr_carea' id='block_1_10' title="bbox 524 969 2101 1042">
    <p class='ocr_par' dir='ltr' id='par_1_10' title="bbox 524 969 2101 1042">
     <span class='ocr_line' id='line_1_10' title="bbox 524 969 2101 1042; baseline 0.003 -18"><span class='ocrx_word' id='word_1_53' title='bbox 524 969 785 1027; x_wconf 78' lang='lat' dir='ltr'><strong>mortales</strong></span> <span class='ocrx_word' id='word_1_54' title='bbox 814 972 881 1026; x_wconf 92' lang='lat' dir='ltr'><strong>ad</strong></span> <span class='ocrx_word' id='word_1_55' title='bbox 916 981 1195 1042; x_wconf 77' lang='lat' dir='ltr'><strong>stuporem</strong></span> <span class='ocrx_word' id='word_1_56' title='bbox 1232 986 1415 1042; x_wconf 73' lang='lat' dir='ltr'><strong>.usque</strong></span> <span class='ocrx_word' id='word_1_57' title='bbox 1458 971 1800 1026; x_wconf 85' lang='lat' dir='ltr'><strong>admirantur</strong></span> <span class='ocrx_word' id='word_1_58' title='bbox 1833 990 1846 1026; x_wconf 92' lang='lat'><strong>:</strong></span> <span class='ocrx_word' id='word_1_59' title='bbox 1882 973 1971 1027; x_wconf 86' lang='lat' dir='ltr'><strong>ille</strong></span> <span class='ocrx_word' id='word_1_60' title='bbox 2004 987 2101 1028; x_wconf 89' lang='lat' dir='ltr'><strong>au—</strong></span> 
     </span>
    </p>
   </div>
   <div class='ocr_carea' id='block_1_11' title="bbox 525 1062 2100 1140">
    <p class='ocr_par' dir='ltr' id='par_1_11' title="bbox 525 1062 2100 1140">
     <span class='ocr_line' id='line_1_11' title="bbox 525 1062 2100 1140; baseline 0.002 -26"><span class='ocrx_word' id='word_1_61' title='bbox 525 1069 637 1115; x_wconf 88' lang='lat' dir='ltr'><strong>tem</strong></span> <span class='ocrx_word' id='word_1_62' title='bbox 675 1062 933 1118; x_wconf 89' lang='lat' dir='ltr'><strong>omnibus</strong></span> <span class='ocrx_word' id='word_1_63' title='bbox 984 1064 1151 1120; x_wconf 85' lang='lat' dir='ltr'><strong>rebus</strong></span> <span class='ocrx_word' id='word_1_64' title='bbox 1192 1062 1583 1140; x_wconf 85' lang='lat' dir='ltr'><strong>circumﬂuens</strong></span> <span class='ocrx_word' id='word_1_65' title='bbox 1629 1062 1809 1135; x_wconf 91' lang='lat' dir='ltr'><strong>(quasi</strong></span> <span class='ocrx_word' id='word_1_66' title='bbox 1858 1063 1960 1119; x_wconf 88' lang='lat' dir='ltr'><strong>hac</strong></span> <span class='ocrx_word' id='word_1_67' title='bbox 1992 1079 2100 1117; x_wconf 89' lang='lat' dir='ltr'><strong>una</strong></span> 
     </span>
    </p>
   </div>
   <div class='ocr_carea' id='block_1_12' title="bbox 523 1154 2098 1227">
    <p class='ocr_par' dir='ltr' id='par_1_12' title="bbox 523 1154 2098 1227">
     <span class='ocr_line' id='line_1_12' title="bbox 523 1154 2098 1227; baseline 0.003 -20"><span class='ocrx_word' id='word_1_68' title='bbox 523 1154 837 1210; x_wconf 80' lang='lat' dir='ltr'><strong>calamitate</strong></span> <span class='ocrx_word' id='word_1_69' title='bbox 892 1155 1156 1212; x_wconf 84' lang='lat' dir='ltr'><strong>divinitus</strong></span> <span class='ocrx_word' id='word_1_70' title='bbox 1203 1155 1409 1212; x_wconf 85' lang='lat' dir='ltr'><strong>inﬂicta</strong></span> <span class='ocrx_word' id='word_1_71' title='bbox 1474 1156 1771 1227; x_wconf 90' lang='lat' dir='ltr'><strong>implicitus</strong></span> <span class='ocrx_word' id='word_1_72' title='bbox 1825 1164 2098 1222; x_wconf 86' lang='lat' dir='ltr'><strong>teneatur,</strong></span> 
     </span>
    </p>
   </div>
   <div class='ocr_carea' id='block_1_13' title="bbox 520 1246 2100 1318">
    <p class='ocr_par' dir='ltr' id='par_1_13' title="bbox 520 1246 2100 1318">
     <span class='ocr_line' id='line_1_13' title="bbox 520 1246 2100 1318; baseline 0.001 -18"><span class='ocrx_word' id='word_1_73' title='bbox 520 1246 670 1315; x_wconf 90' lang='lat' dir='ltr'><strong>quod</strong></span> <span class='ocrx_word' id='word_1_74' title='bbox 700 1261 890 1301; x_wconf 89' lang='lat' dir='ltr'><strong>earum</strong></span> <span class='ocrx_word' id='word_1_75' title='bbox 918 1246 1100 1303; x_wconf 83' lang='lat' dir='ltr'><strong>fructu</strong></span> <span class='ocrx_word' id='word_1_76' title='bbox 1129 1247 1360 1318; x_wconf 86' lang='lat' dir='ltr'><strong>careat),</strong></span> <span class='ocrx_word' id='word_1_77' title='bbox 1400 1247 1489 1302; x_wconf 91' lang='lat' dir='ltr'><strong>alii</strong></span> <span class='ocrx_word' id='word_1_78' title='bbox 1522 1254 1929 1313; x_wconf 81' lang='lat' dir='ltr'><strong>sua‘asservat,</strong></span> <span class='ocrx_word' id='word_1_79' title='bbox 1976 1249 2100 1302; x_wconf 91' lang='lat' dir='ltr'><strong>inu-</strong></span> 
     </span>
    </p>
   </div>
   <div class='ocr_carea' id='block_1_14' title="bbox 521 1338 2102 1410">
    <p class='ocr_par' dir='ltr' id='par_1_14' title="bbox 521 1338 2102 1410">
     <span class='ocr_line' id='line_1_14' title="bbox 521 1338 2102 1410; baseline 0.001 -17"><span class='ocrx_word' id='word_1_80' title='bbox 521 1338 634 1393; x_wconf 84' lang='lat' dir='ltr'><strong>tilis</strong></span> <span class='ocrx_word' id='word_1_81' title='bbox 666 1338 955 1409; x_wconf 87' lang='lat' dir='ltr'><strong>prolapsus</strong></span> <span class='ocrx_word' id='word_1_82' title='bbox 981 1348 1037 1395; x_wconf 93' lang='lat' dir='ltr'><strong>et</strong></span> <span class='ocrx_word' id='word_1_83' title='bbox 1061 1340 1167 1395; x_wconf 83' lang='lat' dir='ltr'><strong>sibi</strong></span> <span class='ocrx_word' id='word_1_84' title='bbox 1200 1349 1257 1396; x_wconf 89' lang='lat' dir='ltr'><strong>et</strong></span> <span class='ocrx_word' id='word_1_85' title='bbox 1280 1341 1566 1410; x_wconf 79' lang='lat' dir='ltr'><strong>proximis.</strong></span> <span class='ocrx_word' id='word_1_86' title='bbox 1608 1342 1663 1396; x_wconf 74' lang='lat'><strong>5.</strong></span> <span class='ocrx_word' id='word_1_87' title='bbox 1700 1338 1817 1396; x_wconf 87' lang='lat' dir='ltr'><strong>Hoc</strong></span> <span class='ocrx_word' id='word_1_88' title='bbox 1846 1356 1979 1397; x_wconf 86' lang='lat' dir='ltr'><strong>sane</strong></span> <span class='ocrx_word' id='word_1_89' title='bbox 2010 1355 2102 1395; x_wconf 88' lang='lat' dir='ltr'><strong>ar-</strong></span> 
     </span>
    </p>
   </div>
   <div class='ocr_carea' id='block_1_15' title="bbox 452 1434 2099 1505">
    <p class='ocr_par' dir='ltr' id='par_1_15' title="bbox 452 1434 2099 1505">
     <span class='ocr_line' id='line_1_15' title="bbox 452 1434 2099 1505; baseline 0.003 -22"><span class='ocrx_word' id='word_1_90' title='bbox 452 1462 455 1465; x_wconf 55' lang='grc' dir='ltr'><strong>λ</strong></span> <span class='ocrx_word' id='word_1_91' title='bbox 522 1438 841 1502; x_wconf 77' lang='lat' dir='ltr'><strong>gumentum</strong></span> <span class='ocrx_word' id='word_1_92' title='bbox 893 1447 1195 1503; x_wconf 81' lang='lat' dir='ltr'><strong>magnum,</strong></span> <span class='ocrx_word' id='word_1_93' title='bbox 1248 1435 1576 1505; x_wconf 82' lang='lat' dir='ltr'><strong>signumque</strong></span> <span class='ocrx_word' id='word_1_94' title='bbox 1622 1434 1971 1504; x_wconf 88' lang='lat' dir='ltr'><strong>perspicuum</strong></span> <span class='ocrx_word' id='word_1_95' title='bbox 2003 1449 2099 1488; x_wconf 86' lang='lat' dir='ltr'><strong>ex-</strong></span> 
     </span>
    </p>
   </div>
   <div class='ocr_carea' id='block_1_16' title="bbox 521 1524 2098 1595">
    <p class='ocr_par' dir='ltr' id='par_1_16' title="bbox 521 1524 2098 1595">
     <span class='ocr_line' id='line_1_16' title="bbox 521 1524 2098 1595; baseline 0.003 -20"><span class='ocrx_word' id='word_1_96' title='bbox 521 1531 707 1578; x_wconf 76' lang='lat' dir='ltr'><strong>tremae</strong></span> <span class='ocrx_word' id='word_1_97' title='bbox 753 1524 1040 1594; x_wconf 86' lang='lat' dir='ltr'><strong>cujusdam</strong></span> <span class='ocrx_word' id='word_1_98' title='bbox 1088 1524 1460 1595; x_wconf 83' lang='lat' dir='ltr'><strong>improbitatis</strong></span> <span class='ocrx_word' id='word_1_99' title='bbox 1506 1540 1628 1581; x_wconf 86' lang='lat' dir='ltr'><strong>esse</strong></span> <span class='ocrx_word' id='word_1_100' title='bbox 1675 1540 1896 1582; x_wconf 87' lang='lat' dir='ltr'><strong>censeo.</strong></span> <span class='ocrx_word' id='word_1_101' title='bbox 1953 1524 2098 1593; x_wconf 80' lang='lat' dir='ltr'><strong>Quin</strong></span> 
     </span>
    </p>
   </div>
   <div class='ocr_carea' id='block_1_17' title="bbox 518 1617 2097 1691">
    <p class='ocr_par' dir='ltr' id='par_1_17' title="bbox 518 1617 2097 1691">
     <span class='ocr_line' id='line_1_17' title="bbox 518 1617 2097 1691; baseline 0.003 -21"><span class='ocrx_word' id='word_1_102' title='bbox 518 1617 672 1671; x_wconf 93' lang='lat' dir='ltr'><strong>illum</strong></span> <span class='ocrx_word' id='word_1_103' title='bbox 698 1633 919 1688; x_wconf 87' lang='lat' dir='ltr'><strong>quoque</strong></span> <span class='ocrx_word' id='word_1_104' title='bbox 945 1619 1246 1686; x_wconf 89' lang='lat' dir='ltr'><strong>hominem,</strong></span> <span class='ocrx_word' id='word_1_105' title='bbox 1283 1619 1379 1691; x_wconf 91' lang='lat' dir='ltr'><strong>qui</strong></span> <span class='ocrx_word' id='word_1_106' title='bbox 1408 1618 1767 1689; x_wconf 89' lang='lat' dir='ltr'><strong>plurimorum</strong></span> <span class='ocrx_word' id='word_1_107' title='bbox 1800 1620 2097 1675; x_wconf 90' lang='lat' dir='ltr'><strong>liberorum</strong></span> 
     </span>
    </p>
   </div>
   <div class='ocr_carea' id='block_1_18' title="bbox 518 1710 2098 1783">
    <p class='ocr_par' dir='ltr' id='par_1_18' title="bbox 518 1710 2098 1783">
     <span class='ocr_line' id='line_1_18' title="bbox 518 1710 2098 1783; baseline 0.003 -18"><span class='ocrx_word' id='word_1_108' title='bbox 518 1720 671 1778; x_wconf 88' lang='lat' dir='ltr'><strong>pater</strong></span> <span class='ocrx_word' id='word_1_109' title='bbox 704 1712 823 1767; x_wconf 87' lang='lat' dir='ltr'><strong>sine</strong></span> <span class='ocrx_word' id='word_1_110' title='bbox 871 1712 980 1766; x_wconf 90' lang='lat' dir='ltr'><strong>ulla</strong></span> <span class='ocrx_word' id='word_1_111' title='bbox 1024 1710 1329 1768; x_wconf 78' lang='lat' dir='ltr'><strong>offensione</strong></span> <span class='ocrx_word' id='word_1_112' title='bbox 1373 1712 1726 1778; x_wconf 89' lang='lat' dir='ltr'><strong>nominatus,</strong></span> <span class='ocrx_word' id='word_1_113' title='bbox 1776 1714 1999 1783; x_wconf 80' lang='lat' dir='ltr'><strong>vitaque</strong></span> <span class='ocrx_word' id='word_1_114' title='bbox 2042 1714 2098 1769; x_wconf 93' lang='lat' dir='ltr'><strong>in</strong></span> 
     </span>
    </p>
   </div>
   <div class='ocr_carea' id='block_1_19' title="bbox 517 1802 2098 1876">
    <p class='ocr_par' dir='ltr' id='par_1_19' title="bbox 517 1802 2098 1876">
     <span class='ocr_line' id='line_1_19' title="bbox 517 1802 2098 1876; baseline 0.001 -19"><span class='ocrx_word' id='word_1_115' title='bbox 517 1802 751 1876; x_wconf 51' lang='lat' dir='ltr'><strong>longum.</strong></span> <span class='ocrx_word' id='word_1_116' title='bbox 768 1805 1057 1875; x_wconf 84' lang='lat' dir='ltr'><strong>producta,</strong></span> <span class='ocrx_word' id='word_1_117' title='bbox 1084 1805 1420 1876; x_wconf 82' lang='lat' dir='ltr'><strong>benignitate</strong></span> <span class='ocrx_word' id='word_1_118' title='bbox 1445 1813 1629 1860; x_wconf 86' lang='lat' dir='ltr'><strong>tamen</strong></span> <span class='ocrx_word' id='word_1_119' title='bbox 1656 1821 1721 1861; x_wconf 89' lang='lat' dir='ltr'><strong>ac</strong></span> <span class='ocrx_word' id='word_1_120' title='bbox 1743 1805 1952 1861; x_wconf 89' lang='lat' dir='ltr'><strong>deliciis</strong></span> <span class='ocrx_word' id='word_1_121' title='bbox 1980 1805 2098 1859; x_wconf 91' lang='lat' dir='ltr'><strong>ani-</strong></span> 
     </span>
    </p>
   </div>
   <div class='ocr_carea' id='block_1_20' title="bbox 515 1875 2092 1977">
    <p class='ocr_par' dir='ltr' id='par_1_20' title="bbox 515 1875 2092 1968">
     <span class='ocr_line' id='line_1_20' title="bbox 515 1875 2092 1968; baseline -0.001 -17"><span class='ocrx_word' id='word_1_122' title='bbox 515 1875 668 1951; x_wconf 87' lang='lat' dir='ltr'><strong>mum</strong></span> <span class='ocrx_word' id='word_1_123' title='bbox 701 1905 853 1951; x_wconf 88' lang='lat' dir='ltr'><strong>tanto</strong></span> <span class='ocrx_word' id='word_1_124' title='bbox 890 1905 1131 1966; x_wconf 87' lang='lat' dir='ltr'><strong>tempore</strong></span> <span class='ocrx_word' id='word_1_125' title='bbox 1161 1875 1270 1951; x_wconf 86' lang='lat' dir='ltr'><strong>non</strong></span> <span class='ocrx_word' id='word_1_126' title='bbox 1300 1897 1619 1968; x_wconf 82' lang='lat' dir='ltr'><strong>expleverit,</strong></span> <span class='ocrx_word' id='word_1_127' title='bbox 1649 1896 1844 1952; x_wconf 87' lang='lat' dir='ltr'><strong>mortis</strong></span> <span class='ocrx_word' id='word_1_128' title='bbox 1875 1896 2092 1952; x_wconf 89' lang='lat' dir='ltr'><strong>interim</strong></span> 
     </span>
    </p>
   </div>
   <div class='ocr_carea' id='block_1_21' title="bbox 2196 1875 3893 1977">
    <p class='ocr_par' dir='ltr' id='par_1_21' title="bbox 2198 1890 3893 1977">
     <span class='ocr_line' id='line_1_21' title="bbox 2198 1890 3893 1977; baseline 0.004 -33"><span class='ocrx_word' id='word_1_129' title='bbox 2198 1891 2456 1963; x_wconf 76' lang='grc' dir='ltr'>έμόρυον.</span> <span class='ocrx_word' id='word_1_130' title='bbox 2515 1894 2724 1947; x_wconf 87' lang='grc' dir='ltr'>Ἐκεῖνο</span> <span class='ocrx_word' id='word_1_131' title='bbox 2772 1895 2882 1977; x_wconf 79' lang='grc' dir='ltr'><strong>γὰρ</strong></span> <span class='ocrx_word' id='word_1_132' title='bbox 2931 1893 3119 1966; x_wconf 79' lang='grc' dir='ltr'>ὥσπερ</span> <span class='ocrx_word' id='word_1_133' title='bbox 3148 1890 3279 1967; x_wconf 83' lang='grc' dir='ltr'>ἦλθε</span> <span class='ocrx_word' id='word_1_134' title='bbox 3321 1895 3586 1966; x_wconf 90' lang='grc' dir='ltr'>ματαίως,</span> <span class='ocrx_word' id='word_1_135' title='bbox 3610 1895 3785 1961; x_wconf 82' lang='grc' dir='ltr'>οὕτως</span> <span class='ocrx_word' id='word_1_136' title='bbox 3890 1920 3893 1921; x_wconf 50' lang='grc' dir='ltr'><strong>ν</strong></span> 
     </span>
    </p>
   </div>
   <div class='ocr_carea' id='block_1_22' title="bbox 2199 1985 3901 2073">
    <p class='ocr_par' dir='ltr' id='par_1_22' title="bbox 2199 1985 3901 2073">
     <span class='ocr_line' id='line_1_22' title="bbox 2199 1985 3901 2073; baseline 0 -34"><span class='ocrx_word' id='word_1_137' title='bbox 2199 1985 2384 2039; x_wconf 81' lang='grc' dir='ltr'>ἄπεισι</span> <span class='ocrx_word' id='word_1_138' title='bbox 2415 1987 2510 2040; x_wconf 74' lang='grc' dir='ltr'><strong>καὶ</strong></span> <span class='ocrx_word' id='word_1_139' title='bbox 2536 1986 2895 2073; x_wconf 35' lang='grc' dir='ltr'>λαθραίωςίέν</span> <span class='ocrx_word' id='word_1_140' title='bbox 2923 1989 3219 2068; x_wconf 78' lang='grc' dir='ltr'>ἀμνηστίᾳ,</span> <span class='ocrx_word' id='word_1_141' title='bbox 3248 1989 3345 2061; x_wconf 82' lang='grc' dir='ltr'><strong>οὐχ</strong></span> <span class='ocrx_word' id='word_1_142' title='bbox 3373 1989 3650 2061; x_wconf 78' lang='grc' dir='ltr'>ἁψάμενον</span> <span class='ocrx_word' id='word_1_143' title='bbox 3679 2007 3783 2043; x_wconf 73' lang='grc' dir='ltr'><strong>κα-</strong></span> <span class='ocrx_word' id='word_1_144' title='bbox 3890 2002 3901 2039; x_wconf 78' lang='grc' dir='ltr'><strong>ῖ</strong></span> 
     </span>
    </p>
   </div>
   <div class='ocr_carea' id='block_1_23' title="bbox 515 1982 2097 2060">
    <p class='ocr_par' dir='ltr' id='par_1_23' title="bbox 515 1982 2097 2060">
     <span class='ocr_line' id='line_1_23' title="bbox 515 1982 2097 2060; baseline 0.001 -17"><span class='ocrx_word' id='word_1_145' title='bbox 515 1988 764 2060; x_wconf 87' lang='lat' dir='ltr'><strong>periculo</strong></span> <span class='ocrx_word' id='word_1_146' title='bbox 813 1989 1242 2060; x_wconf 89' lang='lat' dir='ltr'><strong>haudquaquam</strong></span> <span class='ocrx_word' id='word_1_147' title='bbox 1286 1982 1465 2058; x_wconf 79' lang='lat' dir='ltr'><strong>facto;</strong></span> <span class='ocrx_word' id='word_1_148' title='bbox 1516 1991 1664 2047; x_wconf 86' lang='lat' dir='ltr'><strong>hunc</strong></span> <span class='ocrx_word' id='word_1_149' title='bbox 1705 1989 1960 2060; x_wconf 89' lang='lat' dir='ltr'><strong>equidem</strong></span> <span class='ocrx_word' id='word_1_150' title='bbox 1996 2003 2097 2045; x_wconf 88' lang='lat' dir='ltr'><strong>nec</strong></span> 
     </span>
    </p>
   </div>
   <div class='ocr_carea' id='block_1_24' title="bbox 514 2080 2097 2150">
    <p class='ocr_par' dir='ltr' id='par_1_24' title="bbox 514 2080 2097 2150">
     <span class='ocr_line' id='line_1_24' title="bbox 514 2080 2097 2150; baseline 0 -16"><span class='ocrx_word' id='word_1_151' title='bbox 514 2093 823 2135; x_wconf 74' lang='lat' dir='ltr'><strong>numerosae</strong></span> <span class='ocrx_word' id='word_1_152' title='bbox 868 2080 1081 2150; x_wconf 86' lang='lat' dir='ltr'><strong>prolis,</strong></span> <span class='ocrx_word' id='word_1_153' title='bbox 1134 2095 1236 2136; x_wconf 89' lang='lat' dir='ltr'><strong>nec</strong></span> <span class='ocrx_word' id='word_1_154' title='bbox 1285 2082 1663 2139; x_wconf 90' lang='lat' dir='ltr'><strong>diuturnitatis</strong></span> <span class='ocrx_word' id='word_1_155' title='bbox 1706 2082 1833 2139; x_wconf 67' lang='lat' dir='ltr'><strong>vitae</strong></span> <span class='ocrx_word' id='word_1_156' title='bbox 1875 2081 2097 2137; x_wconf 90' lang='lat' dir='ltr'><strong>nomine</strong></span> 
     </span>
    </p>
   </div>
   <div class='ocr_carea' id='block_1_25' title="bbox 514 2172 2097 2229">
    <p class='ocr_par' dir='ltr' id='par_1_25' title="bbox 514 2172 2097 2229">
     <span class='ocr_line' id='line_1_25' title="bbox 514 2172 2097 2229; baseline -0.001 -2"><span class='ocrx_word' id='word_1_157' title='bbox 514 2172 737 2227; x_wconf 90' lang='lat' dir='ltr'><strong>beatum</strong></span> <span class='ocrx_word' id='word_1_158' title='bbox 773 2172 1024 2227; x_wconf 84' lang='lat' dir='ltr'><strong>duxerim</strong></span> <span class='ocrx_word' id='word_1_159' title='bbox 1057 2190 1070 2226; x_wconf 92' lang='lat'><strong>:</strong></span> <span class='ocrx_word' id='word_1_160' title='bbox 1102 2172 1214 2227; x_wconf 91' lang='lat' dir='ltr'><strong>imo</strong></span> <span class='ocrx_word' id='word_1_161' title='bbox 1238 2188 1368 2228; x_wconf 90' lang='lat' dir='ltr'><strong>vero</strong></span> <span class='ocrx_word' id='word_1_162' title='bbox 1394 2172 1563 2228; x_wconf 78' lang='lat' dir='ltr'><strong>fetum</strong></span> <span class='ocrx_word' id='word_1_163' title='bbox 1586 2189 1617 2226; x_wconf 87' lang='lat' dir='ltr'><strong>e</strong></span> <span class='ocrx_word' id='word_1_164' title='bbox 1638 2182 1887 2229; x_wconf 84' lang='lat' dir='ltr'><strong>materno</strong></span> <span class='ocrx_word' id='word_1_165' title='bbox 1906 2180 2097 2229; x_wconf 81' lang='lat' dir='ltr'><strong>ventre</strong></span> 
     </span>
    </p>
   </div>
   <div class='ocr_carea' id='block_1_26' title="bbox 512 2254 2095 2336">
    <p class='ocr_par' dir='ltr' id='par_1_26' title="bbox 512 2254 2095 2336">
     <span class='ocr_line' id='line_1_26' title="bbox 512 2254 2095 2336; baseline 0 -19"><span class='ocrx_word' id='word_1_166' title='bbox 512 2254 841 2332; x_wconf 71' lang='lat' dir='ltr'><strong>praemature</strong></span> <span class='ocrx_word' id='word_1_167' title='bbox 886 2264 1265 2330; x_wconf 77' lang='lat' dir='ltr'><strong>excidentem,</strong></span> <span class='ocrx_word' id='word_1_168' title='bbox 1320 2274 1487 2334; x_wconf 89' lang='lat' dir='ltr'><strong>atque</strong></span> <span class='ocrx_word' id='word_1_169' title='bbox 1559 2265 1753 2320; x_wconf 91' lang='lat' dir='ltr'><strong>abortu</strong></span> <span class='ocrx_word' id='word_1_170' title='bbox 1822 2273 2095 2336; x_wconf 72' lang='lat' dir='ltr'><strong>egestum,</strong></span> 
     </span>
    </p>
   </div>
   <div class='ocr_carea' id='block_1_27' title="bbox 515 2355 2093 2428">
    <p class='ocr_par' dir='ltr' id='par_1_27' title="bbox 515 2355 2093 2428">
     <span class='ocr_line' id='line_1_27' title="bbox 515 2355 2093 2428; baseline 0.003 -19"><span class='ocrx_word' id='word_1_171' title='bbox 515 2357 619 2427; x_wconf 87' lang='lat' dir='ltr'><strong>ipsi</strong></span> <span class='ocrx_word' id='word_1_172' title='bbox 649 2356 1048 2428; x_wconf 62' lang='lat' dir='ltr'><strong>praeferendum</strong></span> <span class='ocrx_word' id='word_1_173' title='bbox 1074 2364 1229 2427; x_wconf 76' lang='lat' dir='ltr'><strong>puto;</strong></span> <span class='ocrx_word' id='word_1_174' title='bbox 1284 2356 1338 2411; x_wconf 70' lang='grc'><strong>4.</strong></span> <span class='ocrx_word' id='word_1_175' title='bbox 1369 2356 1462 2413; x_wconf 90' lang='lat' dir='ltr'><strong>llle</strong></span> <span class='ocrx_word' id='word_1_176' title='bbox 1496 2357 1645 2413; x_wconf 89' lang='lat' dir='ltr'><strong>enim</strong></span> <span class='ocrx_word' id='word_1_177' title='bbox 1667 2396 1682 2420; x_wconf 90' lang='lat'><strong>,</strong></span> <span class='ocrx_word' id='word_1_178' title='bbox 1724 2364 1788 2413; x_wconf 88' lang='lat' dir='ltr'><strong>ut</strong></span> <span class='ocrx_word' id='word_1_179' title='bbox 1814 2355 2093 2414; x_wconf 87' lang='lat' dir='ltr'><strong>incassum</strong></span> 
     </span>
    </p>
   </div>
   <div class='ocr_carea' id='block_1_28' title="bbox 515 2448 2096 2514">
    <p class='ocr_par' dir='ltr' id='par_1_28' title="bbox 515 2448 2096 2514">
     <span class='ocr_line' id='line_1_28' title="bbox 515 2448 2096 2514; baseline 0.003 -13"><span class='ocrx_word' id='word_1_180' title='bbox 515 2449 682 2514; x_wconf 88' lang='lat' dir='ltr'><strong>venit,</strong></span> <span class='ocrx_word' id='word_1_181' title='bbox 738 2449 811 2504; x_wconf 87' lang='lat' dir='ltr'><strong>ita</strong></span> <span class='ocrx_word' id='word_1_182' title='bbox 841 2449 1153 2505; x_wconf 86' lang='lat' dir='ltr'><strong>clanculum</strong></span> <span class='ocrx_word' id='word_1_183' title='bbox 1180 2449 1344 2504; x_wconf 88' lang='lat' dir='ltr'><strong>etiam</strong></span> <span class='ocrx_word' id='word_1_184' title='bbox 1372 2458 1428 2504; x_wconf 91' lang='lat' dir='ltr'><strong>et</strong></span> <span class='ocrx_word' id='word_1_185' title='bbox 1456 2463 1584 2505; x_wconf 90' lang='lat' dir='ltr'><strong>cum</strong></span> <span class='ocrx_word' id='word_1_186' title='bbox 1618 2448 1893 2505; x_wconf 88' lang='lat' dir='ltr'><strong>oblivione</strong></span> <span class='ocrx_word' id='word_1_187' title='bbox 1916 2450 2096 2505; x_wconf 89' lang='lat' dir='ltr'><strong>disce-</strong></span> 
     </span>
    </p>
   </div>
   <div class='ocr_carea' id='block_1_29' title="bbox 511 2540 2096 2617">
    <p class='ocr_par' dir='ltr' id='par_1_29' title="bbox 511 2540 2096 2617">
     <span class='ocr_line' id='line_1_29' title="bbox 511 2540 2096 2617; baseline 0.001 -22"><span class='ocrx_word' id='word_1_188' title='bbox 511 2540 645 2617; x_wconf 80' lang='lat' dir='ltr'><strong>dit,</strong></span> <span class='ocrx_word' id='word_1_189' title='bbox 682 2541 738 2595; x_wconf 85' lang='lat'><strong>5.</strong></span> <span class='ocrx_word' id='word_1_190' title='bbox 779 2557 888 2598; x_wconf 92' lang='lat' dir='ltr'><strong>non</strong></span> <span class='ocrx_word' id='word_1_191' title='bbox 914 2542 1220 2611; x_wconf 74' lang='lat' dir='ltr'><strong>degustatis</strong></span> <span class='ocrx_word' id='word_1_192' title='bbox 1247 2541 1413 2612; x_wconf 87' lang='lat' dir='ltr'><strong>hujus</strong></span> <span class='ocrx_word' id='word_1_193' title='bbox 1443 2542 1569 2597; x_wconf 80' lang='lat' dir='ltr'><strong>vitae</strong></span> <span class='ocrx_word' id='word_1_194' title='bbox 1602 2542 1765 2597; x_wconf 89' lang='lat' dir='ltr'><strong>malis</strong></span> <span class='ocrx_word' id='word_1_195' title='bbox 1787 2582 1803 2609; x_wconf 92' lang='lat'><strong>,</strong></span> <span class='ocrx_word' id='word_1_196' title='bbox 1854 2557 1959 2599; x_wconf 92' lang='lat' dir='ltr'><strong>nec</strong></span> <span class='ocrx_word' id='word_1_197' title='bbox 1981 2542 2096 2597; x_wconf 74' lang='lat' dir='ltr'><strong>sale</strong></span> 
     </span>
    </p>
   </div>
   <div class='ocr_carea' id='block_1_30' title="bbox 507 2632 2095 2704">
    <p class='ocr_par' dir='ltr' id='par_1_30' title="bbox 507 2632 2095 2704">
     <span class='ocr_line' id='line_1_30' title="bbox 507 2632 2095 2704; baseline 0.001 -18"><span class='ocrx_word' id='word_1_198' title='bbox 507 2642 819 2704; x_wconf 89' lang='lat' dir='ltr'><strong>prospecto.</strong></span> <span class='ocrx_word' id='word_1_199' title='bbox 885 2632 1041 2699; x_wconf 83' lang='lat' dir='ltr'><strong>Quod</strong></span> <span class='ocrx_word' id='word_1_200' title='bbox 1087 2632 1307 2703; x_wconf 88' lang='lat' dir='ltr'><strong>quidem</strong></span> <span class='ocrx_word' id='word_1_201' title='bbox 1352 2632 1526 2689; x_wconf 84' lang='lat' dir='ltr'><strong>levius</strong></span> <span class='ocrx_word' id='word_1_202' title='bbox 1570 2642 1686 2700; x_wconf 87' lang='lat' dir='ltr'><strong>est,</strong></span> <span class='ocrx_word' id='word_1_203' title='bbox 1731 2648 1896 2703; x_wconf 89' lang='lat' dir='ltr'><strong>quam</strong></span> <span class='ocrx_word' id='word_1_204' title='bbox 1948 2633 2095 2703; x_wconf 93' lang='lat' dir='ltr'><strong>quod</strong></span> 
     </span>
    </p>
   </div>
   <div class='ocr_carea' id='block_1_31' title="bbox 510 2724 2096 2796">
    <p class='ocr_par' dir='ltr' id='par_1_31' title="bbox 510 2724 2096 2796">
     <span class='ocr_line' id='line_1_31' title="bbox 510 2724 2096 2796; baseline 0.003 -20"><span class='ocrx_word' id='word_1_205' title='bbox 510 2738 771 2793; x_wconf 91' lang='lat' dir='ltr'><strong>perverso</strong></span> <span class='ocrx_word' id='word_1_206' title='bbox 806 2724 883 2779; x_wconf 90' lang='lat' dir='ltr'><strong>illi</strong></span> <span class='ocrx_word' id='word_1_207' title='bbox 909 2734 962 2779; x_wconf 92' lang='lat' dir='ltr'><strong>et</strong></span> <span class='ocrx_word' id='word_1_208' title='bbox 994 2725 1281 2796; x_wconf 80' lang='lat' dir='ltr'><strong>proﬂigato</strong></span> <span class='ocrx_word' id='word_1_209' title='bbox 1307 2724 1515 2779; x_wconf 91' lang='lat' dir='ltr'><strong>homini</strong></span> <span class='ocrx_word' id='word_1_210' title='bbox 1561 2724 1788 2791; x_wconf 85' lang='lat' dir='ltr'><strong>accidit;</strong></span> <span class='ocrx_word' id='word_1_211' title='bbox 1841 2725 1937 2795; x_wconf 92' lang='lat' dir='ltr'><strong>qui</strong></span> <span class='ocrx_word' id='word_1_212' title='bbox 1971 2725 2096 2781; x_wconf 86' lang='lat' dir='ltr'><strong>licet</strong></span> 
     </span>
    </p>
   </div>
   <div class='ocr_carea' id='block_1_32' title="bbox 410 2810 2093 2886">
    <p class='ocr_par' dir='ltr' id='par_1_32' title="bbox 410 2810 2093 2886">
     <span class='ocr_line' id='line_1_32' title="bbox 410 2810 2093 2886; baseline 0 -17"><span class='ocrx_word' id='word_1_213' title='bbox 410 2839 414 2844; x_wconf 88' lang='lat'><strong><em>-</em></strong></span> <span class='ocrx_word' id='word_1_214' title='bbox 441 2810 457 2819; x_wconf 66' lang='grc'><strong>’“</strong></span> <span class='ocrx_word' id='word_1_215' title='bbox 510 2816 570 2869; x_wconf 82' lang='grc' dir='ltr'><strong>ἱη</strong></span> <span class='ocrx_word' id='word_1_216' title='bbox 602 2814 751 2870; x_wconf 91' lang='lat' dir='ltr'><strong>mille</strong></span> <span class='ocrx_word' id='word_1_217' title='bbox 783 2829 960 2871; x_wconf 89' lang='lat' dir='ltr'><strong>annos</strong></span> <span class='ocrx_word' id='word_1_218' title='bbox 988 2815 1156 2870; x_wconf 89' lang='lat' dir='ltr'><strong>vitam</strong></span> <span class='ocrx_word' id='word_1_219' title='bbox 1187 2830 1344 2871; x_wconf 90' lang='lat' dir='ltr'><strong>suam</strong></span> <span class='ocrx_word' id='word_1_220' title='bbox 1374 2815 1725 2886; x_wconf 82' lang='lat' dir='ltr'><strong>propagarit,</strong></span> <span class='ocrx_word' id='word_1_221' title='bbox 1754 2815 1881 2870; x_wconf 74' lang='lat' dir='ltr'><strong>vita:</strong></span> <span class='ocrx_word' id='word_1_222' title='bbox 1913 2822 2093 2869; x_wconf 90' lang='lat' dir='ltr'><strong>tamen</strong></span> 
     </span>
    </p>
   </div>
   <div class='ocr_carea' id='block_1_33' title="bbox 452 2896 2089 2978">
    <p class='ocr_par' dir='ltr' id='par_1_33' title="bbox 452 2896 2089 2978">
     <span class='ocr_line' id='line_1_33' title="bbox 452 2896 2089 2978; baseline 0.001 -17"><span class='ocrx_word' id='word_1_223' title='bbox 452 2896 458 2901; x_wconf 69' lang='grc'><strong>’</strong></span> <span class='ocrx_word' id='word_1_224' title='bbox 481 2956 484 2960; x_wconf 88' lang='grc'><strong>.</strong></span> <span class='ocrx_word' id='word_1_225' title='bbox 506 2907 798 2973; x_wconf 86' lang='lat' dir='ltr'><strong>commoda</strong></span> <span class='ocrx_word' id='word_1_226' title='bbox 822 2923 929 2963; x_wconf 92' lang='lat' dir='ltr'><strong>non</strong></span> <span class='ocrx_word' id='word_1_227' title='bbox 953 2908 1200 2978; x_wconf 82' lang='lat' dir='ltr'><strong>agnovit.</strong></span> <span class='ocrx_word' id='word_1_228' title='bbox 1239 2903 1540 2977; x_wconf 86' lang='lat' dir='ltr'><strong>Utriusque</strong></span> <span class='ocrx_word' id='word_1_229' title='bbox 1561 2921 1729 2976; x_wconf 90' lang='lat' dir='ltr'><strong>porro</strong></span> <span class='ocrx_word' id='word_1_230' title='bbox 1749 2906 1895 2972; x_wconf 83' lang='lat' dir='ltr'><strong>ﬁnis,</strong></span> <span class='ocrx_word' id='word_1_231' title='bbox 1919 2921 2089 2963; x_wconf 91' lang='lat' dir='ltr'><strong>mors.</strong></span> 
     </span>
    </p>
   </div>
   <div class='ocr_carea' id='block_1_34' title="bbox 323 2976 2093 3080">
    <p class='ocr_par' dir='ltr' id='par_1_34' title="bbox 323 2976 2093 3080">
     <span class='ocr_line' id='line_1_34' title="bbox 323 2976 2093 3080; baseline -0.002 -19"><span class='ocrx_word' id='word_1_232' title='bbox 323 2976 350 2991; x_wconf 28' lang='lat' dir='ltr'><strong>‘v</strong></span> <span class='ocrx_word' id='word_1_233' title='bbox 399 3041 402 3044; x_wconf 58' lang='grc' dir='ltr'><em>ρ</em></span> <span class='ocrx_word' id='word_1_234' title='bbox 447 3046 453 3051; x_wconf 63' lang='grc' dir='ltr'><strong>ο</strong></span> <span class='ocrx_word' id='word_1_235' title='bbox 515 3004 570 3073; x_wconf 80' lang='grc'>7.</span> <span class='ocrx_word' id='word_1_236' title='bbox 603 3005 875 3080; x_wconf 74' lang='lat' dir='ltr'><strong>Caeterum</strong></span> <span class='ocrx_word' id='word_1_237' title='bbox 910 2976 1260 3059; x_wconf 79' lang='lat' dir='ltr'><strong>hicmaxime</strong></span> <span class='ocrx_word' id='word_1_238' title='bbox 1290 2976 1498 3059; x_wconf 77' lang='lat' dir='ltr'><strong>stultus</strong></span> <span class='ocrx_word' id='word_1_239' title='bbox 1520 3002 1899 3069; x_wconf 84' lang='lat' dir='ltr'><strong>convincitur,</strong></span> <span class='ocrx_word' id='word_1_240' title='bbox 1945 3002 2093 3074; x_wconf 90' lang='lat' dir='ltr'><strong>quod</strong></span> 
     </span>
    </p>
   </div>
   <div class='ocr_carea' id='block_1_35' title="bbox 428 3096 2094 3167">
    <p class='ocr_par' dir='ltr' id='par_1_35' title="bbox 428 3096 2094 3167">
     <span class='ocr_line' id='line_1_35' title="bbox 428 3096 2094 3167; baseline -0.001 -15"><span class='ocrx_word' id='word_1_241' title='bbox 428 3102 436 3110; x_wconf 88' lang='lat'>&#39;</span> <span class='ocrx_word' id='word_1_242' title='bbox 480 3098 663 3153; x_wconf 65' lang='lat' dir='ltr'><strong>&#39;nulla</strong></span> <span class='ocrx_word' id='word_1_243' title='bbox 696 3097 1010 3167; x_wconf 83' lang='lat' dir='ltr'><strong>cupiditate</strong></span> <span class='ocrx_word' id='word_1_244' title='bbox 1058 3099 1289 3153; x_wconf 87' lang='lat' dir='ltr'><strong>satietur</strong></span> <span class='ocrx_word' id='word_1_245' title='bbox 1318 3105 1374 3152; x_wconf 89' lang='lat' dir='ltr'><strong>et</strong></span> <span class='ocrx_word' id='word_1_246' title='bbox 1401 3096 1686 3166; x_wconf 84' lang='lat' dir='ltr'><strong>expleatur</strong></span> <span class='ocrx_word' id='word_1_247' title='bbox 1717 3115 1731 3152; x_wconf 92' lang='lat'><strong>:</strong></span> <span class='ocrx_word' id='word_1_248' title='bbox 1767 3096 1822 3151; x_wconf 90' lang='lat'><strong>8.</strong></span> <span class='ocrx_word' id='word_1_249' title='bbox 1855 3096 1925 3149; x_wconf 85' lang='lat' dir='ltr'><strong>At</strong></span> <span class='ocrx_word' id='word_1_250' title='bbox 1962 3111 2094 3167; x_wconf 82' lang='lat' dir='ltr'><strong>pru-</strong></span> 
     </span>
    </p>
   </div>
   <div class='ocr_carea' id='block_1_36' title="bbox 383 3180 2162 3274">
    <p class='ocr_par' dir='ltr' id='par_1_36' title="bbox 383 3180 2162 3274">
     <span class='ocr_line' id='line_1_36' title="bbox 383 3180 2162 3274; baseline -0.002 -29"><span class='ocrx_word' id='word_1_251' title='bbox 383 3259 392 3270; x_wconf 37' lang='grc' dir='ltr'>ι</span> <span class='ocrx_word' id='word_1_252' title='bbox 485 3180 642 3248; x_wconf 73' lang='grc' dir='ltr'>ἰιεηε</span> <span class='ocrx_word' id='word_1_253' title='bbox 673 3201 727 3253; x_wconf 87' lang='lat' dir='ltr'><strong>et</strong></span> <span class='ocrx_word' id='word_1_254' title='bbox 756 3192 1073 3247; x_wconf 88' lang='lat' dir='ltr'><strong>moderatus</strong></span> <span class='ocrx_word' id='word_1_255' title='bbox 1107 3191 1193 3246; x_wconf 89' lang='lat' dir='ltr'><strong>his</strong></span> <span class='ocrx_word' id='word_1_256' title='bbox 1221 3190 1507 3246; x_wconf 81' lang='lat' dir='ltr'><strong>all‘ectihus</strong></span> <span class='ocrx_word' id='word_1_257' title='bbox 1547 3190 1775 3244; x_wconf 90' lang='lat' dir='ltr'><strong>minime</strong></span> <span class='ocrx_word' id='word_1_258' title='bbox 1798 3188 2088 3245; x_wconf 89' lang='lat' dir='ltr'><strong>retinetur.</strong></span> <span class='ocrx_word' id='word_1_259' title='bbox 2119 3214 2162 3274; x_wconf 67' lang='grc' dir='ltr'><strong><em>ε</em></strong></span> 
     </span>
    </p>
   </div>
   <div class='ocr_carea' id='block_1_37' title="bbox 508 3281 2089 3353">
    <p class='ocr_par' dir='ltr' id='par_1_37' title="bbox 508 3281 2089 3353">
     <span class='ocr_line' id='line_1_37' title="bbox 508 3281 2089 3353; baseline -0.001 -15"><span class='ocrx_word' id='word_1_260' title='bbox 508 3283 645 3340; x_wconf 80' lang='lat' dir='ltr'><strong>Fere</strong></span> <span class='ocrx_word' id='word_1_261' title='bbox 670 3285 730 3340; x_wconf 85' lang='lat' dir='ltr'><strong>ﬁt</strong></span> <span class='ocrx_word' id='word_1_262' title='bbox 768 3295 950 3340; x_wconf 84' lang='lat' dir='ltr'><strong>autem</strong></span> <span class='ocrx_word' id='word_1_263' title='bbox 974 3324 989 3349; x_wconf 90' lang='lat'><strong>,</strong></span> <span class='ocrx_word' id='word_1_264' title='bbox 1044 3293 1106 3339; x_wconf 93' lang='lat' dir='ltr'><strong>ut</strong></span> <span class='ocrx_word' id='word_1_265' title='bbox 1136 3284 1263 3339; x_wconf 70' lang='lat' dir='ltr'><strong>vitae</strong></span> <span class='ocrx_word' id='word_1_266' title='bbox 1292 3283 1563 3338; x_wconf 83' lang='lat' dir='ltr'><strong>rectitude</strong></span> <span class='ocrx_word' id='word_1_267' title='bbox 1590 3291 1646 3336; x_wconf 90' lang='lat' dir='ltr'><strong>et</strong></span> <span class='ocrx_word' id='word_1_268' title='bbox 1675 3281 1961 3353; x_wconf 80' lang='lat' dir='ltr'><strong>integritas</strong></span> <span class='ocrx_word' id='word_1_269' title='bbox 1988 3281 2089 3336; x_wconf 76' lang='lat' dir='ltr'><strong>ho-</strong></span> 
     </span>
    </p>
   </div>
   <div class='ocr_carea' id='block_1_38' title="bbox 426 3373 2089 3447">
    <p class='ocr_par' dir='ltr' id='par_1_38' title="bbox 426 3373 2089 3447">
     <span class='ocr_line' id='line_1_38' title="bbox 426 3373 2089 3447; baseline 0.001 -16"><span class='ocrx_word' id='word_1_270' title='bbox 426 3410 434 3416; x_wconf 95' lang='lat'><strong><em>-</em></strong></span> <span class='ocrx_word' id='word_1_271' title='bbox 509 3378 710 3432; x_wconf 90' lang='lat' dir='ltr'><strong>minem</strong></span> <span class='ocrx_word' id='word_1_272' title='bbox 734 3390 738 3393; x_wconf 73' lang='lat'><strong><em>‘</em></strong></span> <span class='ocrx_word' id='word_1_273' title='bbox 763 3378 833 3431; x_wconf 89' lang='lat' dir='ltr'><strong>ad</strong></span> <span class='ocrx_word' id='word_1_274' title='bbox 874 3384 1249 3447; x_wconf 86' lang='lat' dir='ltr'><strong>paupertatem</strong></span> <span class='ocrx_word' id='word_1_275' title='bbox 1277 3376 1460 3432; x_wconf 86' lang='lat' dir='ltr'><strong>ducat.</strong></span> <span class='ocrx_word' id='word_1_276' title='bbox 1521 3375 1577 3430; x_wconf 85' lang='lat'><strong>9.</strong></span> <span class='ocrx_word' id='word_1_277' title='bbox 1617 3373 1818 3431; x_wconf 87' lang='lat' dir='ltr'><strong>Multos</strong></span> <span class='ocrx_word' id='word_1_278' title='bbox 1852 3389 1983 3430; x_wconf 88' lang='lat' dir='ltr'><strong>vero</strong></span> <span class='ocrx_word' id='word_1_279' title='bbox 2020 3375 2089 3432; x_wconf 87' lang='lat' dir='ltr'><strong>de</strong></span> 
     </span>
    </p>
   </div>
   <div class='ocr_carea' id='block_1_39' title="bbox 2201 603 3852 681">
    <p class='ocr_par' dir='ltr' id='par_1_39' title="bbox 2201 603 3852 681">
     <span class='ocr_line' id='line_1_39' title="bbox 2201 603 3852 681; baseline -0.002 -21"><span class='ocrx_word' id='word_1_280' title='bbox 2201 607 2513 661; x_wconf 83' lang='grc' dir='ltr'><strong>οὑτινοσοῦν</strong></span> <span class='ocrx_word' id='word_1_281' title='bbox 2564 606 2671 660; x_wconf 90' lang='grc' dir='ltr'><strong>τῶν</strong></span> <span class='ocrx_word' id='word_1_282' title='bbox 2717 609 2794 673; x_wconf 81' lang='grc' dir='ltr'><strong>εἰς</strong></span> <span class='ocrx_word' id='word_1_283' title='bbox 2836 607 3129 681; x_wconf 76' lang='grc' dir='ltr'>ἐπιθυμίαν</span> <span class='ocrx_word' id='word_1_284' title='bbox 3160 607 3423 662; x_wconf 73' lang='grc' dir='ltr'><strong>ἐλθόντων</strong></span> <span class='ocrx_word' id='word_1_285' title='bbox 3453 604 3614 659; x_wconf 77' lang='grc' dir='ltr'>αὐτὸν</span> <span class='ocrx_word' id='word_1_286' title='bbox 3645 603 3751 675; x_wconf 76' lang='grc' dir='ltr'><strong>ἀφέ</strong></span> <span class='ocrx_word' id='word_1_287' title='bbox 3848 620 3852 624; x_wconf 70' lang='lat'><em>‘</em></span> 
     </span>
    </p>
   </div>
   <div class='ocr_carea' id='block_1_40' title="bbox 2202 688 3785 773">
    <p class='ocr_par' dir='ltr' id='par_1_40' title="bbox 2202 688 3785 773">
     <span class='ocr_line' id='line_1_40' title="bbox 2202 688 3785 773; baseline -0.002 -21"><span class='ocrx_word' id='word_1_288' title='bbox 2202 699 2390 769; x_wconf 86' lang='grc' dir='ltr'>ληται,</span> <span class='ocrx_word' id='word_1_289' title='bbox 2430 689 2504 769; x_wconf 85' lang='grc' dir='ltr'>μὴ</span> <span class='ocrx_word' id='word_1_290' title='bbox 2540 701 2876 769; x_wconf 80' lang='grc' dir='ltr'><strong>περιουσίας,</strong></span> <span class='ocrx_word' id='word_1_291' title='bbox 2913 701 2989 773; x_wconf 78' lang='grc' dir='ltr'><strong>μὴ</strong></span> <span class='ocrx_word' id='word_1_292' title='bbox 3038 688 3372 765; x_wconf 81' lang='grc' dir='ltr'>πολυδοξίας,</span> <span class='ocrx_word' id='word_1_293' title='bbox 3410 698 3484 769; x_wconf 84' lang='grc' dir='ltr'><strong>μὴ</strong></span> <span class='ocrx_word' id='word_1_294' title='bbox 3528 697 3638 751; x_wconf 83' lang='grc' dir='ltr'><strong>τῶν</strong></span> <span class='ocrx_word' id='word_1_295' title='bbox 3675 695 3785 749; x_wconf 86' lang='grc' dir='ltr'>λοι·-</span> 
     </span>
    </p>
   </div>
   <div class='ocr_carea' id='block_1_41' title="bbox 2203 791 3785 865">
    <p class='ocr_par' dir='ltr' id='par_1_41' title="bbox 2203 791 3785 865">
     <span class='ocr_line' id='line_1_41' title="bbox 2203 791 3785 865; baseline -0.002 -21"><span class='ocrx_word' id='word_1_296' title='bbox 2203 791 2322 844; x_wconf 84' lang='grc' dir='ltr'><strong>πῶν</strong></span> <span class='ocrx_word' id='word_1_297' title='bbox 2368 792 2497 863; x_wconf 81' lang='grc' dir='ltr'>περὶ</span> <span class='ocrx_word' id='word_1_298' title='bbox 2543 792 2641 844; x_wconf 85' lang='grc' dir='ltr'><strong>ὅσα</strong></span> <span class='ocrx_word' id='word_1_299' title='bbox 2675 791 2951 865; x_wconf 83' lang='grc' dir='ltr'>ἄνθρωποι</span> <span class='ocrx_word' id='word_1_300' title='bbox 2983 793 3290 865; x_wconf 78' lang='grc' dir='ltr'>ἐπτόηνται·</span> <span class='ocrx_word' id='word_1_301' title='bbox 3323 794 3352 846; x_wconf 86' lang='grc' dir='ltr'><strong>ό</strong></span> <span class='ocrx_word' id='word_1_302' title='bbox 3380 791 3439 846; x_wconf 82' lang='grc' dir='ltr'>δὲ</span> <span class='ocrx_word' id='word_1_303' title='bbox 3479 792 3592 854; x_wconf 87' lang='grc' dir='ltr'>τοῖς</span> <span class='ocrx_word' id='word_1_304' title='bbox 3617 791 3785 854; x_wconf 78' lang='grc' dir='ltr'>πᾶσιν</span> 
     </span>
    </p>
   </div>
   <div class='ocr_carea' id='block_1_42' title="bbox 2202 880 3782 956">
    <p class='ocr_par' dir='ltr' id='par_1_42' title="bbox 2202 880 3782 956">
     <span class='ocr_line' id='line_1_42' title="bbox 2202 880 3782 956; baseline 0.001 -23"><span class='ocrx_word' id='word_1_305' title='bbox 2202 880 2619 953; x_wconf 86' lang='grc' dir='ltr'>εὐθηνούμενος,</span> <span class='ocrx_word' id='word_1_306' title='bbox 2670 882 2873 955; x_wconf 84' lang='grc' dir='ltr'>ὥσπερ</span> <span class='ocrx_word' id='word_1_307' title='bbox 2907 883 3082 955; x_wconf 83' lang='grc' dir='ltr'>τούτῳ</span> <span class='ocrx_word' id='word_1_308' title='bbox 3128 884 3275 956; x_wconf 85' lang='grc' dir='ltr'>μόνῳ</span> <span class='ocrx_word' id='word_1_309' title='bbox 3327 882 3574 954; x_wconf 83' lang='grc' dir='ltr'>θεηλάτῳ</span> <span class='ocrx_word' id='word_1_310' title='bbox 3626 880 3782 950; x_wconf 86' lang='grc' dir='ltr'><strong>κακῷ</strong></span> 
     </span>
    </p>
   </div>
   <div class='ocr_carea' id='block_1_43' title="bbox 2204 971 3782 1047">
    <p class='ocr_par' dir='ltr' id='par_1_43' title="bbox 2204 971 3782 1047">
     <span class='ocr_line' id='line_1_43' title="bbox 2204 971 3782 1047; baseline -0.001 -20"><span class='ocrx_word' id='word_1_311' title='bbox 2204 974 2584 1045; x_wconf 81' lang='grc' dir='ltr'>συνεχόμενος,</span> <span class='ocrx_word' id='word_1_312' title='bbox 2630 975 2709 1047; x_wconf 83' lang='grc' dir='ltr'>τῷ</span> <span class='ocrx_word' id='word_1_313' title='bbox 2762 976 2837 1047; x_wconf 85' lang='grc' dir='ltr'>μὴ</span> <span class='ocrx_word' id='word_1_314' title='bbox 2876 975 3197 1041; x_wconf 85' lang='grc' dir='ltr'>ἀπολαύειν,</span> <span class='ocrx_word' id='word_1_315' title='bbox 3245 975 3448 1047; x_wconf 77' lang='grc' dir='ltr'><strong>ἑταίρῳ</strong></span> <span class='ocrx_word' id='word_1_316' title='bbox 3486 972 3571 1045; x_wconf 79' lang='grc' dir='ltr'>τῷ</span> <span class='ocrx_word' id='word_1_317' title='bbox 3616 971 3782 1027; x_wconf 75' lang='grc' dir='ltr'>αὑτοῦ</span> 
     </span>
    </p>
   </div>
   <div class='ocr_carea' id='block_1_44' title="bbox 2201 1065 3784 1140">
    <p class='ocr_par' dir='ltr' id='par_1_44' title="bbox 2201 1065 3784 1140">
     <span class='ocr_line' id='line_1_44' title="bbox 2201 1065 3784 1140; baseline 0.001 -22"><span class='ocrx_word' id='word_1_318' title='bbox 2201 1065 2552 1136; x_wconf 83' lang='grc' dir='ltr'>ταμιεύσεται</span> <span class='ocrx_word' id='word_1_319' title='bbox 2589 1067 2697 1138; x_wconf 75' lang='grc' dir='ltr'><strong>(Ιῖ)</strong></span> <span class='ocrx_word' id='word_1_320' title='bbox 2721 1108 2735 1131; x_wconf 94' lang='grc'><strong>,</strong></span> <span class='ocrx_word' id='word_1_321' title='bbox 2765 1066 2946 1120; x_wconf 87' lang='grc' dir='ltr'>πεσὼν</span> <span class='ocrx_word' id='word_1_322' title='bbox 2986 1067 3234 1140; x_wconf 78' lang='grc' dir='ltr'>ἄκαρπος</span> <span class='ocrx_word' id='word_1_323' title='bbox 3283 1066 3378 1121; x_wconf 80' lang='grc' dir='ltr'><strong>καὶ</strong></span> <span class='ocrx_word' id='word_1_324' title='bbox 3428 1065 3640 1135; x_wconf 83' lang='grc' dir='ltr'>ἐαυτῷ,</span> <span class='ocrx_word' id='word_1_325' title='bbox 3687 1065 3784 1119; x_wconf 78' lang='grc' dir='ltr'><strong>καὶ</strong></span> 
     </span>
    </p>
   </div>
   <div class='ocr_carea' id='block_1_45' title="bbox 2201 1157 3783 1232">
    <p class='ocr_par' dir='ltr' id='par_1_45' title="bbox 2201 1157 3783 1232">
     <span class='ocr_line' id='line_1_45' title="bbox 2201 1157 3783 1232; baseline -0.001 -22"><span class='ocrx_word' id='word_1_326' title='bbox 2201 1161 2312 1221; x_wconf 88' lang='grc' dir='ltr'>τοῖς</span> <span class='ocrx_word' id='word_1_327' title='bbox 2358 1157 2604 1229; x_wconf 78' lang='grc' dir='ltr'>πλησίον.</span> <span class='ocrx_word' id='word_1_328' title='bbox 2661 1158 2831 1212; x_wconf 83' lang='grc' dir='ltr'>Τοῦτο</span> <span class='ocrx_word' id='word_1_329' title='bbox 2891 1160 3036 1230; x_wconf 88' lang='grc' dir='ltr'>μέγα</span> <span class='ocrx_word' id='word_1_330' title='bbox 3082 1162 3381 1232; x_wconf 85' lang='grc' dir='ltr'>τεκμήριον</span> <span class='ocrx_word' id='word_1_331' title='bbox 3422 1159 3515 1213; x_wconf 68' lang='grc' dir='ltr'><strong>καί</strong></span> <span class='ocrx_word' id='word_1_332' title='bbox 3562 1158 3783 1228; x_wconf 72' lang='grc' dir='ltr'>ἔλεγχον</span> 
     </span>
    </p>
   </div>
   <div class='ocr_carea' id='block_1_46' title="bbox 2204 1251 3777 1323">
    <p class='ocr_par' dir='ltr' id='par_1_46' title="bbox 2204 1251 3777 1323">
     <span class='ocr_line' id='line_1_46' title="bbox 2204 1251 3777 1323; baseline 0.001 -21"><span class='ocrx_word' id='word_1_333' title='bbox 2204 1251 2476 1322; x_wconf 78' lang='grc' dir='ltr'>περιφανῆ</span> <span class='ocrx_word' id='word_1_334' title='bbox 2544 1251 2986 1323; x_wconf 76' lang='grc' dir='ltr'>ὑπερϐαλλούσης</span> <span class='ocrx_word' id='word_1_335' title='bbox 3042 1253 3154 1322; x_wconf 89' lang='grc' dir='ltr'><strong>ἐγὼ</strong></span> <span class='ocrx_word' id='word_1_336' title='bbox 3208 1252 3426 1323; x_wconf 85' lang='grc' dir='ltr'>τίθεμαι</span> <span class='ocrx_word' id='word_1_337' title='bbox 3480 1251 3777 1323; x_wconf 81' lang='grc' dir='ltr'>πονηρίας’</span> 
     </span>
    </p>
   </div>
   <div class='ocr_carea' id='block_1_47' title="bbox 2200 1340 3782 1418">
    <p class='ocr_par' dir='ltr' id='par_1_47' title="bbox 2200 1340 3782 1418">
     <span class='ocr_line' id='line_1_47' title="bbox 2200 1340 3782 1418; baseline 0.001 -23"><span class='ocrx_word' id='word_1_338' title='bbox 2200 1340 2372 1413; x_wconf 77' lang='grc' dir='ltr'>ἄνδρα</span> <span class='ocrx_word' id='word_1_339' title='bbox 2412 1359 2471 1395; x_wconf 89' lang='grc' dir='ltr'><strong>τε</strong></span> <span class='ocrx_word' id='word_1_340' title='bbox 2524 1343 2750 1407; x_wconf 86' lang='grc' dir='ltr'>ἐκεῖνον,</span> <span class='ocrx_word' id='word_1_341' title='bbox 2803 1343 2862 1407; x_wconf 86' lang='grc' dir='ltr'><strong>δς</strong></span> <span class='ocrx_word' id='word_1_342' title='bbox 2911 1344 3178 1399; x_wconf 85' lang='grc' dir='ltr'>πλείστων</span> <span class='ocrx_word' id='word_1_343' title='bbox 3225 1345 3406 1418; x_wconf 82' lang='grc' dir='ltr'>πατὴρ</span> <span class='ocrx_word' id='word_1_344' title='bbox 3459 1344 3782 1413; x_wconf 61' lang='grc' dir='ltr'>ὀνομασθείς</span> 
     </span>
    </p>
   </div>
   <div class='ocr_carea' id='block_1_48' title="bbox 2199 1433 3785 1511">
    <p class='ocr_par' dir='ltr' id='par_1_48' title="bbox 2199 1433 3785 1511">
     <span class='ocr_line' id='line_1_48' title="bbox 2199 1433 3785 1511; baseline 0.003 -25"><span class='ocrx_word' id='word_1_345' title='bbox 2199 1435 2405 1488; x_wconf 86' lang='grc' dir='ltr'>τέκνων</span> <span class='ocrx_word' id='word_1_346' title='bbox 2420 1433 2641 1499; x_wconf 85' lang='grc' dir='ltr'>ἀσινῶς,</span> <span class='ocrx_word' id='word_1_347' title='bbox 2676 1436 2826 1507; x_wconf 84' lang='grc' dir='ltr'>βιοὺς</span> <span class='ocrx_word' id='word_1_348' title='bbox 2856 1439 2913 1491; x_wconf 83' lang='grc' dir='ltr'>δὲ</span> <span class='ocrx_word' id='word_1_349' title='bbox 2929 1440 3122 1510; x_wconf 92' lang='grc' dir='ltr'>χρόνον</span> <span class='ocrx_word' id='word_1_350' title='bbox 3146 1440 3375 1511; x_wconf 78' lang='grc' dir='ltr'>μακρὸν,</span> <span class='ocrx_word' id='word_1_351' title='bbox 3405 1439 3506 1493; x_wconf 86' lang='grc' dir='ltr'><strong>οὐκ</strong></span> <span class='ocrx_word' id='word_1_352' title='bbox 3535 1437 3785 1510; x_wconf 77' lang='grc' dir='ltr'>ἐπλήσθη</span> 
     </span>
    </p>
   </div>
   <div class='ocr_carea' id='block_1_49' title="bbox 2199 1523 3784 1601">
    <p class='ocr_par' dir='ltr' id='par_1_49' title="bbox 2199 1523 3784 1601">
     <span class='ocr_line' id='line_1_49' title="bbox 2199 1523 3784 1601; baseline 0.006 -27"><span class='ocrx_word' id='word_1_353' title='bbox 2199 1523 2565 1594; x_wconf 81' lang='grc' dir='ltr'>χρηστότητος</span> <span class='ocrx_word' id='word_1_354' title='bbox 2595 1523 2693 1596; x_wconf 84' lang='grc' dir='ltr'>τὴν</span> <span class='ocrx_word' id='word_1_355' title='bbox 2721 1525 2900 1598; x_wconf 76' lang='grc' dir='ltr'>ψυχὴν</span> <span class='ocrx_word' id='word_1_356' title='bbox 2935 1528 3028 1581; x_wconf 70' lang='grc' dir='ltr'><strong>ἐπὶ</strong></span> <span class='ocrx_word' id='word_1_357' title='bbox 3072 1527 3354 1591; x_wconf 80' lang='grc' dir='ltr'>τοσοῦτον,</span> <span class='ocrx_word' id='word_1_358' title='bbox 3389 1528 3618 1582; x_wconf 86' lang='grc' dir='ltr'>θάνατον</span> <span class='ocrx_word' id='word_1_359' title='bbox 3644 1529 3784 1601; x_wconf 68' lang='grc' dir='ltr'>(ιε’)</span> 
     </span>
    </p>
   </div>
   <div class='ocr_carea' id='block_1_50' title="bbox 2200 1616 3784 1692">
    <p class='ocr_par' dir='ltr' id='par_1_50' title="bbox 2200 1616 3784 1692">
     <span class='ocr_line' id='line_1_50' title="bbox 2200 1616 3784 1692; baseline 0.007 -28"><span class='ocrx_word' id='word_1_360' title='bbox 2200 1617 2396 1685; x_wconf 86' lang='grc' dir='ltr'>πεῖραν</span> <span class='ocrx_word' id='word_1_361' title='bbox 2426 1616 2487 1667; x_wconf 88' lang='grc' dir='ltr'><strong>ού</strong></span> <span class='ocrx_word' id='word_1_362' title='bbox 2520 1616 2699 1670; x_wconf 81' lang='grc' dir='ltr'>λαϐών</span> <span class='ocrx_word' id='word_1_363' title='bbox 2722 1634 2735 1649; x_wconf 70' lang='grc' dir='ltr'><strong>θ</strong></span> <span class='ocrx_word' id='word_1_364' title='bbox 2772 1617 2964 1688; x_wconf 19' lang='grc' dir='ltr'>τοῦτον,</span> <span class='ocrx_word' id='word_1_365' title='bbox 2993 1620 3188 1690; x_wconf 71' lang='grc' dir='ltr'>ἔγωγε,</span> <span class='ocrx_word' id='word_1_366' title='bbox 3221 1620 3341 1674; x_wconf 73' lang='grc' dir='ltr'>οὔτε</span> <span class='ocrx_word' id='word_1_367' title='bbox 3375 1622 3473 1692; x_wconf 82' lang='grc' dir='ltr'>τῆς</span> <span class='ocrx_word' id='word_1_368' title='bbox 3514 1622 3784 1676; x_wconf 87' lang='grc' dir='ltr'>πολυπαι-</span> 
     </span>
    </p>
   </div>
   <div class='ocr_carea' id='block_1_51' title="bbox 2197 1704 3783 1785">
    <p class='ocr_par' dir='ltr' id='par_1_51' title="bbox 2197 1704 3783 1785">
     <span class='ocr_line' id='line_1_51' title="bbox 2197 1704 3783 1785; baseline 0.006 -28"><span class='ocrx_word' id='word_1_369' title='bbox 2197 1704 2336 1769; x_wconf 88' lang='grc' dir='ltr'>δίας,</span> <span class='ocrx_word' id='word_1_370' title='bbox 2380 1705 2505 1760; x_wconf 80' lang='grc' dir='ltr'>οΰτε</span> <span class='ocrx_word' id='word_1_371' title='bbox 2538 1708 2637 1778; x_wconf 82' lang='grc' dir='ltr'>τῆς</span> <span class='ocrx_word' id='word_1_372' title='bbox 2668 1709 3043 1784; x_wconf 85' lang='grc' dir='ltr'>πολυημερίας</span> <span class='ocrx_word' id='word_1_373' title='bbox 3075 1711 3377 1783; x_wconf 78' lang='grc' dir='ltr'>ζηλώσαιμ¹</span> <span class='ocrx_word' id='word_1_374' title='bbox 3405 1712 3492 1766; x_wconf 81' lang='grc' dir='ltr'><strong>ἄν·</strong></span> <span class='ocrx_word' id='word_1_375' title='bbox 3529 1713 3625 1767; x_wconf 78' lang='grc' dir='ltr'>καὶ</span> <span class='ocrx_word' id='word_1_376' title='bbox 3649 1729 3783 1785; x_wconf 90' lang='grc' dir='ltr'>προ-</span> 
     </span>
    </p>
   </div>
   <div class='ocr_carea' id='block_1_52' title="bbox 2199 1797 3786 1874">
    <p class='ocr_par' dir='ltr' id='par_1_52' title="bbox 2199 1797 3786 1874">
     <span class='ocr_line' id='line_1_52' title="bbox 2199 1797 3786 1874; baseline 0.004 -24"><span class='ocrx_word' id='word_1_377' title='bbox 2199 1797 2371 1867; x_wconf 85' lang='grc' dir='ltr'>κρίνω</span> <span class='ocrx_word' id='word_1_378' title='bbox 2422 1798 2480 1851; x_wconf 84' lang='grc' dir='ltr'>δὲ</span> <span class='ocrx_word' id='word_1_379' title='bbox 2519 1798 2685 1853; x_wconf 83' lang='grc' dir='ltr'>αὐτοῦ</span> <span class='ocrx_word' id='word_1_380' title='bbox 2731 1800 2910 1872; x_wconf 84' lang='grc' dir='ltr'>ἄωρον</span> <span class='ocrx_word' id='word_1_381' title='bbox 2966 1802 3204 1874; x_wconf 82' lang='grc' dir='ltr'>γαστρὸς</span> <span class='ocrx_word' id='word_1_382' title='bbox 3247 1800 3505 1874; x_wconf 83' lang='grc' dir='ltr'>μητρῴας</span> <span class='ocrx_word' id='word_1_383' title='bbox 3550 1803 3786 1858; x_wconf 79' lang='grc' dir='ltr'>ἐκπεσὸν</span> 
     </span>
    </p>
   </div>
   <div class='ocr_carea' id='block_1_53' title="bbox 2200 2079 3786 2155">
    <p class='ocr_par' dir='ltr' id='par_1_53' title="bbox 2200 2079 3786 2155">
     <span class='ocr_line' id='line_1_53' title="bbox 2200 2079 3786 2155; baseline 0.001 -23"><span class='ocrx_word' id='word_1_384' title='bbox 2200 2079 2338 2143; x_wconf 81' lang='grc' dir='ltr'>κῶν,</span> <span class='ocrx_word' id='word_1_385' title='bbox 2364 2080 2485 2134; x_wconf 81' lang='grc' dir='ltr'>οὐδὲ</span> <span class='ocrx_word' id='word_1_386' title='bbox 2514 2080 2858 2152; x_wconf 78' lang='grc' dir='ltr'>προσϐλέψαν</span> <span class='ocrx_word' id='word_1_387' title='bbox 2884 2079 3038 2152; x_wconf 82' lang='grc' dir='ltr'>ἡλίῳ.</span> <span class='ocrx_word' id='word_1_388' title='bbox 3074 2081 3246 2135; x_wconf 81' lang='grc' dir='ltr'>Τοῦτο</span> <span class='ocrx_word' id='word_1_389' title='bbox 3270 2082 3616 2152; x_wconf 73' lang='grc' dir='ltr'>κουφότερον,</span> <span class='ocrx_word' id='word_1_390' title='bbox 3638 2081 3786 2155; x_wconf 75' lang='grc' dir='ltr'>ἥπερ</span> 
     </span>
    </p>
   </div>
   <div class='ocr_carea' id='block_1_54' title="bbox 2196 2170 3787 2246">
    <p class='ocr_par' dir='ltr' id='par_1_54' title="bbox 2196 2170 3787 2246">
     <span class='ocr_line' id='line_1_54' title="bbox 2196 2170 3787 2246; baseline 0.004 -24"><span class='ocrx_word' id='word_1_391' title='bbox 2196 2170 2277 2241; x_wconf 81' lang='grc' dir='ltr'><strong>τῷ</strong></span> <span class='ocrx_word' id='word_1_392' title='bbox 2307 2172 2547 2244; x_wconf 82' lang='grc' dir='ltr'>πονηρῷ,</span> <span class='ocrx_word' id='word_1_393' title='bbox 2577 2172 2680 2226; x_wconf 77' lang='grc' dir='ltr'><strong>κᾶν</strong></span> <span class='ocrx_word' id='word_1_394' title='bbox 2721 2172 2913 2243; x_wconf 84' lang='grc' dir='ltr'>χιλίοις</span> <span class='ocrx_word' id='word_1_395' title='bbox 2947 2172 3090 2227; x_wconf 78' lang='grc' dir='ltr'>ἔτεσι</span> <span class='ocrx_word' id='word_1_396' title='bbox 3121 2173 3222 2244; x_wconf 78' lang='grc' dir='ltr'><strong>τὴν</strong></span> <span class='ocrx_word' id='word_1_397' title='bbox 3251 2172 3445 2227; x_wconf 80' lang='grc' dir='ltr'>ἐαυτοῦ</span> <span class='ocrx_word' id='word_1_398' title='bbox 3484 2173 3629 2246; x_wconf 79' lang='grc' dir='ltr'>ζωὴν</span> <span class='ocrx_word' id='word_1_399' title='bbox 3652 2175 3787 2228; x_wconf 86' lang='grc' dir='ltr'><strong>ἀνα-</strong></span> 
     </span>
    </p>
   </div>
   <div class='ocr_carea' id='block_1_55' title="bbox 2202 2264 3784 2344">
    <p class='ocr_par' dir='ltr' id='par_1_55' title="bbox 2202 2264 3784 2344">
     <span class='ocr_line' id='line_1_55' title="bbox 2202 2264 3784 2344; baseline 0.001 -28"><span class='ocrx_word' id='word_1_400' title='bbox 2202 2266 2603 2337; x_wconf 87' lang='grc' dir='ltr'>μετρησαμένῳ</span> <span class='ocrx_word' id='word_1_401' title='bbox 2634 2266 2945 2339; x_wconf 79' lang='grc' dir='ltr'>ἀγαθότητα</span> <span class='ocrx_word' id='word_1_402' title='bbox 2996 2265 3070 2337; x_wconf 82' lang='grc' dir='ltr'>μὴ</span> <span class='ocrx_word' id='word_1_403' title='bbox 3119 2264 3326 2337; x_wconf 78' lang='grc' dir='ltr'>ἐπιγνῷ</span> <span class='ocrx_word' id='word_1_404' title='bbox 3357 2265 3491 2338; x_wconf 79' lang='grc'><strong>(15).</strong></span> <span class='ocrx_word' id='word_1_405' title='bbox 3525 2266 3691 2344; x_wconf 84' lang='grc' dir='ltr'>Τέλος</span> <span class='ocrx_word' id='word_1_406' title='bbox 3725 2265 3784 2318; x_wconf 71' lang='grc' dir='ltr'>δὲ</span> 
     </span>
    </p>
   </div>
   <div class='ocr_carea' id='block_1_56' title="bbox 2198 2356 3786 2430">
    <p class='ocr_par' dir='ltr' id='par_1_56' title="bbox 2198 2356 3786 2430">
     <span class='ocr_line' id='line_1_56' title="bbox 2198 2356 3786 2430; baseline 0.001 -21"><span class='ocrx_word' id='word_1_407' title='bbox 2198 2357 2401 2427; x_wconf 80' lang='grc' dir='ltr'>ἀμφοῖν</span> <span class='ocrx_word' id='word_1_408' title='bbox 2435 2356 2682 2420; x_wconf 83' lang='grc' dir='ltr'>θάνατος.</span> <span class='ocrx_word' id='word_1_409' title='bbox 2728 2357 3115 2428; x_wconf 87' lang='grc' dir='ltr'>Ἐλεγχομένου</span> <span class='ocrx_word' id='word_1_410' title='bbox 3152 2358 3414 2430; x_wconf 80' lang='grc' dir='ltr'>ἄφρονος,</span> <span class='ocrx_word' id='word_1_411' title='bbox 3446 2357 3683 2429; x_wconf 83' lang='grc' dir='ltr'>μάλιστα</span> <span class='ocrx_word' id='word_1_412' title='bbox 3705 2356 3786 2427; x_wconf 85' lang='grc' dir='ltr'>τῷ</span> 
     </span>
    </p>
   </div>
   <div class='ocr_carea' id='block_1_57' title="bbox 2199 2449 3782 2522">
    <p class='ocr_par' dir='ltr' id='par_1_57' title="bbox 2199 2449 3782 2522">
     <span class='ocr_line' id='line_1_57' title="bbox 2199 2449 3782 2522; baseline 0.003 -22"><span class='ocrx_word' id='word_1_413' title='bbox 2199 2449 2515 2521; x_wconf 80' lang='grc' dir='ltr'>πλησμονὴν</span> <span class='ocrx_word' id='word_1_414' title='bbox 2586 2450 2856 2522; x_wconf 83' lang='grc' dir='ltr'>μηδεμιᾶς</span> <span class='ocrx_word' id='word_1_415' title='bbox 2903 2450 3206 2521; x_wconf 74' lang='grc' dir='ltr'>λαμϐάνειν</span> <span class='ocrx_word' id='word_1_416' title='bbox 3270 2449 3585 2522; x_wconf 79' lang='grc' dir='ltr'>ἐπιθυμίας.</span> <span class='ocrx_word' id='word_1_417' title='bbox 3640 2452 3699 2506; x_wconf 84' lang='grc' dir='ltr'><strong>Ὀ</strong></span> <span class='ocrx_word' id='word_1_418' title='bbox 3724 2452 3782 2505; x_wconf 79' lang='grc' dir='ltr'>δὲ</span> 
     </span>
    </p>
   </div>
   <div class='ocr_carea' id='block_1_58' title="bbox 2200 2542 3784 2615">
    <p class='ocr_par' dir='ltr' id='par_1_58' title="bbox 2200 2542 3784 2615">
     <span class='ocr_line' id='line_1_58' title="bbox 2200 2542 3784 2615; baseline 0 -19"><span class='ocrx_word' id='word_1_419' title='bbox 2200 2542 2455 2615; x_wconf 81' lang='grc' dir='ltr'>σώφρων,</span> <span class='ocrx_word' id='word_1_420' title='bbox 2502 2543 2720 2608; x_wconf 83' lang='grc' dir='ltr'>’τούτοις</span> <span class='ocrx_word' id='word_1_421' title='bbox 2769 2544 2870 2597; x_wconf 83' lang='grc' dir='ltr'>οὒκ</span> <span class='ocrx_word' id='word_1_422' title='bbox 2913 2543 3184 2615; x_wconf 80' lang='grc' dir='ltr'>ἐνίσχεται</span> <span class='ocrx_word' id='word_1_423' title='bbox 3233 2546 3346 2607; x_wconf 86' lang='grc' dir='ltr'>τοῖς</span> <span class='ocrx_word' id='word_1_424' title='bbox 3397 2543 3646 2598; x_wconf 80' lang='grc' dir='ltr'>πάθεσιν.</span> <span class='ocrx_word' id='word_1_425' title='bbox 3693 2544 3784 2607; x_wconf 81' lang='grc' dir='ltr'>Ὠς</span> 
     </span>
    </p>
   </div>
   <div class='ocr_carea' id='block_1_59' title="bbox 2197 2636 3782 2710">
    <p class='ocr_par' dir='ltr' id='par_1_59' title="bbox 2197 2636 3782 2710">
     <span class='ocr_line' id='line_1_59' title="bbox 2197 2636 3782 2710; baseline 0.002 -20"><span class='ocrx_word' id='word_1_426' title='bbox 2197 2637 2242 2690; x_wconf 85' lang='grc' dir='ltr'>δ’</span> <span class='ocrx_word' id='word_1_427' title='bbox 2275 2636 2370 2691; x_wconf 75' lang='grc' dir='ltr'><strong>ἐπὶ</strong></span> <span class='ocrx_word' id='word_1_428' title='bbox 2401 2637 2461 2690; x_wconf 86' lang='grc' dir='ltr'><strong>τὸ</strong></span> <span class='ocrx_word' id='word_1_429' title='bbox 2506 2637 2757 2690; x_wconf 87' lang='grc' dir='ltr'>πλεῖστον</span> <span class='ocrx_word' id='word_1_430' title='bbox 2788 2636 3021 2710; x_wconf 81' lang='grc' dir='ltr'>εὐθύτης</span> <span class='ocrx_word' id='word_1_431' title='bbox 3069 2637 3217 2710; x_wconf 82' lang='grc' dir='ltr'>ζωῆς</span> <span class='ocrx_word' id='word_1_432' title='bbox 3257 2637 3542 2710; x_wconf 83' lang='grc' dir='ltr'>ἄνθρωπον</span> <span class='ocrx_word' id='word_1_433' title='bbox 3580 2641 3646 2709; x_wconf 78' lang='grc' dir='ltr'>τῇ</span> <span class='ocrx_word' id='word_1_434' title='bbox 3683 2658 3782 2693; x_wconf 87' lang='grc' dir='ltr'>πε-</span> 
     </span>
    </p>
   </div>
   <div class='ocr_carea' id='block_1_60' title="bbox 2196 2729 3784 2804">
    <p class='ocr_par' dir='ltr' id='par_1_60' title="bbox 2196 2729 3784 2804">
     <span class='ocr_line' id='line_1_60' title="bbox 2196 2729 3784 2804; baseline 0.001 -19"><span class='ocrx_word' id='word_1_435' title='bbox 2196 2731 2285 2801; x_wconf 82' lang='grc' dir='ltr'>νίᾳ</span> <span class='ocrx_word' id='word_1_436' title='bbox 2315 2729 2516 2801; x_wconf 85' lang='grc' dir='ltr'>ὁδηγεῖ.</span> <span class='ocrx_word' id='word_1_437' title='bbox 2561 2729 2836 2801; x_wconf 82' lang='grc' dir='ltr'>Ἐξίστησι</span> <span class='ocrx_word' id='word_1_438' title='bbox 2878 2729 2933 2783; x_wconf 85' lang='grc' dir='ltr'><strong>δὲ</strong></span> <span class='ocrx_word' id='word_1_439' title='bbox 2978 2729 3205 2794; x_wconf 85' lang='grc' dir='ltr'>πολλοὺς</span> <span class='ocrx_word' id='word_1_440' title='bbox 3249 2730 3541 2803; x_wconf 78' lang='grc' dir='ltr'>ὀφθαλμῶν</span> <span class='ocrx_word' id='word_1_441' title='bbox 3586 2731 3784 2804; x_wconf 89' lang='grc' dir='ltr'>λίχνων</span> 
     </span>
    </p>
   </div>
   <div class='ocr_carea' id='block_1_61' title="bbox 2197 2821 3782 2896">
    <p class='ocr_par' dir='ltr' id='par_1_61' title="bbox 2197 2821 3782 2896">
     <span class='ocr_line' id='line_1_61' title="bbox 2197 2821 3782 2896; baseline 0.001 -19"><span class='ocrx_word' id='word_1_442' title='bbox 2197 2824 2463 2893; x_wconf 78' lang='grc' dir='ltr'>θεάματα,</span> <span class='ocrx_word' id='word_1_443' title='bbox 2498 2822 2596 2894; x_wconf 82' lang='grc' dir='ltr'>τὴν</span> <span class='ocrx_word' id='word_1_444' title='bbox 2625 2821 2802 2893; x_wconf 79' lang='grc' dir='ltr'>ψυχὴν</span> <span class='ocrx_word' id='word_1_445' title='bbox 2831 2821 3178 2896; x_wconf 80' lang='grc' dir='ltr'>ἐρεθίζοντα,</span> <span class='ocrx_word' id='word_1_446' title='bbox 3208 2824 3297 2877; x_wconf 78' lang='grc' dir='ltr'>ἐπ’</span> <span class='ocrx_word' id='word_1_447' title='bbox 3323 2824 3581 2896; x_wconf 83' lang='grc' dir='ltr'>ἀνόνητον</span> <span class='ocrx_word' id='word_1_448' title='bbox 3611 2840 3782 2878; x_wconf 86' lang='grc' dir='ltr'>σπου-</span> 
     </span>
    </p>
   </div>
   <div class='ocr_carea' id='block_1_62' title="bbox 2194 2912 3779 2989">
    <p class='ocr_par' dir='ltr' id='par_1_62' title="bbox 2194 2912 3779 2989">
     <span class='ocr_line' id='line_1_62' title="bbox 2194 2912 3779 2989; baseline 0.002 -21"><span class='ocrx_word' id='word_1_449' title='bbox 2194 2914 2292 2986; x_wconf 80' lang='grc' dir='ltr'>δὴν</span> <span class='ocrx_word' id='word_1_450' title='bbox 2331 2914 2580 2989; x_wconf 73' lang='grc' dir='ltr'>ἕλκοντα,</span> <span class='ocrx_word' id='word_1_451' title='bbox 2616 2913 2706 2967; x_wconf 81' lang='grc' dir='ltr'>διὰ</span> <span class='ocrx_word' id='word_1_452' title='bbox 2731 2915 2829 2985; x_wconf 82' lang='grc' dir='ltr'>τῆς</span> <span class='ocrx_word' id='word_1_453' title='bbox 2859 2913 2949 2967; x_wconf 80' lang='grc' dir='ltr'>τοῦ</span> <span class='ocrx_word' id='word_1_454' title='bbox 2990 2912 3219 2986; x_wconf 80' lang='grc' dir='ltr'>ὀφθῆναι</span> <span class='ocrx_word' id='word_1_455' title='bbox 3262 2917 3426 2987; x_wconf 82' lang='grc' dir='ltr'>κενῆς</span> <span class='ocrx_word' id='word_1_456' title='bbox 3461 2916 3779 2988; x_wconf 81' lang='grc' dir='ltr'>ἐπιθυμίας.</span> 
     </span>
    </p>
   </div>
   <div class='ocr_carea' id='block_1_63' title="bbox 2195 2990 3782 3077">
    <p class='ocr_par' dir='ltr' id='par_1_63' title="bbox 2195 2990 3782 3077">
     <span class='ocr_line' id='line_1_63' title="bbox 2195 2990 3782 3077; baseline 0.002 -18"><span class='ocrx_word' id='word_1_457' title='bbox 2195 3005 2277 3060; x_wconf 80' lang='grc' dir='ltr'><strong>Τὰ</strong></span> <span class='ocrx_word' id='word_1_458' title='bbox 2305 2990 2405 3076; x_wconf 65' lang='grc' dir='ltr'><strong>μέν</strong></span> <span class='ocrx_word' id='word_1_459' title='bbox 2438 3023 2521 3059; x_wconf 89' lang='grc' dir='ltr'><strong>τοι</strong></span> <span class='ocrx_word' id='word_1_460' title='bbox 2555 3006 2650 3060; x_wconf 75' lang='grc' dir='ltr'>νῦν</span> <span class='ocrx_word' id='word_1_461' title='bbox 2682 3005 3059 3077; x_wconf 78' lang='grc' dir='ltr'>γεγεννημένα</span> <span class='ocrx_word' id='word_1_462' title='bbox 3101 3006 3199 3077; x_wconf 76' lang='grc' dir='ltr'>ἤδη</span> <span class='ocrx_word' id='word_1_463' title='bbox 3234 3006 3525 3076; x_wconf 66' lang='grc' dir='ltr'>ἐγνωσταιι</span> <span class='ocrx_word' id='word_1_464' title='bbox 3552 3008 3649 3062; x_wconf 78' lang='grc' dir='ltr'>καὶ</span> <span class='ocrx_word' id='word_1_465' title='bbox 3683 3026 3782 3062; x_wconf 85' lang='grc' dir='ltr'><strong>σα-</strong></span> 
     </span>
    </p>
   </div>
   <div class='ocr_carea' id='block_1_64' title="bbox 2196 3082 3784 3172">
    <p class='ocr_par' dir='ltr' id='par_1_64' title="bbox 2196 3082 3784 3172">
     <span class='ocr_line' id='line_1_64' title="bbox 2196 3082 3784 3172; baseline 0.003 -23"><span class='ocrx_word' id='word_1_466' title='bbox 2196 3082 2295 3167; x_wconf 66' lang='grc' dir='ltr'><strong>φεξ</strong></span> <span class='ocrx_word' id='word_1_467' title='bbox 2340 3097 2620 3168; x_wconf 78' lang='grc' dir='ltr'>τυγχάνει,</span> <span class='ocrx_word' id='word_1_468' title='bbox 2668 3096 2744 3161; x_wconf 86' lang='grc' dir='ltr'>ὼς</span> <span class='ocrx_word' id='word_1_469' title='bbox 2784 3099 2898 3160; x_wconf 89' lang='grc' dir='ltr'>τοῖς</span> <span class='ocrx_word' id='word_1_470' title='bbox 2938 3098 3078 3169; x_wconf 84' lang='grc' dir='ltr'>ὑπὲρ</span> <span class='ocrx_word' id='word_1_471' title='bbox 3117 3097 3279 3151; x_wconf 79' lang='grc' dir='ltr'>αὐτὸν</span> <span class='ocrx_word' id='word_1_472' title='bbox 3319 3097 3606 3172; x_wconf 77' lang='grc' dir='ltr'>ἄνθρωπος</span> <span class='ocrx_word' id='word_1_473' title='bbox 3636 3100 3784 3154; x_wconf 76' lang='grc' dir='ltr'>ἀντι-</span> 
     </span>
    </p>
   </div>
   <div class='ocr_carea' id='block_1_65' title="bbox 2196 3183 3783 3264">
    <p class='ocr_par' dir='ltr' id='par_1_65' title="bbox 2196 3183 3783 3264">
     <span class='ocr_line' id='line_1_65' title="bbox 2196 3183 3783 3264; baseline 0.002 -23"><span class='ocrx_word' id='word_1_474' title='bbox 2196 3189 2488 3243; x_wconf 82' lang='grc' dir='ltr'>τάσσεσθαι</span> <span class='ocrx_word' id='word_1_475' title='bbox 2513 3191 2614 3259; x_wconf 88' lang='grc' dir='ltr'><strong>ούχ</strong></span> <span class='ocrx_word' id='word_1_476' title='bbox 2645 3183 2756 3253; x_wconf 80' lang='grc' dir='ltr'>οἷός</span> <span class='ocrx_word' id='word_1_477' title='bbox 2786 3205 2866 3241; x_wconf 90' lang='grc' dir='ltr'><strong>τε.</strong></span> <span class='ocrx_word' id='word_1_478' title='bbox 2893 3188 3155 3261; x_wconf 84' lang='grc' dir='ltr'>Φλυαρίαι</span> <span class='ocrx_word' id='word_1_479' title='bbox 3179 3206 3242 3258; x_wconf 86' lang='grc' dir='ltr'><strong>γε</strong></span> <span class='ocrx_word' id='word_1_480' title='bbox 3276 3190 3382 3260; x_wconf 80' lang='grc' dir='ltr'><strong>μὴν</strong></span> <span class='ocrx_word' id='word_1_481' title='bbox 3406 3191 3545 3245; x_wconf 84' lang='grc' dir='ltr'>κατὰ</span> <span class='ocrx_word' id='word_1_482' title='bbox 3572 3190 3783 3264; x_wconf 82' lang='grc' dir='ltr'>ἀνθρώ-</span> 
     </span>
    </p>
   </div>
   <div class='ocr_carea' id='block_1_66' title="bbox 2196 3279 3783 3352">
    <p class='ocr_par' dir='ltr' id='par_1_66' title="bbox 2196 3279 3783 3352">
     <span class='ocr_line' id='line_1_66' title="bbox 2196 3279 3783 3352; baseline 0.002 -18"><span class='ocrx_word' id='word_1_483' title='bbox 2196 3297 2332 3344; x_wconf 91' lang='grc' dir='ltr'>πους</span> <span class='ocrx_word' id='word_1_484' title='bbox 2364 3280 2706 3352; x_wconf 75' lang='grc' dir='ltr'>στρέφονται,</span> <span class='ocrx_word' id='word_1_485' title='bbox 2738 3280 2839 3351; x_wconf 83' lang='grc' dir='ltr'><strong>τὴν</strong></span> <span class='ocrx_word' id='word_1_486' title='bbox 2866 3279 2973 3333; x_wconf 84' lang='grc' dir='ltr'><strong>τῶν</strong></span> <span class='ocrx_word' id='word_1_487' title='bbox 3003 3281 3299 3351; x_wconf 81' lang='grc' dir='ltr'>χρωμένων</span> <span class='ocrx_word' id='word_1_488' title='bbox 3328 3281 3514 3336; x_wconf 84' lang='grc' dir='ltr'>ἄνοιαν</span> <span class='ocrx_word' id='word_1_489' title='bbox 3546 3282 3783 3349; x_wconf 78' lang='grc' dir='ltr'>ἐπαυξά-</span> 
     </span>
    </p>
   </div>
   <div class='ocr_carea' id='block_1_67' title="bbox 2195 3391 2402 3429">
    <p class='ocr_par' dir='ltr' id='par_1_67' title="bbox 2195 3391 2402 3429">
     <span class='ocr_line' id='line_1_67' title="bbox 2195 3391 2402 3429; baseline 0 0"><span class='ocrx_word' id='word_1_490' title='bbox 2195 3391 2402 3429; x_wconf 81' lang='grc' dir='ltr'>νουσαι.</span> 
     </span>
    </p>
   </div>
   <div class='ocr_carea' id='block_1_68' title="bbox 507 3468 3782 3542">
    <p class='ocr_par' dir='ltr' id='par_1_68' title="bbox 507 3468 3782 3542">
     <span class='ocr_line' id='line_1_68' title="bbox 507 3468 3782 3542; baseline -0.001 -17"><span class='ocrx_word' id='word_1_491' title='bbox 507 3471 709 3528; x_wconf 88' lang='lat' dir='ltr'><strong>mentis</strong></span> <span class='ocrx_word' id='word_1_492' title='bbox 757 3472 925 3542; x_wconf 77' lang='lat' dir='ltr'><strong>gradu</strong></span> <span class='ocrx_word' id='word_1_493' title='bbox 961 3471 1226 3541; x_wconf 88' lang='lat' dir='ltr'><strong>dejiciunt</strong></span> <span class='ocrx_word' id='word_1_494' title='bbox 1263 3470 1575 3541; x_wconf 90' lang='lat' dir='ltr'><strong>procacium</strong></span> <span class='ocrx_word' id='word_1_495' title='bbox 1604 3470 1891 3525; x_wconf 88' lang='lat' dir='ltr'><strong>oculorum</strong></span> <span class='ocrx_word' id='word_1_496' title='bbox 1923 3481 2200 3541; x_wconf 87' lang='lat' dir='ltr'><strong>aspectus,</strong></span> <span class='ocrx_word' id='word_1_497' title='bbox 2257 3471 2497 3531; x_wconf 88' lang='lat' dir='ltr'><strong>animam</strong></span> <span class='ocrx_word' id='word_1_498' title='bbox 2559 3468 2870 3535; x_wconf 85' lang='lat' dir='ltr'><strong>incitantes,</strong></span> <span class='ocrx_word' id='word_1_499' title='bbox 2926 3485 2989 3525; x_wconf 90' lang='lat' dir='ltr'><strong>ac</strong></span> <span class='ocrx_word' id='word_1_500' title='bbox 3040 3486 3136 3540; x_wconf 90' lang='lat' dir='ltr'><strong>per</strong></span> <span class='ocrx_word' id='word_1_501' title='bbox 3191 3471 3409 3527; x_wconf 86' lang='lat' dir='ltr'><strong>inanem</strong></span> <span class='ocrx_word' id='word_1_502' title='bbox 3440 3472 3656 3527; x_wconf 82' lang='lat' dir='ltr'><strong>videndi</strong></span> <span class='ocrx_word' id='word_1_503' title='bbox 3682 3478 3782 3527; x_wconf 72' lang='lat' dir='ltr'><strong>ctu-</strong></span> 
     </span>
    </p>
   </div>
   <div class='ocr_carea' id='block_1_69' title="bbox 506 3561 3345 3639">
    <p class='ocr_par' dir='ltr' id='par_1_69' title="bbox 506 3561 3345 3639">
     <span class='ocr_line' id='line_1_69' title="bbox 506 3561 3345 3639; baseline -0 -21"><span class='ocrx_word' id='word_1_504' title='bbox 506 3565 788 3634; x_wconf 87' lang='lat' dir='ltr'><strong>piditatem</strong></span> <span class='ocrx_word' id='word_1_505' title='bbox 844 3567 910 3621; x_wconf 92' lang='lat' dir='ltr'><strong>ad</strong></span> <span class='ocrx_word' id='word_1_506' title='bbox 960 3566 1150 3621; x_wconf 92' lang='lat' dir='ltr'><strong>inutile</strong></span> <span class='ocrx_word' id='word_1_507' title='bbox 1213 3566 1455 3621; x_wconf 89' lang='lat' dir='ltr'><strong>studium</strong></span> <span class='ocrx_word' id='word_1_508' title='bbox 1519 3569 1921 3639; x_wconf 81' lang='lat' dir='ltr'><strong>pertrahentes.</strong></span> <span class='ocrx_word' id='word_1_509' title='bbox 1994 3564 2082 3620; x_wconf 70' lang='lat'><strong>10.</strong></span> <span class='ocrx_word' id='word_1_510' title='bbox 2149 3564 2442 3619; x_wconf 80' lang='lat' dir='ltr'><strong>Enimvero</strong></span> <span class='ocrx_word' id='word_1_511' title='bbox 2505 3578 2568 3617; x_wconf 88' lang='lat' dir='ltr'><strong>ea</strong></span> <span class='ocrx_word' id='word_1_512' title='bbox 2616 3577 2740 3631; x_wconf 65' lang='lat' dir='ltr'><strong>qua;</strong></span> <span class='ocrx_word' id='word_1_513' title='bbox 2786 3577 2934 3617; x_wconf 90' lang='lat' dir='ltr'><strong>nunc</strong></span> <span class='ocrx_word' id='word_1_514' title='bbox 2985 3561 3128 3617; x_wconf 80' lang='lat' dir='ltr'><strong>facta</strong></span> <span class='ocrx_word' id='word_1_515' title='bbox 3182 3573 3345 3630; x_wconf 89' lang='lat' dir='ltr'><strong>sunt,</strong></span> 
     </span>
    </p>
   </div>
   <div class='ocr_carea' id='block_1_70' title="bbox 3399 3564 3779 3633">
    <p class='ocr_par' dir='ltr' id='par_1_70' title="bbox 3399 3564 3779 3633">
     <span class='ocr_line' id='line_1_70' title="bbox 3399 3564 3779 3633; baseline -0.003 -16"><span class='ocrx_word' id='word_1_516' title='bbox 3399 3564 3512 3633; x_wconf 87' lang='lat' dir='ltr'><strong>jam</strong></span> <span class='ocrx_word' id='word_1_517' title='bbox 3558 3565 3779 3633; x_wconf 82' lang='lat' dir='ltr'><strong>cognita</strong></span> 
     </span>
    </p>
   </div>
   <div class='ocr_carea' id='block_1_71' title="bbox 508 3657 3776 3734">
    <p class='ocr_par' dir='ltr' id='par_1_71' title="bbox 508 3657 3776 3734">
     <span class='ocr_line' id='line_1_71' title="bbox 508 3657 3776 3734; baseline -0.001 -17"><span class='ocrx_word' id='word_1_518' title='bbox 508 3671 680 3718; x_wconf 82' lang='lat' dir='ltr'><strong>sunt:</strong></span> <span class='ocrx_word' id='word_1_519' title='bbox 716 3664 1174 3734; x_wconf 87' lang='lat' dir='ltr'><strong>perspicuumque</strong></span> <span class='ocrx_word' id='word_1_520' title='bbox 1237 3673 1340 3730; x_wconf 91' lang='lat' dir='ltr'><strong>est,</strong></span> <span class='ocrx_word' id='word_1_521' title='bbox 1388 3662 1671 3717; x_wconf 87' lang='lat' dir='ltr'><strong>hominem</strong></span> <span class='ocrx_word' id='word_1_522' title='bbox 1737 3661 1807 3717; x_wconf 89' lang='lat' dir='ltr'><strong>iis</strong></span> <span class='ocrx_word' id='word_1_523' title='bbox 1863 3677 1988 3733; x_wconf 67' lang='lat' dir='ltr'><strong>quae</strong></span> <span class='ocrx_word' id='word_1_524' title='bbox 2046 3677 2206 3731; x_wconf 86' lang='lat' dir='ltr'><strong>supra</strong></span> <span class='ocrx_word' id='word_1_525' title='bbox 2268 3676 2328 3715; x_wconf 90' lang='lat' dir='ltr'><strong>se</strong></span> <span class='ocrx_word' id='word_1_526' title='bbox 2388 3668 2550 3723; x_wconf 91' lang='lat' dir='ltr'><strong>sunt,</strong></span> <span class='ocrx_word' id='word_1_527' title='bbox 2596 3657 2856 3713; x_wconf 89' lang='lat' dir='ltr'><strong>reluctari</strong></span> <span class='ocrx_word' id='word_1_528' title='bbox 2896 3668 3064 3728; x_wconf 80' lang='lat' dir='ltr'><strong>atque</strong></span> <span class='ocrx_word' id='word_1_529' title='bbox 3095 3659 3364 3715; x_wconf 84' lang='lat' dir='ltr'><strong>obsistere</strong></span> <span class='ocrx_word' id='word_1_530' title='bbox 3424 3673 3534 3713; x_wconf 87' lang='lat' dir='ltr'><strong>non</strong></span> <span class='ocrx_word' id='word_1_531' title='bbox 3593 3673 3776 3729; x_wconf 87' lang='lat' dir='ltr'><strong>posse.</strong></span> 
     </span>
    </p>
   </div>
   <div class='ocr_carea' id='block_1_72' title="bbox 510 3750 3534 3828">
    <p class='ocr_par' dir='ltr' id='par_1_72' title="bbox 510 3750 3534 3828">
     <span class='ocr_line' id='line_1_72' title="bbox 510 3750 3534 3828; baseline -0.002 -19"><span class='ocrx_word' id='word_1_532' title='bbox 510 3757 596 3811; x_wconf 82' lang='grc'><strong>11.</strong></span> <span class='ocrx_word' id='word_1_533' title='bbox 617 3755 885 3812; x_wconf 73' lang='lat' dir='ltr'><strong>Caeterum</strong></span> <span class='ocrx_word' id='word_1_534' title='bbox 924 3772 1083 3828; x_wconf 59' lang='lat' dir='ltr'><strong>nugae</strong></span> <span class='ocrx_word' id='word_1_535' title='bbox 1114 3766 1170 3811; x_wconf 88' lang='lat' dir='ltr'><strong>et</strong></span> <span class='ocrx_word' id='word_1_536' title='bbox 1192 3757 1407 3826; x_wconf 84' lang='lat' dir='ltr'><strong>ineptiae</strong></span> <span class='ocrx_word' id='word_1_537' title='bbox 1428 3755 1570 3810; x_wconf 90' lang='lat' dir='ltr'><strong>inter</strong></span> <span class='ocrx_word' id='word_1_538' title='bbox 1592 3754 1842 3811; x_wconf 90' lang='lat' dir='ltr'><strong>homines</strong></span> <span class='ocrx_word' id='word_1_539' title='bbox 1870 3761 2180 3819; x_wconf 89' lang='lat' dir='ltr'><strong>versantur,</strong></span> <span class='ocrx_word' id='word_1_540' title='bbox 2232 3766 2425 3807; x_wconf 86' lang='lat' dir='ltr'><strong>eorum</strong></span> <span class='ocrx_word' id='word_1_541' title='bbox 2458 3751 2551 3819; x_wconf 93' lang='lat' dir='ltr'><strong>qui</strong></span> <span class='ocrx_word' id='word_1_542' title='bbox 2584 3751 2650 3806; x_wconf 90' lang='lat' dir='ltr'><strong>iis</strong></span> <span class='ocrx_word' id='word_1_543' title='bbox 2682 3757 2912 3806; x_wconf 89' lang='lat' dir='ltr'><strong>utuntur</strong></span> <span class='ocrx_word' id='word_1_544' title='bbox 2933 3750 3228 3806; x_wconf 85' lang='lat' dir='ltr'><strong>amentiam</strong></span> <span class='ocrx_word' id='word_1_545' title='bbox 3252 3757 3534 3821; x_wconf 83' lang='lat' dir='ltr'><strong>augentes.</strong></span> 
     </span>
    </p>
   </div>
   <div class='ocr_carea' id='block_1_73' title="bbox 1084 3848 1505 3906">
    <p class='ocr_par' dir='ltr' id='par_1_73' title="bbox 1084 3848 1505 3906">
     <span class='ocr_line' id='line_1_73' title="bbox 1084 3848 1505 3906; baseline -0.007 0"><span class='ocrx_word' id='word_1_546' title='bbox 1084 3849 1314 3906; x_wconf 85' lang='lat' dir='ltr'><strong>CAPUT</strong></span> <span class='ocrx_word' id='word_1_547' title='bbox 1396 3848 1505 3904; x_wconf 81' lang='lat' dir='ltr'><strong>VII.</strong></span> 
     </span>
    </p>
   </div>
   <div class='ocr_carea' id='block_1_74' title="bbox 577 3933 2096 4014">
    <p class='ocr_par' dir='ltr' id='par_1_74' title="bbox 577 3933 2096 4014">
     <span class='ocr_line' id='line_1_74' title="bbox 577 3933 2096 4014; baseline -0.002 -15"><span class='ocrx_word' id='word_1_548' title='bbox 577 3947 631 4003; x_wconf 78' lang='grc' dir='ltr'>Ι.</span> <span class='ocrx_word' id='word_1_549' title='bbox 671 3942 805 3999; x_wconf 88' lang='lat' dir='ltr'><strong>Nam</strong></span> <span class='ocrx_word' id='word_1_550' title='bbox 842 3960 966 4000; x_wconf 91' lang='lat' dir='ltr'><strong>cum</strong></span> <span class='ocrx_word' id='word_1_551' title='bbox 1002 3944 1176 4009; x_wconf 82' lang='lat' dir='ltr'><strong>nihilo</strong></span> <span class='ocrx_word' id='word_1_552' title='bbox 1207 3944 1470 4014; x_wconf 87' lang='lat' dir='ltr'><strong>majorem</strong></span> <span class='ocrx_word' id='word_1_553' title='bbox 1502 3944 1792 4000; x_wconf 89' lang='lat' dir='ltr'><strong>utilitatem</strong></span> <span class='ocrx_word' id='word_1_554' title='bbox 1826 3943 1872 3999; x_wconf 92' lang='lat' dir='ltr'><strong>is</strong></span> <span class='ocrx_word' id='word_1_555' title='bbox 1909 3933 2096 4013; x_wconf 53' lang='lat' dir='ltr'><strong>perri?</strong></span> 
     </span>
    </p>
   </div>
   <div class='ocr_carea' id='block_1_75' title="bbox 501 4034 2090 4108">
    <p class='ocr_par' dir='ltr' id='par_1_75' title="bbox 501 4034 2090 4108">
     <span class='ocr_line' id='line_1_75' title="bbox 501 4034 2090 4108; baseline -0.001 -17"><span class='ocrx_word' id='word_1_556' title='bbox 501 4039 657 4108; x_wconf 87' lang='lat' dir='ltr'><strong>piat,</strong></span> <span class='ocrx_word' id='word_1_557' title='bbox 709 4037 804 4107; x_wconf 92' lang='lat' dir='ltr'><strong>qui</strong></span> <span class='ocrx_word' id='word_1_558' title='bbox 854 4051 917 4090; x_wconf 91' lang='lat' dir='ltr'><strong>ea</strong></span> <span class='ocrx_word' id='word_1_559' title='bbox 961 4051 1085 4106; x_wconf 75' lang='lat' dir='ltr'><strong>quae</strong></span> <span class='ocrx_word' id='word_1_560' title='bbox 1121 4051 1188 4092; x_wconf 80' lang='lat' dir='ltr'><strong>ex</strong></span> <span class='ocrx_word' id='word_1_561' title='bbox 1232 4034 1400 4095; x_wconf 79' lang='lat' dir='ltr'><strong>animi</strong></span> <span class='ocrx_word' id='word_1_562' title='bbox 1437 4036 1709 4091; x_wconf 89' lang='lat' dir='ltr'><strong>sententia</strong></span> <span class='ocrx_word' id='word_1_563' title='bbox 1736 4035 1839 4091; x_wconf 89' lang='lat' dir='ltr'><strong>sibi</strong></span> <span class='ocrx_word' id='word_1_564' title='bbox 1885 4035 1940 4089; x_wconf 91' lang='lat' dir='ltr'><strong>in</strong></span> <span class='ocrx_word' id='word_1_565' title='bbox 1978 4034 2090 4089; x_wconf 87' lang='lat' dir='ltr'><strong>vita</strong></span> 
     </span>
    </p>
   </div>
   <div class='ocr_carea' id='block_1_76' title="bbox 502 4122 2089 4198">
    <p class='ocr_par' dir='ltr' id='par_1_76' title="bbox 502 4122 2089 4198">
     <span class='ocr_line' id='line_1_76' title="bbox 502 4122 2089 4198; baseline -0.003 -14"><span class='ocrx_word' id='word_1_566' title='bbox 502 4137 766 4184; x_wconf 86' lang='lat' dir='ltr'><strong>eventura</strong></span> <span class='ocrx_word' id='word_1_567' title='bbox 819 4137 988 4194; x_wconf 90' lang='lat' dir='ltr'><strong>sunt,</strong></span> <span class='ocrx_word' id='word_1_568' title='bbox 1059 4136 1344 4198; x_wconf 88' lang='lat' dir='ltr'><strong>perspecta</strong></span> <span class='ocrx_word' id='word_1_569' title='bbox 1411 4126 1636 4182; x_wconf 87' lang='lat' dir='ltr'><strong>haberet</strong></span> <span class='ocrx_word' id='word_1_570' title='bbox 1693 4122 1988 4198; x_wconf 75' lang='lat' dir='ltr'><strong>(tingamus</strong></span> <span class='ocrx_word' id='word_1_571' title='bbox 2033 4124 2089 4180; x_wconf 90' lang='lat' dir='ltr'><strong>id</strong></span> 
     </span>
    </p>
   </div>
   <div class='ocr_carea' id='block_1_77' title="bbox 502 4215 2091 4289">
    <p class='ocr_par' dir='ltr' id='par_1_77' title="bbox 502 4215 2091 4289">
     <span class='ocr_line' id='line_1_77' title="bbox 502 4215 2091 4289; baseline -0.003 -16"><span class='ocrx_word' id='word_1_572' title='bbox 502 4219 708 4289; x_wconf 87' lang='lat' dir='ltr'><strong>enim);</strong></span> <span class='ocrx_word' id='word_1_573' title='bbox 738 4228 918 4272; x_wconf 91' lang='lat' dir='ltr'><strong>tamen</strong></span> <span class='ocrx_word' id='word_1_574' title='bbox 947 4218 1051 4272; x_wconf 88' lang='lat' dir='ltr'><strong>hoc</strong></span> <span class='ocrx_word' id='word_1_575' title='bbox 1076 4232 1295 4288; x_wconf 88' lang='lat' dir='ltr'><strong>quoque</strong></span> <span class='ocrx_word' id='word_1_576' title='bbox 1316 4215 1601 4271; x_wconf 90' lang='lat' dir='ltr'><strong>hominum</strong></span> <span class='ocrx_word' id='word_1_577' title='bbox 1627 4215 1922 4272; x_wconf 88' lang='lat' dir='ltr'><strong>curiositas</strong></span> <span class='ocrx_word' id='word_1_578' title='bbox 1942 4228 2091 4270; x_wconf 91' lang='lat' dir='ltr'><strong>com-</strong></span> 
     </span>
    </p>
   </div>
   <div class='ocr_carea' id='block_1_78' title="bbox 2800 3846 3169 3908">
    <p class='ocr_par' dir='ltr' id='par_1_78' title="bbox 2800 3846 3169 3908">
     <span class='ocr_line' id='line_1_78' title="bbox 2800 3846 3169 3908; baseline 0.005 -9"><span class='ocrx_word' id='word_1_579' title='bbox 2800 3846 3051 3900; x_wconf 83' lang='grc' dir='ltr'><strong>ΚΕΦΑΛ.</strong></span> <span class='ocrx_word' id='word_1_580' title='bbox 3093 3847 3169 3908; x_wconf 84' lang='lat' dir='ltr'><strong>Z&#39;.</strong></span> 
     </span>
    </p>
   </div>
   <div class='ocr_carea' id='block_1_79' title="bbox 2264 3935 3782 4013">
    <p class='ocr_par' dir='ltr' id='par_1_79' title="bbox 2264 3935 3782 4013">
     <span class='ocr_line' id='line_1_79' title="bbox 2264 3935 3782 4013; baseline -0.001 -19"><span class='ocrx_word' id='word_1_581' title='bbox 2264 3938 2546 4013; x_wconf 80' lang='grc' dir='ltr'>Μηδαμῶς</span> <span class='ocrx_word' id='word_1_582' title='bbox 2568 3938 2677 4010; x_wconf 83' lang='grc' dir='ltr'>γὰρ</span> <span class='ocrx_word' id='word_1_583' title='bbox 2702 3936 2863 3992; x_wconf 82' lang='grc' dir='ltr'>πλέον</span> <span class='ocrx_word' id='word_1_584' title='bbox 2878 3954 2930 3990; x_wconf 87' lang='grc' dir='ltr'><strong>τι</strong></span> <span class='ocrx_word' id='word_1_585' title='bbox 2960 3937 3340 4009; x_wconf 81' lang='grc' dir='ltr'>ὠφελουμένου</span> <span class='ocrx_word' id='word_1_586' title='bbox 3365 3935 3460 3992; x_wconf 82' lang='grc' dir='ltr'>τοῦ</span> <span class='ocrx_word' id='word_1_587' title='bbox 3483 3936 3782 4007; x_wconf 78' lang='grc' dir='ltr'>γινώσκον-</span> 
     </span>
    </p>
   </div>
   <div class='ocr_carea' id='block_1_80' title="bbox 2191 4028 3776 4109">
    <p class='ocr_par' dir='ltr' id='par_1_80' title="bbox 2191 4028 3776 4109">
     <span class='ocr_line' id='line_1_80' title="bbox 2191 4028 3776 4109; baseline 0 -25"><span class='ocrx_word' id='word_1_588' title='bbox 2191 4048 2283 4095; x_wconf 88' lang='grc' dir='ltr'><strong>τος</strong></span> <span class='ocrx_word' id='word_1_589' title='bbox 2315 4032 2383 4086; x_wconf 81' lang='grc' dir='ltr'>τὰ</span> <span class='ocrx_word' id='word_1_590' title='bbox 2411 4029 2560 4101; x_wconf 83' lang='grc' dir='ltr'>αὐτῷ</span> <span class='ocrx_word' id='word_1_591' title='bbox 2596 4028 2983 4109; x_wconf 78' lang='grc' dir='ltr'>συμϐησόμενα</span> <span class='ocrx_word' id='word_1_592' title='bbox 3007 4030 3160 4101; x_wconf 70' lang='grc' dir='ltr'>παρὰ</span> <span class='ocrx_word' id='word_1_593' title='bbox 3187 4028 3279 4083; x_wconf 77' lang='grc' dir='ltr'><strong>τὸν</strong></span> <span class='ocrx_word' id='word_1_594' title='bbox 3298 4028 3418 4099; x_wconf 85' lang='grc' dir='ltr'>βίον</span> <span class='ocrx_word' id='word_1_595' title='bbox 3439 4028 3776 4101; x_wconf 83' lang='grc' dir='ltr'>καταθύμια·</span> 
     </span>
    </p>
   </div>
   <div class='ocr_carea' id='block_1_81' title="bbox 2201 4119 3778 4197">
    <p class='ocr_par' dir='ltr' id='par_1_81' title="bbox 2201 4119 3778 4197">
     <span class='ocr_line' id='line_1_81' title="bbox 2201 4119 3778 4197; baseline -0.002 -19"><span class='ocrx_word' id='word_1_596' title='bbox 2201 4124 2384 4196; x_wconf 86' lang='grc' dir='ltr'>θῶμεν</span> <span class='ocrx_word' id='word_1_597' title='bbox 2416 4123 2523 4197; x_wconf 87' lang='grc' dir='ltr'>γὰρ</span> <span class='ocrx_word' id='word_1_598' title='bbox 2556 4119 2716 4176; x_wconf 78' lang='grc' dir='ltr'>τοῦτο</span> <span class='ocrx_word' id='word_1_599' title='bbox 2757 4120 2867 4192; x_wconf 76' lang='grc'><strong>(14)</strong></span> <span class='ocrx_word' id='word_1_600' title='bbox 2888 4138 2902 4153; x_wconf 74' lang='grc' dir='ltr'><strong>ο</strong></span> <span class='ocrx_word' id='word_1_601' title='bbox 2935 4122 3084 4193; x_wconf 80' lang='grc' dir='ltr'>ὅμως</span> <span class='ocrx_word' id='word_1_602' title='bbox 3115 4121 3172 4174; x_wconf 84' lang='grc' dir='ltr'>δὲ</span> <span class='ocrx_word' id='word_1_603' title='bbox 3204 4122 3301 4174; x_wconf 77' lang='grc' dir='ltr'><strong>καὶ</strong></span> <span class='ocrx_word' id='word_1_604' title='bbox 3336 4121 3443 4175; x_wconf 84' lang='grc' dir='ltr'><strong>τῶν</strong></span> <span class='ocrx_word' id='word_1_605' title='bbox 3474 4121 3778 4193; x_wconf 81' lang='grc' dir='ltr'>ἀνθρώπων</span> 
     </span>
    </p>
   </div>
   <div class='ocr_carea' id='block_1_82' title="bbox 2193 4215 3776 4291">
    <p class='ocr_par' dir='ltr' id='par_1_82' title="bbox 2193 4215 3776 4291">
     <span class='ocr_line' id='line_1_82' title="bbox 2193 4215 3776 4291; baseline -0.002 -19"><span class='ocrx_word' id='word_1_606' title='bbox 2193 4218 2482 4291; x_wconf 78' lang='grc' dir='ltr'>περιεργίᾳ</span> <span class='ocrx_word' id='word_1_607' title='bbox 2508 4215 2879 4287; x_wconf 81' lang='grc' dir='ltr'>ἐπιτεχνᾶται,</span> <span class='ocrx_word' id='word_1_608' title='bbox 2904 4216 2980 4279; x_wconf 83' lang='grc' dir='ltr'>ὡς</span> <span class='ocrx_word' id='word_1_609' title='bbox 3005 4216 3099 4269; x_wconf 80' lang='grc' dir='ltr'>καὶ</span> <span class='ocrx_word' id='word_1_610' title='bbox 3122 4215 3190 4269; x_wconf 85' lang='grc' dir='ltr'><strong>τὰ</strong></span> <span class='ocrx_word' id='word_1_611' title='bbox 3214 4216 3353 4286; x_wconf 84' lang='grc' dir='ltr'><strong>μετὰ</strong></span> <span class='ocrx_word' id='word_1_612' title='bbox 3382 4215 3608 4271; x_wconf 84' lang='grc' dir='ltr'>θάνατόν</span> <span class='ocrx_word' id='word_1_613' title='bbox 3632 4234 3776 4282; x_wconf 88' lang='grc' dir='ltr'>τινος</span> 
     </span>
    </p>
   </div>
   <div class='ocr_carea' id='block_1_83' title="bbox 503 4304 2092 4389">
    <p class='ocr_par' dir='ltr' id='par_1_83' title="bbox 503 4305 2090 4379">
     <span class='ocr_line' id='line_1_83' title="bbox 503 4305 2090 4379; baseline 0 -17"><span class='ocrx_word' id='word_1_614' title='bbox 503 4308 817 4364; x_wconf 82' lang='lat' dir='ltr'><strong>miniscitur</strong></span> <span class='ocrx_word' id='word_1_615' title='bbox 840 4354 854 4376; x_wconf 94' lang='lat'><strong>,</strong></span> <span class='ocrx_word' id='word_1_616' title='bbox 905 4319 964 4363; x_wconf 92' lang='lat' dir='ltr'><strong>ut</strong></span> <span class='ocrx_word' id='word_1_617' title='bbox 991 4324 1055 4364; x_wconf 90' lang='lat' dir='ltr'><strong>ea</strong></span> <span class='ocrx_word' id='word_1_618' title='bbox 1083 4309 1249 4363; x_wconf 88' lang='lat' dir='ltr'><strong>etiam</strong></span> <span class='ocrx_word' id='word_1_619' title='bbox 1285 4322 1408 4379; x_wconf 65' lang='lat' dir='ltr'><strong>quae</strong></span> <span class='ocrx_word' id='word_1_620' title='bbox 1438 4316 1564 4379; x_wconf 88' lang='lat' dir='ltr'><strong>post</strong></span> <span class='ocrx_word' id='word_1_621' title='bbox 1593 4316 1824 4363; x_wconf 88' lang='lat' dir='ltr'><strong>mortem</strong></span> <span class='ocrx_word' id='word_1_622' title='bbox 1857 4305 2090 4376; x_wconf 87' lang='lat' dir='ltr'><strong>alicujus</strong></span> 
     </span>
    </p>
   </div>
   <div class='ocr_carea' id='block_1_84' title="bbox 2196 4304 3779 4389">
    <p class='ocr_par' dir='ltr' id='par_1_84' title="bbox 2196 4304 3779 4381">
     <span class='ocr_line' id='line_1_84' title="bbox 2196 4304 3779 4381; baseline -0.001 -17"><span class='ocrx_word' id='word_1_623' title='bbox 2196 4312 2423 4364; x_wconf 78' lang='grc' dir='ltr'>ἑκάστου</span> <span class='ocrx_word' id='word_1_624' title='bbox 2477 4309 2742 4379; x_wconf 66' lang='grc' dir='ltr'>ἐσόμενα,</span> <span class='ocrx_word' id='word_1_625' title='bbox 2796 4304 3271 4381; x_wconf 81' lang='grc' dir='ltr'>πολυπραγμονεῖν</span> <span class='ocrx_word' id='word_1_626' title='bbox 3330 4324 3391 4360; x_wconf 86' lang='grc' dir='ltr'><strong>τε</strong></span> <span class='ocrx_word' id='word_1_627' title='bbox 3450 4307 3545 4361; x_wconf 76' lang='grc' dir='ltr'>καὶ</span> <span class='ocrx_word' id='word_1_628' title='bbox 3600 4307 3779 4362; x_wconf 84' lang='grc' dir='ltr'>δοκεῖν</span> 
     </span>
    </p>
   </div>
   <div class='ocr_carea' id='block_1_85' title="bbox 495 4395 2082 4469">
    <p class='ocr_par' dir='ltr' id='par_1_85' title="bbox 495 4395 2082 4469">
     <span class='ocr_line' id='line_1_85' title="bbox 495 4395 2082 4469; baseline -0.003 -16"><span class='ocrx_word' id='word_1_629' title='bbox 495 4398 686 4454; x_wconf 73' lang='lat' dir='ltr'><strong>futura</strong></span> <span class='ocrx_word' id='word_1_630' title='bbox 718 4409 877 4465; x_wconf 87' lang='lat' dir='ltr'><strong>sunt,</strong></span> <span class='ocrx_word' id='word_1_631' title='bbox 908 4400 1069 4463; x_wconf 81' lang='lat' dir='ltr'><strong>anxie</strong></span> <span class='ocrx_word' id='word_1_632' title='bbox 1102 4398 1382 4469; x_wconf 87' lang='lat' dir='ltr'><strong>inquirere</strong></span> <span class='ocrx_word' id='word_1_633' title='bbox 1408 4414 1473 4453; x_wconf 89' lang='lat' dir='ltr'><strong>ac</strong></span> <span class='ocrx_word' id='word_1_634' title='bbox 1502 4399 1644 4453; x_wconf 91' lang='lat' dir='ltr'><strong>scire</strong></span> <span class='ocrx_word' id='word_1_635' title='bbox 1670 4397 1980 4454; x_wconf 87' lang='lat' dir='ltr'><strong>videantur.</strong></span> <span class='ocrx_word' id='word_1_636' title='bbox 2027 4395 2082 4450; x_wconf 78' lang='lat'><strong>2.</strong></span> 
     </span>
    </p>
   </div>
   <div class='ocr_carea' id='block_1_86' title="bbox 505 4490 2083 4561">
    <p class='ocr_par' dir='ltr' id='par_1_86' title="bbox 505 4490 2083 4561">
     <span class='ocr_line' id='line_1_86' title="bbox 505 4490 2083 4561; baseline -0.003 -13"><span class='ocrx_word' id='word_1_637' title='bbox 505 4494 677 4549; x_wconf 84' lang='lat' dir='ltr'><strong>Porro</strong></span> <span class='ocrx_word' id='word_1_638' title='bbox 703 4492 848 4548; x_wconf 85' lang='lat' dir='ltr'><strong>fama</strong></span> <span class='ocrx_word' id='word_1_639' title='bbox 874 4494 1013 4548; x_wconf 88' lang='lat' dir='ltr'><strong>bona</strong></span> <span class='ocrx_word' id='word_1_640' title='bbox 1052 4491 1274 4547; x_wconf 88' lang='lat' dir='ltr'><strong>suavior</strong></span> <span class='ocrx_word' id='word_1_641' title='bbox 1298 4500 1384 4547; x_wconf 87' lang='lat' dir='ltr'><strong>est</strong></span> <span class='ocrx_word' id='word_1_642' title='bbox 1404 4491 1603 4545; x_wconf 73' lang='lat' dir='ltr'><strong>animae</strong></span> <span class='ocrx_word' id='word_1_643' title='bbox 1626 4490 1670 4554; x_wconf 71' lang='grc'>⁵,</span> <span class='ocrx_word' id='word_1_644' title='bbox 1704 4505 1868 4561; x_wconf 92' lang='lat' dir='ltr'><strong>quam</strong></span> <span class='ocrx_word' id='word_1_645' title='bbox 1900 4490 2083 4546; x_wconf 91' lang='lat' dir='ltr'><strong>oleum</strong></span> 
     </span>
    </p>
   </div>
   <div class='ocr_carea' id='block_1_87' title="bbox 504 4576 2083 4657">
    <p class='ocr_par' dir='ltr' id='par_1_87' title="bbox 504 4576 2083 4657">
     <span class='ocr_line' id='line_1_87' title="bbox 504 4576 2083 4657; baseline -0.004 -15"><span class='ocrx_word' id='word_1_646' title='bbox 504 4576 758 4657; x_wconf 63' lang='lat' dir='ltr'><strong>corporii</strong></span> <span class='ocrx_word' id='word_1_647' title='bbox 784 4588 839 4655; x_wconf 77' lang='lat' dir='ltr'><strong>et</strong></span> <span class='ocrx_word' id='word_1_648' title='bbox 860 4585 982 4639; x_wconf 75' lang='lat' dir='ltr'><strong>vitae</strong></span> <span class='ocrx_word' id='word_1_649' title='bbox 1008 4584 1209 4648; x_wconf 83' lang='lat' dir='ltr'><strong>exitus,</strong></span> <span class='ocrx_word' id='word_1_650' title='bbox 1233 4584 1429 4638; x_wconf 86' lang='lat' dir='ltr'><strong>melior</strong></span> <span class='ocrx_word' id='word_1_651' title='bbox 1451 4582 1735 4637; x_wconf 88' lang='lat' dir='ltr'><strong>nativitate</strong></span> <span class='ocrx_word' id='word_1_652' title='bbox 1763 4601 1776 4635; x_wconf 92' lang='lat'>:</span> <span class='ocrx_word' id='word_1_653' title='bbox 1821 4583 1875 4637; x_wconf 79' lang='grc'>5.</span> <span class='ocrx_word' id='word_1_654' title='bbox 1905 4583 2083 4652; x_wconf 86' lang='lat' dir='ltr'><strong>Atque</strong></span> 
     </span>
    </p>
   </div>
   <div class='ocr_carea' id='block_1_88' title="bbox 503 4674 2080 4749">
    <p class='ocr_par' dir='ltr' id='par_1_88' title="bbox 503 4674 2080 4749">
     <span class='ocr_line' id='line_1_88' title="bbox 503 4674 2080 4749; baseline -0.003 -16"><span class='ocrx_word' id='word_1_655' title='bbox 503 4678 803 4749; x_wconf 85' lang='lat' dir='ltr'><strong>optabilius</strong></span> <span class='ocrx_word' id='word_1_656' title='bbox 838 4684 893 4732; x_wconf 90' lang='lat' dir='ltr'><strong>et</strong></span> <span class='ocrx_word' id='word_1_657' title='bbox 923 4675 1287 4747; x_wconf 81' lang='lat' dir='ltr'><strong>praestabilius</strong></span> <span class='ocrx_word' id='word_1_658' title='bbox 1323 4674 1511 4745; x_wconf 84' lang='lat' dir='ltr'><strong>lugere</strong></span> <span class='ocrx_word' id='word_1_659' title='bbox 1542 4691 1706 4745; x_wconf 87' lang='lat' dir='ltr'><strong>quam</strong></span> <span class='ocrx_word' id='word_1_660' title='bbox 1756 4675 2080 4741; x_wconf 90' lang='lat' dir='ltr'><strong>comessari,</strong></span> 
     </span>
    </p>
   </div>
   <div class='ocr_carea' id='block_1_89' title="bbox 502 4768 2081 4835">
    <p class='ocr_par' dir='ltr' id='par_1_89' title="bbox 502 4768 2081 4835">
     <span class='ocr_line' id='line_1_89' title="bbox 502 4768 2081 4835; baseline -0.003 -10"><span class='ocrx_word' id='word_1_661' title='bbox 502 4786 569 4826; x_wconf 91' lang='lat' dir='ltr'><strong>ac</strong></span> <span class='ocrx_word' id='word_1_662' title='bbox 603 4768 965 4825; x_wconf 76' lang='lat' dir='ltr'><strong>mmrentibus</strong></span> <span class='ocrx_word' id='word_1_663' title='bbox 1012 4768 1205 4823; x_wconf 88' lang='lat' dir='ltr'><strong>adesse</strong></span> <span class='ocrx_word' id='word_1_664' title='bbox 1236 4783 1400 4835; x_wconf 91' lang='lat' dir='ltr'><strong>quam</strong></span> <span class='ocrx_word' id='word_1_665' title='bbox 1432 4768 1681 4823; x_wconf 87' lang='lat' dir='ltr'><strong>ebrietati</strong></span> <span class='ocrx_word' id='word_1_666' title='bbox 1712 4768 2081 4823; x_wconf 90' lang='lat' dir='ltr'><strong>studentibus.</strong></span> 
     </span>
    </p>
   </div>
   <div class='ocr_carea' id='block_1_90' title="bbox 504 4860 2082 4930">
    <p class='ocr_par' dir='ltr' id='par_1_90' title="bbox 504 4860 2082 4930">
     <span class='ocr_line' id='line_1_90' title="bbox 504 4860 2082 4930; baseline -0.002 -12"><span class='ocrx_word' id='word_1_667' title='bbox 504 4862 598 4918; x_wconf 89' lang='lat' dir='ltr'><strong>Sic</strong></span> <span class='ocrx_word' id='word_1_668' title='bbox 619 4863 765 4917; x_wconf 89' lang='lat' dir='ltr'><strong>enim</strong></span> <span class='ocrx_word' id='word_1_669' title='bbox 795 4876 853 4916; x_wconf 91' lang='lat' dir='ltr'><strong>se</strong></span> <span class='ocrx_word' id='word_1_670' title='bbox 882 4876 970 4915; x_wconf 90' lang='lat' dir='ltr'><strong>res</strong></span> <span class='ocrx_word' id='word_1_671' title='bbox 994 4861 1176 4925; x_wconf 86' lang='lat' dir='ltr'><strong>habet,</strong></span> <span class='ocrx_word' id='word_1_672' title='bbox 1199 4861 1344 4929; x_wconf 89' lang='lat' dir='ltr'><strong>quod</strong></span> <span class='ocrx_word' id='word_1_673' title='bbox 1366 4860 1560 4930; x_wconf 86' lang='lat' dir='ltr'><strong>siquis</strong></span> <span class='ocrx_word' id='word_1_674' title='bbox 1592 4860 1739 4916; x_wconf 91' lang='lat' dir='ltr'><strong>hunc</strong></span> <span class='ocrx_word' id='word_1_675' title='bbox 1763 4861 1888 4916; x_wconf 67' lang='lat' dir='ltr'><strong>vita:</strong></span> <span class='ocrx_word' id='word_1_676' title='bbox 1917 4861 2082 4916; x_wconf 85' lang='lat' dir='ltr'><strong>ﬁnem</strong></span> 
     </span>
    </p>
   </div>
   <div class='ocr_carea' id='block_1_91' title="bbox 501 4952 2083 5022">
    <p class='ocr_par' dir='ltr' id='par_1_91' title="bbox 501 4952 2083 5022">
     <span class='ocr_line' id='line_1_91' title="bbox 501 4952 2083 5022; baseline -0.002 -13"><span class='ocrx_word' id='word_1_677' title='bbox 501 4964 696 5009; x_wconf 87' lang='lat' dir='ltr'><strong>nactus</strong></span> <span class='ocrx_word' id='word_1_678' title='bbox 727 4953 912 5017; x_wconf 81' lang='lat' dir='ltr'><strong>fuerit,</strong></span> <span class='ocrx_word' id='word_1_679' title='bbox 945 4953 1012 5008; x_wconf 92' lang='lat' dir='ltr'><strong>de</strong></span> <span class='ocrx_word' id='word_1_680' title='bbox 1046 4952 1131 5007; x_wconf 92' lang='lat' dir='ltr'><strong>bis</strong></span> <span class='ocrx_word' id='word_1_681' title='bbox 1163 4966 1286 5022; x_wconf 85' lang='lat' dir='ltr'><strong>quae</strong></span> <span class='ocrx_word' id='word_1_682' title='bbox 1315 4952 1461 5008; x_wconf 88' lang='lat' dir='ltr'><strong>circa</strong></span> <span class='ocrx_word' id='word_1_683' title='bbox 1489 4968 1549 5007; x_wconf 89' lang='lat' dir='ltr'><strong>se</strong></span> <span class='ocrx_word' id='word_1_684' title='bbox 1574 4963 1724 5019; x_wconf 90' lang='lat' dir='ltr'><strong>sunt,</strong></span> <span class='ocrx_word' id='word_1_685' title='bbox 1758 4968 1859 5009; x_wconf 90' lang='lat' dir='ltr'><strong>nec</strong></span> <span class='ocrx_word' id='word_1_686' title='bbox 1885 4953 2083 5008; x_wconf 88' lang='lat' dir='ltr'><strong>timore</strong></span> 
     </span>
    </p>
   </div>
   <div class='ocr_carea' id='block_1_92' title="bbox 503 5042 2084 5115">
    <p class='ocr_par' dir='ltr' id='par_1_92' title="bbox 503 5042 2084 5115">
     <span class='ocr_line' id='line_1_92' title="bbox 503 5042 2084 5115; baseline -0.004 -11"><span class='ocrx_word' id='word_1_687' title='bbox 503 5063 603 5104; x_wconf 88' lang='lat' dir='ltr'><strong>nec</strong></span> <span class='ocrx_word' id='word_1_688' title='bbox 634 5045 1003 5104; x_wconf 87' lang='lat' dir='ltr'><strong>sollicitudine</strong></span> <span class='ocrx_word' id='word_1_689' title='bbox 1030 5042 1315 5099; x_wconf 74' lang='lat' dir='ltr'><strong>adiciatur.</strong></span> <span class='ocrx_word' id='word_1_690' title='bbox 1359 5046 1413 5099; x_wconf 76' lang='grc'>4.</span> <span class='ocrx_word' id='word_1_691' title='bbox 1447 5044 1733 5100; x_wconf 81' lang='lat' dir='ltr'><strong>Consimili</strong></span> <span class='ocrx_word' id='word_1_692' title='bbox 1765 5045 1929 5100; x_wconf 88' lang='lat' dir='ltr'><strong>modo</strong></span> <span class='ocrx_word' id='word_1_693' title='bbox 1957 5061 2084 5115; x_wconf 89' lang='lat' dir='ltr'><strong>pru-</strong></span> 
     </span>
    </p>
   </div>
   <div class='ocr_carea' id='block_1_93' title="bbox 500 5136 2081 5208">
    <p class='ocr_par' dir='ltr' id='par_1_93' title="bbox 500 5136 2081 5208">
     <span class='ocr_line' id='line_1_93' title="bbox 500 5136 2081 5208; baseline -0.003 -13"><span class='ocrx_word' id='word_1_694' title='bbox 500 5142 636 5197; x_wconf 89' lang='lat' dir='ltr'><strong>dens</strong></span> <span class='ocrx_word' id='word_1_695' title='bbox 666 5142 747 5195; x_wconf 90' lang='lat' dir='ltr'><strong>ira</strong></span> <span class='ocrx_word' id='word_1_696' title='bbox 775 5138 908 5194; x_wconf 89' lang='lat' dir='ltr'><strong>risui</strong></span> <span class='ocrx_word' id='word_1_697' title='bbox 941 5136 1279 5208; x_wconf 80' lang='lat' dir='ltr'><strong>praeferenda</strong></span> <span class='ocrx_word' id='word_1_698' title='bbox 1300 5194 1306 5201; x_wconf 62' lang='grc'><strong>,</strong></span> <span class='ocrx_word' id='word_1_699' title='bbox 1325 5144 1442 5204; x_wconf 89' lang='lat' dir='ltr'><strong>est;</strong></span> <span class='ocrx_word' id='word_1_700' title='bbox 1495 5151 1683 5192; x_wconf 88' lang='lat' dir='ltr'><strong>severa</strong></span> <span class='ocrx_word' id='word_1_701' title='bbox 1714 5138 1865 5191; x_wconf 88' lang='lat' dir='ltr'><strong>enim</strong></span> <span class='ocrx_word' id='word_1_702' title='bbox 1896 5137 2081 5191; x_wconf 88' lang='lat' dir='ltr'><strong>vultus</strong></span> 
     </span>
    </p>
   </div>
   <div class='ocr_carea' id='block_1_94' title="bbox 498 5228 2080 5300">
    <p class='ocr_par' dir='ltr' id='par_1_94' title="bbox 498 5228 2080 5300">
     <span class='ocr_line' id='line_1_94' title="bbox 498 5228 2080 5300; baseline -0.004 -12"><span class='ocrx_word' id='word_1_703' title='bbox 498 5233 841 5294; x_wconf 89' lang='lat' dir='ltr'><strong>habitudine,</strong></span> <span class='ocrx_word' id='word_1_704' title='bbox 885 5231 1067 5286; x_wconf 87' lang='lat' dir='ltr'><strong>anima</strong></span> <span class='ocrx_word' id='word_1_705' title='bbox 1092 5229 1161 5284; x_wconf 91' lang='lat' dir='ltr'><strong>ad</strong></span> <span class='ocrx_word' id='word_1_706' title='bbox 1190 5240 1396 5284; x_wconf 89' lang='lat' dir='ltr'><strong>rectum</strong></span> <span class='ocrx_word' id='word_1_707' title='bbox 1422 5228 1829 5300; x_wconf 86' lang='lat' dir='ltr'><strong>honestumque</strong></span> <span class='ocrx_word' id='word_1_708' title='bbox 1853 5245 2080 5299; x_wconf 86' lang='lat' dir='ltr'><strong>compo-</strong></span> 
     </span>
    </p>
   </div>
   <div class='ocr_carea' id='block_1_95' title="bbox 502 5320 2080 5394">
    <p class='ocr_par' dir='ltr' id='par_1_95' title="bbox 502 5320 2080 5394">
     <span class='ocr_line' id='line_1_95' title="bbox 502 5320 2080 5394; baseline -0.003 -14"><span class='ocrx_word' id='word_1_709' title='bbox 502 5327 669 5381; x_wconf 82' lang='lat' dir='ltr'><strong>nitur.</strong></span> <span class='ocrx_word' id='word_1_710' title='bbox 736 5326 791 5381; x_wconf 82' lang='lat'><strong>5.</strong></span> <span class='ocrx_word' id='word_1_711' title='bbox 830 5324 907 5379; x_wconf 85' lang='lat' dir='ltr'><strong>Ac</strong></span> <span class='ocrx_word' id='word_1_712' title='bbox 951 5324 1257 5394; x_wconf 89' lang='lat' dir='ltr'><strong>sapientum</strong></span> <span class='ocrx_word' id='word_1_713' title='bbox 1308 5320 1528 5392; x_wconf 89' lang='lat' dir='ltr'><strong>quidem</strong></span> <span class='ocrx_word' id='word_1_714' title='bbox 1589 5322 1790 5376; x_wconf 73' lang='lat' dir='ltr'><strong>anima:</strong></span> <span class='ocrx_word' id='word_1_715' title='bbox 1858 5322 2080 5377; x_wconf 85' lang='lat' dir='ltr'><strong>tristitia</strong></span> 
     </span>
    </p>
   </div>
   <div class='ocr_carea' id='block_1_96' title="bbox 569 5437 1046 5501">
    <p class='ocr_par' dir='ltr' id='par_1_96' title="bbox 569 5437 1046 5501">
     <span class='ocr_line' id='line_1_96' title="bbox 569 5437 1046 5501; baseline -0.002 -11"><span class='ocrx_word' id='word_1_716' title='bbox 569 5437 594 5469; x_wconf 74' lang='grc'><strong><em>⁵</em></strong></span> <span class='ocrx_word' id='word_1_717' title='bbox 629 5437 788 5493; x_wconf 89' lang='lat' dir='ltr'><strong>Prov.</strong></span> <span class='ocrx_word' id='word_1_718' title='bbox 820 5451 958 5501; x_wconf 79' lang='lat' dir='ltr'><strong>xxn,</strong></span> <span class='ocrx_word' id='word_1_719' title='bbox 993 5437 1046 5489; x_wconf 78' lang='grc'>1.</span> 
     </span>
    </p>
   </div>
   <div class='ocr_carea' id='block_1_97' title="bbox 571 5550 2083 5628">
    <p class='ocr_par' dir='ltr' id='par_1_97' title="bbox 571 5550 2083 5628">
     <span class='ocr_line' id='line_1_97' title="bbox 571 5550 2083 5628; baseline -0.003 -17"><span class='ocrx_word' id='word_1_720' title='bbox 571 5558 682 5628; x_wconf 68' lang='lat'><strong>(19.)</strong></span> <span class='ocrx_word' id='word_1_721' title='bbox 722 5556 1122 5627; x_wconf 81' lang='grc' dir='ltr'>Ταμιεύσεται.</span> <span class='ocrx_word' id='word_1_722' title='bbox 1168 5556 1338 5610; x_wconf 83' lang='lat' dir='ltr'><strong>Codd.</strong></span> <span class='ocrx_word' id='word_1_723' title='bbox 1370 5552 1564 5628; x_wconf 77' lang='lat' dir='ltr'><strong>Medic.</strong></span> <span class='ocrx_word' id='word_1_724' title='bbox 1615 5562 1671 5628; x_wconf 80' lang='lat' dir='ltr'><strong>et</strong></span> <span class='ocrx_word' id='word_1_725' title='bbox 1710 5550 1950 5628; x_wconf 73' lang='lat' dir='ltr'><strong>Thuan.,</strong></span> <span class='ocrx_word' id='word_1_726' title='bbox 1986 5570 2083 5628; x_wconf 72' lang='grc' dir='ltr'>τα-</span> 
     </span>
    </p>
   </div>
   <div class='ocr_carea' id='block_1_98' title="bbox 505 5622 2082 5699">
    <p class='ocr_par' dir='ltr' id='par_1_98' title="bbox 505 5622 2082 5699">
     <span class='ocr_line' id='line_1_98' title="bbox 505 5622 2082 5699; baseline -0.004 -18"><span class='ocrx_word' id='word_1_727' title='bbox 505 5622 769 5699; x_wconf 78' lang='grc' dir='ltr'>μιεύεται.</span> <span class='ocrx_word' id='word_1_728' title='bbox 795 5622 1347 5699; x_wconf 62' lang='grc' dir='ltr'>’θυοτευε.-ι.εείεεο</span> <span class='ocrx_word' id='word_1_729' title='bbox 1364 5626 1586 5699; x_wconf 56' lang='lat' dir='ltr'><strong>videtur</strong></span> <span class='ocrx_word' id='word_1_730' title='bbox 1612 5626 1880 5691; x_wconf 82' lang='lat' dir='ltr'><strong>interpres</strong></span> <span class='ocrx_word' id='word_1_731' title='bbox 1909 5622 2082 5695; x_wconf 83' lang='grc' dir='ltr'>ἑτέρῳ</span> 
     </span>
    </p>
   </div>
   <div class='ocr_carea' id='block_1_99' title="bbox 501 5694 1611 5767">
    <p class='ocr_par' dir='ltr' id='par_1_99' title="bbox 501 5694 1611 5767">
     <span class='ocr_line' id='line_1_99' title="bbox 501 5694 1611 5767; baseline -0.004 -13"><span class='ocrx_word' id='word_1_732' title='bbox 501 5694 569 5754; x_wconf 73' lang='grc' dir='ltr'>τὰ</span> <span class='ocrx_word' id='word_1_733' title='bbox 596 5698 763 5753; x_wconf 71' lang='grc' dir='ltr'>αὑτοῦ</span> <span class='ocrx_word' id='word_1_734' title='bbox 796 5695 1141 5767; x_wconf 83' lang='grc' dir='ltr'>ταμιεύεται.</span> <span class='ocrx_word' id='word_1_735' title='bbox 1174 5694 1335 5750; x_wconf 72' lang='lat' dir='ltr'><strong>Eutr.</strong></span> <span class='ocrx_word' id='word_1_736' title='bbox 1364 5694 1611 5750; x_wconf 78' lang='grc' dir='ltr'>ΡΑτιιοι..</span> 
     </span>
    </p>
   </div>
   <div class='ocr_carea' id='block_1_100' title="bbox 575 5766 1178 5840">
    <p class='ocr_par' dir='ltr' id='par_1_100' title="bbox 575 5766 1178 5840">
     <span class='ocr_line' id='line_1_100' title="bbox 575 5766 1178 5840; baseline -0.005 -18"><span class='ocrx_word' id='word_1_737' title='bbox 575 5770 713 5840; x_wconf 73' lang='lat'><strong>(1‘2‘)</strong></span> <span class='ocrx_word' id='word_1_738' title='bbox 749 5766 896 5831; x_wconf 75' lang='grc' dir='ltr'>ῑσως</span> <span class='ocrx_word' id='word_1_739' title='bbox 923 5766 1178 5821; x_wconf 79' lang='grc' dir='ltr'>θανάτου.</span> 
     </span>
    </p>
   </div>
   <div class='ocr_carea' id='block_1_101' title="bbox 571 5834 2080 5914">
    <p class='ocr_par' dir='ltr' id='par_1_101' title="bbox 571 5834 2080 5914">
     <span class='ocr_line' id='line_1_101' title="bbox 571 5834 2080 5914; baseline -0.001 -19"><span class='ocrx_word' id='word_1_740' title='bbox 571 5834 703 5914; x_wconf 70' lang='grc'><strong>(15)’</strong></span> <span class='ocrx_word' id='word_1_741' title='bbox 728 5836 1286 5906; x_wconf 73' lang='grc' dir='ltr'>Ἀναμετρησαμένῳ</span> <span class='ocrx_word' id='word_1_742' title='bbox 1405 5834 1647 5906; x_wconf 65' lang='grc' dir='ltr'>ἐπιγνῷ.</span> <span class='ocrx_word' id='word_1_743' title='bbox 1676 5834 1867 5893; x_wconf 84' lang='lat' dir='ltr'><strong>Biliius</strong></span> <span class='ocrx_word' id='word_1_744' title='bbox 1893 5836 2080 5893; x_wconf 86' lang='lat' dir='ltr'><strong>admo-</strong></span> 
     </span>
    </p>
   </div>
   <div class='ocr_carea' id='block_1_102' title="bbox 2194 4398 3775 4473">
    <p class='ocr_par' dir='ltr' id='par_1_102' title="bbox 2194 4398 3775 4473">
     <span class='ocr_line' id='line_1_102' title="bbox 2194 4398 3775 4473; baseline -0.003 -17"><span class='ocrx_word' id='word_1_745' title='bbox 2194 4403 2409 4457; x_wconf 84' lang='grc' dir='ltr'>εἰδέναι.</span> <span class='ocrx_word' id='word_1_746' title='bbox 2446 4403 2650 4473; x_wconf 86' lang='grc' dir='ltr'>Μνήμη</span> <span class='ocrx_word' id='word_1_747' title='bbox 2682 4401 2739 4454; x_wconf 85' lang='grc' dir='ltr'><strong>δὲ</strong></span> <span class='ocrx_word' id='word_1_748' title='bbox 2771 4399 2952 4471; x_wconf 81' lang='grc' dir='ltr'>ἀγαθὴ</span> <span class='ocrx_word' id='word_1_749' title='bbox 2980 4400 3124 4473; x_wconf 78' lang='grc' dir='ltr'>ψυχῇ</span> <span class='ocrx_word' id='word_1_750' title='bbox 3159 4398 3597 4471; x_wconf 80' lang='grc' dir='ltr'>προσηνεστέρα,</span> <span class='ocrx_word' id='word_1_751' title='bbox 3631 4399 3775 4470; x_wconf 68' lang='grc' dir='ltr'>ἢπερ</span> 
     </span>
    </p>
   </div>
   <div class='ocr_carea' id='block_1_103' title="bbox 2195 4469 3772 4567">
    <p class='ocr_par' dir='ltr' id='par_1_103' title="bbox 2195 4469 3772 4567">
     <span class='ocr_line' id='line_1_103' title="bbox 2195 4469 3772 4567; baseline -0.003 -19"><span class='ocrx_word' id='word_1_752' title='bbox 2195 4495 2406 4567; x_wconf 78' lang='grc' dir='ltr'>σώματι</span> <span class='ocrx_word' id='word_1_753' title='bbox 2436 4469 2648 4549; x_wconf 41' lang='grc' dir='ltr'>ἔλαιον(</span> <span class='ocrx_word' id='word_1_754' title='bbox 2670 4495 2762 4548; x_wconf 74' lang='grc' dir='ltr'><strong>καὶ</strong></span> <span class='ocrx_word' id='word_1_755' title='bbox 2810 4469 2950 4565; x_wconf 16' lang='grc' dir='ltr'>βίουῗ</span> <span class='ocrx_word' id='word_1_756' title='bbox 2976 4469 3172 4561; x_wconf 62' lang='grc' dir='ltr'>ἐξόδος,</span> <span class='ocrx_word' id='word_1_757' title='bbox 3206 4469 3446 4564; x_wconf 59' lang='grc' dir='ltr'>ἀμείνων</span> <span class='ocrx_word' id='word_1_758' title='bbox 3470 4469 3772 4561; x_wconf 44' lang='grc' dir='ltr'>νγενέσεωςο</span> 
     </span>
    </p>
   </div>
   <div class='ocr_carea' id='block_1_104' title="bbox 2191 4581 3775 4657">
    <p class='ocr_par' dir='ltr' id='par_1_104' title="bbox 2191 4581 3775 4657">
     <span class='ocr_line' id='line_1_104' title="bbox 2191 4581 3775 4657; baseline -0.002 -20"><span class='ocrx_word' id='word_1_759' title='bbox 2191 4589 2285 4640; x_wconf 62' lang='grc' dir='ltr'><strong>καί⁵</strong></span> <span class='ocrx_word' id='word_1_760' title='bbox 2317 4584 2679 4657; x_wconf 80' lang='grc' dir='ltr'>αἱρετώτερον</span> <span class='ocrx_word' id='word_1_761' title='bbox 2709 4582 2945 4647; x_wconf 87' lang='grc' dir='ltr'>πενθεῖν,</span> <span class='ocrx_word' id='word_1_762' title='bbox 2976 4582 3010 4654; x_wconf 82' lang='grc' dir='ltr'>ἢ</span> <span class='ocrx_word' id='word_1_763' title='bbox 3054 4581 3352 4654; x_wconf 80' lang='grc' dir='ltr'>κωμάζειν,</span> <span class='ocrx_word' id='word_1_764' title='bbox 3388 4582 3483 4636; x_wconf 71' lang='grc' dir='ltr'>καὶ</span> <span class='ocrx_word' id='word_1_765' title='bbox 3528 4582 3589 4635; x_wconf 86' lang='grc' dir='ltr'>τὸ</span> <span class='ocrx_word' id='word_1_766' title='bbox 3629 4599 3775 4653; x_wconf 82' lang='grc' dir='ltr'>παρ-</span> 
     </span>
    </p>
   </div>
   <div class='ocr_carea' id='block_1_105' title="bbox 2190 4674 3776 4749">
    <p class='ocr_par' dir='ltr' id='par_1_105' title="bbox 2190 4674 3776 4749">
     <span class='ocr_line' id='line_1_105' title="bbox 2190 4674 3776 4749; baseline -0.003 -19"><span class='ocrx_word' id='word_1_767' title='bbox 2190 4682 2328 4731; x_wconf 81' lang='grc' dir='ltr'>εῖναι</span> <span class='ocrx_word' id='word_1_768' title='bbox 2361 4682 2475 4743; x_wconf 89' lang='grc' dir='ltr'>τοῖς</span> <span class='ocrx_word' id='word_1_769' title='bbox 2518 4678 2897 4749; x_wconf 83' lang='grc' dir='ltr'>λυπουμένοις,</span> <span class='ocrx_word' id='word_1_770' title='bbox 2934 4676 2967 4747; x_wconf 80' lang='grc' dir='ltr'>ἢ</span> <span class='ocrx_word' id='word_1_771' title='bbox 3002 4679 3110 4739; x_wconf 87' lang='grc' dir='ltr'>τοῖς</span> <span class='ocrx_word' id='word_1_772' title='bbox 3148 4674 3589 4747; x_wconf 86' lang='grc' dir='ltr'>μεθυσκομένοις.</span> <span class='ocrx_word' id='word_1_773' title='bbox 3616 4675 3776 4728; x_wconf 78' lang='grc' dir='ltr'>Ἔστι</span> 
     </span>
    </p>
   </div>
   <div class='ocr_carea' id='block_1_106' title="bbox 2190 4768 3819 4844">
    <p class='ocr_par' dir='ltr' id='par_1_106' title="bbox 2190 4768 3819 4844">
     <span class='ocr_line' id='line_1_106' title="bbox 2190 4768 3819 4844; baseline -0.002 -19"><span class='ocrx_word' id='word_1_774' title='bbox 2190 4773 2299 4844; x_wconf 72' lang='grc' dir='ltr'><strong>γὰρ</strong></span> <span class='ocrx_word' id='word_1_775' title='bbox 2324 4773 2486 4838; x_wconf 75' lang='grc' dir='ltr'>οὕτω,</span> <span class='ocrx_word' id='word_1_776' title='bbox 2519 4772 2754 4826; x_wconf 79' lang='grc' dir='ltr'>λαϐόντα</span> <span class='ocrx_word' id='word_1_777' title='bbox 2786 4771 2907 4825; x_wconf 79' lang='grc' dir='ltr'>τινὰ</span> <span class='ocrx_word' id='word_1_778' title='bbox 2948 4770 3044 4824; x_wconf 81' lang='grc' dir='ltr'>τοῦ</span> <span class='ocrx_word' id='word_1_779' title='bbox 3081 4770 3195 4841; x_wconf 88' lang='grc' dir='ltr'>βίου</span> <span class='ocrx_word' id='word_1_780' title='bbox 3241 4769 3390 4833; x_wconf 87' lang='grc' dir='ltr'>τέλος</span> <span class='ocrx_word' id='word_1_781' title='bbox 3426 4769 3500 4842; x_wconf 80' lang='grc' dir='ltr'>μὴ</span> <span class='ocrx_word' id='word_1_782' title='bbox 3544 4768 3774 4840; x_wconf 74' lang='grc' dir='ltr'>εὐλαεηο</span> <span class='ocrx_word' id='word_1_783' title='bbox 3805 4786 3819 4837; x_wconf 65' lang='grc' dir='ltr'><strong>ι</strong></span> 
     </span>
    </p>
   </div>
   <div class='ocr_carea' id='block_1_107' title="bbox 2193 4861 3905 4938">
    <p class='ocr_par' dir='ltr' id='par_1_107' title="bbox 2193 4861 3905 4938">
     <span class='ocr_line' id='line_1_107' title="bbox 2193 4861 3905 4938; baseline 0 -23"><span class='ocrx_word' id='word_1_784' title='bbox 2193 4863 2347 4935; x_wconf 77' lang='grc' dir='ltr'>θῆναι</span> <span class='ocrx_word' id='word_1_785' title='bbox 2381 4864 2648 4938; x_wconf 73' lang='grc' dir='ltr'>περὶτῶν</span> <span class='ocrx_word' id='word_1_786' title='bbox 2693 4865 2830 4936; x_wconf 81' lang='grc' dir='ltr'><strong>ἀμφ’</strong></span> <span class='ocrx_word' id='word_1_787' title='bbox 2863 4864 3039 4918; x_wconf 80' lang='grc' dir='ltr'>αὐτόν.</span> <span class='ocrx_word' id='word_1_788' title='bbox 3089 4863 3328 4927; x_wconf 86' lang='grc' dir='ltr'>Γέλωτος</span> <span class='ocrx_word' id='word_1_789' title='bbox 3371 4862 3428 4915; x_wconf 79' lang='grc' dir='ltr'>δὲ</span> <span class='ocrx_word' id='word_1_790' title='bbox 3462 4861 3634 4934; x_wconf 74' lang='grc' dir='ltr'>θυμὸς</span> <span class='ocrx_word' id='word_1_791' title='bbox 3677 4862 3778 4933; x_wconf 79' lang='grc' dir='ltr'>ἐμ-</span> <span class='ocrx_word' id='word_1_792' title='bbox 3862 4874 3905 4906; x_wconf 77' lang='lat'><strong>&#39;-</strong></span> 
     </span>
    </p>
   </div>
   <div class='ocr_carea' id='block_1_108' title="bbox 2190 4954 3778 5030">
    <p class='ocr_par' dir='ltr' id='par_1_108' title="bbox 2190 4954 3778 5030">
     <span class='ocr_line' id='line_1_108' title="bbox 2190 4954 3778 5030; baseline -0.002 -21"><span class='ocrx_word' id='word_1_793' title='bbox 2190 4974 2341 5029; x_wconf 80' lang='grc' dir='ltr'>φρων</span> <span class='ocrx_word' id='word_1_794' title='bbox 2392 4957 2811 5030; x_wconf 81' lang='grc' dir='ltr'>προτιμότερος’</span> <span class='ocrx_word' id='word_1_795' title='bbox 2847 4957 3093 5027; x_wconf 79' lang='grc' dir='ltr'>αύστηρᾷ</span> <span class='ocrx_word' id='word_1_796' title='bbox 3142 4956 3251 5028; x_wconf 81' lang='grc' dir='ltr'>γὰρ</span> <span class='ocrx_word' id='word_1_797' title='bbox 3290 4954 3529 5010; x_wconf 83' lang='grc' dir='ltr'>διαθέσει</span> <span class='ocrx_word' id='word_1_798' title='bbox 3562 4954 3778 5027; x_wconf 83' lang='grc' dir='ltr'>προσώ-</span> 
     </span>
    </p>
   </div>
   <div class='ocr_carea' id='block_1_109' title="bbox 2191 5045 3775 5119">
    <p class='ocr_par' dir='ltr' id='par_1_109' title="bbox 2191 5045 3775 5119">
     <span class='ocr_line' id='line_1_109' title="bbox 2191 5045 3775 5119; baseline -0.001 -19"><span class='ocrx_word' id='word_1_799' title='bbox 2191 5047 2733 5119; x_wconf 80' lang='grc' dir='ltr'>που,·κατορθοῦται</span> <span class='ocrx_word' id='word_1_800' title='bbox 2776 5047 2946 5119; x_wconf 75' lang='grc' dir='ltr'>ψυχή.</span> <span class='ocrx_word' id='word_1_801' title='bbox 2978 5048 3041 5100; x_wconf 77' lang='lat' dir='ltr'><strong>Ai</strong></span> <span class='ocrx_word' id='word_1_802' title='bbox 3078 5048 3176 5118; x_wconf 82' lang='grc' dir='ltr'><strong>μὲν</strong></span> <span class='ocrx_word' id='word_1_803' title='bbox 3221 5047 3402 5101; x_wconf 88' lang='grc' dir='ltr'>τοίνυν</span> <span class='ocrx_word' id='word_1_804' title='bbox 3439 5045 3546 5099; x_wconf 88' lang='grc' dir='ltr'><strong>τῶν</strong></span> <span class='ocrx_word' id='word_1_805' title='bbox 3581 5046 3775 5115; x_wconf 80' lang='grc' dir='ltr'>σοφῶν</span> 
     </span>
    </p>
   </div>
   <div class='ocr_carea' id='block_1_110' title="bbox 2190 5137 3777 5212">
    <p class='ocr_par' dir='ltr' id='par_1_110' title="bbox 2190 5137 3777 5212">
     <span class='ocr_line' id='line_1_110' title="bbox 2190 5137 3777 5212; baseline 0.001 -22"><span class='ocrx_word' id='word_1_806' title='bbox 2190 5140 2381 5210; x_wconf 61' lang='grc' dir='ltr'>ψυχαὶ,</span> <span class='ocrx_word' id='word_1_807' title='bbox 2431 5138 2884 5212; x_wconf 78' lang='grc' dir='ltr'>σκυθρωπάζουσι</span> <span class='ocrx_word' id='word_1_808' title='bbox 2928 5141 3022 5192; x_wconf 75' lang='grc' dir='ltr'>καὶ</span> <span class='ocrx_word' id='word_1_809' title='bbox 3056 5139 3450 5203; x_wconf 85' lang='grc' dir='ltr'>συστέλλονται,</span> <span class='ocrx_word' id='word_1_810' title='bbox 3478 5139 3534 5192; x_wconf 71' lang='grc' dir='ltr'><strong>αἱ</strong></span> <span class='ocrx_word' id='word_1_811' title='bbox 3561 5138 3635 5192; x_wconf 62' lang='grc' dir='ltr'><strong>«δὲ</strong></span> <span class='ocrx_word' id='word_1_812' title='bbox 3664 5137 3777 5191; x_wconf 84' lang='grc' dir='ltr'><strong>τῶν</strong></span> 
     </span>
    </p>
   </div>
   <div class='ocr_carea' id='block_1_111' title="bbox 2190 5230 3779 5305">
    <p class='ocr_par' dir='ltr' id='par_1_111' title="bbox 2190 5230 3779 5305">
     <span class='ocr_line' id='line_1_111' title="bbox 2190 5230 3779 5305; baseline -0.003 -20"><span class='ocrx_word' id='word_1_813' title='bbox 2190 5233 2439 5304; x_wconf 74' lang='grc' dir='ltr'>ἀφρόνων</span> <span class='ocrx_word' id='word_1_814' title='bbox 2502 5233 2856 5305; x_wconf 78' lang='grc' dir='ltr'>ἐπαιρόμεναι</span> <span class='ocrx_word' id='word_1_815' title='bbox 2914 5232 3237 5302; x_wconf 80' lang='grc' dir='ltr'>διαχέονται.</span> <span class='ocrx_word' id='word_1_816' title='bbox 3313 5230 3454 5283; x_wconf 84' lang='grc' dir='ltr'>Πολὺ</span> <span class='ocrx_word' id='word_1_817' title='bbox 3507 5230 3565 5283; x_wconf 78' lang='grc' dir='ltr'><strong>δέ</strong></span> <span class='ocrx_word' id='word_1_818' title='bbox 3625 5230 3779 5283; x_wconf 81' lang='grc' dir='ltr'>ἐστιν</span> 
     </span>
    </p>
   </div>
   <div class='ocr_carea' id='block_1_112' title="bbox 2190 5321 3776 5398">
    <p class='ocr_par' dir='ltr' id='par_1_112' title="bbox 2190 5321 3776 5398">
     <span class='ocr_line' id='line_1_112' title="bbox 2190 5321 3776 5398; baseline -0.003 -21"><span class='ocrx_word' id='word_1_819' title='bbox 2190 5326 2569 5398; x_wconf 83' lang='grc' dir='ltr'>εύκταιότερον</span> <span class='ocrx_word' id='word_1_820' title='bbox 2615 5323 2904 5394; x_wconf 81' lang='grc' dir='ltr'>ἐπίπληξιν</span> <span class='ocrx_word' id='word_1_821' title='bbox 2940 5322 3103 5393; x_wconf 77' lang='grc' dir='ltr'>σοφοῦ</span> <span class='ocrx_word' id='word_1_822' title='bbox 3134 5322 3251 5386; x_wconf 83' lang='grc' dir='ltr'>ἐνὸς</span> <span class='ocrx_word' id='word_1_823' title='bbox 3282 5321 3559 5387; x_wconf 75' lang='grc' dir='ltr'>δέξασθαι,</span> <span class='ocrx_word' id='word_1_824' title='bbox 3589 5321 3622 5393; x_wconf 78' lang='grc' dir='ltr'>ἢ</span> <span class='ocrx_word' id='word_1_825' title='bbox 3648 5321 3776 5373; x_wconf 83' lang='grc' dir='ltr'>ὅλου</span> 
     </span>
    </p>
   </div>
   <div class='ocr_carea' id='block_1_113' title="bbox 2192 5552 3778 5627">
    <p class='ocr_par' dir='ltr' id='par_1_113' title="bbox 2192 5552 3778 5627">
     <span class='ocr_line' id='line_1_113' title="bbox 2192 5552 3778 5627; baseline 0.001 -17"><span class='ocrx_word' id='word_1_826' title='bbox 2192 5565 2283 5610; x_wconf 86' lang='lat' dir='ltr'><strong>net</strong></span> <span class='ocrx_word' id='word_1_827' title='bbox 2308 5556 2392 5611; x_wconf 88' lang='lat' dir='ltr'><strong>vel</strong></span> <span class='ocrx_word' id='word_1_828' title='bbox 2420 5555 2935 5627; x_wconf 83' lang='grc' dir='ltr'>ἀναμετρησὰμενος</span> <span class='ocrx_word' id='word_1_829' title='bbox 2956 5557 3265 5626; x_wconf 85' lang='lat' dir='ltr'><strong>legendum,</strong></span> <span class='ocrx_word' id='word_1_830' title='bbox 3291 5555 3390 5617; x_wconf 86' lang='lat' dir='ltr'><strong>vel,</strong></span> <span class='ocrx_word' id='word_1_831' title='bbox 3398 5555 3547 5627; x_wconf 78' lang='lat' dir='ltr'><strong>quod</strong></span> <span class='ocrx_word' id='word_1_832' title='bbox 3573 5552 3778 5627; x_wconf 78' lang='lat' dir='ltr'><strong>melius</strong></span> 
     </span>
    </p>
   </div>
   <div class='ocr_carea' id='block_1_114' title="bbox 2189 5623 3778 5696">
    <p class='ocr_par' dir='ltr' id='par_1_114' title="bbox 2189 5623 3778 5696">
     <span class='ocr_line' id='line_1_114' title="bbox 2189 5623 3778 5696; baseline 0.003 -17"><span class='ocrx_word' id='word_1_833' title='bbox 2189 5629 2444 5696; x_wconf 81' lang='lat' dir='ltr'><strong>quadrat,</strong></span> <span class='ocrx_word' id='word_1_834' title='bbox 2479 5623 2800 5696; x_wconf 75' lang='grc' dir='ltr'>ἐπιγνῶναι,</span> <span class='ocrx_word' id='word_1_835' title='bbox 2829 5637 2888 5682; x_wconf 91' lang='lat' dir='ltr'><strong>ut</strong></span> <span class='ocrx_word' id='word_1_836' title='bbox 2936 5628 2990 5681; x_wconf 92' lang='lat' dir='ltr'><strong>in</strong></span> <span class='ocrx_word' id='word_1_837' title='bbox 3013 5623 3142 5683; x_wconf 48' lang='lat' dir='ltr'><strong>&#39;ms.</strong></span> <span class='ocrx_word' id='word_1_838' title='bbox 3194 5628 3344 5682; x_wconf 86' lang='lat' dir='ltr'><strong>card.</strong></span> <span class='ocrx_word' id='word_1_839' title='bbox 3394 5623 3621 5696; x_wconf 22' lang='lat' dir='ltr'><strong>Lotltiar.</strong></span> <span class='ocrx_word' id='word_1_840' title='bbox 3664 5626 3778 5683; x_wconf 79' lang='lat' dir='ltr'><strong>Alii</strong></span> 
     </span>
    </p>
   </div>
   <div class='ocr_carea' id='block_1_115' title="bbox 2195 5695 3655 5767">
    <p class='ocr_par' dir='ltr' id='par_1_115' title="bbox 2195 5695 3655 5767">
     <span class='ocr_line' id='line_1_115' title="bbox 2195 5695 3655 5767; baseline -0.001 -16"><span class='ocrx_word' id='word_1_841' title='bbox 2195 5695 2377 5751; x_wconf 83' lang='lat' dir='ltr'><strong>tamen</strong></span> <span class='ocrx_word' id='word_1_842' title='bbox 2415 5699 2574 5752; x_wconf 85' lang='lat' dir='ltr'><strong>codd.</strong></span> <span class='ocrx_word' id='word_1_843' title='bbox 2609 5698 2885 5767; x_wconf 79' lang='lat' dir='ltr'><strong>vulgatam</strong></span> <span class='ocrx_word' id='word_1_844' title='bbox 2914 5698 3205 5767; x_wconf 86' lang='lat' dir='ltr'><strong>lectionem</strong></span> <span class='ocrx_word' id='word_1_845' title='bbox 3246 5707 3487 5751; x_wconf 87' lang='lat' dir='ltr'><strong>tuentur.</strong></span> <span class='ocrx_word' id='word_1_846' title='bbox 3523 5695 3655 5767; x_wconf 81' lang='lat' dir='ltr'><strong>Duc.</strong></span> 
     </span>
    </p>
   </div>
   <div class='ocr_carea' id='block_1_116' title="bbox 2260 5765 3769 5889">
    <p class='ocr_par' dir='ltr' id='par_1_116' title="bbox 2260 5765 3769 5889">
     <span class='ocr_line' id='line_1_116' title="bbox 2260 5765 3769 5889; baseline -0.001 -68"><span class='ocrx_word' id='word_1_847' title='bbox 2260 5768 2374 5839; x_wconf 60' lang='lat' dir='ltr'><strong>(li)</strong></span> <span class='ocrx_word' id='word_1_848' title='bbox 2405 5767 2607 5837; x_wconf 83' lang='grc' dir='ltr'>Θῶμεν</span> <span class='ocrx_word' id='word_1_849' title='bbox 2636 5765 2743 5839; x_wconf 74' lang='grc' dir='ltr'>γὰρ</span> <span class='ocrx_word' id='word_1_850' title='bbox 2772 5767 2968 5823; x_wconf 84' lang='grc' dir='ltr'>τοῦτο.</span> <span class='ocrx_word' id='word_1_851' title='bbox 2999 5766 3162 5823; x_wconf 84' lang='lat' dir='ltr'><strong>Deest</strong></span> <span class='ocrx_word' id='word_1_852' title='bbox 3181 5768 3290 5841; x_wconf 80' lang='grc' dir='ltr'>γάρ</span> <span class='ocrx_word' id='word_1_853' title='bbox 3318 5768 3372 5821; x_wconf 89' lang='lat' dir='ltr'><strong>in</strong></span> <span class='ocrx_word' id='word_1_854' title='bbox 3408 5768 3529 5822; x_wconf 81' lang='lat' dir='ltr'><strong>cod.</strong></span> <span class='ocrx_word' id='word_1_855' title='bbox 3555 5765 3769 5889; x_wconf 50' lang='lat' dir='ltr'><strong>bizvilii.</strong></span> 
     </span>
    </p>
   </div>
   <div class='ocr_carea' id='block_1_117' title="bbox 3596 5850 3781 5892">
    <p class='ocr_par' dir='ltr' id='par_1_117' title="bbox 3596 5850 3781 5892">
     <span class='ocr_line' id='line_1_117' title="bbox 3596 5850 3781 5892; baseline 0.005 -1"><span class='ocrx_word' id='word_1_856' title='bbox 3596 5850 3655 5892; x_wconf 74' lang='grc' dir='ltr'><strong>υ.</strong></span> <span class='ocrx_word' id='word_1_857' title='bbox 3774 5863 3781 5877; x_wconf 78' lang='lat'>&#39;</span> 
     </span>
    </p>
   </div>
  </div>
