4090 6406
318 431 452 488 1005

1368 419 1855 479 METAPHRASIS
1892 418 1961 474 ΙΝ
1999 418 2528 475 ECCLESIASTEN.

3422 422 3561 476 tuus
3620 393 3626 399 ’

316 546 477 621 χοροῦ
509 545 817 616 ἀνθρώπων
839 528 1056 614 φαύλων
1090 543 1183 597 καὶ
1220 543 1492 615 δυστήνων
1532 543 1763 614 ᾀδόντων
1796 556 1886 607 γε-

2003 538 2418 602 :ontrahuntur;
2455 536 2743 591 stultorum
2773 544 2953 592 autem
2984 538 3199 604 animae,
3232 538 3415 610 laetitia
3447 544 3561 599 ela'

317 640 497 694 νέσθαι
547 639 840 709 ἀκροατήν.
866 636 1011 689 ⁸Τῶν
1056 635 1163 707 γάρ
1214 636 1463 707 ἀφρόνων
1513 634 1811 706 ἀνθρώπων
1857 634 1886 685 ό

317 731 504 800 γέλως,
540 727 790 783 ἀκανθῶν
825 726 1033 780 πολλῶν
1058 726 1241 798 λάϐρῳ
1272 728 1403 797 πυρὶ
1443 727 1745 795 καιομένων
1772 725 1888 795 ἤχῳ

312 825 652 895 προσέοικεν.
699 820 913 875 Ἀθλιον
944 822 998 874 δὲ
1029 822 1121 874 καὶ¹
1148 821 1323 884 τοῦτο,
1348 819 1521 873 κακόν
1550 836 1614 887 γε
1654 819 1758 889 μὴν
1794 817 1889 887 μέ-

318 930 500 983 γιστον
536 915 570 985 ὴ
608 910 969 979 συκοφαντίαο
1004 910 1142 979 αῦτη
1183 910 1291 981 γὰρ
1332 909 1511 977 σοφῶν
1554 907 1889 961 ἐπιϐουλεύει

320 1008 535 1077 ψυχαῖς,
577 1005 670 1059 καὶ
711 1005 977 1075 ἐπιχειρεῖ
1014 1001 1345 1073 διαφθείρειν
1378 1002 1476 1072 τὴν
1513 1000 1769 1069 γενναίαν
1807 999 1893 1052 ἕν-

324 1115 510 1151 στασιν
540 1097 649 1150 τῶν
696 1094 933 1165 ἀγαθῶν.
970 1094 1157 1162 Λόγων
1189 1093 1245 1146 δὲ
1284 1092 1395 1163 (15)
1426 1093 1525 1145 οὑκ
1567 1092 1889 1163 ἀρχόμενον,

323 1189 458 1245 ἀλλά
496 1188 801 1257 παυόμενον
839 1189 1077 1240 ἐπαινεῖν
1121 1186 1418 1256 προσήκει,
1444 1184 1551 1237 καὶ
1581 1184 1642 1236 τὸ
1674 1184 1893 1254 μέτριον

322 1281 450 1355 ἦθος
500 1280 878 1350 ἀποδέχεσθαι,
930 1281 1024 1333 καὶ
1061 1278 1134 1349 μὴ
1182 1279 1242 1331 τὸ
1289 1277 1754 1348 μετεωριζόμενον
1794 1276 1893 1341 ,καὶ

323 1374 719 1446 τετυφωμένον.
752 1372 897 1426 Πάνυ
928 1372 987 1425 δὲ
1016 1371 1118 1442 χρὴ
1152 1368 1326 1441 θυμοῦ
1370 1368 1665 1438 φείδεσθαι,
1691 1369 1786 1421 καὶ
1818 1364 1911 1451 μὴ’

323 1471 401 1531 εἰς
445 1467 616 1537 ὀργὴν
666 1464 967 1536 προχείρως
1007 1459 1431 1553 καταφέρεσθαι,
1478 1454 1619 1534 ᾗτινι
1662 1460 1895 1530 ἄφρονες

322 1555 677 1611 δουλεύουσιν.
723 1554 1117 1627 Ἀμαρτάνουσι
1147 1554 1224 1606 δὲ·
1246 1554 1297 1615 o‘i
1340 1553 1588 1621 λέγοντες
1618 1555 1732 1615 τοῖς
1764 1570 1897 1623 προ-

321 1647 498 1719 τέροις
540 1645 797 1715 ἀμείνονα
832 1643 1074 1697 δεδόσθαι
1117 1643 1261 1713 βίον,
1296 1644 1390 1697 καὶ
1422 1644 1484 1697 ού
1519 1645 1785 1708 συνιᾶσιν,
1812 1646 1894 1698 ὅτι

325 1738 584 1810 πάμπολυ
614 1738 861 1809 διαφέρει
886 1736 1046 1806 σοφία
1098 1737 1197 1807 τῆς
1221 1736 1330 1789 τῶν
1349 1737 1647 1808 χρημάτων
1676 1754 1898 1808 περιου-
1932 1773 1939 1781 -

318 1822 476 1894 σίας·
509 1829 604 1883 καὶ
643 1827 893 1882 τοσοῦτόν
927 1829 1041 1881 ἐστι
1084 1829 1433 1900 φανερωτέρα
1465 1828 1611 1898 (16),
1646 1828 1896 1923 ὅσονάρ-
1931 1881 1971 1935 Β

322 1938 489 1992 γυρος
517 1919 894 1993 λαμπρότερος
926 1921 1172 1989 φαίνεται
1203 1920 1302 1990 τῆς
1336 1921 1527 1973 ἑαυτοῦ
1563 1923 1740 1985 σκιᾶς.
1776 1919 1898 1992 ut;

321 2012 430 2084 γὰρ
470 2009 795 2083 ἀνθρώπου,
834 2011 934 2065 οὑκ
958 2010 1027 2078 ἐξ
1066 2012 1333 2083 ὲπικήρου
1366 2011 1598 2065 πλούτου
1632 2015 1898 2084 κτήσεως,

323 2104 438 2157 ἀλλ’
477 2105 542 2163 ὲκ
585 2101 773 2171 σοφίας
815 2102 1170 2174 περιγίνεται.
1217 2103 1313 2166 Τίς
1360 2104 1417 2156 δὲ
1450 2105 1545 2158 καὶ
1584 2105 1897 2174 δυνήσεται,

320 2196 443 2249 εἰπέ
482 2213 591 2267 μοι,
622 2197 720 2266 τὴν
750 2196 1017 2267 τοσαύτην
1048 2195 1143 2249 καὶ
1173 2194 1315 2248 οὕτω
1346 2196 1585 2267 χρηστὴν
1625 2196 1734 2250 τοῦ
1766 2197 1900 2251 Θεοῦ

321 2288 582 2358 πρόνοιαν
644 2287 915 2353 tamen;
977 2288 1010 2358 ἢ
1065 2289 1148 2352 τίς
1202 2280 1637 2342 ἀνακαλέσασθαι
1693 2289 1762 2342 τά
1818 2289 1902 2343 δο-

321 2378 525 2433 κοῦντα
571 2379 989 2451 παρημελῖβθαι
1039 2379 1143 2434 ὑπὸ
1184 2379 1320 2433 Θεοῦ
1351 2379 1605 2444 δικαίως;
1640 2379 1903 2449 Πράττων

319 2468 375 2522 δὲ
402 2471 508 2525 οὐκ
541 2469 713 2540 ὀρθῶς
739 2470 1003 2542 πρότερον
1030 2470 1205 2539 ἔγωγε
1230 2472 1534 2541 κατενόησα
1556 2470 1624 2523 τά
1655 2470 1718 2523 σύ
1727 2488 1904 2541 μπαν-

321 2575 409 2622 τα,
447 2558 544 2613 καὶ
566 2559 771 2613 δίκαιον
803 2561 1106 2632 ἐμμένοντα
1137 2564 1202 2632 τῇ
1246 2561 1578 2635 δικαιοσύνῃ,
1612 2564 1703 2615 καὶ
1740 2560 1901 2633 μέχρι

321 2648 561 2705 θανάτου
594 2651 669 2722 μὴ
697 2650 1067 2722 ἐξιστάμενον,
1102 2652 1236 2705 ἀλλά
1269 2652 1363 2705 καὶ
1392 2652 1456 2705 δι’
1490 2653 1658 2723 αὐτὴν
1684 2653 1903 2708 επιϐου-

319 2742 650 2812 λευόμενον,
693 2743 785 2797 καὶ
833 2743 1002 2815 ἀσεϐῆ
1052 2743 1559 2815 συναποθνήσκοντα
1601 2748 1666 2815 τῇ
1710 2746 1901 2798 ἑαυτοῦ

324 2833 518 2902 κακίᾳ.
546 2832 665 2903 Χρὴ
694 2832 752 2884 δὲ
780 2831 985 2886 δίκαιον
1014 2834 1142 2887 ὅντα
1201 2832 1274 2903 μὴ
1314 2831 1455 2885 πάνυ
1496 2830 1733 2884 τοιοῦτον
1764 2826 1903 2886 εἶναι

321 2921 526 2983 δοκεῖν,
562 2921 696 2992 μηδὲ
726 2920 865 2989 ἄγαν
895 2921 1056 2991 σοφὸν
1089 2922 1183 2975 καὶ
1233 2922 1609 2993 ὑπερμέτρωςο
1645 2923 1793 2986 ὅπως
1828 2924 1901 2994 μή

322 3027 374 3063 τι
414 3011 678 3074 πταίσας,
711 3011 1142 3066 πολλαπλασίονα
1200 3014 1512 3085 ἁμαρτήσῃ.
1553 3013 1664 3066 Καὶ
1696 3015 1769 3084 μὴ
1805 3014 1901 3068 ἔσο

320 3101 599 3173 τολμηρὸς
653 3103 744 3154 καὶ
796 3102 1102 3174 προπετὴς,
1159 3105 1231 3173 μή
1288 3121 1347 3155 σε
1401 3104 1628 3169 θάνατος
1681 3106 1904 3179 ἁρπάσῃ

1989 636 2056 681 tae
2085 625 2483 681 diﬂ‘unduntur.
2550 625 2600 680 6.
2633 626 2800 695 Atqui
2828 629 3001 683 multo
3029 632 3204 702 magis
3236 635 3560 703 optandum,

1991 718 2251 788 sapientis
2285 720 2448 774 unius
2472 719 2909 790 objurgationem
2942 722 3227 792 excipere,
3278 741 3442 794 quam
3478 736 3563 782 to-

1990 816 2100 866 tius
2146 811 2301 866 chori
2353 811 2728 880 improborum
2782 821 2837 867 et
2888 815 3217 870 miserorum
3278 818 3563 875 hominum

1992 903 2326 958 cantantium
2364 904 2667 967 auditorem
2702 905 2841 959 ﬁeri.
2901 906 2953 959 7.
2989 905 3322 963 Stolidorum
3362 912 3564 964 etenim

1992 1001 2277 1056 hominum
2323 999 2510 1062 risus,
2568 1001 2851 1069 spinarum
2904 1002 3202 1056 multarum
3258 1004 3565 1059 vehementi

1993 1094 2116 1163 igne
2141 1094 2451 1149 ardentium
2491 1092 2694 1147 sonitui
2740 1093 2885 1147 haud
2912 1093 3181 1150 absimilis
3213 1103 3316 1149 est.
3377 1095 3429 1148 8.
3462 1094 3569 1150 Sed

1993 1183 2235 1254 profecto
2278 1184 2664 1255 gravissimum
2720 1184 2922 1238 malum
2969 1193 3053 1240 est
3104 1186 3376 1240 calumnia
3408 1204 3421 1239 :
3451 1186 3569 1240 haec

1995 1262 2143 1332 enim
2173 1278 2479 1347 sapientum
2516 1276 2806 1331 animabus
2834 1276 3063 1331 insidias
3089 1277 3284 1343 struit,
3318 1292 3383 1331 ac
3407 1291 3569 1345 gene-

1994 1382 2178 1422 rosam
2232 1368 2497 1423 bonorum
2548 1366 2785 1421 virorum
2837 1367 3201 1420 constantiam
3243 1366 3571 1421 labefactare

1982 1460 2239 1514 emolitur.
2276 1459 2328 1514 9.
2361 1457 2537 1512 Porro
2563 1465 2744 1513 autem
2770 1457 2918 1511 hunc
2940 1457 3195 1513 laudibus
3218 1457 3411 1511 etl‘erre
3437 1473 3575 1514 con-

1997 1551 2177 1613 venit,
2228 1566 2336 1605 non
2377 1551 2470 1621 qui
2515 1550 2731 1604 initium
2755 1592 2770 1613 ,
2806 1549 2901 1604 sed
2934 1549 3026 1619 qui
3054 1548 3270 1604 dicendi
3298 1550 3461 1605 tinem
3486 1550 3573 1605 fa-

1997 1643 2090 1698 cit.
2151 1642 2361 1696 Merum
2392 1643 2536 1696 enim
2566 1641 2872 1696 moderatio
2901 1641 3156 1695 laudibus
3200 1642 3571 1709 complectan-

1999 1737 2091 1803 da,
2121 1752 2229 1791 non
2260 1736 2424 1791 elatio
2457 1735 2869 1805 et'arrogantia.
2914 1735 3001 1788 10.
3034 1733 3261 1803 Insuper
3284 1735 3451 1789 animi
3476 1732 3571 1787 fu-

1999 1844 2177 1885 rorem
2230 1843 2448 1884 summo
2494 1827 2677 1883 studio
2720 1826 2936 1882 frenare
2978 1835 3029 1881 et
3074 1841 3323 1882 coercere
3349 1841 3576 1881 necesse

1999 1929 2104 1987 est,
2133 1938 2234 1976 nec
2265 1930 2513 1992 prompte
2544 1930 2599 1976 et
2626 1930 2830 1975 temere
2853 1920 2907 1974 in
2933 1920 3068 1973 iram
3102 1934 3282 1982 ruere,
3313 1919 3402 1973 cui
3423 1919 3575 1975 stulti

2000 2014 2263 2070 serviunt.
2321 2014 2410 2067 11.
2460 2011 2658 2066 Errant
2691 2020 2911 2075 autem,
2953 2010 3049 2080 qui
3092 2011 3371 2065 meliorem
3404 2011 3575 2065 vitam

2003 2103 2306 2173 majoribus
2341 2102 2544 2157 nostris
2566 2102 2747 2156 datam
2781 2116 2902 2156 esse
2929 2099 3201 2157 afﬁrmant
3231 2119 3243 2154 :
3283 2116 3383 2156 nec
3415 2101 3577 2156 intel-

2000 2198 2195 2267 ligunt,
2225 2194 2541 2264 sapientiam
2573 2209 2737 2263 opum
2764 2193 2918 2262 c0pia
2955 2194 3114 2262 longe
3140 2194 3575 2261 praestantiorem

2001 2303 2155 2354 esse;
2211 2286 2300 2342 12.
2367 2292 2630 2354 tantoque
2671 2284 2995 2347 clariorem,
3049 2293 3255 2352 quanto
3289 2295 3577 2356 argentum

2003 2379 2194 2433 umbra
2221 2393 2319 2432 sua
2352 2374 2693 2446 splendidius
2725 2382 2968 2444 apparet.
3028 2375 3112 2429 15.
3146 2373 3267 2429 Vita
3298 2376 3445 2429 enim
3477 2376 3577 2431 ho-

2003 2470 2199 2535 minis,
2253 2483 2359 2522 non
2390 2482 2455 2522 ex
2483 2467 2814 2521 caducarum
2851 2475 2903 2521 et
2942 2464 3216 2536 fragilium
3262 2483 3425 2538 opum
3460 2471 3576 2525 col-

2003 2562 2235 2617 leetione
2283 2569 2337 2614 et
2361 2558 2729 2629 possessione,
2768 2573 2954 2613 verum
2986 2574 3054 2612 ex
3079 2560 3346 2629 sapientia
3374 2576 3581 2630 prove-

2004 2655 2104 2708 nit.
2172 2653 2260 2707 M.
2287 2651 2422 2717 Quis
2456 2651 2626 2714 enim,
2676 2665 2773 2703 oro
2808 2659 2881 2715 te,
2930 2658 3136 2705 tantam
3171 2660 3392 2722 tamque
3423 2653 3578 2707 beni-
3655 2720 3657 2723 τ

2004 2758 2165 2813 gnam
2218 2735 2313 2795 Dei
2366 2740 2759 2810 providentiam
2817 2740 2996 2795 verbis
3047 2743 3306 2812 consequi
3338 2743 3581 2813 poterit?

2006 2840 2097 2894 15.
2153 2838 2262 2892 Aut
2303 2838 2428 2906 quis
2468 2852 2530 2891 ea
2577 2852 2701 2907 quae
2741 2852 2958 2892 summa
3008 2852 3132 2890 cum
3167 2836 3380 2890 ratione
3407 2850 3437 2889 a
3468 2833 3579 2889 Deo
3620 2906 3623 2909 ν

2007 2932 2252 3002 neglecta
2299 2945 2421 2985 esse
2468 2928 2754 2992 videntur,
2805 2928 3096 2982 revocare?
3148 2926 3236 2981 16.
3270 2926 3382 2997 Ego
3425 2936 3599 3005 vero,

2005 3024 2190 3078 minus
2218 3030 2364 3077 recte
2403 3021 2456 3075 id
2485 3021 2703 3090 quidem
2733 3019 2939 3076 faciens
2958 3061 2975 3083 ,
3002 3021 3182 3076 omnia
3208 3020 3570 3083 consideravi,
3668 3080 3669 3083 η
3737 3024 3750 3082 _'
3782 3028 3793 3040 ‘

2003 3124 2058 3169 et
2080 3115 2286 3185 justum
2320 3115 2374 3168 in
2396 3113 2607 3183 justitia
2629 3099 2949 3167 constanter
2976 3120 3326 3180 perstantem_
3381 3126 3481 3165 nec
3506 3111 3581 3174 ab
3656 3097 3660 3100 ’

322 3192 580 3263 ἄκαιρος.
607 3193 878 3261 Μέγιστον
911 3193 967 3246 δὲ
989 3192 1190 3261 ἀγαθὸν
1221 3193 1709 3263 ἀντιλαμϐάνεσθαι
1745 3195 1903 3257 Θεοῦ,

2011 3225 2075 3262 ea
2120 3223 2215 3276 per
2257 3221 2477 3262 omnem
2533 3206 2655 3260 vitae
2701 3220 2925 3259 cursum
2973 3205 3398 3266 desciscentem,
3467 3205 3580 3258 imo

324 3284 418 3337 καί
482 3284 539 3336 ὲν
593 3282 766 3353 τούτῳ
817 3281 947 3336 ὄντα
1007 3283 1169 3354 μηδὲν
1223 3284 1573 3354 ἁμαρτάνειν.
1622 3284 1741 3337 Τῶν
1799 3285 1906 3356 γάρ

324 3374 609 3445 ἀμιάντων
640 3375 782 3445 χειρὶ
805 3375 1022 3444 ἀνάγνῳ
1051 3373 1262 3443 ψαύειν,
1299 3374 1558 3446 μυσαρόν.
1603 3374 1660 3427 '0
1684 3375 1739 3427 δὲ
1772 3376 1909 3445 μετά

324 3467 499 3535 φόϐου
551 3465 685 3519 Θεοῦ
745 3466 983 3519 ὑπείκων
1033 3465 1247 3519 ἅπαντα
1298 3465 1575 3535 διαφεύγει
1630 3468 1943 3520 τάναντία.-

323 3558 501 3626 Σοφία
543 3556 600 3610 δὲ
653 3556 920 3627 βοηθείας,
962 3556 1183 3627 στίφους
1223 3556 1430 3629 ἀνδρῶν
1470 3557 1580 3611 τῶν
1611 3559 1911 3612 δυνατωτά-

321 3664 435 3701 των
486 3647 545 3701 ὲν
591 3647 744 3701 πόλει
791 3647 1009 3720 μείζονα
1057 3647 1297 3713 δύναται,
1329 3649 1364 3721 ἢ
1410 3650 1504 3704 καὶ
1548 3651 1909 3720 συγγινώσκει

324 3739 557 3804 δικαίως
625 3739 884 3805 πολλάκις
951 3740 1058 3795 τῶν
1129 3742 1356 3796 δεόντων
1420 3745 1904 3815 ἀποτυγχάνουσιν.

328 3832 671 3895 ’Δπταιστος
701 3833 809 3903 γάρ
851 3832 1000 3886 ἐστιν
1042 3833 1164 3887 οὐδὲ
1206 3828 1305 3897 εἷς.
1357 3833 1592 3888 Ἀσεϐῶν
1623 3835 1678 3887 δὲ
1710 3835 1904 3904 λόγοις,

323 3921 440 3975 οὐδ’
472 3921 719 3974 ὁπωσοῦν
765 3939 816 3975 τι
859 3923 966 3994 χρὴ
1011 3922 1311 3994 προσιέναι,
1342 3926 1489 3988 ὅπως
1524 3925 1598 3996 μὴ
1629 3926 1735 3979 τῶν
1769 3927 1910 3981 κατὰ

324 4017 428 4073 σοῦ
464 4015 639 4082 λόγων
677 4016 941 4085 αὐτήκοος
970 4019 1274 4094 γενόμενος,
1307 4018 1494 4089 ὥσπερ
1521 4018 1705 4072 δούλου
1745 4037 1910 4091 πονη-

328 4105 429 4180 ροῦ
462 4104 747 4176 φλυαρίας·
793 4106 983 4159 ἔπειτα
1022 4107 1237 4179 δηχθεὶς
1263 4109 1361 4178 τὴν
1391 4109 1638 4180 καρδίαν,
1684 4110 1908 4182 ὕστερον

322 4201 387 4252 έν
422 4194 644 4259 πολλαῖς
675 4194 935 4265 πράξεσιν
961 4198 1040 4260 εἰς
1064 4183 1130 4251 ’τὸ
1155 4200 1687 4271 ἀντικαταράσασθαι
1716 4204 1811 4255 καὶ
1844 4204 1907 4254 σὺ

322 4288 637 4359 ὲκτραπῇς.
679 4288 891 4355 Ἔγνων
921 4287 979 4339 δὲ
1017 4288 1187 4340 ταῦτα
1218 4288 1327 4358 ἐγὼ
1356 4291 1591 4356 ἅπαντα,
1625 4293 1813 4362 σοφίαν
1846 4295 1911 4346 ἐκ

324 4378 469 4433 Θεοῦ
516 4377 718 4442 λαϐὼν,
752 4378 818 4448 ἢν
862 4377 1087 4450 ὕστερον
1117 4380 1403 4436 ἀποϐαλὼν
1423 4422 1437 4445 ,
1472 4383 1657 4436 οὐκέτι
1707 4378 1817 4447 οἷός
1850 4403 1909 4438 τε

324 4472 483 4542 ἢμην
512 4470 698 4540 ὅμοιος
741 4466 897 4525 εἶναι.
932 4471 1137 4540 Ἔφυγε
1181 4472 1286 4545 γὰρ
1333 4476 1427 4527 ἀπ’
1473 4476 1606 4546 ἐμοῦ
1641 4475 1799 4546 σοφία
1829 4480 1910 4542 εἰς

329 4561 512 4631 μῆκος
559 4560 804 4630 ἄπειρον,
858 4562 951 4613 καὶ
995 4564 1075 4625 εἰς
1117 4561 1279 4632 βάθος
1321 4564 1663 4637 ἀμέτρητον,
1708 4568 1783 4631 ὡς
1832 4568 1906 4639 μὴ
1941 4547 1983 4600 D

326 4649 472 4705 εἶναι
502 4651 675 4722 αὐτῆς
702 4653 957 4708 λαϐέσθαι
988 4657 1202 4726 μηκέτι.
1237 4657 1399 4710 Ὥστε
1433 4658 1656 4729 ὕστερον
1687 4661 1781 4712 καὶ
1812 4661 1906 4715 τοῦ

326 4742 611 4813 ἐπιζητεῖν
646 4744 834 4817 αὐτὴν,
877 4746 1079 4799 τέλειον
1108 4747 1217 4820 (17)
1262 4750 1600 4821 ἀπεσχόμηνο
1650 4752 1745 4805 καὶ
1783 4752 1905 4806 οὕτε

325 4835 713 4907 ἐνεθυμούμην
766 4836 845 4890 ἔτι
894 4837 986 4891 τοῦ
1042 4842 1324 4901 κατανοεῖν
1381 4840 1481 4904 τὰς
1536 4839 1643 4895 τῶν
1696 4843 1913 4897 ἀσεϐῶν

325 4927 646 5017 ἀφροσύνας
680 4930 773 4982 καὶ
825 4929 1019 5000 βουλὰς
1074 4932 1339 5002 ματαίας,
1384 4934 1477 4985 καὶ
1515 4932 1744 5015 ἀλύοντα
1773 4934 1902 5005 βίον.

325 5016 492 5071 Οῦτω
535 5017 593 5071 δὲ
625 5018 984 5089 διακείμενος,
1028 5024 1108 5086 εἰς
1153 5022 1292 5076 αὐτὰ
1335 5023 1619 5096 διηνέχθην
1650 5024 1781 5097 (18),
1814 5027 1907 5080 καὶ

324 5106 602 5179 ἐπιθυμίᾳ
628 5109 905 5179 συσχεθεὶς
933 5109 1311 5184 θανατηφόρῳ,
1332 5112 1501 5180 ἔγνων
1530 5113 1627 5184 τὴν
1651 5118 1905 5182 γυναῖκα,

324 5195 436 5266 γῆν
464 5212 588 5249 τινα
622 5195 754 5267 (19),
791 5196 824 5268 ἢ
865 5201 918 5252 εἴ
942 5217 994 5254 τι
1032 5200 1218 5274 ἕτερον
1248 5201 1487 5256 τοιοῦτον
1533 5204 1905 5276 ὑπάρχουσαν.

2008 3299 2175 3354 etiam
2228 3308 2447 3368 propter
2492 3311 2611 3352 eam
2658 3294 2870 3350 insidiis
2904 3295 3129 3364 petitum
3177 3312 3203 3366 :_
3226 3303 3281 3348 et
3314 3294 3579 3362 iujustu’m

2010 3391 2173 3446 simul
2221 3405 2341 3445 cum
2390 3389 2739 3458 improbitate
2789 3403 2887 3442 sua
2914 3387 3260 3442 morientem.
3323 3386 3408 3440 17.
3444 3385 3582 3440 lllud

2009 3495 2188 3539 autem
2218 3482 2426 3537 homini
2453 3482 2661 3550 justitia
2689 3482 2912 3551 praedito
2941 3480 3365 3555 videndum‘es‘t,
3389 3496 3458 3559 ne
3475 3480 3583 3548 pad-

2009 3578 2233 3631 modum
2276 3575 2402 3630 talis
2441 3589 2561 3629 esse
2593 3573 2864 3634 videatur,
2911 3586 3013 3626 nec
3043 3588 3207 3641 supra
3237 3571 3460 3627 modum
3489 3587 3583 3627 sa—

2008 3669 2199 3738 piens;
2253 3682 2320 3721 ne
2357 3664 2402 3721 si
2445 3680 2554 3735 qua
2588 3664 2642 3718 in
2674 3679 2733 3717 re
2758 3662 3076 3726 offenderit,
3125 3664 3312 3719 multis
3337 3663 3585 3732 partibus

2009 3756 2284 3825 capiosius
2314 3763 2522 3821 peccet.
2573 3752 2660 3807 18.
2693 3752 2827 3807 Illud
2850 3752 3013 3806 etiam
3044 3753 3140 3806 tibi
3163 3754 3485 3816 cavendum,
3514 3767 3585 3807 ne

2009 3848 2187 3901 audax
2215 3854 2269 3900 et
2296 3846 2616 3900 temerarius
2648 3845 2759 3911 sis;
2795 3860 2863 3898 ne
2893 3844 3097 3914 alioqui
3126 3852 3176 3898 te
3204 3844 3583 3913 intempestiva

2008 3950 2060 3994 et
2088 3948 2415 4009 praematura
2465 3953 2613 3993 mors
2639 3937 2893 4007 abripiat.
2955 3936 3042 3989 19.
3071 3934 3366 3990 Maximum
3399 3943 3583 3989 autem

2010 4031 2239 4095 bonum,
2269 4029 2439 4084 Deum
2468 4028 2835 4098 complectiet
2863 4027 3301 4096 apprehendere;
3334 4034 3499 4094 atque
3525 4026 3582 4079 in

2009 4133 2075 4173 eo
2104 4126 2439 4181 manentem,
2473 4118 2541 4171 ab
2575 4116 2727 4170 omni
2757 4124 2979 4185 peccato
3008 4115 3301 4170 abstinere.
3339 4116 3447 4182 Res
3468 4127 3583 4170 ete-

2009 4209 2121 4262 nim
2152 4207 2383 4262 macula:
2408 4207 2588 4262 omnis
2615 4216 2862 4275 expertes
2897 4207 3110 4275 impura
3158 4221 3324 4261 manu
3358 4214 3581 4260 contre-

2010 4302 2182 4358 ctare,
2210 4291 2481 4349 nefarium
2508 4302 2561 4347 et
2585 4292 2921 4347 exsecrabile
2947 4300 3053 4347 est.
3107 4289 3212 4358 Qui
3243 4299 3423 4346 autem
3452 4307 3580 4346 cum

2010 4383 2105 4436 Dei
2145 4385 2338 4438 timore
2381 4384 2544 4447 cedit,
2583 4398 2749 4452 seque
2783 4382 3076 4441 submittit.
3129 4372 3359 4438 adversa
3396 4384 3581 4439 omnia

2013 4475 2220 4548 etlugit.
2258 4476 2350 4531 9.0.
2382 4474 2660 4545 Sapientia
2685 4475 2873 4529 auxilii
2902 4476 2956 4529 in
2981 4476 3198 4531 civitate
3222 4477 3347 4547 plus
3380 4470 3581 4547 potest,

2011 4584 2175 4639 quam
2202 4568 2700 4639 potentissimorum
2731 4566 3017 4621 hominum
3041 4568 3222 4633 acies;
3260 4579 3387 4638 Quae
3413 4570 3582 4626 etiam

2011 4662 2334 4730 plerumque
2367 4660 2455 4724 iis,
2484 4658 2579 4727 qui
2609 4657 2678 4711 ab
2702 4656 2881 4711 oﬂieio
2901 4656 3242 4728 aberrarunt,
3263 4659 3583 4729 justeigno-

2013 4751 2139 4807 scit.
2198 4750 2288 4803 il.
2314 4747 2488 4804 Nemo
2529 4748 2678 4803 enim
2704 4757 2823 4812 est,
2866 4748 2959 4818 qui
2997 4764 3104 4803 non
3137 4751 3407 4805 interdum
3434 4752 3584 4807 laba-

2014 4853 2102 4899 tur
2122 4844 2168 4896 '.
2224 4842 2317 4897 Ἡ.
2353 4840 2451 4897 Est
2485 4850 2672 4896 autem
2697 4841 2793 4896 tibi
2822 4842 3215 4909 providendum
3240 4884 3255 4909 ,
3293 4859 3360 4898 ne
3387 4844 3451 4897 ad
3478 4846 3583 4898 im-

1975 4970 1979 4974 ι
2013 4936 2230 5004 piorum
2260 4948 2542 4990 sermones
2567 4934 2677 4988 ullo
2708 4934 2872 4987 modo
2900 4933 3160 4999 accedas;
3198 4949 3273 4988 ne
3295 4936 3578 4991 maledicta

2014 5029 2071 5081 in
2114 5035 2165 5081 te
2190 5027 2339 5096 jacta
2380 5027 2600 5080 tuismet
2628 5024 2854 5079 auribus
2887 5025 3182 5087 hauriens,
3222 5026 3581 5094 quemadmo-

2014 5116 2144 5171 dum
2177 5116 2409 5186 improbi
2438 5115 2581 5169 servi
2615 5114 3037 5184 loquacitatem;
3095 5114 3186 5167 ‘25.
3231 5122 3395 5182 atque
3422 5127 3488 5166 ex
3514 5130 3577 5167 ea

2018 5220 2079 5258 re
2114 5204 2300 5258 animo
2326 5217 2671 5271 commorsus
2691 5241 2707 5267 ,
2754 5203 2810 5263 in
2844 5202 3031 5257 multis
3063 5208 3249 5270 postea
3273 5200 3580 5255 actionibus

410 5290 433 5322 ³
466 5288 537 5343 lll
562 5289 696 5361 Reg.
728 5308 847 5358 vm,
878 5292 984 5361 46;
1017 5292 1063 5349 ll
1091 5295 1267 5352 Paral.
1297 5313 1371 5363 γι,
1403 5297 1505 5363 56;
1538 5296 1702 5353 Prov.
1731 5315 1824 5366 xx,
1856 5300 1890 5355 9

2003 5297 2163 5359 Joan.
2187 5315 2226 5354 ι.
2260 5298 2315 5353 8.

403 5406 523 5483 (15)
557 5407 762 5483 Λόγων
779 5404 865 5483 δέ.
900 5404 1092 5483 Medic.
1119 5409 1268 5472 cod.,
1296 5409 1453 5483 λόγον
1479 5411 1555 5464 δέ.
1581 5412 1756 5483 Atque
1794 5412 1898 5465 hoc

332 5477 504 5530 modo
548 5477 892 5539 scribendum
937 5478 1279 5533 existimasse
1321 5477 1571 5536 videntur
1608 5477 1700 5536 alii
1727 5483 1897 5536 inter-

332 5554 538 5620 pretes.
563 5545 798 5600 Joannes
833 5543 1086 5620 :Sernto,
1109 5562 1225 5620 non
1261 5550 1318 5603 in
1353 5552 1635 5620 principio.
1664 5552 1753 5607 sed
1781 5568 1900 5620 cum

332 5618 404 5669 ad
440 5617 635 5671 calcem
658 5618 960 5685 pervenerit,
989 5616 1289 5671 laudandus
1315 5616 1409 5673 est.
1439 5616 1716 5677 Musonius
1742 5638 1753 5671 :
1780 5619 1901 5676 Ser-

333 5687 804 5808 mqncmntaudare
845 5689 1110 5753 convenit,
1158 5702 1260 5741 non
1312 5691 1369 5744 in
1416 5691 1662 5756 exordio,
1707 5692 1798 5747 sed
1847 5692 1899 5745 in

333 5770 396 5808 ca
422 5771 502 5808 ce.
576 5771 661 5808 nc.

329 5770 502 5810 calce.
532 5770 661 5811 UUC.

407 5824 524 5896 (16)
559 5825 950 5894 Φανερωτέρα.
997 5826 1075 5882 Ita
1122 5843 1257 5885 sane
1300 5829 1423 5886 cod.
1474 5830 1628 5888 card.
1674 5828 1899 5886 Lothar.

2009 5412 2114 5466 Sed
2148 5401 2337 5467 Billius
2385 5411 2677 5467 adnotarat
2719 5410 2772 5464 in
2805 5407 3048 5480 margine
3092 5404 3217 5459 libri
3253 5407 3361 5472 sui,
3392 5407 3579 5478 legen-
3636 5440 3639 5441 ν

2009 5480 2456 5553 (ἰυῐηψφανοτέρα.
2484 5480 2562 5553 In.
2606 5549 2620 5553 Α
2641 5550 2655 5553 _
2949 5547 2961 5553 _
2994 5548 3007 5553 _
3262 5546 3292 5553 ,,
3369 5537 3377 5548 .

2104 5546 2192 5619 17)
2229 5546 2479 5606 Τέλεὶον.
2510 5549 2679 5605 Codd.
2714 5564 2825 5615 reg.
2861 5559 2913 5604 et
2949 5547 3185 5619 'tjhuan,
3214 5546 3417 5619 τέλεον.
3447 5546 3523 5603 In.

2104 5555 2192 5619 17)
2229 5555 2479 5606 Τέλειον.
2510 5555 2679 5605 Codd.
2714 5564 2825 5615 reg.
2861 5559 2913 5604 et
2949 5555 3185 5610 'l'huan.,
3214 5555 3417 5600 τέλεον.
3448 5555 3523 5603 In.

2079 5555 2191 5692 (18)
2222 5622 2570 5690 Διηνέχθην.
2615 5618 2926 5692 Ms._'_Med.,
2970 5616 3251 5689 δηνέχθην.
3306 5616 3371 5670 Et
3417 5622 3580 5687 paulo

2006 5689 2157 5763 ppSt,
2174 5689 2336 5763 ’χεῖρα
2360 5692 2415 5744 δὲ
2439 5692 2579 5763 χειρὶ
2612 5689 2910 5763 συνάρασα.
3047 5756 3068 5763 _
3208 5704 3209 5707 ‘

2030 5752 2041 5773 ί
2080 5752 2347 5830 (19ΪΤῆν
2389 5752 2661 5833 γῦτιὶῐθςα,
2698 5756 3249 5833 γῆν-τινᾳηιοευιιι
3290 5772 3413 5833 esse
3456 5774 3608 5833 _cor-.

2008 5826 2231 5901 ruptum
2279 5826 2409 5888 olim
2462 5826 2768 5901 pet-viderat
2815 5828 3116 5885 Cotelerius
3166 5828 3238 5883 ad
3283 5826 3576 5885 constituit.
