4090 6374
495 409 516 461 ι
527 409 632 462 007

1619 407 1676 463 5.
1717 407 2046 463 GRFGORH
2088 406 2271 463 THAII
2284 407 2326 460 Μ
2339 405 2599 463 ATl'RGl

3603 411 3737 465 1008

492 528 558 579 ad
587 526 880 594 regerenda
929 527 1168 582 convicia
1219 527 1332 596 ipse
1362 541 1580 596 quoque
1609 519 1919 581 abducaris.
1975 527 2046 580 24

2170 527 2380 595 Καρδία
2423 527 2519 596 μὲν
2562 526 2668 598 γὰρ
2713 526 2878 598 αὑτῆς
2925 527 3208 597 σαγηνεύει
3250 527 3373 591 τοὺς
3423 528 3735 599 παριόντας,

491 618 617 674 Haec
642 619 824 674 omnia
855 634 956 689 ego
991 635 1202 680 noram.
1237 619 1560 688 sapientiam
1588 635 1616 672 a
1648 618 1762 673 Deo
1794 633 2060 672 consecu—

492 722 621 766 tus:
649 725 755 780 qua
789 709 984 764 deinde
1024 710 1250 774 amissa,
1301 709 1390 762 25.
1424 707 1539 776 jam
1590 709 1694 762 mei
1723 708 1916 762 similis
1940 721 2062 762 esse

490 803 804 871 nequibam.
863 799 953 854 26.
986 799 1262 870 Sapientia
1314 799 1458 854 enim
1504 814 1534 853 a
1579 815 1665 854 me
1704 801 1758 853 in
1793 798 2058 854 infinitam

490 891 884 963 longitudinem
908 890 1066 961 fugit,
1090 900 1144 945 et
1170 891 1224 944 in
1252 891 1570 945 immensam
1600 890 2021 960 profunditatem
2044 905 2064 943 ξ

487 995 547 1039 ut
587 985 720 1039 mihi
759 999 880 1038 eam
917 984 1160 1052 arripere
1201 984 1342 1038 ultra
1371 999 1480 1036 non
1508 982 1714 1037 liceret.
1775 980 1955 1047 Quare
1993 980 2062 1034 ab

485 1092 549 1130 ea
592 1090 812 1145 quoque
862 1075 1188 1144 inquirenda
1237 1075 1465 1129 omnino
1495 1073 1738 1128 abstinui
1781 1091 1794 1126 :
1838 1073 2061 1141 jamque

489 1182 591 1222 nec
627 1167 682 1220 in
714 1166 897 1221 animo
921 1167 1186 1221 habebam
1233 1165 1522 1235 impiorum
1553 1164 1820 1218 amentias
1845 1171 1899 1216 et
1924 1175 2061 1216 vana

489 1257 749 1322 consilia,
801 1239 1319 1327 vitantque'misere
1363 1257 1632 1326 palantem
1684 1257 2054 1312 considerare.

483 1349 574 1402 27.
608 1346 700 1402 Sic
724 1355 904 1402 autem
935 1349 1117 1402 animo
1143 1349 1473 1402 constitutus
1495 1388 1509 1411 ,
1543 1349 1595 1401 in
1625 1349 1738 1402 haec
1767 1349 2058 1403 devolutus

485 1455 605 1493 sum
650 1457 663 1494 :
705 1455 770 1494 ac
796 1439 1076 1494 mortifera
1124 1441 1419 1509 cupiditate
1446 1449 1748 1508 correptus,
1776 1439 2058 1492 mulierem

484 1529 749 1598 cognovi.
789 1530 893 1584 hoc
940 1539 1043 1594 est,
1087 1540 1286 1583 terram
1333 1531 1660 1600 quamdam,
1713 1537 1808 1582 aut
1849 1528 1896 1582 si
1931 1526 2061 1596 quid

2160 619 2303 688 χειρὶ
2354 617 2408 671 δὲ
2457 621 2612 687 χεῖρα
2647 619 2926 688 συνάψασα
2970 621 3154 690 μόνον,
3192 620 3410 690 κατέχει
3459 621 3492 691 ἢ
3529 621 3577 673 εί
3625 619 3735 691 (20)

2159 707 2377 776 δεσμοῖς
2425 706 2821 777 περιϐάλλουσα
2863 703 3032 762 εἷλκε.
3066 710 3237 773 Μόνος
3265 711 3308 762 δ’
3335 712 3401 763 ἂν
3430 711 3525 764 ἀπ’
3561 711 3733 780 αὑτῆς

2164 798 2438 868 ρυσθείης,
2469 798 2558 851 τὸν
2603 797 2734 851 Θεὸν
2763 799 2888 853 ἵλεω
2937 801 3028 854 καὶ
3073 802 3313 872 ἐπόπτην
3358 802 3622 874 ἐσχηκώς
3657 802 3736 866 ὡς

2161 889 2190 942 δ
2224 905 2285 956 γε
2317 889 2560 960 ἁμαρτίᾳ
2584 889 2972 960 δεδουλωμένος
2997 891 3096 944 οὑκ
3120 893 3185 946 ἂν
3214 893 3460 962 ἐκφύγοι.
3487 895 3735 965 Ζητήσας

2161 978 2206 1030 δ’
2237 976 2345 1046 ἐγὼ
2379 979 2466 1030 διὰ
2501 979 2688 1032 πασῶν
2713 981 2985 1048 γυναικῶν
3028 983 3374 1054 σωφροσύνην
3412 985 3616 1050 αὑτῶν,
3647 979 3738 1039 εὗ-

2169 1085 2260 1138 ρον
2299 1071 2357 1122 ἐν
2387 1069 2630 1140 οὐδεμιᾷ.
2664 1072 2773 1123 Καὶ
2811 1071 2976 1143 ἄνδρα
3008 1073 3106 1143 μέν
3133 1092 3217 1138 τις
3259 1075 3318 1126 ἐν
3360 1073 3552 1144 χιλίοις
3579 1076 3733 1146 γνοίη

2159 1160 2230 1212 ἂν
2279 1159 2550 1231 σώφρονα,
2602 1163 2833 1228 γυναῖκα
2879 1162 2935 1215 δὲ
2979 1163 3061 1216 οὑ.
3109 1164 3423 1234 Κατενόησα
3455 1165 3510 1218 δέ
3559 1166 3734 1236 ἐκεῖνο

2163 1249 2416 1320 μάλιστα,
2456 1249 2538 1301 ὅτι
2573 1249 2848 1321 ἄνθρωποι
2879 1253 2983 1305 ὑπὸ
3029 1253 3164 1308 Θεοῦ
3197 1253 3357 1308 ἁπλοῖ
3384 1257 3502 1319 ταῖς
3532 1255 3732 1325 ψυχαῖς

2158 1341 2434 1411 γενόμενοι
2467 1341 2599 1411 (21),
2635 1343 2845 1407 ἑαυτοῖς
2878 1344 3213 1398 ἐπισπῶνται
3237 1345 3527 1416 λογισμοὺς
3556 1347 3732 1398 1:0th-

2157 1434 2282 1498 λους
2326 1435 2418 1487 καὶ
2473 1432 2727 1505 ζητήσεις
2771 1423 3135 1507 ἀπεράντους,
3185 1439 3278 1490 καὶ
3319 1441 3508 1508 σοφίαν
3549 1437 3734 1511 ζητεῖν

2160 1525 2634 1597 προσποιούμενοι,
2673 1527 2802 1598 περὶ
2837 1531 3077 1598 ῥημάτια
3101 1532 3532 1602 κατατρίϐονται.

483 1620 625 1682 aliud
653 1631 736 1675 est
763 1622 1097 1690 hujusmodi.
1148 1621 1254 1675 Cor
1285 1621 1484 1676 etenim
1522 1621 1641 1691 ejus
1691 1628 2134 1690 pertranseuntes
2187 1619 2388 1683 irrctit;
2435 1634 2498 1672 ac
2543 1623 2589 1672 si
2645 1620 2729 1674 vel
2775 1636 2996 1674 manum
3047 1630 3254 1676 tantum
3308 1624 3492 1677 manui
3523 1639 3728 1678 conne-

483 1714 682 1778 xuerit,
719 1729 827 1768 non
861 1714 1042 1768 minus
1075 1714 1261 1769 stricte
1304 1715 1518 1778 retinet,
1556 1728 1722 1783 quam
1768 1713 1815 1769 si
1857 1711 2091 1766 vinculis
2123 1711 2448 1764 constrictos
2488 1709 2742 1767 traheret.
2792 1710 2916 1767 Nec
2960 1728 3088 1767 vero
3131 1713 3200 1767 ab
3223 1730 3284 1768 ea
3315 1715 3468 1769 aliter
3508 1715 3727 1769 liberari

479 1825 670 1877 queas,
703 1825 866 1878 quam
895 1811 1062 1863 Deum
1087 1811 1382 1880 propitium
1415 1827 1478 1866 ac
1509 1811 1740 1881 benigno
1792 1808 1952 1864 oculo
2011 1808 2308 1891 intuentem
2355 1816 2547 1861 nactus

2608 1827 2623 1862 :
2679 1823 2804 1862 nam
2849 1811 2942 1878 qui
3006 1811 3210 1878 pet-cati
3239 1811 3499 1865 servitute
3527 1813 3729 1882 premi-
3809 1802 3812 1803 ν

485 1913 606 1969 tur,
652 1905 1071 1974 haudquaquam
1120 1906 1388 1976 effugerit.
1430 1907 1519 1960 28.
1575 1905 1748 1961 Porro
1797 1920 1920 1959 cum
1960 1919 2056 1974 per
2107 1917 2294 1956 omnes
2347 1902 2600 1956 mulieres
2654 1902 2970 1971 pudicitiam
3017 1919 3203 1957 earum
3235 1907 3636 1973 qumsivissem,
3672 1906 3729 1959 in

483 1998 632 2051 nulla
698 1999 895 2068 reperi.
937 1998 1028 2054 29.
1060 1999 1138 2054 Ac
1198 2000 1375 2053 virum
1437 2000 1653 2069 quidem
1705 1998 1964 2069 pudicitia
2024 2005 2298 2058 ornatum,
2344 1994 2484 2048 inter
2527 1995 2673 2048 mille
2730 1994 2958 2051 fortasse
3005 1999 3385 2066 perspexeris;
3445 1999 3725 2052 mulierem

484 2100 668 2144 autem
700 2089 943 2144 minimc.
1013 2091 1101 2145 50.
1139 2089 1272 2145 Illud
1335 2109 1463 2148 vero
1521 2093 1759 2146 maxime
1803 2088 2197 2152 animadverti,
2239 2087 2382 2155 quod
2429 2087 2678 2141 homines
2727 2089 2926 2144 animis
2973 2091 3317 2163 simplices_a
3363 2089 3473 2144 Deo
3529 2095 3717 2153 creati,

477 2182 658 2234 varias
683 2181 1040 2249 cogitationes
1071 2183 1411 2252 rationisque
1473 2184 1754 2238 discursus
1802 2181 1905 2236 sibi
1955 2180 2088 2249 ipsis
2120 2178 2397 2232 attrahunt
2453 2186 2614 2248 atque
2672 2178 2909 2234 infinitas
2945 2179 3306 2249 quaestiones;
3343 2179 3728 2250 sapientiaeque

479 2270 886 2340 inquisitionem
915 2272 1248 2342 profitentes,
1272 2276 1416 2329 circa
1441 2277 1800 2331 dictiunculas
1827 2285 2038 2344 tempus
2066 2279 2263 2326 terunt.

1050 2368 1279 2424 CAPUT
1356 2371 1490 2428 VIII.
2085 2375 2126 2430 Β

549 2459 827 2530 Sapientia
867 2469 1089 2528 autem,
1159 2477 1285 2518 eum.
1339 2465 1394 2518 in
1445 2465 1666 2518 homine
1714 2465 2049 2533 exploratur,

477 2552 654 2620 ipsum
681 2568 898 2622 quoque
930 2552 1136 2608 domini
1165 2554 1372 2608 vultum
1426 2556 1707 2623 splendore
1733 2556 2053 2626 perfundere

477 2645 720 2699 cernitur
755 2662 769 2698 :
801 2645 1256 2713 quemadmodum
1291 2656 1481 2700 contra
1503 2687 1518 2710 ,
1568 2648 1899 2717 impudentia
1925 2663 2048 2702 eum

477 2736 532 2788 in
562 2751 674 2804 quo
701 2734 1038 2788 domicilium
1075 2736 1271 2800 habet,
1315 2739 1496 2791 statim
1531 2747 1589 2790 ut
1618 2739 1769 2793 visus
1795 2749 1898 2802 est,
1927 2738 2052 2793 odio

477 2827 702 2895 dignum
731 2840 852 2879 esse
875 2825 1142 2895 coarguit.
1181 2827 1234 2879 2.
1272 2825 1433 2895 Regis
1455 2827 1799 2882 sermonibus
1822 2827 2051 2896 diligen-

477 2927 558 2971 ter
587 2916 867 2969 advertere
886 2916 1159 2982 convenit,
1195 2931 1257 2970 ac
1283 2916 1665 2986 jusjurandum
1699 2917 1849 2971 omni
1880 2918 2049 2972 ratio-

477 3022 546 3062 ne
589 3006 798 3076 fugere,
846 3006 1009 3075 idque
1047 3011 1368 3076 praesertim,
1409 3009 1554 3078 quod
1609 3009 1662 3061 in
1707 3007 1799 3062 Dei
1851 3024 2047 3063 nomen

475 3095 802 3164 concipitur.
839 3095 892 3148 5.
927 3094 1147 3148 Interim
1173 3105 1353 3150 tamen
1380 3113 1593 3166 wquum
1626 3097 1789 3152 fuerit
1813 3099 2050 3166 sermoni

479 3189 624 3243 malo
675 3188 986 3253 imminere;
1041 3203 1228 3242 verum
1272 3204 1498 3254 cavere,
1548 3205 1616 3245 ne
1659 3191 2048 3261 blasphemiam

473 3283 640 3337 ullam
683 3282 737 3336 in
792 3281 1084 3336 Dominum
1135 3282 1497 3337 eﬂundamus.
1561 3281 1678 3338 Non
1719 3286 1862 3338 enim
1893 3286 1960 3338 de
1985 3299 2052 3338 eo

473 3389 691 3442 poenam
722 3373 962 3442 aliquam
1003 3374 1276 3444 inlligente
1320 3376 1475 3444 queri
1510 3374 1728 3441 licebit;
1759 3391 1858 3430 nec
1890 3377 2052 3432 unius

389 3525 392 3528 ,
476 3464 621 3518 illius
670 3463 883 3518 Domini
912 3476 967 3518 et
993 3465 1135 3533 regis
1167 3465 1378 3534 placitis
1423 3467 1705 3521 obsistere.
1771 3467 1827 3522 4.
1860 3466 2052 3524 Melius

476 3563 658 3608 autem
707 3565 762 3608 et
793 3555 1192 3612 conducibilius
1240 3557 1436 3622 fuerit,
1484 3559 1845 3613 sacrosanctis
1897 3575 2052 3614 man-

475 3646 618 3699 datis
667 3647 1136 3716 acquiescentem,
1184 3648 1254 3702 ab
1285 3649 1545 3718 improbis
1593 3650 1934 3705 sermonibus
1965 3666 2047 3705 re-

477 3738 704 3792 moveri.
762 3738 817 3792 5.
863 3737 1133 3794 Cordatus
1182 3740 1328 3793 enim
1373 3739 1456 3793 vir
1500 3741 1875 3809 tempestivum
1912 3742 2042 3796 illud
2086 3751 2089 3753 '

471 3829 738 3900 judicium
771 3829 979 3899 justum
1013 3829 1129 3884 fore
1158 3831 1260 3885 scit
1291 3839 1452 3900 atque
1495 3834 1804 3902 praenoscit.
1844 3832 2044 3888 Omnes

475 3922 622 3974 enim
649 3921 773 3976 vitae
808 3921 1060 3975 humanae
1089 3935 1176 3974 res
1203 3935 1493 3989 supernam
1533 3936 1750 3992 penam
1777 3932 1998 3976 manent
2025 3939 2040 3975 :
2071 3907 2078 3916 “

472 4020 524 4074 6.
563 4012 768 4068 Verum
811 4013 1094 4082 improbus
1135 4013 1299 4066 haud
1323 4013 1614 4068 admodum
1645 4015 1784 4068 scire
1809 4015 2042 4080 videtur,

473 4107 617 4176 quod
648 4121 772 4160 cum
806 4105 976 4159 multa
1010 4119 1171 4172 super
1203 4119 1262 4158 se
1286 4103 1380 4158 Dei
1413 4103 1746 4173 providentia
1781 4106 1871 4169 sit,
1909 4107 2042 4160 nihil

475 4212 700 4265 prorsus
737 4197 790 4250 in
816 4205 1094 4265 posterum
1125 4195 1332 4249 latebit.
1377 4194 1430 4249 7.
1463 4194 1579 4250 Non
1601 4197 1745 4250 enim
1775 4198 1895 4260 scit,
1923 4213 2044 4266 quas

475 4297 659 4356 postea
682 4288 862 4342 futura
893 4297 1040 4341 sunt.
1082 4286 1266 4357 Neque
1287 4287 1574 4357 quisquam
1598 4295 1701 4351 est,
1725 4287 1816 4357 qui
1839 4289 2041 4357 aliquid
2104 4307 2112 4320 ι

2741 2367 2986 2420 ΚΕΦΑΛ.
3032 2369 3111 2420 Η¹.

2221 2456 2388 2525 Σοφία
2421 2456 2474 2508 δὲ
2517 2457 2574 2508 ἐν
2591 2455 2860 2528 ἀνθρώπῳ
2895 2457 3280 2530 ἐξεταζομένη,
3312 2459 3404 2512 καὶ
3431 2458 3518 2512 διὰ
3554 2476 3723 2531 προσ-

2151 2547 2301 2600 ώπου
2351 2549 2602 2618 φαίνεται
2647 2549 2949 2618 φωτίζουσα
3003 2551 3093 2604 τὸν
3136 2551 3504 2622 κεκτημένον
3535 2551 3725 2625 ῶσπερ

2149 2635 2242 2692 οὖν
2282 2640 2555 2704 ἀναίδεια,
2608 2641 2798 2710 μίσους
2843 2641 3003 2705 εὐθὺς
3044 2643 3274 2712 ὀφθέντα
3323 2645 3471 2708 ἀξιον
3516 2647 3724 2698 ἐκεῖνον

2149 2729 2393 2800 ἐλέγχει,
2425 2723 2579 2802 ᾧπερ
2607 2729 2868 2802 ἐνῴκησε.
2902 2733 3049 2786 Πάνυ
3077 2734 3133 2786 δὲ
3167 2735 3270 2807 χρὴ
3305 2736 3576 2807 ἐπιμελῶς
3608 2741 3722 2800 τοῖς

2150 2818 2244 2872 τοῦ
2281 2820 2539 2889 βασιλέως
2581 2821 2866 2894 προσέχειν
2899 2822 3074 2892 λόγοις
3097 2864 3111 2888 ,
3141 2826 3300 2896 ὅρκον
3330 2826 3386 2879 δέ
3426 2830 3490 2881 ἐκ
3521 2829 3722 2891 παντὸς

2148 2913 2350 2987 τρόπου
2384 2912 2622 2982 φεύγειν,
2675 2913 2905 2984 μάλιστα
2952 2915 3044 2968 τὸν
3076 2917 3152 2980 είς
3185 2915 3318 2970 Θεοῦ
3358 2917 3528 2989 ὄνομα
3576 2921 3723 2988 γινό-

2154 3020 2330 3074 μενον.
2371 3004 2717 3074 Ἐφίστασθαι
2745 3005 2799 3058 δέ
2827 3007 2974 3076 ὅμως
3001 3009 3263 3079 προσήκει
3289 3007 3430 3081 λόγῳ
3465 3011 3718 3083 πονηρῷ’

2151 3095 2287 3147 ἀλλά
2337 3096 2700 3165 φυλάσσεσθαι
2765 3098 2978 3152 ἅπασαν
3029 3100 3126 3169 τὴν
3173 3102 3251 3163 είς
3293 3101 3384 3154 τὸν
3445 3104 3722 3175 Δεσπότην

2153 3185 2517 3258 βλασφημίαν.
2568 3189 2642 3242 Οὐ
2687 3187 2796 3260 γὰρ
2847 3189 2910 3260 δὴ
2938 3191 3254 3264 *ἐπάγοντὸς
3301 3210 3353 3246 τι
3411 3195 3722 3264 μέμφεσθαι

2153 3278 2419 3350 ὑπάρξει,
2466 3280 2586 3332 οὐδὲ
2627 3258 3080 3348 ἀντιλέγεινἋοῖς
3111 3282 3204 3335 τοῦ
3253 3284 3412 3354 μόνου
3461 3286 3719 3340 δυνάστου

2129 3370 2244 3422 διαὶ
2277 3370 2541 3439 βασιλέως
2577 3371 2825 3442 δόγμασι.
2860 3373 3075 3426 Βέλτιον
3103 3374 3180 3436 δὲ,
3215 3376 3307 3428 καὶ
3352 3376 3719 3431 λυσιτελέστε-

2127 3477 2246 3531 ορον
2285 3460 2589 3533 ἐμμένοντα
2629 3465 2748 3524 ταῖς
2778 3463 2951 3532 ἱεραῖς
2979 3463 3217 3527 ἐντολαῖς
3237 3503 3252 3528 ,
3285 3465 3457 3533 λόγων
3486 3466 3594 3518 τῶν
3624 3483 3720 3519 πο-

2149 3551 2326 3623 νηρῶν
2351 3552 2507 3614 ἐκτὸς
2537 3553 2883 3606 καθεστάναι.
2918 3555 3086 3624 Σοφὺς
3114 3556 3222 3626 γὰρ
3244 3556 3380 3627 ἀνὴρ
3431 3558 3716 3611 ἐπίσταται

2150 3645 2244 3697 καὶ
2276 3645 2639 3716 προγινώσκει
2671 3647 2768 3718 τὴν
2815 3649 2896 3710 είς
2941 3649 3131 3718 καιρὸν
3169 3647 3376 3720 κρίσιν,
3415 3650 3494 3702 δτι
3534 3649 3716 3702 δικαία

2148 3737 2320 3790 ἔσται.
2369 3737 2554 3792 Πάντα
2599 3738 2708 3809 γὰρ
2751 3739 2821 3793 τὰ
2882 3743 2940 3793 ἐν
2988 3739 3066 3812 τῷ
3114 3739 3212 3812 βίῳ
3263 3741 3368 3793 τῶν
3416 3741 3716 3814 ἀνθρώπων

2150 3828 2450 3899 πράγματα
2521 3830 2804 3900 περιμένει
2845 3831 2943 3902 τὴν
2972 3829 3176 3886 ἀνωθεν
3217 3833 3463 3885 κόλασιν·
3516 3834 3657 3905 πλὴν
3689 3834 3718 3887 δ

2148 3937 2211 3989 γε
2253 3920 2524 3992 πονηρὸς,
2567 3923 2628 3976 οὑ
2670 3923 2789 3976 λίαν
2829 3923 3116 3993 γινώσκειν
3145 3925 3363 3989 ἔοικεν,
3397 3927 3478 3980 ὅτι
3517 3927 3717 3998 πολλῆς

2149 4012 2236 4084 ἐπ’
2267 4011 2415 4082 αὑτῷ
2446 4011 2612 4083 οὑσης
2639 4014 2925 4084 προνοίας,
2957 4016 3110 4068 οὑδέν
3146 4016 3323 4069 ὁτιοῦν
3352 4019 3430 4080 είς
3466 4019 3525 4070 τὸ
3557 4019 3716 4089 μετέ·
3817 4082 3820 4086 _

2149 4119 2308 4155 πειτα
2339 4103 2586 4175 λήσεται.
2622 4106 2695 4157 Οὑ
2726 4105 2833 4176 γὰρ
2873 4102 2979 4158 οἶδε
3017 4106 3084 4159 τὰ
3130 4107 3380 4160 ἐπιόντα·
3427 4109 3576 4161 οὐδὲν
3607 4109 3717 4181 γὰρ

2148 4194 2327 4247 αὑτῶν
2379 4198 2499 4248 κατ’
2541 4194 2696 4259 ἀξίαν
2740 4213 2824 4260 τις
2874 4198 3188 4265 ἀναγγεῖλαι
3248 4199 3572 4270 δυνήσεται⁸
3633 4202 3712 4254 ὅτι

2145 4286 2242 4355 οὑχ
2273 4286 2444 4350 οὕτως
2472 4304 2554 4350 τις
2584 4287 2800 4357 ίσχυρδς
2822 4289 3069 4359 ὑπάρξει,
3095 4289 3170 4352 ὡς
3197 4290 3286 4341 τὸν
3315 4291 3715 4362 ἀφαιρούμενον

475 4394 661 4434 eorum
711 4394 808 4449 pro
837 4380 1098 4448 dignitate
1128 4395 1402 4449 exponere
1440 4386 1604 4448 queat
1634 4397 1648 4432 :
1683 4379 1737 4432 8.
1777 4382 2038 4451 quoniam

2148 4379 2240 4447 τὴν
2261 4378 2436 4450 ψυχὴν
2462 4381 2624 4433 αὑτοῦ
2653 4381 2877 4448 ἄγγελον
2911 4381 3148 4435 κωλῦσαι
3177 4382 3456 4445 δύνασθαι,
3479 4385 3599 4437 οὑδέ
3627 4402 3712 4448 τις

476 4489 636 4527 nemo
669 4475 835 4528 tantis
862 4474 1070 4528 viribus
1103 4472 1320 4529 futurus
1359 4482 1463 4538 est,
1510 4485 1571 4528 ut
1599 4477 1868 4543 angelum,
1919 4474 2041 4527 ani-

477 4580 620 4618 ntam
654 4564 824 4631 ipsius
847 4573 1278 4632 extorquentem,
1304 4579 1490 4619 arcere
1516 4580 1581 4619 ac
1606 4565 1888 4634 prohibere
1917 4579 2046 4633 pos-

477 4655 582 4721 sit;
613 4670 711 4708 nec
738 4669 827 4708 ars
855 4655 1080 4708 omnino
1103 4655 1212 4707 ulla
1244 4665 1297 4708 et
1329 4654 1530 4709 astutia
1565 4655 1888 4718 invenietur,
1920 4671 2041 4724 quas

477 4747 668 4801 mortis
695 4756 908 4815 tempus
933 4747 1177 4816 repellat,
1206 4761 1270 4800 ac
1301 4747 1446 4800 velut
1478 4747 1791 4815 exceptione
1820 4746 2042 4799 submo-

475 4845 598 4892 veat
627 4856 640 4891 :
673 4853 861 4891 verum
890 4837 1346 4906 quemadmodum
1379 4838 1432 4890 in
1463 4837 1642 4891 medio
1679 4838 1816 4891 bello
1842 4839 2037 4906 captis,

473 4930 599 5000 fuga
649 4931 829 4984 omnis
877 4931 1114 4998 undique
1165 4929 1425 4998 praeclusa
1470 4932 1825 5000 perspicitur,
1878 4940 2041 4999 atque

472 5022 651 5076 omnis
677 5019 914 5074 hominis
961 5020 1210 5088 impietas
1237 5019 1397 5073 simul
1431 5019 1588 5088 perit.
1662 5020 1714 5074 9.
1752 5020 2040 5076 Enimvero

472 5191 696 5260 apostol.
732 5191 826 5245 lib.
856 5207 894 5264 ι,
926 5207 1045 5260 cap.
1076 5188 1131 5264 8,
1166 5191 1258 5264 qui
1289 5202 1569 5261 pmpterea
1595 5195 1874 5264 legendum
1906 5213 2038 5251 con-

473 5264 722 5333 tendebat
758 5262 996 5331 σαγήνην
1023 5263 1164 5333 τινά.
1193 5260 1305 5315 Sed
1334 5260 1503 5333 magis
1538 5260 1710 5333 placet
1735 5270 2039 5322 emendatio

473 5331 710 5404 gengelii
761 5333 986 5404 lcg‘entis
1030 5332 1212 5401 πάγην
1245 5332 1400 5404 τινά,
1437 5336 1488 5386 in
1520 5331 1760 5404 notisad
1793 5337 2036 5404 Gregorii

473 5399 762 5454 Thaumat.
819 5399 1127 5469 Panegyrq'
1158 5399 1281 5470 pag.
1329 5403 1462 5468 174;
1505 5419 1627 5456 nam
1664 5403 1804 5456 LXX
1847 5399 1948 5461 hoc
1984 5410 2036 5460 in

474 5470 595 5544 loco
633 5471 1151 5544 _lta|)cnt6_r'}peutta,
1188 5473 1269 5525 vel
1313 5473 1630 5544 θηρεύματα
1669 5474 1822 5542 juxta
1857 5490 2040 5530 exem-

474 5542 590 5608 plar
619 5540 1064 5608 Alexandrinum.
1369 5540 1397 5544 ’⁷
1441 5552 1456 5569 ⁸

547 5607 660 5680 (ἓ2ρ)
690 5611 752 5660 Ἦ
781 5611 839 5680 ei
951 5609 1183 5680 κατέχει
1209 5609 1247 5677 ἢ
1277 5613 1348 5662 εὶ.
1377 5610 1606 5668 Locutio
1636 5614 1922 5680 peculiaris
1949 5633 2040 5670 no-

473 5678 572 5729 stri
601 5674 867 5744 Gregorii,
897 5679 988 5744 qui
1036 5674 1154 5732 eam
1198 5674 1361 5732 etiam
1409 5674 1657 5735 adhibuit
1686 5683 1826 5737 infra
1851 5685 1904 5737 in
1933 5702 2034 5739 suo

476 5744 737 5816 I’aitegyr.
768 5745 840 5795 ml
892 5744 1128 5813 Origen.,
1158 5764 1275 5814 cap.
1303 5750 1335 5800 6
1378 5759 1497 5816 post
1530 5753 1801 5816 medium;
1835 5759 1920 5808 ubi
1955 5758 2035 5809 sic

474 5815 702 5884 iegituus
735 5833 748 5867 ε
779 5816 850 5864 "il
882 5817 926 5867 εἰ
967 5817 1058 5868 καὶ
1096 5818 1242 5886 παρὰ
1279 5815 1483 5894 πάντας
1515 5820 1642 5884 ἴσως
1668 5815 1794 5886 τοὺς
1827 5825 1916 5877 νῦν
1941 5828 2034 5878 ἁν-

2140 4467 2274 4531 ὅλως
2305 4471 2522 4540 μέθοδος
2562 4471 2808 4542 εὑρεθείη
2851 4472 2916 4524 ἂν
2958 4473 3049 4526 τοῦ
3085 4475 3544 4547 παραγράψασθαι
3595 4494 3708 4540 πως

2141 4562 2230 4614 τὸν
2254 4562 2441 4638 καιρὸν
2461 4563 2557 4633 τῆς
2577 4562 2848 4633 τελευτῆς·
2875 4564 2987 4616 ἀλλ’
3014 4563 3199 4636 ὥσπερ
3227 4567 3283 4617 ἐν
3316 4565 3531 4636 πολέμῳ
3561 4567 3709 4638 μέσῳ

2139 4632 2405 4734 ληφθξεντα
2427 4691 2443 4716 ,
2467 4632 2695 4719 ’ἄφυκτα
2737 4632 3072 4723 πανταχόθεν
3114 4632 3259 4707 ἐστιν
3292 4657 3422 4726 δρᾷν
3439 4632 3460 4718 ,1
3489 4632 3709 4712 ἀσέϐεια

2139 4739 2194 4792 δέ
2235 4741 2380 4791 πᾶσα
2419 4740 2702 4811 ἀνθρώπου
2744 4743 3134 4809 συνεξόλλυται.
3168 4747 3274 4798 Καὶ
3323 4747 3708 4818 ἐκπέπληγμαι

2139 4829 2213 4891 δὲ,
2249 4829 2396 4901 ὁπότ’
2425 4830 2490 4882 ἂν
2518 4831 2692 4884 ἀπίδω
2738 4828 2824 4886 οἷα
2853 4836 2944 4887 καὶ
2989 4835 3091 4888 ὅσα
3120 4837 3199 4895 εἰς
3233 4835 3436 4906 βλάϐην
3467 4832 3574 4889 τῶν
3613 4841 3696 4891 πέο

2140 4917 2236 4980 λας
2279 4917 2553 4988 ἄνθρωποι
2593 4922 3088 4994 ἐπιτετηδεὺκασιν.
3138 4925 3459 4995 Ἐπίσταμαι
3490 4927 3545 4979 δὲ
3576 4944 3709 4998 προ-

2141 5011 2618 5082 αναρπαζομένους
2647 5014 2854 5068 ἐνθένδε
2887 5017 3012 5078 τοὺς
3033 5016 3249 5081 ἀσεϐεῖς
3270 5018 3363 5071 καὶ
3393 5021 3704 5088 γινομένους

2141 5206 2390 5278 θρώπους
2415 5211 2562 5281 αὑτῷ
2597 5211 3113 5286 μόνῳηέδωρήσατο,
3139 5233 3192 5269 κ.
3221 5233 3272 5269 τ.
3313 5215 3360 5268 λ.
3397 5216 3573 5284 Adjici
3602 5217 3705 5272 hoc

2140 5289 2323 5357 potest
2341 5285 2673 5357 argumentis
2702 5284 2844 5357 illis.
2875 5284 3082 5357 Quibus
3112 5289 3388 5357 probatur,
3432 5303 3537 5340 non
3573 5289 3708 5341 alte-

2142 5349 2256 5423 rius
2286 5347 2526 5423 Gregorii
2550 5367 2670 5405 esse
2702 5353 2838 5407 hanc
2864 5347 3224 5423 Metaphrusin
3250 5357 3304 5408 in
3327 5347 3701 5410 Ecclesiasten.

2141 5417 2420 5491 Beitgelius
2448 5422 2566 5476 loco
2602 5423 2763 5474 modo
2791 5417 3024 5491 laudato:
3711 5476 3716 5482 .
3791 5425 3800 5430 ζ

2212 5487 2324 5565 (2:1)
2373 5491 2690 5565 Ἄνθρωποι
2734 5493 2852 5565 ὑπό
2900 5487 3044 5548 Θεοῦ
3089 5495 3278 5550 ἁπλοῖ
3310 5495 3438 5562 ταῖς
3477 5495 3704 5565 ψυχαῖς

2138 5559 2478 5632 γενόμενοι.
2532 5559 2648 5632 llue
2695 5563 2928 5629 pertinet
2971 5568 3114 5632 quod
3160 5567 3321 5621 habet
3373 5559 3511 5619 infra
3560 5559 3702 5620 idem

2141 5627 2434 5705 Gregorius
2470 5627 2812 5705 in_Paneyyr_.
2840 5635 2908 5685 ad
2943 5627 3182 5705 Oi‘igen.,
3231 5651 3351 5705 cap.
3382 5635 3410 5688 7
3445 5637 3547 5690 sub
3579 5635 3698 5698 θη..

2139 5695 2202 5818 ib
2215 5695 2422 5823 (μιξρέ
2451 5698 2606 5823 Tagae
2638 5695 2850 5754 καλόύκ
2877 5695 3437 5778 ἀνάγκναῖονμάθ-ημα.
3459 5695 3702 5778 8213901.,

2166 5803 2178 5816 .
2215 5782 2264 5818 c.
2300 5782 2422 5837 pag.
2457 5782 2574 5823 ιδδ.
