4090 6368
348 385 370 438 4
381 385 482 438 009

1390 392 1576 448 ΜΕΤΑ
1587 392 1769 446 PHRA
1778 392 1882 447 SIS
1917 391 1985 446 IN
2026 393 2153 448 ECC
2162 390 2353 446 ωειλ
2363 391 2446 447 ST
2456 390 2540 445 ΕΝ
2549 435 2562 446 .

3445 390 3590 446 1010

346 499 408 550 ἐκ
440 497 651 563 ποδῶν,
698 499 810 552 ἀνθ’
858 493 933 554 ὧν
967 502 1190 567 ἑαυτοὺς
1231 503 1548 576 ματαιότητι
1592 505 1909 564 δεδώκεσαν.

2015 507 2229 577 quoties
2257 507 2594 575 contemplor
2636 521 2757 576 quae
2783 513 2838 560 et
2866 515 3068 576 quanta
3091 505 3351 560 mortales
3380 505 3432 558 in
3462 521 3588 574 pro--

358 589 571 662 Ἑπειδὴ
597 592 706 664 γὰρ
737 594 835 647 ούκ
859 596 941 661 ἐφ’
969 595 1222 648 ἀπάντων
1257 597 1574 669 μετέρχεται
1603 600 1635 668 ή
1665 599 1756 652 τοῦ
1780 598 1914 651 Θεοῦ

347 684 571 755 πρόνοια
619 685 785 750 ὀξέως
833 688 920 742 διὰ
965 689 1061 760 τὴν
1132 691 1329 762 πολλὴν
1377 691 1740 756 ἀνεξικακίαν,
1795 691 1915 744 οὐδὲ

345 776 656 847 παραυτίκα
679 784 997 850 τιμωρεῖται
1021 783 1112 835 ἐπὶ
1140 787 1260 846 ταῖς
1288 785 1390 854 πλη
1401 785 1703 854 μμελείαις,
1727 783 1913 835 τούτου

345 869 504 939 χάριν
551 871 720 922 οῖεται
764 871 873 924 δεῖν
913 874 943 926 6
984 875 1217 945 πονηρὸς
1263 875 1400 946 ἀνὴρ
1447 874 1781 946 ἁμαρτάνειν
1826 875 1916 926 ἐπὶ⁵

345 959 528 1012 πλεῖον
547 1001 564 1025 ,
595 961 670 1024 ώς
699 961 876 1026 ἀθῶος
923 965 1244 1029 ἀπαλλάξων
1269 983 1282 995 ο
1313 968 1375 1018 ού
1413 967 1614 1028 συνιεὶς
1636 1004 1650 1025 ,
1698 965 1780 1017 ὅτι
1823 966 1916 1018 καὶ

346 1052 485 1121 μετα
509 1052 799 1122 πάμπολυν
827 1056 1016 1126 χρόνον
1048 1056 1312 1128 ἀδικήσας
1339 1058 1401 1111 οὐ
1435 1057 1654 1126 λήσεται
1673 1074 1685 1086 ο
1714 1057 1915 1124 ἀγαθόν

343 1158 404 1210 γε
442 1143 548 1212 μὴν
573 1144 865 1213 μέγιστον,
905 1147 1245 1201 εὐλαϐεῖσθαι
1288 1148 1448 1201 Θεόν·
1506 1145 1674 1218 οὗπερ
1716 1148 1917 1217 ἀσεϐὴς

345 1233 628 1299 ἐκπεσὼν,
661 1237 723 1290 ού
768 1237 932 1290 πολὺν
976 1239 1162 1310 χρόνον
1202 1243 1267 1310 τῇ
1303 1240 1496 1293 ἑαυτοῦ
1532 1240 1712 1311 μωρίᾳ
1744 1257 1915 1292 κατα-

345 1326 623 1395 χρήσεται.
643 1328 900 1398 Χειρίστη
925 1330 980 1383 δὲ
1006 1331 1097 1382 καὶ
1127 1331 1429 1402 ἐψευσμένη
1452 1331 1577 1396 δόξα
1601 1330 1916 1404 ἀνθρώπους

287 1478 294 1488 ι
343 1417 661 1488 ἐπινέμεται
691 1420 981 1488 πολλάκις,
1016 1424 1141 1492 περί
1188 1440 1247 1476 τε
1285 1424 1510 1476 δικαίων
1554 1425 1646 1490 καὶ
1696 1407 1914 1492 ᾆδίκων.

354 1507 824 1586 ’Υπολαμσάνουσι
866 1511 976 1584 γὰρ
1016 1515 1144 1584 περὶ
1188 1515 1461 1586 ἑκατέρων
1492 1503 1778 1567 τάναντία·
1822 1513 1916 1568 καὶ

342 1598 548 1664 δίκαιός
782 1602 876 1666 ὢν,
903 1580 964 1657 ού
992 1580 1230 1669 τοιοῦτος
1259 1580 1404 1672 ἔδοξε
1422 1623 1436 1636 ·
1473 1607 1568 1660 καὶ
1599 1607 1757 1660 πάλιν
1790 1607 1917 1660 ἀσε-

345 1690 478 1762 ϐὴς,
522 1690 748 1764 ἔμφρων
780 1695 1056 1767 ἐνομίσθη.
1091 1697 1304 1770 Ταύτην
1334 1690 1507 1767 ἔγωγε
1566 1701 1665 1769 τὴν
1710 1699 1916 1768 πλάνην

343 1783 586 1854 χαλεπὴν
621 1787 679 1837 ἐν
710 1789 822 1849 τοῖς
855 1787 1087 1856 μάλιστα
1117 1788 1354 1860 τίθεμαι.
1391 1789 1582 1856 Ἔδοξα
1609 1790 1666 1842 δέ
1693 1806 1820 1842 ποτε
1853 1789 1916 1842 τὸ

343 1874 599 1944 μέγιστον
627 1876 734 1930 τῶν
781 1879 998 1946 ἀγαθῶν
1042 1879 1242 1951 βρῶσιν
1281 1877 1420 1934 εἶναι
1469 1882 1561 1935 καὶ
1591 1881 1747 1934 πόσιν
1767 1897 1782 1911 θ
1813 1880 1912 1934 κά-

340 1969 518 2021 κεῖνον
567 1968 972 2038 θεοφιλέστατον
994 2011 1010 2035 ,
1055 1971 1113 2035 ὃς
1143 1972 1208 2026 ἂν
1236 1971 1438 2026 τούτων
1470 1971 1716 2045 ἀπολαύῃ
1763 1972 1912 2043 παρὰ

337 2061 432 2112 τὸν
459 2060 574 2130 βίον
603 2062 714 2131 (‘22)
739 2103 754 2127 ,
782 2061 857 2126 ώς
887 2057 996 2116 οἷόν
1026 2079 1104 2116 τε·
1140 2063 1372 2133 μάλιστα
1391 2081 1404 2094 ·
1441 2064 1535 2117 καὶ
1563 2063 1911 2135 παραμυθίαν

336 2153 441 2222 τῆς
469 2152 614 2223 ζωῆς
639 2196 652 2218 ,
687 2155 785 2225 τὴν
813 2155 1064 2226 τοιαύτην
1092 2156 1353 2228 εὐθυμίαν
1392 2157 1561 2227 μόνην
1592 2155 1906 2226 ήγησάμηνο

335 2245 434 2298 καὶ
451 2245 629 2299 τοίνυν
653 2250 936 2318 προσεῖχον
961 2248 1346 2322 ούδενὶέτέρῳ,
1369 2247 1401 2317 ἢ
1422 2250 1492 2322 τῇ
1513 2249 1690 2318 οίήσει
1717 2246 1910 2318 ταύτῃ,

333 2337 415 2400 ὡς
447 2339 582 2408 μήτε
608 2339 818 2412 νύκτωρ
845 2342 980 2411 μήτε
1013 2320 1328 2420 μεθηίμέραν
1347 2320 1621 2403 ἀπάντων,
1649 2341 1748 2392 ὅσα
1779 2339 1912 2410 πρὸς

331 2431 549 2500 τρυφὴν
565 2430 870 2502 ἀνθρώποις
895 2421 1144 2504 εὕρηταί,
1165 2432 1402 2504 ἐμαυτὸν
1432 2431 1683 2500 ἀπάγειν.
1702 2431 1913 2492 Ἔγνων

329 2537 396 2574 τε
430 2521 712 2587 τοσοῦτον,
741 2523 822 2576 ὅτι
849 2525 907 2576 ἐν
937 2524 1164 2588 ἐκείνοις
1217 2515 1303 2588 τι,
1347 2523 1632 2594 ὲμφύρων,
1667 2519 1916 2590 οὐδαμῶς

328 2611 658 2683 δυνήσεται,
693 2615 812 2669 οὐδὲ
855 2617 1024 2670 πολλά
1067 2601 1362 2688 μοχθήσας,
1407 2616 1582 2686 εὑρεῖν
1650 2613 1712 2666 τδ
1743 2613 1910 2674 δντως

329 2705 564 2774 ἀγαθόν.

2017 601 2288 653 ximorum
2334 598 2629 668 perniciem
2657 597 2903 652 studiose
2927 600 3267 667 cogitarunt,
3315 605 3459 650 totus
3486 597 3586 650 oh-

2017 700 2291 758 stupesco.
2322 690 2408 743 10.
2437 687 2569 743 Illud
2597 689 2814 758 quidem
2847 696 3185 758 compertum
3217 689 3411 751 habeo,
3438 688 3588 756 prius

2015 796 2233 851 quoque
2259 797 2327 836 ex
2359 782 2461 836 hac
2485 782 2594 834 vita
2627 781 2799 849 abripi
2827 779 3021 848 impios
3053 794 3116 834 ac
3151 780 3216 832 de
3249 779 3424 832 medio
3449 778 3586 844 tolli,

2015 884 2080 926 eo
2111 871 2258 940 quod
2293 871 2520 925 vanitati
2544 887 2603 926 se
2631 871 2777 942 ipsos
2811 873 3152 926 dediderunt.
3193 869 3276 922 ll.
3314 868 3586 934 Quoniam

2015 963 2159 1016 enim
2193 961 2287 1016 Dei
2315 963 2653 1033 providentia
2705 971 2922 1032 prOpter
2969 977 3240 1016 summam
3269 959 3576 1029 aequanimi-

2017 1065 2178 1113 tatem
2207 1067 2257 1114 et
2286 1059 2654 1125 clementiam,
2704 1059 3126 1128 haudquaquam
3171 1069 3362 1109 omnes
3402 1051 3590 1106 confe-

2017 1151 2140 1203 stim
2175 1149 2564 1219 persequitur:
2597 1167 2696 1205 nec
2735 1151 2910 1205 malus
2961 1149 3144 1203 statim
3190 1155 3312 1216 post
3351 1143 3588 1199 admissa

2018 1239 2215 1310 ﬂagitia
2273 1241 2453 1310 poenis
2505 1239 2764 1307 afﬁcitur;
2827 1241 2913 1293 l2.
2957 1237 3038 1293 Ob
3083 1253 3201 1292 eam
3233 1251 3454 1291 causam
3487 1234 3590 1288 sibi

2017 1332 2100 1388 fas
2125 1347 2248 1386 esse
2277 1341 2431 1402 putat
2459 1334 2543 1387 vir
2569 1335 2834 1387 scelestus
2887 1331 3090 1386 diutius
3135 1343 3392 1397 peccare,
3431 1327 3592 1396 quasi

2017 1427 2274 1480 innoxius
2297 1425 2644 1480 discessurus
2668 1443 2681 1478 :
2715 1424 2844 1477 illud
2868 1422 3114 1476 videlicet
3135 1436 3241 1474 non
3266 1419 3589 1488 intelligens,

2016 1517 2158 1585 quod
2207 1515 2371 1569 etiam
2407 1523 2530 1582 post
2579 1515 2800 1583 longum
2830 1528 2860 1566 a
2889 1519 3197 1582 perpetrato
3225 1509 3426 1564 scelere
3456 1518 3593 1561 tem-

2016 1623 2141 1678 pus,
2189 1606 2283 1660 Dei
2331 1605 2619 1661 scientiam
2669 1621 2777 1659 non
2825 1605 3062 1673 effugiet.
3115 1602 3249 1656 lllud
3298 1616 3423 1652 vero
3458 1614 3593 1669 prae.

2015 1696 2413 1753 stautissimum
2439 1695 2666 1754 bonum,
2687 1695 2779 1762 pio
2804 1691 2894 1747 Dei
2921 1693 3113 1745 timore
3134 1690 3414 1760 praeditum
3439 1702 3559 1742 esse
3576 1727 3590 1752 ,

2017 1788 2104 1842 15.
2166 1805 2196 1843 a
2234 1801 2344 1858 quo
2373 1802 2496 1842 cum
2522 1785 2724 1854 impius
2749 1784 3028 1847 exciderit,
3067 1781 3210 1836 haud
3245 1781 3336 1836 diu
3365 1778 3592 1834 stultitia

2017 1895 2116 1936 sua
2169 1879 2442 1934 abutetur.
2500 1877 2588 1931 14.
2621 1875 2865 1931 Pessima
2913 1884 3092 1929 autem
3141 1883 3194 1928 et
3243 1873 3377 1927 falsa
3409 1873 3594 1941 opinio

2017 1985 2111 2040 per
2137 1969 2388 2024 homines
2433 1967 2754 2036 plerumque
2800 1975 3077 2036 grassatur
3101 2001 3116 2028 ,
3163 1972 3275 2017 tum
3307 1965 3374 2018 de
3406 1963 3592 2031 justis,

2019 2070 2132 2116 tum
2163 2061 2232 2116 de
2259 2060 2536 2115 sceleratis
2571 2076 2584 2110 :
2612 2060 2679 2112 de
2703 2058 2947 2126 utrisque
2990 2056 3133 2111 enim
3183 2056 3452 2110 contraria
3478 2055 3596 2107 exi-

2017 2153 2260 2207 stimant.
2295 2149 2432 2204 Nam
2466 2158 2520 2204 et
2550 2150 2644 2219 qul
2669 2150 2880 2218 justitia
2915 2148 3168 2218 praeditus
3197 2155 3300 2210 est,
3331 2162 3438 2201 non
3473 2146 3596 2199 talis

2019 2243 2238 2300 habitus
2261 2252 2376 2306 est;
2413 2251 2466 2295 et
2492 2257 2684 2296 rursus
2733 2242 2951 2310 impius,
2999 2239 3206 2294 cordati
3252 2239 3351 2293 viri
3383 2239 3594 2308 opinio-

2018 2350 2141 2391 nem
2173 2335 2296 2389 tulit
2328 2351 2340 2386 :
2379 2348 2539 2402 quem
2565 2333 2784 2402 quidem
2814 2347 3054 2386 errorem
3086 2332 3140 2386 in
3162 2331 3352 2400 primis
3377 2345 3592 2401 gravem

2017 2443 2140 2482 esse
2175 2435 2378 2481 statuo.
2417 2425 2504 2484 15.
2537 2423 2848 2495 Quinetiam
2872 2424 3167 2493 aliquando
3195 2436 3467 2475 summum
3499 2422 3592 2474 bo-

2020 2534 2151 2574 num
2199 2517 2254 2574 in
2283 2519 2408 2576 cibo
2435 2529 2490 2575 et
2522 2531 2648 2590 potu
2675 2522 2840 2576 situm
2865 2535 2989 2575 esse
3035 2512 3308 2589 judicavi;
3359 2527 3593 2586 eumque

2021 2607 2134 2666 Deo
2162 2612 2572 2678 charissimum,
2613 2614 2705 2683 qui
2755 2622 2870 2666 toto
2901 2613 3024 2667 vitae
3068 2613 3242 2681 spatio
3276 2612 3382 2675 his,
3427 2625 3589 2680 quam

2019 2703 2254 2756 maxime
2277 2704 2392 2758 fieri
2417 2713 2614 2773 potest,
2645 2705 2916 2759 frueretur
2947 2725 2960 2760 :
2997 2704 3081 2760 16.
3121 2714 3284 2774 atque
3306 2704 3592 2773 bujnsmo—

327 2796 379 2850 di
444 2796 803 2862 hilaritatem,
863 2799 1084 2854 unicum
1133 2799 1260 2854 vitae
1315 2798 1565 2853 solatium
1620 2796 1914 2872 arbitratus
1977 2809 2119 2848 sum.
2182 2794 2261 2849 Ac
2303 2795 2528 2863 proinde
2572 2795 2626 2848 in
2668 2796 2870 2850 nullam
2907 2796 3068 2850 aliam
3129 2810 3276 2860 rem,
3308 2810 3471 2864 quam
3536 2795 3589 2848 in

321 2885 482 2939 hanc
508 2887 817 2956 opinionem
849 2890 1250 2953 incumbebant,
1287 2898 1344 2944 ut
1400 2904 1500 2943 nec
1525 2898 1686 2942 noctu
1721 2900 1820 2939 nec
1857 2883 2092 2939 interdiu
2145 2884 2440 2954 quidquam
2501 2899 2690 2940 eorum
2716 2927 2731 2950 ,
2761 2901 2884 2955 qua:
2948 2887 3016 2941 ad
3064 2886 3287 2941 delicias
3327 2902 3358 2940 a
3390 2895 3590 2940 morta-

326 2977 379 3031 li!
405 2994 484 3031 .us
511 2978 730 3034 inventa
757 2990 902 3044 sunt,
929 2981 1062 3034 mihi
1094 2981 1494 3044 interdicerem,
1531 2979 1597 3034 ab
1635 2991 1811 3046 eoque
1837 2991 1924 3029 me
1956 2975 2303 3030 abducerem.
2355 2976 2442 3030 l7.
2508 2976 2776 3032 Caeterum
2830 2978 2935 3033 hoc
2967 2978 3232 3048 cognovi,
3264 2980 3406 3047 quod
3437 2978 3590 3047 quis-

326 3070 466 3140 quis
517 3084 576 3125 se
619 3071 705 3126 bis
751 3076 912 3126 rebus
955 3072 1358 3141 inquinaverit,
1417 3072 1565 3126 nullo
1610 3065 1910 3138 quamlibet
1933 3064 2094 3134 longo
2133 3063 2341 3130 labore,
2370 3081 2558 3120 verum
2587 3066 2789 3120 bonum
2827 3083 3063 3136 unquam
3094 3071 3343 3138 reperiet.

941 3165 1162 3220 ΚΕΦΑΛ
1176 3204 1188 3218 .
1226 3165 1305 3220 Θν.

409 3256 592 3326 ’ῼμην
641 3246 750 3328 γὰρ
791 3257 1034 3322 ἅπαντας
1069 3259 1192 3312 τότε
1230 3257 1339 3311 τῶν
1378 3257 1556 3310 αὐτῶν
1595 3255 1912 3329 ἀνθρώπους

332 3348 635 3419 ἠξιῶσθαι·
681 3351 775 3403 καὶ
822 3351 884 3403 ετ·
919 3341 979 3412 τέ
1029 3368 1111 3413 τις
1163 3351 1361 3420 σοφὸς,
1417 3351 1763 3422 δικαιοσύνης
1814 3352 1912 3421 μὲν

334 3441 648 3513 ἐπεμελήθη
666 3481 681 3505 ,
710 3425 922 3495 ἀδικίαν
953 3441 1011 3495 δὲ
1048 3440 1321 3514 ἐξετράπη
1339 3481 1354 3506 ,
1397 3444 1490 3496 καὶ
1520 3442 1716 3514 ἔχθραν
1746 3433 1928 3511 ἔφυγε

335 3536 478 3607 πρὸς
506 3535 751 3599 ἅπαντας
783 3533 953 3600 δεξιὸς
983 3521 1057 3589 ὣν
1076 3575 1092 3599 ,
1132 3537 1270 3608 ὅπερ
1301 3537 1448 3589 ἐστὶν
1492 3534 1718 3608 ἀρεστὸν
1758 3535 1908 3606 Θεῷ,

333 3620 494 3690 οὗτος
541 3631 919 3697 ματαιοπονεῖν
954 3628 1223 3698 ἐφαίνετο.
1259 3629 1424 3692 Τέλος
1455 3628 1511 3682 δέ
1552 3629 1608 3682 ἒν
1637 3629 1809 3682 ἐδόκει
1836 3629 1912 3682 δι-

336 3719 496 3772 καίου
525 3735 585 3771 τε
612 3720 704 3772 καὶ
731 3719 990 3784 ἀσεϐοῦς,
1018 3720 1222 3789 ἀγαθοῦ
1245 3737 1303 3774 τε
1332 3723 1426 3774 καὶ
1445 3721 1637 3785 κακοῦ,
1669 3720 1909 3793 καθαροῦ

332 3831 394 3866 τε
431 3813 525 3867 καὶ
566 3813 876 3885 ἀκαθάρτου
897 3856 912 3880 ,
948 3817 1042 3869 καὶ
1085 3815 1218 3870 Θεὸν
1265 3817 1619 3888 ίλασκομένου
1664 3818 1757 3871 καὶ
1813 3819 1906 3888 μή.

337 3906 470 3958 Ὅτε
497 3903 605 3974 γάρ
636 3905 820 3968 ἄδικος
852 3907 944 3958 καὶ
967 3908 996 3960 6
1019 3907 1221 3975 ἀγαθὸς
1247 3945 1262 3970 ,
1304 3909 1394 3961 ὅτε
1443 3909 1698 3980 ἐπίορκος
1715 3949 1730 3972 ,
1761 3909 1854 3961 καὶ⁵
1881 3909 1910 3960 6

333 3993 520 4046 τέλεον
550 3993 710 4062 ὅρκον
737 3994 1134 4064 ἐκτρεπόμενος
1151 4038 1166 4061 ,
1190 3999 1268 4060 είς
1294 3997 1460 4049 ταύτὸ
1489 3998 1640 4059 τέλος
1670 3997 1910 4050 ἐλαύνειν

333 4081 625 4154 ἠλπίζετο,
660 4084 999 4152 κατάγνωσις
1033 4085 1094 4138 τέ
1140 4103 1223 4149 τις
1271 4087 1451 4140 ὕπεισι
1493 4087 1587 4140 τοῦ
1628 4092 1707 4152 εἰς
1749 4090 1909 4159 ὃμοια

332 4174 592 4245 τελευτᾷν
621 4174 882 4237 ἅπαντας.
901 4174 1155 4229 Γινώσκω
1173 4177 1230 4230 δὲ
1259 4177 1353 4230 νῦν
1377 4178 1451 4241 ὡς
1471 4181 1717 4250 ἀφρόνων
1737 4180 1909 4234 ταῦτα

331 4265 728 4336 ἐνθυμήματα,
760 4267 853 4319 καὶ
902 4267 1098 4320 πλάναι
1143 4269 1236 4321 καὶ
1284 4269 1566 4335 ἐξαπάται.
1601 4273 1709 4326 Καὶ
1740 4272 1909 4325 πολλὰ

333 4359 613 4428 λέγουσιν,
641 4359 717 4422 ώς
742 4361 772 4412 ὁ
805 4358 1091 4412 ἀποθανὼν
1123 4361 1326 4431 οἴχεται
1354 4362 1534 4416 τέλεον
1558 4381 1571 4394 ·
1601 4366 1694 4418 καὶ
1722 4381 1910 4437 προτι-

337 4451 536 4523 μητέον
587 4452 681 4505 τὸν
732 4451 913 4515 ζῶντα
948 4452 1042 4505 τοῦ
1084 4453 1436 4524 τεθνηκότος,
1480 4455 1580 4509 κᾶν
1625 4458 1683 4510 ἐν
1731 4442 1923 4529 σκότφί

331 4544 584 4613 κείμενος
603 4539 657 4615 ᾖ,
687 4541 787 4596 κᾶν
818 4544 974 4606 κυνὸς
999 4545 1218 4615 τρόπον,
1241 4547 1330 4599 τὸν
1352 4546 1464 4617 βίον
1493 4525 1901 4622 διαπορεύητάι,

331 4634 488 4705 παρά
517 4635 606 4688 τὸν
643 4636 831 4689 λέοντα
873 4637 966 4689 τὸν
995 4638 1310 4702 τεθνηκότα.
1344 4641 1407 4692 Οἱ
1439 4640 1539 4710 μὲν
1566 4641 1674 4713 γὰρ
1704 4642 1904 4708 ζῶντες

327 4725 490 4778 τοῦτο
509 4727 637 4794 γοῦν
665 4727 1000 4793 ἐπίστανται,
1027 4729 1109 4781 ὅτι
1137 4724 1508 4801 τεθνήξονται”
1536 4733 1584 4784 οἱ
1625 4733 1682 4785 δὲ
1717 4737 1902 4808 νεκροὶ

332 4815 444 4869 οὐδ’
484 4817 661 4870 ὁτιοῦν
705 4810 1082 4886 γινώσκουσιν.
1127 4821 1377 4892 ’Δμοιϐαὶ
1421 4823 1477 4876 δὲ
1514 4825 1725 4890 οὐδενὸς
1769 4828 1902 4899 πρό-

336 4926 546 4962 κεινται
577 4909 714 4979 μετά
739 4911 798 4964 τὸ
823 4911 1215 4984 ἀποπληρῶσαι
1235 4913 1296 4966 τὸ
1324 4913 1520 4985 χρεών.
1547 4917 1618 4969 ’Ἡ
1647 4934 1705 4969 τε
1735 4917 1904 4991 ἔχθρα

334 5003 428 5056 καὶ
477 5004 511 5072 ή
567 5002 720 5070 φιλίαι
762 5005 794 5074 ή
839 5005 976 5076 πρὸς
1014 5007 1140 5069 τοὺς
1178 5006 1525 5076 τεθνηκότας,
1571 5009 1723 5073 τέλος
1769 5011 1903 5082 ἔχει.

342 5093 598 5147 Ἑκείνων
631 5093 758 5164 γὰρ,
789 5095 897 5147 εἴτε
930 5095 1089 5165 ζῆλος
1109 5135 1124 5160 ,
1155 5097 1401 5162 ἐξέλιπεν
1421 5117 1435 5130 ο
1461 5100 1571 5154 εἴτε
1601 5103 1732 5173 βίος,
1761 5106 1904 5174 ἠφά-

328 5202 525 5238 νισται.
567 5185 889 5238 Μέτεστιδὲ
927 5187 1138 5252 οὐδενὸς
1177 5189 1257 5260 τῷ
1288 5190 1433 5256 ἅπαξ
1465 5193 1714 5248 ἐντεῦθεν
1749 5198 1907 5250 ἀπελ-

329 5277 496 5332 θόντι.
535 5277 721 5332 Ταῦτα
765 5279 799 5350 ή
851 5269 1334 5353 πλάνηέπᾲδουσα
1380 5282 1490 5350 ἔτι,
1544 5288 1638 5341 καὶ
1681 5289 1903 5345 τοιαῦτα

332 5369 706 5439 συμϐουλεύει’
738 5370 802 5422 Τί
839 5368 1167 5442 πράττεις,ὧ
1197 5368 1384 5439 οὗτος,
1434 5380 1526 5432 καὶ
1555 5381 1616 5432 οὐ
1641 5385 1854 5452 τρυφᾷς
1877 5425 1891 5447 ,

329 5460 449 5513 οὐδὲ
477 5462 688 5544 ἐμφορῇ
715 5461 812 5531 μὲν
840 5461 1150 5532 ἐδεσμάτων
1177 5467 1459 5532 παντοίων,
1477 5467 1620 5522 οἴνου
1651 5473 1708 5525 δὲ
1736 5473 1898 5544 ὑπερσ

332 5552 701 5628 εμπίπλασακ
729 5553 841 5607 Οὐκ
866 5553 1097 5627 αἰσθάνῃ
1113 5598 1129 5621 ,
1152 5557 1226 5620 ώς
1250 5560 1313 5612 ἐκ
1339 5560 1472 5613 Θεοῦ
1501 5563 1665 5616 ταυτὶ
1690 5564 1896 5620 δέδοται

332 5642 468 5714 πρὸς
518 5644 811 5699 ἀπόλαυσιν
855 5645 1294 5716 ἀνεπικώλυτον;
1342 5653 1642 5724 Περιϐαλοῦ
1696 5657 1897 5727 ἐσθῆτα

2607 3156 2835 3212 CAPUT
2871 3157 2959 3211 IX.

2086 3268 2138 3321 l.
2176 3266 2314 3322 Tum
2361 3269 2508 3322 enim
2554 3269 2806 3323 homines
2845 3284 3036 3324 omnes
3079 3269 3272 3324 iisdem
3316 3269 3479 3324 rebus
3505 3269 3592 3323 di-

2011 3373 2150 3426 gnos
2184 3357 2398 3412 habitos
2421 3373 2541 3412 esse
2568 3359 2850 3427 putabam.
2902 3361 2982 3413 Ac
3018 3361 3063 3415 si
3103 3363 3228 3430 quis
3255 3361 3470 3430 sapiens
3500 3361 3591 3428 ju-

2012 3446 2216 3501 stitiam
2259 3447 2500 3502 studiose
2562 3449 2822 3503 coluisset
2873 3458 3038 3518 atque
3084 3452 3154 3504 ab
3193 3451 3457 3519 injustitia
3507 3467 3592 3506 re-

2012 3541 2288 3602 cessisset,
2319 3540 2600 3609 animique
2619 3540 2940 3598 dexteritate
2968 3552 3022 3596 et
3054 3541 3313 3598 facilitate
3345 3545 3589 3598 omnium

2012 3631 2195 3705 odium
2224 3630 2448 3700 fugisset
2479 3631 2644 3702 (quod
2681 3633 2898 3702 quidem
2938 3633 3048 3688 Deo
3079 3643 3292 3704 gratum
3316 3635 3462 3705 est);
3503 3637 3590 3691 hic

2013 3723 2148 3777 mihi
2199 3723 2415 3778 inanem
2451 3724 2694 3778 laborem
2737 3725 3018 3796 suscipere
3062 3727 3363 3782 videbatur.
3403 3730 3457 3782 2.
3491 3727 3591 3782 De-

2014 3816 2179 3883 nique
2202 3829 2376 3869 unum
2412 3815 2772 3884 eumdemque
2792 3815 2952 3870 finem
2978 3833 3099 3872 esse
3125 3818 3430 3872 arbitrabar
3453 3819 3590 3888 justi

2011 3915 2066 3959 et
2091 3907 2305 3976 injusti,
2335 3907 2464 3961 boni
2488 3915 2542 3961 et
2565 3907 2720 3973 mali,"
2746 3909 2870 3977 puri
2898 3921 2952 3964 et
2978 3909 3212 3978 impuri,
3249 3909 3359 3965 Deo
3385 3913 3592 3980 suppli—

2010 3999 2186 4054 cantis
2218 3999 2553 4067 minimeque
2607 4000 2987 4068 supplicantis.
3046 4001 3098 4055 3.
3124 4000 3261 4056 Nam
3291 4018 3416 4056 cum
3445 4003 3589 4073 inju-

1979 4117 2130 4164 'stus
2159 4118 2213 4163 ct
2239 4110 2464 4178 probus,
2497 4110 2771 4180 pejerator
2798 4120 2854 4166 et
2873 4111 3257 4182 jusjurandum
3300 4127 3462 4169 omne
3496 4114 3585 4168 fu-

2009 4201 2160 4268 giens
2184 4239 2198 4264 ,
2252 4201 2319 4254 ad
2363 4202 2615 4255 eumdem
2664 4201 2824 4255 tinem
2855 4217 2949 4272 spe
2975 4212 3138 4272 atque
3181 4203 3436 4272 opinione
3465 4221 3586 4262 mea

1991 4291 2434 4357 contenderent;
2493 4293 2713 4347 subibat
2759 4293 2981 4348 sinistra
3027 4296 3273 4364 quaedam
3306 4297 3583 4365 cOgitatio,

2008 4386 2200 4437 omnes
2247 4383 2301 4436 in
2351 4384 2539 4439 eadem
2588 4385 2862 4440 desinere.
2902 4385 3057 4440 Nunc
3087 4403 3212 4441 vero
3244 4398 3582 4456 perspectum

2011 4473 2221 4538 habeo,
2257 4473 2545 4528 stultorum
2579 4489 2700 4528 esse
2726 4474 2824 4528 has
2855 4476 3208 4545 cogitationes
3229 4518 3242 4540 ,
3279 4490 3342 4529 ac
3367 4476 3586 4528 fraudes

2008 4574 2064 4618 et
2103 4563 2455 4633 imposturas.
2510 4566 2564 4619 4.
2597 4564 2676 4620 Ac
2702 4567 2889 4622 multis
2925 4567 3100 4620 verbis
3127 4567 3255 4620 illud
3305 4568 3582 4634 occinunt,

2005 4670 2130 4709 eum
2160 4656 2252 4724 qui
2284 4669 2514 4710 mortem
2561 4656 2716 4720 obiit,
2771 4658 2984 4725 penitus
3014 4657 3264 4722 interire;
3306 4673 3372 4712 ac
3398 4659 3582 4712 viven-

2008 4755 2115 4801 tem
2161 4757 2379 4802 mortuo
2421 4747 2814 4817 praeferendum
2862 4765 3024 4814 esse,
3078 4751 3293 4805 etiamsi
3344 4750 3581 4805 tenebris

2005 4840 2218 4895 obsitus
2258 4841 2469 4910 jaceat,
2517 4842 2732 4896 etiamsi
2767 4841 2964 4895 canino
2998 4856 3148 4896 more
3177 4842 3300 4896 vita:
3341 4841 3440 4895 iter
3469 4851 3580 4895 tra-

2005 4930 2206 4995 ducat,
2253 4946 2417 5000 supra
2449 4931 2658 4985 leonem
2691 4944 2989 4986 mortuum.
3036 4930 3088 4984 5.
3123 4932 3333 4986 Etenim
3363 4946 3457 4984 eos
3483 4932 3578 5000 qui

2005 5023 2114 5077 vita
2146 5019 2420 5088 fruuntur,
2452 5022 2556 5076 hoc
2579 5023 2768 5078 saltem
2794 5023 2955 5086 scire,
2976 5027 3119 5092 quod
3151 5023 3400 5076 morituri
3428 5023 3533 5075 sint
3559 5041 3573 5076 :

2000 5129 2097 5169 eos
2126 5123 2306 5169 autem
2341 5113 2435 5183 qui
2469 5115 2578 5168 vita
2625 5113 2800 5169 functi
2845 5124 3007 5178 sunt,
3055 5115 3190 5168 nihil
3229 5128 3454 5182 prorsus
3483 5129 3574 5166 co-

1999 5221 2282 5278 gnoscere.
2344 5205 2573 5261 Praamia
2605 5222 2771 5274 porro
2801 5222 3100 5278 pmnasque
3128 5206 3305 5259 nullas
3334 5211 3455 5272 post
3478 5219 3574 5257 ex-

1999 5300 2204 5369 pletum
2235 5298 2358 5354 vita:
2387 5314 2608 5355 cursum
2637 5299 2885 5369 proponi.
2952 5298 3006 5352 6.
3038 5296 3233 5351 Odium
3270 5296 3488 5363 insuper
3519 5307 3572 5350 et

2001 5391 2430 5446 benevolentiam
2470 5408 2595 5462 erga
2637 5407 2732 5446 eos
2757 5391 2850 5460 qui
2877 5391 3041 5445 vitam
3071 5404 3193 5444 cum
3225 5398 3396 5442 morte
3419 5403 3570 5443 com-

2001 5491 2302 5548 tnutarunt,
2337 5484 2497 5538 finem
2528 5483 2748 5536 habere.
2783 5480 2982 5535 Eorum
3004 5481 3145 5534 enim
3171 5489 3284 5534 tum
3313 5481 3568 5536 invidiam

2004 5582 2169 5640 atque
2211 5573 2610 5627 aemulationem
2635 5569 2928 5634 defecisse,
2979 5577 3091 5624 tum
3121 5570 3284 5624 vitam
3311 5571 3571 5627 Obscura—

2006 5669 2113 5714 tam
2165 5669 2328 5730 atque
2378 5661 2700 5715 exstinctam
2739 5673 2878 5714 esse.
2938 5655 3216 5713 Postremo
3245 5658 3448 5713 nullius
3492 5658 3568 5713 rei

403 5804 514 5876 (22)
570 5804 737 5872 Παρὰ
779 5804 886 5858 τὸν
917 5805 1081 5870 βίον.
1129 5805 1262 5862 Cod.
1317 5808 1504 5867 Medic.
1532 5853 1546 5878 ,
1581 5815 1728 5887 παρὰ
1761 5817 1850 5869 τὸν
1895 5820 1909 5871 t

2011 5822 2088 5875 τοῦ
2113 5820 2242 5892 βίον.
2279 5819 2404 5873 Duc.
