4090 6378
477 384 605 439 {OH

1583 383 1640 438 S.
1682 382 2011 440 GREGORII
2053 382 2565 443 THAUMATURGI

3595 380 3736 434 1012

471 512 596 550 eum
627 496 947 566 participem
982 511 1124 559 esse,
1175 496 1267 566 qui
1298 496 1464 551 semel
1491 512 1555 550 ex
1582 497 1686 551 hac
1714 498 1823 552 vita
1852 498 2056 569 migra-

2157 498 2446 551 νεόπλυτον
2465 541 2479 565 ,
2514 499 2606 551 καὶ
2647 496 2804 568 μύρῳ
2832 497 2930 568 τὴν
2964 495 3207 567 κεφαλὴν
3239 495 3603 568 χρισάμενος,
3632 497 3736 569 ὅρα

471 588 563 641 rit.
601 586 728 642 Haec
752 602 908 642 error
938 589 1214 650 accineus,
1263 588 1577 657 hujusmodi
1626 603 1846 659 quoque
1871 591 2053 654 consi-

471 679 605 732 lium
654 680 882 749 porrigit
910 699 922 733 :
974 679 1024 732 7.
1056 678 1203 734 Heus
1228 690 1283 733 tu
1312 680 1441 749 quid
1488 680 1644 746 facis,
1679 696 1743 735 ac
1773 697 1880 734 nun
1914 681 2052 736 deli-

474 772 575 828 ciis
605 771 851 839 indulges
873 812 888 835 ,
937 787 1034 825 nec
1063 772 1242 825 omnis
1279 773 1492 841 generis
1530 772 1726 827 eduliis
1754 772 2057 842 ingurgita-

474 864 552 916 ris
574 902 589 926 ,
636 862 871 931 vinoque
903 871 954 916 te
982 863 1274 916 immodice
1311 863 1535 932 exples?
1572 865 1767 917 Annon
1798 864 2055 936 intelligis

472 952 570 1007 tibi
600 951 715 1006 haec
743 952 929 1006 divino
964 967 1189 1006 munere
1221 953 1468 1018 concedi,
1506 962 1566 1007 ut
1608 954 1834 1009 arbitrio
1868 964 1959 1009 tuo
1991 970 2057 1010 ac

470 1045 587 1097 sine
613 1043 1004 1112 impedimento
1027 1042 1270 1099 fruaris?
1300 1044 1352 1099 8.
1383 1043 1526 1109 Quin
1549 1054 1605 1098 tu
1633 1054 1838 1100 vestem
1863 1060 2054 1102 recens

470 1135 722 1190 sordibus
755 1135 1025 1191 detersam
1056 1136 1273 1201 induis,
1325 1138 1610 1205 capiteque
1640 1139 1936 1208 unguentis
1960 1139 2056 1193 de-

470 1228 664 1291 libuto,
724 1229 777 1283 9.
833 1230 972 1284 hanc
1000 1238 1163 1296 atque
1205 1230 1352 1283 illam
1397 1230 1682 1284 mulierem
1709 1231 1928 1295 cernis,
1962 1246 2057 1283 va-

468 1334 707 1388 namque
757 1321 924 1374 vitam
964 1336 1103 1374 vane
1146 1323 1437 1393 transigis‘!
1489 1321 1636 1377 Nihil
1679 1324 1826 1377 enim
1860 1334 2056 1394 pratter

466 1412 586 1467 hac
614 1412 709 1466 tibi
739 1413 1011 1482 reliquum
1036 1422 1155 1479 est,
1200 1428 1303 1468 nec
1349 1415 1405 1467 in
1452 1415 1558 1469 hac
1589 1414 1697 1468 vita
1722 1454 1738 1480 ,
1791 1430 1894 1470 nec
1934 1424 2054 1484 post

470 1514 722 1560 mortem.
762 1504 849 1559 10.
880 1505 1067 1559 Facito
1093 1507 1291 1575 igitur,
1325 1521 1449 1575 quae
1478 1514 1681 1561 temere
1706 1515 1761 1561 et
1789 1506 1930 1561 ultro
1961 1522 2058 1562 oc-

2154 587 2254 658 τὴν
2285 589 2523 656 γυναῖκα
2556 587 2794 658 ταύτην,
2840 588 3099 658 κάκείνην
3137 586 3194 640 δὲ
3230 586 3473 658 ματαίως
3510 586 3602 640 τὸν
3634 587 3739 658 μά⁴

2154 699 2302 737 ταιον
2326 679 2561 753 πάρελθε
2602 679 2743 749 βίον;
2775 677 3170 752 (8ἰε.)Ἔτερον
3195 679 3305 749 γὰρ
3331 677 3481 731 οὐδὲν
3517 678 3738 732 ὑπολείο-

2156 774 2316 828 πεταί
2343 791 2424 827 σοι
2449 772 2601 842 παρὰ
2613 771 2804 833 ταῦτα,
2820 772 2920 846 οίίκ
2945 771 3131 824 ἐνθάδε
3154 811 3169 835 ,
3191 771 3312 824 οὐδὲ
3327 771 3466 841 μετὰ
3482 768 3732 824 θάνατον.

2145 865 2567 937 ,Ἀλλὰ-πράττε
2609 851 2679 916 τά
2718 864 3112 935 προστυχόντα.
3151 861 3291 916 Οὔτε
3325 863 3433 937 γὰρ
3479 862 3738 933 λογισμὸν

2158 957 2218 1010 σε
2248 959 2332 1019 τίς
2378 938 2587 1009 τούτων
2629 956 2983 1027 εἰσπράξεται
3008 971 3022 985 ·
3057 953 3170 1007 οὗθ’
3214 955 3355 1019 ὅλως
3409 954 3739 1026 γινώσκεται

2103 1077 2135 1110 η.
2156 1051 2314 1113 ἐκτὸς
2354 1049 2655 1120 ἀνθρώπων
2686 1048 2755 1102 τὰ
2796 1049 2888 1101 ὑπ’
2921 1046 3223 1120 ἀνθρώπων
3251 1049 3535 1119 γινόμενα.
3572 1049 3741 1119 ᾍδης

2154 1142 2230 1208 δὲ,
2278 1144 2306 1194 ὃ
2361 1143 2414 1194 τί
2454 1160 2583 1195 ποτε
2628 1144 2721 1195 καὶ
2760 1141 2942 1204 ἔστιν,
2979 1142 3059 1204 εἰς
3086 1141 3144 1194 ὃν
3175 1141 3393 1195 ἀπιέναι
3432 1140 3737 1212 λεγόμεθα,

2158 1216 2350 1303 σοφίας
2382 1235 2475 1287 καὶ
2522 1235 2827 1306 αἰσθήσεως
2856 1235 3095 1305 ἀμοιρεῖ.
3145 1232 3332 1287 Ταῦτα
3391 1235 3491 1304 μὲν
3535 1234 3585 1287 οἱ
3636 1234 3742 1304 μά·-

2155 1343 2318 1381 ταιοι.
2363 1322 2503 1396 Ἑγῷ
2540 1327 2596 1380 δὲ
2643 1323 2703 1380 εὖ
2742 1322 2889 1389 οἶδα,
2932 1326 3007 1389 ὡς
3049 1325 3172 1379 οὔτε
3216 1327 3267 1379 oi
3298 1326 3618 1396 κουφότατοι
3654 1326 3744 1378 δο-

2157 1418 2378 1482 κοῦντες
2416 1416 2508 1472 τὸν
2548 1420 2722 1489 μέγαν
2759 1419 2958 1492 δρόμον
3003 1421 3209 1472 ἐκεῖνον
3257 1418 3546 1473 ἀνύσουσιν
3569 1459 3585 1483 ,
3615 1416 3741 1471 οὔτε

2157 1514 2204 1564 οἱ
2240 1511 2455 1565 δύνατοὶ
2503 1514 2597 1566 καὶ
2625 1505 2846 1586 φοϐεροὶ
2884 1512 3035 1584 παρά
3071 1511 3380 1584 ἀνθρώποις
3417 1511 3744 1582 δεδοξασμέ-

469 1604 720 1651 currunt.
782 1595 966 1667 Neque
992 1598 1138 1652 enim
1173 1598 1442 1652 rationem
1469 1598 1666 1652 horum
1701 1600 1993 1668 quisquam
2025 1615 2055 1654 a

2157 1622 2270 1669 νοι,
2313 1606 2405 1657 τὸν
2434 1605 2664 1678 φοϐερὸν
2698 1605 2931 1676 πόλεμον
2962 1606 3296 1676 νικήσουσιν.
3334 1606 3477 1659 Ἀλλ¹
3522 1606 3641 1660 οὐδὲ
3683 1607 3743 1658 ὲν

472 1696 524 1743 te
549 1690 727 1759 exiget
756 1707 770 1743 :
808 1704 909 1742 nec
937 1690 1219 1743 hominum
1245 1689 1424 1753 faeta,
1448 1691 1575 1745 -nisi
1605 1691 1747 1761 apud
1781 1691 2051 1756 homines,

2157 1694 2357 1768 ἐδωδῆς
2405 1697 2597 1769 πλήθει
2642 1698 2902 1769 φρόνησις
2928 1697 3318 1769 δοκιμάζεται,
3351 1700 3472 1752 οὐδὲ
3522 1698 3743 1763 σύνεσις
3785 1730 3791 1745 ι

466 1781 581 1835 ullo
613 1781 777 1836 modo
807 1790 1237 1852 cognoscuntur.
1292 1778 1470 1836 Orcus
1499 1790 1705 1847 autem,
1741 1783 2056 1853 quicunque

2158 1787 2373 1859 πλούτῳ
2420 1792 2696 1843 κοινωνεῖν
2739 1789 2949 1844 εἴωθεν.
3008 1789 3144 1843 Οὐδὲ
3178 1790 3459 1861 συγχαίρω
3487 1792 3601 1853 τοῖς
3620 1791 3743 1861 *οἰο-

468 1870 689 1925 tandem
717 1872 805 1926 ille
832 1851 916 1926 est
935 1913 950 1938 ,
1005 1872 1070 1926 ad
1098 1886 1258 1942 quem
1287 1872 1440 1926 abire
1466 1873 1733 1939 uicimur,
1759 1851 2056 1942 sapientiae

2162 1851 2355 1954 μένοις.
2392 1882 2639 1946 ἅπαντας
2686 1881 2796 1935 τῶν
2844 1884 3047 1953 ὁμοίων
3100 1851 3408 1950 τεύξεσθαί.
3474 1851 3629 1936 Πάνυ
3686 1882 3746 1938 δὲ

466 1970 521 2018 et
558 1978 755 2017 sensus
786 1972 871 2018 est
902 1978 1120 2033 expers.
1162 1964 1343 2033 Atque
1389 1963 1506 2018 haec
1532 1964 1658 2018 vani
1690 1964 1941 2019 homines
1974 1965 2056 2018 lo-

2159 1972 2454 2025 ὑπνώττειν
2484 1973 2726 2026 ἐοίκασιν
2759 1976 2809 2024 οἱ
2837 1972 2907 2025 τὰ
2933 1972 3157 2027 τοιαῦτα
3188 1972 3614 2045 ἐνθυμούμενοι,
3648 1974 3744 2027 καὶ

468 2064 731 2125 quuntur.
792 2057 880 2111 11.
914 2056 1027 2127 Ego
1054 2070 1182 2111 vero
1211 2066 1417 2110 certum
1458 2055 1661 2124 habeo,
1707 2072 1810 2112 nec
1836 2072 1931 2112 eos
1959 2057 2054 2127 qui

2160 2065 2233 2136 μὴ
2266 2064 2638 2135 λογιζόμενοι,
2667 2065 2743 2128 ὡς
2767 2064 2921 2135 δίκην
2953 2064 3152 2135 ἰχθύων
3197 2066 3292 2119 καὶ
3324 2065 3528 2137 ὀρνέων
3574 2065 3745 2136 ἀνάρ-

469 2148 670 2216 pedum
716 2147 933 2202 levitate
966 2158 1227 2217 prmstare
1274 2149 1554 2214 videntur,
1584 2164 1844 2218 magnum
1900 2148 2052 2203 iilum

2157 2174 2354 2210 παστοι
2382 2158 2686 2227 γινόμενοι,
2717 2158 2774 2210 ἐν
2805 2160 2997 2221 κακοῖς
3029 2157 3519 2228 κατατριϐήσονται
3544 2198 3559 2217 .
3590 2159 3746 2226 ἄφνω

467 2254 690 2294 cursum
722 2251 1075 2309 peracturos;
1124 2257 1223 2297 nec
1251 2256 1349 2297 eos
1385 2242 1479 2311 qui
1511 2250 1761 2312 potentes
1785 2250 1840 2294 et
1865 2238 2055 2294 formi-

2157 2249 2256 2320 τῆς
2285 2248 2441 2313 ἀξίας
2473 2250 2729 2320 λαχόντες
2758 2251 3060 2321 ἐπιτιμίας.
3098 2252 3241 2321 Ἐγὼ
3270 2251 3326 2305 δὲ
3361 2251 3557 2319 σοφίαν
3598 2250 3745 2304 οὕτω

468 2331 677 2385 dahiles
714 2330 854 2399 apud
890 2331 1142 2388 homines
1194 2333 1366 2387 habiti
1398 2332 1633 2398 fuerint,
1677 2332 1879 2387 bellum
1922 2332 2055 2385 illud

2157 2358 2207 2394 τι
2243 2342 2385 2412 μέγα
2428 2343 2665 2413 ἡγοῦμαι
2689 2384 2705 2403 ,
2733 2342 2810 2407 ὡς
2836 2344 2932 2396 καὶ
2973 2344 3128 2398 πόλιν
3168 2344 3370 2417 μικρὰν
3420 2346 3511 2398 ὑπ’
3546 2343 3745 2413 ὀλίγων

410 5116 587 5159 ιρις

468 2421 812 2477 formidabile
859 2423 1229 2479 confecturos.
1277 2422 1386 2501 Nec
1413 2438 1544 2478 vero
1575 2423 1865 2494 prudentia
1895 2422 1952 2476 in
1979 2424 2058 2477 ci-

469 2515 665 2569 borum
720 2516 878 2585 copia
911 2516 1261 2585 exploratur,
1311 2531 1415 2570 nec
1447 2517 1720 2586 sagacitas
1754 2515 2053 2586 quidquam

467 2619 758 2660 commune
806 2607 1008 2661 habere
1056 2621 1181 2661 cum
1234 2607 1430 2676 opibus
1464 2606 1766 2662 consuevit.
1826 2605 1916 2660 12.
1945 2603 2056 2660 Nec

468 2697 538 2751 iis
568 2697 956 2766 gratulandum
986 2708 1139 2768 puto,
1171 2699 1266 2769 qui
1302 2714 1493 2753 omnes
1526 2698 1595 2754 ad
1616 2699 1805 2765 eadem
1833 2713 2057 2768 perven-

362 2816 365 2819 ι
466 2799 620 2845 turos
645 2805 768 2846 esse
793 2792 1152 2847 arbitrantur.
1214 2790 1378 2847 Gravi
1402 2791 1550 2846 enim
1582 2790 1779 2860 sopore
1806 2792 2054 2861 oppressi

468 2882 605 2937 mihi
631 2882 906 2947 videntur,
940 2884 1033 2954 qui
1061 2900 1148 2940 res
1183 2883 1499 2955 hujusmodi
1531 2884 1805 2953 cogitant;
1838 2896 1941 2938 nec
1970 2897 2058 2938 sc-

467 2989 592 3027 cum
625 2984 878 3044 reputant
912 2954 1066 3043 fore,
1116 2985 1176 3031 ut
1209 2976 1443 3046 piscium
1476 2976 1652 3030 instar
1680 2986 1843 3046 atque
1871 2976 2053 3032 avium

467 3065 700 3135 abrepti,
732 3068 786 3120 in
816 3069 976 3124 malis
1010 3079 1315 3131 versentur,
1352 3084 1416 3122 ac
1443 3068 1626 3125 subito
1654 3083 1755 3138 pro
1784 3068 2052 3123 scelerum

2159 2430 2257 2499 μὲν
2282 2429 2634 2499 οἰκουμένην,
2661 2428 2767 2481 ὑπὸ
2795 2430 2852 2483 δὲ
2880 2430 3120 2500 μεγάλου
3152 2431 3618 2503 πολιορκουμένην
3650 2432 3747 2502 βα-

2159 2517 2348 2580 σιλέως
2402 2519 2576 2588 χειρὶ,
2617 2518 2817 2589 πολλὴν
2848 2520 2942 2573 καὶ
2977 2520 3223 2592 μεγάλην
3254 2521 3497 2592 ἡγοῦμαι
3518 2560 3533 2585 ,
3554 2523 3614 2573 ¹εῖ
3649 2523 3746 2576 καὶ

2156 2609 2252 2662 ἕνα
2296 2609 2459 2674 σοφὸν
2489 2607 2657 2679 ἄνδρα
2702 2607 2927 2680 πολίτην
2958 2608 3072 2680 ἔχοι
3104 2609 3334 2680 πένητα.
3380 2609 3611 2664 Δύναιτο
3636 2612 3747 2679 γάρ

2155 2701 2221 2755 ἂν
2250 2695 2408 2765 οὗτος
2454 2702 2547 2754 καὶ
2576 2701 2641 2753 ὲκ
2668 2700 2776 2754 τῶν
2812 2700 3108 2771 πολεμίων,
3145 2702 3239 2755 καὶ
3266 2703 3331 2754 ἐκ
3362 2702 3470 2755 τῶν
3500 2719 3749 2774 χαρακω-

2159 2793 2345 2865 μάτων
2389 2794 2487 2865 τὴν
2527 2792 2725 2847 ἑαυτοῦ
2765 2792 3028 2847 διασῶσαι
3081 2792 3256 2847 πόλιν.
3300 2795 3412 2847 Καὶ
3454 2794 3603 2848 ἄλλοι
3646 2794 3748 2866 μὲν

2155 2888 2247 2941 τὸν
2275 2887 2437 2957 σοφὸν
2463 2889 2667 2941 ἐκεῖνον
2692 2886 2754 2939 οὐ
2791 2884 3116 2956 γινώσκουσι
3164 2886 3371 2958 πένητα
3387 2904 3402 2918 ·
3440 2886 3552 2956 ἐγὼ
3570 2887 3625 2940 δὲ
3651 2889 3745 2943 καὶ

2157 2980 2298 3033 πάνυ
2330 2979 2609 3050 προκρίνω
2635 2979 2736 3050 τὴν
2777 2979 2834 3030 ἐν
2881 2977 3045 3050 σοφίᾳ
3085 2980 3238 3048 ἰσχὺν
3278 2978 3484 3050 ταύτης
3508 2981 3608 3050 τῆς
3644 2980 3747 3051 δη-

2161 3069 2369 3141 μώδους
2432 3069 2733 3141 δυνάμεως.
2796 3068 2933 3122 Ἀλλ’
3007 3069 3192 3125 ἐνθάδε
3262 3071 3361 3142 μὲν
3420 3070 3746 3142 ἀτιμάζεται

467 3160 667 3214 merito
712 3175 903 3230 poenas
949 3162 1122 3216 luant.
1185 3162 1271 3215 15.
1310 3162 1380 3214 At
1405 3161 1686 3215 enimvero
1728 3160 2052 3230 sapientiam

2160 3162 2321 3231 σοφία
2375 3163 2536 3234 πενίᾳ
2616 3161 2979 3216 συνοικοῦσαο
3037 3162 3435 3233 ἀκουσθήσεται
3478 3163 3534 3217 δὲ
3584 3165 3746 3234 μετέ-

469 3256 605 3310 tanti
632 3256 777 3311 facio
804 3265 971 3328 atque
990 3256 1224 3323 aestimo,
1255 3266 1316 3311 ut
1336 3270 1561 3326 panvam
1585 3257 1749 3309 etiam
1779 3254 2053 3310 civitatem

468 3365 498 3403 a
529 3350 718 3417 paucis
756 3348 1054 3403 habitatam
1073 3390 1089 3415 ,
1120 3356 1286 3418 atque
1310 3348 1449 3403 adeo
1476 3363 1508 3402 a
1531 3362 1730 3417 magno
1775 3362 1901 3417 rege
1926 3361 2055 3401 cum

470 3448 714 3499 exercitu
739 3445 1187 3509 circumsessam,
1221 3458 1473 3513 magnam
1501 3452 1557 3498 et
1581 3439 2058 3510 frequentemexi-

470 3531 726 3596 stimem,
763 3533 808 3586 si
852 3531 935 3587 vel
981 3545 1271 3602 pauperem
1313 3545 1479 3585 unum
1530 3529 1831 3600 sapientem
1879 3529 2055 3584 virum

2162 3270 2324 3307 πειτα
2358 3251 2755 3324 ὑπερφωνοῦσα
2781 3251 3050 3315 δυνάστας
3093 3253 3187 3305 καὶ
3234 3254 3532 3323 τυράννους
3558 3253 3747 3307 κακῶν

2161 3346 2541 3418 ὀρεγομένους.
2598 3345 2771 3414 Σοφία
2815 3345 3051 3418 γάρᾲκαὶ
3097 3344 3317 3415 σιδήρου
3362 3344 3744 3417 δυνατωτέρα·

2174 3413 2478 3510 ’Ᾰφ-ροσύνη
2507 3454 2566 3491 τε
2598 3413 2715 3499 ἑνὸς
2762 3413 2978 3501 πολλοῖς
3015 3413 3259 3490 κίνδυνον
3306 3437 3622 3509 ἐργάζεται,
3638 3413 3747 3493 ⁷κᾶν

2164 3530 2377 3593 πολλοῖς
2553 3529 2962 3601 καταφρόνητος

472 3620 645 3673 civem
672 3620 889 3675 habeat.
931 3619 1019 3673 14.
1056 3616 1153 3673 Hic
1180 3620 1488 3689 enim,|tum
1556 3620 1626 3672 ab
1674 3620 1913 3674 hostium
1973 3621 2209 3695 impetu,
2256 3627 2373 3674 tum
2406 3636 2437 3674 a
2485 3621 3085 3679 circu'mvallationihus
3136 3631 3191 3679 et
3250 3622 3749 3695 oppugnationibus

472 3713 745 3767 civitatem
796 3727 952 3768 suam
999 3711 1325 3767 incolumem
1378 3712 1517 3766 tueri
1563 3710 1783 3781 poterit.
1852 3711 1940 3766 15.
1991 3710 2059 3766 Ει
2091 3712 2342 3781 quamvis
2388 3711 2481 3767 alii
2507 3727 2803 3783 pauperem
2845 3713 2999 3768 illum
3056 3715 3359 3784 sapientem
3432 3731 3545 3771 non
3572 3730 3741 3785 agno-

471 3822 670 3867 scatit:
708 3809 798 3865 16.
837 3825 941 3882 ego
963 3819 1142 3865 tamen
1170 3809 1448 3878 sapientiae
1472 3808 1638 3875 vires,
1683 3807 1935 3877 populari
1990 3808 2117 3863 huic
2161 3809 2419 3879 potentiae
2468 3808 2629 3879 longe
2652 3818 2947 3879 antepono.
3014 3807 3216 3865 Verum
3242 3810 3333 3865 hic
3356 3810 3577 3880 quidem
3604 3810 3752 3881 jacet

471 3916 525 3961 et
559 3905 934 3962 contemnitur
957 3903 1245 3972 sapientia,
1278 3917 1399 3971 quae
1424 3918 1548 3957 cum
1606 3908 1926 3971 paupertate
1976 3902 2272 3971 conjuncta
2322 3912 2408 3957 est
2463 3921 2476 3955 :

2531 3902 2621 3956 17.
2661 3910 2922 3958 caeterum
2974 3910 3163 3973 postea
3190 3902 3467 3969 audietur,
3494 3903 3747 3989 altiorem

470 4013 660 4054 vocem
688 3998 890 4064 edens,
918 4012 1081 4067 quam
1110 3995 1385 4065 principes
1420 4002 1474 4048 et
1509 3994 1757 4066 tyranni,
1811 3995 2080 4049 malorum
2133 3996 2434 4066 cupiditate
2488 3995 2804 4068 ﬂagrantes.
2867 3995 3144 4069 Sapientia
3193 3998 3340 4051 enim
3389 3996 3535 4053 ferro
3581 4000 3747 4054 etiam

472 4088 593 4163 ipso
626 4093 823 4148 fortior
850 4100 935 4147 est
975 4110 989 4146 :
1046 4090 1132 4146 18.
1171 4090 1412 4145 Stultitia
1435 4100 1618 4146 autem
1650 4093 1839 4157 unius,
1894 4091 2088 4147 multis
2138 4092 2445 4162 periculum
2495 4093 2762 4160 accersit;
2808 4093 3024 4150 etiamsi
3051 4093 3236 4148 multis
3259 4093 3394 4151 levis
3419 4104 3474 4150 et
3504 4104 3751 4151 contem-

473 4187 678 4258 ptibilis
715 4187 808 4242 sit.

1105 4274 1335 4331 CAPUT
1384 4275 1453 4330 Χ.

550 4372 604 4425 1.
634 4368 769 4425 Nam
802 4386 1005 4425 muscae
1036 4370 1090 4423 in
1118 4379 1456 4440 unguentum
1500 4369 1773 4439 prolapsae
1804 4378 1860 4425 et
1888 4369 2058 4424 θυαε»-

2778 4278 3030 4330 ΚΕΦΑΛ.
3067 4278 3124 4331 l'.

2235 4370 2348 4422 Καὶ
2374 4367 2484 4441 γὰρ
2517 4373 2671 4441 μυῖαι
2701 4367 3042 4440 ἐμπεσοῦσαι
3082 4369 3239 4441 μύρῳ
3260 4407 3273 4431 ,
3311 4369 3411 4423 καὶ
3455 4370 3753 4445 ἐναποπνι-

476 4472 630 4528 catae,
659 4464 973 4518 indecorum
1004 4460 1187 4517 suavis
1220 4460 1367 4515 illius
1415 4462 1646 4531 liquoris
1679 4468 1964 4530 aspectum
2004 4468 2056 4514 et

2164 4465 2363 4530 γεῖσαι,
2387 4463 2672 4534 ἀσχήμονα
2701 4460 2796 4514 τοῦ
2828 4461 2982 4533 ἡδέος
3026 4462 3234 4514 ἐκείνου
3280 4462 3609 4535 χρίσματος,
3648 4465 3750 4534 τήν

478 4558 791 4612 unctionem
851 4556 1115 4611 reddunt:
1161 4555 1441 4625 sapientia:
1486 4564 1667 4608 autem
1712 4562 1769 4608 et
1818 4552 2061 4607 stultitia:

478 4648 643 4702 simul
665 4647 999 4713 meminisse,
1033 4646 1168 4700 nihil
1194 4649 1467 4702 convenit.
1505 4647 1562 4702 2.
1605 4644 1836 4716 Sapiens
1862 4648 2060 4716 quippe

478 4745 547 4797 ad
587 4758 674 4798 res
706 4741 932 4796 dextras
959 4753 1013 4795 et
1034 4740 1294 4794 honestas
1323 4739 1426 4793 sibi
1455 4739 1558 4810 ipsi
1582 4739 1695 4794 dux
1713 4748 1825 4794 est:
1861 4740 2062 4794 stultus

478 4842 661 4887 autem
691 4833 758 4887 ad
786 4832 951 4886 laevas
991 4830 1308 4901 propendet,
1327 4844 1428 4884 nec
1456 4844 1695 4899 unquam
1726 4829 1793 4884 ad
1820 4844 1908 4883 res
1924 4843 2063 4898 pra:-

549 5033 664 5157 (2033
692 5031 821 5088 Κᾶν
839 5028 1123 5113 πολλοῖς.
1161 5028 1251 5084 Sic
1272 5027 1598 5084 Bodleianus
1624 5029 1885 5101 Anglicus
1925 5030 2062 5086 liber

560 5121 587 5157 c
665 5143 679 5156 .
712 5103 906 5156 Medic.
934 5106 1004 5156 At
1027 5116 1160 5155 mss.
1187 5116 1299 5157 retr.
1325 5101 1475 5155 card.
1496 5099 1721 5155 Lothar.
1746 5110 1800 5155 et
1818 5099 2059 5157 Thuan..

665 5143 679 5156 .
712 5102 906 5156 Medic.
934 5106 1004 5156 At
1027 5116 1160 5155 mss.
1187 5116 1299 5166 reg.
1325 5101 1475 5155 card.
1496 5099 1800 5155 Lotharfet
1818 5099 2059 5165 Thuan.,

480 5174 582 5228 κᾶν
615 5173 774 5228 πολύ.
808 5172 1019 5227 Rursus
1054 5170 1198 5225 idem
1236 5172 1405 5225 codex
1438 5168 1629 5225 Medic.
1656 5186 1754 5241 pro
1783 5171 2060 5241 καταφρό-

477 5262 636 5314 νητος
659 5241 1166 5314 εει-ἰριυιηηοκὴὶικιι
1187 5237 1737 5314 εύκαταφρόνητοςῇ.
1770 5243 1849 5294 Ita
1874 5237 2060 5309 postea

480 5312 599 5381 cap.
654 5312 872 5379 “1,75,
915 5313 1103 5383 ὥσπερ
1140 5313 1400 5383 μελαίνης
1441 5312 1540 5365 καὶ
1586 5312 2059 5383 εὐκαταφρονήτου

481 5387 839 5455 καππάρεως.
872 5385 1006 5455 Duc.

553 5450 926 5522 (24)'Xp£o'm
957 5454 1129 5509 Prava
1181 5453 1342 5507 lectio
1382 5468 1605 5522 pravam
1644 5451 1854 5522 peperit
1882 5450 2058 5507 (Eco-

477 5523 736 5604 lampadii
768 5528 1128 5604 versionemz-
1168 5524 1367 5604 Musca}
1409 5532 1518 5575 tam
1570 5523 2058 5604 un‘c'tionemnqunm

482 5594 732 5661 unguenti
765 5595 956 5661 faciem
1001 5596 1227 5648 reddunt
1268 5594 1577 5661 deformem.
1634 5591 1821 5662 Neque
1867 5591 2059 5647 Billius

479 5662 1059 5733 aliter‘interpretatus
1098 5673 1213 5726 est,
1245 5665 1389 5733 quod
1441 5679 1548 5717 non
1584 5663 2060 5719 animadvertisset

480 5733 536 5785 in
562 5730 751 5804 codice
780 5732 973 5787 Medic.
1012 5730 1279 5804 scriptum
1296 5734 1491 5803 χρῆσιν
1511 5772 1525 5797 ,
1560 5750 1749 5796 usum;
1772 5749 1882 5804 quo
1900 5744 2059 5804 pacto

477 5800 884 5860 emendandum
916 5800 1427 5859 ccusuit’Musc‘ulus
1447 5819 1571 5859 cum
1593 5804 1756 5861 dixit:
1795 5800 2055 5876 Ung‘ucnti

2160 4569 2223 4605 τε.
2251 4552 2394 4621 ὄψιν,
2430 4554 2525 4605 καὶ
2554 4551 2653 4623 τὴν
2685 4551 2864 4623 χρίσιν
2909 4550 3021 4623 (24)
3054 4551 3378 4625 ἐργάζονται
3400 4569 3413 4583 ⁶
3471 4553 3664 4622 σοφίας
3691 4552 3755 4605 δὲ

2160 4643 2253 4697 καὶ
2285 4643 2598 4715 ἀφροσύνης
2618 4643 2769 4696 οὐδὲν
2791 4645 2851 4697 ὲν
2880 4626 3063 4714 ταί»τῷ
3094 4643 3405 4714 μεμνῆσθαι
3449 4644 3745 4716 προσῆκον.

2173 4734 2230 4787 '0
2267 4734 2368 4806 μέν
2411 4752 2476 4804 γε
2531 4734 2694 4805 σοφὸς
2728 4716 3042 4788 ὲαυτὸνίὲπὶ
3065 4734 3218 4800 δεξιά
3249 4734 3359 4790 τῶν
3404 4736 3750 4809 πραγμάτων
3820 4724 3825 4729 ’

2160 4826 2347 4899 ὁδηγεῖ
2370 4842 2384 4857 ⁸
2421 4827 2612 4900 ἄφρων
2632 4827 2690 4880 δὲ
2712 4828 2792 4891 εἰς
2809 4826 3076 4899 ἀριστερὰ
3101 4826 3213 4898 (25)
3232 4828 3616 4895 άπονένευκεν,
3639 4829 3749 4883 οὐδ’

2158 5026 2310 5080 illius
2322 5037 2369 5080 et
2383 5026 2604 5095 speciem
2624 5037 2673 5080 et
2694 5042 2847 5083 usum
2862 5032 3167 5095 deturpant.
3183 5024 3386 5082 Catena
3409 5027 3596 5083 Grteca
3617 5044 3721 5084 ms.
3735 5070 3749 5091 ,

2160 5100 2257 5180 καὶ
2280 5098 2399 5180 γὰρ
2428 5100 3069 5180 μυῖαιθὲναποπνιγεῖσαιι
3092 5097 3267 5180 μύρῳ,
3301 5098 3576 5180 ἄχρηστον
3616 5100 3754 5180 αύτᾷ

2162 5167 2517 5240 ἐργάζονταιο
2544 5167 2652 5230 τῶν
2688 5167 2956 5240 Ἰουδαίων
2977 5168 3081 5240 καὶ
3095 5167 3387 5239 αἱρετικῶν
3413 5167 3464 5221 οἱ
3499 5169 3752 5240 λογισμοὶ

2161 5237 2524 5310 ἐμπίπτοντες
2550 5241 2615 5309 τῇ
2649 5237 2758 5291 τῶν
2794 5238 3027 5310 Γραφῶν
3068 5237 3285 5310 εὐωδίᾳ,
3323 5240 3552 5304 ἑαυτούς
3569 5237 3627 5295 τε
3655 5237 3754 5294 θα·-

2161 5308 2401 5382 νατοῦσι,
2437 5309 2530 5382 καὶ
2564 5308 2770 5382 σαπρὸν
2814 5308 3291 5380 παρασκευάζουσι
3330 5313 3442 5373 τοῖς
3491 5311 3752 5382 πειθομὲ-

2162 5397 2272 5453 νοις
2292 5379 2363 5453 τὸ
2395 5381 2584 5453 μύρον.
2625 5379 2771 5453 Nam
2813 5379 3007 5434 musca:
3048 5382 3327 5453 sur/Tueatur
3365 5383 3419 5434 in
3456 5379 3748 5453 unguento,

2162 5450 2349 5503 inutile
2379 5450 2552 5520 ipsum
2577 5451 2841 5520 reddunt:
2873 5467 3058 5505 sensus
3086 5452 3402 5506 Iudaeorum
3443 5462 3495 5506 et
3532 5450 3751 5509 lucreti-

2161 5537 2344 5594 corum
2373 5519 2428 5575 in
2464 5521 2655 5574 bonam
2695 5519 2987 5594 Scriptura:
3024 5523 3388 5594 fragrantiam
3434 5523 3748 5587 incidentes,

2160 5591 2962 5663 etseipsoamorteraﬁiciunt,
3008 5603 3058 5646 et
3102 5591 3427 5663 unguentum
3470 5594 3750 5662 putridum

2161 5661 2403 5733 efﬁciunt
2436 5661 2565 5725 illis,
2599 5662 2690 5729 qui
2716 5665 2947 5733 obsecuti
2978 5666 3053 5717 eis
3081 5661 3406 5733 fuerintaln.

2234 5731 2347 5808 (‘25?)
2375 5735 2477 5808 Εἰς
2504 5732 2807 5808 ᾁριστερᾴ.
2846 5734 3017 5790 Codd.
3060 5731 3172 5808 reg.
3209 5744 3264 5792 et
3295 5731 3490 5805 Savil.,
3522 5736 3603 5798 είς
3636 5735 3754 5808 ἀριο

2163 5802 2385 5872 στεράν,
2411 5806 2478 5856 ad
2509 5806 2715 5859 lteram.
2748 5806 2825 5859 ln.
3124 5802 3148 5808 ⁷
3476 5802 3483 5805 ”
3675 5802 3690 5808 ⁷
3815 5808 3821 5816 ”
