4090 6438
367 427 524 485 1013

1459 432 1943 491 METAPIIRASIS
1991 432 2060 490 IN
2099 433 2633 491 ECCLESIASTEN.

3497 433 3639 492 10M

356 548 527 603 In!»
546 548 636 600 ὅτε
664 545 847 601 καλῶν
868 545 1048 618 ὁδηγῷ
1067 549 1409 620 πραγμάτων
1448 544 1726 624 ἀφροσύνῃ
1771 554 1949 625 χρήσει

2068 553 2245 610 claras
2269 553 2407 610 duce
2441 555 2669 610 stultitia
2702 561 2900 611 utetur.
2943 554 2995 609 5.
3023 554 3167 622 Quin
3204 555 3377 625 ipsius
3417 569 3638 625 quaque

352 655 488 693 ται.
520 638 741 692 Μάταια
767 638 825 691 δὲ
852 637 1017 691 αὐτοῦ
1051 639 1143 691 καὶ
1186 638 1254 694 τὰ
1285 639 1645 711 ἐνθυμήματα
1668 680 1685 706 ,
1722 642 1964 714 ἀφροσύ-

354 747 477 802 νης
507 729 990 800 ἀναπεπλησμένα.
1037 729 1097 782 Εἰ
1145 730 1202 784 δέ
1230 732 1325 784 καὶ
1356 730 1575 802 πνεῦμά
1615 736 1696 787 σοί
1730 752 1879 800 ποτε,
1913 730 1959 789 ὦ

355 822 552 892 φίλος,
580 821 838 893 πολέμιον
870 821 1192 894 προσπέσοι,
1229 823 1445 895 ἐνστηθι
1479 805 1838 895 ἐρρωμένως,
1868 845 1958 897 γι-

354 913 603 967 νώσκων
629 913 707 978 ὡς
730 913 824 967 καὶ
857 914 1069 969 πολλῶν
1118 916 1533 987 ἁμαρτημάτων
1573 918 1775 990 πλῆθος
1828 920 1960 995 Θεδς

360 1005 666 1060 ἱλάσασθαι
699 1006 938 1062 δύναται.
964 1008 1241 1080 Τυράννου
1262 1009 1325 1083 ,δέ
1347 1010 1483 1081 ἔργα
1505 1010 1701 1076 ταῦτα,
1737 1012 1832 1066 καὶ
1856 1000 1969 1067 πάλ

1976 1066 1983 1073 κ

356 1097 506 1169 ’πρὸς
532 1099 715 1169 πάσης
747 1100 1030 1172 πονηρίας⁸
1065 1101 1155 1153 τὸν
1183 1102 1278 1172 μὲν
1307 1101 1517 1174 ἄφρονα
1543 1106 1624 1166 είς
1652 1103 1785 1173 ῦψος
1811 1106 1961 1177 αῖρε-

358 1188 538 1254 σθαι,
580 1190 672 1245 τὸν
714 1191 969 1245 πλούσιον
1011 1191 1069 1245 δὲ
1108 1194 1364 1264 φρονήσει
1404 1194 1822 1249 ταπεινοῦσθαι·
1865 1198 1958 1251 καὶ

353 1279 595 1344 δούλους
627 1281 723 1352 μὲν
755 1283 1039 1357 ἀμαρτιῶν
1076 1286 1169 1338 ἐπὶ
1195 1286 1361 1338 ἵππον
1377 1286 1729 1358 φερομένους,
1762 1287 1959 1358 ἄνδρας

354 1370 427 1424 δὲ
469 1373 647 1444 ίεροὺς
676 1373 991 1443 βαδίζοντας
1023 1376 1234 1447 ἀτίμως
1264 1379 1519 1450 ὁρᾶσθαι,
1556 1380 1665 1435 τῶν
1705 1382 1958 1454 πονηρῶν

355 1465 783 1536 γαυρουμένων.
813 1467 875 1520 Ei
904 1468 962 1521 δέ
990 1485 1074 1532 τις
1112 1469 1282 1541 έτέρῳ
1329 1471 1701 1538 ἐπιϐουλεύει,
1735 1473 1957 1545 λέληθεν

357 1558 538 1611 αὑτὸν
551 1557 627 1622 ὡς
650 1559 826 1631 ἐαυτῷ
859 1559 1061 1633 πρώτῳ
1098 1564 1191 1616 καὶ
1223 1563 1371 1635 μόνῳ
1403 1564 1617 1636 ἐνεδρον
1646 1567 1952 1638 ἐργάζεται.

368 1646 439 1701 Ὀ
462 1648 520 1701 δὲ
552 1648 832 1721 καθαιρῶν
846 1651 1004 1707 ἄλλου
1022 1653 1343 1721 ἀσφάλειαν,
1378 1661 1753 1728 περιπεσεῖται
1782 1659 1960 1729 ὄφεως

352 1738 626 1812 δήγματι.
652 1742 814 1796 Ἀλλὰ
848 1744 921 1816 μὴ
955 1744 1067 1817 [Ion
1104 1746 1234 1818 μὴν]
1274 1750 1303 1801 6
1342 1747 1520 1814 λίθους
1554 1751 1955 1824 ἐξαιρούμενος,

355 1832 588 1887 ὑποίσει
602 1834 762 1888 πόνον
779 1835 841 1889 ού
856 1835 1075 1909 μικρόψ
1098 1837 1234 1892 ἀλλὰ
1249 1842 1340 1896 καὶ
1356 1841 1553 1912 σχίζων
1563 1842 1715 1909 ξύλα,
1733 1845 1791 1898 ἐν
1808 1843 1956 1917 αύτῷ
1984 1868 2003 1889 ε
2028 1836 2031 1839 ’

353 1922 448 1994 τῷ
474 1923 659 1995 οἰκείῳ
673 1923 822 1995 ὅπλῳ
851 1922 944 1980 τὸν
970 1927 1214 1983 κίνδυνον
1233 1931 1389 2001 οίσει.
1422 1932 1549 1985 Ἐὰν
1578 1933 1636 1987 δὲ
1657 1935 1836 2007 συμϐῇ
1854 1934 1949 1990 τοῦ

2057 1938 2311 2003 extrahit,
2369 1939 2610 1994 laborem
2665 1940 2809 1994 haud
2872 1954 3097 2009 parvum
3140 1936 3399 2003 sulIeret;
3434 1946 3489 1991 et
3535 1935 3633 2005 qui
3739 1987 3743 1991 .

355 2010 590 2066 στελεοῦ
615 2012 725 2084 (26)
742 2013 834 2085 τὸν
862 2014 1095 2071 πέλεκυν
1122 2018 1449 2091 ἐκπηδῆσαι,
1473 2021 1905 2094 θορυϐηθήσεται
1923 2029 1953 2080 6

351 2103 543 2158 ταῦτα
570 2105 955 2178 ἐργαζόμενος,
989 2109 1089 2163 οὑκ
1114 2111 1201 2163 ἐπ’
1225 2111 1414 2183 ἀγαθῷ
1444 2114 1793 2186 συγκομίζων
1813 2157 1829 2183 ,
1858 2118 1952 2171 καὶ

304 2244 307 2245 ,
350 2198 620 2266 ἐπαύξων
652 2200 815 2264 αὐτὸς
843 2202 943 2275 τὴν
961 2202 1155 2258 ἑαυτοῦ
1187 2204 1371 2259 ἄδικον
1420 2208 1511 2261 καὶ
1542 2208 1828 2281 ὠκύμορον
1860 2211 1952 2265 δύ-

349 2308 549 2362 ναμιν.
583 2293 804 2362 Ὄφεως
823 2294 881 2348 δὲ
906 2295 1089 2367 δῆγμα
1118 2296 1374 2369 λαθραῖον
1396 2317 1411 2330 ο
1436 2301 1590 2355 οὐδὲν
1619 2303 1948 2377 παραμυθή-

352 2401 555 2438 σονται
580 2386 630 2439 oi
662 2387 954 2460 ἐπᾴδοντες
976 2406 990 2419 ·
1018 2388 1234 2460 μάταιοι
1272 2391 1381 2462 γάρ
1403 2395 1558 2448 εἰσιν.
1620 2394 1758 2448 Ἀλλ’
1787 2397 1817 2448 6
1850 2396 1949 2467 μὲν

348 2476 573 2547 ἀγαθὸς
595 2479 736 2552 ἀνὴρ
765 2480 946 2550 ἀγαθά
976 2482 1267 2554 ἐργάζεται
1288 2482 1438 2557 αὑτῷ
1464 2503 1523 2541 τε
1544 2488 1638 2542 καὶ
1667 2491 1781 2552 τοῖς
1814 2488 1950 2560 πλη-

351 2569 484 2625 σίον
508 2578 522 2601 ⁶
558 2573 587 2626 6
627 2571 684 2626 δὲ
725 2572 916 2647 ἄφρων
959 2577 1040 2639 είς
1082 2575 1304 2648 ὄλεθρον
1350 2578 1670 2649 ἐμπεσεῖται
1713 2581 1803 2637 διά
1846 2583 1948 2654 τῆς

348 2661 534 2718 αὐτοῦ
562 2664 844 2738 φλυαρίας.
884 2669 995 2722 Καὶ
1023 2667 1169 2734 ἀπαξ
1193 2669 1411 2734 ἀνοίξας
1439 2672 1502 2725 τὸ
1536 2673 1710 2745 στόμα
1729 2715 1743 2737 ,
1784 2676 1948 2748 ἀρχε-

347 2773 453 2811 ται
483 2758 765 2831 ἀφρόνως,
782 2760 876 2816 καὶ
913 2763 1145 2819 παύεται
1165 2766 1395 2837 ταχέως,
1423 2765 1512 2820 διὰ
1540 2767 1743 2832 παντὸς
1784 2768 1948 2823 ἐνδει-

348 2850 634 2922 κνύμενος
651 2852 973 2925 τὴνέαυτοῦ
1007 2857 1211 2913 ἄνοιαν.
1265 2859 1559 2932 Ἀνθρώπῳ
1589 2860 1646 2914 δὲ
1687 2860 1948 2915 ἀδύνατόν

346 2962 407 2998 τι
447 2944 680 3014 γνῶναι,
717 2948 811 3001 καὶ
836 2949 987 3022 παρά
1005 2951 1290 3023 ἀνθρώπου
1323 2952 1511 3024 μαθεῖν
1530 2953 1600 3006 τά
1619 2954 1717 3008 ἀπ’
1747 2954 1943 3026 ἀρχῆςν

269 3096 278 3105 α
348 3035 386 3108 ἢ
411 3037 494 3091 τὰ
521 3037 763 3094 ἐπιόντα.
799 3041 897 3106 Τίς
922 3042 1034 3114 γὰρ
1058 3042 1211 3098 ἔσται
1242 3046 1270 3098 6
1303 3046 1590 3116 μηνύσων;
1626 3044 1946 3117 Ἀνθρωπος

345 3129 412 3184 δὲ
453 3129 520 3193 ὃς
545 3130 648 3185 οὑκ
665 3127 804 3186 οἶδεν
829 3134 912 3199 είς
934 3135 1035 3206 τὴν
1055 3135 1262 3207 ἀγαθὴν
1284 3137 1615 3208 πορευθῆναι
1644 3138 1822 3201 πόλιν,
1852 3138 1946 3193 κά-

347 3238 537 3277 κωσιν
586 3221 846 3296 ὑπομένει
864 3265 881 3289 ,
930 3229 1044 3292 τοῖς
1079 3244 1141 3282 τε
1172 3227 1468 3301 ὀφθαλμοῖς
1485 3269 1500 3295 ,
1531 3231 1626 3283 καὶ
1665 3229 1761 3301 τῷ·
1780 3230 1946 3285 παντὶ⁵

347 3311 665 3386 προσώπῳ.
717 3316 876 3370 Πόλει
917 3318 976 3391 δὲ
1018 3319 1204 3394 ἐκείνῃ
1247 3320 1392 3375 κακά
1436 3320 1706 3393 προλέγω,
1732 3318 1801 3394 ἦς
1827 3323 1856 3375 ὅ
1881 3339 1942 3375 τε

349 3403 620 3478 βασιλεὺς
648 3407 786 3472 νέος,
824 3409 920 3463 καὶ
946 3412 996 3465 οί
1013 3411 1272 3484 ἄρχοντες
1290 3414 1716 3486 γαστρίμαργοι.
1750 3416 1944 3469 Μακα-

350 3499 500 3570 ρίζω
529 3498 709 3570 δέγῆν
739 3501 838 3572 τὴν
869 3501 1079 3576 ἀγαθὴν
1104 3543 1119 3569 ,
1152 3500 1221 3578 ἦς
1261 3503 1534 3576 βασιλεύει
1555 3507 1585 3559 6
1614 3505 1710 3561 τοῦ
1739 3506 1946 3560 ἐλευθέ-

349 3607 458 3661 ρου
494 3590 639 3655 υίός·
685 3590 813 3648 ἔνθα
841 3594 1115 3667 εὐκαίρως
1149 3597 1548 3652 ἀπολαύσουσιν
1589 3598 1809 3668 ἀγαθῶν
1833 3638 1850 3663 ,
1891 3600 1941 3653 oi

348 3683 545 3737 ἐκεῖσε
588 3684 779 3758 ἄρχειν
820 3687 1131 3761 ἠξιωμένοι.
1185 3691 1442 3764 Ὀκνηρὸς
1495 3692 1553 3747 δὲ
1612 3694 1705 3748 καὶ.
1751 3693 1941 3766 ἀργὸς,

347 3775 511 3829 οἶκον
553 3776 836 3833 ἐλαττοῦσι
879 3781 1171 3852 χλευασταὶ
1214 3783 1530 3856 γενόμενον
1580 3787 1674 3840 καὶ
1722 3787 1803 3850 είς
1843 3785 1942 3858 τὴν

349 3865 569 3923 ἑαυτῶν
600 3866 954 3941 λαιμαργίαν,
982 3876 1098 3939 τοῖς
1129 3876 1263 3929 πᾶσι
1292 3874 1736 3949 καταχρώμενοι,
1770 3878 1942 3948 ἀργυ-

351 3957 465 4029 ρίῳ
539 3956 850 4029 ἀγώγιμοι,
913 3962 1076 4017 ἕνεκα
1138 3965 1320 4034 ὀλίγου
1398 3967 1705 4039 τιμήματος
1764 3969 1942 4022 πάντα

350 4046 604 4117 αἰσχρῶς
634 4050 729 4102 καὶ
758 4051 1028 4115 ταπεινῶς
1055 4055 1322 4125 πράσσειν
1353 4057 1731 4128 ὑπομένοντες.
1773 4058 1941 4111 Βασι-

349 4138 445 4191 λεῖ
466 4137 545 4202 δὲ,
571 4140 664 4193 καὶ
685 4140 962 4213 ἄρχουσιν,
983 4144 1017 4216 ἢ
1039 4145 1325 4211 δυνάσταις
1340 4146 1631 4201 ὑπακούειν
1653 4150 1938 4220 προσήκει,

350 4230 455 4284 καὶ
480 4229 580 4283 οὐκ
605 4230 1028 4303 ἀπεχθάνεσθαι,
1063 4237 1171 4290 οὐδ’
1191 4237 1329 4302 ὅλως
1368 4237 1611 4311 λυπηρόν
1641 4256 1696 4292 τι
1726 4240 1807 4302 είς
1844 4240 1942 4292 αύ-

300 4393 305 4401 .
346 4323 486 4386 τοὺς
520 4323 670 4395 ῥῆμα
695 4324 1077 4398 ἀπορρίπτειν.
1113 4329 1243 4394 Δέος
1273 4329 1402 4403 γὰρ,
1436 4331 1510 4403 μὴ
1542 4331 1603 4385 τὸ
1629 4331 1722 4386 καὶ
1752 4330 1816 4384 τὸ
1837 4348 1939 4385 κα-

349 4415 933 4489 ταμόναςείρημένον,
962 4422 1042 4486 είς
1069 4423 1302 4494 φανερόν
1341 4440 1460 4487 πως
1506 4423 1653 4495 ἔλθῃ.
1695 4422 1785 4495 Τῷ
1831 4422 1939 4495 γὰρ

294 4571 308 4576 _
353 4509 509 4581 μόνῳ
542 4510 638 4565 καὶ
664 4510 905 4583 πλουσίῳ
929 4513 1022 4566 καὶ
1054 4513 1275 4587 μεγάλῳ
1306 4516 1513 4586 βασιλεῖ
1547 4515 1763 4586 ἄγγελοι
1799 4516 1938 4583 ὀξεῖς

1972 3284 2017 3345 C

2065 647 2423 716 cogitationes
2452 661 2607 702 vanae
2642 655 2796 712 sunt,
2823 648 3053 703 stultitia
3096 648 3343 719 oppletae.
3385 649 3438 703 1.
3476 647 3636 715 Quod

2065 738 2112 792 si
2142 745 2212 804 te,
2243 753 2279 793 ο
2314 740 2509 804 amice,
2548 741 2773 810 spiritus
2808 740 3025 797 hostilis
3068 741 3363 810 aliquando
3410 743 3637 796 adortus

2064 826 2249 894 fuerit,
2285 829 2412 885 forti
2445 830 2630 885 animo
2656 831 2852 887 resiste
2872 871 2887 892 ,
2915 831 3093 887 sciens
3134 830 3303 886 Deum
3334 832 3417 884 vel
3448 832 3636 901 ingen-

2062 929 2172 976 tem
2203 933 2547 992 peccatorum
2588 923 2989 981 multitudinem
3013 922 3350 993 benignitate
3379 938 3477 977 sua
3497 938 3634 978 con-

2064 1015 2271 1069 donare
2301 1028 2480 1078 posse.
2525 1014 2575 1067 5.
2615 1015 2851 1085 Tyranni
2898 1023 3079 1069 autem
3131 1014 3411 1084 patrisque
3454 1015 3634 1068 omnis

2064 1104 2304 1167 malitias,
2337 1105 2452 1158 haec
2482 1118 2647 1173 opera
2686 1101 3000 1157 fuerint:6.
3046 1103 3270 1158 stultum
3316 1100 3535 1171 quidem
3575 1100 3633 1154 in

2064 1195 2296 1249 sublime
2320 1195 2489 1248 attolli
2511 1211 2526 1261 ;
2550 1194 2849 1263 prudentiae
2870 1202 3054 1262 autem
3087 1192 3280 1263 opibus
3301 1192 3628 1255 alllucntem,

2063 1288 2324 1359 deprimi:
2381 1288 2431 1342 7.
2493 1298 2938 1359 etpeccatorum
2969 1288 3189 1358 quidem
3221 1304 3444 1355 servos,
3476 1289 3634 1358 equis

2064 1391 2283 1446 vectos;
2336 1390 2716 1437 sacrosanctos
2756 1396 2884 1435 vero
2927 1381 3212 1447 homines,
3259 1380 3488 1451 pedibus
3533 1381 3634 1436 iter

2063 1473 2386 1528 inhonorate
2418 1472 2678 1529 l'acientes
2696 1474 2965 1543 conspici,
3008 1473 3271 1543 improbis
3309 1455 3633 1528 exsultanti-

2062 1563 2186 1619 bus.
2228 1565 2283 1619 8.
2322 1564 2478 1632 Quod
2510 1565 2557 1620 si
2588 1566 2713 1635 quis
2751 1565 2902 1621 alteri
2943 1565 3168 1620 insidias
3199 1565 3489 1629 moliatur,
3525 1563 3633 1617 im-

2061 1656 2303 1727 prudens
2332 1657 2440 1714 sibi
2473 1657 2575 1727 ipsi
2611 1658 2790 1727 primo
2820 1666 2874 1713 et
2894 1659 2995 1714 soli
3034 1656 3264 1713 insidias
3307 1656 3488 1711 struit.
3528 1654 3634 1721 Qui

2063 1758 2244 1805 autem
2286 1750 2509 1807 alterius
2563 1752 2910 1807 securitatem
2964 1751 3176 1815 evertit,
3240 1749 3297 1805 in
3364 1749 3633 1818 serpentis

2062 1858 2307 1899 morsum
2351 1844 2683 1914 prolabetur.
2725 1845 2779 1900 9.
2813 1844 2954 1912 Quin
2994 1845 3041 1900 is
3084 1844 3247 1899 etiam
3295 1843 3388 1913 qui
3427 1840 3634 1911 lapides

2056 2028 2204 2102 ligna
2238 2031 2573 2097 conscindit,
2609 2030 2666 2086 in
2697 2031 2896 2095 suimet
2933 2031 3101 2086 armis
3140 2028 3439 2100 periculum
3472 2027 3628 2083 feret.
3668 2036 3679 2042 ‘

2058 2120 2146 2176 10.
2180 2120 2341 2188 Quod
2393 2121 2439 2176 si
2479 2118 2620 2176 forte
2666 2121 2874 2176 securis
2928 2136 2961 2175 e
3008 2120 3297 2175 manubrio
3344 2119 3631 2182 exsilierit,

2055 2211 2471 2268 conturbabitur
2504 2211 2597 2282 qui
2637 2211 2765 2266 huic
2808 2212 2959 2280 operi
3016 2210 3300 2277 incumbit,
3346 2208 3632 2279 haudquao

2055 2319 2220 2375 quam
2257 2303 2434 2360 fauste
2456 2312 2828 2373 comportans,
2862 2297 3101 2372 suasque
3131 2301 3363 2371 injustas
3386 2308 3440 2355 et
3478 2300 3628 2355 brevi

2054 2397 2328 2468 perituras
2346 2396 2492 2473 vires
2523 2396 2630 2466 ipsi
2662 2396 2959 2468 adaugen‘s.
3004 2396 3093 2450 11.
3121 2393 3218 2451 Est
3248 2409 3380 2449 vero
3409 2408 3628 2449 morsus

2054 2491 2324 2561 serpentis
2373 2488 2611 2545 furtivus
2644 2505 2731 2555 ,ac
2762 2488 3255 2545 clandestinuszret
3283 2486 3419 2541 nihil
3445 2487 3628 2543 solatii

2053 2577 2283 2633 aﬂ‘erent
2310 2578 2710 2645 incantatores;
2730 2580 2855 2633 vani
2874 2578 3021 2633 enim
3043 2587 3189 2634 sunt.
3223 2577 3312 2645 12.
3336 2574 3628 2631 Enimvero

2054 2653 2230 2724 bonus
2269 2668 2370 2733 vir,
2407 2678 2523 2724 tum
2563 2669 2688 2733 sibi,
2722 2678 2835 2724 tum
2865 2669 3133 2739 proximis
3160 2669 3306 2725 bona
3333 2673 3620 2737 Operatur:

2055 2762 2142 2817 15.
2184 2761 2403 2827 Contra,
2433 2762 2632 2818 stultus
2664 2762 2844 2831 inepta
2883 2776 2981 2817 sua
3002 2761 3331 2831 loquacitate
3362 2761 3417 2812 in
3443 2756 3626 2828 perni-

2052 2854 2190 2910 ciem
2223 2862 2365 2909 ruet.
2408 2854 2495 2908 u.
2535 2852 2673 2910 Cum
2713 2854 2878 2909 semel
2908 2868 2969 2907 os
3001 2853 3302 2923 aperuerit,
3329 2853 3493 2907 stulte
3530 2867 3627 2906 or-

2050 2946 2221 3010 ditur,
2266 2955 2320 3001 et
2368 2946 2549 3002 statim
2582 2946 2796 3001 dicendi
2855 2945 3016 2999 ﬁnem
3059 2943 3213 3009 facit,
3272 2943 3623 3000 stoliditatem

2053 3055 2208 3096 suam
2247 3038 2426 3095 ubivis
2449 3038 2763 3095 ostendens.
2792 3037 2935 3093 Fieri
2959 3045 3143 3093 autem
3165 3037 3391 3092 minime
3421 3044 3622 3107 potest,

2052 3141 2113 3188 ut
2135 3132 2302 3187 homo
2335 3147 2399 3186 ea
2438 3146 2561 3202 qua:
2597 3146 2628 3185 a
2660 3130 2924 3200 principio
2953 3128 3177 3185 fuerunt
3204 3137 3299 3185 aut
3321 3138 3507 3199 postea
3535 3127 3623 3183 fu-

2050 3233 2173 3280 tura
2225 3232 2374 3288 sunt,
2430 3231 2822 3294 cognoscatet
2868 3221 2937 3277 ab
2977 3222 3197 3277 homine
3245 3222 3438 3277 discat.
3486 3221 3623 3287 Quis

2046 3319 2193 3373 enim
2236 3317 2370 3381 erit,
2405 3315 2500 3386 qui
2550 3314 2796 3387 aperiat?
2835 3314 2922 3369 15.
2965 3312 3161 3377 Homo,
3209 3313 3388 3384 quiin
3419 3313 3620 3369 bonam

2046 3409 2318 3466 civitatem
2364 3406 2638 3478 proﬁcisci
2680 3407 2894 3473 nescit,
2939 3412 2991 3461 et
3026 3404 3203 3462 oculis
3228 3414 3284 3461 et
3323 3414 3437 3460 toto
3463 3405 3617 3461 vultu

2046 3501 2356 3560 aﬂictatur.
2397 3502 2486 3556 16.
2518 3499 2655 3556 Huic
2682 3508 2865 3555 autem
2894 3498 3099 3553 civitati
3122 3498 3264 3553 mala
3288 3499 3619 3569 praenuntio,

2045 3594 2202 3665 cujus
2224 3601 2280 3649 et
2317 3609 2417 3650 rex
2449 3592 2767 3648 adolescens
2793 3600 2895 3655 est,
2927 3598 2981 3645 et
3004 3589 3276 3661 principes
3311 3589 3618 3646 helluones.

2049 3685 2139 3743 17.
2165 3684 2402 3749 Contra,
2456 3685 2656 3741 bonam
2693 3683 2839 3737 illam
2879 3690 3079 3738 terram
3109 3681 3323 3742 beatam
3355 3681 3625 3752 praedico,

2045 3780 2204 3851 cujus
2237 3779 2506 3850 ingenuus
2545 3778 2631 3833 vir
2668 3792 2897 3848 regnum
2941 3785 3119 3832 tenet:
3174 3775 3267 3831 ubi
3297 3777 3623 3847 tempestive

2044 3873 2207 3929 bonis
2248 3871 2527 3937 fruuntur,
2549 3870 2643 3941 qui
2668 3870 2780 3926 illic
2809 3869 3147 3939 praefecturis
3180 3877 3236 3924 et
3260 3869 3621 3939 dignitatibus

2044 3966 2223 4022 ornati
2265 3974 2415 4022 sunt.
2456 3962 2549 4019 18.
2585 3962 2658 4017 At
2692 3962 2844 4033 piger
2873 3970 2927 4017 et
2952 3944 3209 4032 ignavus
3241 3960 3467 4016 domum
3510 3961 3618 4017 mi-

2042 4065 2241 4123 nuunt,
2263 4055 2535 4111 derisores
2572 4061 2628 4108 et
2655 4067 2859 4108 scurra:
2887 4050 3050 4107 facti:
3097 4050 3185 4107 19.
3229 4060 3395 4122 atque
3436 4053 3504 4106 ad
3534 4052 3619 4105 in-

2043 4146 2278 4218 gluviem
2326 4160 2483 4201 suam
2532 4144 2697 4199 rebus
2728 4142 2987 4197 omnibus
3034 4142 3339 4207 abutentes,
3385 4147 3617 4211 argento

2042 4238 2276 4292 ductiles
2302 4275 2318 4301 ,
2379 4235 2561 4306 exigui
2610 4234 2769 4304 pretii
2806 4249 2973 4290 causa
3031 4234 3262 4305 turpiter
3305 4243 3359 4290 et
3407 4234 3617 4305 abjecte

2042 4328 2259 4399 quidvis
2286 4327 2465 4383 facere
2495 4326 2848 4381 sustinentes.
2882 4326 2972 4379 20.
3007 4324 3141 4396 Regi
3169 4337 3349 4381 autem
3393 4334 3447 4381 et
3477 4339 3633 4396 prae--

2044 4419 2202 4475 lectis
2234 4427 2327 4474 aut
2356 4417 2676 4488 proceribus
2715 4416 3025 4473 audientem
3072 4432 3195 4473 esse
3236 4418 3510 4483 convenit,
3551 4433 3617 4474 ac

2043 4526 2151 4567 non
2182 4510 2316 4580 ipsis
2345 4510 2398 4564 in
2434 4508 2696 4565 offensam
2726 4509 2930 4576 venire,
2968 4524 3067 4565 nec
3102 4509 3395 4565 molestum
3442 4509 3614 4568 ullum

338 4602 451 4655 -καὶ
491 4601 787 4676 ὑπόπτεροι
836 4604 1053 4660 ἅπαντα
1102 4607 1497 4679 διακομίζουσι,
1563 4607 1939 4680 πνευματικὴν

2050 4602 2270 4659 verbum
2296 4602 2351 4656 in
2383 4615 2480 4657 eos
2501 4601 2786 4672 projicere.
2812 4601 3123 4657 Periculum
3153 4602 3301 4656 enim
3329 4610 3434 4669 est,
3456 4616 3527 4657 ne
3559 4602 3613 4657 id

347 4694 490 4765 ὁμοῦ
523 4696 617 4749 καὶ
635 4695 859 4767 λογικὴν
882 4697 1164 4763 τελοῦντες
1196 4701 1306 4772 ὑπη
1316 4702 1517 4773 ρεσίαν.

2041 4695 2207 4752 etiam
2232 4693 2379 4765 quod
2407 4693 2620 4749 occulte
2635 4708 2699 4749 ac
2718 4694 2941 4751 remotis
2963 4694 3184 4751 arbitris
3202 4693 3406 4749 dictum
3425 4691 3608 4757 fuerit,

351 4787 409 4842 in
432 4776 607 4845 lucem
638 4789 777 4848 forte
794 4793 996 4849 veniat.
1022 4793 1235 4851 Etenim
1258 4796 1362 4852 soli
1393 4806 1446 4853 et
1468 4798 1621 4853 diviti
1656 4807 1711 4854 et
1731 4812 1928 4869 magno
1952 4793 2063 4865 regi
2103 4789 2281 4845 nuntii
2328 4789 2532 4845 celeres
2565 4797 2622 4844 et
2683 4789 2904 4857 pennati
2938 4789 3124 4845 omnia
3160 4786 3465 4887 perferunt,
3498 4788 3610 4858 spie-

349 4883 502 4940 ritali
534 4885 698 4942 simul
728 4896 784 4943 et
820 4888 1077 4943 rationali
1109 4889 1417 4947 ministerio
1447 4889 1756 4963 fungentes.

949 4984 1202 5040 ΚΕΦΑΛ.
1234 4984 1357 5057 nr.

423 5071 718 5126 Κοινωνεῖν
739 5088 815 5141 γε,
837 5073 944 5145 μὴν
962 5075 1132 5146 ἄρτου
1154 5077 1368 5132 καὶτῶν
1384 5078 1716 5148 ἀναγκαίων,
1737 5079 1772 5135 ἃ
1795 5077 1931 5151 πρδς

349 5163 444 5217 τδν
489 5163 602 5234 βίον
641 5163 967 5236 ἀνθρώποις,
1013 5167 1243 5223 δίκαιον.
1273 5170 1335 5222 Et
1364 5169 1472 5242 γὰρ
1492 5171 1587 5224 καὶ
1619 5173 1928 5243 παραυτίκα

348 5256 462 5308 τισὶ
487 5252 659 5320 δόξεις
685 5254 998 5320 ἀπολλύναι,
1028 5256 1216 5333 ῶσπερ
1254 5259 1406 5314 ὕδατι
1437 5261 1530 5315 τὸν
1558 5262 1722 5334 ἄρτον
1755 5281 1930 5337 παρα-

278 5350 307 5415 ρ
349 5344 525 5410 διδοὺς
549 5385 568 5411 ,
591 5344 708 5399 ἀλλ’
734 5341 829 5400 οῦν
849 5349 1130 5419 προίόντος
1156 5350 1250 5405 τοῦ
1280 5353 1496 5424 χρόνου,
1532 5355 1632 5408 οὐκ
1671 5355 1929 5426 ἀνόνητός

354 5455 439 5493 σοι
460 5444 714 5515 ¹φανεῖται
738 5444 773 5515 ή
802 5442 1197 5516 φιλανθρωπία.
1238 5448 1392 5502 Δίδου
1430 5449 1488 5503 δὲ
1525 5451 1760 5521 ἀφειδῶς
1786 5498 1800 5517 ,
1833 5453 1929 5506 καὶ

358 5530 546 5619 μὲριζε
585 5533 654 5589 τὰ
698 5534 900 5590 σαυτοῦ
950 5537 1227 5592 πλείοσινσ
1276 5540 1337 5594 οὐ
1380 5540 1491 5613 γὰρ
1541 5543 1830 5597 ἐπίστασαι
1876 5544 1928 5597 τί

324 5664 327 5667 μ
355 5636 485 5676 ποτε
513 5620 794 5697 ἦέπιοῦσα
832 5627 1087 5699 ἐποίησεν
1117 5630 1320 5702 ἡμέρα.
1367 5633 1677 5705 Κατὲχουσι
1712 5636 1771 5689 δέ
1808 5634 1928 5688 οὐδὲ

355 5714 568 5784 νεφέλαι
592 5716 683 5773 τὸν
712 5720 922 5775 ἑαυτῶν
956 5720 1120 5776 πολὺν
1151 5722 1323 5789 ὑετὸν,
1341 5725 1476 5780 ἀλλά
1502 5727 1592 5781 τὸν
1612 5728 1816 5801 ὄμϐρον
1836 5733 1931 5786 ἐπὶ

400 5873 536 5947 οβϐ)
577 5879 851 5937 Στελεοῦ.
882 5880 1053 5941 Codd.
1076 5897 1187 5955 reg.
1217 5893 1269 5940 et
1284 5883 1501 5953 Medic.,
1527 5885 1825 5960 στελέχους.
1846 5891 1979 5951 Duc.

2641 4975 2870 5033 CAPUT
2907 4975 2999 5031 XI.

2111 5070 2162 5124 1.
2203 5069 2418 5125 iustum
2458 5077 2543 5124 est
2575 5078 2756 5125 autem
2789 5069 2968 5140 egenti
2992 5084 3211 5140 panem,
3241 5078 3299 5125 et
3314 5082 3376 5125 ea
3398 5063 3609 5137 quaead

2037 5160 2202 5215 vitam
2238 5160 2494 5214 tuendam
2523 5160 2829 5215 necessaria
2857 5170 3008 5228 sunt,
3035 5159 3321 5231 impertiri.
3349 5157 3609 5224 Quamvis

2030 5252 2176 5307 enim
2197 5251 2250 5306 id
2270 5251 2452 5307 statim
2471 5251 2774 5321 perdidisse
2788 5253 3115 5321 quibusdam
3138 5251 3393 5312 videaris,
3415 5265 3610 5319 quem-

2030 5342 2326 5399 admodum
2358 5343 2404 5398 si
2437 5359 2633 5413 panem
2676 5344 2732 5399 in
2781 5357 2979 5413 aquam
3018 5341 3386 5411 conjecisses;
3423 5350 3607 5395 tamen

2032 5451 2328 5508 progressu
2380 5435 2645 5506 temporis
2698 5449 3044 5505 nequaquam
3083 5430 3457 5501 inirugil‘eram
3507 5431 3607 5487 tibi

2032 5528 2203 5585 fuisse
2234 5527 2649 5585 beneﬁcentiam
2679 5526 3002 5596 comperies.
3037 5526 3092 5580 2.
3136 5524 3277 5591 Quin
3310 5524 3607 5580 liberaliter

2033 5634 2252 5691 quoque
2281 5619 2531 5690 elargire,
2561 5619 2917 5689 pluribusquc
2942 5626 3064 5673 tuas
3082 5616 3362 5672 facultates
3390 5616 3603 5671 divide:

2037 5731 2149 5772 non
2176 5713 2320 5772 enim
2346 5714 2444 5770 tibi
2468 5723 2657 5769 notum
2689 5720 2795 5777 est,
2822 5709 2954 5782 quid
2989 5710 3205 5767 tandem
3235 5717 3455 5780 postera
3489 5709 3608 5766 dies
