4090 6388
478 356 623 431 1015'

1648 366 1705 425 S.
1749 366 2077 425 GREGORII
2119 365 2633 424 TIIAUMATUBGI

3598 358 3738 415 i016

471 489 690 547 eﬂiciet.
737 487 790 543 '5.
825 484 961 543 Nam
1000 500 1175 557 neque
1203 486 1377 541 nubes
1422 483 1700 555 copiosam
1736 499 1893 540 suam
1925 485 2042 553 plu-

2151 485 2253 555 γῆν
2278 484 2471 551 ἀφιᾶσι
2494 500 2506 513 ·
2543 483 2639 536 καί
2659 479 2779 535 οὐδὲ
2804 478 3022 551 δένδρον
3046 478 3127 541 εἰς
3156 477 3246 530 ἀεὶ
3283 475 3516 547 ἕστηκεν
3539 513 3554 537 ,
3601 471 3739 527 ἀλλὰ

470 585 619 638 viam
650 582 906 645 retinent,
937 579 1032 637 sed
1064 579 1295 636 imbrem
1323 580 1378 634 in
1412 588 1613 633 terram
1652 580 1920 635 fundunt:
1950 596 2050 635 nec

477 677 645 732 arbor
677 683 940 746 perpetuo
976 680 1118 735 stat,
1150 671 1342 727 verum
1389 671 1551 726 etiam
1597 672 1643 726 si
1691 671 1942 728 homines
2000 671 2047 727 ei

473 767 839 837 pepercerim,
858 781 889 820 a
910 772 1070 821 vento
1091 772 1240 820 certe
1267 764 1621 818 convellatur.
1651 764 1705 818 4.
1729 762 1848 818 Jam
1869 763 2048 828 multi,

476 876 599 930 qua:
628 875 659 914 a
698 858 839 914 coelo
863 865 1123 913 eventura
1157 854 1300 919 sint,
1339 856 1593 924 praescire
1624 856 1902 925 gestiunt;
1949 871 2051 911 nec

475 952 650 1017 deest,
685 951 776 1022 qui
801 951 854 1004 in
886 950 1059 1005 nubes
1092 948 1314 1002 intuens
1343 956 1676 1017 ventumque
1700 956 2046 1017 exspectans,

475 1059 504 1096 a
540 1056 717 1096 messe
739 1027 834 1095 aut
864 1039 1212 1095 ventilatione
1239 1038 1593 1103 abstinuerit,
1639 1053 1696 1092 re
1727 1038 1876 1092 inani
1913 1052 2047 1093 con-

473 1122 609 1189 lisus
653 1142 707 1187 et
737 1148 1076 1203 persuasus;
1127 1132 1182 1188 5.
1227 1147 1329 1187 nec
1373 1145 1565 1186 eorum
1613 1140 1735 1200 quae
1787 1129 2050 1185 divinitus

473 1226 656 1280 futura
686 1233 835 1290 sunt,
865 1224 1164 1295 quidquam
1193 1236 1564 1294 cognoscens;
1586 1221 2047 1290 quemadmodum

474 1332 576 1370 nec
604 1315 736 1386 quid
769 1315 966 1370 mulier
995 1330 1282 1385 praegnans
1304 1314 1546 1384 paritura
1577 1313 1668 1368 sit.
1709 1314 1764 1366 6.
1797 1311 1935 1367 Cum
1958 1328 2051 1367 au-

475 1418 583 1462 tum
628 1414 926 1464 sementem
961 1406 1281 1478 tempestive
1312 1406 1509 1461 feceris
1533 1447 1548 1472 ,
1596 1403 1808 1459 fructus
1855 1405 2050 1475 collige

474 1509 638 1568 atque
673 1507 956 1568 comperta
977 1539 992 1564 ,
1024 1513 1150 1552 cum
1182 1497 1346 1567 hujus
1375 1496 1453 1551 rei
1478 1506 1695 1566 tempus
1725 1480 2007 1552 advenerit
2032 1512 2045 1549 :

473 1589 740 1643 incertum
780 1596 864 1643 est
905 1588 1052 1644 enim
1136 1602 1408 1659 quaenam,
1424 1603 1493 1643 ex
1544 1589 1628 1645 his
1670 1603 1793 1658 quae
1835 1587 2047 1643 consita

467 1686 624 1746 sunt,
656 1679 882 1733 meliora
920 1677 1103 1751 futura
1125 1679 1254 1734 sint.
1288 1677 1509 1734 Utinam
1542 1678 1730 1733 omnia
1758 1678 1896 1733 bene
1923 1693 2049 1733 suc-

475 1771 687 1826 cedant.
722 1772 775 1826 7.
808 1772 876 1826 At
911 1772 1193 1827 enimvero
1221 1787 1346 1828 cum
1376 1770 1647 1842 quispiam
1680 1770 1864 1825 animo
1892 1758 2049 1841 repu-

2153 574 2257 629 κᾶν
2283 574 2477 647 ἀνδρες
2500 572 2668 627 αὐτοῦ
2698 572 2994 642 φείσωνται
3017 610 3033 636 ,
3061 568 3247 641 ἀνέμῳ
3273 569 3404 638 γοῦν
3420 567 3739 640 ἀνατραπή-

2154 682 2323 719 σεται.
2372 663 2566 718 Πολλοὶ
2601 662 2659 716 δὲ
2700 660 2979 733 βούλονται
3022 661 3117 714 καὶ
3154 659 3220 714 τὰ
3269 660 3334 713 ὲκ
3363 656 3458 712 τοῦ
3504 653 3734 728 οὐρανοῦ

2151 755 2386 825 ἐσόμενα
2424 752 2841 826 προγινώσκειν,
2875 750 2968 803 καί
2990 767 3073 815 τις
3097 750 3177 813 εἰς
3227 765 3287 803 τε
3320 746 3549 818 νεφέλας
3597 746 3734 815 ἀφο-

2153 845 2284 916 ρῶν,
2313 846 2406 898 καὶ
2431 844 2736 917 περιμένων
2754 842 2974 912 ἄνεμον,
3003 840 3214 912 ἀμήτου
3239 839 3272 911 ἥ
3307 836 3572 909 λικμητοῦ
3600 836 3737 917 ἀπέ-

2154 952 2333 1007 σχετο,
2352 937 2445 988 ἐπὶ
2469 935 2665 1007 μηδενὶὶ
2676 932 3064 1004 πεπεισμένος,
3090 931 3224 1003 μηδὲ
3246 930 3531 1001 γινώσκων
3553 902 3735 1007 τξτῶν

2150 994 2219 1080 ἐκ
2251 994 2387 1081 Θεοῦ
2426 994 2700 1097 ἐσομένωζν
2723 1042 2736 1055 ·
2783 994 2974 1095 ὥσπερ
3152 994 3282 1077 ὀἷον
3311 1024 3345 1095 ἡ
3388 994 3735 1093 κυοφοόοῦσα

2149 1118 2385 1185 τέξεται.
2418 1116 2731 1207 Σπείραςβὲ
2764 1117 2823 1171 ἐν
2850 1114 3026 1188 καιρῷ
3048 1157 3064 1181 ,
3099 1114 3393 1186 συγκόμιζε
3433 1113 3558 1176 τοὺς
3596 1128 3734 1183 καρ-

2151 1212 2310 1275 ποὺς,
2337 1210 2487 1289 ἀπό-ι’
2528 1210 2594 1264 ἂν
2616 1208 2828 1279 βούτου
2872 1208 3061 1279 καιρὸς
3109 1209 3268 1279 ἐνστῇ
3291 1224 3304 1236 ·
3347 1205 3540 1278 ἄδηλον
3588 1205 3732 1277 γὰρ,

2148 1303 2308 1356 ὁποῖα
2337 1292 2517 1355 αὖτῶν
2564 1300 2719 1353 ἔσται
2748 1299 2959 1370 ἀμείνω
2996 1298 3106 1352 τῶν
3134 1297 3396 1367 φυέντων.
3426 1295 3645 1349 Γένοιτο
3673 1296 3732 1347 δὲ

2151 1382 2375 1452 ἅπαντα»
2392 1399 2473 1459 εἰς
2499 1393 2718 1464 ἀγαθόν.
2747 1391 3107 1463 Λογιζόμενος
3130 1392 3189 1445 δέ
3208 1408 3314 1456 τις,
3336 1390 3412 1453 ὡς
3440 1386 3604 1451 καλὸς
3634 1388 3732 1458 μὲν

2148 1489 2177 1541 ὁ
2210 1488 2380 1558 ἥλιος,
2405 1484 2536 1556 ἡδὺς
2552 1484 2609 1538 δὲ
2635 1478 2851 1553 οῦτοςό
2890 1482 3024 1554 βίος,
3066 1482 3271 1551 ἀγαθὸν
3295 1481 3357 1558 ,δὲ
3397 1480 3491 1536 καὶ
3539 1480 3601 1534 τὸ
3635 1496 3734 1531 πο-

2149 1544 2704 1650 λυέρόννιονγενέσθαι
2727 1544 3021 1638 διαπαντὸς
3038 1544 3462 1647 εὐφραινέμενον
3484 1610 3501 1635 ,
3539 1571 3634 1626 καὶ
3656 1571 3733 1633 ὡς

2150 1669 2381 1743 φοϐερὸν
2401 1671 2431 1723 ό
2458 1667 2707 1745 θάνατος,
2726 1668 2821 1721 καὶ
2842 1666 3017 1727 ,άῖδιον
3042 1666 3229 1727 κακὸν,
3259 1666 3354 1719 καὶ
3374 1666 3452 1727 εἰς
3480 1663 3542 1718 τὸ
3563 1662 3731 1734 μηδὲν

2148 1761 2317 1828 ἄγων,
2353 1758 2522 1813 οἴεται
2549 1758 2766 1831 χρῆναι,
2802 1757 3017 1811 πάντων
3042 1758 3140 1828 μὲν
3155 1754 3444 1811 ἀπολαύειν
3459 1754 3567 1809 τῶν
3587 1771 3733 1826 παρ-

472 1870 571 1929 tat,
606 1862 750 1933 quod
788 1871 842 1918 et
871 1863 955 1919 sol
983 1863 1228 1933 pulcher,
1263 1874 1318 1918 et
1349 1863 1535 1918 suavis
1557 1862 1671 1943 hanc
1703 1863 1832 1925 vita.
1861 1871 1918 1917 et
1951 1863 2042 1918 bo-

2150 1853 2318 1907 όντων
2375 1852 2467 1906 καὶ
2517 1850 2821 1904 δοκούντων
2889 1849 3081 1921 ἡδέων.
3130 1847 3494 1921 Συμϐουλεύει
3534 1846 3591 1900 δὲ
3636 1848 3730 1901 καὶ

473 1972 605 2012 num
671 1954 832 2027 longa
895 1963 1147 2025 tempora
1210 1956 1266 2010 in
1334 1955 1608 2025 perpetuis
1683 1951 2049 2024 voluptatibus

472 2052 688 2122 explere
713 2069 729 2119 ;
761 2050 815 2107 8.
858 2060 917 2107 et
943 2067 1031 2107 res
1063 2034 1334 2106 horrenda
1364 2065 1530 2111 mors,
1558 2047 1875 2118 malumque
1906 2063 2050 2103 scm-

472 2143 770 2212 piternum,
800 2152 964 2213 atque
998 2143 1052 2196 in
1083 2142 1314 2196 nihilum
1337 2141 1575 2195 ducens:
1610 2137 1919 2195 faciendum
1943 2138 2047 2194 sibi

472 2242 676 2299 censet,
705 2241 765 2288 ut
797 2236 1161 2304 prasentibus
1187 2235 1312 2289 vitae
1339 2231 1668 2295 commodis,
1701 2230 2047 2301 speciemque

467 2309 823 2392 iucunditatis
854 2325 1181 2380 habentibus
1209 2322 1541 2394 perfruatur.
1581 2321 1636 2377 9.
1672 2322 1852 2391 Atque
1878 2326 2042 2377 etiam

466 2414 696 2485 juvenes
723 2415 1002 2481 admonet,
1036 2422 1097 2470 ut
1127 2415 1301 2470 aetatis
1324 2413 1458 2468 ﬂore
1482 2414 1797 2477 abutantur,
1830 2410 2045 2466 animas

471 2517 601 2558 suas
624 2504 682 2558 in
704 2519 922 2559 omnem
950 2506 1283 2574 voluptatem
1314 2505 1585 2566 laxantes,
1625 2499 2046 2572 cupiditatibus-

468 2608 579 2664 que
604 2595 976 2665 obsequantur
998 2614 1012 2664 ;
1037 2607 1092 2651 et
1112 2594 1388 2666 quaeipsis
1415 2593 1549 2649 visa'
1567 2593 1792 2657 fuerint,
1806 2592 2041 2659 faciant;

467 2695 522 2741 et
544 2701 667 2756 qua:
707 2688 1126 2744 oblectationem
1167 2685 1433 2749 aﬂ‘ecunt,
1491 2693 1767 2756 spectent;
1824 2694 1878 2739 et
1921 2699 2044 2754 quae

467 2775 628 2830 aliter
657 2791 717 2832 se
751 2777 972 2844 habent,
1005 2783 1350 2833 aversentur.
1392 2774 1475 2830 Ad
1507 2787 1668 2844 quem
1700 2774 1808 2829 hoc
1828 2780 2039 2827 tantum

2148 1948 2263 2010 τοῖς
2295 1944 2456 2011 νέοις,
2488 1946 2561 2015 τῇ
2576 1943 2784 1996 ἑαυτῶν
2814 1940 2934 2013 ὥρᾳ
2964 1940 3340 2014 καταχρῆσθαι
3382 1939 3609 2004 ἀνέντας
3629 1939 3729 2002 τὰς

2148 2023 2359 2091 ἑαυτῶν
2378 2033 2554 2105 ψυχὰς
2581 2036 2662 2098 εἰς
2692 2034 2871 2088 πᾶσαν
2900 2033 3115 2105 ἡδονὴν,
3154 2033 3249 2087 καὶ
3275 2031 3596 2104 χαρίζεσθαι
3630 2032 3728 2101 μὲν

2147 2126 2464 2199 ἐπιθυμίαις
2483 2165 2508 2192 ,_
2542 2126 2804 2196 πράττειν
2850 2124 2909 2178 δὲ
2952 2123 3022 2178 τὰ
3069 2125 3255 2188 αὐτοῖς
3298 2122 3581 2184 δοκοῦντα,
3633 2121 3736 2195 καὶ,

2149 2220 2365 2291 βλέπειν
2397 2218 2465 2271 τὰ
2491 2216 2778 2289 τέρποντα,
2802 2217 2895 2271 καὶ
2910 2216 3344 2289 ἀποστρέφεσθαι
3368 2216 3438 2271 τά
3461 2215 3536 2287 μὴ
3557 2214 3728 2276 οὕτως

2144 2311 2362 2383 ἔχοντα.
2410 2311 2556 2383 Πρὸς
2590 2310 2648 2364 ὃν
2682 2310 2935 2364 τοσοῦτον
2963 2292 3114 2376 ’λέξω
3134 2327 3147 2339 ·
3192 2310 3312 2364 Ὅτι
3350 2306 3684 2380 ἀνοηταίνεις
3710 2345 3727 2368 ,

2147 2397 2193 2457 ὦ
2242 2398 2432 2468 οὗτος,
2477 2402 2552 2474 μὴ
2601 2399 2917 2476 προσδοκῶν,
2942 2400 3040 2473 τὴν
3067 2398 3151 2469 ἐφ’
3195 2399 3366 2454 ἅπασι
3416 2398 3626 2461 τούτοις
3664 2394 3729 2450 ὲκ

2147 2496 2283 2550 Θεοῦ
2322 2496 2501 2567 κρίσιν
2530 2491 2816 2564 ἐσομένην.
2842 2491 3084 2565 Πονηρὸν
3115 2491 3174 2551 δὲ
3201 2490 3411 2546 ἀσωτία
3448 2488 3542 2542 καὶ
3569 2487 3728 2540 ἀσέλ-

2147 2606 2294 2658 γεια,
2334 2587 2430 2642 καὶ
2456 2582 3262 2659 ῥυπαράσωμάτωνήμετέρων
3279 2580 3434 2656 ῦϐρις
3462 2579 3723 2651 ὀλέθριος.
3804 2648 3814 2663 ⁸

2146 2682 2379 2753 Νεότητι
2415 2678 2514 2751 μὲν
2541 2679 2652 2751 γὰρ
2683 2678 2838 2733 ἀνοια
2871 2676 3177 2749 παρέπεται
3197 2692 3210 2707 ο
3239 2675 3395 2731 άνοια
3419 2674 3478 2727 δὲ
3505 2672 3626 2741 ἀγει
3649 2673 3726 2735 εἰς

2146 2772 2267 2828 ὅλεθ
2275 2790 2388 2845 ρον.
2822 2772 2825 2775 ’

466 2864 732 2921 dixerim:
767 2865 853 2920 10.
880 2864 1082 2921 Parum
1116 2879 1263 2921 sana:
1306 2864 1507 2920 mentis
1535 2879 1617 2930 es,
1647 2879 1681 2918 o
1713 2862 1901 2934 homo,
1928 2862 2028 2934 _qui
2067 2861 2163 2918 Dei
2208 2864 2472 2934 judicium
2545 2865 2660 2916 haec
2723 2858 2907 2914 omnia
2950 2857 3351 2914 vindicaturum
3393 2872 3501 2913 non
3534 2870 3728 2925 exspe-

468 2968 606 3014 ctas.
637 2957 741 3014 Sed
779 2967 834 3013 et
860 2957 1125 3037 ﬂagitiosa
1185 2966 1270 3012 est
1320 2955 1670 3021 comessatio,
1715 2932 1771 3010 et
1811 2916 2023 3031 libitk,
2047 2961 2104 3009 et
2136 2954 2349 3024 impura
2382 2965 2674 3023 corporum
2710 2956 3044 3067 nostrorumf
3069 2948 3408 3072 copuimelia
3445 2946 3723 3018 pestilens.

473 3053 493 3072 ι
548 3071 553 3072 ,
586 3071 591 3072 ,
622 3064 658 3072 ,.
707 3055 771 3072 .-_
807 3054 935 3072 -,-e,--
972 3053 1167 3072 .-,Α.ιΔ
1201 3061 1277 3072 --Α
1309 3051 1529 3072 -.ηυξ-ε,
1561 3067 1573 3072 -
1604 3048 1825 3072 -ι--1ιξιξΑ
1853 3056 2029 3072 ---ΔΑ-Α
2052 3047 2115 3072 ...1
2159 3046 2382 3072 -..:a:......
2423 3047 2566 3072 4..-:-

467 3053 775 3112 Juventutis
797 3054 944 3109 enim
967 3053 1171 3109 assecla
1194 3061 1280 3107 est
1306 3051 1535 3107 stultitia
1560 3067 1575 3104 :
1602 3048 1830 3107 stultitia
1851 3056 2032 3106 autem
2050 3047 2117 3104 ad
2156 3046 2384 3104 exitium
2421 3047 2593 3107 ducit.

1065 3139 1295 3197 CAPUT
1343 3139 1460 3197 XII.

2745 3137 2994 3193 ΚΕΦΑΛ.
3027 3076 3128 3218 μέ.
3152 3179 3155 3183 ,

540 3239 595 3294 i.
634 3236 827 3310 Opera)
849 3236 1082 3308 pretium
1111 3245 1292 3291 autem
1322 3244 1426 3303 est,
1456 3235 1585 3292 dum
1614 3234 1844 3305 juvenili
1865 3235 2042 3292 adhuc

2218 3227 2338 3299 Χρὴ
2365 3228 2422 3281 δὲ
2461 3227 2540 3281 ἔτι
2571 3227 2690 3281 νέον
2722 3227 2851 3281 ὅντα
2881 3227 3162 3296 φοϐεῖσθαι
3187 3225 3343 3290 Θεὸν,
3378 3228 3505 3299 πρὶν
3543 3225 3576 3299 ἢ
3605 3228 3727 3280 έαυ-

470 3340 627 3386 etate
652 3329 847 3393 ﬂores,
888 3327 981 3382 Dei
1021 3328 1218 3384 timore
1247 3326 1407 3392 aﬂici,
1434 3326 1759 3397 priusquam
1796 3326 1958 3381 malis
1993 3336 2045 3383 te

470 3423 648 3493 ipsum
703 3420 907 3486 tradas,
954 3419 1270 3488 priusquam
1302 3418 1484 3473 veniat
1518 3417 1636 3473 dies
1678 3416 1897 3472 Domini
1926 3432 2047 3472 ma-

470 3528 613 3585 gnus
641 3520 699 3567 et
725 3509 1066 3577 horrendus;
1113 3510 1170 3566 3.
1218 3524 1342 3571 cum
1372 3508 1484 3580 jam
1523 3524 1625 3564 nec
1663 3509 1747 3564 sol
1786 3508 2045 3575 splendo-

470 3618 586 3661 rem
615 3605 757 3669 edet,
786 3617 889 3658 nec
931 3602 1084 3666 luna,
1115 3616 1228 3657 'nec
1261 3602 1473 3672 reliqua
1510 3601 1723 3656 sidera:
1754 3600 1808 3658 '5.
1852 3616 2041 3658 verum

357 3716 367 3727 ι
470 3709 724 3764 supernae
759 3693 988 3749 virtutes
1015 3693 1071 3749 in
1098 3693 1191 3749 illa
1217 3708 1400 3748 rerum
1442 3692 1688 3751 omnium
1721 3701 2044 3764 tempestate

469 3793 636 3853 atque
678 3783 915 3839 tumultu
945 3784 1310 3840 movebuntur
1331 3825 1348 3852 ,
1403 3785 1509 3841 hoc
1538 3794 1642 3852 est,
1684 3785 1862 3856 angeli
1892 3785 2043 3841 orbis

469 3876 761 3942 custodes;
798 3874 855 3931 4.
894 3886 1030 3934 utet
1083 3875 1184 3931 viri
1230 3883 1591 3946 praepotentes
1628 3876 2040 3947 conquiescant,

468 3978 526 4023 et
568 3968 821 4024 mulieres
842 3968 1102 4039 operandi
1134 3969 1296 4023 tinem
1320 3966 1547 4043 faciant,
1591 3967 1663 4023 δέ
1687 3969 1741 4024 in
1777 3968 2041 4026 obscuras

467 4070 523 4117 et
556 4060 885 4131 caliginosae
909 4060 1106 4116 aedium
1139 4073 1319 4131 partes
1352 4059 1656 4131 fugientes,
1690 4060 1878 4129 jauuis
1915 4075 2037 4115 om-

415 4149 419 4153 ’
468 4152 633 4208 nibus
657 4153 893 4209 clausis:
938 4168 1006 4209 ac
1052 4154 1248 4208 mulier
1286 4153 1536 4224 quaedam
1562 4194 1577 4219 ,
1623 4156 1784 4219 mola:
1815 4171 2036 4227 operam

465 4243 601 4300 dare
629 4244 700 4300 ob
728 4254 930 4299 motum
962 4245 1217 4300 desinens
1237 4286 1253 4313 ,
1308 4246 1532 4317 perexili
1561 4262 1715 4311 voce.
1757 4247 1930 4304 instar
1959 4258 2039 4302 te—

464 4337 749 4392 nuissimae
797 4336 1045 4402 aviculae,
1088 4346 1307 4405 utetur;
1352 4348 1520 4409 atque
1578 4355 1771 4396 omnes
1814 4338 2040 4396 nefaria:

466 4427 725 4483 mulieres
755 4428 809 4482 in
848 4435 1047 4485 terram
1079 4438 1339 4487 corruent
1361 4472 1377 4494 ,
1409 4439 1465 4487 et
1507 4430 1703 4494 urbes.
1752 4440 1809 4486 ct
1847 4446 2035 4486 earum

466 4519 820 4587 magistratus
847 4520 1113 4577 immanes
1133 4531 1188 4577 ct
1219 4521 1556 4590 sanguinarii
1579 4538 1879 4592 supernum
1907 4538 2038 4593 sup—

464 4598 692 4681 plicium
756 4621 1132 4680 exspectantes
1158 4653 1174 4675 ,
1225 4612 1511 4681 ingruente
1572 4613 1931 4670 acerbissimo
1984 4623 2038 4671 et

465 4709 695 4757 cruento
727 4709 987 4772 tempore,
1026 4704 1187 4774 quasi
1233 4703 1464 4759 ﬂorente
1499 4706 1819 4776 amygdala,
1857 4706 2035 4762 conti-

464 4793 701 4863 nuisque
715 4793 894 4863 poenis
922 4794 1386 4863 incumbentibus,
1409 4795 1556 4851 velut
1578 4812 1872 4854 numeroso
1902 4814 2037 4868 quo-

463 4885 591 4942 dam
633 4885 936 4941 volantium
981 4885 1317 4943 locustarum
1363 4887 1714 4958 agmine,.ac
1736 4888 1805 4955 de
1855 4890 2036 4946 medio

461 4962 650 5045 ejectis
671 4984 724 5030 et
754 4974 985 5031 sublatis
1012 4974 1295 5047 ﬂagitiosis
1330 4978 1667 5043 hominibus,
1700 4980 1847 5036 haud
1877 4996 2035 5039 secus

460 5079 530 5122 ac
546 5064 699 5137 nigra
728 5066 963 5136 quadam
979 5065 1295 5137 despicabili
1313 5068 1621 5138 capparide.
1637 5069 1690 5123 6.
1708 5069 1787 5127 Ac
1803 5070 1886 5125 vir
1908 5071 2034 5140 qui-

461 5158 585 5215 dem
619 5159 892 5229 probitate
913 5159 1112 5224 clarus,
1130 5159 1186 5215 in
1213 5158 1434 5215 domum
1466 5175 1621 5216 suam
1644 5144 2046 5233 sempiternam.

461 5250 617 5308 laetus
637 5251 1051 5322 proﬁciscetur:
1092 5253 1324 5323 improbi
1349 5263 1529 5308 autem
1555 5269 1654 5310 sua
1674 5254 1857 5309 omnia
1879 5254 2047 5324 plan-.

534 5425 648 5507 (ῆῖ)
680 5427 925 5507 Καθέξει
948 5427 1189 5507 ριξῃγήι
1216 5428 1295 5507 Ita
1317 5437 1630 5485 constanter
1650 5429 2029 5507 coﬁexlliedic.

464 5505 519 5572 et
547 5496 639 5549 alii
676 5512 808 5552 mss.
841 5498 984 5572 libri.
1019 5496 1129 5553 Nec
1166 5498 1266 5572 fuit
1310 5513 1511 5572 causa,
1541 5515 1647 5572 cur
1675 5499 2033 5572 (Ecolampa-

461 5565 589 5640 dius
612 5575 861 5640 verteret,
896 5566 1122 5640 Magnus
1156 5570 1294 5623 enim
1333 5570 1482 5638 fons:
1508 5570 1683 5640 magis
1721 5571 1866 5625 enim
1898 5565 2033 5627 con;

462 5635 621 5691 venit
645 5635 760 5690 haec
783 5635 1061 5705 praedictio
1090 5654 1175 5694 ma
1217 5655 1299 5699 na:
1315 5635 1401 5707 pla
1439 5655 1486 5696 ac
1505 5635 1630 5696 cum
1651 5640 1735 5695 his
1758 5658 1880 5710 quae
1905 5657 2037 5710 prae-

463 5708 929 5781 cesserunt,_1=piv
955 5706 1129 5781 έλθεῖν
1150 5656 1250 5781 egi:
1282 5710 1376 5781 τοῦ
1395 5657 1530 5762 genii
1559 5711 1801 5781 μεγάλην
1821 5712 2034 5781 ἡμέραν

463 5706 1129 5793 ξςέεείιῖιιιὶινηῖρῖνέλθεῖν
1150 5706 1250 5781 τῆν
1282 5706 1530 5793 τέξῦβετξῦ
1559 5706 1801 5793 nereia?
1821 5706 2034 5784 ἡμέραν

463 5774 561 5832 καὶ
592 5772 861 5848 φοϐεράν,
896 5772 1402 5847 ρνὶιιιᾳιιοηιύεηὶαι
1434 5780 1545 5835 dies
1559 5772 1785 5835 'Domin'i
1814 5772 2034 5855 magna:

2145 3318 2235 3372 τὸν
2259 3317 2591 3391 παραδοῦναι
2619 3322 2835 3386 κακοῖς,
2873 3320 3003 3392 πρὶν
3028 3318 3202 3373 ἐλθεῖν
3223 3317 3323 3390 τὴν
3348 3314 3443 3388 τοῦ
3465 3317 3599 3372 Θεοῦ
3633 3336 3737 3388 μεο,

2145 3412 2315 3483 γάλην
2333 3412 2543 3484 ἡμέραν
2577 3411 2669 3464 καλ⁸
2695 3410 2933 3483 φοϐερὰν
2956 3454 2971 3479 ,
3007 3410 3167 3467 ὁπότε
3201 3411 3353 3482 ἥλιος
3402 3411 3506 3483 μὲν
3539 3412 3724 3466 ούκέτι

2144 3504 2367 3577 λάμψει,
2394 3505 2514 3560 οὐδὲ
2550 3503 2767 3577 σελήνη,
2795 3505 2914 3558 οὐδὲ
2936 3507 2984 3559 οἱ
3013 3504 3191 3558 λοιποὶ
3220 3502 3466 3574 ἀστέρες,
3499 3504 3723 3576 κινηθή-

2147 3614 2331 3652 σονται
2357 3598 2413 3652 δὲ
2438 3599 2494 3651 αἱ
2524 3597 2821 3670 ὑπέρτεραι
2847 3597 3140 3669 δυνάμεις,
3172 3598 3231 3650 ἐν
3263 3598 3456 3668 ἐκείνῳ
3491 3596 3571 3668 τῷ
3613 3596 3720 3649 τῶν

2142 3689 2278 3743 ὅλων
2312 3689 2539 3760 χειμῶνι
2561 3691 2655 3744 καὶ
2677 3690 2922 3764 ταράχῳ,
2953 3691 3002 3745 οἱ
3033 3688 3445 3760 κοσμοφύλακες
3475 3687 3716 3758 ἄγγελοι·

2141 3781 2215 3843 ὡς
2241 3780 2551 3835 παύσασθαι
2602 3784 2701 3854 μὲν
2733 3782 2931 3855 ἄνδρας
2969 3782 3234 3845 δυνάστας
3258 3820 3274 3846 ,
3318 3780 3629 3835 παύσασθαι
3665 3780 3723 3835 δὲ

2143 3872 2235 3925 καὶ
2278 3856 2537 3942 γυναῖκας
2574 3874 2948 3947 ἐργαζομένοις
2971 3914 2985 3938 ,
3015 3871 3323 3943 φευγούσας
3370 3874 3448 3937 εἰς
3494 3872 3564 3926 τὰ
3600 3890 3724 3925 σκο-

2140 3965 2289 4020 τεινά
2313 3964 2422 4022 τῶν
2452 3966 2788 4038 οἰκημάτων,
2814 3964 3214 4036 κεκλεισμένων
3236 3963 3460 4019 ἀπασῶν
3488 3964 3597 4039 τῶν
3631 3964 3724 4017 θυ-

2141 4058 2283 4132 ρῶν⁶
2326 4059 2420 4113 καί
2460 4076 2545 4123 τις
2575 4059 2714 4130 γυνὴ
2749 4057 2844 4111 τοῦ
2901 4056 3121 4128 ἀλήθειν
3162 4057 3511 4129 άποσχομένη
3534 4055 3622 4109 διὰ
3662 4054 3724 4109 τὸ

2137 4150 2275 4215 δέος,
2326 4152 2610 4225 ἰσχνοτάτῃ
2654 4155 2805 4222 φωνῇ
2851 4152 3112 4223 χρήσεται
3171 4151 3359 4230 ῷσπερ
3394 4148 3722 4201 λεπτότατον

2137 4243 2352 4316 ὄρνεον·
2387 4244 2594 4297 ἅπασαι
2620 4242 2676 4298 δὲ
2698 4243 2917 4311 ἄναγνοι
2942 4245 3200 4312 γυναῖκες
3243 4243 3324 4306 εἰς
3359 4241 3463 4313 γῆν
3497 4241 3723 4294 πεσοῦν-

2136 4356 2246 4403 ται,
2274 4339 2370 4394 καὶ¹
2394 4339 2579 4403 πόλεις
2603 4339 2699 4393 xui.
2726 4339 2781 4392 αἱ
2804 4337 3008 4391 τούτων
3040 4336 3207 4409 ἀρχαὶ
3234 4337 3290 4388 αἱ
3318 4334 3611 4407 μιαιφόνοι,
3632 4352 3726 4387 πε-

2140 4432 2455 4503 ριμένουσαι
2501 4431 2600 4503 τὴν
2643 4430 2849 4485 ἀνωθεν
2888 4428 3105 4484 κόλασιν
3129 4469 3144 4494 ,
3181 4428 3469 4493 ἐνστάντος
3520 4426 3720 4498 καιροῦ

2142 4520 2467 4597 πικροτάτου
2490 4523 2582 4577 καὶ
2599 4522 2954 4594 αἱματώδους,
2972 4521 3124 4597 ὥσπε
3131 4539 3163 4593 ρ
3182 4520 3469 4585 ἀνθοῦντος
3483 4521 3724 4592 ἀμυγδά-

2142 4615 2234 4669 λου
2250 4595 2345 4669 κάὶ
2377 4616 2614 4687 συνεχῶν
2632 4615 2997 4685 ἐπικειμένων
3030 4614 3325 4679 κολάσεων,
3358 4611 3548 4684 ὥσπερ
3578 4611 3719 4683 πλή-

2144 4704 2268 4768 θους
2295 4704 2676 4776 ἐφιπταμένων
2699 4704 2955 4777 ἀκρίδων,
2979 4705 3072 4759 καὶ
3090 4702 3331 4767 ἐκποδῶν
3347 4701 3721 4776 ῥιπτουμένων

2140 4797 2248 4850 τῶν
2282 4798 2634 4870 παρανόμων,
2667 4796 2854 4869 ὥσπερ
2889 4797 3147 4869 μελαίνης
3178 4796 3273 4850 καὶ
3307 4794 3718 4867 εὐκαταφρονή-

2140 4905 2235 4942 του
2264 4889 2617 4960 καππάρεως.
2648 4891 2756 4951 Καὶ
2777 4891 2805 4944 ὁ
2837 4890 2936 4961 μὲν
2965 4889 3169 4958 ἀγαθὸς
3192 4888 3331 4959 ἀνὴρ
3374 4889 3455 4950 εἰς
3496 4886 3718 4940 αἰώνιον

2124 4976 2286 5035 οἷκον
2309 4981 2401 5036 τὸν
2423 4981 2616 5036 ἑαυτοῦ
2647 4982 2853 5054 χαίρων
2878 4976 3205 5054 πορεύσεται
3228 4996 3241 5011 ·
3271 4982 3322 5033 οἱ
3339 4979 3395 5034 δέ
3414 4996 3478 5049 γε
3501 4977 3714 5049 φαῦλοι,

2140 5072 2319 5126 πάντα
2354 5071 2423 5126 τά
2459 5071 2639 5127 αὐτῶν
2678 5072 3016 5145 ὲμπλήσουσι
3059 5071 3421 5143 κοπτόμενοι,
3468 5069 3561 5123 καὶ
3591 5066 3716 5123 οῦτε

2138 5164 2400 5237 ἀργύριον
2437 5162 3042 5236 ἀποτεθησαυρισμένον
3063 5202 3077 5227 ,
3104 5162 3226 5217 οὔτε
3250 5162 3473 5234 χρυσίον
3496 5161 3715 5231 δόκιμον

2140 5256 2415 5328 ὲπωφελὲς
2428 5257 2528 5311 ἔτι.
2546 5256 2770 5329 Μεγάλη
2791 5255 2899 5329 γὰρ
2922 5254 3135 5310 ἅπαντα
3145 5254 3361 5320 καθέξει
3382 5252 3562 5325 πληγὴ
3580 5252 3711 5323 (27),

2129 5441 2179 5488 et
2206 5431 2532 5496 horrendus;
2576 5439 2629 5485 ct
2672 5420 3306 5501 rursus,:mptpévoucat
3358 5426 3457 5501 τὴν
3506 5422 3714 5501 ᾇνωθεν

2130 5502 2350 5557 κόλασιν
2377 5492 2662 5563 ἐνστάντος
2712 5492 2905 5570 καιροῦ
2955 5492 3283 5570 πικροτάτου
3333 5492 3714 5570 καῖλαὶματώ-
3778 5539 3781 5543 ,

2129 5572 2293 5635 δους,
2344 5587 2629 5640 supernum
2661 5568 2981 5638 supph‘cium
3026 5568 3383 5638 aspectante:
3435 5568 3729 5640 ingruente

2133 5634 2468 5697 acerrimo-et
2498 5634 2996 5706 cruento-tempore.
3030 5634 3218 5709 Itaque
3243 5640 3357 5693 haec
3370 5653 3443 5709 eo
3476 5634 3710 5690 collsilio

2132 5713 2421 5777 dicuntur,
2469 5713 2613 5781 quod
2665 5711 2956 5781 exponitur
3000 5706 3306 5781 iniCatcna
3355 5706 3735 5781 (inimicorum;

2134 5770 2504 5855 Μετανόησον’
2532 5783 2660 5854 πρὶν
2716 5770 3018 5853 παρελθεῖν.
3041 5780 3130 5834 τὸν
3164 5780 3278 5852 βίον
3301 5817 3317 5844 ,
3357 5779 3417 5833 ὲν
3447 5770 3491 5847 ᾧ
3520 5775 3581 5831 τὸ
3606 5772 3706 5855 τῆς
