4090 6402
368 430 494 486 10!!

1618 432 1954 491 EPlSTOLA
1994 432 2359 489 CANONICA.

3493 433 3629 485 {0‘23

372 566 390 599 ι
431 548 706 601 κοινωνεῖν
732 547 842 602 τῶν
869 547 1060 619 εὐχῶν.
1125 546 1190 601 Ei
1232 548 1415 618 μέντοι
1456 546 1542 612 τὶς
1568 551 1627 601 ὲν
1664 550 1809 622 ἄκρᾳ
1843 567 1947 603 σω·

2064 568 2077 598 ι
2115 566 2330 604 summa
2360 549 2695 604 continentia
2727 548 2943 615 vixerit,
2973 559 3026 605 et
3054 565 3243 619 puratn
3270 549 3339 604 ab
3369 551 3628 619 omnique

375 660 391 695 ι
433 641 676 715 φροσύνῃ
705 641 939 714 ζήσασα,
975 643 1070 696 καὶ
1098 642 1337 714 καθαρὸν
1366 644 1459 713 καὶ
1488 642 1592 707 ἔξω
1620 644 1798 714 πάσης
1822 646 1947 697 ὑπο-

300 794 304 803 λ
367 752 386 782 ‹
425 732 573 795 νοίας
604 732 1014 803 ὲπιδεδειγμένη
1053 732 1166 803 βίον
1191 734 1281 786 τὸν
1309 733 1608 805 πρότερον,
1655 732 1749 785 νῦν
1786 725 1947 804 ,περι-

370 842 388 875 ι
434 825 717 877 πέπτωκεν
741 825 804 878 ὲκ
833 823 950 893 βίας
976 824 1070 878 καὶ
1103 825 1350 895 ἀνάγκης
1383 824 1536 896 ὕϐρει
1561 865 1575 888 ,
1605 825 1798 895 ἔχομεν
1844 841 1947 877 πα-

369 933 388 965 ι
434 915 699 986 ράδειγμα
726 914 787 968 τὸ
819 918 877 969 έν
905 915 983 987 τῷ
1015 917 1446 986 Δευτερογομίῳ
1486 916 1547 968 τὸ
1583 916 1673 969 ἐπὶ
1719 918 1784 987 τῇ
1818 917 1945 969 νεά-

371 1026 389 1058 (
430 1007 553 1072 νιδι,
579 1009 644 1078 ἣν
668 1010 724 1061 ὲν
755 1007 832 1080 τῷ
854 1008 1021 1080 πεδίῳ
1045 1001 1202 1080 εὗρεν
1233 1008 1535 1080 ἄνθρωπος,
1562 1009 1658 1062 καὶ
1685 1008 1948 1079 βιασάμε-

370 1119 389 1151 ‹
428 1117 518 1163 νος
543 1100 743 1171 αὐτὴν.
786 1100 1051 1173 ἐκοιμήθη
1087 1101 1203 1172 μετ’
1240 1102 1442 1173 αὐτῆς-
1504 1101 1582 1170 Τῇ
1611 1100 1838 1155 νεάνιδι
1877 1104 1948 1155 οὐ

372 1210 389 1240 ι
432 1188 739 1257 ποιήσετε,
794 1193 994 1263 φησὶν,
1042 1192 1256 1246 οὐδέν’
1295 1195 1407 1245 οὐκ
1435 1192 1569 1246 ἐστι
1610 1191 1685 1260 τῇ
1724 1190 1949 1244 redi-(6t

372 1303 389 1332 ι
428 1281 741 1353 ἁμάρτημα
763 1282 1021 1338 θανάτου
1040 1300 1054 1314 ο
1081 1284 1169 1338 ὅτι
1206 1285 1306 1350 ὡς,
1360 1284 1417 1337 ετ
1445 1301 1535 1350 τις
1564 1282 1804 1352 ἀναστῇ
1842 1282 1947 1335 ἄν·

372 1393 389 1425 ι
432 1378 662 1444 θρωπος
682 1375 781 1428 ἐπὶ
804 1375 912 1428 τὸν
932 1372 1198 1444 πλησίον
1223 1376 1410 1429 αὑτοῦ
1433 1416 1446 1439 ,
1492 1375 1590 1427 καὶ
1631 1372 1947 1442 θανατώσῃ

372 1485 392 1518 ι
433 1466 621 1545 αὑτοῦ
674 1467 791 1535 τὴν
837 1466 1089 1536 ψυχὴν,
1134 1467 1286 1520 οὕτω
1336 1466 1400 1519 τὸ
1448 1464 1688 1536 πρᾶγμα
1736 1466 1944 1520 τοῦτο·

372 1577 392 1608 ο
431 1544 685 1627 ἐϐόησεν
711 1561 750 1627 ἠ
773 1557 997 1625 νεᾶνις,
1029 1560 1124 1613 καί
1159 1562 1192 1613 ό
1216 1557 1463 1627 ,ϐοηθῶν
1512 1555 1739 1630 οὐχ’ἦν
1771 1557 1946 1627 αὐτῇ.

373 1647 557 1703 Ταῦτα
583 1649 762 1718 μέντοι
794 1652 1035 1708 τοιαῦτα.
1052 1672 1069 1702 ι

438 1744 634 1797 ΒΑΛΣ.
683 1745 1009 1817 Ἐρωτηθεὶς
1051 1748 1081 1799 ό
1124 1745 1282 1813 ἆγιος
1339 1747 1469 1816 περὶ
1496 1740 1603 1798 τοῦ
1653 1744 1708 1799 τί
1746 1742 1949 1813 ὀφείλει

368 1835 612 1904 γίνεσθαι
651 1838 733 1902 εἰς
769 1837 897 1901 τοὺς
933 1836 1294 1907 Χριστιανοὺς
1325 1837 1450 1900 τοὺς
1485 1835 1949 1907 αἰχμαλωτισθέν-

373 1927 656 1999 ταςδπαρὰ
686 1927 998 2002 βαρϐάρων,
1026 1929 1120 1982 καὶ
1150 1916 1423 1997 φαγόντας
1450 1927 1519 1982 τά
1559 1927 1711 1999 παρὰ
1747 1926 1952 1999 τούτων

370 2020 555 2081 αὐτοῖς
604 2020 1017 2092 παρατιθέμενα
1073 2020 1422 2074 εἰδωλόθυτα·
1474 2019 1849 2090 ἀπελογήσατο
1877 2019 1953 2082 ὡς

367 2112 436 2165 τὰ
486 2110 749 2185 βρώματα
785 2112 958 2167 ταῦτα
1003 2114 1062 2166 οὐ
1119 2113 1293 2185 βαρεῖ,
1325 2114 1443 2167 ἀντὶ
1473 2113 1585 2180 τοῦ,
1622 2114 1682 2168 οὐ
1731 2111 1953 2186 βαρεῖαν

368 2205 591 2276 ἐμποιεῖ
627 2204 860 2276 βλάϐηνο
895 2207 991 2259 καὶ
1021 2207 1219 2278 μᾶλλον
1247 2208 1328 2260 ὅτι
1354 2202 1434 2270 εἷς
1461 2207 1619 2276 λόγος
1644 2207 1794 2280 παρὰ
1827 2208 1958 2261 πάν-

366 2314 497 2363 των,
525 2298 694 2369 ἧγουν
723 2300 809 2353 ὅτι
839 2300 1038 2363 πάντες
1071 2299 1290 2367 λέγουσι
1329 2299 1402 2372 μὴ
1452 2299 1608 2353 θῦσαι
1655 2304 1766 2365 τοῖς
1799 2301 1957 2354 εἰδὼι

365 2387 481 2454 λοις
530 2391 659 2454 τοὺς
705 2389 773 2444 τὰ
822 2392 1069 2463 ἡμέτερα
1123 2390 1571 2463 καταδραμόντας
1625 2392 1952 2465 βαρὸάρους.

368 2481 615 2554 Παράγει
663 2482 719 2536 δὲ
752 2484 846 2537 καὶ
878 2484 943 2536 ὲκ
983 2480 1077 2536 τοῦ
1122 2483 1447 2536 Ἀποστόλου
1482 2485 1729 2555 χρήσεις,
1760 2485 1855 2539 καὶ
1888 2487 1953 2537 ὲκ

366 2573 462 2627 τοῦ
494 2574 857 2643 Εὐαγγελίου·
891 2578 957 2629 ἐκ
991 2575 1088 2648 μὲν
1115 2576 1208 2629 τοῦ
1247 2576 1569 2629 Ἀποστόλου
1598 2577 1678 2641 τὸ,
1699 2573 1957 2648 Τάβρώ-

300 2667 315 2679 ”
365 2682 525 2735 ματα
542 2665 618 2736 τῇ
643 2668 841 2735 κοιλίᾳ
868 2668 966 2722 καὶ
995 2670 1034 2737 ἡ
1059 2669 1258 2721 κοιλία
1287 2667 1413 2734 τοῖς
1431 2666 1748 2737 βρώμασιν
1772 2665 1797 2699 ’³
1824 2673 1856 2723 ὁ
1891 2669 1960 2722 δὲ

372 2758 518 2825 Θεὸς
541 2758 643 2813 καὶ
656 2760 884 2829 ταύτην
908 2759 1007 2813 καὶ
1038 2760 1226 2813 ταῦτα
1258 2759 1640 2828 καταργήσει.
1655 2761 1720 2813 Ὃ
1736 2758 1959 2829 δῇάπο-

373 2851 619 2906 στολικὺν
666 2854 865 2923 χωρίον
898 2851 1028 2924 περὶ
1062 2852 1379 2923 πλησμονῆς
1413 2853 1560 2921 λέγει
1615 2854 1710 2906 καί¹
1730 2851 1961 2926 ίγαστρι-

376 2944 647 3015 μαργίας·
674 2945 769 2998 καὶ
796 2943 1060 3017 βρώματα
1093 2946 1211 3017 μὲν,
1240 2944 1309 2999 τά
1329 2944 1562 3016 περιττὰ
1588 2944 1841 3016 ὀνομάζει
1867 2947 1962 3001 καὶ

372 3037 474 3108 τὴν
498 3038 713 3110 τρυφήν
730 3054 744 3070 ·
774 3037 980 3092 κοιλίαν
1004 3039 1061 3092 δὲ
1085 3038 1184 3109 τὴν
1209 3038 1673 3110 γαστριμαργίαν,
1701 3039 1814 3092 ἀλλ’
1840 3038 1962 3110 οὐχὶ

372 3127 471 3201 τὴν
494 3129 756 3203 γαστέρα.
789 3128 891 3184 Διά
919 3130 977 3184 δὲ
1008 3130 1215 3183 τούτων
1253 3130 1283 3182 ὁ
1327 3129 1649 3194 Ἀπόστολος
1674 3129 1843 3199 λέγει,
1881 3130 1962 3183 ὅτι

373 3223 408 3294 ἡ
456 3221 735 3295 ἀδηφαγία
775 3222 872 3276 καὶ
918 3223 954 3294 ἡ
1002 3221 1181 3294 τρυφὴ
1212 3223 1278 3293 τῇ
1306 3223 1718 3307 γαστριμαργίᾳ
1747 3223 1959 3294 ἀνήκει,
1989 3248 2033 3306 C

375 3312 491 3368 ἀλλ’
518 3314 579 3367 οὐ
625 3314 764 3386 πρὸς
795 3313 928 3367 Θεὸν
971 3314 1156 3385 φέρει⁸
1189 3313 1284 3366 καὶ
1314 3314 1380 3384 τῇ
1413 3316 1592 3385 τρυφῇ
1635 3314 1697 3367 τὸ
1738 3314 1838 3384 τῆς
1864 3330 1962 3383 γα-

375 3403 740 3476 στριμαργίας
781 3404 955 3467 πάθος
983 3403 1280 3475 ᾡκείωται,
1317 3404 1410 3458 καὶ⁹
1462 3401 1691 3475 θάτερον
1747 3402 1962 3477 θατέρῳ

371 3493 632 3550 δουλεύει.
651 3497 708 3550 ’0
738 3496 796 3549 δὲ
827 3495 960 3558 Θεὸς
1004 3494 1261 3569 ἄπρακτα
1292 3496 1387 3549 καὶ
1419 3495 1564 3567 ἀργὰ
1595 3497 1811 3567 ποιήσει
1841 3482 1967 3548 ταῦ-

312 3602 315 3603 '
374 3603 468 3652 τα,
499 3586 641 3642 ὥστε
677 3587 753 3661 μὴ
786 3587 847 3654 ἐξ
886 3589 1065 3643 αὐτῶν
1101 3605 1255 3653 τινας
1288 3587 1639 3658 βλάπτεσθαι.
1660 3588 1753 3641 Ἐκ
1783 3587 1840 3640 δὲ
1871 3587 1964 3642 τοῦ

377 3678 713 3749 Εὐαγγελίου
765 3682 1050 3753 ἐχρήσατο
1085 3683 1200 3748 τοῖς
1246 3680 1340 3735 τοῦ
1382 3681 1714 3751 Εὐαγγελίου
1755 3682 1966 3755 ῥήμασι

376 3773 491 3835 τοῖς
542 3770 813 3841 λέγουσιν,
847 3773 951 3837 ὅτι,
993 3774 1075 3828 Οὐ
1121 3771 1192 3826 τὸ
1234 3775 1741 3842 εἰσπορευόμενον
1778 3774 1975 3829 κοινοῖ

377 3862 484 3916 τόν
512 3863 847 3932 ἄνθρωπον.
877 3861 1010 3920 Εἶτα
1041 3850 1136 3919 καὶ
1162 3866 1290 3938 περὶ
1310 3866 1585 3937 γυναικῶν
1604 3865 1968 3937 αἰχμαλώτων

377 3949 467 4018 αἷς
520 3956 571 4007 οἰ
628 3956 894 4030 βάρϐαροι
949 3957 1399 4030 συνεφθάρησανο
1432 3959 1528 4012 καί
1566 3975 1751 4029 φησιν,
1783 3960 1886 4024 ὅτι,
1919 3960 1969 4013 εἰ

379 3957 467 4018 αἶς
520 3957 571 4007 οἱ
663 3957 894 4027 άρόαροι
949 3957 1399 4030 συνεφθάρησανο
1432 3959 1528 4012 καί
1566 3975 1751 4029 φησιν,
1783 3960 1886 4024 ὅτι,
1919 3960 1969 4013 εἰ

379 4046 483 4116 μὲν
504 4048 533 4099 ό
560 3957 752 4192 etiam
782 4049 961 4102 αὐτῶν
979 4048 1092 4119 βίος
1118 4051 1562 4120 κατεγνωσμένος
1583 4047 1672 4123 ἦν,
1695 4052 1970 4115 ὑπόπτους

379 4137 550 4192 αὐτὰς
693 4142 745 4191 εἰ
792 4142 825 4192 ἡ
883 4142 1116 4192 ποονικὴ
1160 4141 1273 4192 ἕξις
1306 4143 1400 4192 καὶ
1441 4145 1500 4192 ἐν
1552 4141 1632 4192 τῶ
1664 4143 1842 4192 καιοῶ
1869 4145 1970 4192 τῆς

375 4137 550 4202 αὐτάς
600 4137 745 4192 ποιεῖ
792 4142 826 4211 ἡ
883 4142 1116 4213 πορνικὴ
1160 4141 1273 4209 ἕξις
1306 4143 1400 4196 καὶ
1441 4145 1500 4195 ἐν
1552 4141 1632 4213 τῷ
1664 4143 1842 4214 καιρῷ
1869 4145 1971 4214 τῆς

377 4222 778 4300 αἰχμαλωσίας.
830 4231 943 4284 Καὶ
987 4230 1076 4285 διὰ
1117 4231 1276 4287 τοῦτο
1316 4233 1623 4305 προχείρως
1668 4233 1860 4297 αὐταῖς
1904 4232 1967 4285 οὐ

383 4319 737 4392 συνεύχεσθαι
764 4321 863 4388 δεῖ,
887 4323 1022 4377 ἀλλὰ
1056 4323 1196 4396 μετά
1222 4324 1282 4378 τὸ
1307 4324 1590 4378 δουλεῦσαι
1617 4325 1818 4398 δηλαδὴ
1846 4328 1969 4379 επι-

383 4413 766 4487 τιμίοις.Ἔξις
794 4415 853 4469 δέ
883 4416 1030 4469 ἐστιν
1063 4418 1096 4489 ἡ
1134 4416 1318 4489 μακρὰ
1348 4415 1607 4488 συνήθεια
1633 4418 1728 4471 καὶ
1753 4417 1828 4488 τῷ
1852 4416 1971 4488 χρό-

383 4514 458 4579 νῳ
490 4506 848 4576 παγιωθεῖσα,
883 4507 1005 4579 ἥτις
1037 4509 1132 4563 καὶ
1165 4508 1323 4579 φύσει
1356 4509 1702 4581 προσέοικεν·
1737 4509 1877 4564 ὥστε
1911 4511 1967 4564 αἱ

2055 659 2073 691 ι
2110 640 2422 711 suspicione
2481 640 2717 694 alienam
2780 640 3016 705 priorem
3070 639 3238 693 vitam
3305 641 3627 707 ostenderit,

2054 752 2072 783 ε
2113 748 2259 787 nunc
2281 733 2334 787 vi
2356 741 2409 787 et
2440 732 2765 787 necessitate
2784 732 2849 784 ad
2882 732 3143 800 probrum
3176 733 3631 787 contumeliamve

2054 844 2072 877 ι
2114 826 2264 894 lapsa
2295 825 2688 891 sit;habemus
2738 823 3051 892 exetnplum
3094 824 3240 894 quod
3268 833 3351 878 est
3398 825 3454 878 in
3492 823 3632 878 Deu-

2054 935 2072 968 ι
2116 916 2444 982 teronomio,
2474 916 2543 970 de
2566 914 2993 978 adolescentula,
3024 929 3189 983 quam
3216 914 3381 969 horno
3413 914 3469 967 in
3499 930 3631 983 agro

2055 1027 2074 1060 ι
2112 1007 2338 1073 invenit,
2389 1018 2442 1062 et
2473 1023 2537 1062 ea
2575 1008 2629 1061 vi
2672 1022 2987 1076 compressa
3029 1021 3155 1061 cum
3202 1006 3321 1075 ipsa
3367 1006 3628 1059 dormiit:

2054 1121 2074 1152 ι
2114 1100 2549 1167 ΑάοίεδοεηιιιΙτε,
2593 1101 2790 1170 inquit,
2816 1099 2946 1153 nihil
2975 1099 3204 1168 facietis.
3233 1113 3335 1150 non
3355 1106 3432 1151 est
3451 1097 3633 1151 adole-

2057 1213 2075 1246 ι
2118 1194 2365 1249 δεεηιιιίιε
2385 1202 2657 1262 peccatum
2686 1193 2909 1246 mortis:
2958 1193 3083 1262 quia
3114 1190 3555 1261 quemadmodum
3587 1195 3635 1245 si

2057 1305 2075 1338 ι
2114 1287 2228 1356 quis
2252 1287 2404 1339 homo
2436 1286 2684 1340 adversus
2718 1286 3017 1354 proximum
3064 1301 3217 1337 suum
3260 1286 3633 1352 insurrexerit,

2056 1398 2074 1430 ι
2110 1389 2157 1432 et
2188 1379 2356 1447 ipsius
2399 1378 2632 1431 animam
2662 1386 2840 1431 marte
2867 1377 3125 1445 a/fecerit,
3155 1377 3233 1429 sic
3265 1376 3375 1431 haec
3419 1372 3500 1429 res
3522 1388 3638 1443 est;

2057 1489 2076 1522 ι
2115 1470 2509 1524 adulescentula
2538 1470 2895 1536 exclamavit,
2921 1479 2970 1523 et
3000 1486 3102 1523 non
3133 1480 3249 1523 erat
3277 1472 3367 1539 qui
3399 1471 3446 1523 ei
3489 1485 3637 1539 opem

2058 1582 2076 1614 ι
2114 1563 2275 1633 ferret
2305 1564 2348 1617 ⁸.
2380 1561 2505 1619 Haec
2528 1563 2747 1635 quidem
2779 1572 2926 1618 certe
2957 1564 3030 1617 ita
3065 1579 3123 1618 se
3148 1563 3372 1617 habent.
3412 1582 3430 1613 ›

2122 1747 2279 1803 ΒΑιε.
2325 1746 2560 1803 Sanctus
2604 1747 2971 1817 interrogatus
3022 1747 3151 1817 quid
3211 1755 3461 1816 oporteat
3516 1745 3633 1801 ﬁeri

2053 1840 2397 1907 Christianis,
2429 1841 2523 1910 qui
2569 1856 2599 1895 a
2626 1840 2876 1896 barbaris
2907 1840 3045 1910 capti
3093 1848 3241 1903 sunt,
3273 1848 3327 1893 et
3352 1853 3474 1909 quae
3503 1838 3639 1908 ipsis

2054 1935 2122 1989 ab
2145 1934 2224 1988 eis
2249 1934 2660 2004 apponebautur
2683 1933 2979 2003 idolothyta
3001 1931 3386 1998 comederunt;
3412 1945 3641 1999 respon-

2053 2027 2171 2081 dit:
2200 2026 2263 2081 Hi
2296 2027 2401 2081 cibi
2433 2041 2540 2079 non
2565 2035 2810 2095 gravant,
2846 2024 2899 2078 id
2928 2033 3029 2088 est,
3056 2038 3163 2077 non
3188 2038 3349 2093 grave
3374 2022 3637 2077 damnum

2055 2119 2322 2184 aﬂ'erunt;
2355 2126 2410 2172 et
2430 2118 2664 2171 maxime
2688 2116 2830 2184 quod
2853 2130 2994 2169 unus
3026 2123 3108 2169 est
3138 2129 3320 2168 sermo
3350 2114 3492 2182 apud
3521 2128 3641 2171 om-

2054 2228 2170 2277 nes,
2206 2213 2320 2267 sive
2351 2211 2495 2281 quod
2521 2225 2712 2264 omnes
2734 2209 2939 2272 dicunt,
2977 2207 3137 2262 idolis
3167 2222 3273 2261 non
3302 2206 3644 2262 sacriﬁcasse

2054 2306 2341 2370 barbaros,
2370 2304 2463 2375 qui
2491 2305 2545 2358 in
2575 2311 2760 2358 nostra
2788 2301 3135 2357 incursiones
3178 2288 3381 2356 fecere.
3410 2300 3644 2354 Adducit

2056 2404 2235 2451 autem
2284 2405 2339 2450 et
2388 2410 2456 2449 ex
2491 2394 2753 2465 Apostolo
2784 2401 2837 2448 et
2866 2409 2933 2448 ex
2968 2393 3267 2464 Evangelia
3319 2393 3638 2449 sententias.

2057 2485 2135 2540 Ex
2165 2485 2430 2556 Apostolo
2463 2470 2682 2555 quidem
2718 2502 2733 2539 :
2765 2482 2917 2538 Escae
2959 2485 3146 2548 ventri,
3177 2494 3226 2537 et
3261 2492 3439 2538 venter
3472 2485 3643 2546 escis;

2059 2574 2200 2628 Deus
2227 2583 2402 2628 autem
2444 2582 2492 2627 et
2533 2590 2650 2627 eum
2678 2583 2728 2626 et
2752 2573 2847 2628 has
2876 2572 3131 2627 destruet.
3174 2572 3275 2639 Qui
3307 2573 3526 2643 quidem
3556 2572 3644 2627 lo-

2060 2648 2158 2721 cus
2207 2665 2539 2736 apostolicus
2578 2664 2821 2734 loquitur
2854 2665 2921 2720 de
2952 2665 3249 2734 repletione
3279 2674 3333 2719 et
3358 2665 3596 2736 ingluvie
3630 2683 3643 2719 :

2057 2768 2112 2814 et
2134 2772 2289 2812 escas
2315 2756 2532 2827 quidem
2559 2756 2805 2810 nominat
2824 2770 2887 2809 ea
2917 2770 3038 2825 quae
3062 2740 3191 2810 sunt
3216 2770 3644 2823 supervacanea,

2061 2866 2125 2905 ac
2148 2849 2403 2915 delicias;
2433 2856 2677 2903 ventrem
2711 2857 2916 2913 autem,
2951 2847 3307 2902 voracitatcm
3336 2846 3494 2913 dixit,
3532 2863 3642 2900 non

2059 2958 2190 2998 vero
2226 2941 2610 2997 ventriculum.
2642 2939 2747 2994 Per
2789 2940 2903 2995 haec
2933 2950 3113 2994 autem
3161 2940 3296 2995 dicit
3336 2939 3646 3009 Apostolus,

2061 3028 2203 3097 quod
2228 3031 2560 3083 exsaturatio
2590 3036 2644 3081 et
2668 3027 2830 3083 luxus
2856 3028 2923 3082 ad
2958 3027 3251 3097 ingluviem
3278 3028 3646 3099 pertinet,sed

2062 3136 2238 3190 neque
2266 3121 2335 3176 ad
2377 3120 2545 3176 Deum
2576 3120 2797 3176 deducit
2826 3139 2840 3174 :
2880 3121 3030 3174 luxui
3065 3129 3245 3175 autem
3280 3121 3534 3191 ingluviei
3565 3121 3647 3173 vi-

2063 3211 2201 3267 tium
2252 3211 2520 3267 familiare
2572 3211 2837 3275 redditur,
2877 3218 2932 3264 ct
2983 3211 3213 3265 alterum
3261 3212 3414 3267 alteri
3461 3212 3646 3267 servit.

2065 3301 2210 3358 Deus
2241 3315 2424 3357 autem
2460 3318 2521 3359 ea
2549 3304 2725 3359 otiosa
2756 3311 2811 3357 et
2837 3301 3136 3357 incﬂicacia
3170 3303 3385 3369 elliciet,
3413 3313 3472 3358 ut
3513 3304 3650 3358 nulli

2064 3394 2134 3448 ab
2162 3394 2244 3449 eis
2270 3393 2557 3449 ladantur.
2597 3393 2677 3448 Ex
2704 3393 2996 3465 Evangelio
3027 3404 3213 3449 autem
3251 3412 3384 3451 usus
3416 3404 3502 3452 est
3531 3413 3654 3451 ver-

2066 3485 2152 3541 bis
2182 3483 2457 3556 Evangelii
2487 3500 2610 3556 quas
2637 3486 2828 3541 dicunt
2862 3502 2876 3541 :
2905 3485 3060 3552 Quod
3105 3488 3273 3542 intrat
3301 3504 3394 3557 per
3421 3504 3502 3553 os,
3548 3505 3653 3543 non

2064 3578 2373 3649 coinquinat
2395 3578 2678 3634 hominem.
2706 3577 2909 3634 Deinde
2937 3580 3004 3634 de
3034 3580 3264 3650 captivis
3285 3596 3503 3650 quoque
3532 3597 3655 3636 mu-

2068 3672 2312 3738 lieribus,
2348 3672 2551 3743 quibus
2583 3672 2798 3727 barbari
2824 3683 3076 3744 stuprum
3107 3673 3410 3729 intulerunt
3437 3689 3453 3727 :
3485 3684 3538 3730 et
3565 3675 3653 3730 di-

2067 3764 2163 3829 cit,
2204 3764 2349 3835 quod
2396 3764 2441 3819 si
2498 3765 2670 3834 prima
2701 3765 2918 3835 quidem
2954 3780 3144 3821 eorum
3185 3765 3295 3820 vita
3336 3775 3482 3820 esset
3515 3779 3648 3819 cou-

2068 3855 2342 3922 demnata,
2389 3867 2675 3925 suspectas
2731 3873 2829 3913 eas
2875 3856 3008 3913 facit
3059 3857 3389 3913 fornicarius
3436 3856 3657 3911 habitus

2067 3948 2231 4002 etiam
2259 3956 2503 4016 tempore
2533 3948 2882 4017 captivitatis.
2918 3947 2985 4002 Et
3008 3958 3295 4018 propterea
3338 3962 3447 4001 non
3489 3961 3656 4017 Opor-

2069 4049 2147 4094 tet
2180 4038 2337 4117 l‘acile
2367 4054 2492 4094 cum
2523 4038 2604 4094 eis
2635 4054 2814 4104 orare,
2849 4039 2941 4096 sed
2982 4051 3272 4109 postquam
3299 4039 3478 4108 pinnis
3512 4040 3656 4094 vide-

2070 4131 2198 4186 licet
2225 4130 2499 4200 impositis
2534 4146 2593 4187 se
2639 4131 3046 4210 submisissent.
3081 4131 3179 4187 Est
3218 4142 3398 4186 autem
3432 4131 3653 4187 habitus

2069 4220 2231 4291 longa
2262 4221 2623 4287 consuetudo,
2664 4236 2785 4290 qua:
2811 4228 3054 4291 tempore
3086 4235 3305 4291 quoque
3333 4221 3654 4276 conﬁrmata

2069 4316 2187 4374 est,
2249 4323 2373 4381 quae
2427 4309 2494 4364 ad
2553 4320 2806 4365 naturam
2861 4311 3023 4366 etiam
3080 4312 3438 4368 similitudine
3489 4329 3654 4383 quam

2070 4401 2319 4470 proxime
2343 4401 2769 4468 accedit.Quare
2794 4418 2917 4473 quae
2944 4403 3081 4460 tales
3107 4420 3217 4459 non
3241 4412 3387 4470 sunt,
3418 4405 3656 4473 violatas,

2074 4508 2183 4547 non
2215 4502 2531 4563 peccarunt.
2570 4492 2834 4563 Exemplo
2881 4505 3063 4551 autem
3097 4513 3232 4554 usus
3266 4505 3352 4552 est
3384 4497 3500 4569 lege
3536 4515 3659 4569 quae

386 4600 461 4671 μὴ
513 4598 758 4654 τοιαῦται
794 4602 920 4671 οὑχ
962 4601 1210 4674 ἥμαρτον
1258 4600 1580 4673 βιασθεῖσαι.
1633 4603 1744 4656 Καὶ
1793 4619 1962 4674 παρα-

2078 4583 2132 4637 in
2169 4582 2588 4638 Deuteronomio
2619 4584 2866 4651 habetur,
2899 4585 2967 4640 de
3003 4587 3216 4658 virgine
3248 4589 3338 4643 cui
3369 4589 3424 4643 in
3466 4589 3659 4646 solitu-

383 4693 635 4765 δείγματι
666 4694 933 4766 κέχρηται
975 4696 1042 4765 τῇ
1087 4696 1146 4748 ὲν
1174 4686 1252 4781 τῷ
1279 4695 1682 4766 Δευτερονομίῳ
1708 4694 1973 4766 θεσμοθε-

384 4788 477 4860 σίᾳ
507 4790 574 4859 τῇ
605 4788 736 4859 περὶ
768 4787 868 4858 τῆς
901 4784 1251 4857 ὑϐρισθείσης
1284 4786 1561 4858 παρθένου,
1586 4786 1727 4841 κατὰ
1762 4785 1883 4858 βίαν
1912 4788 1971 4841 ὲν

385 4880 610 4953 ἐρημίᾳ.
639 4880 751 4934 Καὶ
798 4876 866 4934 τὰ
911 4880 1011 4951 μὲν
1059 4879 1154 4934 τοῦ
1203 4881 1424 4945 κανόνος
1456 4881 1514 4933 ἐν
1545 4879 1970 4944 τούτοις.Ἔοικε

382 4971 441 5025 δὲ
462 4974 491 5026 ὁ
517 4971 671 5041 ἅγιος
698 4971 809 5026 ἀπὸ
837 4970 933 5025 τοῦ
956 4972 1133 5025 εἰπεῖν
1162 4971 1236 5043 μὴ
1262 4970 1563 5040 ἐπάγεσθαι
1591 4970 1812 5043 βαρεῖαν
1842 4969 1972 5041 βλά-

385 5064 488 5136 ϐην
519 5066 630 5129 τοῖς
671 5063 904 5133 φαγοῦσι
936 5064 1003 5118 τὰ
1034 5062 1357 5117 εἰδωλόθυτα
1398 5064 1811 5135 παρατιθέμενα
1846 5062 1969 5115 τού-

386 5174 502 5221 τοις
527 5155 679 5227 παρά
703 5154 809 5208 τῶν
845 5154 1154 5230 βαρϐάρων,
1191 5157 1285 5209 καὶ
1306 5156 1414 5209 ἀπὸ
1441 5157 1537 5210 τοῦ
1565 5156 1743 5225 λέγειν
1771 5160 1973 5229 πληρο-

387 5246 673 5321 φορεῖσθαι
703 5245 909 5310 πάντας
946 5246 1019 5318 μὴ
1051 5247 1303 5317 γενέσθαι
1335 5249 1460 5313 τοὺς
1491 5247 1802 5321 βαρϐάρους
1830 5250 1977 5303 εἰδω-

384 5340 635 5405 λοθύτας,
679 5339 773 5391 καὶ
817 5338 926 5405 ἀπὸ
968 5338 1062 5392 τοῦ
1104 5338 1409 5410 χρήσασθαι
1451 5343 1562 5405 τοῖς
1601 5341 1976 5405 άποστολικοῖς

388 5433 596 5506 ῥήμασι
643 5432 757 5494 τοῖς
800 5428 1198 5501 διαλεγομένοις
1234 5432 1364 5502 περὶ
1395 5431 1609 5504 τρυφῆς
1648 5433 1743 5486 καὶ
1770 5432 1977 5504 ἀδηφα-

391 5523 541 5593 γίας,
574 5523 839 5585 ὡσαύτως
871 5521 966 5576 καὶ
1007 5526 1121 5586 τοῖς
1165 5524 1539 5593 εὐαγγελικοὶς
1566 5525 1635 5579 τὰ
1676 5516 1815 5578 αὖτὰ
1859 5524 1976 5579 δια-

386 5614 746 5685 λαμϐάνουσι,
778 5614 852 5685 μὴ
898 5612 1078 5685 ἁπλῆν
1120 5615 1344 5685 ποιῆσαι
1371 5618 1469 5688 τὴν
1498 5617 1810 5689 ἀπόκρισιν,
1843 5616 1978 5671 ἀλλά

388 5705 768 5779 διαιρουμένην
799 5706 879 5769 εἰς
906 5706 1179 5773 φαγόντας
1222 5705 1547 5761 εἰδωλόθυτα
1593 5706 1733 5761 κατὰ
1765 5707 1979 5783 τρυφὴν

459 5863 485 5894 ⁸
511 5862 668 5920 Deut.
718 5878 854 5929 χχιι,
891 5860 997 5929 ‘26,
1035 5859 1128 5918 27.

2074 4675 2204 4732 dine
2229 4690 2327 4746 per
2357 4676 2469 4730 vim
2502 4677 2765 4746 probrum
2796 4676 3005 4732 illatum
3038 4688 3143 4735 est.
3187 4678 3255 4735 Et
3281 4696 3405 4751 quas
3437 4681 3656 4751 quidem

2073 4767 2141 4822 ad
2171 4782 2437 4822 canonem
2471 4776 2721 4837 spectant
2748 4767 2803 4820 in
2834 4768 2920 4824 his
2951 4771 3281 4826 consistunt.
3308 4764 3534 4827 Videtur
3563 4789 3660 4827 au-

2073 4869 2180 4916 tem
2214 4869 2438 4916 sanctus
2485 4875 2553 4916 ex
2600 4875 2667 4916 eo
2717 4861 2865 4932 quod
2908 4862 3064 4927 dixit,
3095 4879 3205 4918 non
3255 4863 3446 4920 inferri
3497 4882 3660 4936 grave

2073 4952 2332 5007 damnum
2385 4952 2454 5009 iis
2502 4953 2596 5023 qui
2625 4955 2926 5027 idolothyta
2959 4956 3334 5025 comederunt,
3365 4959 3447 5014 eis
3472 4975 3505 5012 a
3533 4959 3659 5013 bar-

2075 5044 2224 5100 baris
2255 5046 2524 5115 apposita,
2556 5054 2612 5100 et
2654 5062 2721 5102 ex
2768 5062 2836 5102 eo
2885 5049 3031 5118 quod
3074 5049 3238 5115 .dicit,
3272 5066 3464 5105 omnes
3498 5051 3658 5119 plene

2075 5146 2416 5205 compertum
2450 5137 2673 5201 habere,
2697 5137 2961 5196 barbaros
2985 5140 3146 5195 idolis
3168 5155 3274 5193 non
3296 5141 3654 5207 sacriﬁcasse,

2073 5238 2130 5282 et
2159 5243 2225 5283 ex
2258 5243 2324 5282 eo
2357 5229 2503 5298 quod
2537 5230 2708 5283 utitur
2732 5229 2893 5285 dictis
2925 5232 3238 5299 apostolicis
3274 5246 3397 5300 quae
3423 5232 3490 5286 de
3522 5233 3656 5289 luxu

2077 5327 2131 5375 et
2162 5320 2399 5391 ingluvie
2427 5321 2722 5386 disserunt,
2762 5320 3014 5374 similiter
3059 5330 3113 5374 et
3160 5321 3509 5389 evangelicis,
3536 5339 3660 5392 quae

2077 5412 2266 5468 eadem
2317 5420 2573 5478 tractant,
2612 5428 2722 5466 non
2765 5411 2962 5467 fecisse
3008 5412 3308 5481 simplicem
3339 5415 3657 5482 responsio—

2081 5519 2230 5569 nem,
2262 5502 2356 5558 sed
2389 5518 2512 5573 quae
2541 5503 2802 5557 dividitur
2847 5502 2903 5556 in
2951 5516 3046 5557 eos
3096 5504 3188 5571 qui
3235 5502 3531 5576 idolothyta
3564 5522 3661 5574 per
3700 5558 3708 5567 ,

2078 5594 2302 5651 delicias
2327 5610 2426 5649 sua
2455 5604 2649 5664 sponte
2674 5594 3060 5659 comederunt;
3082 5593 3135 5646 in
3160 5607 3255 5648 eos
3276 5595 3368 5664 qui
3399 5596 3452 5649 vi
3476 5613 3505 5650 a
3536 5597 3662 5652 bar-

2079 5686 2234 5744 baris
2266 5687 2439 5742 coacti
2469 5684 2852 5749 comederunt;
2882 5684 2935 5737 in
2962 5698 3054 5740 eos
3080 5686 3171 5755 qui
3201 5697 3419 5757 pmpter
3454 5697 3661 5743 naturis
