4090 6376
501 365 525 418 Ι
537 361 642 417 023

1614 362 1673 420 S.
1716 359 2045 419 GREGORII
2084 358 2595 417 THAUMATURGI

3602 359 3745 414 102$

500 479 878 543 necessitatem
908 494 1004 536 eas
1041 494 1200 535 escas
1244 477 1508 542 fecerunt,
1542 486 1597 534 et
1636 478 1692 533 in
1737 493 1834 534 eos
1864 474 1972 549 qui
2002 478 2053 534 at'

2171 476 2368 540 ἑκοντὶ,
2397 477 2477 539 εἰς
2508 476 2633 539 τοὺς
2673 473 2812 528 κατὰ
2853 471 2972 545 βίαν
3000 471 3108 527 τῶν
3147 470 3436 547 βαρϐάρων
3472 471 3744 543 φαγόντας

499 572 613 626 haec
651 570 701 624 vi
735 570 1002 639 compulsi
1023 579 1152 627 sunt
1178 586 1208 625 a
1240 570 1509 634 barbaris,
1537 572 1629 641 qui
1663 570 1820 626 idolis
1851 585 1959 625 non
1979 586 2068 626 sa-

496 661 834 717 crilicarunt.
865 660 1037 728 Unde,
1067 670 1127 717 ut
1154 660 1287 717 mihi
1314 662 1546 730 videtur,
1579 663 1761 718 nullus
1782 678 1970 719 eorum
1998 663 2068 719 ab

494 754 644 808 omni
703 754 859 825 culpa
921 753 1182 812 immunis
1241 755 1365 813 erit.
1396 754 1501 823 Qui
1549 770 1610 811 ea
1663 756 1807 811 enim
1852 765 2068 827 propter

492 844 684 899 luxum
734 853 790 900 et
836 845 1061 902 delicias
1103 847 1481 913 comederunt,
1534 848 1835 918 majoribus
1889 848 2066 917 pomis

490 935 880 1004 subjicientur;
906 938 1001 1007 qui
1028 951 1251 1009 propter
1279 940 1679 1004 necessitatem,
1716 949 1773 996 et
1813 942 2064 1011 corporis

489 1025 909 1092 nutrimentum,
942 1037 995 1083 et
1028 1038 1087 1083 ut
1113 1028 1208 1098 qui
1254 1044 1362 1083 non
1409 1030 1624 1098 possint
1651 1032 1809 1086 aliter
1840 1032 2061 1097 nutriri,

486 1116 671 1172 minus
700 1119 1015 1187 punientur.
1052 1117 1266 1190 Reliqui
1297 1134 1516 1189 quoque
1543 1129 1764 1191 propter
1793 1136 1945 1177 esum
1974 1136 2065 1176 ex-

487 1211 809 1265 secrabilem
840 1212 1023 1270 mitius
1049 1213 1365 1283 punientur,
1398 1228 1464 1267 eo
1491 1214 1636 1282 quod
1670 1222 1897 1270 sanctus
1925 1228 2064 1284 quo-

484 1315 592 1369 que
617 1301 747 1357 dicit
780 1319 889 1359 non
920 1320 1081 1375 grave
1117 1318 1239 1360 esse
1286 1302 1582 1376 idolothyta
1610 1306 1915 1369 comedere,
1940 1320 2063 1376 quae

485 1392 555 1446 ab
610 1393 678 1448 iis
729 1405 1080 1465 apponuntur
1128 1396 1222 1465 qui
1272 1395 1431 1451 idolis
1480 1411 1585 1451 non
1635 1395 2058 1453 sacriﬁcarunt:

483 1498 593 1539 non
631 1493 713 1539 est
745 1495 924 1541 tamen
960 1486 1029 1541 ab
1065 1487 1213 1543 omni
1242 1490 1457 1558 penitus
1482 1488 1904 1558 reprehensione
1932 1488 2063 1545 alie-

483 1591 637 1632 num.
684 1576 1101 1649 lnterrogaverit
1128 1590 1307 1637 autem
1337 1583 1607 1652 quispiam
1644 1580 1821 1637 :Cum
1854 1599 1944 1638 xlv
1968 1598 2060 1639 ca-

482 1684 593 1724 non
626 1670 771 1726 beati
795 1671 942 1728 Petri
974 1675 1367 1746 archiepiscopi
1396 1676 1747 1732 Alexandrini
1772 1686 1827 1731 et
1854 1685 2059 1746 marty-

480 1762 560 1818 ris
588 1765 881 1831 contineat,
914 1782 1009 1823 eos
1038 1768 1133 1838 qui
1178 1769 1232 1823 vi
1281 1769 1562 1841 tyrannica
1592 1771 1859 1841 compulsi
1888 1771 2058 1827 idolo-

478 1857 633 1929 thyta
663 1858 1019 1914 comederunt
1065 1868 1121 1915 et
1167 1860 1352 1917 itidem
1386 1862 1788 1928 sacriﬁcarunt,
1819 1876 1926 1917 non
1956 1877 2060 1931 pu-

480 1950 610 2013 niri,
640 1949 734 2005 sed
764 1950 947 2020 potius
975 1965 1097 2007 esse
1124 1952 1287 2008 etiam
1318 1952 1373 2008 in
1403 1953 1569 2017 clero,
1601 1954 1645 2010 si
1687 1952 1798 2008 sint
1835 1951 2053 2018 clerici;

478 2043 757 2111 quomodo
802 2045 1047 2101 decernit
1088 2060 1326 2116 presens
1378 2047 1494 2100 haec
1539 2045 1790 2115 epistola,
1815 2060 1912 2102 eos
1961 2044 2057 2116 qui

481 2130 780 2205 idolothyta
810 2137 1182 2202 comederunt,
1213 2152 1314 2190 non
1341 2138 1570 2207 graviter
1592 2136 1714 2191 ιωάὲ
1744 2152 1761 2189 :
1793 2144 1852 2191 ut
1883 2151 1947 2191 ex
1988 2149 2056 2190 eo

482 2235 770 2292 appareat,
804 2225 951 2294 ipsos
991 2226 1324 2282 mediocriter
1356 2228 1514 2284 laedi?
1547 2227 1777 2284 Solutio.
1823 2225 2057 2282 Sanctus

478 2328 686 2387 martyr
732 2316 946 2386 Petrus,
984 2319 1036 2374 in
1068 2335 1158 2373 xrv
1198 2335 1300 2375 suo
1345 2334 1574 2386 canone,
1612 2319 1776 2374 etiam
1825 2319 1880 2374 in
1936 2319 2055 2389 ipso

476 2405 881 2462 immolatarum
913 2424 1008 2464 esu
1045 2410 1273 2464 athla-tas
1316 2419 1582 2482 martyres
1609 2409 1777 2466 fuisse
1814 2418 1867 2464 et
1900 2410 2053 2465 testi-

477 2497 720 2551 monium
752 2499 1049 2567 praebuisse
1079 2501 1344 2569 perhibet.
1375 2500 1512 2556 Dicit
1538 2501 1684 2556 enim
1717 2502 1861 2571 quod
1886 2501 2050 2557 etiam

477 2586 866 2642 ferramentum
907 2588 961 2643 in
992 2606 1056 2645 os
1087 2576 1331 2660 ipsorum
1363 2591 1618 2661 injectum
1644 2600 1749 2651 est.
1777 2600 1831 2645 et
1855 2607 2053 2647 manus

474 2694 664 2735 eorum
691 2689 827 2735 ustae
865 2690 1013 2748 sunt,
1042 2692 1115 2749 et,
1147 2693 1204 2737 ut
1236 2685 1403 2740 semel
1430 2685 1630 2751 dicam,
1658 2685 1724 2740 ad
1759 2685 2053 2740 immolatis

471 2774 799 2829 vescendum
830 2774 979 2827 nullo
1011 2776 1174 2830 modo
1197 2786 1620 2844 consenserunt,
1653 2792 1753 2834 nec
1789 2777 1952 2834 etiam
1980 2778 2051 2833 ad

473 2864 635 2919 idolis
666 2869 1107 2925 sacriﬁcandum.
1137 2870 1383 2925 Praesens
1410 2878 1591 2926 autem
1636 2869 1899 2927 canonica
1934 2871 2051 2940 epi-

473 2957 613 3013 stola
646 2967 842 3015 tractat
873 2962 930 3017 in
964 2963 1252 3032 principio,
1281 2962 1526 3032 captivos
1556 2962 1774 3031 quidem
1802 2963 2047 3032 apposita

473 3047 579 3103 sibi
609 3048 907 3120 idolothyta
936 3051 987 3105 vi
1015 3052 1339 3116 comedisse,
1376 3052 1470 3107 sed
1501 3066 1609 3105 non
1637 3052 1800 3106 etiam
1827 3066 1894 3107 eo
1925 3051 2048 3121 ipso

473 3145 717 3209 tempore
753 3156 863 3211 quo
891 3142 1263 3207 comedebant,
1297 3144 1577 3214 tyrannica
1616 3142 1872 3198 violentia
1893 3157 2042 3199 com-
2076 3169 2119 3228 ρ

473 3232 658 3303 pulsos
691 3232 893 3301 fuisse;
920 3244 972 3290 et
1016 3237 1139 3292 ideo
1169 3236 1284 3291 vult
1324 3252 1440 3303 eos,
1468 3247 1527 3293 ut
1572 3238 1668 3308 qui
1712 3238 1938 3293 omnino
1967 3247 2051 3312 ty-

471 3340 772 3383 rannorum
825 3329 1092 3386 voluntati
1139 3327 1441 3394 cesserint,
1508 3330 1788 3386 moderate
1844 3330 2045 3401 puniri.

474 3414 742 3475 Existimo
786 3429 971 3476 autem
1021 3437 1144 3494 ego,
1172 3424 1318 3494 quod
1363 3423 1827 3494 quemadmodum
1878 3424 2050 3481 idolo-

475 3514 624 3583 tbyta
652 3514 956 3577 comedere,
984 3529 1017 3569 a
1049 3514 1299 3571 barbaris
1346 3514 1440 3585 qui
1485 3530 1596 3571 non
1647 3515 2048 3582 sacriﬁcarunt,

470 3603 840 3675 compulsum,
873 3621 983 3662 non
1020 3616 1105 3662 est
1154 3608 1224 3664 ab
1270 3608 1420 3663 omni
1453 3608 1871 3679 reprehensione
1915 3607 2049 3663 libe-

472 3712 630 3763 rum;
664 3696 740 3753 ita
769 3713 870 3753 nec
887 3698 1234 3755 barbaricum
1262 3708 1510 3770 stuprum
1540 3700 1588 3754 vi
1619 3714 1934 3771 perpessum
1965 3713 2050 3755 es-

470 3803 532 3843 se
563 3806 579 3843 :
609 3803 737 3844 nam
784 3789 888 3846 hoc
937 3807 1156 3862 quoque
1203 3793 1415 3848 modice
1455 3793 1729 3864 punietur.
1763 3791 1877 3847 Etsi
1901 3791 2048 3848 enim

469 3879 558 3935 lex
583 3880 758 3939 civilis
791 3882 922 3939 dicit
946 3883 1002 3938 in
1030 3884 1125 3938 lib.
1156 3900 1247 3951 ιι,
1276 3886 1358 3940 tit.
1389 3885 1478 3952 58,
1497 3900 1547 3941 c.
1580 3886 1669 3950 12,
1702 3885 1941 3941 themate
1966 3884 2001 3939 6
2029 3903 2045 3940 :

469 3968 646 4027 Etiam
682 3988 746 4029 ea
772 3990 895 4044 qua:
926 3976 997 4030 ab
1026 3975 1277 4032 hostibus
1299 3984 1385 4032 est
1414 3976 1741 4043 adulterata,
1773 3993 1839 4034 ac
1865 3992 2047 4034 rever-

467 4077 552 4128 sa,
579 4079 610 4118 a
635 4066 752 4119 viro
778 4066 907 4137 (non
934 4068 1034 4121 rite
1058 4067 1198 4137 viro)
1224 4076 1534 4136 accusatur,
1556 4069 1658 4125 nisi
1686 4070 1792 4127 hoc
1814 4070 1865 4124 vi
1885 4074 2046 4140 passa

467 4164 575 4220 est,
623 4165 680 4210 et
710 4157 815 4213 hoc
842 4161 1005 4214 modo
1047 4160 1095 4214 ei
1134 4161 1222 4215 cui
1253 4161 1337 4216 vis
1377 4161 1544 4234 allata
1590 4171 1694 4229 est,
1723 4161 2046 4234 ignoscitur,

468 4260 570 4301 nec
597 4246 650 4300 id
675 4256 733 4301 et
761 4249 1171 4304 matrimonium
1196 4232 1403 4306 dirimit
1433 4270 1446 4305 :
1472 4252 1566 4307 sed
1599 4252 1683 4307 lex
1713 4232 2048 4307 ecclesiasti-

465 4350 555 4401 ea,
578 4350 700 4391 eam
729 4353 852 4408 qua:
880 4339 1105 4394 omnino
1129 4355 1159 4394 a
1187 4339 1423 4395 barbaro
1452 4340 1660 4409 polluta
1685 4350 1791 4408 est,
1819 4341 1925 4397 nisi
1953 4358 2048 4412 per

464 4442 686 4499 pennam
731 4444 868 4499 pura
917 4432 1008 4497 sit,
1037 4447 1148 4488 non
1182 4432 1343 4488 sinet.
1374 4431 1516 4503 Lege
1544 4440 1599 4487 et
1629 4446 1724 4487 cru
1776 4431 2044 4487 novellam

2168 554 2365 632 ταῦτα,
2381 569 2460 631 εἰς
2485 568 2610 630 τοὺς
2642 566 2709 620 δι’
2735 565 2978 635 ἀνάγκην
2994 565 3094 635 τῆς
3121 564 3334 635 φύσεως
3366 560 3560 636 βρῶμα
3582 580 3743 636 ποιηο

2168 658 2436 729 σαμένους
2465 657 2623 722 αὐτὰ,
2653 657 2747 711 καλ⁵
2779 657 2859 721 εἰς
2898 656 3025 721 τοὺς
3057 655 3375 727 βιασθέντας
3408 655 3544 727 πρὸς
3586 657 3746 711 τοῦτο

2166 750 2319 822 παρὰ
2354 749 2663 823 βαρϐάρων,
2693 749 2769 821 μὴ
2815 748 3115 827 τεθυκότων
3162 750 3275 813 τοῖς
3318 746 3745 820 εἰδώλοις.’ξΟθεν

2165 842 2280 907 καὶ,
2300 842 2375 905 ὡς
2408 843 2531 912 ἐμοὶ
2556 842 2722 900 δοκεῖ,
2751 840 2867 893 οὐδὲ
2902 833 2982 903 εἷς
3018 841 3084 892 ὲκ
3123 838 3325 893 τούτων
3356 840 3743 910 άνεπιτίμητος

2164 934 2340 988 ἔσται.
2381 934 2443 987 Οἱ
2481 933 2591 1004 γὰρ
2628 931 2717 985 διὰ
2746 931 2955 1005 τρυφὴν
2988 932 3250 1001 φαγόντες
3287 928 3459 985 ταῦτα
3501 930 3743 1001 μείζοσιν

2164 1024 2458 1096 ἐπιτιμίοις
2490 1022 2983 1095 ύποὸληθήσονται·
3018 1026 3066 1077 οἰ
3102 1023 3168 1077 δι’
3208 1023 3453 1095 ἀνάγκην
3486 1022 3577 1076 καὶ
3607 1023 3744 1076 ἁπο-

2163 1115 2366 1188 τροφὴν
2396 1114 2491 1169 τοῦ
2520 1114 2788 1187 σώματος,
2811 1116 2886 1179 ὡς
2912 1114 2987 1186 μὴ
3021 1114 3232 1186 ἔχοντες
3260 1114 3433 1178 άλλως
3464 1113 3581 1176 πῶς
3606 1115 3743 1168 άποο

2162 1209 2455 1280 τραφῆναι,
2490 1209 2725 1279 ὴττόνως
2752 1208 3198 1280 κολασθήσονται.
3229 1208 3338 1261 Καὶ
3369 1208 3419 1261 οί
3448 1206 3625 1262 λοιποὶ⁸
3652 1207 3744 1262 διὰ

2161 1301 2262 1373 τὴν
2303 1301 2673 1373 μιαροφαγίαν
2718 1300 3079 1375 μετριώτερον
3118 1301 3624 1374 ὲπιτιμηθήσονται,
3658 1301 3741 1355 ὅτι

2164 1395 2260 1448 καὶ
2296 1396 2325 1448 ὁ
2354 1396 2508 1463 ἅγιος
2535 1394 2596 1448 ού
2626 1393 2764 1466 βαρύ
2793 1412 2956 1467 φησιν
2982 1391 3124 1449 εἶναι
3153 1394 3214 1448 τὸ
3244 1396 3436 1465 φαγεῖν
3468 1378 3744 1448 εἰδωλόθυ-

2164 1503 2230 1540 τα
2265 1488 2416 1558 παρὰ
2447 1486 2554 1540 τῶν
2582 1487 2658 1559 μὴ
2681 1488 2958 1542 θυσάντων
2981 1491 3093 1552 τοῖς
3115 1488 3352 1552 εἰδώλοις
3381 1486 3743 1559 παρατιθέμε-

2160 1595 2249 1644 να,
2279 1578 2340 1631 οὐ
2368 1577 2473 1650 μὴν
2503 1579 2597 1634 καὶ
2621 1579 2796 1652 πάντη
2822 1580 3244 1654 ἀκατέγκλητον.
3264 1582 3555 1653 Ἐρωτήσει
3572 1581 3630 1634 δέ
3655 1598 3743 1645 τις

2159 1673 2257 1738 ὡς,
2289 1672 2382 1727 τοῦ
2417 1672 2478 1728 ιδ’
2511 1673 2734 1737 κανόνος
2757 1676 2853 1732 τοῦ
2876 1673 3146 1746 μακαρίου
3166 1672 3376 1745 Πέτρου
3399 1672 3745 1745 ἀρχιεπισκόο

2162 1782 2266 1819 που
2302 1765 2704 1837 Ἀλεξανδρείας
2723 1766 2817 1819 καὶ
2845 1765 3119 1837 μάρτυρος
3142 1763 3594 1836 διαλαμϐάνοντος
3616 1765 3742 1827 τοὺς

2161 1856 2301 1911 κατὰ
2362 1856 2482 1929 βίαν
2533 1856 2862 1930 τυραννικὴν
2915 1857 3188 1927 φαγόντας
3248 1854 3590 1921 εἰδωλόθυτα,
3645 1856 3741 1933 καὶ
3814 1920 3819 1923 _

2157 1950 2587 2021 τοιουτοτρόπως
2614 1949 2902 2014 θύσαντας,
2927 1950 3001 2021 μὴ
3027 1947 3403 2021 ἐπιτιμᾶσθαι,
3439 1946 3573 2002 ἀλλὰ
3608 1944 3741 2018 μᾶλὲ

2160 2039 2251 2094 λον
2288 2040 2381 2096 καὶ
2419 2040 2479 2094 ἐν
2508 2039 2587 2111 τῷ
2613 2040 2797 2112 κλήρῳ
2825 2035 2985 2104 εἶναι,
3028 2039 3319 2111 κληρικοὺς
3342 2038 3520 2103 ὄντας,
3552 2037 3670 2101 πῶς
3702 2040 3737 2109 ἡ

2157 2130 2407 2204 παροῦσα
2448 2131 2703 2205 ἐπιστολὴ
2730 2130 3021 2205 διορίζεται
3060 2130 3187 2194 τοὺς
3223 2131 3493 2200 φαγόντας
3523 2130 3739 2185 εἰδωλό-

2158 2224 2294 2279 θυτα
2311 2223 2399 2295 μὴ
2422 2225 2662 2295 ,ϐαρέως
2696 2204 3050 2295 βλάπτεσθαι,
3074 2224 3149 2289 ὼς
3177 2223 3240 2276 ἐκ
3266 2223 3455 2277 τούτου
3483 2204 3779 2300 ἐκφαίνετξ,
3890 2285 3913 2300 ⁸

2158 2314 2280 2369 σθαι
2304 2286 2859 2386 βλάπτεσθαισοίύτοὺς
2877 2286 3158 2385 μετρίωςξ
3190 2314 3378 2381 Λύσις.
3398 2315 3455 2369 ὐ
3481 2286 3739 2388 ἱερομιίρλ

2158 2400 2255 2497 “tu;
2288 2408 2495 2480 Πέτρος
2530 2409 2586 2461 ὲν
2615 2408 2693 2480 τῷ
2722 2408 2781 2462 ιδ’
2809 2408 2995 2463 κανόνι
3033 2408 3197 2463 αὐτοῦ
3229 2409 3321 2463 καὶ
3358 2408 3487 2480 περὶ
3520 2408 3649 2462 αὐτὸ
3677 2409 3739 2462 τὸ

2125 2480 2348 2570 ’φαγεῖν
2377 2500 2444 2555 τὰ
2474 2500 2793 2555 εἰδωλόθυτα
2825 2501 3172 2573 μαρτυρῆσαι
3205 2501 3332 2566 τοὺς
3358 2498 3595 2572 ἀθλητὰς
3617 2502 3735 2555 δια-

2155 2593 2440 2665 λαμϐάνει.
2470 2595 2607 2666 Φησὶ
2640 2595 2767 2666 γὰρ,
2802 2594 2884 2648 ὅτι
2915 2594 3007 2648 καὶ
3033 2594 3193 2665 χάνος
3219 2594 3478 2665 ἐνεϐλήθη
3508 2594 3585 2665 τῷ
3618 2594 3737 2647 στό-

2158 2701 2288 2758 ματι
2326 2685 2503 2741 αὐτῶν
2548 2688 2640 2741 καί
2672 2688 2731 2741 αἰ
2774 2690 2953 2759 χεῖρες
2997 2685 3202 2742 τούτων
3242 2685 3610 2758 κατεκάησαν,
3642 2686 3738 2739 καί⁵

2152 2777 2337 2842 ἁπλῶς
2369 2778 2475 2833 οὐδ’
2498 2778 2637 2844 ὅλως
2668 2779 2948 2832 συνέθεντο
2980 2781 3060 2843 εἰς
3095 2778 3157 2832 τὸ
3190 2777 3515 2833 εἰδωλόθυτα
3541 2781 3736 2848 φαγεῖν

2150 2870 2184 2942 ἢ
2210 2871 2290 2934 εἰς
2320 2870 2381 2923 τὸ
2413 2869 2574 2924 θῦσαι
2605 2874 2716 2935 τοῖς
2749 2869 3007 2934 εἰδώλοις.
3026 2871 3090 2924 Ἡ
3118 2871 3173 2925 δὲ
3205 2869 3452 2944 παροῦσα
3476 2868 3737 2941 κανονικὴ

2150 2962 2405 3034 ἐπιστολὴ
2430 2963 2785 3035 διαλαμὸάνει
2813 2962 2953 3017 κατὰ
2980 2963 3078 3026 τὰς
3098 2963 3293 3036 ἀρχὰς,
3317 2962 3458 3017 κατὰ
3479 2961 3608 3033 βίαν
3637 2963 3736 3033 μὲν

2152 3056 2345 3123 φαγεῖν
2376 3054 2501 3120 τοὺς
2523 3054 2899 3127 αἰχμαλώτους
2924 3053 2992 3109 τὰ
3026 3055 3433 3127 παρατιθέμενα
3456 3056 3636 3117 αὐτοῖς
3659 3056 3738 3107 εἰ-

2151 3144 2443 3211 δωλόθυτα,
2476 3145 2536 3199 οὐ
2569 3145 2675 3218 μὴν
2704 3146 2799 3200 καὶ
2827 3147 2948 3200 κατ’
2981 3145 3114 3218 αὐτὸ
3142 3145 3205 3200 τὸ
3241 3147 3433 3216 φαγεῖν
3469 3162 3736 3217 τυραννη-

2157 3234 2337 3307 θῆναι,
2366 3210 2460 3291 καὶ
2489 3210 2583 3292 ani
2605 3210 2762 3291 τοῦτο
2793 3236 2937 3292 θέλει
2946 3210 3037 3334 id;
3061 3236 3196 3303 ὅλως
3232 3210 3617 3307 ύποκύψαντ-ας
3658 3210 3738 3309 τῷ
3842 3245 3847 3247 λ

2155 3327 2421 3401 θελήματι
2469 3328 2563 3383 τοῦ
2609 3329 2894 3403 τυράννου,
2927 3327 3163 3403 μετρίως
3192 3330 3595 3403 τιμωρηθῆναι.
3628 3329 3735 3383 No-

2156 3421 2299 3493 μίζω
2327 3422 2383 3475 δὲ
2413 3420 2543 3491 ἐγὼ,
2577 3422 2681 3487 ὅτι,
2708 3420 2899 3494 ὥσπερ
2928 3423 3029 3477 οὐκ
3055 3422 3171 3477 ἐστι
3200 3422 3375 3496 πάντη
3402 3422 3734 3494 ἀνεπιτίμη-

2153 3533 2245 3569 τον
2291 3515 2353 3568 τὸ
2393 3517 2589 3587 φαγεῖν
2620 3514 2945 3570 εἰδωλόθυτα
2988 3514 3133 3569 κατὰ
3175 3514 3296 3586 βίαν
3331 3513 3623 3587 βαρϐάρων
3658 3512 3737 3586 μὴ

2152 3604 2546 3671 ὲπιθυσάντων,
2575 3604 2748 3670 οὕτως
2772 3605 2891 3660 οὐδὲ
2925 3606 2984 3660 τὸ
3018 3605 3319 3677 ὑποστῆναι
3363 3606 3568 3678 φθορὰν
3598 3606 3726 3677 βαρ-

2156 3696 2389 3771 ὅαρικὴν
2412 3699 2553 3753 κατὰ
2578 3698 2724 3768 βίαν·
2756 3698 2851 3752 καὶ
2878 3699 3035 3752 τοῦτο
3064 3699 3173 3771 γάρ
3210 3698 3447 3770 μετρίως
3476 3701 3733 3771 ἐπιτιμη-

2152 3787 2394 3860 θήσεται.
2448 3790 2567 3844 Κᾶν
2612 3790 2722 3863 γὰρ
2776 3792 2871 3844 καί
2910 3793 2939 3845 ό
2974 3791 3249 3856 πολιτικὸς
3288 3791 3448 3863 νόμος
3481 3791 3644 3863 φησὶν
3672 3794 3734 3846 ὲν

2152 3878 2340 3954 βιϐλίῳ
2389 3881 2431 3947 ξ’
2459 3881 2636 3935 τίτλου
2685 3880 2765 3955 λη’
2795 3882 2988 3952 κεφαλ.
3027 3884 3090 3957 ιβ’
3115 3882 3310 3955 θέματι
3351 3882 3525 3955 ἕκτῳ·
3561 3882 3671 3937 Καὶ
3697 3885 3735 3956 ἡ

2149 3968 2300 4046 παρίει
2343 3977 2455 4037 τοῖς
2504 3971 2779 4044 πολεμίοις
2823 3973 3168 4046 μοιχευθεῖσα
3208 3974 3300 4028 καὶ
3346 3974 3735 4047 ὑποστρέψασα

2150 4067 2536 4139 κατηγορεῖται
2568 4064 2719 4136 παρὰ
2745 4064 2841 4118 τοῦ
2872 4065 3084 4137 ἀνδρὸς,
3113 4067 3173 4120 ού
3200 4066 3391 4138 δικαίῳ
3428 4066 3644 4139 ἀνδρὸς,
3684 4071 3735 4123 εί

2152 4157 2229 4230 μὴ
2262 4158 2352 4230 βία
2387 4157 2547 4211 τοῦτο
2591 4156 2850 4223 πέπονθε,
2876 4159 2971 4212 κα)⁵
3013 4159 3437 4230 τοιουτοτρόπως
3464 4160 3737 4229 συγγινώ-

2150 4268 2270 4304 σκει
2302 4252 2402 4323 τὴν
2430 4249 2765 4322 βιασθεῖσαν,
2794 4251 2889 4305 καὶ
2925 4250 3017 4305 τὸν
3056 4252 3233 4323 γάμον
3263 4252 3325 4307 ού
3352 4252 3586 4326 διασπᾷ·
3616 4252 3733 4307 ἀλλ’

2147 4344 2174 4396 ὁ
2206 4342 2656 4414 ἐκκλησιαστικὸς
2684 4343 2846 4415 νόμος
2889 4342 2988 4415 τὴν
3036 4342 3172 4407 ὅλως
3199 4343 3305 4397 ὑπὸ
3331 4342 3610 4418 βαρϐάρου
3643 4362 3737 4416 μο-

2147 4434 2426 4489 λυνθεῖσαν
2460 4433 2535 4508 μὴ
2559 4434 2915 4510 καθαριεῦσαι
2940 4435 3007 4490 δι’
3035 4436 3308 4507 ἐπιτιμίου
3333 4439 3434 4492 οὐκ
3460 4438 3730 4504 ἀνέξεται.

466 4517 812 4590 imperatoris
842 4522 1048 4595 domini
1079 4522 1277 4580 Leonis
1311 4522 1604 4594 Sapientis,
1651 4540 1775 4595 qua:
1828 4524 1942 4580 haec
1985 4525 2039 4579 in

2156 4527 2450 4596 Ἀνάγνωθι
2479 4528 2575 4582 καὶ
2607 4527 2705 4599 τὴν
2735 4535 2818 4601 ργ¹
2849 4525 3049 4601 νεαρὰν
3076 4528 3172 4583 τοῦ
3224 4528 3487 4599 βασιλέως
3533 4530 3730 4602 κυρίου

466 4610 575 4666 ﬁne
626 4613 979 4684 prosequitur
1021 4632 1036 4669 :
1071 4613 1231 4670 Nullo
1285 4630 1418 4685 ergo
1466 4616 1630 4672 modo
1672 4615 2036 4681 decernimus,

463 4718 590 4756 eum
621 4702 714 4773 qui
743 4704 1108 4777 captivitatem
1140 4722 1249 4761 non
1275 4717 1532 4776 expertus
1559 4707 1778 4774 mansit,
1805 4708 1873 4763 ad
1900 4708 2041 4763 alte-

464 4793 583 4850 rius
631 4796 1074 4865 conjunctionem
1104 4799 1312 4864 venire,
1336 4809 1390 4853 et
1435 4808 1649 4855 caetera.
1685 4798 1810 4855 Haec
1858 4810 2038 4856 autem

462 4888 675 4942 novella
702 4888 842 4943 tollit
868 4887 1161 4944 Iustiniani
1190 4906 1336 4945 cxvu
1366 4891 1656 4962 novellam,
1682 4909 1804 4964 qua:
1832 4894 1937 4948 sita
1959 4902 2043 4947 est

461 4978 517 5036 in
563 4980 703 5036 libro
734 4997 929 5048 xxvul,
978 4982 1062 5036 tit.
1094 4982 1145 5049 7,
1181 4991 1238 5037 et
1280 4981 1433 5049 dicit,
1477 4999 1873 5055 nonnunquam
1903 4985 2039 5040 solvi

460 5072 871 5129 matrimonium
918 5093 932 5128 :
977 5089 1167 5128 verum
1215 5074 1332 5129 haec
1375 5075 1585 5130 novella
1630 5075 1813 5131 locum
1860 5075 2041 5141 habet,

460 5167 681 5237 quando
710 5168 922 5237 captiva
951 5181 983 5221 a
1010 5164 1261 5221 barbaris
1288 5180 1399 5221 non
1430 5176 1514 5222 est
1547 5166 1774 5237 polluta.
1816 5167 1873 5222 Si
1910 5168 2042 5237 quid

459 5268 641 5313 autem
675 5259 943 5328 ejusmodi
972 5258 1172 5314 factum
1197 5258 1288 5324 sit,
1308 5260 1490 5315 locum
1514 5260 1736 5326 habent,
1763 5277 1885 5333 quae
1912 5271 2042 5316 sunt

461 5349 516 5404 in
547 5350 695 5406 dicto
720 5352 896 5421 capite
925 5367 993 5406 ιχ
1023 5352 1171 5407 libri.

529 5532 733 5592 Zona.
771 5536 910 5591 Cum
941 5536 997 5591 in
1030 5537 1306 5594 Romanas
1332 5537 1581 5607 regiones
1608 5537 1825 5595 barbari
1852 5540 2043 5594 irruis—

461 5636 606 5694 sent,
649 5644 852 5697 easque
882 5629 1116 5686 fuissent
1140 5632 1481 5700 depopulati,
1517 5632 1612 5701 qui
1659 5634 1726 5688 ab
1773 5633 1908 5703 ipsis
1951 5648 2044 5687 ca-

462 5721 594 5791 ptivi
640 5731 770 5776 sunt
817 5720 970 5788 facti,
998 5723 1315 5795 idolothyta,
1349 5726 1432 5779 vel
1459 5726 1597 5781 alios
1643 5741 1861 5796 quoque
1892 5725 2043 5781 cibos

463 5813 660 5869 vetitos
689 5814 1069 5883 degustarunt.
1102 5813 1177 5870 De
1217 5816 1285 5873 iis
1330 5817 1514 5887 itaque
1560 5826 1778 5890 rogatus
1816 5817 1918 5873 fuit
1963 5817 2043 5872 vir

2142 4620 2370 4685 Λέοντος
2413 4620 2507 4673 τοῦ
2540 4620 2739 4690 Σοφοῦ,
2783 4619 3048 4689 λέγουσαν
3085 4622 3215 4695 περὶ
3241 4622 3303 4676 τὸ
3332 4622 3485 4688 τέλος
3520 4624 3729 4678 ταῦτα·

2142 4710 2406 4783 Οὐδαμῶς
2433 4707 2527 4765 οὖν
2560 4709 2889 4785 θεσπίζομεν
2920 4712 3003 4766 ἔτι
3031 4713 3167 4785 πρὸς
3190 4712 3484 4782 συνάφειαν
3513 4715 3726 4786 ἑτέρου,

2141 4803 2233 4857 τὸν
2287 4803 2582 4875 ἀπείρατον
2632 4803 2978 4877 μεμενηκότα
3012 4804 3110 4874 τῆς
3147 4803 3521 4876 αἰχμαλωσίας
3570 4806 3731 4877 ἔρχε-

2143 4894 2291 4961 σθαι,
2321 4896 2416 4950 καὶ
2445 4894 2514 4950 τὰ
2559 4894 2705 4967 ἑξῆς.
2726 4898 2965 4969 Ἀναιρεῖ
2997 4895 3054 4949 δὲ
3102 4896 3136 4969 ἡ
3173 4896 3395 4969 τοιαύτη
3428 4896 3600 4970 νεαρὰ
3626 4898 3730 4971 τὴν

2154 4985 2577 5043 Ἰουστινιάνειον
2605 4985 2706 5057 ριζ’
2728 4986 2929 5060 νεαρὰν
2953 4985 3050 5058 τὴν
3080 4985 3342 5058 κειμένην
3367 4986 3425 5039 ὲν
3449 4986 3614 5058 βίϐλῳ
3640 4995 3726 5058 κη’

2140 5076 2319 5132 τίτλου
2349 5075 2393 5142 ζ’
2418 5079 2511 5131 καί
2540 5078 2805 5148 λέγουσαν
2818 5054 2858 5148 ,Ἰ
2879 5078 3069 5135 Ἐστιν
3084 5082 3172 5136 ὅτε
3187 5082 3410 5138 λύεσθαι
3434 5079 3524 5133 τὸν
3550 5078 3728 5132 τοιοῦ-

2140 5186 2232 5224 τον
2264 5170 2441 5242 γάμον
2464 5187 2477 5199 ·
2523 5170 2662 5241 πλὴν
2697 5172 2731 5242 ἡ
2765 5174 2985 5242 τοιαύτη
3019 5169 3186 5242 νεαρὰ
3212 5169 3396 5242 χώραν
3428 5171 3560 5243 ἔχει,
3600 5172 3729 5226 ὅταν

2142 5264 2176 5334 ἡ
2207 5262 2707 5336 αἰχμαλωτισθεῖσα
2732 5264 2831 5317 οὐκ
2855 5262 3084 5335 ἐμιάνθη
3111 5263 3262 5335 παρά
3280 5263 3385 5318 τῶν
3411 5263 3726 5337 βαρϐάρων.

2144 5353 2398 5407 Τοιούτου
2423 5353 2480 5407 δέ
2512 5371 2654 5417 τινος
2701 5352 3003 5421 γεγονότος,
3033 5352 3215 5426 χώραν
3248 5354 3428 5425 ἔχουσι
3458 5355 3526 5408 τὰ
3562 5358 3619 5409 ὲν
3650 5355 3729 5427 τῷ

2144 5443 2364 5516 ῥηθέντι
2393 5443 2673 5514 κεφαλαίῳ
2700 5442 2796 5495 τοῦ
2826 5441 2869 5508 ξ’
2894 5441 3120 5512 βιϐλίου.

2215 5536 2456 5589 ΖΩΝΛΡ.
2521 5536 2819 5610 Βαρὸάρων
2859 5536 3194 5592 ἐπελθόντων
3238 5537 3445 5610 χώραις
3485 5538 3729 5610 Ῥωμαῖ-

2145 5630 2287 5691 καῖς,
2310 5629 2402 5680 καὶ
2430 5627 2776 5698 ληῖσαμένων
2807 5626 2997 5692 αὑτὰς,
3019 5630 3068 5682 οἰ
3096 5630 3223 5701 παρ’
3247 5629 3425 5683 αὐτῶν
3457 5629 3728 5701 αἰχμαλω-

2143 5719 2413 5783 τισθέντες
2442 5719 2732 5786 ἐγεύσαντο
2771 5719 3153 5782 εἰδωλοθύτων,
3186 5718 3218 5790 ἦ
3248 5719 3342 5772 καὶ
3370 5719 3543 5774 ἄλλων
3575 5722 3726 5792 ἀπη-

2146 5814 2488 5886 γορευμένων
2531 5814 2849 5887 βρωμάτων.
2870 5814 3153 5887 Ἦρωτήθη
3205 5811 3295 5869 οὖν
3347 5817 3473 5890 περὶ
3518 5814 3725 5887 τούτων
