4090 6398
440 389 578 447 Ιϐἓῖ

1574 394 1634 447 S.
1675 391 2008 450 GREGORII
2046 392 2558 450 THAUMATL'RGI

3569 396 3705 451 1023

440 524 458 556 ι
509 504 651 560 modi
688 505 940 560 abdicare
964 504 1139 561 visum
1168 515 1271 569 cst,
1300 521 1366 560 ne
1400 504 1537 560 forte
1561 506 1613 559 in
1643 516 1815 560 totum
1842 520 2015 575 popu-

2125 524 2143 556 ι
2182 508 2500 582 ἐπικηρύξαι,
2537 494 2745 580 μήποτε
2777 511 2862 578 ἐφ’
2887 511 3008 563 ὅλον
3039 507 3168 582 ἔλθῃ
3197 511 3287 565 τὸν
3315 510 3444 566 λαὸν
3485 514 3519 585 ή
3562 513 3705 586 ὀργὴ

440 615 458 650 ι
508 598 618 650 lum
647 597 728 650 ira
763 595 960 661 veniat,
991 606 1045 650 et
1073 596 1126 649 in
1156 611 1251 649 eos
1284 596 1519 663 primum
1545 596 1636 664 qui
1670 605 1928 664 praesunt,
1964 604 2020 647 ct
2070 646 2075 649 _

439 708 459 740 ι
509 705 615 743 non
647 689 948 757 inquirunt.
983 686 1186 741 Vereor
1215 690 1382 753 enim,
1417 695 1475 742 ut
1509 688 1585 742 ait
1613 686 1917 758 Scriptura,
1952 703 2018 740 ne

439 801 457 831 ι
507 781 705 850 impius
754 781 964 848 justum
1009 795 1114 834 una
1153 795 1337 835 secum
1383 780 1574 848 perdat
1612 781 1658 833 ⁸.
1707 778 2017 833 Fornicatio

438 891 457 923 ι
504 871 670 934 enim,
708 871 917 940 inquit,
958 883 1006 925 et
1041 871 1302 937 avaritia,
1349 887 1440 940 per
1468 887 1586 941 qua:
1624 873 1762 925 uertit
1805 873 1890 925 ira
1925 870 2018 924 Dei

437 984 456 1012 ο
506 966 564 1017 in
605 964 746 1034 ﬁlios
781 961 1145 1016 inobedientiw
1171 975 1189 1015 :
1214 976 1279 1014 ne
1319 963 1438 1016 sitis
1469 979 1592 1032 ergo
1636 979 1818 1022 eorum
1846 965 2017 1032 parti-

441 1074 458 1106 ι
501 1057 656 1125 cipes.
687 1052 889 1106 Fuisti:
918 1055 1056 1105 enim
1080 1052 1370 1123 aliquando
1391 1053 1651 1107 tenebrw:
1684 1069 1821 1106 nunc
1841 1063 2017 1117 autem

437 1165 458 1197 ι
505 1146 599 1199 tua:
649 1146 705 1198 in
752 1144 997 1197 Domino.
1043 1142 1110 1198 Ut
1143 1143 1248 1213 ﬁlii
1292 1143 1425 1197 lucis
1475 1143 1741 1198 ambulate
1784 1145 2016 1214 (fructus

442 1257 458 1289 ι
503 1237 643 1292 enim
692 1236 824 1288 lucis
856 1245 931 1288 est
965 1236 1021 1288 in
1052 1236 1194 1289 omni
1216 1235 1774 1305 bonitate,etjustitia,
1805 1248 1854 1291 et
1884 1225 2019 1290 veri-

436 1349 457 1383 ι
504 1329 669 1398 tate],
720 1330 997 1397 probantes
1041 1327 1181 1397 quod
1232 1314 1303 1400 sit
1358 1325 1465 1381 Deo
1513 1339 1820 1398 acceptum:
1866 1338 1915 1382 et
1956 1346 2018 1385 ne

439 1437 458 1469 ι
502 1420 883 1472 cammunicate
911 1417 1244 1487 infrugiferis
1270 1417 1512 1485 operibus
1538 1419 1890 1484 tenebrarum,
1925 1420 2015 1473 sed

440 1533 457 1561 ι
503 1512 678 1577 potius
711 1509 872 1567 etiam
914 1508 1231 1578 redarguite.
1270 1506 1402 1573 Quae
1434 1509 1575 1577 enim
1616 1513 1682 1562 ab
1721 1511 1851 1580 ipsis
1881 1512 2014 1580 ﬁunt

440 1622 478 1673 ι,
503 1607 838 1673 clanculum,
888 1616 1036 1675 turpe
1075 1602 1152 1660 est
1194 1606 1278 1661 vel
1299 1605 1490 1662 dicere.
1547 1607 1742 1664 Omnia
1778 1620 1952 1664 autem
1982 1628 2016 1663 α

440 1721 458 1753 ι
505 1701 618 1754 luce
648 1703 884 1755 cenvicta
909 1699 1325 1770 manifestantur
1353 1701 1417 1756 ιο.
1464 1700 1589 1758 Haec
1624 1703 1842 1773 quidem
1878 1704 2017 1774 Apo-

438 1814 458 1846 ι
506 1794 704 1850 stolus.
757 1792 815 1848 Si
862 1801 1044 1848 autem
1077 1793 1172 1863 qui
1210 1801 1429 1863 propter
1465 1798 1700 1864 priorem
1731 1799 1883 1867 plura
1921 1800 2017 1852 ba-

437 1908 456 1939 ι
505 1886 666 1942 bendi
719 1885 1113 1955 cupiditatem,
1166 1901 1289 1955 quae
1345 1887 1399 1941 in
1435 1888 1751 1965 pace_fuit,
1798 1905 2015 1959 pinnam

438 1999 458 2030 ι
505 1979 674 2043 dant,
724 1977 778 2032 in
830 1978 951 2046 ipso
981 1976 1075 2032 ira:
1109 1985 1352 2047 tempore
1385 1996 1580 2035 rursus
1625 1981 1690 2036 ad
1735 1982 2016 2036 avaritiam

440 2091 458 2122 ι
505 2080 931 2134 convertuntur,
961 2068 1365 2125 lucrifacientes
1394 2086 1461 2125 ex
1492 2073 1757 2142 sanguine
1796 2081 1851 2128 et
1890 2088 2016 2143 per-

439 2184 457 2215 ι
506 2164 649 2218 nicie
685 2178 996 2219 eversorum
1040 2161 1354 2225 hominum,
1389 2164 1763 2232 captivorum,
1799 2163 2020 2219 interfe-

440 2276 460 2307 ι
506 2264 760 2318 ctorum;
808 2254 936 2324 quid
980 2252 1126 2314 aliud
1168 2246 1597 2322 exspectandum
1634 2261 1737 2317 est,
1763 2268 1928 2324 quam
1962 2264 2019 2308 ut

441 2367 461 2400 ι
508 2343 739 2401 avaritia
761 2346 1103 2409 decertantes
1135 2344 1274 2399 iram
1310 2345 1413 2399 sibi
1442 2354 1497 2399 et
1520 2345 1779 2402 universo
1818 2347 2018 2417 populo

445 2460 463 2490 ι
513 2438 897 2495 accumulent?
924 2456 945 2491 ι

507 2620 670 2677 Βιιε.
710 2621 768 2676 1η
802 2607 1041 2692 tempore
1083 2621 1433 2687 incursionis,
1476 2620 1700 2691 quidam
1734 2634 1801 2676 ex
1831 2619 2020 2675 ortho-

303 2715 306 2719 ’
412 2714 602 2773 _doxis
630 2716 1124 2795 corripueruntres
1148 2730 1271 2784 qua:
1296 2714 1635 2784 captivorum
1662 2711 2020 2782 depraedatio-

2125 617 2143 648 ι
2185 601 2276 652 καὶ
2305 600 2610 677 ἐπ’γαῦτοὺς
2630 601 2849 672 πρῶτον
2876 604 3004 663 τοὺς
3047 601 3392 673 προεστῶτας
3410 643 3426 669 ,
3457 606 3586 669 τοὺς
3627 606 3705 679 μὴ

2100 709 2143 755 Δι
2183 693 2595 775 ἐπιζητοῦντας.
2640 694 2915 766 Φοϐοῦμαι
2950 694 3093 766 γὰρ,
3137 695 3213 759 ὡς
3236 698 3270 767 ἡ
3302 696 3495 768 Γραφὴ
3532 696 3704 768 λέγει,

2125 801 2144 833 ι
2184 784 2261 853 μὴ
2279 782 2626 859 ’συναπολέσῃ
2665 786 2867 857 ἀσεϐὴς
2889 786 2979 839 τὸν
3009 782 3235 842 δίκαιον.
3269 788 3529 856 Πορνεία
3570 790 3704 860 γὰρ,
3775 845 3782 853 ,

2124 892 2143 923 ι
2183 877 2347 946 φησὶ,
2389 876 2489 930 καί
2528 864 2973 942 ὰλεονεξίαίδΐ
2998 876 3294 947 ἂὲρχεται
3336 878 3376 947 ἠ
3419 878 3567 949 ὀργὴ
3596 880 3705 935 τοῦ

2124 983 2143 1017 ι
2187 965 2334 1020 Θεοῦ
2362 967 2461 1039 ἐπὶ
2485 968 2626 1034 τοὺς
2651 969 2820 1035 υἱοὺς
2856 968 2967 1038 τῆς
2993 966 3318 1036 ἀπειθείας.
3342 968 3442 1038 Μὴ
3465 965 3580 1025 οὖν
3613 971 3705 1041 γί-

2123 1076 2143 1110 ι
2182 1061 2362 1113 ιιεσθε
2389 1059 2754 1130 συμμέτοχοι
2773 1060 2991 1115 αὐτῶν.
3008 1056 3146 1115 Ἦτε
3166 1059 3276 1129 γάρ
3294 1076 3440 1114 ποτε
3454 1064 3701 1130 σκότος,
3756 1108 3760 1113 .

2126 1170 2144 1202 ι
2182 1150 2299 1219 νῦν
2333 1150 2402 1205 δὲ
2426 1151 2551 1221 ερῶς
2573 1152 2871 1220 ἑννΚυρίῳ.
2911 1152 3003 1218 Ὡς
3028 1151 3208 1206 τέκνα
3226 1152 3418 1221 φωτὸς
3458 1168 3705 1222 περιπα-

2088 1304 2096 1317 ‘
2125 1262 2143 1293 ι
2186 1243 2336 1297 τεῖτε
2362 1244 2381 1304 (
2396 1246 2429 1301 d
2452 1243 2564 1321 γὰρ
2593 1245 2821 1312 καρπὸς
2839 1243 2947 1298 τοῦ
2974 1244 3172 1314 φωτὸς
3193 1245 3265 1299 ἐν
3293 1244 3466 1314 πάσῃ
3488 1246 3700 1323 ἀγαθος
3776 1238 3781 1245 ’

2124 1353 2141 1384 ι
2176 1336 2344 1403 σύνῃ
2366 1334 2466 1388 καὶ
2484 1335 2764 1407 ἀληθείᾳ)
2787 1375 2805 1399 ,
2841 1334 3256 1406 δοκιμάζοντες
3283 1339 3342 1391 τί
3373 1337 3707 1406 εὐάρεστον

2123 1445 2142 1476 ι
2181 1424 2261 1491 τῷ
2294 1426 2532 1495 Κυρίῳ,
2570 1426 2670 1480 καὶ
2716 1427 2802 1497 μὴ
2839 1424 3297 1498 σὺγνιοινωνεῖτε
3337 1430 3464 1499 (οἷς
3503 1431 3703 1501 ἔργοις

2123 1537 2141 1567 ί
2182 1517 2309 1584 τοῖς
2344 1517 2644 1586 ,ἀκάρποις
2700 1518 2809 1573 τοῦ
2834 1511 3109 1588 ’σκότους
3128 1561 3146 1585 ,
3198 1519 3445 1592 μᾶλλον
3489 1521 3558 1576 δὲ
3578 1572 3581 1577 ,
3600 1523 3701 1578 καὶ

2123 1628 2142 1660 ι
2176 1608 2480 1679 ἐλέγχετε·
2528 1610 2598 1664 τὰ
2627 1610 2739 1681 γὰρ
2790 1610 2990 1680 κρυφῇ
3037 1614 3332 1682 γινόμενα
3368 1596 3468 1668 im"
3506 1612 3707 1669 αὐτῶν

2122 1719 2140 1750 ι
2180 1702 2438 1771 αἰσχρόν
2468 1702 2600 1756 ἐστι
2632 1703 2731 1758 καὶ
2757 1703 2979 1774 λέγειν.
3026 1705 3105 1762 Τὰ
3125 1705 3194 1758 δὲ
3229 1698 3427 1762 πάντα
3452 1707 3703 1777 alenda

2125 1810 2143 1841 ι
2172 1794 2335 1861 μενά
2357 1792 2479 1847 ὑπὸ
2502 1792 2610 1848 τοῦ
2635 1793 2828 1863 φωτὸς
2860 1794 3245 1864 φανεροῦται.
3285 1797 3524 1852 Τοιαῦτα
3550 1800 3647 1869 μὲν
3675 1800 3705 1851 ὁ

2124 1900 2143 1934 ι
2203 1884 2548 1948 ’Ᾱπὸστολος.
2595 1884 2721 1938 Ἐὰν
2752 1884 2830 1951 δὲ,
2852 1884 2942 1938 διὰ
2964 1885 3061 1957 τὴν
3096 1888 3368 1960 προτέραν
3391 1888 3716 1963 πλεονεξίαν,
3770 1946 3775 1947 ,

2123 1990 2143 2024 ι
2174 1972 2274 2076 την
2300 1975 2357 2026 ἐν
2374 1975 2649 2076 εἰρηνῃ
2664 1977 2962 2077 γενομένην
2983 1977 3137 2048 δίκην
3157 1976 3451 2077 tux/6‘54,
3475 1981 3533 2033 ἐν
3554 1981 3704 2052 αὐτῷ

2124 2081 2143 2113 ι
2181 2064 2259 2135 τῷ
2285 2064 2461 2135 καιρῷ
2506 2065 2608 2134 τῆς
2649 2065 2820 2138 ὀργῆς
2865 2065 3027 2120 πάλιν
3074 2066 3210 2138 πρὸς
3252 2067 3350 2139 τὴν
3370 2064 3703 2134 “πλεονεξίαν

2124 2171 2143 2204 ι
2177 2153 2492 2226 ἐκτραπῶσί
2517 2171 2681 2221 τινες,
2710 2156 3084 2227 κερδαίνοντες
3112 2146 3427 2227 ἐξάίματος
3467 2158 3564 2213 καὶ
3589 2159 3705 2211 ὀλέ-

2124 2263 2143 2296 ι
2164 2245 2310 2315 ηθρου
2336 2244 2637 2315 ἀνθρώπων
2674 2248 2990 2302 ἀναστάτων
3018 2233 3329 2319 γενομένων
3352 2231 3696 2341 ἠ’ρίχμαλώ-

2123 2356 2144 2389 ι
2177 2354 2302 2401 των,
2329 2339 2761 2408 πεφονευμένων,
2798 2341 2851 2394 τί
2873 2340 3060 2413 ἕτερον
3093 2336 3419 2413 προσδοκᾷν
3442 2343 3599 2414 χρὴῆ
3626 2343 3704 2406 ὡς

2125 2448 2143 2480 ι
2179 2430 2689 2501 ἐπαγωνιζομένους
2714 2434 2779 2502 τῇ
2809 2431 3112 2503 πλεονεξίᾳ,
3135 2433 3505 2496 ἐπισωρεῦσαι
3525 2434 3704 2507 ὀργὴν

2124 2540 2143 2573 ι
2178 2522 2273 2575 καὶ
2295 2524 2505 2586 ἑαυτοῖς
2526 2522 2624 2582 καὶ
2654 2524 2819 2577 παντὶ
2844 2522 2925 2594 τῷ
2960 2523 3107 2594 λαῷ;
3140 2542 3158 2574 ι
3222 2530 3225 2533 “
3572 2594 3575 2597 γ

2190 2615 2383 2668 ΒΑΛΣ.
2411 2614 2499 2669 Ἑν
2522 2614 2601 2684 τῷ
2623 2614 2798 2685 καιρῷ
2820 2616 2920 2684 τῆς
2945 2616 3053 2669 τῶν
3072 2614 3364 2691 βαρϐάρων
3382 2614 3703 2688 ἐπιδρομῆς.

2121 2706 2374 2777 ἥρπασάν
2403 2703 2546 2771 τινες
2576 2707 2685 2761 τῶν
2709 2704 3002 2778 ὀρθοδόξων
3024 2707 3094 2761 τὰ
3127 2707 3222 2778 τὴν
3262 2706 3555 2779 λεηλασίαν
3587 2707 3706 2762 δια-

438 2821 563 2860 nem
605 2804 934 2876 eﬂ'ugerunt.‘
983 2803 1059 2861 De
1091 2806 1176 2860 his
1207 2821 1336 2875 ergo
1386 2806 1752 2874 interrogatus
1796 2810 2019 2858 sanctus

2124 2798 2359 2868 φυγόντα
2416 2798 2537 2863 τῶν¹
2602 2799 3142 2870 αἰχμαλωτισθέντων
3186 2799 3504 2870 πράγματα.
3571 2798 3707 2869 Περὶ

438 2896 592 2958 dicit,
619 2898 764 2967 quod
788 2896 1040 2967 quisquis
1071 2904 1154 2952 est
1187 2911 1406 2961 avarus,
1441 2904 1525 2951 est
1554 2895 1625 2949 ab
1650 2892 1891 2949 Ecclesia
1924 2892 2021 2946 ab-

2124 2890 2323 2954 τούτων
2353 2886 2446 2944 οὖν
2481 2891 2779 2963 ἐρωτηθεὶς
2799 2893 2828 2944 ὁ
2874 2891 3050 2959 ἅγιος,
3076 2877 3373 2962 (manias;
3398 2893 3507 2954 πᾶς
3551 2890 3689 2943 πλεο·

438 2989 674 3052 dicatus,
721 2989 775 3043 id
811 2996 915 3053 est,
950 2989 1157 3058 ejectus
1197 2997 1252 3044 et
1299 2989 1527 3043 alienus.
1583 2986 1849 3043 Dicuntur
1872 2986 2017 3041 enim

2124 2981 2312 3053 νέκτης
2348 2982 2685 3053 ἐκκήρυκτος
2727 2982 2827 3053 τῆς
2880 2980 3207 3052 Ἐκκλησίας
3235 2983 3405 3046 ἐστὶν,
3438 2980 3558 3034 ἀντὶ
3586 2980 3707 3049 τοῦ,

438 3068 673 3133 abdicati
709 3078 802 3155 ﬁlii
833 3079 1052 3148 quando
1084 3086 1304 3150 propter
1334 3078 1515 3148 aliqua
1557 3078 1785 3132 crimina
1817 3076 1886 3131 ab
1909 3074 2020 3129 lue-

2124 3072 2421 3143 άπὸὄλητος
2461 3073 2557 3126 καὶ
2596 3072 2898 3145 ἀλλότριος.
2932 3073 3450 3155 ν’Δποκηρύσσεσθαι
3479 3076 3588 3148 γὰρ
3616 3074 3707 3127 λέ-

439 3170 669 3225 reditate
699 3179 924 3241 paterna
949 3171 1277 3227 alienantur.
1319 3169 1377 3225 In
1413 3181 1653 3240 tempore
1683 3179 1865 3225 autem
1893 3168 2018 3225 talis

2124 3181 2305 3232 γονται
2332 3167 2379 3219 οἱ
2403 3165 2507 3218 υἱοὶ
2535 3165 2662 3218 ὅταν
2700 3165 2790 3219 διά
2806 3165 3245 3243 τιωμαὶτιάματα
3265 3167 3329 3218 ἐκ
3356 3154 3454 3235 τῆς
3487 3166 3709 3236 γονικῆς

440 3261 770 3316 calamitatis
821 3260 1023 3316 audere
1064 3260 1301 3331 aliquem
1344 3260 1556 3317 facinus
1601 3261 1915 3335 ejusmodi,
1964 3269 2020 3317 et

439 3352 754 3407 existimare
798 3352 1029 3407 aliorum
1063 3352 1428 3409 calamitatem
1457 3369 1579 3409 esse
1621 3354 1708 3409 sui
1747 3354 1884 3409 lucri
1929 3367 2022 3409 oc-

441 3445 743 3508 casionem,
765 3453 849 3499 est
874 3445 1168 3514 impiorum
1194 3445 1477 3501 hominum
1505 3455 1560 3500 et
1581 3445 1690 3501 Deo
1718 3445 2019 3500 invisorum

443 3535 620 3605 ct'qui
652 3551 869 3591 omnem
896 3536 1299 3606 improbitatem
1328 3547 1607 3607 superant.
1660 3537 1812 3593 Unde
1845 3539 2020 3594 visum

442 3637 528 3683 est
553 3643 647 3682 eos
681 3628 954 3693 abdicare,
989 3642 1089 3697 pro
1129 3643 1196 3683 eo
1241 3630 1388 3698 quod
1417 3637 1521 3693 est,
1555 3639 1741 3700 aperte
1780 3628 2021 3686 Ecclesia

442 3717 736 3786 expellere,
786 3725 841 3771 et
889 3732 920 3770 a
974 3717 1209 3772 ﬁdelium
1240 3718 1588 3774 multitudine
1625 3734 1915 3789 separare:
1958 3737 2025 3776 ne

443 3818 667 3881 propter
685 3808 844 3877 ipsos
874 3808 965 3863 Dei
998 3809 1077 3862 ira
1114 3809 1169 3863 in
1204 3824 1396 3867 omnes
1427 3811 1624 3874 veniat,
1658 3820 1714 3867 et
1743 3821 1867 3867 ante
1887 3813 2025 3868 alios

444 3903 499 3957 in
535 3917 629 3974 eos
657 3902 751 3971 qui
790 3910 1064 3971 praesunt,
1100 3900 1194 3970 qui
1224 3901 1489 3970 ejusmodi
1522 3902 1772 3959 homines
1806 3919 1915 3959 non
1943 3905 2026 3960 in-

438 3992 672 4065 quirunt
700 4001 756 4047 et
778 3992 1112 4047 examinant.
1143 3991 1343 4048 Deinde
1372 3994 1652 4065 subjungit
1675 3996 1839 4050 etiam
1870 4002 2024 4051 testi-

438 4084 641 4145 monia
669 4082 986 4154 Scriptum,
1020 4093 1073 4138 et
1113 4084 1257 4138 circa
1294 4085 1453 4139 linem
1482 4085 1677 4140 infert:
1717 4085 1775 4141 Si
1804 4089 1897 4158 qui
1929 4104 2025 4145 au-

448 4188 554 4230 tem
602 4184 819 4244 propter
869 4189 1025 4229 suam
1064 4175 1393 4242 avaritiam,
1443 4191 1565 4245 quae
1621 4176 1725 4232 fuit
1787 4187 2028 4247 tempore

446 4266 640 4336 pacis,
690 4266 904 4335 puniti,
955 4266 1009 4321 in
1060 4268 1418 4322 barbarorum
1472 4267 1669 4323 iterum
1716 4270 2029 4326 incursione

447 4358 635 4411 eadem
670 4357 1045 4425 peccaverint,
1086 4358 1158 4423 ii,
1196 4359 1394 4428 inquit,
1425 4375 1535 4413 non
1564 4361 1736 4414 solum
1770 4362 1864 4417 Dei
1891 4362 2028 4417 iram

449 4448 504 4500 in
544 4462 603 4502 se
639 4449 957 4514 attrahunt,
992 4449 1085 4505 sed
1108 4452 1271 4505 etiam
1303 4453 1567 4508 adversus
1596 4467 1812 4508 omnem
1857 4470 2031 4526 popu—

2119 3256 2480 3329 κληρονομίας
2507 3252 2911 3329 ἁλλοτριῶνται.
2943 3257 3015 3309 Τὸ
3036 3256 3093 3313 δὲ
3124 3258 3182 3309 ἐν
3215 3257 3398 3327 καιρῷ
3426 3260 3707 3329 συμφορᾶς

2118 3349 2371 3421 τοιαύτης
2392 3350 2653 3421 τολμῆσαί
2684 3366 2807 3402 τινα
2828 3347 3066 3412 τοιοῦτόν
3094 3366 3149 3401 τι
3168 3349 3352 3415 ,κακὸν
3371 3388 3387 3415 ,
3418 3350 3513 3418 καὶ
3564 3350 3711 3418 λογί-

2123 3441 2319 3496 σασθαι
2342 3438 2577 3515 κέρδους
2603 3441 2855 3513 ἀφορμὴν
2882 3441 2981 3513 τὴν
3001 3442 3110 3497 τῶν
3133 3440 3377 3510 ἀδελφῶν
3402 3440 3707 3512 συμφορὰν,

2120 3534 2280 3605 ἔργον
2307 3534 2454 3587 ἐστὶν
2491 3533 2793 3606 ἀνθρώπων
2823 3531 3034 3586 ἀσεϐῶν
3063 3533 3157 3586 καὶ
3184 3533 3290 3586 ὑπὸ
3318 3532 3412 3586 τοῦ
3451 3520 3585 3586 Θεοῦ
3617 3552 3707 3605 μι-

2125 3623 2421 3694 σουμένων,
2447 3623 2539 3677 καὶ
2561 3625 2740 3693 πάσης
2770 3623 3011 3709 Ῑὰτοπίας
3049 3623 3325 3677 ἐπέκεινα.
3355 3618 3513 3677 Ὅθεν
3557 3622 3705 3688 ἔδοξε

2122 3715 2247 3778 τοὺς
2266 3714 2538 3779 τοιούτους
2569 3717 2705 3785 ἐκκη
2715 3712 2871 3787 ρύξαι
2897 3714 3020 3768 ἀντὶ
3040 3712 3156 3778 τοῦ,
3185 3714 3444 3786 φανερῶς
3458 3712 3708 3779 ἐκδιῶξαι

2123 3804 2222 3874 τῆς
2261 3804 2620 3875 Ἐκκλησίας,
2658 3804 2752 3858 καὶ
2785 3804 3016 3876 χωρίσαι
3066 3804 3162 3859 τοῦ
3201 3803 3563 3877 πληρώματος
3596 3805 3706 3857 τῶν

2126 3897 2355 3951 πιστῶν·
2392 3896 2479 3948 ἵνα
2509 3896 2583 3967 μὴ
2603 3896 2668 3948 δι’
2695 3897 2895 3961 αὐτοὺς
2928 3899 2961 3968 ή
2994 3895 3131 3968 ὀργὴ
3156 3895 3249 3951 τοῦ
3278 3894 3412 3949 Θεοῦ
3460 3894 3589 3967 ἔλθῃ
3612 3896 3708 3947 ἐπὶ

2126 3990 2353 4053 πάντας,
2385 3989 2479 4041 καὶ
2504 3988 2607 4060 πρὸ
2630 3978 2739 4040 τῶν
2767 3987 2940 4043 ἄλλων
2971 3988 3064 4041 ἐπὶ
3083 3989 3209 4051 τοὺς
3229 3985 3602 4055 προεστῶτας,
3626 3988 3701 4058 μὴ
3742 4056 3751 4062 _

2127 4078 2516 4152 ἐπιζητοῦντας
2543 4080 2636 4133 καὶ
2669 4077 3023 4146 ἐξετάζοντας
3062 4080 3186 4145 τοὺς
3232 4078 3525 4166 τοιούτρυς.
3576 4075 3712 4132 Εἶτα

2127 4176 2322 4243 ἐπάγει
2356 4175 2451 4230 καὶ
2480 4172 2761 4245 Γραφικὰς
2796 4174 3099 4245 μαρτυρίας
3121 4212 3135 4235 ,
3166 4174 3260 4234 καὶ
3294 4173 3421 4244 περὶ
3457 4173 3518 4226 τὸ
3556 4175 3711 4235 τέλος

2128 4266 2406 4337 ἐπιφέρει·
2433 4266 2496 4319 El
2526 4266 2582 4318 δέ
2603 4258 2746 4329 τινες
2769 4264 2858 4319 διὰ
2885 4254 3197 4329 πλεονεξίαν
3231 4264 3531 4334 γενομένην
3579 4266 3711 4336 παρ’

2129 4359 2309 4414 αὐτῶν
2345 4358 2490 4414 κατὰ
2511 4359 2603 4412 τὸν
2627 4358 2725 4428 τῆς
2748 4358 2973 4428 εἰρήνης
2996 4357 3186 4426 καιρὸν
3208 4352 3582 4423 κολασθέντες,
3616 4358 3715 4409 πά-

2128 4452 2210 4505 λιν
2230 4454 2325 4506 καὶ
2352 4454 2433 4515 εἰς
2463 4451 2560 4522 τὴν
2585 4449 2691 4503 τῶν
2725 4449 3015 4521 βαρϐάρων
3042 4449 3230 4518 ἔφοδον
3256 4449 3326 4502 τὰ
3359 4438 3502 4505 αὐτὰ
3528 4448 3713 4518 ἦμαρ-

452 4540 586 4594 lum.
620 4537 745 4593 Haec
770 4555 894 4593 cum
924 4540 998 4595 ita
1027 4556 1085 4595 se
1114 4542 1369 4609 habeant,
1393 4554 1521 4597 nota
1547 4558 1615 4597 ex
1642 4543 1745 4598 hac
1773 4545 2023 4613 prasenti

2130 4560 2240 4608 τον,
2269 4546 2319 4596 οἱ
2346 4542 2607 4607 τοιοῦτοι,
2638 4543 2802 4613 φησιν
2827 4581 2841 4605 ,
2885 4542 2946 4595 οὐ
2991 4534 3159 4612 μόνον’
3191 4540 3310 4610 καθ’
3362 4540 3572 4594 ἑαυτῶν
3611 4540 3712 4611 τὴν

449 4631 701 4700 epistola,
742 4633 885 4701 quod
922 4633 1194 4703 episeopis
1220 4635 1554 4704 permittitur
1582 4651 1872 4691 avarorum
1901 4639 2023 4707 plu.

451 4737 622 4790 raque
653 4722 883 4775 habendi
924 4724 1244 4792 cupidorum
1291 4729 1593 4794 potentiam
1626 4726 1805 4796 poenis
1848 4726 2025 4797 impo-

452 4813 571 4867 sitis
605 4827 890 4867 coerccre:
935 4821 990 4868 et
1020 4829 1117 4868 eos
1143 4814 1393 4884 quidem,
1424 4816 1553 4886 qui,
1598 4833 1719 4886 quae
1749 4833 1815 4873 ex
1856 4818 2028 4887 captio

450 4907 616 4960 vitale
644 4904 829 4959 relicta
858 4914 986 4960 sunt
1016 4905 1264 4961 ﬁdelibus
1284 4949 1301 4974 ,
1332 4910 1583 4978 rapiunt,
1609 4910 1823 4980 magnis
1853 4911 2028 4966 eccle-

451 4998 687 5055 siasticis
712 4997 1276 5054 animadversionibus
1303 5001 1601 5073 castigare;
1638 5003 1732 5072 qui
1756 5017 1866 5059 non
1900 5011 2030 5058 sunt

451 5102 636 5147 autem
719 5090 986 5160 ejusmodi
1051 5105 1315 5161 rapaces,
1403 5092 1751 5149 mediocriter
1810 5095 2024 5167 punire.

451 5181 817 5248 Quamobrem
862 5194 931 5235 ex
982 5179 1069 5235 his
1115 5180 1182 5236 de
1241 5182 1556 5251 hujusmodi
1615 5184 1798 5240 causis
1860 5185 2027 5239 laicos

453 5290 673 5343 quoque
710 5273 947 5343 episcopi
988 5273 1087 5326 rite
1117 5273 1380 5342 judicent.
1428 5274 1713 5341 Quomodo
1754 5277 1900 5331 enim
1934 5291 2030 5331 eos

453 5368 716 5434 punient,
761 5366 810 5421 si
849 5380 958 5419 non
991 5365 1142 5434 prius
1185 5366 1385 5421 veritas
1417 5368 1766 5436 apparuerit?
1803 5367 2031 5437 Propter

457 5457 740 5510 avaritiam
753 5465 935 5512 autem
966 5471 999 5509 a
1022 5457 1258 5512 ﬁdelium
1281 5458 1667 5513 communione
1682 5457 1916 5528 aliquem
1934 5458 2031 5519 ab-

459 5549 648 5612 dicari.
680 5565 932 5620 magnum
963 5560 1068 5615 est,
1100 5558 1156 5605 et
1182 5566 1262 5605 vat
1294 5550 1504 5605 avaris!
1540 5548 1648 5605 Lex
1677 5564 1806 5605 vero
1834 5550 2030 5614 civilis,

457 5651 583 5692 eum
626 5639 721 5707 qui
773 5640 1023 5709 rapite:
1063 5640 1316 5696 incendio
1358 5641 1442 5697 vel
1491 5656 1559 5696 ex
1598 5640 1759 5695 ruina
1800 5642 2029 5711 aedium,

541 5833 546 5836 -
583 5797 717 5854 Gen.
751 5815 903 5865 xrut,
927 5800 1018 5868 ‘25,
1046 5801 1138 5855 25.
1218 5802 1260 5832 ¹⁰
1291 5801 1488 5873 Εριιεε.
1521 5820 1575 5870 v,
1606 5802 1760 5860 ε-ιδ.

2131 4635 2300 4708 ὀργὴν
2322 4633 2415 4690 τοῦ
2454 4633 2589 4689 Θεοῦ
2634 4635 2953 4704 ἐφέλκουσιν
2977 4676 2993 4697 ,
3032 4620 3298 4688 suam
3333 4633 3478 4687 κατὰ
3512 4632 3713 4696 παντὸς

2132 4724 2226 4779 τοῦ
2252 4724 2404 4778 λαοῦ.
2449 4723 2665 4791 Τούτων
2708 4723 2880 4787 οὕτως
2925 4725 3157 4795 ἐχόντων
3231 4724 3565 4796 σημείωσαι,
3627 4725 3710 4777 ὅτι

2130 4819 2227 4871 καὶ
2246 4818 2354 4871 ἀπὸ
2391 4816 2491 4887 τῆς
2520 4816 2802 4889 παρούσης
2840 4815 3131 4887 ἐπιπολῆς
3157 4819 3394 4885 εέφεῖται
3440 4818 3550 4880 τοῖς
3590 4817 3712 4868 ἐπι-

2131 4908 2352 4971 σκόποις
2373 4909 2471 4972 τὰς
2500 4907 2606 4961 τῶν
2631 4908 2978 4962 πλεονεκτῶν·
3003 4907 3320 4971 δυναστείας
3366 4905 3713 4960 ἀναστέλλειν

2125 4998 2213 5053 διὰ
2234 5000 2524 5070 ἐπιτιμίων
2543 5016 2567 5057 ·ν
2593 4984 2685 5054 καὶ
2710 5001 2836 5064 τοὺς
2864 5001 2961 5072 μὲν
2994 4998 3339 5071 ἁρπάζοντας
3381 4998 3451 5053 τὰ
3480 5000 3587 5053 ἀπὸ
3614 4998 3713 5068 τῆς

2125 5074 2498 5162 αἰχμαλωσίας
2516 5092 2931 5165 περιλειφθέντα
2963 5092 3265 5164 πράγματα
3285 5093 3394 5147 τῶν
3416 5092 3711 5165 ὀρθοδὸξων

2132 5182 2220 5235 διὰ
2256 5182 2501 5254 μεγάλων
2528 5183 2995 5256 ἐκκλησιαστικῶν
3031 5184 3382 5256 σωφρονίζειν
3413 5183 3707 5238 κολάσεων·

2131 5274 2257 5337 τοὺς
2280 5273 2336 5326 δὲ
2366 5274 2439 5345 μὴ
2459 5274 2732 5339 τοιούτους
2754 5275 3008 5347 ἅρπαγας
3024 5277 3401 5347 μετριωτέρως
3429 5277 3709 5346 ἐπιτιμᾷν·

2133 5363 2274 5417 ὥστε
2313 5366 2422 5418 ἀπὸ
2470 5365 2726 5419 τοιούτων
2785 5367 2913 5437 περὶ
2968 5366 3219 5421 τοιούτων
3268 5365 3573 5421 ὑποθέσεων
3616 5367 3715 5419 καὶ

2134 5456 2355 5520 λαῖκοὺς
2374 5457 2687 5527 ἐνδυνάμως
2715 5457 2802 5509 ἵνα
2837 5456 3130 5510 δικάσωσιν
3159 5459 3210 5511 οἱ
3238 5457 3548 5511 ἐπίσκοποι.
3586 5455 3715 5520 Πῶς

2136 5550 2246 5623 γὰρ
2275 5551 2659 5622 ἐπιτιμήσουσι
2703 5549 2925 5614 τούτους
2966 5551 3064 5621 τῆς
3094 5549 3349 5620 ἀληθείας
3382 5549 3456 5621 μὴ
3502 5552 3714 5619 ἀναφα-

2137 5643 2321 5714 νείσης
2342 5643 2646 5714 πρότερον;
2676 5641 2749 5696 Τὸ
2776 5641 2834 5697 δὲ
2864 5641 2953 5697 διὰ
2986 5641 3296 5708 πλεονεξίαν
3331 5629 3718 5714 άποκηρύσσεέ
