4090 6380
409 396 548 452 1029

1669 393 2007 450 EPISTULA
2047 394 2421 457 CANONICA.

3527 397 3669 455 1030

408 513 534 567 σθαί
556 528 677 566 τινα
705 513 769 565 ἐκ
807 513 907 584 τῆς
936 510 1223 575 κοινωνίας
1250 510 1356 563 τῶν
1405 508 1612 563 πιστῶν
1660 510 1802 579 μέγα
1842 510 1981 570 ἐστὶ,

2094 508 2244 591 ἰηιτεῦ
2282 524 2487 564 annum
2520 510 2735 580 quidem
2788 512 2841 565 in
2885 511 3251 582 quadruplum
3298 510 3667 567 condemnat:

403 606 501 660 καὶ
524 605 649 659 οὐαὶ
674 607 786 668 τοῖς
814 605 1241 660 πλεονεκτοῦσιν.
1286 604 1344 657 '0
1375 602 1557 674 μέντοι
1597 601 1872 665 πολιτικὸς
1900 592 2023 671 νόξ

410 716 510 769 μσς
529 700 620 752 τδν
645 700 960 771 ἁρπάζοντα
988 698 1096 753 ἀπὸ
1130 694 1459 770 ἐμπρησμοῦ
1498 697 1532 767 ἢ
1569 701 1988 764 καταπεσούσης

404 787 583 852 οἰκίας
610 789 740 843 εἰσω
776 790 873 860 μὲν
899 789 1144 843 ἐνιαυτοῦ
1179 791 1258 853 εἰς
1292 788 1351 841 τὸ
1385 784 1735 857 τετραπλοῦν
1760 784 1984 838 καταδι-

406 880 592 945 κάζει’
629 879 842 951 μετάδέ
865 880 956 934 τὸν
985 880 1230 933 ἐνιαυτὸν
1256 880 1335 942 είς
1366 878 1428 931 τὸ
1461 876 1687 931 ἁπλοῦν.
1721 876 1982 929 Καὶάνά-

404 973 575 1044 γνωθι
594 974 656 1028 τὺ
674 973 889 1047 πρῶτον
910 973 1103 1043 κεφάλ.
1130 970 1225 1051 τοῦ
1268 978 1317 1025 κ’
1361 970 1539 1023 τίτλου
1565 967 1659 1022 τοῦ
1687 967 1737 1033 ξι
1757 966 1978 1038 βιϐλίου.

404 1063 729 1135 Παρομοίως
757 1064 813 1118 δὲ
838 1062 1155 1129 κολάζοντα
1180 1061 1322 1117 κατά
1348 1060 1445 1133 τὴν
1474 1057 1823 1132 χρηματικὴν
1862 1075 1983 1111 ποι-

2086 610 2208 672 post
2256 617 2458 655 annum
2501 612 2680 658 autem
2730 605 2783 658 in
2824 606 3102 675 simplum.
3154 603 3221 657 Et
3270 605 3388 674 lege
3428 604 3671 674 primum

2086 706 2208 762 cap.
2267 694 2356 751 tit.
2381 694 2454 751 20
2486 695 2581 750 lib.
2618 709 2686 748 ιι
2759 692 3021 750 Similiter
3063 703 3242 773 autem
3276 695 3583 765 puniuntur
3615 693 3671 745 in

2088 798 2253 853 poena
2278 784 2616 855 pecuniaria,
2651 785 2746 855 qui
2783 787 2853 841 ab
2885 797 3194 857 expugnata
3235 787 3399 841 domo
3426 786 3666 855 rapiunt.

2089 875 2231 932 Dicit
2275 876 2421 931 enim
2471 879 2770 934 secundum
2802 881 2983 935 thema
3013 896 3132 949 cap.
3165 879 3199 933 3
3232 878 3478 948 ejusdem
3526 876 3670 932 tituli

2087 976 2143 1022 et
2168 967 2294 1024 libri
2323 969 2442 1025 haec
2470 985 2757 1041 expresse:
2790 971 2849 1028 Si
2890 988 2921 1027 a
2953 974 3118 1027 domo
3145 972 3231 1041 vel
3272 972 3396 1027 vico
3437 971 3530 1041 qui
3572 985 3671 1039 op-
3739 1027 3744 1030 .

2087 1070 2361 1129 pugnatur
2387 1076 2598 1130 raptum
2624 1064 2754 1133 quid
2787 1063 2969 1129 fuerit,
3000 1065 3099 1135 legi
3131 1065 3283 1119 locus
3314 1072 3418 1118 est.

407 1162 509 1233 νὴν
532 1162 625 1215 καὶ
647 1163 696 1215 οἰ
726 1160 834 1215 άπὸ
853 1160 1030 1225 οἰκίας
1052 1156 1594 1229 καταπολεμηθεωης
1625 1153 1981 1226 ἁρπάζοντες.
2009 1153 2148 1223 Φησὶ
2176 1144 2287 1227 γὰρ
2326 1154 2387 1209 τὸ
2430 1156 2682 1229 δεύτερον
2714 1158 2857 1229 θέμα
2882 1158 2975 1212 τοῦ
3024 1166 3073 1228 γ’
3148 1158 3342 1228 κεφάλ.
3362 1155 3458 1211 τοῦ
3505 1156 3671 1210 αὐτοῦ

388 1256 587 1333 ,τίτλου
617 1255 712 1310 καὶ
754 1254 956 1326 βιϐλίου
988 1253 1159 1309 ταῦτα
1194 1252 1374 1325 ῥητῶς
1397 1268 1411 1282 ’
1443 1251 1564 1305 Κᾶν
1603 1249 1712 1302 ἀπὸ
1741 1247 1918 1311 οἰκίας
1954 1247 1988 1319 ἧ
2022 1246 2213 1319 κώμης
2263 1250 2821 1321 καταπολεμουμένης
2863 1252 3198 1328 ἁρπαγῇδτι,
3223 1249 3376 1322 χὼρα
3401 1248 3480 1319 τῷ
3500 1248 3669 1319 νόμῳ.

476 1352 719 1406 ΖΩΝΑΡ.
763 1352 854 1404 Ἐν
874 1350 951 1423 τῷ
983 1349 1159 1422 καιρῷ
1184 1349 1285 1419 τῆς
1313 1346 1423 1401 τῶν
1465 1345 1758 1418 μαρτύρων
1793 1342 1987 1414 λεηλα-

2116 1416 2119 1417 ν
2160 1342 2363 1398 Zomn.
2418 1347 2537 1413 Qua
2587 1355 2910 1415 tempestate
2963 1347 3017 1401 in
3080 1356 3349 1417 martyres
3391 1344 3674 1415 pbpulatio

410 1445 553 1513 σίας,
575 1446 719 1509 τινὲς
740 1444 848 1498 τῶν
864 1432 1235 1514 διαφυγόντων
1256 1440 1488 1536 ἐπῆλθον
1502 1441 1623 1500 ταῖς
1651 1436 1851 1499 οἰκίαις
1879 1430 1988 1487 τῶν

2094 1436 2475 1504 exercebatur,
2507 1434 2758 1493 nonnulli
2789 1453 2857 1492 ex
2900 1438 2969 1492 iis
3001 1437 3111 1509 qui
3138 1438 3459 1507 eﬂ‘ugerant,
3497 1435 3673 1505 capti-

405 1538 968 1612 αἰχμαλωτισθέντων,
992 1539 1087 1592 καὶ
1113 1529 1370 1608 ἥρπασαν
1394 1534 1462 1588 τά
1489 1532 1639 1605 παρὰ
1658 1531 1766 1585 τῶν
1793 1530 1990 1615 βαρϐά-

2094 1542 2282 1583 vorum
2313 1529 2562 1587 invasere
2599 1532 2813 1598 domos,
2842 1547 3074 1609 quaeque
3120 1547 3151 1586 a
3193 1532 3445 1587 barbaris
3485 1530 3673 1586 relicta

408 1647 519 1702 ρων
563 1629 1008 1701 καταλειφθέντα.
1049 1629 1186 1699 Περὶ
1238 1626 1444 1680 τούτων
1502 1619 1595 1677 οὖν
1641 1620 1988 1694 ἐρωτηθεὶςγό

2094 1620 2340 1690 fuerant,
2375 1622 2668 1694 diripuere.
2719 1622 2798 1679 De
2836 1623 2924 1679 his
2952 1624 3138 1694 itaque
3178 1631 3404 1695 r0gatus
3435 1622 3526 1678 hic
3555 1637 3677 1676 ma-

406 1723 584 1794 μέγας
612 1714 769 1787 οὗτος
808 1721 1032 1793 Πατὴρ,
1062 1721 1257 1791 φησὶν,
1299 1718 1381 1773 ὅτι
1413 1718 1564 1770 πᾶσα
1604 1712 1885 1778 πλεονεξία
1916 1714 1986 1784 τῇ

2094 1727 2235 1782 guus
2260 1712 2441 1779 Pater,
2465 1728 2682 1769 omnem
2714 1714 2999 1769 avaritiam
3029 1714 3226 1769 asserit
3251 1713 3449 1768 divinis
3480 1711 3677 1797 litteris

338 1846 341 1847 ν
406 1812 529 1885 θεία
556 1813 745 1885 Γραφῇ
777 1812 1172 1884 ἀπηγόρευται,
1203 1810 1298 1864 καὶ
1321 1810 1382 1862 οὐ
1411 1807 1633 1863 δυνατὸν
1661 1809 1719 1860 ἐν
1743 1807 1840 1879 μιᾷ
1865 1806 1989 1859 ἐπι-

2095 1805 2474 1872 interdictam,
2506 1820 2609 1861 nec
2648 1806 2959 1876 ﬁeriposse
3028 1815 3090 1859 ut
3133 1819 3473 1874 quaecunque
3504 1802 3678 1859 sacrae
3726 1840 3731 1843 -

409 1901 569 1974 στολῇ
602 1902 916 1974 περιλαϐεῖν
950 1902 1049 1955 ὅσα
1080 1902 1207 1973 περὶ
1238 1898 1549 1966 πλεονεξίας
1580 1897 1830 1969 ήΓραφὴ
1853 1895 1993 1960 διέξ-

2095 1896 2305 1966 ριιςίηεε
2332 1896 2400 1952 de
2427 1897 2657 1951 avaritia
2690 1897 2996 1964 disserunt,
3033 1911 3141 1950 una
3168 1896 3395 1965 epistola
3422 1909 3675 1965 compre-

391 2011 513 2049 -εισι
530 2012 548 2036 ·-
612 1994 893 2066 συντόμως
917 1994 975 2047 δέ
1010 2010 1194 2066 φησιν,
1228 1995 1310 2047 ὅτι
1334 1994 1442 2057 πᾶς
1475 1991 1803 2061 πλεονέκτης
1832 1988 1991 2059 ἐκκή-

2094 1988 2420 2044 hendantur.
2468 1982 2711 2044 Breviter
2748 1997 2929 2043 autem
2988 1990 3067 2042 ait
3111 2002 3338 2042 avarum
3378 1987 3677 2057 quemlibet

409 2105 607 2160 ρυκτος
652 2087 755 2159 τῆς
799 2087 1126 2158 Ἐκκλησίας
1154 2088 1302 2143 ἐστίν
1325 2104 1340 2118 ·
1370 2087 1494 2143 ἀντὶ
1524 2085 1642 2152 τοῦ,
1682 2082 1993 2155 ἀπόϐλητος

2094 2095 2213 2136 esse
2245 2081 2315 2136 ab
2342 2080 2583 2136 Ecclesia
2612 2080 2954 2152 abdicatum,
2991 2068 3097 2134 hoc
3119 2087 3235 2143 est,
3262 2077 3498 2148 ejectum
3529 2086 3585 2133 et
3614 2094 3677 2133 a-

407 2180 501 2235 καὶ
524 2179 823 2253 ἀλλότριος.
864 2179 1373 2252 ’Δποκηρύσσεσθαι
1397 2178 1507 2249 γάρ
1522 2162 1769 2246 λέγονται
1795 2176 1844 2229 οἰ
1863 2176 1989 2241 υἱοὶ,

406 2274 536 2327 ὃταν
567 2273 632 2327 δι’
660 2273 890 2343 αἰτίαμα
922 2272 1022 2344 τῆς
1051 2275 1274 2345 γονικῆς
1289 2270 1655 2343 κληρονομίας
1686 2266 1991 2321 ἐκϐάλλων-

308 2352 311 2359 ’
405 2384 516 2431 ται,
540 2367 630 2420 καὶ
656 2354 1047 2441 ἀλλοτριῶνται
1062 2365 1162 2437 τῆς
1184 2366 1522 2441 συγγενείας.
1541 2363 1615 2416 Τδ
1629 2362 1708 2428 δέ,
1729 2363 1786 2416 ἐν
1817 2359 1993 2431 καιρῷ

407 2460 715 2530 συμφορᾶς,
743 2458 871 2512 ὅταν
900 2457 1159 2530 ἐθρήνουν
1179 2458 1230 2512 οἰ
1259 2457 1537 2530 ἄνθρωποι
1554 2498 1569 2523 ,
1595 2452 1649 2511 οἱ
1672 2456 1771 2527 μὲν
1799 2457 1995 2525 αίχμα-

405 2539 779 2613 λωτισθέντεξξ
803 2548 854 2600 ot
888 2547 945 2602 δέ
970 2547 1059 2602 διὰ
1088 2548 1217 2612 τοὺς
1235 2548 1470 2612 οἰκείους
1493 2548 1573 2612 εἰς
1598 2546 1842 2600 δουλείαν
1873 2545 1995 2614 ἀγο-

411 2641 634 2735 μῆους,
657 2642 707 2694 οί
732 2640 789 2695 δέ
809 2639 897 2735 διὰ
914 2639 1013 2711 τὴν
1047 2639 1669 2735 στέρησιν-πραγμάτων
1685 2656 1697 2667 '
1729 2636 1996 2735 τολμῆσαί

406 2729 561 2794 τινας
588 2731 680 2785 τὸν
713 2729 952 2786 τοιοῦτον
982 2731 1174 2803 καιρὸν
1203 2730 1522 2833 λογιίσασθαι
1544 2730 1768 2802 κέρδους
1781 2729 1992 2833 δρρὸν,

409 2821 621 2876 ἀσεϐῶν
650 2825 798 2876 ἐστιν
827 2822 1130 2893 ἀνθρώπων
1168 2825 1263 2877 καὶ
1282 2810 1636 2892 ’θεοστυγῶν,
1672 2810 1997 2893 ἧγουΓὺπὺ

408 2914 544 2968 Θεοῦ
587 2900 927 2986 μισουμένιῇν
949 2915 1040 2969 καὶ
1063 2914 1242 2985 πάσης
1264 2914 1492 2997 ἀτοπίας
1522 2915 1802 2968 ἐπέκεινα.
1834 2914 1996 2968 Ὅθεν

409 3005 552 3073 ἔδοξε
584 3007 710 3069 τοὺς
749 3005 1023 3069 τοιούτους
1063 3002 1404 3079 ἐκκηρῦξαι,
1455 3008 1576 3061 ἀντὶ
1611 3006 1727 3073 τοῦ,
1748 3005 1996 3078 φανερῶς

408 3097 657 3164 ἐκδιῶξαι
681 3099 780 3171 τῆς
820 3099 1167 3173 Ἐκκλησίας,
1194 3100 1287 3154 καὶ
1317 3100 1547 3171 χωρίσαι
1570 3098 1666 3154 τοῦ
1698 3098 1999 3170 πληρώμα-

406 3208 497 3255 τος
524 3189 631 3244 τῶν
654 3184 883 3256 πιστῶν,
896 3192 995 3275 (va
1023 3192 1097 3264 μὴ
1123 3191 1191 3244 δι’
1217 3192 1415 3256 αὐτοὺς
1459 3192 1492 3263 ἡ
1531 3181 1680 3264 ὀργῆ
1722 3189 1819 3245 τοῦ
1859 3190 1995 3245 Θεοῦ

408 3281 536 3354 ἔλθῃ
560 3283 651 3336 ἐπὶ
682 3263 1030 3346 πάνταςῗκαὶ
1068 3263 1175 3353 πρὸ
1197 3282 1305 3336 τῶν
1335 3282 1510 3337 ἄλλων
1538 3284 1631 3357 ἐπὶ
1662 3263 1793 3347 τοὺς
1831 3301 1993 3355 προε-
2016 3263 2062 3321 (ἶ

409 3377 640 3440 στῶτας,
673 3378 747 3447 μὴ
780 3375 1170 3447 ἐπιζητοῦντας
1195 3377 1285 3431 κα)
1307 3376 1660 3443 ἐξετάζοντας
1678 3379 1806 3440 τοὺς
1822 3376 1995 3430 τοιού-

406 3457 549 3534 τους.
580 3468 997 3541 Καὶιραφικὰς
1029 3470 1335 3541 μαρτυρίας
1356 3471 1616 3543 παράγει,
1634 3465 1989 3539 εῖταέπάγεισ

407 3565 511 3629 ὅτι,
555 3563 677 3617 Ἐάν
720 3565 867 3626 τινες
881 3602 895 3626 ,
948 3561 1040 3617 διὰ
1078 3562 1393 3627 πλεονεξίαν
1432 3563 1814 3635 προλαϐοῦσαν
1845 3606 1858 3630 ,
1901 3565 1995 3618 καὶ

409 3655 515 3727 πρὸ
533 3654 633 3724 τῆς
663 3653 779 3725 τῶν⁷
799 3653 1091 3727 βαρϐάρων
1124 3648 1425 3727 ἐπιδρομῆς
1450 3648 1752 3729 γενομένην
1778 3697 1792 3720 ,
1838 3657 1994 3725 δίκην

408 3746 714 3812 τιννύντες,
746 3747 827 3800 ὀὐ
859 3748 1018 3819 μόνον
1038 3747 1152 3801 -οὐκ
1180 3740 1657 3820 ἐσωφρονίσθησαν
1700 3748 1889 3819 (τοῦτο
1936 3749 1993 3802 δὲ

408 3839 590 3911 διττὴν
622 3838 831 3903 ἐννοιαν
885 3839 1207 3894 ὑποϐάλλει·
1260 3841 1294 3912 ἢ
1333 3840 1442 3912 γὰρ
1473 3839 1652 3910 δίκην
1684 3844 1994 3907 τιννύντες

409 3932 557 4001 λέγει
582 3919 705 3987 ἀντὶ
746 3932 876 3999 τοῦ,
924 3931 1328 4003 τιμωρούμενοι
1373 3931 1647 4004 παρὰ.τοῦ
1688 3933 1823 3987 Θεοῦ
1847 3975 1862 3998 ,
1906 3933 1995 3987 διὰ

410 4025 626 4088 ἀδικίας
667 4023 1047 4095 προλαϐοῦσας
1096 4026 1223 4087 τοὺς
1268 4023 1574 4096 βαρϐάρους
1618 4018 1697 4089 ἐίς
1724 4027 1997 4098 τιμωρίαν

410 4118 730 4200 κινήσαῃος
751 4134 764 4147 ο
794 4115 827 4187 ἢ
851 4115 1029 4184 δίκην
1054 4116 1366 4181 τιννύντες
1394 4117 1516 4170 ἀντὶ
1555 4116 1647 4170 τοῦ
1669 4157 1683 4181 ,
1715 4116 1781 4169 δι’
1815 4118 1993 4170 ἐπιτι-

412 4209 679 4282 μημάτων
728 4207 1044 4262 ἐπισκόπων
1094 4205 1573 4277 κολαζόμενοιδιά
1615 4208 1994 4279 προλαϐούσας

408 4302 720 4368 πλεονεξίας
759 4300 859 4354 οὐκ
910 4298 1450 4371 ἐσωφρονίσθησαν)ο
1500 4299 1637 4354 ἀλλὰ
1678 4300 1774 4354 καὶ
1814 4302 1872 4355 ἐν
1916 4302 1997 4374 τῷ

255 4450 263 4459 ,
410 4394 588 4467 καιρῷ
619 4394 721 4464 τῆς
746 4395 915 4464 ὀργῆς
941 4390 1037 4446 τοῦ
1068 4391 1225 4456 Θεοῦ,
1253 4391 1319 4444 δι’
1348 4392 1414 4464 ἢν
1444 4391 1676 4464 ἐπῆλθον
1702 4394 1752 4446 οἱ
1787 4376 1994 4467 βάρϐα-

412 4506 514 4561 pos,
546 4487 738 4558 αὐτῆς⁵
757 4488 837 4550 είς
860 4485 1171 4551 πλεονεξίαν
1198 4485 1511 4556 ἐκτραπῶσι
1537 4486 1909 4558 κερδαίνοντες
1935 4490 1994 4558 ἐξ

2090 2168 2319 2229 lienum.
2345 2170 2601 2244 Abdicari
2638 2185 2877 2241 namque
2897 2164 3163 2224 dicuntui"
3186 2168 3305 2231 lilii,
3330 2182 3457 2223 cum
3482 2168 3554 2223 ob
3577 2167 3680 2221 alia.
3713 2235 3719 2241 ,

2090 2265 2236 2335 quod
2258 2264 2464 2320 crimen
2496 2278 2528 2318 a
2549 2270 2773 2333 paterna
2808 2260 3124 2316 haereditate
3146 2260 3463 2330 ejiciuntur,
3496 2257 3677 2339 omni—

2090 2371 2198 2428 que
2230 2357 2572 2428 cognationis
2605 2357 2728 2426 jure
2754 2355 2947 2426 privati
2984 2366 3295 2409 censentur.
3336 2346 3507 2409 Porro
3531 2351 3680 2408 cala-

2091 2448 2299 2504 mitatis
2344 2457 2621 2518 tempore,
2656 2463 2781 2502 cum
2816 2448 2869 2501 in
2914 2447 3061 2501 luctu
3107 2446 3360 2500 homines
3386 2456 3677 2500 versaren-

2093 2555 2218 2609 tur,
2251 2541 2343 2596 alii
2380 2541 2600 2612 quidem
2632 2542 2832 2610 captivi
2870 2541 3086 2610 ipsimet
3122 2537 3288 2606 facti,
3317 2538 3409 2592 alii
3437 2551 3570 2592 vero
3606 2537 3677 2591 ob

2094 2633 2534 2705 consanguineos
2562 2633 2616 2687 iu
2646 2633 2963 2688 servitutum
2998 2633 3263 2687 abductos
3281 2673 3297 2698 ,
3324 2630 3420 2686 alii
3443 2630 3679 2700 denique

2094 2728 2167 2782 ob
2193 2744 2374 2783 rerum
2415 2743 2639 2783 suarum
2666 2730 2975 2797 jacturam;
3008 2742 3172 2783 ausos
3208 2724 3381 2781 fuisse
3407 2725 3678 2796 quosdam

2095 2821 2367 2897 ejusmodi
2396 2830 2632 2891 tempus,
2658 2821 2794 2876 lucri
2818 2821 2922 2875 sibi
2947 2820 3288 2875 occasionem
3326 2820 3545 2885 ducere,
3577 2820 3679 2873 bo-

2097 2914 2305 2968 minum
2335 2921 2419 2968 est
2454 2913 2748 2984 impiorum
2768 2955 2785 2979 ,
2821 2920 2876 2967 et
2910 2912 3019 2975 Deo
3050 2912 3351 2968 invisorum
3371 2954 3386 2979 ,
3410 2913 3543 2991 ’sive
3568 2911 3679 2968 Deo

2096 3020 2432 3072 exosorum,
2484 3005 2742 3076 quodque
2791 3021 3008 3062 omnem
3064 3017 3286 3075 superat
3331 3007 3675 3075 pravitatem.

2097 3095 2310 3153 Placuit
2340 3099 2527 3169 itaque
2564 3099 2837 3169 ejusmodi
2870 3101 3122 3155 homines
3148 3101 3432 3163 abdicare,
3473 3101 3524 3154 id
3558 3111 3678 3164 est,

2100 3191 2278 3260 palam
2308 3191 2598 3246 extrudere
2617 3190 2686 3247 ab
2716 3190 2976 3257 Ecclesia,
3012 3200 3177 3263 atque
3205 3208 3235 3247 a
3270 3192 3509 3248 ﬁdelium
3539 3192 3681 3247 mul-

2093 3285 2324 3341 titudine
2348 3300 2652 3358 segregare,
2674 3301 2744 3341 ne
2762 3296 2981 3357 propter
3003 3287 3152 3358 ipsos
3176 3288 3259 3343 ira
3283 3286 3379 3343 Dei
3403 3289 3457 3343 in
3485 3302 3681 3343 omnes

2094 3375 2411 3441 descendat,
2444 3377 2824 3448 praecipueque
2859 3378 2912 3432 in
2935 3394 3030 3435 eos
3060 3381 3155 3450 qui
3190 3389 3455 3450 przesunt,
3493 3395 3594 3436 nec
3624 3381 3681 3436 in

2094 3467 2365 3538 ejusmodi
2416 3467 2668 3524 homines
2717 3469 3040 3540 inquirunt,
3087 3479 3183 3526 aut
3214 3472 3509 3527 vindicant.
3555 3471 3679 3528 Mo'x

2098 3558 2394 3631 Scripturae
2439 3560 2748 3615 testimonia
2790 3562 3033 3632 profert,
3063 3562 3356 3634 additque:
3393 3563 3454 3619 Si
3482 3565 3577 3635 qui
3610 3565 3682 3620 ob

2093 3651 2272 3709 exacti
2316 3651 2582 3722 temporis
2617 3653 2925 3720 avaritiam,
2954 3661 3009 3710 et
3044 3671 3205 3726 quam
3236 3663 3365 3711 ante
3410 3656 3683 3713 incursio-

2094 3760 2218 3801 nem
2255 3744 2613 3800 barbarorum
2636 3756 3027 3815 exercuerant,
3067 3763 3261 3819 poenas
3289 3749 3681 3819 persolventes,

2095 3850 2203 3889 non
2235 3836 2398 3890 modo
2426 3851 2537 3892 non
2566 3836 2912 3906 resipucrunt
2938 3837 3064 3907 (hoc
3087 3852 3217 3899 vero
3253 3836 3525 3907 duplicem
3557 3854 3683 3893 sen-
3744 3862 3749 3869 -

2094 3942 2216 3982 sum
2252 3926 2527 3992 admittit,
2574 3936 2670 3983 aut
2700 3928 2846 3983 enim
2886 3943 3066 3999 paena:
3099 3929 3445 3999 porsolventes
3483 3930 3683 3985 intelli-
3726 3938 3735 3944 '

2094 4021 2172 4090 git
2206 4021 2277 4076 ob
2302 4021 2630 4089 supplicium
2655 4036 2685 4075 a
2718 4019 2829 4075 Deo
2862 4020 3151 4081 indictum,
3182 4022 3273 4091 qui
3309 4022 3374 4075 ad
3405 4022 3684 4076 vindican-

2095 4115 2224 4168 dum
2252 4115 2556 4182 superioris
2582 4116 2843 4195 temporis
2874 4116 3130 4187 injuriam
3167 4118 3457 4171 immiserit
3482 4118 3680 4172 barba-

2095 4224 2187 4263 ros
2213 4246 2229 4270 ,
2275 4220 2371 4265 aut
2412 4210 2667 4264 solventes
2706 4209 2885 4279 paena:
2912 4248 2928 4273 ,
2977 4210 3080 4264 hoc
3111 4211 3232 4274 est',
3270 4211 3682 4283 episcopalibns

2097 4302 2313 4356 mulctis
2348 4303 2419 4358 ob
2453 4303 2791 4373 superiorem
2838 4303 3121 4357 avaritiam
3169 4305 3417 4375 castigati
3452 4305 3703 4361 minime'

2096 4396 2495 4469 resipuerunt),
2529 4397 2661 4470 quin
2705 4398 2890 4466 potius
2943 4398 3173 4467 ipsumet
3215 4408 3454 4470 tempore
3484 4388 3681 4457 divina:

2093 4489 2411 4554 iracundiae,
2443 4492 2513 4545 ob
2542 4506 2705 4561 quam
2730 4490 3203 4554 irruere‘harbari,
3234 4493 3336 4563 ipsi
3366 4508 3425 4548 se
3458 4494 3524 4548 ad
3557 4507 3687 4548 ava-

411 4582 639 4652 αἵματος
667 4579 888 4652 ὀλέθρου
912 4576 1212 4650 ἀνθρώπων
1245 4578 1563 4632 ἀναστάτων
1593 4580 1922 4650 γενομένων,
1956 4584 1988 4655 ἢ

2097 4581 2277 4635 ritiam
2326 4590 2745 4648 converterunt,
2791 4580 3001 4634 lucrum
3040 4582 3145 4637 sibi
3189 4595 3556 4654 comparantes
3613 4600 3680 4638 ea;
3740 4572 3748 4585 ’

410 4671 769 4744 αἰχμαλώτων
811 4669 1228 4741 πεφονευμένων
1247 4689 1261 4701 ·
1295 4669 1356 4722 τὸ
1391 4669 1447 4723 δὲ
1478 4668 1547 4749 ἐξ
1573 4670 1819 4739 αἵματος
1859 4690 1996 4741 κερ-

350 4772 385 4787 ’“
413 4762 726 4829 δαΐα-οντες
757 4756 1091 4834 ’ἑρμηνεύων
1113 4801 1128 4825 ,
1164 4761 1413 4831 ἐπήγαγε
1438 4759 1507 4814 τὰ
1548 4757 1706 4832 ἑξῆς·
1763 4760 1834 4814 Ἦ
1863 4764 1994 4837 γὰρ,

416 4855 601 4925 φησὶν,
631 4854 933 4928 ἀνθρώπων
948 4856 1028 4919 εἰς
1051 4853 1427 4924 αἰχμαλωσίαν
1455 4853 1840 4923 ἀπαγομένων,
1862 4855 1998 4929 ὅπερ

413 4945 631 5017 ὄλεθρός
662 4946 888 5019 ἐστιν,ἢ
923 4945 1315 5018 ἀναιρεθέντων
1356 4943 1658 5017 ἀνθρώπων
1694 4946 1997 5017 πράγματα

412 5035 774 5108 διαρπάζουσι
794 5056 805 5067 ⁸
834 5039 888 5107 τί
921 5036 1047 5092 ἄλλο
1076 5037 1183 5110 χρὴ
1213 5038 1473 5103 ἐλπίζειν,
1496 5039 1530 5111 ἢ
1556 5037 1645 5094 διὰ
1675 5039 1777 5111 τὴν
1809 5038 1998 5094 πλεον-

416 5126 564 5192 εξίαν
590 5127 957 5199 ἐπισωρεῦσαι
978 5129 1147 5201 ὀργὴν
1169 5131 1382 5193 ἐαυτοῖς
1415 5130 1510 5182 καὶ
1546 5128 1710 5182 παντὶ
1743 5128 1821 5200 τῷ
1846 5129 1958 5201 λαῷ
1977 5172 1993 5196 ,

416 5219 581 5291 ἤγουν
607 5201 827 5312 ἐλκδγσαι
854 5220 955 5290 τὴν
981 5220 1076 5274 τοῦ
1102 5221 1237 5275 Θεοῦ
1266 5221 1351 5292 ἐφ’
1382 5221 1620 5284 ’ἑαυτοὺς
1653 5222 1748 5275 καὶ
1785 5222 1879 5276 ἐπὶ
1904 5221 1995 5276 τὸν

408 5311 573 5378 -λαόνς
607 5312 715 5367 Καὶ
756 5311 817 5377 ἐξ
851 5313 1093 5385 ἱστορίας
1119 5313 1175 5366 δὲ
1205 5315 1439 5381 παλαιᾶς
1475 5313 1778 5385 ὑπόδειγμα
1811 5332 1995 5389 παρα-

413 5405 625 5477 τίθησιν
648 5445 664 5472 ,
690 5406 771 5458 ὅτι
792 5404 910 5467 ἐνὸς
941 5406 1356 5479 ἁμαρτήσαντος
1383 5404 1569 5459 πολλοὶ
1599 5405 1989 5477 ἐκολάσθησαν.

2097 4673 2373 4743 sanguine,
2408 4684 2463 4728 et
2490 4672 2729 4744 pernicie
2757 4672 3041 4727 hominum
3066 4690 3299 4744 quorum
3327 4689 3531 4731 eversa:
3562 4673 3678 4730 for-

2098 4773 2242 4821 tunae
2273 4775 2421 4832 sunt,
2451 4767 2534 4821 vel
2566 4766 2904 4835 captivorum
2940 4766 3035 4835 qui
3086 4776 3214 4821 sunt
3262 4767 3566 4836 interfecti;
3619 4777 3679 4824 ut

2098 4868 2280 4911 autem
2318 4857 2446 4911 illud
2478 4858 2795 4925 explicaret,
2825 4857 3037 4912 lucrum
3064 4858 3169 4912 sibi
3198 4870 3581 4931 comparantes
3609 4876 3679 4917 ex

2098 4946 2398 5016 sanguine,
2433 4946 2668 5016 subjecit
2692 4962 2815 5016 quae
2841 4962 2967 5002 mox
3008 4959 3345 5019 sequuntur:
3381 4948 3479 5005 Vel
3507 4953 3679 5018 enim,

2099 5036 2307 5107 inquit,
2361 5038 2644 5092 hominum
2687 5040 2780 5109 qui
2820 5041 2873 5094 in
2908 5041 3221 5096 servitutem
3265 5042 3483 5098 abducti
3516 5053 3679 5106 sunt,

2096 5130 2242 5199 quod
2266 5138 2350 5185 est
2372 5131 2661 5200 pernicies,
2685 5132 2769 5185 vel
2799 5133 3209 5187 interfectorum
3225 5134 3508 5190 hominum
3533 5134 3680 5193 bona

2096 5219 2393 5289 diripiunt:
2433 5221 2563 5291 quid
2597 5220 2745 5276 aliud
2795 5224 3124 5293 sperandum
3169 5231 3272 5289 est,
3306 5224 3412 5279 nisi
3454 5238 3678 5295 propter

2097 5311 2401 5378 avaritiam,
2431 5313 2534 5367 sibi
2566 5313 2698 5383 ipsis
2728 5328 2792 5367 ac
2824 5314 3078 5367 universo
3108 5314 3308 5382 populo
3341 5314 3476 5369 iram
3511 5331 3677 5372 accu-

2099 5405 2336 5471 mulare,
2362 5405 2467 5459 hoc
2486 5414 2587 5467 est,
2616 5404 2718 5459 sibi
2750 5404 2883 5474 ipsis
2911 5415 2963 5458 et
2992 5405 3190 5474 pupulo
3215 5404 3306 5459 Dei
3328 5406 3677 5473 iracundiam
3756 5435 3764 5442 -

415 5495 745 5551 conciliare?
786 5496 962 5566 Atque
1013 5500 1322 5569 exemplum
1375 5514 1440 5555 ex
1487 5499 1706 5569 antiqua
1770 5499 1999 5553 historia
2033 5497 2271 5565 adducit,
2324 5500 2379 5555 in
2410 5514 2522 5570 quo
2556 5499 2628 5555 ob
2657 5497 2822 5553 unius
2843 5507 3125 5569 peccatum
3181 5499 3366 5570 plures
3407 5502 3678 5575 supplicio

420 5587 592 5642 aii‘eeti
618 5598 765 5644 sunt.

1018 5680 1257 5734 ΚΔΝΩΝ
1295 5680 1369 5735 Γ.

494 5791 513 5823 ι
555 5774 666 5826 Οὐκ
713 5742 823 5827 ἰδοῦ
862 5773 1037 5846 Ἀχαρ
1084 5773 1113 5825 ὁ
1144 5772 1295 5843 Ζαρᾶ
1332 5770 1679 5844 πλημμελείᾳ
1713 5772 1994 5845 ἐπλημμέ-

513 5864 555 5897 ⁸⁸
580 5861 695 5920 .los.
735 5880 836 5918 vn.

2682 5675 2935 5739 .CANON
2976 5675 3067 5734 ΠΙ.

2171 5792 2191 5825 ί
2228 5772 2424 5827 Annon
2468 5785 2596 5826 ecca
2644 5768 2825 5824 Achar
2876 5767 3013 5826 Zare
3055 5768 3264 5827 ﬁlius“
3316 5771 3375 5827 in
3420 5786 3487 5828 eo
3523 5771 3668 5844 quod
