4090 6380
461 377 589 432 11331

1608 373 1665 428 s.
1703 346 2028 431 CREGORII
2069 374 2576 431 numnunc:

3569 382 3705 439 £032

463 511 482 542 ι
520 488 828 544 dedicatum
875 495 1010 550 erat,
1064 485 1314 555 peccavit
1357 491 1456 538 :et
1504 484 1559 537 in
1605 498 1824 537 omnem
1868 483 2012 539 lsrae

2139 501 2158 534 ι
2195 483 2358 554 λησεν
2389 483 2496 537 ἀπὸ
2525 484 2620 537 τοῦ
2661 482 3033 555 ἀναθέματος,
3075 486 3170 540 καὶ
3217 486 3309 540 ἐπὶ
3358 490 3539 543 πᾶσαν
3581 506 3707 544 συν-

467 604 484 633 ι
528 595 859 655 synagogam
912 579 990 632 ira
1038 577 1320 659 pervenit?
1362 578 1537 655 Atq’tte
1578 577 1666 631 hic
1706 592 1853 632 unus
1881 577 2031 632 solus

466 696 483 723 ‹
530 673 792 743 peccavit,
822 670 916 724 sed
955 685 1062 723 non
1095 669 1246 723 solus
1280 668 1333 722 in
1369 683 1471 723 suo
1504 678 1724 738 peccato
1753 678 1839 724 est
1881 684 2030 724 mor-

467 787 484 815 ι
522 776 670 820 tuus.
720 761 890 817 Nobis
924 767 1107 815 autem
1156 759 1423 829 quidquid
1462 775 1570 814 non
1606 769 1893 827 nostrum,
1932 759 2030 815 sed

466 875 484 907 ι
526 856 763 911 alienum
805 863 907 918 est,
943 856 1050 909 hoc
1090 849 1335 922 tempore
1376 852 1614 917 lucrum,
1661 850 1775 906 Deo
1810 851 2031 906 dedica-

464 968 482 999 ι
525 958 638 1002 tum
674 962 796 1002 esse
825 945 1247 1001 existimandum
1285 953 1387 999 est.
1419 941 1555 997 Nam
1582 952 1651 998 et
1688 943 1779 998 ille
1806 942 2027 1013 quidem

466 1059 484 1091 ι
526 1039 707 1093 Achar
748 1052 815 1092 ex
858 1037 1043 1107 praeda
1075 1036 1306 1105 accepit,
1347 1044 1402 1089 et
1441 1035 1543 1105 ipsi
1573 1050 1720 1090 nunc
1751 1050 1817 1090 ex
1847 1036 2025 1104 praeda

462 1151 480 1181 ι
521 1130 812 1201 accipiunt.
845 1128 922 1184 Ac
951 1129 1042 1183 ille
1056 1129 1300 1198 quidem,
1325 1143 1389 1182 ea
1417 1143 1539 1197 qua:
1561 1137 1720 1182 erant
1748 1129 1984 1184 hostium
2009 1145 2023 1182 :

463 1244 480 1272 ι
506 1224 599 1292 qui
615 1236 744 1276 vero
759 1236 905 1276 nunc
929 1229 1078 1280 sunt,
1097 1235 1160 1274 ea
1184 1235 1304 1289 qua:
1319 1218 2030 1290 suutfratrum,pernicioso

462 1333 483 1366 ι
524 1315 675 1368 lucro
704 1310 1132 1368 lucrifaciettrs.
1170 1331 1189 1364 ι

528 1404 685 1460 Βιιε.
722 1406 857 1459 Cum
907 1405 1140 1459 dixisset
1170 1412 1392 1459 sanctus
1437 1419 1467 1458 a
1503 1403 1752 1458 ﬁdelibus
1782 1403 2026 1458 abdicari

2137 593 2155 624 ‹
2196 573 2416 646 αγωγὴν
2494 576 2709 648 Ἰσραὴλ
2742 577 2973 648 ἐγενήθη
3014 579 3048 650 η
3080 578 3254 650 ὁργής
3312 580 3423 633 Καὶ
3468 575 3550 644 εἷς
3610 585 3708 655 μό-

2136 681 2155 714 ‹
2190 680 2281 727 νος
2309 657 2462 727 οὗτος
2489 664 2727 736 ἥμαρτε,
2758 666 2833 737 μὴ
2868 666 3027 736 μόνος
3052 666 3321 720 ἀπέθανεν
3350 667 3409 721 ὲν
3435 671 3505 740 τῇ
3528 669 3707 742 ἀμαρ-

2136 775 2155 807 ι
2194 755 2287 827 τίᾳ
2325 753 2510 810 αὑτοῦ.
2570 755 2730 825 Ἡμῖν
2755 755 2825 808 δὲ
2872 757 2981 810 πᾶν
3010 756 3072 808 τὸ
3106 757 3181 829 μὴ
3218 757 3523 829 ἡμέτερον,
3567 758 3706 813 ἀλλα

2106 843 2111 847 ’
2134 867 2153 899 ι
2194 848 2487 919 ἀλλότριον,
2521 847 2599 918 τῷ
2625 847 2799 919 καιρῷ
2822 847 3010 919 τούτῳ
3034 847 3244 919 κέρδος,
3277 850 3530 921 ἀνάθεμα
3555 868 3693 906 νενο-

2134 962 2155 995 ι
2198 942 2382 1013 μίσθαι
2426 945 2706 1015 προσήκει.
2752 943 3018 1006 Κάκεῖνος
3071 942 3170 1013 μὲν
3204 942 3314 1014 γὰρ
3352 945 3383 997 6
3434 944 3611 1016 ’Δχαρ
3638 945 3705 997 ὲκ

2134 1052 2153 1082 ο
2193 1033 2294 1104 τῆς
2327 1036 2603 1106 προνομῆς
2634 1033 2823 1087 ἐλαϐε-
2861 1034 2953 1086 καὶ
2984 1033 3138 1086 αὐτοὶ
3167 1032 3264 1086 νῦν
3295 1034 3359 1087 ὲκ
3393 1031 3702 1105 προνομῆς⁶
3729 1098 3735 1105 _

2134 1140 2154 1178 ι
2190 1128 2440 1190 κάκεῖνος
2474 1126 2571 1198 μὲν
2598 1125 2670 1179 τὰ
2693 1125 2803 1179 τῶν
2844 1108 3143 1196 πολέμίων,
3177 1125 3227 1178 οί
3270 1123 3329 1177 δὲ
3365 1124 3459 1178 νῦν
3486 1123 3558 1179 τὰ
3593 1124 3703 1180 τῶν

2133 1237 2153 1272 ι
2193 1219 2457 1289 ἀδελφῶν,
2493 1219 2866 1291 κερδαίνοντες
2893 1218 3135 1292 ὀλέθριον
3163 1217 3372 1291 κέρδος.
3404 1236 3426 1270 ι

2199 1403 2391 1455 ΒΑΛΣ.
2442 1399 2623 1455 Εἰπὼν
2664 1402 2694 1454 6
2748 1399 2904 1469 ἆγιος
2949 1398 3425 1473 ἀποκηρύττεσθαι
3472 1401 3538 1452 ὲκ
3589 1398 3699 1452 τῶν

453 1512 549 1552 eos
577 1497 668 1566 qui
718 1498 939 1566 rapiunt
980 1513 1102 1566 quae
1131 1498 1197 1551 ad
1231 1498 1477 1566 captivos
1526 1497 1817 1565 pertinent,
1857 1506 1912 1550 et
1955 1511 2016 1550 ex

2128 1495 2333 1550 πιστῶν
2381 1495 2507 1560 τοὺς
2557 1494 2910 1566 ἁρπάσαντας
2959 1494 3029 1548 τὰ
3068 1497 3180 1558 τοῖς
3220 1493 3699 1564 αίχμαλωτισθεϊσι

455 1589 742 1644 barbarica
786 1588 968 1658 praeda
1014 1589 1200 1642 relicta
1248 1587 1502 1653 fuerunt;
1533 1596 1589 1642 et
1615 1590 1760 1656 quod
1806 1596 2016 1658 propter

2125 1588 2467 1661 διαφέροντα,
2511 1590 2604 1642 καὶ
2635 1586 2742 1640 ἀπὸ
2770 1588 2867 1658 τῆς
2910 1586 3251 1659 βαρϐαρικῆς
3277 1585 3569 1657 λεηλασίας
3600 1603 3701 1640 πε-

451 1681 663 1749 eosqui
705 1680 785 1734 sic
824 1694 967 1749 saepe
994 1680 1132 1750 lapsi
1168 1688 1224 1734 et
1249 1680 1474 1733 minime
1507 1679 1745 1748 correpti
1779 1687 1932 1742 sunt,
1968 1678 2016 1732 in

2128 1680 2489 1752 ριλειφθέντα,
2535 1679 2631 1733 καὶ
2662 1679 2745 1732 ὄτι
2776 1678 2865 1732 διὰ
2903 1668 3029 1743 τοὺς
3059 1679 3202 1731 οὕτω
3239 1676 3497 1742 πολλάκις
3540 1678 3701 1733 πταία-
3790 1720 3791 1723 η

456 1773 715 1843 populum
746 1787 964 1841 quoque
992 1774 1071 1826 ira
1101 1771 1195 1827 Dei
1226 1771 1563 1827 aceumulata
1592 1772 1698 1839 sit;
1731 1772 1798 1827 ad
1829 1787 2016 1828 eorum

2127 1788 2323 1836 σαντας
2365 1773 2460 1825 καὶ
2508 1772 2582 1843 μὴ
2630 1769 3039 1843 διορθωθέντας,
3091 1771 3184 1823 καί¹
3226 1772 3306 1834 είς
3357 1771 3449 1824 τὸν
3488 1771 3616 1825 λαὸν
3661 1774 3695 1844 ἡ

452 1834 927 1920 conﬁrmationem
982 1864 1195 1918 inducit
1233 1863 1414 1918 Achar
1462 1864 1745 1918 historiam
1780 1865 1835 1918 in
1881 1864 2016 1919 libro

2123 1862 2260 1934 όργὴ
2270 1834 2364 1916 τοῦ
2386 1834 2521 1916 Θεοῦ
2544 1834 2908 1933 ἐπισωρευθῇ,
2928 1860 3175 1932 ἐπιφέρει
3202 1862 3338 1934 πρὸς
3355 1834 3697 1934 κατασκευὴν

449 1950 578 2007 Jesu
608 1950 754 2006 Nave
774 1952 1124 2023 descriptam.
1152 1951 1350 2006 Narrat
1369 1952 1513 2007 enim
1540 1955 1686 2022 quod
1714 1970 1839 2009 cum
1863 1953 2022 2010 Jesus

453 2044 859 2112 pronuntiasset
886 2047 1071 2100 omnia
1103 2044 1216 2100 Deo
1245 2060 1369 2100 esse
1394 2045 1640 2101 dedicata
1667 2047 1865 2116 spolia,
1896 2063 2022 2117 quae

449 2149 515 2188 ex
545 2131 766 2189 Jericho
800 2146 954 2205 capta
986 2147 1190 2197 essent.
1236 2136 1416 2189 Achar
1452 2147 1739 2207 postquam
1776 2140 1906 2195 urbs
1932 2138 2022 2195 Je—

453 2225 607 2281 richo
639 2236 794 2295 capta
828 2238 990 2289 esset,
1025 2243 1189 2283 aurea
1222 2228 1405 2299 lingua
1432 2238 1487 2284 et
1514 2231 1696 2301 aliqua
1726 2242 1874 2287 veste
1899 2220 2023 2287 sur-

453 2326 625 2387 repta,
659 2333 723 2372 ea
752 2316 946 2373 infodit
978 2319 1033 2373 in
1056 2335 1160 2375 suo
1192 2322 1451 2399 tentorio.
1482 2322 1621 2377 Cum
1659 2332 1840 2378 autem
1876 2323 2021 2381 Deus

450 2419 732 2481 propterea
768 2412 1190 2477 succensuisset,
1224 2413 1277 2467 in
1311 2428 1376 2467 eo
1423 2414 1563 2468 bello
1597 2413 1854 2471 Israelita;
1887 2418 2017 2481 victi

447 2509 596 2554 sunt.
627 2499 766 2566 Quia
788 2509 970 2555 autem
1000 2517 1107 2556 non
1139 2503 1427 2558 manifesta
1453 2512 1571 2559 erat
1603 2507 1695 2558 irae
1714 2507 1808 2560 Dei
1830 2521 2016 2572 causa,

449 2592 619 2647 missa
654 2600 738 2648 est
767 2608 910 2656 sors,
946 2602 1002 2646 et
1032 2595 1229 2650 cecidit
1273 2611 1438 2664 super
1469 2596 1669 2651 Achar.
1706 2598 1799 2653 ille
1836 2608 2016 2655 autem

449 2680 842 2752 interrogatus,
865 2681 1071 2738 furtum
1099 2683 1386 2740 confessus
1410 2694 1514 2750 est,
1551 2696 1603 2742 et
1631 2703 1754 2757 qua:
1770 2698 2017 2759 surrepta

447 2781 599 2839 sunt,
625 2774 897 2844 protulit;
950 2784 1005 2831 et
1043 2776 1316 2846 lapidibus
1368 2778 1599 2835 obrutus
1650 2790 1734 2835 est
1777 2781 1929 2851 ipse,
1966 2790 2021 2837 et

446 2878 638 2920 omnes
669 2865 774 2928 sui,
802 2876 857 2921 et
885 2867 1162 2933 animalia,
1190 2878 1246 2922 et
1272 2878 1381 2923 tota
1411 2869 1531 2939 ejus
1556 2872 1818 2942 supellex.
1847 2871 1913 2927 Et
1937 2872 2021 2927 di-

445 2956 522 3010 cit
555 2955 735 3011 :Ecce
763 2973 904 3011 unus
935 2959 1205 3027 peccavit,
1237 2969 1290 3013 et
1307 2975 1373 3014 ex
1402 2976 1467 3015 eo
1497 2962 1640 3030 quod
1675 2960 1785 3017 Deo
1803 2963 2020 3019 dedica-

445 3058 559 3101 tum
589 3057 692 3113 est,
721 3049 970 3115 sustulit;
1001 3058 1056 3104 et
1085 3059 1306 3121 propter
1331 3034 1489 3108 illius
1522 3062 1827 3123 peccatum,
1858 3055 2018 3111 multi

2122 1952 2325 2005 τούτων
2357 1951 2454 2023 τὴν
2484 1954 2542 2006 ὲν
2581 1954 2647 2023 τῇ
2697 1950 2865 2023 βίϐλῳ
2898 1949 2992 2020 τοῦ
3046 1950 3218 2022 Ἰησοῦ
3260 1951 3355 2005 τοῦ
3397 1951 3557 2023 Ναυῆ
3598 1969 3696 2020 γεο

2122 2041 2447 2114 γραμμένην
2478 2041 2716 2112 ίστορίαν
2736 2037 2978 2110 περὶτοῦ
3013 2039 3209 2111 ’Δχαμ
3259 2040 3568 2113 Ἱστορεῖται
3587 2042 3697 2113 γὰρ

2122 2134 2196 2197 ὡς
2222 2132 2316 2187 τοῦ
2352 2133 2525 2203 Ἰησοῦ
2548 2132 3011 2203 ἐπαγγειλαμένου
3039 2131 3431 2203 ἀνατεθειμένα
3458 2128 3594 2186 εῖναι
3617 2133 3696 2203 τῷ

2120 2225 2241 2295 Θεῷ
2288 2225 2467 2279 πάντα
2512 2224 2582 2278 τὰ
2630 2226 2738 2278 ἀπὸ
2780 2225 2880 2295 τῆς
2935 2222 3283 2297 Ἱεριχοῦντος
3326 2223 3695 2297 σκυλευθησό-

2124 2335 2278 2387 μενα,
2324 2320 2353 2371 6
2389 2318 2565 2389 Ἀχαρ
2599 2316 2738 2387 μετὰ
2773 2317 2871 2389 τὴν
2917 2315 3114 2371 ἅλωσιν
3159 2316 3257 2388 τῆς
3289 2315 3495 2382 πόλεως
3533 2317 3694 2389 Ἰερι-
3803 2335 3806 2338 ’

2120 2409 2361 2481 χοῦντος,
2408 2408 2654 2478 γλῶτταν
2699 2409 2905 2479 χρυσῆν
2949 2409 3044 2462 καὶ
3074 2407 3302 2478 ῦφασμά
3336 2425 3387 2460 τι
3421 2407 3692 2479 ὑφελόμε-

2119 2519 2227 2565 νος,
2279 2500 2587 2570 κατέχωσεν
2638 2499 2774 2552 αὐτὰ
2828 2500 2888 2551 ὲν
2924 2502 2991 2571 τῇ
3044 2502 3218 2571 σκηνῇ
3258 2498 3446 2554 αὐτοῦ.
3513 2498 3696 2571 Ὀργι-

2120 2593 2335 2656 σθέντος
2374 2592 2429 2645 δὲ
2478 2591 2576 2646 τοῦ
2622 2590 2757 2645 Θεοῦ
2807 2580 2894 2644 διὰ
2926 2591 3104 2657 τοῦτο,
3152 2590 3464 2662 ἡττήθησαν
3518 2592 3576 2644 ὲν
3615 2590 3694 2661 τῷ

2120 2685 2338 2756 πολέμῳ
2382 2686 2430 2738 οἰ
2489 2680 2834 2755 Ἰσραηλῖται.
2882 2685 3001 2736 ’Ὁτι
3039 2682 3095 2735 δὲ
3133 2681 3327 2752 άδηλος
3361 2678 3428 2753 ἦν
3456 2685 3491 2755 η
3544 2682 3694 2736 αἰτία

2116 2774 2216 2844 τῆς
2246 2773 2416 2846 ὀργῆς
2447 2774 2540 2828 τοῦ
2565 2774 2723 2837 Θεοῦ,
2755 2774 2945 2843 γέγονε
2978 2771 3200 2844 κλῆρος,
3234 2771 3331 2826 καὶ
3372 2772 3569 2825 ἔπεσεν
3599 2771 3693 2824 ἐπὶ

2117 2866 2207 2919 τὸν
2240 2866 2435 2937 Ἀχαρ.
2467 2866 2751 2929 Κάκεῖνος,
2804 2864 3244 2936 ἀνακρινόμενος,
3286 2862 3602 2935 ὡμολόγησε
3631 2861 3695 2914 τὸ

2119 2955 2339 3027 κλέμμα
2370 2954 2561 3008 καὶτά
2592 2954 2868 3007 κλαπέντα
2901 2954 3270 3026 προσήνεγκει
3309 2952 3404 3005 καὶ
3449 2950 3690 3006 ὲλιθοϐο-

2117 3046 2255 3120 λήθη
2300 3046 2461 3109 αὐτός
2495 3062 2555 3099 τε
2594 3046 2686 3099 καὶ
2728 3038 2929 3108 πάντες
2971 3044 3022 3097 οἱ
3071 3043 3201 3114 περὶ
3240 3042 3437 3109 αὐτὸν,
3482 3042 3578 3097 καὶ
3617 3043 3689 3098 τὰ

444 3140 723 3210 perierunt
750 3141 803 3194 in
830 3141 991 3206 bello,
1024 3156 1089 3194 ex
1118 3158 1390 3213 synagoga
1422 3159 1517 3199 seu
1559 3153 1702 3200 cat-tu
1743 3146 2016 3200 Israelita-

2119 3140 2253 3204 ζῶα,
2282 3140 2376 3192 καὶ
2401 3140 2549 3193 πᾶσα
2590 3140 2624 3209 η
2651 3137 2924 3210 ὑποσκευὴ
2957 3136 3141 3191 αὐτοῦ.
3182 3137 3292 3190 Καί
3325 3153 3513 3206 φησιν,
3557 3136 3688 3190 Ἰδοὺ

446 3246 569 3286 rum
599 3250 612 3285 :
643 3241 695 3286 et
726 3247 919 3287 rursus
952 3233 1089 3286 ultio
1115 3232 1255 3288 facta
1286 3246 1388 3301 est,
1412 3251 1517 3288 non
1545 3235 1599 3288 in
1629 3236 1784 3290 illum
1814 3235 2011 3302 solum,

445 3323 538 3377 sed
572 3326 624 3376 in
658 3336 851 3378 omnes
884 3338 1038 3379 suos.
1082 3323 1176 3378 Eis
1203 3334 1384 3380 autem
1428 3325 1523 3395 qui
1567 3323 1706 3379 forte
1732 3326 2012 3391 dixerant,

443 3428 566 3467 esse
593 3412 951 3468 diﬂ‘erentiam
981 3430 1170 3469 eorum
1202 3431 1323 3486 qua:
1356 3415 1467 3470 Deo
1497 3416 1745 3472 dedicata
1776 3416 2010 3484 fuerant,

441 3513 500 3558 et
526 3518 715 3557 eorum
746 3519 869 3573 quae
906 3505 970 3557 ad
1005 3505 1245 3574 privatos
1284 3506 1498 3576 aliquos
1533 3507 1839 3576 pertinent,
1874 3508 2014 3561 resi-

444 3596 537 3646 stit
562 3604 818 3660 sanctus;
843 3603 897 3648 et
921 3595 1159 3649 ostendit
1182 3596 1322 3650 hanc
1349 3597 1597 3666 rapinam
1624 3613 1748 3652 esse
1776 3597 1868 3652 illa
1891 3612 2015 3651 ava-

444 3683 567 3736 ritia
618 3683 942 3737 deteriorem
974 3702 986 3737 :
1024 3692 1078 3737 et
1107 3684 1252 3753 quod
1285 3699 1350 3738 eo
1396 3693 1640 3755 tempore
1668 3700 1779 3754 quo
1820 3684 2015 3754 praedae

441 3773 513 3826 ab
539 3772 790 3829 hostibus
819 3784 1074 3844 aguntur,
1102 3789 1192 3830 res
1222 3775 1454 3831 fratrum
1487 3777 1711 3842 relictae,
1753 3785 2014 3847 tanquam

443 3864 552 3921 Deo
578 3865 841 3921 dedicata:
875 3876 1198 3938 reputantur
1226 3876 1319 3924 :et
1349 3868 1518 3939 quod,
1559 3869 1811 3938 quamvis
1833 3885 2015 3941 aequa-

441 3960 647 4013 Iitatem
694 3959 959 4025 habeant,
991 3975 1113 4030 qua:
1161 3959 1230 4015 ab
1261 3958 1445 4015 Achar
1483 3961 1695 4030 direpta
1728 3959 1918 4025 fuere,
1961 3972 2013 4016 et

438 4067 562 4120 quae
586 4050 655 4104 ab
685 4053 767 4105 eis
796 4060 946 4120 rapta
984 4063 1148 4116 sunt,
1183 4037 1466 4123 propterea
1512 4053 1656 4123 quod
1699 4061 1754 4107 et
1784 4062 2014 4124 utraque

439 4160 504 4197 ex
558 4145 890 4216 praedatione
955 4144 1039 4198 vel
1088 4145 1399 4214 captivitate
1476 4156 1791 4216 comparata
1852 4158 2009 4213 sunt;

440 4250 631 4289 eorum
683 4212 864 4290 tamen
918 4236 1075 4306 culpa
1131 4237 1310 4306 major
1365 4245 1467 4291 est.
1514 4237 1693 4291 Achar
1737 4239 1882 4293 enim
1927 4253 2014 4293 res

443 4327 679 4381 hostium
712 4327 975 4382 abstulit:
1009 4329 1044 4381 ii
1074 4336 1255 4382 autem
1297 4343 1440 4399 quos
1476 4330 1634 4400 plura
1666 4328 1903 4385 habendi
1941 4329 2009 4384 li-

2117 3226 2196 3294 εἷς
2225 3231 2463 3302 ἡμαρτε,
2516 3228 2609 3287 καὶ
2656 3228 2915 3298 ὑφείλετο
2941 3227 3050 3280 ἀπὸ
3085 3225 3181 3304 τοῦ
3226 3225 3567 3295 ἀναθέματος
3611 3224 3693 3297 τῷ

2115 3320 2253 3393 Θεῷ,
2286 3322 2377 3374 καὶ
2409 3321 2497 3374 διά
2533 3320 2630 3392 τὴν
2656 3319 2928 3392 ἁμαρτίαν
2965 3319 3173 3372 ἐκείνου
3207 3314 3489 3371 ἀπώλοντο
3529 3317 3588 3370 ὲν
3612 3316 3692 3388 τῷ

2116 3411 2336 3482 πολέμῳ
2368 3411 2565 3465 πολλοι
2584 3414 2647 3467 εκ
2682 3410 2780 3481 τῆς
2808 3407 3130 3478 συναγωγῆς
3157 3405 3265 3460 τῶν
3305 3402 3685 3477 Ἰσραηλιτῶν

2116 3502 2207 3555 καὶ
2235 3496 2395 3563 αὖθις
2424 3501 2458 3570 ἡ
2487 3491 2759 3570 ἐκδίκησις
2788 3498 3009 3567 γέγονεν
3030 3497 3130 3550 οὐκ
3151 3496 3241 3574 ἐἰς
3266 3495 3472 3548 ἐκεῖνον
3507 3494 3686 3567 μόνον,
3771 3545 3775 3548 .

2115 3592 2248 3646 ἀλλὰ
2276 3593 2369 3645 καὶ
2394 3594 2474 3655 εἰς
2508 3584 2711 3663 πάντας
2750 3589 2874 3652 τοὺς
2907 3582 3139 3663 ἐκείνου.
3164 3575 3309 3658 Πρὸς
3345 3585 3403 3639 δὲ
3429 3585 3521 3638 τὸν
3557 3586 3685 3648 ἴσως
3762 3655 3767 3661 ,

2114 3684 2335 3739 εἰπόντα
2364 3680 2626 3752 διαφορὶν
2659 3676 2796 3734 εἶναι
2830 3678 2940 3732 τῶν
2982 3663 3416 3747 ἀνατεθειμένων
3448 3674 3528 3746 τῷ
3563 3674 3684 3745 Θεῷ

2114 3782 2210 3838 καὶ⁸
2240 3782 2349 3842 τῶν
2379 3767 2742 3850 διαφερόντων
2778 3778 3037 3843 ἰδιώταις,
3072 3776 3518 3832 ἀντικαθίσταται
3545 3778 3573 3830 6
3618 3777 3683 3829 ὃ.-

2113 3893 2253 3946 γιος,
2299 3874 2392 3929 καὶ
2422 3872 2822 3936 κατασκευάζει
2862 3871 3084 3943 χείρονα
3120 3869 3338 3943 ἐκείνης
3374 3869 3474 3940 τῆς
3526 3867 3687 3922 πλεο-
3728 3894 3731 3899 ·

2112 3970 2293 4035 νεξίας
2323 3963 2463 4022 εἷναι
2489 3966 2588 4037 τὴν
2619 3964 2896 4037 παροῦσαν
2916 3963 3172 4036 ἁρπαγήν
3229 3963 3312 4016 ὃτι
3338 3978 3399 4016 τε
3427 3960 3497 4015 τὰ
3529 3964 3587 4015 ὲν
3609 3960 3690 4032 τῷ

2113 4060 2290 4135 καιρῷ
2319 4061 2418 4131 τῆς
2456 4057 2747 4129 λεηλασίας
2778 4056 2885 4131 τῶν
2926 4055 3225 4128 βαρϐάρων
3272 4052 3688 4124 περιλειφθέντα

2113 4153 2413 4225 πράγματα
2469 4150 2578 4204 τῶν
2639 4149 2881 4219 ἀδελφῶν
2912 4191 2927 4215 ,
3009 4149 3086 4212 ὡς
3152 4146 3546 4218 ἀνατεθειμένα
3606 4146 3688 4218 τῷ

2112 4245 2231 4316 Θεῷ
2261 4244 2594 4314 λογίζονται·
2633 4243 2726 4296 καὶ
2755 4242 2836 4295 ὅτι
2864 4242 2966 4309 xiv
2999 4240 3219 4312 ἰσότητα
3248 4238 3410 4310 ἔχωσι
3439 4238 3511 4293 τὰ
3534 4240 3689 4310 παρά

2109 4339 2218 4392 τῶν
2266 4340 2442 4409 ’Δχαρ
2479 4334 2885 4404 ἀποσυληθέντα
2931 4334 3023 4387 καὶ
3058 4332 3128 4386 τὰ
3170 4332 3318 4402 παρὰ
3345 4331 3554 4385 ’τούτων
3586 4331 3688 4401 ἀρ-

443 4419 569 4473 hido
599 4436 744 4473 nunc
774 4419 993 4485 invasit,
1028 4419 1169 4473 bona
1204 4418 1431 4475 fratrum
1462 4430 1794 4491 rapuerunt;
1819 4436 2009 4475 eorum

2118 4430 2374 4499 παγέντα,
2400 4428 2487 4482 διὰ
2522 4428 2585 4480 τὸ
2615 4429 2680 4480 ὲκ
2716 4425 2993 4497 προνομῆς
3028 4426 3146 4496 ητυι
3186 4422 3560 4494 αἰχμαλωσίας
3590 4423 3687 4476 καὶ

443 4512 828 4576 calamitatem,
863 4513 1073 4566 lucrum
1116 4514 1484 4582 perniciosum
1517 4514 1646 4569 rati.
1683 4510 1824 4568 Nota
1870 4528 2010 4583 prte-

2118 4523 2396 4594 ἀμφότερα
2442 4517 2927 4591 ἀποκερδανθῆναι,
2974 4517 3085 4571 ἀλλ’
3120 4518 3246 4589 ήὲκ
3293 4515 3498 4569 τούτων
3537 4514 3686 4568 αίτία

443 4612 650 4658 sentem
691 4617 955 4655 canonem
1005 4610 1222 4672 propter
1249 4620 1345 4659 eos
1377 4605 1471 4674 qui
1510 4622 1600 4662 res
1646 4606 2008 4662 Ecclesiarum

2118 4610 2319 4681 μείζων
2340 4608 2506 4662 ἐστίν.
2554 4606 2612 4661 '0
2635 4608 2733 4681 μὲν
2759 4607 2867 4677 γὰρ
2898 4608 3075 4678 ’Δχαρ
3101 4604 3212 4659 τῶν
3240 4603 3515 4675 πολεμίων
3537 4603 3686 4673 ὑφεί-

441 4704 497 4747 et
522 4693 980 4746 monasteriorum
1013 4694 1251 4763 rapiunt,
1276 4705 1353 4761 et,
1383 4707 1442 4750 ut
1465 4698 1630 4753 semel
1661 4700 1860 4768 dicam,
1883 4718 2011 4771 pro-

2118 4701 2265 4754 λετο⁹
2311 4700 2362 4752 οἰ
2409 4701 2466 4755 δὲ
2511 4699 2606 4753 νῦν
2652 4699 3140 4770 πλεονεκτήσαντες
3186 4696 3258 4750 τὰ
3289 4696 3399 4751 τῶν
3439 4694 3687 4766 ἀδελφῶν

442 4797 562 4855 pter
591 4798 687 4838 eos
714 4784 809 4853 qui
833 4799 954 4853 qua:
992 4795 1119 4840 sunt
1148 4784 1261 4840 Deo
1288 4787 1557 4856 dedicata,
1595 4799 1853 4860 tanquam
1882 4807 2009 4861 pro-

2118 4791 2381 4864 ἥρπαζον.
2415 4792 2511 4864 τὴν
2542 4791 2825 4862 συμφορὰν
2844 4790 3047 4843 τούτων
3066 4789 3253 4861 κέρδος
3284 4789 3525 4861 ὀλέθριον
3547 4790 3687 4860 ἡγη-

440 4876 558 4946 pria
594 4875 888 4930 vindicant.

2118 4884 2361 4957 σάμενοι.
2393 4882 2705 4955 Σημείωσαι
2729 4881 2799 4935 τὰ
2819 4881 3061 4952 παρόντα
3079 4880 3166 4935 διὰ
3187 4881 3313 4949 τοὺς
3338 4880 3685 4953 ἁρπάζοντας

439 4973 507 5028 τὰ
549 4973 659 5028 τῶν
710 4972 1043 5044 Ἐκκλησιῶν
1093 4974 1187 5027 καὶ
1219 4977 1288 5028 τὰ
1334 4974 1442 5029 τῶν
1483 4980 1887 5051 μοναστηρίων,
1922 4982 2017 5035 καὶ
2040 4980 2228 5045 ἁπλῶς
2248 4980 2336 5034 διὰ
2349 4980 2473 5043 τοὺς
2499 4978 2825 5049 ἰδιουμένους
2864 4977 3041 5030 πάντα
3080 4974 3149 5029 τά
3180 4975 3571 5047 ἀνατεθειμένα
3599 4975 3685 5046 τῷ

440 5065 578 5137 Θεῷ.

509 5156 710 5213 lunae.
762 5156 1032 5226 Scriptura
1071 5165 1156 5212 est
1187 5157 1240 5211 in
1286 5159 1427 5215 libro
1473 5157 1600 5215 Jcsu
1649 5158 1816 5227 Nave,
1857 5162 2004 5230 quod

441 5266 563 5305 cum
621 5251 897 5306 obsideret
937 5251 1101 5306 Jcsus
1143 5248 1384 5316 Jericho,
1427 5269 1767 5323 quaecunque
1817 5255 1870 5308 iu
1915 5254 2006 5309 illa

439 5351 616 5408 erant,
644 5342 755 5397 Deo
786 5343 1032 5398 dedicata
1059 5344 1449 5413 prununtiavit.
1485 5343 1801 5416 Expugnata
1824 5355 2005 5401 autem

442 5432 594 5496 urbe,
635 5432 817 5486 Achar
850 5434 1068 5488 sublato
1107 5449 1242 5487 auro
1278 5449 1342 5487 ac
1382 5434 1617 5503 quodam
1645 5431 2003 5500 indumento,

442 5520 532 5574 illa
551 5522 604 5574 in
631 5538 731 5577 suo
745 5523 1091 5577 tabernaculo
1105 5520 1507 5589 defodit.Quam
1525 5524 1597 5578 ob
1617 5537 1839 5577 causam
1864 5523 2005 5576 irato

441 5609 570 5674 Deo.
610 5611 735 5665 victi
768 5625 894 5665 sunt
936 5613 989 5666 in
1025 5614 1164 5667 bello
1194 5622 1319 5683 post
1361 5616 1478 5668 haec
1507 5611 1787 5677 lsraelitaa,
1820 5612 2005 5667 multi-

440 5719 547 5769 que
590 5702 850 5757 cecidere.
889 5701 1057 5757 Porro
1109 5720 1231 5759 cum
1270 5704 1468 5759 divinae
1510 5705 1805 5759 iracundiae
1837 5720 2003 5759 causa

440 5789 790 5868 quaereretur,
809 5795 993 5850 missis
1021 5798 1258 5853 sortibus
1279 5797 1457 5853 Achar
1474 5798 1884 5870 estdesignatus
1905 5815 1918 5852 :
1941 5812 2005 5853 ac

2185 5157 2426 5210 ΖΩΝΛΡ.
2477 5156 2566 5209 Ἐν
2602 5158 2668 5228 τῇ
2713 5155 2880 5226 βίϐλῳ
2936 5152 3110 5224 Ἰησοῦ
3143 5153 3236 5209 τοῦ
3277 5155 3436 5225 Ναυῆ
3478 5154 3684 5227 γέγρα-

2113 5267 2263 5313 πται,
2308 5250 2389 5303 ὅτι
2434 5248 2738 5320 πολιορκῶν
2783 5249 2812 5300 6
2866 5246 3071 5317 Ἰησοῦς
3111 5240 3266 5311 οὗτος
3301 5248 3400 5318 τὴν
3441 5248 3681 5319 Ἰεριχῶ,

2112 5343 2287 5395 πάντα
2316 5339 2385 5394 τὰ
2415 5342 2472 5393 ὲν
2509 5341 2645 5411 αὐτῇ
2680 5338 2928 5410 ἀνάθεμα
2970 5339 3332 5411 ἐπηγγείλατο
3371 5334 3507 5393 εῖναι
3539 5339 3699 5410 Θεῷ.“

2124 5432 2453 5496 Ἐαλωκυίας
2478 5432 2535 5486 δὲ
2558 5433 2659 5503 τῆς
2691 5431 2916 5495 πόλεως,
2949 5433 2978 5483 6
3012 5432 3210 5501 Ἀχαρ,
3251 5430 3450 5502 χρυσὸν
3491 5430 3585 5484 καί
3626 5445 3683 5482 τι

2112 5524 2337 5596 ὕφασμα
2388 5524 2747 5596 ἀφελόμενος,
2782 5523 3088 5593 κατέχωσεν
3131 5521 3270 5575 αὐτὰ
3304 5523 3360 5574 ὲν
3391 5524 3458 5593 τῇ
3505 5523 3679 5591 σκηνῇ

2112 5614 2297 5670 αὐτοῦ.
2345 5613 2716 5687 Ὀργισθέντος
2734 5613 2794 5666 δὲ
2823 5612 2916 5665 τοῦ
2948 5611 3082 5666 Θεοῦ
3110 5612 3197 5666 διὰ
3228 5611 3405 5674 τοῦτο,
3441 5610 3680 5681 ἡττήθη-

2115 5723 2211 5759 σαν
2255 5706 2390 5777 μετά
2416 5705 2589 5759 ταῦτα
2615 5706 2673 5758 ὲν
2700 5704 2921 5775 πολέμῳ
2950 5705 2999 5761 oi
3045 5705 3396 5775 Ἰσραηλῖται,
3438 5701 3535 5756 καὶ
3552 5702 3681 5757 έπε-

2115 5815 2203 5851 σον
2237 5797 2438 5850 πολλοί.
2482 5796 2820 5869 Ζητουμένου
2860 5797 2915 5850 δὲ
2945 5797 3117 5850 αἰτίου
3147 5797 3246 5867 τῆς
3284 5796 3377 5850 τοῦ
3407 5794 3544 5849 Θεοῦ
3585 5795 3683 5866 ὀρ-
