4090 6428
480 384 620 444 {035

1734 388 2075 446 EPISTULA
2115 372 2486 446 CANONICA.

3568 396 3712 457 1036

475 505 597 576 τῆς.
612 505 642 560 6
656 505 853 579 κλῆρος
867 507 960 562 ἐπὶ
978 507 1072 562 τοῦ
1091 510 1266 579 Ἀχαρ
1289 506 1449 563 ἔπεσε
1465 524 1478 540 ·
1502 508 1747 573 κάκεῖνος
1762 510 2026 581 ἀνακρινά

2144 506 2193 561 is
2212 506 2510 576 quaestione
2524 504 2707 561 habita
2732 504 2937 563 furtum
2960 508 3246 567 confessus
3267 482 3374 577 est,
3398 526 3569 580 eaque
3589 529 3712 582 quae

475 615 638 669 μενος
687 598 1000 671 ὡμολόγησε
1064 602 1126 654 τὸ
1184 602 1403 673 κλέμμα
1424 642 1441 666 ,
1500 604 1596 657 καὶ
1646 602 1715 657 τὰ
1770 601 2041 656 κλαπέντα

473 691 840 765 προσήνεγκε·
876 692 970 745 καὶ
1001 692 1346 765 ὲλιθοὸολήθη
1375 695 1538 758 αὐτὸς
1568 695 1662 749 καὶ
1689 696 1722 765 ἡ
1747 694 1881 765 γυνὴ
1900 733 1916 758 ,
1946 695 2042 749 καὶ

472 781 521 832 οἱ
564 780 747 844 παῖδες
793 781 981 845 αὑτοῦ,
1014 784 1109 837 καὶ
1154 785 1190 854 ή
1233 784 1427 855 σκηνὴ,
1479 784 1574 837 καὶ
1624 782 1692 836 τὰ
1718 782 1850 847 ζῶα.
1911 783 2040 837 Ἰδοὺ

472 865 585 936 οὖν,
615 871 769 941 φησί,
809 867 889 936 εἷς
927 873 1161 944 ἥμαρτε,
1188 875 1282 928 καὶ
1314 874 1592 927 ἀπώλοντο
1620 874 1677 927 ὲν
1705 873 1784 945 τῷ
1818 874 2040 945 πολέμῳ

485 962 812 1033 Ἰσραηλῖται
832 964 1015 1017 πολλοί
1038 982 1050 994 ·
1080 967 1130 1017 οἱ
1159 967 1353 1019 ἐκεῖνοι
1379 966 1603 1029 πάντες,
1628 962 1758 1020 Εἶτα
1782 967 1875 1019 καὶ
1897 967 2041 1031 ἐξαί-

473 1070 557 1123 ρει
597 1055 627 1108 6
663 1054 834 1125 μέγας
857 1048 1013 1119 οὗτος
1045 1056 1233 1127 Πατὴρ
1263 1058 1359 1128 τὴν
1398 1058 1518 1111 τότε
1562 1057 1902 1122 πλεονεξίαν·
1945 1058 2039 1110 καὶ

466 1145 687 1218 χείρονα
718 1142 856 1202 εἶναι
886 1149 1282 1214 κατασκευάζει
1324 1151 1592 1220 ἁμαρτίαν
1631 1150 1782 1221 παρά
1814 1151 1911 1221 τὴν
1941 1149 2036 1203 τοῦ

470 1238 665 1311 ’Δχαρ,
703 1240 1009 1311 συγκρίνων
1037 1241 1223 1311 ἄμφω.
1270 1242 1382 1296 Καὶ
1406 1242 1515 1313 γὰρ
1546 1242 1575 1294 6
1612 1242 1808 1313 Ἀχαρ,
1838 1243 2001 1312 φησὶν
2020 1281 2035 1305 ,

463 1328 530 1382 ἐκ
562 1330 841 1402 προνομῆς
876 1330 1065 1385 ἔλαϐεν
1098 1332 1134 1387 ἃ
1160 1332 1427 1402 ὑφείλετο,
1453 1333 1550 1386 καὶ
1575 1328 1716 1388 οὗτοι
1748 1334 1947 1405 ὁμοίως
1972 1334 2037 1388 ὲκ

466 1424 770 1494 προνομῆς·
816 1423 928 1478 ἀλλ’
973 1424 1180 1489 ἐκεῖνος
1232 1425 1330 1497 μὲν
1362 1425 1431 1479 τὰ
1460 1425 1571 1479 τῶν
1604 1426 1881 1497 πολεμίων
1913 1427 2036 1480 ἐλα-

463 1516 577 1578 ϐεν,
603 1512 745 1571 οῦτοι
772 1518 827 1571 δὲ
857 1517 926 1571 τὰ
963 1519 1071 1571 τῶν
1099 1518 1339 1589 ἀδελφῶν
1358 1536 1371 1550 ’
1413 1519 1551 1592 ὅπερ
1583 1520 1764 1592 μεῖζον
1799 1523 1945 1573 ποιεῖ
1975 1520 2036 1574 τὸ

464 1608 650 1661 κακόν.
671 1604 805 1662 Εἶτα
826 1610 1098 1682 ἐπιφέρει,
1124 1610 1200 1675 ὥς
1221 1628 1381 1664 τινων
1407 1610 1669 1679 λεγόντων
1681 1612 1762 1665 ὃτι
1789 1610 2034 1683 Εὗρομεν

459 1696 631 1752 ταῦτα
651 1700 959 1772 ἐρριμμένα
984 1702 1165 1771 τυχὸν,
1190 1702 1262 1773 μή
1283 1718 1425 1765 τινος
1468 1702 1911 1773 ἀντιποιουμένου
1939 1703 2035 1757 αὐ-

457 1788 586 1855 τῶν,
604 1791 699 1845 καὶ
721 1792 842 1845 οὐδὲ
869 1792 1087 1864 ᾔδειμεν
1103 1794 1264 1848 τίνων
1279 1790 1438 1866 ἦσαν,
1472 1796 1567 1848 καὶ
1590 1795 1922 1866 ἀντιτίθησιν
1937 1796 2034 1850 αὑο

2143 598 2359 657 furatus
2377 597 2558 654 fuerat
2582 598 2830 669 protulit,
2856 601 3080 671 ipseque
3107 620 3229 657 cum
3250 620 3417 658 uxore
3431 604 3710 674 etliberis,

2139 690 2370 760 ejusque
2396 690 2827 757 tabernaculum,
2855 702 2909 746 et
2941 694 3188 763 jumenta
3209 693 3479 765 lapidibus
3511 696 3711 754 obruta

2140 790 2289 836 sunt.
2308 780 2448 837 Ecce
2462 782 2644 852 igitur,
2672 783 2867 852 inquit,
2887 799 3029 839 unus
3045 786 3306 853 peccavit,
3324 787 3712 859 perieruntque

2140 872 2195 927 in
2220 873 2362 927 bello
2394 874 2651 929 Israelita:
2690 876 2869 939 multi,
2911 892 2975 929 ac
3023 876 3099 931 illi
3142 894 3351 934 mnnes.
3399 878 3711 947 Ampliticat

2140 979 2306 1034 porro
2322 965 2413 1019 hic
2435 980 2663 1036 magnus
2678 965 2839 1022 Pater
2861 966 3007 1022 illius
3037 968 3298 1038 temporis
3319 968 3627 1035 avaritiam,
3644 987 3710 1027 ac

2139 1065 2432 1126 utrumque
2462 1072 2821 1128 comparans,
2865 1060 3073 1114 crimen
3111 1060 3213 1116 hoc
3253 1061 3496 1131 gravius,
3540 1076 3707 1131 quam

2137 1148 2280 1216 quod
2305 1147 2374 1201 ab
2395 1147 2571 1202 Achar
2599 1148 2899 1203 admissum
2922 1157 3005 1203 est
3037 1149 3395 1204 demonstrat.
3431 1148 3509 1204 Ex
3525 1150 3706 1219 praeda

2138 1238 2430 1307 siquidem,
2460 1239 2659 1308 inquit,
2676 1239 2859 1302 Achar
2882 1254 2947 1295 ea
2969 1240 3189 1295 sustulit
3206 1254 3327 1310 quae
3344 1240 3557 1295 furatus
3585 1251 3669 1296 est
3687 1281 3704 1302 .

2138 1344 2202 1385 ac
2236 1314 2325 1383 isti
2357 1315 2558 1399 pariter
2587 1344 2655 1384 ex
2685 1331 2864 1400 praeda
2894 1348 2910 1384 :
2953 1340 3209 1386 ctcterum
3238 1331 3328 1385 ille
3355 1346 3444 1385 res
3466 1331 3705 1386 hostium

2135 1421 2337 1490 rapuit,
2370 1421 2424 1475 hi
2462 1434 2593 1475 vero
2618 1419 2883 1488 fratrum;
2924 1422 3068 1492 quod
3098 1422 3318 1492 gravius
3358 1422 3562 1476 malum
3599 1422 3685 1478 eﬂ‘.

2135 1508 2229 1563 cit.
2263 1508 2433 1564 infert
2459 1509 2673 1574 deinde,
2709 1509 2909 1581 quippe
2934 1511 3245 1567 dicentibus
3277 1512 3609 1581 quibusdam
3645 1531 3705 1570 sa

2135 1598 2254 1653 haec
2295 1599 2570 1655 invenisse
2620 1599 2885 1669 projects,
2919 1616 3045 1657 cum
3090 1618 3252 1657 nemo
3288 1603 3427 1658 forte
3460 1604 3553 1659 illa
3594 1605 3701 1660 sibi

2132 1698 2422 1755 assereret,
2467 1707 2644 1762 neque
2694 1706 2928 1762 quorum
2958 1702 3142 1749 essent
3182 1695 3433 1762 novisse;
3466 1710 3531 1750 ac
3572 1697 3705 1767 ipsis

2133 1798 2255 1853 quae
2285 1783 2337 1836 in
2371 1784 2789 1840 Deuteronomio
2825 1794 2879 1840 et
2916 1784 3106 1841 Exodo
3149 1785 3422 1840 habentur
3453 1791 3702 1859 opponit,

456 1879 570 1942 τοῖς
580 1878 649 1933 τὰ
661 1878 755 1932 τοῦ
774 1882 935 1934 Δευτε
943 1883 1189 1953 ρονομίου
1203 1884 1294 1937 καὶ
1304 1881 1372 1936 τά
1382 1884 1480 1955 τῆς
1494 1884 1725 1952 Ἐξόδου“
1738 1885 1829 1940 καί
1845 1901 2026 1956 φησιν·

2133 1889 2198 1929 ac
2239 1875 2411 1942 dicit;
2454 1877 2536 1931 eis
2593 1878 2688 1948 qui
2733 1877 3003 1948 ejusmodi
3072 1877 3439 1949 loquebantur
3489 1881 3571 1935 sic
3628 1882 3704 1935 ait

459 1971 598 2043 πρὸς
616 1973 741 2037 τοὺς
763 1973 897 2040 (52⁸)
921 1973 1174 2042 λέγοντας
1188 1975 1257 2029 τὰ
1283 1976 1548 2048 εἰρημένα
1573 1978 1739 2049 φησὶν
1756 1979 1786 2031 6
1815 1977 2027 2051 Πατήρ·

1078 2068 1317 2137 ΜΝΩΝ
1357 2072 1427 2120 Ασ.
1486 2105 1492 2111 .

534 2171 553 2204 ‹
592 2153 800 2225 Μηδεὶς
818 2155 1137 2221 ἐξαπατάτω
1162 2158 1374 2221 ἑαυτὸν,
1407 2159 1544 2230 μήτε
1568 2158 1644 2223 ὡς
1675 2158 1849 2231 εὑρών
1866 2176 1878 2190 ’
1906 2158 2029 2212 οὕτε

462 2263 481 2295 ‹
517 2242 625 2318 γὰρ
648 2246 875 2317 εὑρόντα
903 2247 1203 2321 κερδαίνειν
1235 2250 1432 2317 ἔξεστι.
1466 2252 1603 2322 Φησὶ
1630 2252 1737 2324 γὰρ
1757 2254 1816 2306 τὸ
1840 2256 2031 2307 Δευτε-

461 2352 480 2385 ι
514 2335 781 2406 ρονόμιοψ
805 2338 924 2406 Μὴ,
944 2338 1083 2392 ἰδὼν
1110 2339 1217 2393 τὸν
1222 2342 1463 2410 μόσχον
1491 2340 1597 2395 τοῦ
1623 2341 1887 2411 ἀδελφοῦ
1911 2358 2029 2396 σου

460 2444 479 2475 ι
520 2425 620 2479 καὶ
667 2426 736 2480 τὸ
781 2430 1078 2496 πρόϐατον
1129 2430 1486 2501 πλανώμενα
1521 2432 1590 2486 ἐν
1639 2431 1713 2501 τῇ
1753 2430 1891 2497 ὀδῷ,
1921 2446 2028 2487 πε-

460 2532 481 2567 σ
506 2504 706 2593 ριζδῃς
729 2518 902 2581 αὐτὰ,
921 2521 1276 2592 ἀποστροφῇ
1309 2524 1713 2593 ἀποστρέψεις
1750 2525 1903 2578 αὐτὰ
1948 2523 2029 2591 τῷ

459 2626 480 2660 ι
517 2602 760 2679 ἀδελφῷ
811 2619 952 2668 σου.
1022 2614 1159 2668 Ἐὰν
1222 2614 1291 2667 δὲ
1347 2613 1435 2684 μὴ
1484 2615 1680 2685 ἐγτίζῃ
1704 2617 1735 2669 6
1765 2615 2028 2685 ἀδελφός

461 2719 481 2751 ε
514 2716 631 2755 σου
687 2703 835 2771 πρὸς
901 2702 996 2770 σὲ,
1044 2705 1201 2775 μηδὲ
1251 2705 1575 2761 ἐπίστασαι
1637 2706 1843 2770 αὑτὸν,
1886 2721 2030 2761 συν-

459 2809 480 2844 σ
516 2792 681 2861 ἄξεις
730 2794 902 2860 αὐτὰ,
931 2797 1031 2849 καὶ
1088 2798 1260 2852 ἔσται
1306 2798 1455 2868 μετὰ
1507 2799 1644 2863 σοῦ,
1682 2799 1795 2866 ἓως
1823 2798 1901 2853 ἂν
1929 2800 2030 2853 ἐκ·

460 2900 480 2934 ι
513 2881 742 2954 ζητήσῃ
786 2885 940 2940 αὐτὰ
985 2891 1018 2941 ό
1052 2886 1314 2956 ἀδελφός
1354 2902 1494 2955 σου,
1542 2889 1641 2943 καὶ
1689 2889 2026 2956 ἀποδώσεις

408 3024 413 3029 ,
459 2992 481 3026 ι
515 2976 693 3047 αὐτὰ,
726 2978 838 3031 Καὶ
873 2978 1025 3032 οὕτω
1064 2979 1333 3047 ποιήσεις
1356 2979 1475 3034 τὸν
1503 2981 1649 3034 ὄνον
1673 2966 1860 3037 αὐτοῦ
1879 3022 1893 3046 ,
1925 2982 2023 3037 καὶ

435 3076 480 3119 ἰ
511 3067 662 3122 οὕτω
685 3067 959 3135 ποιήσεις
977 3068 1045 3123 τὸ
1065 3068 1298 3139 Ιμάτιον
1317 3070 1646 3151 αὐτοῦ,καί
1672 3074 1825 3127 οὕτω
1858 3074 2026 3142 ποιή-

2131 1963 2291 2021 Pater
2313 1985 2326 2023 ς

2734 2055 2964 2115 CANON
3002 2056 3093 2113 IV.
3324 2122 3325 2125 η

2206 2172 2226 2206 ‹
2267 2153 2438 2209 Nemo
2485 2152 2725 2223 seipsum
2755 2140 3006 2217 seducat,
3033 2157 3210 2222 neque
3240 2158 3499 2222 tanquam
3543 2150 3701 2209 inve-

2136 2261 2158 2298 ‹
2191 2247 2369 2303 nerit:
2403 2261 2576 2317 neque
2609 2246 2753 2303 enim
2780 2244 2865 2300 fas
2893 2254 2977 2300 cst
3015 2245 3064 2298 ei
3095 2244 3188 2314 qui
3230 2244 3439 2299 invenit
3472 2244 3701 2301 lucrifa-

2133 2354 2156 2389 ‹
2188 2352 2331 2393 εει-ε.
2384 2335 2527 2391 Dixit
2569 2337 2714 2392 enim
2751 2335 3238 2391 Deuteronomium
3284 2355 3300 2390 :
3349 2335 3468 2390 Viso
3511 2337 3699 2406 fratris

2137 2449 2156 2483 ι
2192 2430 2271 2484 tui
2294 2429 2478 2493 vitula,
2496 2437 2546 2483 et
2569 2445 2659 2483 ove
2672 2438 2883 2482 errante
2900 2429 2955 2482 in
2980 2430 3093 2494 via,
3115 2446 3178 2482 ea
3195 2445 3256 2483 ne
3276 2428 3699 2497 despexeris,sed

2136 2541 2155 2575 ι
2187 2539 2248 2577 ea
2275 2522 2604 2576 restitutione
2642 2521 2890 2575 restitues
2919 2521 3078 2591 fratri
3106 2530 3217 2577 tuo.
3245 2520 3343 2578 Sin
3375 2532 3554 2574 autem
3585 2521 3700 2589 [ra-

2134 2633 2154 2667 ι
2195 2612 2272 2669 ter
2297 2626 2416 2671 titus
2440 2616 2508 2669 ad
2536 2626 2583 2670 te
2597 2633 2702 2671 non
2726 2617 3074 2687 approximet,
3095 2630 3257 2686 neque
3275 2615 3446 2683 ipsum
3471 2616 3696 2678 noveris,

2134 2725 2156 2759 ε
2193 2723 2341 2778 coges
2388 2723 2451 2761 ea
2493 2717 2544 2762 et
2572 2711 2712 2777 apud
2752 2719 2799 2762 te
2837 2717 3013 2771 erunt,
3059 2707 3221 2761 donec
3264 2723 3327 2761 ea
3370 2708 3536 2776 frater
3577 2716 3696 2760 tum

2134 2815 2154 2849 ‹
2189 2799 2476 2869 quwsierit,
2502 2809 2551 2853 et
2580 2802 2763 2869 reddes
2790 2815 2852 2854 ea
2868 2815 2889 2863 ;
2915 2808 2967 2852 et
2990 2800 3066 2852 sic
3094 2799 3256 2868 facies
3282 2798 3353 2853 de
3379 2798 3491 2868 ejus
3522 2800 3698 2867 asino,

2134 2910 2154 2943 ι
2185 2901 2236 2945 et
2262 2893 2337 2946 sic
2367 2892 2533 2961 facies
2551 2892 2616 2946 de
2638 2892 2750 2959 eius
2773 2903 2944 2956 reste;
2968 2902 3017 2944 et
3041 2892 3119 2946 sic
3144 2892 3308 2960 facies
3341 2901 3458 2961 post
3491 2907 3698 2946 omnem

2131 3000 2153 3034 ε
2189 2982 2532 3052 perditionem
2575 2982 2786 3052 fratris,
2834 2998 3153 3054 quacunque
3194 2983 3296 3053 ipsi
3328 2984 3611 3053 perierint,
3644 2995 3697 3041 et

2131 3094 2152 3126 ι
2192 3085 2248 3129 tu
2272 3089 2337 3129 ea
2380 3075 2637 3129 inveneris
2658 3077 2722 3131 ι’.
2749 3073 2874 3130 Hac
2894 3069 3397 3131 Deuteronomium.
3418 3077 3477 3130 In
3508 3075 3697 3133 Exodo

457 3178 481 3214 ι
510 3175 641 3227 σεις
686 3161 836 3233 μετὰ
881 3160 1089 3216 πᾶσαν
1118 3164 1226 3232 (55)
1273 3160 1579 3218 ἀπώλειαν
1603 3165 1710 3220 τοῦ
1752 3166 2023 3236 ἀδελφοῦ

2134 3184 2152 3217 ς
2189 3174 2395 3229 autem,
2432 3180 2541 3220 non
2576 3164 2752 3221 solum
2790 3165 2836 3221 si
2865 3164 2991 3235 quis
3024 3181 3113 3220 res
3156 3164 3365 3232 fratris,
3402 3167 3495 3222 sed
3529 3169 3695 3224 etiam

457 3271 478 3306 ε
513 3267 652 3318 σου,
684 3252 803 3308 ὅσα
830 3252 907 3308 ἂν
934 3256 1249 3323 ἀπόληται
1283 3257 1420 3325 παρ’
1460 3256 1669 3322 αὐτοῦ,
1714 3258 1812 3311 καί
1854 3258 2025 3326 εὑρή-

455 3364 478 3399 ι
510 3354 635 3416 σῃς
677 3346 846 3404 αὐτά.
900 3346 1082 3400 Ταῦτα
1126 3348 1189 3400 τὸ
1232 3348 1670 3420 Δευτερονόμιον.
1733 3348 1821 3402 Ἐν
1863 3350 1919 3405 δὲ
1953 3351 2019 3421 τῇ

456 3456 476 3490 ι
529 3438 744 3509 Ἐξόδῳ,
777 3439 839 3491 οὐ
874 3439 1032 3511 μόνον
1079 3439 1173 3493 ἐὰν
1214 3440 1283 3493 τὰ
1327 3440 1421 3494 τοῦ
1464 3434 1694 3511 ἀδελφοῦ
1736 3457 1819 3505 τις
1850 3440 2020 3512 εὕρῃ,

455 3546 474 3580 1
516 3528 652 3584 ἀλλά
678 3529 770 3589 καὶ
803 3528 1023 3601 ἐχθροῦ,
1068 3531 1682 3612 Ἀποστροφῇνφῆσϊρ,
1732 3531 2023 3601 ἀποστιιέ-

372 3690 375 3693 _
455 3637 485 3681 ι,
515 3624 654 3689 mir;
684 3621 837 3676 αὐτὰ
870 3623 957 3689 εἰς
985 3622 1091 3676 τὸν
1125 3623 1294 3677 οἷκον
1329 3623 1436 3678 τοῦ
1468 3625 1676 3693 κυρίου
1699 3623 1915 3679 αὐτῶν.
1958 3625 2020 3677 Εἰ

368 3699 372 3704 ’
455 3731 476 3766 ι
509 3715 567 3774 δὲ
599 3713 658 3768 ὲν
688 3716 877 3788 εἰρήνῃ
909 3699 1287 3787 ῥᾳθυμοῦντες.
1312 3717 1408 3771 καὶ
1438 3717 1751 3793 τρυφῶντος
1789 3718 1883 3782 καὶ
1912 3717 2022 3770 τῶν

454 3826 476 3860 ι
518 3807 661 3863 ἰδίων
691 3807 1019 3880 ἀμελοῦντος
1050 3808 1275 3878 ἀδελφοῦ
1305 3808 1338 3881 ἢ
1373 3809 1590 3885 ἐχθροῦ,
1634 3809 1894 3881 κερδᾶναι
1920 3809 2021 3862 οὐκ

455 3918 476 3951 ε
508 3899 734 3965 ἔξεστιν,
782 3900 933 3970 πόσῳ
967 3900 1168 3971 μᾶλλον
1194 3902 1580 3973 δυστυχοῦντος
1607 3895 1700 3955 καὶ
1728 3899 2021 3972 πολεμίους

457 4007 478 4043 ι
515 3989 827 4060 φεύγοντος,
874 3998 967 4055 καὶ
1010 3992 1152 4046 κατά
1188 3993 1429 4065 ἀνάγκην
1467 3994 1537 4046 τὰ
1587 3994 1693 4046 ἴδια
1728 3993 2019 4063 ἰεγκατσλιι-

458 4099 480 4133 ι
516 4081 784 4158 πόντοςςι

523 4172 723 4229 ΒΑΔΣ.
743 4173 901 4239 Εἰκὸς
925 4168 993 4245 ἦν
1017 4176 1190 4230 εἰπεῖν
1210 4173 1363 4239 τινὰς
1378 4174 1461 4229 ὅτι
1477 4175 1587 4246 Οὐχ
1601 4176 1930 4248 ἡρπάσαμεν
1953 4175 2023 4230 τά

450 4266 559 4322 τῶν
576 4265 1119 4337 αἰχμαλωτισθέντων
1135 4266 1397 4335 ἀδελφῶν,
1415 4266 1528 4320 ἀλλ’
1541 4265 1771 4338 εὕρομεν
1781 4266 1917 4320 αὐτὰ
1932 4266 2021 4338 ep—

453 4360 713 4431 ῥιμμένα,
747 4348 840 4412 καὶ
871 4341 971 4411 οὐκ
995 4357 1213 4428 ⁴ᾔδειμεν
1239 4358 1399 4411 τίνων
1419 4352 1578 4428 ἦσαν,
1609 4359 1704 4410 καί⁸
1732 4357 1818 4412 διὰ
1864 4357 2023 4412 τοῦτο

450 4450 821 4506 ἀκαταιτίατοι
850 4448 1199 4521 νομιζόμεθα.
1231 4448 1374 4519 Πρὸς
1412 4447 1544 4518 γοῦν
1570 4447 1792 4514 τούτους
1821 4449 2022 4503 ἀντιτί-

2131 3274 2150 3308 σ
2188 3257 2394 3313 inimici
2446 3259 2733 3325 invenerit,
2782 3255 3153 3323 Restitutione,
3201 3258 3401 3328 inquit,
3448 3262 3694 3314 restitues

2131 3366 2153 3400 σ
2189 3348 2303 3419 ipsa
2336 3351 2516 3405 domui
2551 3350 2751 3404 domini
2798 3349 3034 3417 ipsorum
3063 3348 3128 3404 “.
3168 3347 3230 3404 Si
3288 3359 3470 3404 autem
3521 3352 3590 3406 ab
3628 3365 3696 3405 eo

2128 3459 2146 3491 ι
2185 3440 2278 3511 qui
2325 3442 2382 3496 in
2417 3455 2552 3512 pace
2580 3451 2636 3498 et
2664 3442 2720 3497 in
2757 3445 2870 3500 etio
2918 3444 3149 3501 delicate
3176 3442 3343 3497 vitam
3378 3443 3684 3515 transfigit,

2128 3550 2147 3584 ι
2182 3547 2283 3588 nec
2308 3532 2376 3589 de
2405 3533 2522 3588 suis
2541 3543 2627 3589 est
2655 3534 2947 3601 sollicitus,
2974 3535 3088 3592 sive
3117 3534 3288 3589 frater
3321 3535 3412 3598 sit,
3445 3535 3561 3590 sive
3585 3534 3692 3593 ini-

2127 3639 2148 3673 ι
2181 3622 2378 3689 micus,
2408 3638 2515 3677 non
2553 3623 2681 3679 licet
2708 3624 2938 3693 lucrari;
2971 3627 3177 3695 quanto
3206 3623 3382 3694 magis
3408 3623 3475 3678 ab
3503 3638 3569 3678 eo
3594 3627 3691 3694 qui

2127 3734 2146 3766 ι
2185 3715 2350 3771 rebus
2377 3715 2619 3772 adversis
2651 3717 2938 3787 premitur,
2982 3726 3037 3772 et
3065 3718 3259 3773 hostes
3283 3716 3441 3789 fugit,
3486 3726 3544 3773 et
3590 3732 3693 3770 ne-

2129 3826 2150 3861 ι
2189 3807 2443 3864 cessitate
2467 3818 2693 3865 coactus
2715 3809 2936 3880 propria
2972 3805 3262 3880 relinquit?
3293 3826 3313 3861 ι

2194 4161 2355 4217 ΒΑιε.
2390 4160 2487 4216 Est
2528 4160 2824 4216 verisimile
2861 4159 3066 4214 dixisse
3095 4157 3309 4228 aliquos
3357 4171 3419 4213 se
3445 4171 3555 4215 non
3600 4171 3690 4209 ra-

2121 4258 2311 4327 puisse
2354 4269 2444 4310 res
2476 4253 2701 4308 fratrum
2751 4266 2976 4309 suorum
3020 4251 3359 4321 captivorum
3395 4267 3411 4305 :
3440 4250 3534 4306 sed
3564 4264 3691 4316 eas,

2123 4349 2459 4419 inquiebant,
2482 4345 2740 4416 disjectas
2765 4345 3093 4410 invenimus,
3121 4359 3224 4400 nec
3270 4341 3580 4400 sciebamus
3594 4357 3693 4398 cu-

2114 4441 2337 4510 jusnam
2368 4448 2544 4502 erant,
2590 4449 2645 4493 et
2686 4445 2970 4507 propterea
3003 4435 3155 4490 nulla
3204 4434 3260 4489 in
3288 4448 3388 4489 nos
3417 4434 3566 4490 cadit
3606 4450 3694 4489 rev

451 4541 608 4614 θησιν
637 4542 667 4596 6
697 4541 849 4610 ἅγιος
876 4542 945 4595 τὰ
964 4520 1059 4595 τοῦ
1088 4542 1507 4613 Δευτερονομίου
1531 4540 1623 4594 καὶ
1645 4541 1713 4594 τὰ
1738 4540 1837 4612 τῆς
1878 4540 2021 4607 Ἐξό-

2130 4526 2436 4598 prehensio.
2469 4527 2745 4581 Adversus
2767 4539 2863 4579 eos
2888 4534 3018 4593 ergo
3042 4524 3267 4593 opponit
3298 4531 3523 4578 sanctus
3552 4520 3697 4576 Den-

449 4636 562 4698 δου,
584 4635 677 4688 καί
719 4650 903 4705 φησιν,
946 4635 1021 4694 ὡς
1063 4633 1164 4690 κᾶν
1203 4634 1507 4705 ὲρῤιμμένα
1533 4636 1625 4688 καὶ
1650 4633 2020 4704 ἀνεπιμέλητα

2130 4618 2494 4678 terenomium
2520 4625 2575 4674 et
2601 4615 2846 4670 Exodum
2875 4632 2889 4669 :
2922 4625 2976 4669 et
2995 4615 3147 4680 dicit,
3181 4614 3327 4684 quod
3353 4613 3573 4669 etiamsi
3596 4614 3699 4668 ali-

454 4726 548 4779 καὶ
576 4728 634 4780 ὲν
665 4724 841 4798 καιρῷ
884 4741 1107 4795 τοιουτῳ
1137 4726 1344 4801 εὑρήσῃ
1373 4744 1457 4789 τις
1490 4726 1807 4797 πράγματα,
1851 4725 2016 4795 ἀγνοῇ

452 4818 510 4871 δὲ
543 4818 636 4872 καὶ
662 4817 753 4873 τὸν
780 4818 1044 4888 δεσπότην
1085 4817 1281 4879 αὐτῶν,
1313 4817 1431 4870 οὐδὲ
1473 4816 1645 4880 οὕτως
1696 4817 2018 4887 ὲκχωρεῖται

403 4967 405 4971 η
449 4907 704 4978 κερδᾶναι
731 4906 889 4961 αὑτά.
932 4890 1207 4977 Χρεωστεί
1247 4907 1353 4978 γὰρ
1380 4905 1609 4976 φυλάξαι
1636 4905 1794 4966 αὐτὰ,
1823 4905 1927 4967 ἓως
1951 4904 2017 4958 ἂν

449 5004 478 5054 ὁ
509 5001 695 5073 κύριος
726 5001 902 5054 αὐτῶν
924 4999 1038 5071 γνῷ
1069 5002 1163 5054 καὶ¹
1192 5001 1400 5073 ζητήσῃ
1431 4999 1590 5054 αὑτά.
1616 4994 1748 5052 Εἶτα
1776 5012 2020 5068 προσεπ-

449 5094 573 5162 άγει
617 5093 718 5151 ὅτι.
754 5091 849 5145 ἐὰν
879 5092 1020 5147 κατὰ
1064 5091 1163 5163 τὴν
1208 5090 1507 5162 Μωσαῖκὴν
1561 5087 1881 5160 νομοθεσίαν
1918 5086 2019 5140 οὐκ

449 5184 626 5250 ἒξεστί
651 5201 757 5239 τινι
785 5183 1043 5238 ἰδιοῦσθαι
1061 5183 1131 5238 τὰ
1159 5182 1366 5255 ἑτέροις
1393 5183 1662 5254 ἀνήκοντα
1695 5180 2017 5252 πράγματα,

448 5277 553 5330 κᾶν
580 5274 725 5346 φίλοι
768 5267 903 5328 ὦσιν
938 5268 1113 5336 οὗτοι,
1144 5272 1248 5326 κᾶν
1280 5270 1485 5343 ἐχθροὶ,
1519 5270 1621 5324 κᾶν
1650 5266 2020 5338 ἀνεπιμέλήτα

447 5361 572 5433 ὦσι,
601 5366 697 5422 καὶ
721 5365 896 5420 ταῦτα
917 5364 976 5418 ὲν
1008 5362 1184 5434 καιρῷ
1210 5363 1458 5434 εἰρήνης,
1487 5359 1622 5414 ἀλλά
1652 5355 2019 5426 ἀναγκάζεται

448 5460 820 5530 ἀποκαθιστᾷν
866 5458 1008 5512 αὒτά
1030 5440 1031 5443 η
1054 5457 1191 5529 πρὸς
1221 5457 1347 5519 τοὺς
1376 5451 1639 5514 δεσπότας
1678 5448 1883 5502 τούτων
1921 5446 2016 5500 καὶ

446 5558 786 5628 τρυφτῐιντας,
812 5553 910 5607 καὶ
937 5551 1071 5623 μηδὲ
1102 5545 1595 5621 ἐπιστρεφομένους
1613 5542 1712 5615 τῆς
1736 5541 1844 5596 τῶν
1872 5539 2016 5594 ἰδίων

532 5698 575 5729 ¹¹
603 5695 759 5751 Deut.
790 5708 925 5758 xm,
962 5693 1015 5757 Ι,
1051 5691 1107 5746 5.
1183 5689 1227 5722 ³³
1258 5686 1431 5744 Exod.
1465 5700 1624 5752 χχιιι,
1649 5682 1702 5739 4.

2124 4712 2252 4783 quis
2281 4708 2538 4779 disjectas
2571 4706 2950 4777 neglectuique
2990 4705 3204 4760 habitas
3232 4720 3298 4759 eo
3324 4712 3566 4774 tempore
3607 4720 3698 4759 res

2122 4804 2412 4873 invenerit,
2445 4803 2689 4872 ipsarum
2723 4808 2903 4853 autem
2932 4798 3214 4854 dominum
3246 4797 3596 4867 ignoraverit,
3627 4813 3696 4850 ne

2122 4897 2204 4952 sic
2235 4894 2457 4966 quidem
2487 4909 2581 4950 eas
2609 4894 2811 4948 lucrari
2837 4891 3189 4961 permittitur.
3234 4887 3404 4944 Debet
3431 4888 3574 4944 enim
3602 4902 3697 4942 eas

2123 5005 2366 5055 servare,
2399 4990 2573 5044 donec
2598 5002 2787 5043 earum
2829 4986 3085 5042 donnninus
3118 4985 3237 5039 illas
3281 4983 3598 5054 cognoverit
3641 4995 3703 5037 et

2121 5083 2419 5154 quaesierit.
2440 5081 2644 5137 Deinde
2670 5079 2851 5143 infert,
2884 5079 3032 5150 quod
3058 5078 3104 5132 si
3139 5077 3253 5146 lege
3287 5073 3524 5129 Mosaica
3560 5073 3691 5127 nulli

2120 5177 2268 5242 licet,
2302 5189 2366 5229 ea
2398 5188 2521 5243 quae
2560 5173 2628 5227 ad
2658 5172 2794 5227 alios
2824 5170 3120 5240 pertinent,
3163 5174 3421 5234 tanquam
3457 5177 3555 5218 sua
3584 5163 3691 5216 sibi

2121 5265 2343 5337 propria
2391 5262 2688 5329 ascribere,
2719 5259 2833 5316 sive
2861 5260 2895 5313 ii
2938 5259 3048 5313 sint
3083 5253 3266 5316 amici,
3310 5252 3426 5308 sive
3456 5251 3687 5313 inimici,

2122 5354 2339 5410 etiamsi
2366 5363 2609 5423 tempore
2640 5351 2793 5422 pacis
2815 5344 3083 5419 neglecwi
3115 5342 3297 5397 habita
3324 5341 3455 5401 sint,
3479 5339 3571 5394 sed
3594 5355 3691 5394 c0-

2123 5446 2270 5518 gitur
2295 5459 2359 5500 ea
2387 5443 2626 5500 dominis
2653 5443 2895 5513 ipsorum
2921 5437 3220 5499 restituere,
3254 5432 3508 5501 quamvis
3530 5430 3691 5485 luxu-

2122 5538 2269 5594 riose
2299 5545 2352 5592 et
2394 5535 2625 5591 delicate
2656 5536 2861 5598 vivant,
2892 5542 2991 5583 nec
3024 5524 3278 5596 proprias
3328 5538 3415 5579 res
3446 5522 3695 5578 invenire

522 5811 659 5881 (52‘)
691 5811 800 5865 Καί
828 5824 1046 5881 φησιν’
1090 5807 1243 5881 πρὸς
1262 5806 1434 5881 τούς..
1474 5803 1635 5881 Fo_rte
1679 5798 1963 5881 legendum
2000 5816 2012 5851 :

2130 5798 2143 5849 ί
2174 5795 2309 5868 πρὸς
2339 5778 2485 5859 τὸἶίς.
2520 5792 2674 5846 Lnt'r.
2694 5789 2797 5843 Pu
2813 5802 2934 5843 μοι..

523 5870 1077 5950 (55)’Μετὰ’πᾶσανρ
1110 5870 1272 5937 LXX,
1310 5874 1449 5929 κατά
1488 5875 1665 5928 πᾶσαν
1700 5870 1997 5925 ἀπώλειαν.

494 5962 501 5973 ’
702 5976 974 6034 Panos-
1013 5973 1127 6031 (in.
1168 5972 1248 6030 Χ·

3303 5947 3385 6008 33
