4090 6378
400 357 538 414 1055
608 374 617 385 ’

1510 355 1567 411 S.
1610 354 1943 413 GREGORII
1981 354 2229 413 THAUM
2239 304 2496 414 ATiJRGi

3508 317 3648 424 1.056

400 483 596 533 curent
625 494 638 531 :
670 483 876 546 quanto
915 474 1089 545 magis
1118 474 1279 531 debet
1312 475 1357 532 is
1385 476 1479 545 qui
1504 474 1609 532 'res
1636 476 1841 533 invenit
1865 474 1969 532 fra-

2072 466 2363 549 εὖρέσεως·
2420 479 2572 550 πόσῳ
2629 480 2827 551 μᾶλλον
2877 481 3083 552 ὀφείλει
3128 483 3158 536 6
3198 480 3376 555 εὑρὼν
3415 481 3646 553 ἀδελφοῦ

400 569 505 625 tris
534 568 761 625 adversa
790 568 1011 623 fortuna
1047 567 1273 634 utentis,
1306 577 1360 621 et
1388 567 1443 622 in
1473 569 1845 641 captivitagem
1887 571 1979 624 ab-

399 664 572 727 ducti,
591 664 671 717 vel
692 663 949 718 barbaros
968 660 1246 732 fugientis,
1274 671 1329 717 et
1354 663 1448 733 qui
1475 662 1527 716 in
1561 673 1710 718 tanta
1746 662 1976 718 necessi-

400 765 512 812 tate
533 772 631 811 sua
652 755 890 824 neglecta
917 754 1261 825 reliquit,eas
1284 763 1394 810 tam
1413 753 1749 811 infortunato
1766 756 1973 811 homini

399 848 722 904 restituere?
748 848 925 916 Atque
952 849 1066 901 haec
1095 847 1312 917 quidem
1341 857 1562 903 sanctus
1588 846 1844 902 describit
1873 864 1887 901 :
1922 855 1975 901 et

397 944 553 995 docet
575 939 828 1009 deinceps
842 941 1116 1008 quomodo
1130 938 1581 1009 puniri-debeant,
1596 948 1650 993 et
1670 937 1762 1008 qui
1779 953 1865 993 res
1880 951 1974 993 eas

400 1038 714 1100 rapuerunt,
738 1042 789 1084 et
825 1028 918 1099 qui
938 1045 1047 1084 non
1082 1039 1397 1100 rapuerunt,
1421 1029 1513 1085 sed
1550 1030 1892 1093 invenerunt,
1919 1036 1973 1083 et

400 1124 496 1195 qui
526 1131 813 1192 postquam
841 1121 1167 1177 invenerunt
1200 1137 1294 1176 eas
1319 1137 1428 1175 non
1455 1121 1829 1175 restituerunt.
1860 1118 1971 1173 Lex

394 1224 580 1270 autem
609 1214 786 1269 civilis
826 1213 940 1267 haec
971 1227 1232 1283 expresse
1256 1213 1388 1268 dicit
1431 1211 1483 1265 iu
1514 1211 1748 1267 themate
1771 1212 1824 1275 5,
1847 1226 1967 1280 cap.

393 1309 483 1374 45,
520 1309 603 1363 tit.
640 1306 729 1373 '12,
761 1306 858 1361 lib.
891 1322 959 1360 ιχ
987 1323 1001 1358 :
1039 1305 1146 1373 Qui
1173 1322 1286 1361 rem
1320 1307 1552 1361 alienam
1584 1305 1848 1373 abjectam
1876 1319 1970 1357 ac-

394 1400 546 1469 cipit,
589 1407 650 1454 ut
689 1412 810 1452 eam
851 1398 1114 1462 lucretur,
1157 1398 1372 1452 etiamsi
1416 1397 1632 1468 ignorat
1661 1396 1820 1466 cujus
1858 1394 1967 1461 sit,

391 1503 476 1548 est
502 1491 633 1547 furti
663 1490 863 1546 actioni
898 1489 1170 1545 obnoxius
1198 1508 1210 1543 :
1243 1490 1349 1544 nisi
1380 1488 1523 1545 forte
1556 1488 1812 1543 dominus
1846 1501 1968 1540 eam

394 1583 468 1637 ita
499 1580 799 1652 reliquerit,
831 1587 890 1633 ut
922 1577 1083 1648 cujus
1114 1579 1319 1637 nullam
1364 1594 1552 1634 curam
1598 1588 1767 1647 gerat.
1815 1574 1970 1630 Tunc

391 1674 541 1729 enim
579 1673 791 1727 etiamsi
817 1680 875 1726 ut
906 1686 969 1724 ea
1009 1673 1196 1724 lurans
1229 1670 1456 1740 ceperit,
1501 1670 1762 1739 quoniam
1798 1668 1970 1738 ipsius

390 1781 514 1821 esse
545 1764 729 1827 desiit,
755 1761 885 1816 furti
913 1777 1018 1814 non
1043 1768 1278 1815 tenetur.
1313 1758 1433 1815 Non
1462 1761 1608 1814 enim
1642 1760 1701 1813 lit
1739 1757 1965 1825 furtum,

392 1857 501 1913 nisi
535 1858 608 1911 sit
636 1855 726 1912 cui
757 1852 962 1909 furtum
1005 1854 1117 1907 ﬁat.
1162 1853 1220 1906 Si
1248 1861 1427 1907 autem
1460 1852 1605 1923 quod
1633 1868 1736 1906 non
1764 1864 1849 1907 est
1871 1867 1971 1923 pro

392 1947 654 2001 derelicto
683 1944 955 2008 habitum,
993 1958 1092 2013 pro
1136 1942 1395 1996 derelicto
1433 1957 1553 1997 esse
1579 1941 1823 1996 babitum
1851 1942 1969 1995 exi-

396 2039 659 2104 stimavit,
706 2052 815 2091 non
863 2047 947 2091 est
983 2035 1103 2102 l‘ur;
1139 2035 1386 2089 siautem
1435 2047 1535 2087 nec
1577 2046 1676 2102 pro
1713 2032 1970 2087 derelicto

395 2128 719 2196 habebatur,
750 2143 852 2184 nec
876 2143 974 2198 pro
994 2126 1251 2181 derelicto
1284 2123 1470 2178 haberi
1502 2123 1852 2185 existimavit,
1874 2137 1967 2178 ac-

396 2222 540 2294 cepit
564 2228 746 2276 autem
803 2227 861 2273 ut
902 2217 1126 2272 domino
1176 2213 1397 2268 invento
1447 2212 1717 2278 redderet,
1758 2211 1971 2265 actione

393 2312 524 2368 furti
572 2326 681 2366 non
728 2317 965 2375 tenetur,
996 2306 1213 2363 etiamsi
1254 2318 1355 2375 pro
1391 2303 1722 2375 inventione
1737 2305 1968 2373 pretium

393 2402 684 2474 acceperit.
705 2373 966 2455 Similiter
984 2407 1037 2452 et
1058 2396 1119 2452 61
1151 2373 1298 2466 cap.,
1318 2395 1351 2449 5
1371 2395 1478 2461 tit.,
1496 2408 1526 2447 ι.
1549 2393 1644 2447 lib.
1669 2373 1749 2448 si'c
1762 2393 1927 2447 habet
1952 2410 1965 2446 :

395 2497 452 2552 Si
492 2496 617 2567 quis
643 2492 887 2549 absentis
915 2506 1029 2546 rem
1062 2500 1343 2545 vacantem
1376 2486 1730 2550 detinuisset,
1757 2500 1866 2538 non
1888 2492 1970 2537 te-

393 2591 626 2646 nebatur
667 2587 797 2643 olim
848 2584 935 2641 vel
990 2583 1279 2639 interdicto
1330 2582 1398 2635 de
1428 2579 1503 2645 vi,
1539 2574 1626 2631 vel
1658 2575 1964 2641 interdicto,

393 2680 553 2751 Quod
575 2680 626 2736 vi
649 2688 744 2734 aut
777 2676 943 2741 ciam,
976 2677 1084 2731 nisi
1116 2673 1396 2744 utiquerei
1426 2668 1805 2731 vindicatione,
1832 2682 1968 2737 qua-

394 2781 554 2824 tenus
580 2768 779 2823 absens
809 2775 926 2820 erat
952 2765 1227 2820 dominus.
1274 2760 1384 2816 Nos
1406 2776 1533 2831 ergo
1558 2759 1812 2813 volumus
1842 2770 1976 2810 eum'

394 2868 453 2913 ut
479 2858 573 2929 qui
598 2858 669 2911 sit
691 2867 1002 2925 possessor,
1028 2852 1266 2924 generali
1292 2852 1359 2905 de
1377 2852 1429 2904 vi
1456 2850 1744 2903 interdicto
1772 2847 1962 2903 teneri.

392 2946 493 3003 Est
518 2947 662 3001 enim
686 2942 976 2998 ridiculum
1003 2943 1184 2997 dicere
1212 2942 1356 3011 quod
1384 2941 1663 3011 proprium
1686 2939 1967 2993 existima-

392 3043 527 3097 bant
571 3040 624 3095 id
667 3038 813 3108 quod
859 3046 944 3092 est
988 3033 1750 3103 alienumzquemadmodum
1798 3039 1854 3085 et
1899 3030 1967 3085 de

395 3131 531 3187 furti
559 3131 613 3184 in
642 3129 867 3200 duplum
910 3128 1123 3182 actione
1165 3126 1425 3188 diximus,
1471 3124 1615 3194 quod
1649 3123 1746 3196 qui
1774 3131 1967 3192 praeter

396 3223 605 3280 domini
635 3221 957 3278 sententiam
979 3234 1045 3275 ac
1062 3219 1396 3274 voluntatem
1421 3225 1741 3294 contrectat.
1761 3214 1965 3268 furtum

397 3317 703 3373 committit.
742 3313 869 3369 Hzec
916 3321 1098 3367 autem
1135 3300 1372 3366 dicimus
1401 3309 1510 3363 nisi
1545 3323 1653 3362 xu
1698 3322 1969 3361 annorum

398 3408 632 3478 spatium
678 3404 1014 3476 praeterierit,
1062 3419 1128 3458 ex
1177 3417 1288 3473 quo
1325 3401 1728 3472 possessionem
1776 3414 1971 3470 appre-

399 3499 606 3553 hendit.
645 3497 786 3552 Nota
829 3511 952 3566 qum
992 3496 1077 3550 hic
1107 3496 1173 3549 de
1207 3495 1547 3564 captivorum
1581 3493 1745 3547 rebus
1771 3491 1971 3561 scripta

399 3586 551 3645 sunt.
579 3588 721 3660 Lege
752 3587 912 3643 etiam
937 3586 1030 3641 lib.
1063 3601 1252 3651 xxxiv,
1283 3585 1369 3639 tit.
1394 3586 1445 3650 1,
1474 3600 1596 3654 cap.
1624 3584 1713 3648 17,
1739 3585 1927 3638 dicens
1953 3598 1969 3637 :

398 3679 668 3750 Receptos
693 3680 761 3733 ab
790 3678 1040 3731 hostibus
1065 3690 1248 3745 agros,
1277 3676 1370 3744 qui
1400 3674 1552 3744 prius
1581 3682 1738 3728 erant
1766 3672 1974 3728 domini

401 3774 671 3842 recipiunt
697 3787 711 3838 ;
740 3785 847 3824 non
882 3767 1166 3825 enimloco
1193 3767 1388 3838 paeda:
1416 3776 1564 3833 sunt,
1595 3780 1772 3836 neque
1798 3764 1975 3836 publi-

400 3871 616 3919 cantur.
649 3861 755 3929 Qui
785 3876 854 3917 ex
888 3860 1138 3915 bostibus
1169 3860 1315 3915 enim
1349 3858 1659 3930 rapiuntur,
1695 3871 1804 3911 non
1837 3854 1977 3910 ﬁunt

398 3953 630 4026 publici.
656 3951 795 4007 Nota
831 3966 961 4023 ergo
990 3951 1136 4023 quod
1158 3952 1325 4006 etiam
1353 3959 1408 4005 et
1429 3948 1732 4004 canonibus
1759 3938 1819 4003 et
1841 3947 1975 4017 legi-

396 4049 523 4114 bus,
553 4060 664 4102 non
699 4044 879 4101 solum
904 4043 999 4116 qui
1030 4046 1368 4115 captivorum
1400 4058 1491 4098 res
1517 4042 1899 4111 depraedantur
1923 4048 1977 4092 ct

394 4126 688 4209 diripiunt,
730 4136 1035 4209 puniuntur
1075 4148 1131 4191 et
1173 4144 1456 4202 tenentur;
1484 4134 1580 4192 sed
1615 4133 1779 4188 etiam
1810 4132 1851 4186 ii
1880 4132 1973 4201 qui

398 4248 516 4288 rem
557 4230 893 4288 immobilem
933 4239 1218 4285 vacantem
1262 4229 1540 4283 invenisse
1572 4242 1631 4283 se
1663 4227 1890 4291 dicunt,
1922 4235 1976 4278 et

398 4341 506 4379 non
549 4325 736 4380 statim
784 4336 900 4378 rem
945 4322 1218 4393 aperiunt,
1249 4328 1303 4376 et
1332 4335 1452 4374 eam
1502 4318 1725 4373 nomine
1766 4314 1976 4399 domini

397 4420 710 4492 possident;
745 4418 1049 4475 secundum
1082 4418 1253 4489 legem
1286 4416 1505 4485 quidem
1544 4411 1974 4469 ecclesiasticam

2076 567 2464 640 δυστυχοῦντος
2497 572 2590 624 καὶ
2621 573 3201 653 αἰχμαλοηισθέντοςῆ
3235 574 3329 627 καὶ
3356 573 3649 643 φεύγοντος

2075 661 2204 723 τοὺς
2252 660 2594 733 βαρϐάρους,
2649 664 2973 735 πράγματα,
3034 666 3129 720 καὶ
3185 666 3328 720 κατᾶ
3381 667 3647 737 τοσαύτην

2075 750 2321 823 ἀνάγκην
2356 752 2672 825 ἀτημέλητα
2712 755 3098 821 καταλιπόντος
3149 758 3217 811 τά
3264 758 3462 824 οἰκεῖα,
3511 758 3637 811 ἁπο-

2072 840 2335 914 καθιστᾷν
2380 843 2518 897 αὐτά
2562 845 2698 916 πρὸς
2745 846 2807 899 τὸ
2858 846 3024 918 μέρος
3078 848 3172 901 τοῦ
3225 848 3367 902 οὓτω
3411 848 3649 918 δυσπρα-

2072 930 2296 1001 γοῦντος
2344 933 2668 1005 ἀνθρώπους
2726 936 2835 989 Καὶ
2878 939 2906 989 6
2957 937 3055 1007 μὲν
3106 937 3261 1005 ἆγιος
3315 938 3486 991 ταῦτα
3531 938 3648 991 ἐθέ-

2076 1037 2264 1074 σπισε·
2311 1022 2406 1074 καὶ
2444 1022 2641 1092 ἐφεξῆς
2694 1023 2933 1077 διδάσκει
2976 1024 3093 1088 πῶς
3124 1025 3428 1094 ὀφείλουσιν
3476 1028 3649 1080 ἐπιτι-

2077 1112 2279 1183 μᾶσθαι
2316 1112 2370 1165 οἵ
2408 1127 2468 1164 τε
2523 1112 2867 1183 ἁρπάσαντες
2918 1113 2987 1166 τὰ
3035 1116 3261 1181 τοιαῦτα
3320 1114 3646 1189 πράγματα,

2074 1202 2167 1256 καὶ
2193 1204 2242 1256 οἱ
2270 1203 2343 1274 μὴ
2378 1201 2735 1274 ἁρπάζοντες,
2777 1205 2912 1258 ἀλλά
2954 1205 3230 1277 εὑρόντες*
3275 1207 3411 1278 πρξ
3449 1208 3506 1260 δὲ
3552 1208 3648 1263 καὶ

2070 1299 2121 1351 oi
2182 1298 2321 1367 μετά
2383 1297 2481 1370 τὴν
2541 1297 2758 1370 εὕρεσιν
2823 1299 2898 1369 μὴ
2952 1298 3428 1363 ἀποκαθιστῶντες
3483 1301 3642 1354 αὐτά.

2084 1390 2142 1442 '0
2180 1389 2237 1441 δὲ
2287 1390 2561 1453 πολιτικὸς
2598 1390 2762 1461 νόμος
2805 1390 2969 1461 φησιν
2998 1392 3058 1442 ἐν
3087 1391 3280 1462 θέματι
3308 1390 3368 1452 ε’,
3414 1389 3509 1445 τοῦ
3557 1393 3647 1460 py’

2071 1480 2391 1549 κεφαλαίου,
2440 1480 2533 1534 τοῦ
2572 1480 2648 1552 ιβ’
2695 1479 2897 1546 τίτλου,
2945 1480 3039 1532 τοῦ
3094 1478 3138 1545 ξ’
3192 1480 3421 1550 βιϐλίου,
3472 1479 3647 1533 ταῦτα

2073 1574 2281 1643 ῥητῶς·
2321 1574 2379 1626 '0
2399 1572 2462 1626 τὸ
2495 1572 2775 1643 ἀλλότριον
2816 1574 3046 1645 πρᾶγμα
3073 1573 3401 1644 ἐρριμμένον
3438 1571 3647 1641 λαμϐά-

2070 1681 2176 1717 νων
2198 1664 2290 1717 ἐπὶ
2303 1664 2379 1735 τῷ
2395 1664 2671 1734 κερδᾶναι,
2695 1663 2798 1717 κᾶν
2822 1664 2987 1735 ἀγνοῇ
3018 1664 3160 1727 τίνος
3176 1664 3342 1725 ἐστὶν,
3362 1665 3646 1717 ὑπόκειται

2069 1759 2137 1827 τῇ
2186 1758 2316 1827 περὶ
2371 1756 2579 1826 κλοπῆς
2621 1758 2833 1826 aqum-
2893 1742 2945 1807 εί
2998 1756 3071 1826 μὴ
3101 1756 3207 1825 ἄρα
3241 1754 3577 1825 ἀπρονόητον
3611 1756 3642 1807 6

2001 1837 2044 1893 Β
2071 1844 2548 1919 δεσπότηςεῖασεν
2595 1846 2758 1900 αὐτό·
2819 1846 2940 1899 τότε
2979 1846 3089 1917 γάρ
3130 1846 3234 1899 κᾶν
3279 1846 3354 1909 ὡς
3400 1845 3666 1899 κλέπτων

2071 1937 2203 1991 αὐτὸ
2221 1920 2431 2002 ἔλαϐεν,
2468 1935 2653 2008 ἐπειδὴ
2703 1937 2977 1990 ἐπαύσατο
2998 1936 3162 1991 αὐτοῦ
3196 1933 3354 1999 εἶναι,
3384 1936 3481 2008 οὐχ
3515 1937 3646 1989 ὑπό-

2071 2046 2269 2082 κειται.
2302 2029 2493 2101 Κλοπὴ
2524 2030 2633 2101 γὰρ
2674 2031 2734 2083 οὐ
2769 2030 2976 2098 γίνεται
3014 2030 3089 2101 μὴ
3121 2029 3271 2093 δντος
3314 2030 3407 2083 τοῦ
3440 2030 3643 2102 κλοπὴν

2072 2120 2575 2206 ὑφισταμένοξθΈί
2616 2120 2673 2173 δὲ
2718 2120 2779 2174 τὸ
2815 2121 2888 2192 μὴ
2929 2122 2988 2175 ’όν
3018 2123 3349 2193 ἀπρονόητον
3397 2122 3644 2192 ἐνόμισεν

2070 2212 2421 2284 ἀπρονόητον,
2471 2213 2581 2273 οὐκ,
2614 2212 2729 2266 ἔστι
2784 2213 3043 2285 κλέπτης⁸
3074 2215 3127 2277 εί
3169 2213 3226 2266 δὲ
3264 2213 3338 2284 μὴ
3360 2209 3429 2284 ἦν
3468 2213 3645 2286 ἀπρο-

2070 2304 2276 2381 νόητον,
2338 2304 2474 2374 μήτε
2519 2304 2787 2373 ἐνόμισεν,
2821 2303 2978 2358 ἔλαϐε
3010 2305 3089 2368 δέ,
3121 2306 3213 2357 ἐπὶ
3235 2305 3312 2375 τῷ
3351 2304 3535 2359 δοῦναι
3562 2305 3644 2377 τῷ

2070 2395 2442 2467 εὑρισκομένῳ
2490 2394 2744 2466 δεσπότῃ,
2779 2397 2878 2467 οὐχ
2933 2397 3215 2450 ὑπόκειται
3254 2400 3323 2469 τῇ
3352 2397 3478 2469 περὶ
3511 2398 3638 2451 κλο-

2070 2490 2175 2557 πῆς
2203 2491 2415 2559 ἀγωγῇ,
2448 2489 2551 2542 κᾶν
2574 2488 2805 2560 εὖρετρα
2832 2488 2990 2560 λάϐῃ.
3024 2488 3298 2552 Ὡσαύτως
3327 2478 3419 2542 καὶ
3464 2484 3525 2538 τὸ
3550 2482 3630 2552 ξα⁹

2069 2596 2194 2651 κεφ.
2220 2580 2314 2634 τοῦ
2358 2587 2407 2648 γ’
2441 2562 2619 2634 τίτλου
2666 2579 2758 2633 τοῦ
2796 2584 2839 2632 ν’
2867 2579 3070 2649 βιϐλίου
3093 2578 3234 2633 οὕτω
3264 2578 3636 2650 διαλαμϐάνει*

2081 2669 2208 2722 Ἐάν
2237 2686 2319 2733 τις
2368 2668 2600 2732 ἀπόντος
2652 2670 2884 2740 πρᾶγμα
2930 2669 3159 2739 κατέσχε
3218 2667 3495 2739 σχολάζον,
3539 2669 3643 2722 οὐκ

2068 2758 2380 2830 ἐνήγετοτὺ
2401 2758 2631 2812 παλαιὸν
2659 2760 2692 2830 ἢ
2723 2758 2801 2831 τῷ
2828 2762 2956 2831 περὶ
2983 2760 3103 2829 βίας
3136 2760 3575 2832 παραγγέλματι,
3603 2762 3637 2833 ἢ

2067 2849 2165 2921 τῷ,
2201 2851 2377 2921 Ὅπερ
2422 2850 2513 2922 βίᾳ
2540 2852 2573 2922 ἢ
2610 2849 2805 2922 λάθρα,
2836 2854 2883 2905 εί
2915 2854 2989 2923 μὴ
3020 2853 3131 2925 ἄρα
3159 2855 3222 2923 τῇ
3250 2851 3320 2905 τά
3353 2852 3460 2907 ῐδια
3497 2853 3642 2906 ἐκδι-

2069 2943 2240 3018 κούσῃ
2258 2945 2472 3015 ἀγωγῇ,
2507 2946 2565 2997 ἐν
2592 2936 2636 3011 ᾧ
2668 2944 2932 3015 δεσπότης
2954 2940 3021 3015 ἦν
3045 2949 3073 2998 6
3097 2937 3269 2996 ἀπών.
3316 2944 3504 3021 Ἦρίς
3524 2940 3641 3010 οὖν,

2067 3036 2143 3101 ὡς
2164 3038 2334 3109 νομέα
2368 3038 2513 3104 ὄντα,
2570 3038 2870 3109 βουλόμεθα
2904 3039 3223 3110 κρατεῖσθαι
3255 3038 3333 3110 τῷ
3367 3041 3495 3112 περὶ
3521 3039 3641 3109 βίας

2069 3130 2269 3201 γενικῷ
2305 3130 2746 3201 παραγγέλματι·
2780 3131 2987 3199 γελοῖον
3025 3130 3134 3202 γ’ἀρ
3178 3133 3295 3184 ἐστι
3347 3132 3411 3185 τὸ
3440 3124 3643 3203 λέγειν,

2069 3221 2151 3274 ὅτι
2184 3221 2431 3292 ἐνόμιζον
2459 3222 2586 3276 ἴδιον
2636 3222 2699 3276 τὸ
2726 3222 3021 3293 ἀλλότριον·
3057 3221 3244 3294 ὥσπερ
3277 3219 3368 3276 οὖν
3399 3224 3492 3277 καὶ
3548 3226 3642 3276 ἐπὶ

2069 3314 2165 3383 τῆς
2193 3314 2317 3385 περὶ
2343 3314 2549 3384 κλοπῆς
2591 3315 2671 3377 είς
2720 3316 2781 3368 τὸ
2818 3314 3096 3367 διπλάσιον
3143 3307 3366 3387 ἀγωγῆς
3394 3316 3641 3386 εἴπομεν,

2070 3406 2202 3458 ὃτιὸ
2249 3407 2398 3477 παρά
2429 3405 2653 3477 γνώμην
2682 3405 2777 3458 τοῦ
2810 3407 3067 3460 δεσπότου
3123 3407 3387 3478 ψηλαφῶν
3438 3407 3647 3480 κλοπὴν

2071 3497 2397 3568 ἁμαρτάνει.
2448 3497 2634 3551 Ταῦτα
2676 3498 2734 3550 δέ
2766 3515 2964 3569 φαμεν,
3000 3498 3094 3552 ὲάν
3126 3501 3199 3570 μὴ
3232 3501 3644 3570 τριακονταετία

2072 3578 2345 3661 παρῆλθεν
2377 3589 2437 3655 ἐξ
2468 3584 2528 3643 οὗ
2561 3590 2659 3661 τῆς
2688 3592 2860 3662 νομῆς
2898 3590 3207 3645 ἐπελάϐετο.
3239 3593 3550 3662 Σημείωσαι
3576 3594 3645 3646 τά

2072 3682 2306 3735 ἐνταῦθα
2361 3683 2721 3754 γεγραμμένα
2778 3684 2905 3755 περὶ
2963 3684 3072 3736 τῶν
3132 3685 3474 3755 πραγμάτων
3533 3684 3642 3738 τῶν

2072 3774 2445 3846 αἰχμαλώτων.
2492 3775 2784 3844 Ὰνάγνωθι
2811 3777 2905 3829 καὶ
2932 3766 3190 3845 βιϐλ.’λδ’,
3239 3794 3343 3829 τιτ.
3389 3783 3459 3841 α’,
3509 3793 3635 3845 κεφ.

2076 3865 2164 3931 ιζ’,
2200 3867 2376 3936 λέγον·
2426 3867 2563 3930 Τοὺς
2597 3867 3000 3938 ἁναληφθέντας
3031 3867 3179 3939 παρά
3230 3868 3335 3921 τῶν
3374 3868 3644 3940 πολεμίων

2073 3959 2276 4030 ἀγροὺς
2306 3960 2356 4012 οἱ
2388 3958 2579 4031 πρώην
2607 3957 3049 4029 ἀναλαμϐάνουσι
3073 3959 3346 4015 δεσπόται·
3371 3962 3431 4014 οὐ
3453 3961 3563 4032 γὰρ
3587 3962 3647 4014 ἐν

2072 4054 2221 4119 τάξει
2254 4053 2484 4125 πραίδας
2511 4052 2650 4105 εἰσιν
2685 4052 2805 4104 οὐδὲ
2847 4051 3092 4122 δημόσιοι
3140 4054 3396 4120 γίνονται.
3428 4054 3504 4107 Οὐ
3537 4053 3646 4126 γὰρ

2070 4146 2179 4198 τῶν
2211 4144 2486 4215 πολεμίων
2511 4142 2932 4213 λαμϐανόμενοι,
2968 4144 3204 4211 γίνονται
3242 4145 3509 4216 δημόσιοι.
3544 4146 3650 4216 Ση-

2076 4239 2306 4309 μείωσαι
2329 4232 2445 4301 οὖν,
2480 4237 2559 4288 ὅτι
2594 4235 2688 4287 καὶ
2716 4236 2825 4288 ἀπὸ
2856 4234 2964 4289 τῶν
2998 4236 3237 4288 κανόνων
3278 4238 3373 4290 καὶ
3401 4237 3509 4290 ἀπὸ
3539 4237 3650 4291 τῶν

2072 4331 2252 4402 νόμων
2276 4330 2338 4383 οὐ
2373 4329 2522 4402 μόνοι
2555 4326 2704 4381 οἱτά
2756 4328 2863 4381 τῶν
2917 4328 3463 4397 αἰχμαλωτισθέντων
3510 4331 3649 4385 ἀπο-

2077 4423 2341 4486 συλῶντες
2386 4422 2419 4493 ἦ
2462 4420 2798 4493 ἁρπάζοντες
2845 4420 3163 4485 κολάζονται
3207 4423 3301 4476 καὶ
3353 4423 3649 4492 ἐνέχονται,

401 4512 482 4567 eis
502 4512 817 4582 poenitentia
835 4510 1147 4580 injungetur
1168 4527 1183 4576 ;
1208 4509 1509 4564 secundum
1532 4506 1745 4561 civilem
1768 4512 1970 4566 autem,

2076 4514 2210 4569 ἀλλά
2243 4515 2337 4567 καὶ
2367 4508 2413 4566 ὄῖ
2447 4513 2656 4584 εὖρεμά
2681 4529 2732 4564 τι
2756 4512 2790 4582 ἢ
2814 4512 3067 4584 ἀκίνητον
3109 4513 3367 4584 σχολάζον
3404 4515 3652 4583 λέγοντες

346 4676 351 4679 Α
405 4605 490 4659 vel
530 4614 588 4659 ut
623 4600 774 4658 fures
806 4603 1131 4672 puniuntur,
1179 4602 1223 4656 si
1253 4617 1341 4657 res
1371 4600 1473 4655 erit
1511 4597 1751 4660 mobilis,
1780 4595 1863 4649 vel
1887 4595 1972 4648 in-

405 4697 637 4753 terdicto
667 4695 735 4750 de
766 4695 842 4759 vi,
888 4694 932 4749 si
982 4696 1085 4750 erit
1137 4693 1454 4749 immobilis.
1497 4691 1727 4758 Quando
1769 4698 1972 4752 autem,

401 4791 549 4862 quod
581 4791 864 4843 inventum
897 4787 1200 4857 neglectum
1232 4796 1337 4851 est,
1366 4786 1513 4856 quod
1542 4801 1571 4839 a
1605 4785 1815 4856 legibus
1846 4800 1977 4856 pro-

402 4880 722 4939 derelictum
770 4889 1141 4950 nuncupatur,
1186 4893 1297 4933 non
1328 4879 1575 4933 similiter
1603 4880 1848 4948 punitur,
1882 4880 1975 4949 qui

405 4976 457 5031 id
485 4974 739 5030 detinuit.
770 4970 877 5027 Sed
913 4974 959 5027 si
994 4972 1065 5025 sit
1093 4971 1310 5041 quidem
1356 4986 1444 5025 res
1491 4971 1729 5036 mobilis,
1762 4972 1977 5042 cogitur

404 5081 524 5120 eam
567 5064 791 5120 domino
822 5063 1131 5127 restituere,
1182 5072 1236 5117 et
1277 5062 1454 5117 solum
1503 5063 1607 5117 nisi
1638 5062 1756 5131 ejus
1799 5063 1977 5119 domi-

403 5159 556 5213 nium
592 5166 878 5212 assecutus
907 5156 997 5221 sit,
1029 5164 1089 5210 ut
1127 5154 1287 5209 bonze
1330 5155 1453 5209 iidei
1493 5169 1799 5223 possessor,
1833 5157 1977 5211 intra

402 5250 730 5317 triennium;
784 5248 831 5305 si
871 5257 1052 5303 autem
1088 5247 1223 5302 illud
1256 5247 1552 5309 immobile,
1583 5249 1726 5317 quod
1758 5264 1855 5319 pro
1885 5248 1980 5303 de-

406 5341 594 5395 relicto
620 5342 901 5396 detentum
952 5348 1055 5409 est,
1108 5340 1215 5393 nisi
1256 5338 1374 5408 ejus
1396 5337 1572 5393 factus
1602 5339 1673 5393 sit
1700 5339 1977 5406 dominus,

407 5431 549 5485 intra
575 5431 919 5485 decennium.
965 5430 1222 5485 Vacantis
1249 5439 1453 5497 autem,
1481 5438 1535 5485 et
1563 5429 1681 5500 ejus
1709 5431 1857 5501 quod
1881 5447 1981 5501 pro

409 5522 668 5578 derelicto
698 5523 946 5588 habetur,
978 5537 1170 5593 magna
1198 5532 1282 5577 est
1305 5522 1628 5579 dill‘erentia.
1654 5522 1810 5590 Quod
1836 5524 1979 5578 enim

412 5624 592 5676 vacat,
655 5617 837 5667 animo
894 5616 1258 5682 possidemus,
1311 5617 1527 5671 etiamsi
1574 5616 1629 5670 id
1663 5615 1983 5670 naturaliter

409 5720 522 5763 non
557 5705 932 5775 possidemus;
967 5708 1111 5774 quod
1139 5717 1321 5761 autem
1353 5726 1451 5779 pro
1478 5709 1757 5772 derelicto,
1782 5723 1881 5762 nec
1905 5709 1984 5763 ci-

410 5799 614 5867 uiliter,
637 5811 738 5853 nec
772 5798 1089 5854 naturaliter
1119 5799 1495 5871 possidemus;
1525 5812 1577 5856 et
1609 5800 1732 5856 ideo
1766 5815 1797 5856 a
1823 5800 1981 5856 bona:

2077 4610 2345 4679 ἐφευρεῖν,
2367 4607 2461 4660 καὶ
2488 4606 2561 4677 μὴ
2586 4605 2785 4659 αὐτίκα
2804 4605 2866 4658 τὸ
2892 4608 3123 4676 πρᾶγμα
3144 4608 3441 4677 κατάδηλον
3468 4607 3651 4662 ποιού-

2080 4716 2250 4770 μενοι,
2279 4698 2373 4752 καὶ
2408 4698 2764 4766 φυλάττοντες
2795 4697 2923 4750 αὐτὸ
2952 4700 3031 4762 εἰς
3058 4698 3228 4768 ὄνομα
3249 4699 3344 4752 τοῦ
3366 4699 3647 4763 δεσπότου,
3700 4679 3725 4695 θ

2076 4791 2217 4845 κατά
2258 4792 2355 4862 μὲν
2398 4791 2491 4843 τὸν
2548 4789 2998 4862 ἐκκλησιαστικὸν
3042 4792 3203 4862 νόμον
3227 4792 3653 4864 ἐπιτιμηθὴσον-

2076 4902 2183 4948 ται,
2212 4883 2351 4937 κατά
2379 4882 2437 4934 δὲ
2464 4882 2556 4934 τὸν
2585 4881 2857 4935 πολιτικὸν
2886 4882 2919 4952 ἢ
2950 4882 3025 4946 ὡς
3075 4881 3306 4936 κλέπται
3337 4884 3649 4955 τιμωρηθή-

2078 4994 2283 5039 σονται,
2315 4974 2410 5028 ὲάν
2434 4976 2548 5025 ἐστι
2578 4974 2639 5026 τὸ
2669 4975 2900 5044 πρᾶγμα
2920 4972 3157 5043 κινητὸν,
3191 4973 3224 5044 ἢ
3257 4974 3334 5044 τῷ
3367 4975 3495 5045 περὶ
3533 4958 3650 5046 βίας

2079 5065 2522 5139 παραγγέλματι,
2570 5064 2664 5118 ἐάν
2695 5066 2843 5117 ἐστιν
2877 5065 3152 5135 ἀκίνητον.
3194 5066 3359 5119 Ὅταν
3397 5066 3454 5119 δὲ
3483 5068 3657 5137 ἀπρο.

2079 5156 2266 5227 νόητόν
2303 5156 2419 5206 ἐστι
2440 5154 2501 5206 τὸ
2525 5152 2767 5224 εὑρεθὲν,
2801 5152 2862 5204 τὸ
2896 5154 3048 5223 παρά
3094 5157 3207 5217 τοῖς
3238 5156 3423 5226 νόμοις
3461 5156 3654 5210 καλού-

2083 5263 2242 5318 μενον
2272 5244 2706 5316 προδερέλικτον,
2722 5244 2783 5296 οὐ
2802 5243 3086 5308 κολάζεται
3108 5248 3423 5317 παρομοίως
3448 5250 3477 5300 ὀ
3497 5245 3657 5299 τοῦτο

2082 5335 2387 5406 κατασχών·
2433 5334 2547 5389 ἀλλ’
2577 5336 2626 5386 εἰ
2664 5336 2761 5404 μὲν
2803 5335 3021 5406 κινητόν
3073 5335 3242 5399 ἐστιν,
3288 5326 3658 5405 ἀναγκάζεται

2081 5430 2212 5483 αὐτὸ
2239 5429 2550 5491 ἀποδοῦναι,
2578 5428 2673 5480 καὶ
2705 5426 2883 5497 μόνον,
2911 5428 2959 5479 εἰ
2985 5428 3058 5499 μὴ
3085 5428 3375 5482 ἐδέσποσεν
3402 5428 3550 5492 αὐτὸ,
3578 5430 3655 5483 ὡς

2081 5523 2220 5593 καλῇ
2245 5521 2425 5575 πίστει
2476 5519 2693 5588 νομεὺς,
2742 5519 2890 5583 ἐντὸς
2911 5520 3172 5591 τριετίας’
3204 5519 3332 5573 εἰδὲ
3381 5520 3657 5591 ἀκίνητον.

2084 5616 2216 5670 αὐτὸ
2244 5617 2420 5669 ἐκεῖνο
2443 5617 2502 5668 τὸ
2534 5612 2865 5683 κατασχεῦὲν
2899 5612 2974 5674 ὡς
3020 5612 3456 5685 προδερέλικτον,
3500 5615 3549 5665 εί
3579 5606 3654 5687 μὴ

2084 5708 2279 5775 γέγονε
2306 5707 2495 5759 τούτου
2523 5706 2808 5775 δεσπότης,
2843 5705 2998 5768 ἐντὸς
3029 5705 3327 5768 δεκαετίας.
3364 5704 3631 5776 Σχολάζον

2083 5818 2176 5864 τος
2198 5799 2253 5853 δὲ
2284 5799 2379 5854 καὶ
2426 5799 2760 5871 ἀπρονοήτου
2778 5797 2997 5869 ,μεγάλη
3029 5797 3279 5871 διαφορά.
3321 5797 3395 5851 Τὸ
3428 5797 3527 5869 μὲν
3550 5796 3655 5873 -εάρ
