4090 6372
436 394 573 449 1057
1458 308 1487 360 ς
1690 392 2025 450 EPISTULA
2057 392 2424 450 CANONICA.
3536 392 3675 448 £038

432 506 689 579 σχολάζον
716 508 859 583 ψυχῇ
886 510 1181 583 νεμόμεθα,
1212 510 1314 564 κᾶν
1349 510 1587 581 φυσικῶς
1614 510 1747 564 αὐτὸ
1777 511 1837 563 οὐ
1872 526 1997 563 κατ-

2108 511 2227 566 fidei
2255 522 2568 580 possessore
2603 507 2721 576 ejus
2749 506 3049 562 dominium
3073 504 3391 577 acquiritur.
3424 502 3551 561 Haec
3576 520 3685 559 au—~

433 600 629 672 ἑχομεν
651 619 664 631 ·
712 602 773 656 τὸ
804 603 860 656 δὲ
887 604 1300 676 προδερέλικτον
1330 604 1454 658 οὐδὲ
1481 604 1726 675 νομίμως
1752 604 1872 656 οὐδὲ
1900 619 1997 671 φυ-

2106 611 2213 658 tem
2256 604 2438 656 locum
2467 617 2574 654 non
2607 600 2806 654 habent
2839 599 2894 653 in
2931 600 3000 654 iis
3028 613 3148 669 quae
3175 599 3241 653 ad
3272 598 3523 668 captivos
3546 613 3671 667 per-

434 692 601 756 σικῶς
626 694 927 765 κατέχομεν
948 711 962 725 ο
1020 696 1114 750 καὶ
1164 695 1252 749 διά
1294 695 1451 750 τοῦτο
1494 686 1812 758 δεσπόζεται
1847 693 1997 765 παρὰ

2105 694 2310 760 tinent;
2347 701 2402 747 et
2438 692 2560 747 ideo
2588 690 2682 761 qui
2725 704 2791 745 ea
2817 689 3107 773 detinent,
3137 697 3192 744 et
3218 705 3327 744 non
3356 689 3670 754 restituunt,

425 783 525 837 τοῦ
551 784 687 856 καλῇ
715 786 893 839 πίστει
940 786 1268 857 νεμηθέντας
1298 787 1450 841 αὑτό.
1499 787 1685 842 Ταῦτα
1731 786 1787 839 δὲ
1816 785 1997 857 χώραν

2107 792 2169 840 ut
2200 784 2453 855 superius
2489 784 2718 848 dictum,
2770 782 2908 837 citra
2938 780 3107 836 ullam
3157 780 3591 884 distinctionem,
3620 790 3675 836 et

429 875 532 929 οὐκ
558 875 769 947 ἔχουσιν
797 877 889 930 ἐπὶ
911 878 1018 931 τῶν
1045 879 1352 963 ἀνηκόντων
1372 881 1482 943 τοῖς
1500 876 1952 950 αἱχμαλωτισθεῖσ
1961 894 1994 927 ι·

2106 884 2379 938 tenentur,
2410 884 2463 928 et
2489 874 2807 943 puniuntur.

407 973 528 1029 ,καὶ
574 972 663 1026 διὰ
713 974 871 1028 τοῦτο
901 977 951 1028 οἱ
1014 977 1337 1048 κατέχοντες
1387 977 1524 1031 αὑτὰ
1578 977 1673 1031 καὶ
1722 976 1795 1047 μὴ
1840 973 2334 1037 ἀποκαθιστῶντες,
2391 974 2466 1037 ὡς
2492 972 2696 1025 ἀνωθεν
2740 970 2971 1043 εἴρηται,
3011 971 3365 1034 ἀδιαστίκτως
3420 971 3513 1026 καὶ
3562 971 3677 1027 ἐνέ-

434 1083 619 1135 χονται
648 1067 743 1121 καὶ
773 1068 1109 1133 κολάζονται.
1738 1144 1741 1147 Α

503 1159 741 1214 ΖΩΝΑΡ.
774 1163 893 1216 ’Ότι
918 1165 991 1236 μὴ
1027 1166 1349 1233 ἐξαπατάτω
1369 1168 1452 1231 τὶς
1476 1167 1687 1231 ἑαυτὸν,
1716 1168 1790 1231 ὠς
1822 1165 1997 1238 εὑρὼν

432 1252 494 1305 τὸ
517 1252 610 1305 τοῦ
645 1252 871 1323 ἀδελφοῦ
907 1259 1135 1329 πρᾶγμα
1178 1259 1506 1330 ἐρριμμένον
1538 1261 1667 1324 ἴσως
1696 1262 1789 1314 καὶ
1813 1261 1999 1314 ἀνεπι-

434 1344 666 1415 μέλητον
696 1349 965 1418 κείμενον.
999 1350 1116 1405 Κᾶν
1167 1351 1276 1422 γάρ
1307 1352 1479 1416 οὑτως
1510 1352 1645 1427 εὕρῃ
1687 1353 1839 1417 αὐτὸ,
1897 1355 1996 1407 οὑκ

410 1434 609 1515 ’ἔξεστι
637 1438 894 1509 κερδῆσαι
926 1441 1057 1494 αὑτὸ
1085 1441 1178 1495 καὶ
1207 1441 1591 1495 οἰκειώσασθαι
1616 1442 1676 1495 τὸ
1698 1442 1992 1514 ἀλλότριον

433 1530 535 1584 κᾶν
575 1530 704 1595 ἴσως
728 1534 894 1604 ἀγνοῇ
938 1534 1031 1587 τὸν
1050 1536 1314 1607 δεσπότην
1341 1537 1434 1589 τοῦ
1460 1535 1801 1607 πράγματος·
1830 1552 1998 1607 χρεω-

434 1625 550 1674 στεῖ
573 1622 681 1694 γάρ
709 1623 891 1678 λαϐεῖν
913 1625 1064 1688 αὐτὸ,
1091 1628 1185 1680 καὶ⁸
1212 1627 1442 1697 φυλάξαι
1478 1627 1582 1692 ἓως
1607 1630 1636 1682 6
1679 1627 1864 1700 κύριος
1901 1628 1999 1679 αὑ-

366 1746 373 1753 ,
431 1713 525 1768 τοῦ
697 1716 789 1770 καὶ
813 1716 1023 1792 ζητήσῃ
1060 1720 1209 1773 αὑτό.
1237 1721 1345 1774 Καὶ
1372 1720 1443 1774 τά
1468 1721 1561 1774 τοῦ
1586 1720 1997 1791 Δευτερονομίου

433 1805 528 1860 καὶ
549 1806 618 1859 τὰ
660 1808 761 1878 τῆς
798 1809 1010 1875 Ἐξόδου
1040 1810 1231 1879 ἐπάγει
1265 1812 1437 1879 λέγων
1466 1812 1566 1876 ὅτι,
1599 1811 1724 1865 Ἐὰν
1749 1814 1803 1864 ὲν
1827 1811 2000 1883 καιρῷ

2176 1162 2374 1219 Zona.
2413 1161 2491 1217 Ne
2519 1162 2786 1233 quispiam
2818 1177 2876 1217 se
2905 1162 3081 1231 ipsum
3108 1161 3354 1224 seducat,
3378 1163 3532 1230 quasi
3558 1176 3672 1214 rem

2104 1255 2292 1311 fratris
2319 1254 2609 1326 projectum
2645 1254 2877 1308 fortasse
2907 1254 3172 1323 planeque
3196 1252 3495 1323 neglectam
3524 1254 3675 1306 inve-

2101 1348 2262 1403 nerit.
2297 1348 2430 1402 l\'am
2450 1346 2557 1400 etsi
2582 1346 2658 1399 ita
2688 1345 2928 1399 inveniat
2960 1345 3154 1414 ipsam,
3185 1344 3386 1399 lucrari
3423 1344 3566 1398 haud
3592 1343 3675 1399 fas

2103 1447 2208 1503 est,
2259 1438 2475 1507 sibique
2520 1450 2633 1491 rem
2684 1436 2919 1491 alienam
2960 1434 3259 1499 vindicare,
3288 1434 3503 1490 etiamsi
3535 1434 3675 1490 forte

2105 1530 2321 1600 ignoret
2361 1528 2679 1594 dominum;
2726 1527 2819 1583 sed
2869 1528 3016 1581 illam
3059 1543 3276 1583 sumere
3318 1536 3556 1598 oportet,
3607 1543 3673 1583 ac

2105 1635 2278 1690 usque
2327 1620 2475 1674 illam
2524 1619 2780 1675 dominus
2825 1620 2970 1673 norit
3015 1634 3079 1672 ac
3119 1619 3391 1689 requirat,
3432 1634 3670 1676 servare.

2104 1711 2244 1766 Tum
2286 1711 2686 1766 Deuteronomii
2722 1726 2787 1765 ac
2817 1710 2988 1766 Exodi
3014 1711 3162 1766 locos
3191 1710 3415 1780 profert,
3450 1712 3522 1767 ita
3557 1713 3673 1769 dis-

2105 1818 2181 1858 set
2195 1817 2294 1857 ens
2326 1822 2341 1856 :
2367 1800 2424 1857 Si
2454 1801 2606 1871 pacis
2636 1811 2878 1871 tempore
2914 1801 3081 1857 frater
3107 1812 3252 1866 tuus,
3292 1812 3387 1858 aut
3418 1804 3674 1860 inimicus

432 1896 655 1967 εἰρήνης
681 1899 710 1951 6
740 1897 966 1967 ἀδελφός
991 1915 1083 1952 σου
1112 1902 1145 1972 ἢ
1190 1904 1219 1954 6
1271 1901 1460 1973 ἐχθρός
1493 1917 1586 1954 σου
1628 1902 1692 1954 ὲκ
1733 1902 1997 1973 ῥᾳθυμίας

2108 1903 2235 1949 tuus
2264 1910 2330 1949 ex
2358 1893 2681 1964 negligentia
2710 1907 2821 1947 rem
2862 1908 3018 1949 suam
3049 1894 3257 1963 perdat,
3278 1895 3421 1949 haud
3446 1894 3529 1950 fas
3566 1903 3669 1957 est,

432 1986 677 2061 ἀπολέσῃ
720 1990 780 2042 τὸ
820 1991 969 2055 ῐδιον,
1001 1992 1101 2046 οὑκ
1126 1984 1310 2056 ἓξεστί
1363 2009 1443 2047 σοι
1473 1993 1687 2065 εὑρόντι
1713 1994 1843 2047 αὐτὸ
1871 1993 1998 2066 κέρ-

431 2079 523 2143 δος
551 2079 679 2138 ἴδιον
726 2082 1075 2152 ποιήσασθαι,
1104 2084 1241 2138 ἀλλά
1286 2084 1635 2139 ὲπανασῶσαι
1687 2085 1764 2156 τῷ
1809 2086 2003 2139 ἀπολέ-

436 2188 589 2227 eam
633 2172 763 2225 αὐτὸ
814 2175 1017 2247 ἀπαιτῇ
1067 2176 1209 2232 κατὰ
1259 2178 1349 2231 τὸν
1397 2178 1559 2248 νόμον
1603 2176 1694 2231 τὸν
1746 2177 1998 2232 παλαιόν’

434 2262 586 2334 πόσῳ
628 2265 845 2335 μᾶλλον,
885 2267 980 2321 ἐὰν
1002 2268 1095 2322 τοῦ
1132 2255 1421 2338 φεύγοντος
1451 2268 1678 2339 ἀδελφοῦ
1719 2286 1811 2323 σου
1840 2270 1873 2341 ἢ
1904 2270 1999 2323 τοῦ

433 2356 959 2439 αίχμαλωτισθέντος
997 2348 1247 2441 ελξρήσεις
1297 2362 1596 2434 πράγματα
1642 2364 1771 2434 παρ’
1827 2363 2002 2416 αὑτῶν

431 2445 949 2518 ὲγκαταλειφθέντα,
983 2453 1087 2522 χρή
1118 2468 1178 2504 σε
1219 2451 1450 2521 φυλάξαι
1482 2452 1620 2506 αὑτά
1646 2453 1741 2506 καὶ
1773 2452 1998 2505 ἀποδοῦ-

432 2550 519 2586 ναι
546 2535 623 2607 τῷ
659 2536 1053 2610 δυσπραγοῦντι
1073 2557 1088 2605 ;

1063 2634 1299 2687 ΚΑΝΩΝ
1333 2634 1407 2687 E'.

508 2736 526 2768 ι
556 2718 734 2772 Ἄλλοι
758 2720 817 2775 δὲ
854 2722 1080 2788 ἑαυτοὺς
1127 2725 1489 2790 ἐξαπατῶσιν,
1535 2727 1653 2781 αντὶ
1698 2728 1805 2781 τῶν
1857 2728 2000 2782 ἰδίων

438 2822 461 2861 ι
495 2809 604 2862 τῶν
628 2811 980 2883 ἀπολομένων
1004 2814 1040 2869 ἀ
1070 2809 1227 2888 εὗρον
1264 2817 1516 2889 ἀλλότρια
1545 2819 1883 2889 κατέχοντες
1919 2820 2003 2873 ἵνα

438 2918 458 2951 ι
503 2901 692 2973 ἐπειδὴ
741 2905 927 2967 αὑτοῖς
964 2900 1189 2977 Βὸράδοι
1222 2909 1316 2962 καὶ
1340 2908 1524 2962 Γότθοι
1551 2910 1619 2965 τὰ
1646 2909 1741 2963 τοῦ
1765 2909 2002 2981 πολέμου

436 3010 456 3043 ι
496 2994 838 3065 εἰργάσαντο,
889 2997 1044 3051 αὑτοὶ
1090 2998 1267 3062 ἄλλοις
1323 3000 1543 3072 Βοράδοι
1574 3001 1669 3055 καὶ
1696 3000 1881 3055 Γότθοι
1914 3002 2002 3069 γί-

346 3136 349 3139 ,
435 3102 455 3134 ι
497 3101 713 3139 νωνται.
752 3087 1172 3161 Ἀπεστείλαμεν
1200 3087 1401 3143 οὖντὸν
1423 3091 1651 3163 ἀδελφὸν
1678 3093 1770 3147 καὶ
1804 3093 2000 3163 συγγέ-

437 3193 456 3228 ι
499 3193 662 3247 ροντα
710 3179 1052 3250 Εὐφρόσυνον
1077 3181 1165 3235 διὰ
1193 3181 1365 3236 ταῦτα
1419 3183 1557 3255 πρὸς
1588 3185 1751 3255 ὑμᾶς,
1792 3186 1878 3240 ἵνα
1905 3204 2003 3241 καο

2104 1985 2149 2040 si
2196 1999 2316 2040 eam
2360 1982 2652 2049 inveneris,
2696 1982 2792 2038 tibi
2838 1983 3113 2052 propriam
3159 1984 3453 2050 vindicare,
3498 1983 3591 2040 sed
3620 1986 3668 2039 ei

2100 2078 2193 2149 qui
2222 2077 2457 2148 perdidit
2488 2077 2692 2132 servari
2724 2077 2944 2147 antiqua
2983 2077 3064 2132 lex
3089 2077 3276 2147 jubet;
3315 2088 3522 2149 quanto
3551 2095 3673 2135 ma-

2102 2170 2186 2238 gis
2216 2170 2261 2224 si
2297 2183 2385 2223 res
2429 2169 2702 2225 inveneris
2745 2168 2930 2224 fratris
2961 2170 3038 2224 tui
3073 2170 3165 2239 qui
3209 2169 3440 2241 aufugit,
3484 2182 3581 2226 aut
3615 2172 3670 2226 in

2104 2261 2422 2316 servitutem
2468 2261 2736 2318 abductus
2779 2272 2882 2325 est,
2915 2264 2984 2318 ab
3014 2264 3133 2333 ipso
3173 2265 3412 2332 relictas,
3453 2280 3672 2321 servare

2106 2350 2226 2407 illas
2254 2366 2318 2407 ac
2349 2351 2661 2409 infortuniis
2687 2368 2877 2423 presso
2902 2356 3127 2410 reddere
3153 2356 3466 2425 Oportebit?

2694 2616 2925 2683 CANON
2966 2628 3029 2681 V.

2184 2733 2200 2763 ι
2240 2713 2346 2768 Alii
2394 2727 2572 2771 autem
2605 2717 2815 2786 seipsos
2850 2718 3136 2786 seducunt,
3170 2734 3270 2790 pro
3292 2722 3526 2791 propriis
3549 2739 3672 2794 qua

2111 2822 2129 2855 ι
2170 2806 2466 2875 perierunt,
2519 2808 2695 2863 aliena
2745 2826 2867 2879 quae
2924 2811 3267 2880 invenerunt,
3318 2813 3666 2873 detinentes:

2111 2913 2130 2946 ι
2172 2904 2232 2951 ut
2260 2898 2516 2968 quoniam
2545 2898 2739 2954 Boradi
2767 2910 2822 2955 et
2859 2900 3024 2956 Gothi
3055 2903 3136 2958 eis
3160 2903 3381 2960 hostilia
3405 2905 3671 2971 fecerunt,

2112 3007 2131 3039 ι
2172 2989 2276 3058 ipsi
2318 2991 2429 3059 sint
2460 2991 2583 3048 aliis
2620 2991 2814 3047 Boradi
2871 3003 2924 3046 et
2977 2993 3159 3049 Gothi.
3204 2994 3496 3066 Pr0pterea
3539 3015 3672 3070 ergo

2113 3100 2131 3132 ι
2171 3079 2392 3137 fratrem
2423 3092 2478 3138 et
2515 3099 2805 3140 consenem
2850 3094 3097 3140 nostrum
3140 3085 3560 3160 Euphrosynum
3603 3093 3671 3146 ad

2114 3190 2133 3224 ι
2171 3187 2270 3229 vos
2305 3174 2577 3241 misimus,
2609 3185 2669 3230 nt
2695 3179 2991 3232 secundum
3030 3176 3257 3233 formam
3291 3196 3413 3250 quae
3446 3180 3537 3238 hic
3564 3193 3670 3247 est,

436 3288 455 3322 ι
494 3271 564 3324 τὰ
593 3270 683 3325 τὸν
720 3271 907 3326 ἐνθάδε
933 3272 1104 3327 τύπον
1156 3276 1250 3329 καὶ
1290 3275 1454 3340 αὐτὸς
1659 3279 1861 3348 ὁμοίως
1907 3282 1997 3333 καὶ

2111 3282 2134 3318 ι
2174 3273 2230 3320 et
2254 3266 2369 3335 ipse
2396 3267 2489 3321 det
2515 3268 2785 3332 similiter.
2815 3277 2870 3323 et
2906 3286 3139 3339 quorum
3173 3274 3549 3331 accusationes
3576 3276 3673 3331 ad-

437 3381 456 3413 ι
494 3354 571 3416 ὧν
598 3361 679 3416 δεῖ
705 3364 804 3426 τάς
844 3346 1175 3438 κατηγορίας
1198 3367 1539 3438 προσίεσθαι,
1563 3346 1657 3423 καὶ
1683 3346 1779 3435 οὓς
1808 3371 1887 3425 δεῖ
1911 3374 2003 3426 ὲκ·-

438 3470 458 3504 ι
491 3453 723 3531 κηρῷξαι
754 3456 864 3510 τῶν
893 3456 1121 3528 εὐχῶν.)

504 3546 700 3603 ΒΑΛΣ.
748 3547 1250 3620 ’Δπολογησάμενος
1282 3549 1328 3601 -ὀ
1354 3549 1506 3619 ἆγιος
1540 3550 1610 3604 τά
1647 3551 1830 3607 εἰκότα
1870 3553 2004 3625 πρὸς

428 3638 556 3702 τοὺς
578 3634 857 3709 λέγοντας,
889 3640 965 3704 ὡς
1009 3640 1317 3714 ἐρριμμένα
1363 3641 1456 3697 καί
1484 3641 1799 3715 ἀτημέλητα
1824 3645 2004 3715 εὑρεῖν

428 3730 497 3784 τά
522 3730 633 3786 τῶν
657 3731 1201 3803 αίχμαλωτισθέντων
1257 3733 1578 3805 πράγματα,
1603 3735 1698 3790 καὶ
1727 3735 1815 3789 διὰ
1846 3736 2002 3791 τοῦτο

433 3821 746 3878 ἰδιώσασθαι
772 3825 927 3879 αὑτά·
982 3826 1107 3905 ἀρτι
1135 3820 1642 3900 ἀπολογεῖταίπρὸς
1683 3831 1809 3892 τοὺς
1852 3830 2000 3883 ἀντι-

431 3915 787 3985 ποιουμένους
814 3915 922 3970 τῶν
950 3916 1318 3987 διαφερόντων
1354 3922 1465 3982 τοῖς
1493 3920 2001 3990 αἰχμαλωτισθεῖσιν

429 4003 550 4060 ἀντὶ
570 4005 681 4059 τῶν
701 4005 1020 4076 φθασάντων
1038 4007 1190 4078 παρά
1207 4007 1317 4060 τῶν
1346 4009 1620 4079 πολεμίων
1639 4011 2003 4082 ἀφαιρεθῆναι

428 4097 773 4168 πραγμάτων
795 4096 994 4151 αὑτῶν.
1043 4098 1184 4166 Φησὶ
1236 4096 1345 4168 γάρ
1384 4098 1459 4161 ὡς
1498 4100 1591 4152 καὶ
1635 4102 1791 4154 τοῦτο
1815 4104 1995 4175 ἀπάτη

428 4188 548 4243 ἐστὶ
569 4188 664 4241 καὶ
722 4187 925 4258 ματαία
968 4187 1263 4260 πρόφασις.
1293 4187 1426 4239 Οὑόὲ
1477 4187 1587 4257 γάρ
1632 4190 1838 4244 δίκαιόν
1881 4192 1998 4248 ἐστι

425 4278 650 4342 τούτους
675 4279 967 4348 γεγονότας
987 4278 1362 4350 παρανάλωμα
1387 4278 1642 4350 πολεμίου
1666 4282 1996 4355 βαρϐαρικοῦ

431 4372 507 4444 μὴ
560 4372 918 4444 καρτερῆσαι,
964 4370 1096 4425 ἀλλὰ
1142 4368 1392 4439 γενέσθαι
1458 4370 1654 4435 αὐτοὺς
1708 4373 1996 4445 πολεμίους

426 4462 537 4515 τῶν
560 4463 839 4532 ἀδελφῶν,
888 4465 981 4517 καὶ
1020 4465 1360 4534 χρηματίσαι
1408 4466 1486 4527 είς
1531 4465 1751 4528 τούτους
1806 4466 1996 4531 ἄλλους

2111 3376 2129 3409 ι
2170 3358 2385 3413 mittere
2414 3368 2679 3429 oporteat,
2710 3370 2765 3415 et
2793 3377 2934 3432 quos
2962 3378 2992 3417 a
3016 3363 3268 3433 precibus
3300 3365 3572 3422 abdicare.
3611 3386 3628 3417 ι

2141 3537 2333 3597 υΒΑιίε.
2365 3540 2662 3613 Postquam
2695 3556 2944 3609 sanctus,
2970 3561 3090 3615 quae
3115 3556 3273 3602 erant
3306 3557 3673 3605 consentanea

2101 3633 2385 3703 respondit
2416 3634 2486 3689 iis
2523 3636 2616 3705 qui
2658 3636 2908 3692 dicebant
2932 3652 2991 3694 se
3026 3647 3084 3693 ut
3113 3637 3373 3709 disjectas
3398 3649 3452 3695 et
3486 3640 3674 3711 negle-

2102 3725 2212 3778 ctui
2241 3725 2461 3782 habitas
2495 3744 2581 3783 res
2614 3730 2951 3799 captivorum
2983 3731 3257 3786 invenisse
3293 3741 3348 3786 et
3387 3741 3670 3803 propterea

2102 3828 2165 3869 ea
2192 3814 2295 3870 sibi
2322 3817 2628 3873 vindicasse
2653 3836 2667 3882 ;
2699 3835 2843 3874 nunc
2874 3819 2940 3874 iis
2970 3821 3277 3890 respondet,
3311 3824 3426 3892 qui,
3454 3840 3577 3894 quae
3603 3827 3672 3881 ad

2103 3905 2345 3975 captivos
2375 3907 2742 3976 pertinebant,
2790 3925 2890 3978 pro
2920 3910 2987 3965 iis
3023 3926 3146 3980 qua:
3177 3912 3279 3966 sibi
3309 3912 3381 3966 ab
3420 3913 3671 3970 hostibus

2100 3996 2253 4065 prius
2279 3997 2456 4054 ablata
2487 3998 2719 4065 fuerant,
2747 4000 3112 4058 vindicabant.
3145 4002 3287 4059 Dicit
3315 4004 3461 4059 enim
3485 4015 3540 4062 et
3566 4007 3673 4063 hoc

2099 4101 2221 4142 esse
2259 4086 2505 4143 fraudem
2551 4098 2606 4144 et
2652 4090 2866 4147 inanem
2915 4102 3260 4162 praetextum.
3302 4094 3489 4166 Neque
3520 4100 3669 4155 enim

2100 4190 2316 4245 aequum
2346 4188 2450 4241 est,
2478 4189 2538 4232 ut
2571 4180 2665 4248 qui
2704 4198 2769 4235 ex
2802 4180 2943 4237 bello
2969 4185 3252 4242 barbarico
3279 4188 3667 4245 detrimentum

2099 4268 2427 4337 acceperint,
2453 4285 2561 4324 non
2585 4273 2876 4328 toleranter
2897 4271 3092 4339 ferant,
3112 4277 3205 4330 sed
3228 4278 3338 4331 sint
3361 4280 3460 4348 ipsi
3481 4280 3668 4339 hostes

2101 4357 2353 4425 fratrum,
2389 4371 2443 4419 et
2479 4362 2571 4417 alii
2609 4362 2660 4417 in
2704 4363 2853 4433 ipsos
2876 4365 3095 4420 barbari
3143 4369 3497 4437 appellentur.
3531 4371 3668 4428 Pro-

2102 4459 2305 4520 pterea,
2341 4454 2538 4523 inquit,
2573 4455 2822 4511 misimus
2873 4457 2940 4512 ad
2970 4472 3069 4513 vos
3098 4458 3318 4516 fratrem
3356 4460 3670 4537 Euphrosy-

428 4553 753 4627 βαρϐάρους.
785 4555 881 4608 Διά
901 4556 1075 4610 ταῦτα
1099 4558 1517 4630 ἀπεστείλαμεν,
1539 4559 1708 4628 λέγει,
1733 4559 1824 4612 τὸν
1843 4559 1994 4612 ἀδελ-

2102 4560 2257 4611 num,
2291 4556 2348 4600 ut
2374 4546 2527 4615 juxta
2564 4545 2792 4602 formam
2824 4549 2912 4603 hic
2944 4550 3217 4617 traditam,
3265 4570 3362 4610 seu
3400 4558 3669 4625 quemad-

428 4646 525 4714 φὺν
550 4648 898 4719 Εὑφρόσυνον
926 4646 1064 4719 πρὸς
1099 4649 1263 4720 ὑμᾶς,
1307 4650 1397 4705 ἵνα
1426 4651 1566 4705 κατά
1621 4650 1712 4704 τὸν
1762 4651 1994 4707 ἐνταῦθα

428 4737 616 4803 τύπον,
653 4739 843 4808 ἤγουν,
895 4739 1080 4803 καθὼς
1133 4742 1296 4811 ἡμεῖς
1353 4741 1587 4796 ἐνταῦθα
1640 4744 1994 4814 ἐποιήσαμεν,

425 4827 536 4901 δώῃ
557 4829 723 4882 τύπον
760 4832 851 4883 καὶ
887 4830 1076 4885 αὐτόθι
1108 4830 1248 4885 ὥστε
1286 4832 1429 4887 οὑτω
1456 4838 1629 4888 ποιεῖν
1661 4836 1823 4905 ὑμᾶς.
1863 4832 1997 4889 Εἶτά

426 4936 592 4990 φησιν
629 4921 704 4984 ὡς
743 4924 771 4975 ὁ
800 4922 963 4987 αὑτὸς
1009 4923 1355 4993 Εὑφρόσυνος
1384 4925 1685 4990 ἀναδιδάξει
1720 4928 1873 4991 τίνας
1896 4928 1995 4981 ,δεῖ

426 5011 820 5082 προσδέχεσθαι
850 5013 1288 5093 κατηγοροῦντας
1331 5017 1474 5070 κατά
1511 5034 1694 5081 τινων,
1724 5020 1817 5071 καὶ
1845 5019 1995 5083 τίνας

427 5102 531 5173 χρὴ
558 5102 956 5173 ἀποκηρύττειν
985 5105 1087 5176 τῆς
1124 5106 1448 5179 Ἐκκλησίας
1470 5110 1564 5162 καὶ
1588 5109 1688 5178 τῆς
1716 5108 1997 5171 κοινωνίας

422 5209 533 5246 των
560 5211 785 5247 πιστων.

492 5285 736 5338 ΖΩΝΑΡ.
765 5284 944 5348 Τινὲς,
989 5287 1175 5358 φησὶν,
1208 5286 1572 5350 ἀπολέσαντες
1616 5290 1788 5341 οἰκεῖα
1826 5288 1998 5359 πράγ-

428 5394 593 5447 ματα,
615 5377 710 5429 καὶ⁵
730 5377 984 5447 εὑρόντες
1014 5376 1290 5449 ἀλλότρια,
1325 5379 1542 5447 λέγουσι
1570 5381 1816 5451 κατέχειν
1832 5378 1995 5441 αὑτὰ,

422 5468 535 5523 ἀνθ’
556 5461 631 5522 ὧν
659 5467 968 5535 ἀπώλεσαν,
992 5469 1368 5535 ἐξαπατῶντες
1392 5471 1638 5535 ἑαυτούς.
1667 5472 1842 5543 Ὅπερ
1863 5472 1991 5544 γὰρ,

424 5561 608 5631 φησιν,
628 5561 874 5631 ἐγένοντο
902 5563 1136 5625 ἐκείνοις
1160 5565 1208 5615 οἱ
1235 5564 1484 5634 πολέμιοι
1519 5562 1806 5635 βάρϐαροι,
1838 5564 1996 5618 τοῦτο

424 5651 662 5721 γίνονται
695 5652 987 5716 αὐτοῖστοῖς
1019 5652 1286 5721 ἀδελφοῖς.
1322 5655 1616 5722 Ἤρπασαν
1647 5656 1696 5708 oi
1730 5654 1994 5727 βάρϐαροι

422 5745 489 5800 τὰ
536 5747 781 5810 ἐκείνων,
834 5748 1077 5801 κάκεῖνοι
1107 5746 1177 5799 τά
1234 5746 1347 5801 τῶν
1396 5746 1660 5817 ἀδελφῶν.
1697 5748 1796 5802 Διά
1820 5748 1994 5802 ταῦτα

422 5818 842 5910 ἀπεοῖείλαμρν,
876 5837 1047 5909 λέγει,
1072 5836 1160 5891 ἵνα
1212 5836 1355 5892 κατά
1401 5838 1491 5894 τὸν
1536 5837 1771 5895 ινταῦθα
1802 5839 1994 5906 τύπον,

2099 4637 2319 4691 modum
2356 4637 2444 4693 hic
2484 4637 2744 4706 fecimus,
2780 4639 2940 4696 isthic
2973 4658 3192 4713 quoque
3221 4645 3312 4700 det
3342 4646 3577 4704 formam
3608 4656 3671 4704 ut

2086 4729 2177 4787 .sic
2206 4745 2303 4784 vos
2332 4727 2566 4785 faciatis.
2599 4729 2795 4786 Deinde
2818 4733 2950 4786 dicit
2978 4752 2990 4787 :
3022 4732 3418 4808 Euphrosynus
3446 4755 3541 4794 vos
3564 4739 3669 4795 do-

2099 4820 2241 4875 cebit
2266 4837 2534 4889 quosnam
2569 4832 2624 4878 et
2651 4824 2913 4880 adversus
2944 4841 3085 4895 quos
3112 4839 3436 4887 accusantes
3467 4832 3667 4887 admit-

2100 4923 2233 4977 tere,
2264 4924 2320 4968 et
2348 4929 2617 4983 qnosnam
2659 4915 2728 4969 ab
2763 4914 3004 4973 Ecclesia
3044 4928 3100 4972 et
3146 4920 3382 4977 fidelium
3416 4936 3667 4980 commu-

2098 5005 2262 5058 nione
2284 5006 2536 5061 abdicare
2566 5018 2834 5078 oporteat.

2169 5279 2374 5335 Zeius.
2416 5280 2694 5349 Nonnulli,
2743 5286 2939 5357 inquit,
2988 5287 3212 5343 amissis
3237 5286 3402 5343 rebus
3427 5289 3565 5356 suis,
3599 5305 3670 5348 ac

2098 5374 2273 5428 aliena
2320 5374 2679 5443 invenientes,
2709 5393 2807 5446 pro
2838 5379 2905 5434 iis
2939 5394 3061 5451 qua?
3101 5380 3403 5435 amiserunt
3432 5397 3496 5437 ea
3525 5382 3669 5437 deti-

2096 5481 2226 5521 nere
2258 5480 2317 5520 se
2342 5476 2615 5532 asserunt,
2676 5471 2887 5538 seipsns
2914 5470 3266 5539 decipientes.
3302 5471 3460 5537 Quod
3492 5474 3667 5541 enim,

2081 5562 2195 5625 ait,
2226 5560 2333 5615 illis
2362 5554 2521 5616 fuere
2559 5561 2745 5615 hostes
2774 5562 3012 5621 barbari.
3040 5561 3142 5616 hoc
3176 5563 3273 5631 ipsi
3314 5564 3452 5619 fiunt
3481 5562 3668 5619 fratri-

2095 5654 2221 5711 bus.
2245 5655 2469 5711 Barbari
2510 5670 2598 5710 res
2629 5654 2844 5716 illorum
2869 5663 3186 5723 rapuerunt,
3213 5669 3277 5710 ac
3306 5653 3383 5711 illi
3410 5654 3662 5711 fratrum.

2096 5747 2408 5819 Propterea.
2444 5746 2639 5818 inquit,
2675 5744 3146 5819 [Euphrosynum]
3170 5747 3237 5801 ad
3267 5763 3363 5803 vos
3395 5748 3671 5810 misimus.

2098 5851 2157 5896 ut
2191 5842 2489 5897 secundum
2538 5838 2776 5894 formam
2817 5837 2907 5894 hic
2944 5838 3288 5895 observatam
3323 5854 3421 5895 vos
3453 5852 3672 5909 quoque
