4090 6386
414 385 437 441 Ι
449 385 550 441 059

1544 381 1600 434 S.
1644 378 1972 436 GREGORII
2015 378 2528 436 TllAUMATURGI

3531 378 3673 435 £040

412 506 525 561 illic
550 502 780 566 faciatis,
813 508 865 556 et
884 513 1115 570 quorum
1144 498 1527 554 accusationes
1552 511 1605 554 et
1626 508 1816 554 contra
1843 514 1982 569 quos

2087 500 2177 551 καὶ
2212 500 2402 551 αὐτόθι
2452 501 2593 552 ὥστε
2627 498 2801 561 οὓτως
2828 499 2973 570 ὑμᾶς
3021 501 3216 563 ποιεῖν,
3273 500 3367 553 καὶ
3411 498 3566 561 τινας
3592 499 3678 554 δεῖ

409 604 657 668 oporteat
680 594 997 659 admittatis,
1023 606 1076 649 et
1101 610 1241 664 quos
1267 593 1419 647 decet
1440 590 1706 647 abdicetis
1726 631 1740 653 .
1766 592 1873 646 hoc
1910 600 1994 645 est

412 690 645 759 ejiciatis
671 688 739 741 ab
768 685 1027 753 Ecclesia,
1057 695 1218 755 atque
1248 698 1278 738 a
1308 683 1556 737 fidelibus
1586 684 1901 752 scgregetis,
1928 699 1993 739 ne

413 793 537 835 cum
569 777 702 847 ipsis
743 792 849 829 una
883 785 1194 847 precentur.
1230 773 1402 828 Porro
1432 788 1797 843 quorumnam
1827 789 1994 828 accu-

412 872 656 926 sationes
681 868 1031 924 admittenda!
1062 868 1193 929 sint,
1220 876 1434 922 sextum
1468 866 1722 935 secundae
1747 881 1992 921 meume-

412 964 547 1019 nica:
592 962 783 1033 synodi
817 970 981 1031 caput
1012 960 1191 1015 docet.
1249 958 1523 1029 Legantur
1565 959 1729 1012 etiam
1761 973 1884 1027 qua:
1916 959 1990 1012 ibi

410 1054 751 1125 scripsimus.

1014 1140 1242 1198 CANON
1300 1140 1388 1194 Vl.

484 1256 504 1289 c
544 1236 620 1291 De
650 1239 717 1291 iis
741 1237 833 1306 qui
852 1236 1100 1306 captivos
1115 1250 1179 1289 ex
1204 1233 1452 1287 barbaris
1474 1230 1746 1301 fugientes
1778 1232 1828 1285 vi
1855 1232 1992 1287 deti-

414 1349 434 1380 ι
477 1339 628 1382 nent.
660 1328 1051 1383 Denuntiatum
1083 1335 1262 1380 autem
1288 1333 1373 1378 est
1403 1324 1563 1379 nobis
1592 1323 1871 1393 quidpiam
1902 1324 1991 1377 in-

411 1439 430 1471 ‹
476 1420 732 1474 credibile
775 1419 829 1473 in
853 1429 1035 1473 vestra
1081 1417 1303 1487 regione
1344 1414 1549 1469 factum
1579 1430 1721 1481 esse,
1765 1416 1991 1470 omnino

411 1530 430 1562 ι
470 1513 539 1566 ab
570 1511 883 1567 inﬁdelibus
912 1520 966 1564 et
995 1509 1198 1578 impiis,
1223 1518 1276 1562 et
1304 1509 1395 1576 qui
1426 1524 1493 1561 ne
1528 1522 1727 1561 nomen
1766 1508 1989 1577 quidem

411 1621 428 1651 ι
473 1599 691 1654 Domini
720 1615 956 1667 novere;
1013 1598 1158 1669 quod
1201 1598 1450 1653 nonnulli
1477 1609 1545 1651 eo
1574 1597 1990 1653 inhumanitatis

411 1712 429 1744 ι
470 1691 920 1762 crudelitatisque
949 1704 1284 1761 processere,
1311 1697 1368 1742 ut
1394 1688 1637 1757 captivos
1658 1688 1872 1757 aliquos
1894 1689 1990 1757 qui

410 1784 429 1837 ι
473 1786 801 1859 ell‘ugerunt,
842 1784 895 1837 vi
952 1784 1241 1838 retineant.
1296 1780 1491 1834 Mittite
1546 1780 1760 1851 aliquos
1806 1782 1862 1835 in
1904 1797 1992 1836 re-

2095 588 2537 659 κατηγοροῦντάς
2574 605 2736 642 τινων
2773 589 3185 660 προσδέχεσθαι,
3245 590 3338 644 καὶ
3363 588 3459 654 οὒς
3505 592 3676 663 ἐκκη-

2098 680 2276 751 ρύξαι.
2311 683 2475 750 ἤγουν
2502 680 2654 743 τίνας
2683 681 2783 749 τῆς
2822 681 3144 751 Ἐκκλησίας
3182 682 3402 747 ἐξῶσαι,
3450 684 3677 738 καὶτῶν

2094 774 2306 827 πιττῶν
2365 774 2619 846 χωρίσαι,
2654 774 2796 827 ὥστε
2829 774 2902 845 μὴ
2939 774 3292 845 συνεύχεσθαι
3347 778 3548 841 αὐτοῖς.
3580 770 3670 831 Τί·

2093 883 2190 929 νας
2223 866 2278 919 δὲ
2319 866 2398 918 δεῖ
2452 866 2896 938 κατηγοροῦντας
2949 868 3363 937 προσδέχεσθαι,
3411 870 3471 922 τὸ
3515 870 3673 924 ἕκτον

2093 958 2383 1026 κεφάλαιον
2429 958 2530 1026 τῆς
2584 958 2843 1027 δευτέρας
2903 940 3290 1027 οἰκουμενικῆς
3342 958 3558 1013 συνόδου
3594 959 3674 1015 δι·-

2091 1050 2298 1104 δάσκει.
2361 1051 2757 1119 Ἀναγνωστέον
2784 1055 2877 1106 καὶ
2906 1055 2975 1108 τὰ
3006 1054 3122 1107 ἐκεῖ
3147 1052 3530 1123 γεγραμμένα.

2691 1144 2930 1198 ΚΑΝΩΝ
2962 1148 3053 1213 ς’.

2168 1254 2185 1285 ι
2220 1235 2354 1306 Περὶ
2375 1234 2482 1288 τῶν
2507 1235 2597 1307 βία
2630 1237 2967 1305 κατεχόντων
3001 1237 3126 1300 τοὺς
3158 1237 3220 1289 ἐκ
3249 1236 3355 1289 τῶν
3381 1232 3675 1308 βαρϐάρων

2098 1347 2115 1377 ι
2158 1326 2554 1398 αἰχμαλώτους.
2606 1327 2951 1400 Ἀπηγγέλοη
2981 1328 3037 1381 δέ
3065 1346 3117 1380 τι
3144 1330 3275 1399 ἡμῖν
3305 1329 3397 1383 καὶ
3443 1328 3674 1383 ἄπιστον

2099 1441 2115 1470 ι
2160 1424 2216 1473 ἐν
2250 1424 2316 1491 τῇ
2364 1420 2516 1492 χώρᾳ
2575 1420 2728 1491 ὑμῶν
2774 1422 3083 1489 γενόμενον,
3146 1419 3361 1484 πάντως
3415 1438 3515 1473 που
3565 1420 3675 1475 ὑπὸ

2100 1532 2115 1562 ι
2162 1513 2403 1564 ἀπίστων
2458 1513 2549 1565 καὶ
2602 1512 2814 1565 ἀσεϐῶν
2844 1513 2937 1566 καὶ
2979 1512 3053 1583 μὴ
3083 1512 3299 1566 εἰδότων
3332 1512 3465 1583 μηδὲ
3499 1514 3673 1585 ὄνομα

2099 1625 2115 1653 ι
2156 1606 2381 1676 Κυρίου,
2418 1607 2498 1658 ὅτι
2558 1607 2664 1678 ἄρα
2694 1608 2773 1669 εἰς
2809 1606 3061 1667 τοσοῦτόν
3102 1623 3246 1670 τινες
3271 1604 3554 1677 ὠμότητος
3578 1606 3674 1661 καὶ

2098 1717 2115 1746 ι
2163 1698 2556 1766 ἀπανθρωπίας
2592 1696 3008 1767 προεχώρησαν,
3037 1696 3176 1749 ὥστε
3207 1697 3359 1760 τινας
3402 1699 3528 1761 τοὺς
3553 1697 3672 1753 δια-

2097 1807 2115 1841 (
2152 1791 2419 1857 φυγόντας
2452 1789 2829 1861 αἰχμαλώτους
2860 1789 2949 1861 βίᾳ
2975 1790 3247 1859 κατέχειν.
3289 1791 3672 1845 Ἀποστείλατέ

408 1895 427 1927 ι
469 1851 711 1945 giorrem,
767 1891 836 1931 ne
890 1873 974 1929 vel
1020 1873 1247 1929 fulmina
1271 1873 1337 1925 -in
1379 1888 1474 1927 eos
1505 1872 1704 1928 cadant
1736 1874 1830 1944 qui
1874 1874 1982 1929 haec

2097 1901 2114 1931 ι
2151 1900 2301 1946 τινας
2328 1884 2407 1945 εἰς
2434 1883 2533 1952 τὴν
2559 1881 2763 1952 χώραν,
2800 1881 2873 1952 μὴ
2906 1882 2999 1934 καὶ
3044 1882 3276 1950 σκηπτοὶ
3310 1881 3551 1935 πέσωσιν
3575 1885 3670 1936 ἐπὶ

411 1987 429 2019 ι
472 1977 662 2039 agunt.
705 1986 725 2019 ι

473 2058 659 2117 Busa
676 2058 897 2127 Accepit
927 2067 1149 2113 sanctus
1172 2058 1315 2127 quod
1346 2057 1568 2126 quidam
1592 2058 1785 2128 captivi
1812 2058 1990 2113 ortho-

403 2152 552 2218 doxi,
580 2161 876 2223 postquam
909 2167 1104 2206 manus
1131 2150 1446 2205 barbaricas
1472 2165 1715 2215 evasere,
1744 2151 1793 2203 vi
1820 2165 1850 2204 a
1873 2150 1991 2219 qni-

403 2246 635 2301 busdam
666 2245 1001 2310 detinentur,
1038 2258 1138 2299 nec
1185 2244 1413 2298 domum
1459 2243 1656 2297 reverti
1702 2241 1982 2296 sinuntur.

400 2336 547 2391 Dicit
586 2350 716 2406 ergo
741 2335 829 2402 iis,
861 2336 926 2390 ad
960 2350 1098 2405 quos
1124 2326 1387 2403 scriptum
1416 2332 1519 2388 hoc
1542 2332 1834 2402 epismlare
1855 2334 1988 2389 mis-

401 2440 524 2483 sum
570 2435 676 2489 est,
714 2426 864 2496 quod
912 2427 1017 2482 hoc
1048 2426 1095 2480 ci
1150 2424 1469 2480 incredibile
1517 2425 1694 2479 visum
1745 2436 1865 2479 cst:
1905 2435 1988 2481 est

403 2521 549 2575 enim
596 2518 897 2573 inlidelium
929 2527 983 2573 et
1012 2518 1304 2586 impiorum
1347 2530 1507 2584 opus.
1541 2515 1635 2570 Sin
1677 2524 1858 2571 autem
1897 2516 1980 2571 fa-

402 2602 551 2665 rtum
575 2619 679 2674 est,
713 2623 823 2664 non
853 2609 1154 2663 remanebit
1175 2608 1525 2677 impunitum.
1556 2608 1621 2661 Et
1643 2610 1763 2662 ideo
1788 2608 1986 2663 debent

403 2706 517 2759 tunc
545 2701 833 2772 diligenter
853 2701 1079 2771 inquiri,
1104 2709 1159 2755 et
1191 2702 1336 2755 mitti
1366 2702 1419 2755 in
1446 2703 1723 2772 regionem
1748 2701 1842 2770 qui
1872 2702 1985 2757 haec

399 2800 837 2863 perscrutentur.
870 2791 1161 2849 Existimat
1184 2792 1351 2858 enim,
1391 2796 1535 2863 quod
1572 2796 1734 2849 etiam
1778 2794 1982 2849 fulmen

399 2899 495 2939 seu
540 2884 684 2955 ignis
733 2885 804 2939 sit
850 2898 1102 2951 casurus,
1146 2894 1202 2939 et
1243 2900 1341 2941 eos
1384 2887 1475 2955 qui
1520 2889 1631 2940 haec
1666 2895 1835 2957 agunt
1858 2902 1985 2943 exn-

398 2989 609 3032 sturus.

468 3066 669 3123 Zona.
710 3065 989 3133 Nonnulli,
1026 3068 1226 3137 inquit,
1283 3079 1343 3123 ut
1376 3069 1699 3133 didicimus,
1742 3073 1983 3142 captivos

396 3175 463 3215 ex
497 3159 747 3215 hostibus
775 3158 1119 3229 ditl‘ugientes
1149 3161 1199 3214 vi
1236 3163 1474 3217 retinent
1520 3179 1533 3216 :
1581 3164 1673 3233 qui
1709 3175 1835 3219 sunt
1864 3180 1984 3220 om-

397 3255 529 3308 nino
571 3252 819 3308 inﬁdeles
865 3261 921 3308 et
973 3252 1149 3321 impii,
1204 3268 1383 3323 neque
1412 3255 1495 3308 vel
1540 3253 1711 3309 Deum
1757 3266 1977 3313 norunt.

395 3344 632 3403 Proinde
656 3356 882 3404 sanctus
911 3345 992 3399 vir
1016 3345 1087 3399 ab
1123 3345 1191 3401 iis
1233 3347 1301 3401 ad
1330 3362 1471 3416 quos
1501 3347 1711 3410 scribit,
1745 3350 1983 3417 postulat

394 3438 539 3492 mitti
573 3440 628 3491 in
650 3437 928 3507 regionem
956 3437 1206 3495 homines
1235 3439 1324 3509 qui
1347 3440 1416 3494 de
1448 3439 1549 3494 hac
1574 3454 1634 3494 re
1669 3439 1978 3510 inquirant;

396 3543 503 3594 ne,
546 3528 759 3597 inquit,
809 3528 949 3598 ignis
996 3528 1157 3583 cadat
1205 3531 1462 3593 cmlitus,
1504 3544 1568 3583 ac
1609 3544 1705 3585 eos
1739 3532 1840 3599 qui
1869 3530 1984 3586 haec

395 3627 565 3689 agunt
589 3618 868 3673 absumat.
912 3616 1027 3676 [loc
1059 3627 1238 3674 autem
1270 3620 1426 3688 dixit,
1456 3619 1719 3675 facinoris
1746 3622 1980 3690 gravita-

397 3719 504 3765 tem
540 3708 811 3765 indicans.

997 3799 1228 3856 CANON
1262 3799 1372 3855 VII.

470 3915 491 3946 σ
533 3894 610 3950 De
644 3896 711 3951 iis
740 3894 836 3966 qui
868 3894 1009 3949 inter
1039 3894 1306 3951 barbaros
1339 3894 1680 3949 annumerati
1716 3902 1879 3961 sunt,
1926 3903 1982 3950 et

398 4007 417 4039 ‹
464 3988 701 4044 absurda
728 3986 976 4058 quaedam
1010 3986 1065 4041 in
1094 4001 1189 4041 eos
1216 3986 1309 4055 qui
1337 3995 1466 4041 sunt
1486 3986 1570 4039 sui
1601 3986 1817 4055 generis
1844 3984 1983 4041 fece-

400 4098 418 4125 ο
466 4085 617 4132 runt.
672 4076 781 4132 Eos
823 4078 1005 4147 itaque
1034 4076 1128 4147 qui
1176 4077 1314 4130 inter
1366 4075 1630 4130 barbaros
1677 4078 1981 4129 enumerati

399 4188 419 4221 ι
462 4178 623 4233 sunt,
653 4177 854 4225 etcum
883 4169 965 4224 eis
993 4169 1048 4223 in
1095 4168 1405 4239 captivitate
1436 4168 1788 4235 invaserunt,
1824 4166 1979 4224 obliti

397 4281 415 4312 ι
463 4276 523 4318 se
566 4275 690 4317 esse
727 4259 980 4318 Ponticos
1024 4269 1080 4315 et
1122 4259 1504 4326 Christianos,
1545 4257 1754 4315 eﬂerati
1796 4268 1978 4314 autem

396 4373 417 4407 ι
448 4354 789 4424 barbarique
814 4354 1031 4418 redditi,
1061 4363 1120 4407 ut
1148 4362 1203 4407 et
1226 4367 1323 4408 eos
1348 4352 1443 4422 qui
1474 4351 1559 4406 sui
1584 4360 1714 4407 sunt
1738 4352 1976 4421 generis,

396 4466 415 4497 ‹
462 4448 547 4501 vel
586 4447 732 4518 ligno
761 4448 843 4501 vel
869 4446 1226 4502 snﬂ‘ocatione
1256 4446 1619 4509 interficiant,
1645 4445 1764 4500 vias
1795 4452 1977 4500 autem

2098 1991 2116 2022 ι
2155 1970 2280 2035 τοὺς
2311 1972 2377 2024 τὰ
2406 1974 2630 2025 τοιαῦτα
2662 1973 3060 2043 πράσσοντας.»

2163 2065 2337 2117 [HAS
2395 2063 2635 2134 Ἕμαθεν
2660 2065 2687 2116 ὁ
2735 2063 2887 2130 ἅγιος
2911 2063 2985 2126 ὣς
3006 2081 3149 2127 τινες
3167 2061 3436 2136 ὀρθόδοξοι
3475 2063 3672 2134 αἰχμά-

2090 2157 2270 2219 λωτοι,
2320 2156 2417 2217 τὰς
2477 2155 2817 2226 βαρϐαρικὰς
2868 2158 3056 2227 χεῖρας
3110 2155 3483 2225 διαφυγόντες,
3519 2155 3673 2209 κατέ-

2090 2265 2273 2320 χονται
2298 2247 2399 2297 ὑπό
2428 2261 2588 2299 τινων
2618 2246 2756 2298 κατά
2782 2246 2926 2315 βίαν,
2974 2248 3069 2301 καὶ
3121 2248 3182 2301 οὐ
3218 2247 3673 2320 παραχωροῦνται

2089 2317 2268 2393 οἶκαδε
2302 2336 2660 2407 ὑποστρέψαι.
2683 2337 2851 2407 Φησὶν
2880 2333 2971 2391 οῦν
3006 2339 3141 2411 πρὸς
3171 2338 3265 2402 οὓς
3295 2340 3576 2410 ἀπεστάλη
3607 2340 3672 2393 τδ

2088 2428 2494 2498 ἐπιστολιμαῖον
2529 2428 2684 2481 τοῦτο
2715 2428 2973 2500 γράμμα,
3002 2429 3076 2493 ὡς
3134 2429 3291 2482 τοῦτο
3319 2430 3411 2483 καὶ
3439 2431 3671 2485 ἄπιστον

2089 2520 2338 2591 ἐλογίσθη
2392 2520 2558 2590 αὐτῷ’
2599 2516 2756 2592 ἔργον
2806 2520 2913 2592 γάρ
2947 2523 3091 2574 ἐστιν
3145 2523 3388 2577 ἀπίστων
3423 2525 3517 2580 καὶ
3543 2524 3672 2578 dae-

2088 2613 2217 2665 ϐῶν.
2251 2613 2313 2665 Εἰ
2342 2613 2398 2665 δὲ
2430 2614 2676 2681 γέγονεν,
2707 2613 3058 2684 ἀνεκδίκητον
3085 2614 3185 2668 οὐκ
3214 2614 3386 2669 ἔσται.
3442 2615 3538 2669 Διὸ
3575 2614 3670 2670 καὶ

2085 2703 2356 2770 ὀφείλουσι
2379 2701 2449 2755 τὰ
2479 2703 2606 2772 περὶ
2662 2703 2849 2755 τούτου
2904 2704 3520 2776 πολυπραγμονηθῆναι,
3575 2707 3668 2760 καὶ

2085 2794 2400 2846 ἀποστεῖλαι
2463 2795 2542 2856 είς
2570 2794 2668 2864 τὴν
2699 2793 2879 2865 χώραν
2939 2796 3033 2848 καὶ
3090 2796 3401 2869 ἐρευνῆσαι.
3435 2798 3669 2870 Νομίζει

2086 2885 2194 2956 γὰρ
2222 2885 2297 2948 ὡς
2330 2884 2424 2937 καὶ
2480 2884 2740 2955 σκηπτὸς,
2794 2885 2962 2955 ἤγουν
3020 2886 3151 2957 πῦρ,
3185 2889 3249 2941 ἐκ
3297 2888 3390 2941 τοῦ
3438 2890 3689 2962 ούρανοῦ’

2084 2975 2268 3039 ἔπεσε,
2294 2977 2387 3028 καὶ
2414 2972 2706 3044 κατέφλεξε
2738 2976 2864 3040 τοὺς
2894 2977 3067 3032 ταῦτα
3092 2980 3457 3050 πράσσοντας.

2155 3066 2395 3118 ΖΩΝΛΡ.
2426 3066 2601 3129 Τινὲς,
2633 3068 2819 3136 φησὶν,
2851 3068 2925 3132 ὡς
2960 3069 3253 3140 ἐμάθομεν,
3288 3070 3669 3141 αἰχμαλώτους

2009 3192 2052 3248 C
2082 3156 2439 3225 διαφυγόντας
2468 3159 2595 3221 τοὺς
2620 3159 2934 3229 πολεμίους,
2969 3161 3060 3232 βίᾳ
3087 3162 3409 3231 κατέχουσιν
3428 3180 3441 3192 ο
3473 3163 3669 3227 οἵτινες

2086 3249 2302 3312 πάντως
2333 3249 2548 3302 ἄπιστοί
2576 3250 2680 3303 εἰσι
2713 3251 2807 3303 καὶ
2841 3252 3078 3316 ἀσεϐεῖς,
3115 3254 3207 3307 καὶ
3236 3254 3357 3308 οὐδὲ
3389 3254 3524 3308 Θεοῦ
3548 3254 3672 3307 ἐπί-

2084 3357 2281 3408 γνωσιν
2307 3342 2537 3411 ἔχουσιν.
2586 3342 2831 3396 Ἀπαιτεῖ
2861 3340 2953 3397 οὖν
2982 3346 3009 3397 ὀ
3039 3345 3189 3412 ἅγιος
3225 3348 3350 3409 τοὺς
3395 3346 3533 3418 πρὸς
3574 3345 3670 3410 οὓς

2084 3433 2317 3505 γράφει,
2363 3434 2679 3488 ἀποστεῖλαι
2728 3438 2807 3499 είς
2853 3436 2947 3506 τὴν
3012 3436 3193 3508 χώραν
3240 3439 3333 3491 καὶ
3374 3438 3671 3509 ἐρευνῆσαι

2083 3526 2212 3597 περὶ
2239 3527 2331 3580 τοῦ
2365 3528 2705 3597 πράγματος,
2737 3529 2822 3583 ῐνα
2857 3528 2931 3600 μὴ
2956 3529 3087 3600 πῦρ,
3120 3529 3306 3600 φησιν,
3344 3530 3405 3595 ἐξ
3434 3531 3666 3602 ούρανοῦ

2081 3619 2225 3687 πέσῃ
2255 3618 2349 3670 καὶ
2370 3619 2681 3693 καταφλέξῃ
2715 3621 2837 3683 τοὺς
2876 3621 3045 3674 ταῦτα
3086 3620 3450 3694 πράσσοντας.
3498 3623 3669 3678 Τοῦτο

2080 3709 2137 3762 δὲ
2171 3706 2312 3772 εἷπε,
2343 3709 2437 3781 τὴν
2466 3711 2694 3766 ἀτοπίαν
2725 3711 2980 3766 δεικνύων
3014 3714 3113 3783 τῆς
3140 3713 3409 3785 πράξεως.

2306 3864 2307 3867 η
2704 3807 2942 3859 ΚΔΝΩΝ
2976 3809 3047 3860 Ζ’.

2162 3914 2179 3946 ι
2220 3896 2354 3966 Περὶ
2384 3897 2491 3948 τῶν
2518 3897 3026 3969 ὲγκαταλεχθέντων
3058 3902 3172 3964 τοῖς
3196 3900 3495 3973 βαρϐάροις
3513 3944 3527 3967 ,
3571 3906 3670 3959 καὶ

2088 4003 2106 4036 ι
2149 3985 2324 4038 ἄτοπα
2347 4003 2467 4040 τινα
2492 3987 2632 4040 κατὰ
2648 3988 2755 4040 τῶν
2771 3988 3058 4058 ὁμοφύλων
3089 3989 3499 4061 τολμησάντων.
3525 3994 3668 4059 Τοὺς

2088 4096 2107 4129 ι
2151 4079 2248 4148 μὲν
2277 4072 2367 4131 οὖν
2402 4077 2900 4149 ἐγκαταλεχοέντας
2927 4083 3039 4143 τοῖς
3088 4079 3383 4153 βαρϐάροις
3418 4084 3512 4137 καὶ
3546 4084 3666 4155 μετ’

2086 4187 2107 4222 ι
2141 4170 2321 4224 αὐτῶν
2351 4173 2408 4223 ἐν
2445 4170 2793 4242 αἰχμαλωσίᾳ
2825 4172 3182 4237 ἐπελθόντας,
3214 4174 3665 4247 ἐπιλαθομένους,

2086 4280 2105 4311 ε
2147 4262 2228 4314 ὅτι
2254 4256 2394 4332 ἦσαν
2427 4259 2677 4314 Ποντικοὶ
2715 4262 2805 4314 καὶ
2837 4262 3177 4333 Χριστιανοὶ,
3210 4263 3669 4336 ἐκϐαρϐαρωθέν-

2086 4373 2104 4405 ‹
2138 4370 2238 4417 τας
2270 4352 2327 4407 δὲ
2352 4353 2427 4415 ὡς
2454 4352 2549 4405 καὶ
2582 4352 2835 4421 φονεύειν
2860 4353 2986 4417 τοὺς
3026 4353 3329 4424 ὁμοφύλους
3370 4354 3403 4426 ἢ
3453 4355 3594 4427 ξύλῳ
3626 4355 3662 4427 ἢ

2086 4464 2105 4495 ‹
2140 4444 2365 4517 ἀγχόνῃ,
2400 4442 2780 4497 ὑποδεικνύναι
2802 4443 2859 4497 δὲ
2893 4444 2925 4514 ἢ
2957 4444 3155 4516 ὁδοὺςῆ
3195 4446 3371 4509 οἰκίας
3406 4446 3665 4515 ἀγνοοῦσι

397 4560 416 4592 ‹
463 4541 547 4594 vel
575 4541 770 4595 domos
794 4540 1160 4596 nescientibus
1182 4539 1429 4593 barbaris
1453 4538 1777 4603 ostendant;
1808 4538 1975 4592 etiam

2087 4552 2105 4586 ι
2144 4536 2255 4597 τοῖς
2297 4534 2621 4604 βαρϐάροις·
2654 4534 2747 4586 καὶ
2778 4534 2874 4603 τῆς
2914 4534 3229 4605 ἀκροάσεως
3266 4536 3522 4607 ἁπεῖρξαι
3559 4537 3663 4608 δεῖ,

397 4653 415 4686 ι
461 4632 531 4686 ab
563 4631 845 4685 auditione
884 4646 1073 4685 arcere
1116 4638 1361 4699 oportet,
1406 4628 1581 4685 donec
1627 4629 1695 4684 de
1732 4629 1797 4693 iis
1840 4642 1973 4685 con-

395 4741 415 4774 ε
462 4721 699 4792 gregalis
725 4721 931 4776 sanctis
959 4720 1161 4789 aliquid
1190 4720 1554 4774 communiter
1584 4719 1759 4774 visum
1784 4717 1969 4783 fuerit,

395 4834 412 4866 ‹
461 4824 513 4868 et
539 4823 665 4867 ante
694 4827 790 4868 eos
821 4821 1012 4867 sancto
1043 4810 1289 4880 Spiritui.
1332 4830 1350 4862 ι

470 4905 631 4960 lius.
673 4902 783 4957 Eos
841 4903 1058 4972 quidem
1110 4902 1203 4973 qui
1246 4911 1532 4972 postquam
1587 4902 1783 4972 captivi
1840 4899 1971 4955 facti
2030 4892 2033 4897 ’

386 5007 551 5062 sunt,
599 4996 848 5065 barbaris
893 5005 1332 5059 consenserunt,
1379 5003 1433 5047 et
1494 5010 1619 5047 cum
1676 4994 1759 5047 eis
1801 4993 1966 5047 veluti

389 5078 607 5144 barbari
640 5087 815 5144 eﬂecti
850 5096 1009 5154 sunt,
1048 5097 1103 5140 et
1143 5086 1226 5141 sui
1253 5086 1467 5155 generis
1505 5084 1850 5139 Christianos
1887 5084 1971 5137 in-

387 5181 755 5245 terfecerunt,
793 5182 877 5235 vel
916 5181 1031 5235 vias
1071 5180 1317 5235 barbaris
1363 5182 1576 5248 ignotas
1607 5186 1663 5232 et
1694 5178 1761 5232 ad
1812 5175 1971 5232 Chri-

385 5273 595 5330 stianos
639 5272 904 5329 ducentes
948 5272 1322 5334 ostenderunt,
1347 5269 1430 5323 vel
1473 5283 1663 5322 eorum
1699 5268 1841 5322 aedes
1870 5265 1971 5320 ho-

384 5366 563 5420 stibus
585 5364 904 5420 manifestas
935 5363 1198 5426 fecerunt,
1231 5377 1297 5419 ne
1319 5360 1385 5415 ad
1415 5361 1722 5417 divinarum
1751 5358 1967 5429 quidem

386 5456 608 5512 laudum
641 5455 974 5513 auditionem
1007 5452 1372 5509 admittendos
1410 5466 1532 5507 esse
1563 5450 1838 5505 decernit:
1873 5450 1967 5503 sed

386 5562 482 5609 eos
509 5550 735 5605 Omnino
779 5559 929 5604 extra
989 5547 1278 5603 ecclesiam
1310 5543 1475 5600 statui
1516 5544 1573 5597 in
1611 5541 1734 5596 loco
1768 5538 1971 5595 deﬂen-

383 5647 521 5697 tium
543 5684 559 5709 ,
615 5651 737 5712 post
765 5643 1168 5699 confessionem
1200 5642 1408 5698 scilicet
1436 5640 1519 5695 vel
1560 5637 1969 5694 condemnatio-

384 5750 551 5802 nem,
601 5735 777 5789 donec
817 5735 990 5789 sancti
1034 5734 1201 5789 simul
1244 5732 1557 5804 congregati
1606 5729 1675 5784 de
1713 5728 1782 5783 iis
1819 5741 1969 5783 com-

384 5828 625 5883 muniter
649 5827 955 5883 statuerint.
992 5823 1223 5881 Sanctos
1257 5833 1436 5881 autem
1466 5824 1754 5894 episcopos
1785 5819 1964 5891 appel-

2079 4644 2095 4673 ο
2141 4624 2332 4694 μέχρις
2358 4623 2423 4677 ἂν
2454 4626 2605 4693 κοινῇ
2624 4623 2753 4693 περὶ
2768 4622 2949 4676 αὐτῶν
2975 4641 3026 4676 τι
3054 4623 3180 4695 δόξῃ
3213 4624 3523 4678 συνελθοῦσι
3548 4629 3664 4690 τοῖς

2079 4735 2096 4765 ι
2133 4715 2330 4783 ἁγίοις,
2366 4715 2459 4768 καὶ
2484 4715 2591 4786 πρὸ
2620 4714 2799 4769 αὐτῶν
2830 4715 2907 4786 τῷ
2931 4716 3069 4787 ἁγίῳ
3102 4716 3399 4788 Πνεύματι.
3431 4736 3461 4796 ρ

2144 4899 2336 4951 ΒΑΛΣ.
2373 4899 2511 4961 Τοὺς
2542 4897 2724 4967 μέντοι
2761 4898 2899 4969 μετά
2924 4899 2984 4951 τὸ
3004 4899 3504 4971 αίχμαλωτισθῆναι
3546 4904 3660 4967 τοῖς

2074 4991 2370 5061 βαρϐάροις
2389 4992 2890 5062 ὁμοφρονήσαντας,
2921 4992 3015 5043 καὶ
3049 4993 3167 5060 μετ’
3188 4991 3366 5045 αὐτῶν
3394 4988 3504 5045 οἷον
3534 4993 3662 5064 βαρ-

2072 5082 2438 5151 ϐαρωοέντας,
2470 5083 2564 5136 καὶ
2594 5084 2720 5145 τοὺς
2755 5081 3058 5151 ὁμοφύλους
3079 5084 3439 5153 Χριστιανοὺς
3467 5084 3662 5153 φονεύ-

2074 5190 2294 5237 σαντας,
2329 5174 2360 5244 ἢ
2416 5174 2569 5237 ὁδοὺς
2610 5173 2976 5243 ἀγνοουμένας
3014 5176 3127 5235 τοῖς
3180 5172 3475 5246 βαρϐάροις
3499 5216 3513 5241 ,
3564 5176 3656 5228 καὶ

2071 5265 2388 5333 ἀπαγούσας
2421 5268 2500 5328 είς
2543 5263 2899 5335 Χριστιανοὺς
2944 5262 3361 5328 ὑποδείξανταυ
3406 5264 3439 5335 ἢ
3480 5265 3659 5329 οἰκίας

2071 5356 2271 5409 τούτων
2300 5357 2630 5427 καταδήλους
2656 5360 2767 5418 τοῖς
2795 5353 3072 5425 πολεμίοις
3117 5357 3447 5425 ποιήσαντας
3466 5395 3479 5418 ,
3518 5355 3659 5425 μηδὲ

2071 5449 2148 5509 εἰς
2182 5449 2441 5519 ἀκρόασιν
2470 5447 2577 5501 τῶν
2594 5447 2753 5500 ϐείων
2781 5445 3096 5515 δοξολογιῶν
3122 5445 3531 5517 παραδεχθῆναι
3549 5447 3655 5500 διο-

2075 5539 2306 5612 ρίζεται·
2343 5540 2477 5593 ἀλλά
2538 5540 2642 5606 ἔξω
2680 5538 2960 5602 παντελῶς
3020 5539 3118 5608 τῆς
3159 5537 3455 5606 ἐκκλησίας
3502 5538 3649 5593 ἵστα·

2073 5629 2197 5684 σΟαι
2242 5633 2440 5695 αὐτοὺς
2487 5633 2544 5683 ἐν
2583 5632 2732 5701 τόπῳ
2771 5630 3207 5703 προσκλαιόντων
3255 5629 3471 5692 πάντως
3516 5628 3654 5699 μετὰ

2071 5726 2168 5795 τὴν
2198 5723 2586 5795 ἐξομολόγησιν
2614 5724 2645 5795 ἢ
2674 5723 2769 5792 τὴν
2797 5723 3117 5792 καταδίκην,
3151 5722 3256 5785 ἕως
3284 5722 3348 5775 ἂν
3368 5723 3653 5791 σκοπήσω-

2075 5834 2155 5870 σιν
2175 5818 2222 5870 οἱ
2258 5818 2399 5885 ἆγιοι
2434 5817 2560 5886 περὶ
2591 5815 2770 5868 αὐτῶν
2815 5818 2967 5886 κοινῇ
3015 5814 3376 5878 συνελθόντες.
3438 5814 3649 5883 Ἀγίους
