4090 6376
430 409 560 463 1041
603 454 606 456 ν

1694 420 2030 474 EPISTULA
2071 421 2436 477 CANONICA.

3561 425 3690 479 lilii

424 527 480 581 δέ
501 529 627 592 τοὺς
657 531 981 595 ἐπισκόπους
1003 534 1172 586 καλεῖ.
1200 535 1270 586 Τὸ
1286 536 1361 593 δέ,
1393 536 1502 603 πρὸ
1531 537 1725 589 αὐτῶν
1749 539 1826 603 τῷ
1855 541 1990 606 ἁγίᾳ

2106 542 2196 594 lat.
2249 543 2382 595 Illud
2434 553 2630 602 autem,
2667 555 2787 595 ante
2845 544 2984 610 ipsos
3032 553 3213 594 sancto
3270 538 3519 609 Spiritui.
3559 544 3691 595 snh-

265 638 276 650 -
422 616 742 685 ΙΙνεύματι,
769 621 1040 690 ἐπήγαγε,
1061 623 1290 685 δεικνὺς,
1312 626 1389 677 ὅτι
1419 628 1515 678 ὅσα
1537 628 1592 679 ἐν
1617 633 1766 699 κοινῇ
1786 629 2002 683 διασκέ-

422 707 512 774 es:
557 712 960 780 οίκονομοῦνται
1011 714 1159 782 παρά
1207 715 1314 768 τῶν
1367 719 1694 783 ἐπισκόπων,
1746 719 1807 772 τὸ
1854 722 2004 789 ἅγιον

423 797 644 870 Πνεῦμα
674 802 991 874 ὑποτίθησιν
1020 808 1178 859 αὑτά.
1210 809 1318 860 Καὶ
1342 812 1370 861 ὁ
1419 811 1514 879 μὲν
1555 812 2004 882 ἐκκλησιαστικὸς

421 891 585 962 νόμος
607 894 750 948 οὕτω
776 897 994 962 τούτους
1041 901 1287 968 κολάζει·
1320 907 1347 956 ὀ
1387 904 1443 956 δέ
1474 905 1747 970 πολιτικὸς
1773 909 1848 978 τῷ
1876 911 2003 982 περὶ

422 981 800 1048 καθοσιώσεως
815 987 980 1058 ἐγκλή
992 1006 1120 1058 ματι
1149 990 1544 1046 καθυποὸἁλλει
1564 997 1688 1059 τοὺς
1708 998 1996 1062 τοιούτους.

417 1073 555 1143 Φησὶ
581 1074 688 1145 γὰρ
719 1077 912 1146 κεφὰλ.
950 1085 998 1131 α’
1031 1080 1122 1132 τοῦ
1177 1081 1264 1146 λς’
1307 1084 1490 1136 τίτλον
1534 1086 1626 1139 τοῦ
1665 1087 1702 1151 ξ’
1752 1089 1993 1158 βιϐλίου·

431 1165 487 1216 Ὀ
518 1165 648 1236 περὶ
675 1166 783 1219 τῶν
829 1170 1128 1224 ἐπιϐούλων
1156 1173 1322 1242 νόμος
1366 1176 1548 1245 ὅμοιός
1594 1180 1706 1232 ἐστι
1749 1181 1824 1249 τῷ
1873 1183 2000 1251 περὶ

422 1256 737 1328 ἱεροσυλίας.
769 1262 876 1314 Καὶ
905 1264 1146 1333 ἐνέχεται
1171 1267 1320 1337 αὑτῴ
1343 1271 1368 1321 ὁ
1398 1270 1538 1323 κατὰ
1565 1271 1656 1324 τοῦ
1692 1273 1998 1342 Ῥωμαῖκοῦ

416 1348 587 1419 δήμου
617 1349 1040 1425 πλημμελήσας,
1065 1359 1156 1410 καὶ
1182 1361 1486 1426 σπουδάσας
1516 1365 1654 1417 κατά
1681 1366 1829 1419 δόλον
1851 1369 1999 1439 παρά

418 1441 664 1495 κὲλευσιν
693 1443 956 1514 βασιλέως
983 1449 1338 1522 ἀναιρεθῆναι
1367 1456 1491 1518 τοὺς
1531 1457 1773 1528 ὁμήρους
1792 1477 1804 1488 ·
1848 1461 1999 1531 ἢ-ἵνα

414 1534 625 1589 ἔνοπλοι
653 1538 928 1610 ἄνθρωποι
958 1543 1016 1594 ἐν
1045 1543 1196 1596 πόλει
1226 1545 1364 1599 κατὰ
1392 1547 1489 1617 τῆς
1537 1549 1810 1614 πολιτείας
1843 1547 1994 1618 ὦσιν,

414 1627 447 1698 ἢ
478 1627 566 1682 ἵνα
597 1629 760 1694 τόπος
790 1631 822 1703 ἢ
861 1633 980 1705 ίερά
1007 1637 1436 1707 καταμσχεθῶσιν,
1478 1641 1510 1711 ἣ
1565 1642 1862 1713 στασιώδης
1902 1646 1997 1714 γέ-

413 1735 570 1790 νηται
605 1720 842 1788 σύνοδος,
872 1725 905 1795 ἢ
939 1725 1026 1778 ἵνα
1059 1727 1287 1799 φονευθῇ
1330 1731 1358 1781 ό
1398 1730 1578 1800 ἄρχων
1600 1749 1613 1760 ⁸
1658 1735 1750 1786 καὶ
1789 1737 1816 1786 ὁ
1863 1737 1996 1806 πρὸς

412 1812 538 1877 τοὺς
571 1813 861 1885 πολεμίους
887 1818 1171 1890 γράμμαῆ
1197 1820 1424 1889 ἄγγελον
1453 1823 1674 1893 πέμψας
1703 1827 1732 1896 ἢ
1772 1831 1995 1898 σημεῖον

412 1903 600 1967 αὐτοῖς
630 1905 898 1971 δεδωκὼς,
923 1909 956 1979 ἢ
987 1909 1160 1975 ἄλλως
1197 1912 1470 1984 βοηθήσας
1499 1890 1700 1980 αὐτοῖς,
1723 1890 1996 1988 μαι-ὑπο-
2031 1890 2066 1941 Β

413 1993 669 2059 νοθεύσας
714 1997 1048 2068 στρατιώτας
1097 2003 1232 2073 πρὸς
1277 2007 1462 2058 στάσιν
1501 2009 1531 2077 ἢ
1597 2008 1824 2081 θόρυϐον
1856 2015 1994 2067 κατὰ

409 2083 510 2152 τῆς
539 2085 830 2150 πολιτείας.
871 2089 981 2141 Καὶ
1009 2091 1202 2158 κεφάλ.
1239 2099 1307 2160 γ’,
1355 2095 1448 2147 τοῦ
1483 2098 1647 2150 αὑτοῦ
1690 2101 1866 2153 τίτλον
1903 2105 1995 2155 καὶ

411 2173 616 2245 βιϐλίου
637 2194 649 2206 ·
693 2177 749 2230 Ὀ
776 2181 902 2243 τοὺς
931 2182 1220 2253 πολεμίους
1243 2187 1512 2256 ἐρεθίσας,
1539 2189 1569 2258 ἢ
1597 2193 1869 2261 παραδοὺς
1895 2196 1994 2247 αὗ·-

407 2269 519 2332 τοῖς
548 2268 808 2340 πολίτην,
855 2275 934 2336 εἰς
977 2276 1216 2346 κεφαλήν
1268 2281 1606 2349 τιμωρεῖται.
1646 2284 1754 2335 Καὶ
1800 2287 1994 2358 egregi;

409 2359 712 2430 διαλέγεται
746 2365 806 2417 τὸ
843 2367 1134 2434 κεφάλαιον
1181 2372 1307 2442 περὶ
1355 2373 1528 2427 ἄλλων
1565 2377 1725 2443 τινῶν
1773 2380 1989 2450 ὁμοίων.

411 2450 521 2503 Καὶ
545 2451 717 2506 ταῦτα
747 2456 844 2526 μέν
876 2458 1003 2528 περὶ
1031 2459 1137 2511 τῶν
1173 2461 1711 2530 αἰχμαλωτισθέντων
1742 2468 1834 2519 καὶ
1862 2471 1992 2538 όμο-

408 2543 771 2613 φωνησάντων
804 2551 914 2612 τοῖς
951 2549 1250 2619 πολεμίοις,
1282 2553 1375 2605 καὶ
1407 2556 1534 2624 περὶ
1567 2557 1674 2608 τῶν
1702 2559 1774 2628 μὴ
1802 2563 1995 2630 αἰχμα-

407 2633 796 2700 λωτισθέντων,
833 2639 982 2709 ὅμως
1019 2642 1197 2710 μέντοι
1228 2646 1337 2705 τοῖς
1372 2645 1646 2716 πολεμίοις
1674 2651 1994 2722 ὁμογνωμο-

407 2727 724 2796 νησὰντων,
769 2731 862 2783 καὶ
913 2734 1295 2803 φρονησάντων
1339 2738 1478 2790 κατά
1527 2739 1625 2807 τῆς
1680 2741 1992 2812 Ῥωμαϊκῆς

407 2818 674 2885 ἐξουσίας.
709 2827 770 2875 Οἱ
811 2824 866 2876 δέ
898 2827 1009 2888 τοῖς
1039 2827 1178 2879 κατά
1219 2827 1411 2898 χέρσον
1455 2830 1547 2882 καὶ
1592 2831 1856 2887 θάλατταν
1901 2837 1993 2908 λῃ-

407 2911 654 2971 στεύουσι
681 2913 1195 2986 συλλῃστεύσαντες,
1237 2919 1515 2986 πλειόνως,
1548 2924 1621 2986 ὡς
1662 2925 1784 2995 ἐμοὶ
1825 2927 1988 2992 δοκεῖ,

407 3000 855 3074 κολασθήσονται·
883 3005 962 3056 ὅτι
995 3007 1088 3057 καὶ
1116 3007 1313 3076 μείζων
1347 3009 1463 3060 ἐστὶ
1501 3011 1704 3063 τούτων
1739 3015 1769 3081 ἡ
1804 3014 1987 3066 κακία.

405 3093 468 3144 ΟΞ
499 3092 597 3163 μὲν
623 3093 732 3164 γὰρ
765 3095 1010 3166 πολέμιοι
1054 3097 1193 3149 κατά
1227 3099 1513 3169 πρόσωπον
1556 3104 1645 3154 καὶ
1673 3108 1850 3174 γυμνῇ
1895 3123 1989 3158 κεη

2103 633 2316 700 junxit,
2363 633 2684 696 ostendens,
2739 632 2883 702 quod
2923 645 3262 701 quacunque
3310 633 3361 684 in
3412 634 3689 686 communi

2106 723 2543 776 consideratione
2572 723 2638 776 ab
2664 722 2932 791 episcopis
2953 722 3337 790 dispensantur
3365 732 3418 776 et
3446 731 3690 778 statuun-

2107 823 2229 877 tur,
2265 813 2503 882 Spiritus
2550 825 2774 869 sanctus
2819 831 2880 868 ea
2929 817 3186 883 suggerit.
3241 814 3304 870 Et
3350 817 3432 868 lex
3466 817 3689 884 quidem

2105 908 2476 963 ecclesiastica
2522 910 2667 977 ipsos
2712 910 2790 963 sic
2838 913 3010 976 punit.
3057 908 3166 963 Lex
3214 924 3344 961 vero
3385 909 3559 962 civilis
3595 924 3688 963 eos

2106 1003 2408 1070 maiestatis
2447 1003 2663 1056 crimini
2697 1003 2934 1071 subjicit.
2973 1002 3113 1054 Dicit
3142 1003 3286 1054 cnim
3327 1003 3559 1070 primum
3594 1018 3688 1054 ca-

2105 1105 2220 1164 put,
2265 1095 2331 1150 56
2363 1097 2467 1159 tit.,
2503 1112 2571 1148 ιι(
2605 1095 2698 1149 lib.
2739 1115 2750 1148 τ
2789 1094 2898 1149 Lex
2927 1094 3227 1162 majestatis
3251 1093 3446 1146 similis
3477 1104 3557 1146 est
3586 1095 3690 1165 legi

2103 1187 2169 1240 de
2196 1187 2501 1256 sacrilegio.
2532 1185 2599 1239 Et
2635 1195 2849 1240 tenetur
2875 1202 2958 1251 ea,
2984 1187 3076 1254 qui
3109 1186 3373 1240 adversus
3426 1187 3687 1255 populum

2103 1275 2411 1330 Romanum
2457 1276 2773 1340 commisit,
2836 1286 2888 1330 et
2927 1277 3021 1344 qui
3088 1276 3214 1330 dolo
3277 1275 3424 1329 malo
3480 1277 3690 1331 curavit

2102 1367 2312 1437 injussu
2352 1367 2611 1437 principis
2663 1367 2879 1421 obsides
2925 1367 3197 1431 interimi;
3255 1367 3335 1420 vel
3390 1376 3448 1420 ut
3493 1370 3716 1423 armati.

2102 1460 2352 1514 homines
2383 1460 2435 1512 in
2469 1460 2602 1513 urbe
2631 1461 2739 1513 sint
2763 1460 3025 1514 adversus
3060 1457 3450 1527 rempublicam
3471 1500 3485 1521 ,
3518 1459 3601 1512 vel
3630 1469 3690 1514 ut

2100 1551 2219 1607 loca
2255 1561 2348 1604 aut
2374 1552 2566 1621 templa
2601 1560 2955 1620 occupentur,
2991 1551 3072 1603 vel
3108 1551 3400 1604 seditiosus
3434 1550 3525 1602 liat
3557 1567 3688 1604 con-

2101 1655 2314 1708 ventus,
2352 1645 2433 1697 vel
2477 1653 2534 1697 ut
2575 1644 2855 1698 occidatur
2887 1645 3238 1713 magistratus
3261 1685 3274 1707 ,
3307 1653 3360 1697 et
3392 1645 3456 1697 ad
3503 1643 3689 1698 hostes

2102 1739 2349 1790 nuntium
2375 1738 2458 1792 vel
2487 1739 2693 1791 litteras
2718 1737 2886 1799 misit,
2917 1737 2998 1789 vel
3029 1738 3181 1805 signa
3212 1737 3292 1790 eis
3316 1737 3480 1799 dedit,
3513 1737 3688 1790 aliove

2103 1829 2265 1889 modo
2298 1829 2376 1882 eis
2407 1829 2529 1881 tulit
2554 1829 2816 1881 auxilium
2841 1870 2854 1893 ,
2891 1838 2943 1882 et
2972 1829 3065 1898 qui
3098 1828 3409 1882 sollicitavit
3440 1829 3523 1882 vel
3556 1845 3688 1881 con—

2098 1921 2285 1974 citavit
2339 1921 2538 1974 milites
2588 1922 2653 1973 ad
2699 1921 3024 1975 seditionem
3076 1922 3160 1975 vel
3228 1923 3440 1975 turbam
3492 1929 3685 1976 contra

2101 2013 2508 2081 rempublicam.
2567 2013 2628 2065 Et
2673 2030 2790 2082 cap.
2841 2015 2874 2067 5
2917 2014 3160 2083 ejusdem
3194 2015 3275 2068 tit.
3322 2023 3373 2067 et
3410 2014 3503 2068 lib.
3536 2033 3547 2067 :
3580 2012 3686 2083 Qui

2099 2100 2284 2154 hostes
2310 2101 2616 2154 sollicitavit
2637 2145 2650 2163 ,
2677 2111 2729 2154 et
2757 2103 2834 2155 cis
2870 2102 3257 2171 rempublicam
3290 2104 3546 2167 tradidit,
3589 2120 3686 2160 ca—

2098 2190 2206 2257 pite
2255 2190 2496 2258 punitur.
2556 2188 2621 2243 Et
2661 2189 2917 2259 deinceps
2966 2190 3188 2245 disserit
3231 2198 3397 2260 caput
3443 2191 3510 2246 de
3563 2191 3686 2245 aliis

2097 2277 2426 2347 quibusdam
2461 2279 2752 2334 similibus.
2805 2281 2869 2334 Et
2901 2281 3014 2336 haec
3045 2281 3265 2349 quidem
3303 2282 3372 2336 de
3407 2282 3472 2337 iis
3501 2284 3595 2352 qui
3626 2285 3684 2338 in

2096 2373 2462 2440 captivitatem
2494 2373 2710 2428 abducti
2741 2385 2889 2437 sunt,
2919 2384 2973 2428 et
2993 2375 3240 2430 hostibus
3265 2386 3681 2443 consenserunt,

2095 2475 2148 2519 ct
2174 2467 2240 2520 de
2290 2467 2356 2521 iis
2403 2468 2586 2520 itidem
2645 2470 2736 2536 qui
2780 2485 2886 2521 non
2930 2469 2981 2520 in
3036 2469 3402 2537 captivitatem
3462 2470 3682 2528 abducti

2096 2568 2246 2620 sunt,
2276 2574 2401 2612 cum
2438 2561 2682 2613 hostibus
2719 2570 2896 2614 tamen
2926 2572 3344 2624 consenserunt,
3387 2570 3443 2614 et
3491 2561 3684 2615 adver-

2097 2667 2192 2706 sus
2237 2651 2543 2705 Romanum
2589 2653 2878 2722 imperium
2913 2654 3316 2722 conspirarunt.
3364 2652 3467 2718 Qui
3499 2640 3681 2705 autem

2096 2757 2219 2795 cum
2266 2741 2332 2796 iis
2383 2744 2476 2812 qui
2533 2752 2730 2798 terram
2784 2759 3040 2812 mareque
3092 2744 3525 2812 depopulantur,
3574 2759 3680 2797 una

2094 2833 2383 2902 deprazdati
2417 2844 2578 2901 sunt,
2607 2835 2811 2904 magis,
2849 2845 2906 2889 ut
2938 2835 3068 2888 mihi
3097 2834 3325 2900 videtur,
3354 2835 3678 2904 punientur,

2094 2925 2221 2994 quia
2268 2926 2443 2995 major
2474 2936 2556 2980 est
2598 2943 2787 2981 eorum
2827 2927 3167 2996 improbitas.
3205 2927 3397 2982 Hostes
3435 2929 3579 2983 enim
3622 2946 3683 2982 a-

2094 3026 2246 3085 perta
2282 3017 2478 3078 fronte,
2515 3028 2566 3072 et
2598 3020 2767 3083 nudo,
2801 3029 2856 3072 ut
2891 3020 3062 3085 aiunt,
3102 3022 3274 3088 capite
3297 3019 3494 3074 bellum
3523 3035 3679 3073 com--

2095 3116 2322 3176 parant;
2354 3109 2592 3164 latrones
2621 3118 2798 3164 autem
2838 3111 2976 3164 clam
3007 3121 3059 3164 ct
3095 3111 3306 3166 occulte
3343 3110 3676 3181 inoplnatam

405 3183 571 3255 φαλῇ,
605 3185 668 3237 τὸ
695 3186 1006 3256 λεγόμενον,
1034 3188 1122 3240 τὸν
1152 3189 1385 3260 πόλεμον
1439 3193 1756 3247 συνιστῶσιν
1782 3212 1795 3226 ο
1843 3199 1889 3249 οἱ
1934 3199 1989 3251 δὲ

2095 3201 2294 3255 caedem
2346 3201 2664 3254 moliuntur.
2724 3201 2940 3266 Quanto
2992 3217 3121 3270 ergo
3186 3203 3402 3272 prarvisi
3451 3204 3676 3272 periculi

403 3271 599 3346 λῃσταὶ
630 3276 877 3344 ἀοράτως
911 3278 1005 3329 καὶ
1038 3279 1257 3346 ἀφανῶς
1288 3283 1693 3353 ἀπροσδόκητον
1725 3287 1988 3357 μελετῶσι

403 3364 582 3431 φόνον.
615 3365 776 3418 Ὅσον
802 3363 894 3420 οὖν
919 3368 1014 3421 τοῦ
1051 3373 1406 3441 προκειμένου
1437 3375 1558 3427 κατ’
1592 3374 1716 3444 ὄψιν
1743 3380 1985 3436 κινδύνου

2098 3308 2275 3361 pugna
2309 3292 2479 3345 levior
2510 3301 2594 3346 est
2625 3291 2904 3360 inopinato
2932 3293 3095 3358 malo,
3134 3302 3284 3347 tanto
3317 3293 3556 3348 hostium
3593 3296 3680 3348 in-

2097 3384 2270 3438 sultus
2300 3393 2382 3437 cst
2412 3383 2742 3436 tolerabilior
2773 3384 3041 3438 latronum
3077 3384 3309 3439 insidiis.

403 3459 438 3529 ὴ
489 3459 639 3531 μάχη
686 3463 991 3535 κουφοτέρα
1028 3466 1145 3518 ἐστὶ
1181 3467 1274 3519 τοῦ
1326 3469 1734 3542 ἀπροσδοκήτου
1785 3477 1985 3542 κακοῦ,
2041 3480 2292 3532 τοσοῦτον
2321 3482 2408 3533 καὶ
2443 3483 2475 3551 ἡ
2505 3481 2610 3532 τῶν
2647 3480 2915 3551 πολεμίων
2961 3483 3145 3550 ἔφοδος
3204 3483 3531 3553 ἀνεκτοτέρα
3561 3484 3678 3536 ἐστὶ

399 3552 502 3621 τῆς
525 3554 632 3608 τῶν
659 3555 1028 3628 λῃστευόντων
1064 3561 1373 3632 ἐπιϐουλῆς.

473 3648 714 3701 ΖΩΝΑΡ.
754 3651 907 3704 Ὅσοι
945 3654 1043 3722 μὲν
1075 3651 1188 3716 οὖν,
1220 3659 1383 3727 φησιν
1405 3700 1417 3721 ,
1462 3661 1990 3733 αἰχμαλιν,›τισθέντες

400 3741 553 3803 ποτὲ,
587 3745 1073 3813 συγκατετάγησαν
1106 3751 1213 3810 τοῖς
1261 3749 1586 3821 βαρϐάροις,
1623 3756 1715 3806 καὶ
1748 3758 1864 3826 μετ’
1893 3761 1992 3811 αὐ-

398 3833 509 3887 τῶν
541 3834 776 3904 ἐπῆλθον
806 3836 1251 3907 βαρϐαρωθέντες
1278 3843 1345 3894 τὰ
1374 3844 1467 3914 ἔθη
1490 3862 1502 3873 ·
1537 3849 1626 3898 καὶ
1656 3847 1843 3920 ὥσπερ
1873 3851 1990 3903 ἐπι-

399 3922 706 3993 λαθόμενοι,
737 3927 820 3979 ὃτι
847 3929 912 3980 ἐκ
935 3930 1028 3982 τοῦ
1063 3931 1266 3984 Πόντου
1300 3930 1441 4004 ἦσαν
1470 3938 1782 4007 Χριστιανοὶ
1802 3981 1817 3996 .
1857 3942 1990 4012 ὀμο-

398 4012 600 4081 φύλους
616 4015 930 4084 ἐφόνευσαν,
949 4019 980 4089 ἢ
1010 4022 1160 4084 ὁδοὺς
1182 4023 1530 4080 ὑπεδείκνυον
1561 4033 1670 4092 τοῖς
1691 4030 1988 4103 βαρϐάροις

397 4105 769 4176 ἀγνοουμένας
788 4110 1035 4181 αὐτοῖς,ἢ
1065 4115 1241 4178 οἰκίας
1265 4115 1628 4184 λανθανούσας
1646 4122 1862 4185 αὐτούς’
1897 4117 1988 4176 οὗ-

397 4211 479 4250 τοι
513 4198 646 4269 μηδέ
673 4202 752 4264 εἰς
768 4202 1029 4273 ἀκρόασιν
1047 4207 1544 4279 παραδεχθήτωσσιν
1565 4213 1977 4282 μετανοοῦντεςο

395 4289 676 4344 τουτέστιν
715 4291 820 4354 ἔξω
870 4294 1146 4359 παντελῶς
1194 4299 1295 4367 τῆς
1332 4301 1628 4372 ἐκκλησίας
1680 4305 1983 4376 ἐστήκὲτωο

398 4399 518 4447 σαν,
556 4384 612 4436 ἐν
645 4384 796 4455 τόπῳ
825 4385 1023 4456 δηλαδὴ
1054 4389 1506 4458 προσκλαιόντων,
1538 4394 1643 4457 ἕως
1670 4395 1735 4449 ἂν
1772 4399 1982 4468 σκοπή-

398 4491 564 4527 σωσιν
592 4477 641 4528 οἱ
666 4475 809 4544 ἅγιοι
840 4477 965 4548 περὶ
991 4480 1172 4532 αὐτῶν
1189 4485 1340 4552 κοινῇ
1367 4485 1728 4550 συνελθόντες.
1767 4489 1976 4556 Ἀγίους

2167 3670 2370 3726 Zoma.
2411 3670 2734 3741 Quicunque
2773 3672 3038 3740 quidem,
3089 3672 3205 3737 ait,
3270 3673 3568 3741 aliquando
3622 3675 3676 3726 in

2095 3765 2408 3818 servitutem
2438 3762 2658 3818 abducti
2697 3780 2756 3817 se
2787 3764 3036 3818 barbaris
3068 3763 3452 3833 adiunxerunt,
3489 3771 3540 3817 et
3568 3779 3677 3818 una

2093 3867 2216 3905 cum
2255 3853 2322 3906 iis
2367 3852 2602 3921 grassati
2651 3863 2779 3907 sunt
2827 3867 3040 3907 morum
3090 3853 3394 3908 barbariem
3446 3854 3676 3908 induen-

2093 3954 2171 3997 tes
2195 3984 2209 4006 ,
2252 3958 2316 3997 ac
2345 3945 2492 3996 velut
2525 3943 2676 3998 obliti
2719 3958 2776 3998 se
2817 3960 2884 3997 ex
2935 3943 3107 3997 Ponto
3131 3943 3476 3999 Christianos
3515 3960 3671 4012 esse,

2089 4049 2184 4088 eos
2223 4035 2314 4102 qui
2343 4033 2588 4102 ejusdem
2620 4043 2748 4088 sunt
2780 4035 2997 4103 generis
3026 4033 3379 4098 interfecere,
3429 4035 3514 4088 vel
3548 4036 3674 4089 bar-

2091 4124 2238 4178 baris
2274 4125 2485 4193 ignotas
2531 4135 2904 4180 monstravere
2947 4127 3081 4187 vias,
3117 4125 3378 4180 domosve
3418 4125 3554 4195 ipsis
3586 4142 3675 4182 oc-

2089 4215 2298 4277 cultas;
2345 4214 2399 4268 hi
2439 4229 2507 4268 ne
2545 4215 2612 4269 ad
2645 4216 2980 4287 auditionem
3013 4215 3233 4285 quidem
3268 4215 3628 4270 admittantur
3653 4257 3669 4281 ,

2089 4305 2458 4374 paenitentiam
2505 4318 2763 4376 agentes;
2815 4308 2920 4361 hoc
2984 4317 3105 4371 est,
3164 4317 3320 4363 extra
3380 4308 3671 4363 ecclesiam

2089 4400 2314 4454 omnino
2344 4401 2681 4464 consistant,
2732 4400 2787 4453 in
2821 4400 2939 4454 loco
2965 4401 3214 4454 videlicet
3253 4399 3497 4454 ﬂentium
3519 4442 3533 4464 ,
3573 4401 3672 4453 do-

2086 4505 2185 4544 nec
2211 4491 2262 4543 in
2293 4493 2571 4544 communi
2615 4501 2882 4546 conventu
2932 4493 3104 4546 sancti
3140 4491 3208 4546 de
3253 4493 3426 4560 ipsius
3464 4491 3672 4546 delibe-

394 4564 452 4618 δέ
481 4566 514 4636 ἢ
549 4567 673 4630 τοὺς
705 4571 1035 4634 ἐπισκόπους
1067 4573 1257 4637 καλεῖ,
1291 4575 1322 4643 ἢ
1363 4577 1490 4638 τοὺς
1529 4579 1752 4642 πιστοὺς
1796 4580 1981 4644 ἁπλῶς

2094 4592 2227 4635 rent;
2279 4582 2510 4638 Sanctus
2547 4601 2708 4652 porro
2739 4597 2830 4637 aut
2865 4585 3152 4654 episcopos
3187 4596 3377 4648 vocat,
3412 4594 3505 4639 aut
3537 4585 3673 4639 sim-

396 4659 538 4713 κατά
570 4661 657 4714 τὸν
692 4663 863 4732 μέγαν
898 4665 1196 4718 ἀπόστολον
1227 4667 1458 4723 Παῦλον.
1501 4669 1571 4721 Τὸ
1599 4671 1675 4734 δὲ,
1710 4673 1823 4738 πρὸ
1874 4676 1978 4725 αἰν-

395 4751 514 4806 τῶν
533 4751 611 4818 τῷ
642 4755 786 4824 ἁγίῳ
814 4751 1151 4841 [Ireuﬂatgl1
1185 4762 1455 4831 ἐπήγαγε,
1491 4763 1704 4828 δεικνὺς
1724 4806 1736 4828 ,
1767 4767 1848 4819 ὅτι
1870 4745 1978 4821 ⁹ὅσοι

397 4844 455 4895 ὲν
485 4849 636 4917 κοινῇ
676 4848 957 4919 διασκέψει
997 4853 1404 4923 οἰκονομοῦνται
1455 4856 1604 4926 παρά
1641 4859 1973 4920 ἐπισκόπων,

393 4936 429 5006 ἢ
464 4940 556 4991 καὶ
586 4941 768 5005 ἁπλῶς
795 4942 904 4997 τῶν
928 4944 1154 5007 πιστῶν,
1189 4946 1250 4998 τὸ
1270 4946 1422 5014 ἅγιον
1455 4949 1678 5018 Πνεῦμα
1723 4951 1977 5021 ὑποτίθη-

395 5045 480 5084 σιν
509 5031 649 5086 αὐτά
680 5037 790 5097 τοῖς
820 5037 947 5107 περὶ
980 5037 1158 5092 αὐτῶν
1189 5039 1689 5111 διασκεπτομένοις.

1011 5223 1250 5276 ΚΛΝΩΝ
1284 5225 1364 5276 H'.

466 5325 488 5360 ι
527 5307 666 5380 Περὶ
694 5307 801 5362 τῶν
831 5293 999 5374 οἴκοις
1037 5313 1335 5384 ἀλλοτρίοις
1379 5316 1624 5370 ἐπελθεῖν
1670 5318 1972 5390 τολμησάν-

394 5419 415 5451 ι
450 5417 560 5454 των
597 5403 653 5455 ἐν
686 5405 748 5472 τῇ
781 5402 886 5455 τῶν
920 5403 1208 5476 βαρβάρων
1230 5409 1515 5480 ἐπιδρομῇ.
1547 5411 1686 5474 Τοὺς
1717 5411 1772 5463 δὲ
1805 5413 1973 5475 οἴκοις

395 5511 416 5545 ι
454 5493 752 5567 ἀλλοτρίοις
783 5496 1028 5550 ἐπελθεῖν
1056 5498 1431 5570 τολμήσαντας
1456 5543 1469 5563 ,
1521 5503 1614 5556 ἐὰν
1661 5504 1759 5574 μὲν
1805 5521 1972 5574 κατη-

395 5603 415 5637 ι
455 5583 780 5658 γορηθέιτες
811 5588 1129 5659 ἐλεγχθῶσι,
1160 5591 1294 5661 μηδέ
1319 5592 1420 5662 τῆς
1447 5571 1764 5665 ἀκροάσεως
1805 5571 1969 5661 ἀξιῶ-

395 5695 415 5728 c
456 5695 575 5730 σαν
606 5678 698 5732 ἐὰν
743 5678 799 5732 δὲ
825 5680 1026 5743 αὐτοὺς
1058 5678 1314 5744 ἐξείπωσι
1349 5683 1441 5736 καὶ
1475 5685 1745 5739 ἀποδῶσίν
1767 5725 1780 5750 ,
1814 5688 1870 5740 ἐν
1910 5689 1968 5757 τῇ

394 5787 418 5821 ι
452 5769 561 5824 τῶν
587 5771 1029 5844 ὖποστρεφόντων
1059 5773 1207 5840 τάξει
1241 5775 1584 5833 ὑποπίπτειν.
1627 5798 1646 5831 ι

2081 4674 2292 4743 pliciter
2356 4676 2580 4739 lideles,
2650 4678 2830 4745 magni
2897 4676 3049 4730 Pauli
3103 4679 3332 4744 apostoli
3395 4679 3666 4746 exemplo.

2084 4766 2173 4819 Illa
2219 4778 2399 4820 autem
2446 4769 2646 4830 verba,
2695 4782 2818 4821 ante
2863 4771 3004 4837 ipsos
3037 4770 3263 4838 Spiritui
3289 4785 3508 4837 sancto,
3544 4771 3668 4826 ideo

2081 4856 2360 4924 adjunxit,
2409 4866 2467 4910 ut
2510 4873 2849 4926 quaecunque
2901 4861 2954 4913 in
3010 4861 3288 4916 communi
3329 4863 3556 4918 consilio
3599 4862 3667 4915 ab

2080 4952 2372 5021 episcopis,
2404 4953 2484 5006 vel
2507 4953 2667 5006 etiam
2698 4969 2726 5006 a
2757 4954 3178 5022 quibuscunque
3202 4955 3450 5011 ﬁdelibus
3473 4956 3666 5010 decer-

2084 5055 2305 5109 nuntur,
2338 5044 2601 5112 Spiritum
2626 5055 2876 5100 sanctum
2923 5062 2983 5099 ea
3007 5046 3433 5100 deliberantibus
3471 5061 3665 5114 sugge~

2081 5147 2202 5187 rere
2230 5133 2586 5198 demonstret.

2665 5224 2894 5279 CANON
2932 5225 3062 5279 Vlll.

2156 5336 2174 5368 ι
2222 5317 2297 5373 De
2339 5319 2407 5373 iis
2439 5320 2533 5389 qui
2563 5319 2768 5373 alienas
2797 5319 2989 5374 domos
3013 5318 3278 5372 hostiliter
3307 5318 3512 5388 ingredi
3541 5320 3661 5372 ausi

2085 5424 2103 5456 ι
2152 5421 2282 5462 sunt
2331 5410 2383 5460 in
2433 5409 2794 5462 barbarorum
2827 5408 3159 5462 incursione.
3205 5406 3312 5461 Eos
3357 5419 3536 5462 autem
3567 5410 3663 5479 qui

2085 5517 2102 5548 ι
2151 5500 2359 5553 alienas
2394 5500 2586 5553 domos
2630 5499 2885 5551 invadere
2914 5497 3034 5550 ausi
3065 5497 3299 5562 fuerint,
3341 5497 3387 5552 si
3420 5500 3662 5554 accusati

2084 5609 2100 5641 ι
2150 5592 2370 5660 quidem
2412 5591 2647 5646 convicti
2701 5588 2939 5655 fuerint,
3006 5605 3106 5643 nec
3149 5589 3426 5644 auditione
3465 5591 3662 5661 dignos

2081 5702 2100 5734 ι
2147 5685 2479 5738 existimare.
2507 5682 2604 5736 Sin
2634 5690 2816 5734 autem
2854 5680 3145 5735 indicat-int
3177 5697 3234 5735 se
3268 5682 3414 5751 ipsos
3447 5699 3509 5735 ac
3541 5685 3662 5737 red-

2081 5795 2098 5828 ι
2147 5776 2421 5836 didcrint,
2493 5777 2544 5829 in
2595 5790 2782 5828 eorum
2832 5776 2922 5844 qui
2973 5785 3362 5829 convertuntur
3412 5775 3661 5833 ordinem

2149 5871 2440 5926 substerni.
2473 5889 2493 5921 ι
