4090 6376
392 386 533 452 ιοιττ

1522 387 1578 443 S.
1620 386 1951 443 GllEGORll
1991 385 2323 450 ΤΗΑΕΜᾹἸ
2336 388 2499 444 EBG!

3510 390 3650 448 1044

463 512 624 565 lius.
663 503 958 575 Postquam
998 514 1218 561 sanctus
1250 502 1427 559 fusius
1460 503 1771 558 tractaverit
1798 502 1867 557 de
1904 502 1971 557 iis

2144 503 2336 555 ΒΔΛΣ.
2371 503 2705 575 Παχυμερῶς
2735 503 3001 558 διαλαϐὼν
3022 508 3050 560 6
3070 505 3222 576 ἅγιος
3257 506 3385 578 περὶ
3417 506 3525 561 τῶν
3553 510 3652 580 ἀρα

387 603 485 673 qui
526 608 841 666 rapuerunt.
884 599 964 652 vel
1009 595 1369 667 quorumdam
1400 595 1733 664 captivorum
1764 609 1852 649 res
1884 593 1969 648 iu-

389 700 699 757 veneruut,
752 689 894 759 quod
959 688 1024 741 ad
1082 701 1364 755 pinnarum
1417 684 1682 739 rationem
1730 683 1967 749 attinet;

391 801 542 839 nunc
565 795 786 851 quoque
813 779 1023 849 species
1049 777 1398 847 paenitentiae,
1430 776 1547 831 sive
1577 775 1974 831 ecclesiastica-

397 892 522 931 rum
561 888 845 944 poenarum
891 871 1080 940 incipit
1112 870 1314 923 dicere.
1364 868 1431 921 Et
1490 868 1675 922 statim
1726 866 1971 921 decernit

392 976 457 1023 ut
500 982 599 1022 nec
644 973 788 1021 stent
820 980 942 1019 cum
978 963 1365 1027 audientibus,
1414 961 1507 1016 sed
1556 975 1679 1013 cum
1729 958 1973 1015 deﬂenti-

391 1059 517 1121 bus,
552 1066 705 1112 extra
736 1055 1054 1117 ecclesiam,
1099 1053 1191 1123 qui
1238 1067 1350 1106 rem
1398 1050 1597 1120 captivi
1632 1059 1969 1121 rapuerunt,

389 1157 450 1206 et
477 1164 596 1203 eam
626 1163 735 1203 non
779 1150 1153 1208 restituerunt,
1182 1144 1278 1198 sed
1310 1143 1712 1197 accusationem
1754 1151 1809 1197 et
1845 1157 1976 1212 pro-

393 1241 667 1297 irationem
706 1247 1089 1308 exspectarunt
1134 1243 1352 1305 propter
1414 1233 1815 1287 inﬁtiationem.
1867 1232 1973 1286 Eos

393 1342 574 1387 autem
615 1332 709 1400 qui
751 1346 810 1385 se
856 1329 1005 1399 ipsos
1029 1326 1356 1391 detulerunt,
1386 1333 1442 1378 et
1478 1339 1578 1379 sua
1622 1333 1815 1394 sponte
1853 1338 1974 1393 quae

391 1422 691 1487 abstulere,
731 1426 857 1476 ante
888 1420 1159 1475 actionem
1209 1416 1498 1482 dederunt,
1532 1416 1724 1470 statuit
1753 1424 1814 1469 ut
1843 1431 1974 1485 pro-

394 1523 517 1584 pter
537 1512 909 1583 pmnitentiam
935 1517 1370 1578 compreceutur,
1402 1524 1496 1564 seu
1521 1510 1824 1565 consistant
1849 1524 1973 1563 cum

395 1604 676 1670 ﬁdelibus;
709 1601 1127 1657 substeruantur
1180 1608 1363 1654 autem
1409 1598 1551 1661 illis,
1599 1613 1666 1653 eo
1701 1598 1845 1667 quod
1877 1613 1973 1651 co-

394 1704 601 1767 guntur
641 1694 825 1765 egredi
858 1708 985 1748 cum
1024 1691 1453 1748 catechumenis.
1497 1690 1575 1746 Ac
1619 1690 1703 1745 lex
1753 1690 1973 1759 quidem

393 1785 762 1843 ecclesiastica
798 1799 892 1841 eos
930 1784 1012 1839 sic
1042 1784 1218 1854 punit.
1258 1780 1375 1836 Lex
1413 1795 1542 1837 vero
1585 1780 1763 1837 civilis
1793 1788 1977 1850 rapto-

396 1893 489 1935 res
516 1876 752 1947 quodab
778 1875 913 1945 ipsis
943 1886 1157 1944 raptum
1191 1883 1273 1928 est
1298 1874 1460 1928 etiam
1490 1881 1613 1927 ante
1643 1872 1975 1927 condemna-

397 1972 603 2027 tionem
650 1969 978 2033 oli‘ercntcs,
1038 1982 1143 2020 non
1179 1965 1456 2031 admittit,
1505 1964 1598 2019 sed
1655 1964 1979 2019 condemnat

397 2062 457 2116 in
502 2061 887 2132 quadruplum.
959 2059 1098 2114 Dicit
1137 2058 1282 2112 enim
1328 2072 1452 2127 cap.
1502 2055 1557 2120 6,
1615 2055 1684 2110 17
1737 2056 1859 2120 tit.,
1909 2070 1977 2109 ιι

398 2152 497 2208 lib.
529 2170 544 2208 :
579 2151 788 2222 Raptor
826 2166 987 2221 poena
1017 2165 1125 2205 nou
1148 2149 1409 2204 liberatur
1440 2149 1710 2205 oblatione
1732 2150 1807 2203 rei
1853 2158 1980 2206 ante

397 2247 570 2301 litem.
630 2243 694 2299 Et
738 2244 915 2298 thema
966 2242 998 2295 7
1025 2281 1041 2307 ,
1084 2256 1203 2312 cap.
1243 2240 1280 2296 3
1324 2241 1568 2312 ejusdem
1631 2241 1723 2296 lib.
1757 2250 1813 2297 et
1842 2243 1923 2296 tit.
1960 2256 1975 2294 :

310 2369 321 2383 ι
398 2336 544 2393 Intra
589 2352 792 2392 annum
848 2350 1035 2389 verum
1084 2334 1318 2404 pretium
1383 2333 1819 2404 quadruplatur,
1870 2348 1977 2387 non

396 2439 579 2485 autem
630 2428 685 2483 id
739 2427 883 2498 quod
946 2427 1192 2480 interest.
1260 2424 1416 2491 Quod
1461 2434 1642 2479 autem
1706 2424 1795 2479 hic
1848 2424 1981 2479 dicit

395 2535 622 2576 sanctus
653 2518 721 2573 de
761 2519 830 2573 iis
872 2518 966 2587 qui
1017 2529 1143 2572 ante
1177 2517 1689 2572 condemnationem
1731 2525 1786 2571 et
1818 2531 1981 2572 accu-

397 2611 663 2665 sationem
712 2625 825 2664 rem
865 2596 1199 2677 restituunt,
1232 2612 1320 2665 lex
1365 2610 1518 2682 jubet
1548 2610 1599 2666 id
1631 2610 1747 2666 ﬁeri
1790 2610 1843 2664 in
1888 2626 1981 2666 eos

396 2702 494 2771 qui
552 2702 757 2772 aliquid
823 2718 891 2757 ex
956 2704 1141 2774 aliquo
1206 2713 1356 2759 metu
1432 2714 1775 2775 acceperunt.
1843 2705 1983 2762 Dicit

395 2794 543 2848 eiiim
576 2792 611 2847 5
651 2793 868 2863 thema,
916 2795 984 2850 l5
1025 2811 1170 2866 cap.,
1193 2796 1228 2850 2
1270 2796 1378 2866 ιίι.,
1402 2814 1437 2852 x
1481 2797 1612 2853 lib.:
1645 2797 1801 2853 Aetio
1825 2799 1983 2868 cujus

399 2894 579 2940 metus
615 2901 811 2952 causa,
854 2897 938 2942 est
963 2887 1173 2953 libera;
1207 2897 1262 2943 et
1298 2889 1421 2945 licet
1457 2889 1506 2944 ei
1534 2890 1796 2946 adversus
1819 2906 1981 2960 quem

399 2977 605 3048 agitur,
634 2976 702 3030 ad
736 2978 1056 3032 sententiam
1090 2994 1264 3049 usque
1289 2995 1405 3034 rem
1446 2981 1754 3042 restituere,
1788 2990 1844 3036 et
1871 2996 1980 3035 non

403 3074 533 3127 dare
583 3070 969 3141 quadruplum.
1026 3071 1122 3125 Est
1184 3080 1365 3127 autem
1420 3079 1477 3126 et
1525 3069 1628 3126 alia
1681 3070 1983 3127 dili‘erentia

2075 594 2366 648 πασάντων
2393 594 2427 664 ἢ
2461 594 2770 665 εὑρηκότων
2803 596 3102 667 πράγματά
3128 614 3289 651 τινων
3316 597 3651 668 αίχμαλωτι-

2074 685 2308 739 σθέντων
2330 725 2345 748 ,
2395 686 2520 743 ὅσον
2559 686 2696 749 τέως
2724 689 2803 749 είς
2843 688 2935 740 τὸν
2964 687 3118 756 λόγον
3172 688 3282 743 τῶν
3329 690 3646 761 ἐπιτιμίων⁸

2073 777 2200 849 ἀρτι
2226 776 2320 829 καὶ
2345 775 2412 830 τά
2445 776 2558 848 εἴδη
2599 778 2700 847 τῆς
2738 779 3023 849 μετανοίας
3056 782 3174 851 ἦτοι
3206 781 3319 835 τῶν
3360 781 3648 855 ἐκκλησια-

2074 867 2273 921 στικῶν
2305 869 2594 937 ἐπιτιμίων
2618 869 2844 940 ἄρχεται
2867 870 3063 939 λέγειν.
3107 871 3217 925 Kal
3249 873 3447 927 αὐτίκα
3486 874 3655 946 διορί-

2077 959 2249 1024 ζεται,
2305 959 2392 1012 ἵνα
2451 959 2582 1030 μηδὲ
2636 959 2774 1029 μετὰ
2810 959 2919 1013 τῶν
2951 962 3317 1032 ἀκροωμένων
3367 963 3639 1026 ἱστῶνται,

2072 1049 2208 1104 ἀλλά
2254 1049 2390 1122 μετά
2430 1051 2540 1107 τῶν
2582 1053 3017 1125 προσκλαιόντων
3073 1052 3271 1119 ἔξωθεν
3305 1056 3407 1127 τῆς
3455 1058 3653 1129 ἐκκληο

2076 1144 2197 1208 σίας
2218 1183 2233 1207 ,
2251 1144 2301 1196 οῖ
2331 1143 2673 1215 ἁρπάσαντες
2698 1143 2939 1198 τοιοῦτόν
2952 1162 3004 1199 τι
3032 1148 3262 1217 πρᾶγμα
3280 1146 3645 1218 αἰχμαλώτου,

2075 1236 2169 1289 καὶ⁵
2203 1236 2277 1307 μὴ
2306 1235 2755 1307 ἀντιστρέψαντες
2770 1236 2921 1301 αὑτὸ,
2948 1237 3082 1291 ἀλλά
3098 1239 3489 1309 ἀναμείναντες
3505 1257 3647 1294 κατ-

2080 1327 2313 1400 ηγορίαν
2358 1328 2453 1381 καὶ
2477 1327 2695 1398 ἔλεγχον
2712 1327 2802 1381 διά
2827 1327 2927 1399 τὴν
2958 1328 3218 1401 ἄρνησιν.
3256 1332 3396 1395 Τοὺς
3436 1330 3494 1384 δὲ
3521 1333 3650 1387 ἐαυ-

2073 1421 2199 1484 τοὺς
2230 1420 2724 1492 προσαγγείλαντας
2751 1423 2845 1475 καὶ
2869 1422 3058 1486 δόντας
3085 1422 3389 1487 καλοθελῶς
3407 1423 3511 1494 πρὸ
3528 1425 3651 1479 ἀνα-

2073 1509 2258 1580 γωγῆς
2294 1508 2329 1562 δι
2363 1509 2674 1578 ἀφείλοντο,
2718 1508 3011 1581 διορίζεται
3040 1511 3130 1565 διὰ
3160 1511 3258 1582 τὴν
3289 1513 3649 1583 μεταμέλειαν

2078 1598 2450 1669 συνεύχεσθαι,
2478 1600 2644 1668 ἤγουν
2675 1601 3054 1671 συνίστασθαι,
3095 1602 3233 1671 μετὰ
3262 1603 3371 1656 τῶν
3409 1605 3647 1659 πιστῶν·

2076 1691 2404 1743 ὑποπίπτειν
2430 1689 2487 1742 δὲ
2514 1690 2690 1743 αὑτῶν
2711 1690 2799 1744 διά
2824 1690 2887 1744 τὸ
2910 1692 3314 1761 ἀναγκάζεσθαι
3335 1694 3653 1768 ἐξέρχεσθαι

2081 1797 2218 1853 μετα
2244 1782 2351 1835 τῶν
2386 1782 2826 1853 κατηχουμένων.
2862 1785 2979 1837 Kal.
3012 1787 3041 1838 6
3066 1787 3162 1856 μὲν
3198 1787 3651 1858 ὲκκλησιαστικὸς

2078 1866 2243 1945 νόμος
2265 1873 2405 1928 οὕτω
2434 1874 2658 1937 τούτους
2686 1873 2903 1939 κολάζει
2921 1894 2934 1905 ο
2963 1877 2991 1930 6
3019 1877 3077 1930 δὲ
3105 1879 3378 1943 πολιτικὸς
3403 1881 3528 1945 τοὺς
3555 1883 3655 1953 ἀρ-

2077 1982 2258 2034 παγας
2288 1966 2380 2020 καὶ
2412 1967 2517 2038 πρὸ
2543 1968 2836 2038 καταδίκης
2868 1969 3240 2039 προσάγοντας
3266 1969 3328 2023 τδ
3355 1971 3447 2025 ὑπ’
3473 1972 3654 2028 αὑτῶν

2079 2058 2326 2131 ἀρπαγὲν
2356 2058 2416 2111 οὑ
2450 2058 2836 2130 προσδέχεται,
2886 2060 2999 2113 ἀλλ’
3046 2063 3128 2124 είς
3165 2062 3225 2115 τὸ
3256 2063 3655 2133 τετραπλάσιον

2079 2150 2445 2214 καταδικάζει.
2474 2151 2611 2221 Φησὶ
2637 2151 2744 2220 γὰρ
2768 2169 2894 2221 κεφ.
2922 2159 2996 2217 ς’,
3026 2153 3117 2206 τοῦ
3146 2154 3210 2218 ιζ’
3260 2153 3459 2219 τίτλου,
3493 2155 3587 2209 τοῦ
3608 2157 3652 2224 ξ’

2082 2244 2284 2315 βιϐλίου
2303 2262 2317 2275 ο
2361 2245 2419 2297 '0
2448 2243 2632 2316 ἅρπαξ
2661 2246 2762 2298 οὑκ
2788 2246 3187 2301 ἀπαλλάττεται
3201 2248 3301 2319 τῆς
3333 2249 3525 2319 ποινῆς
3548 2251 3657 2321 πρὸ

2078 2337 2178 2407 τῆς
2203 2336 2359 2407 δίκης
2387 2337 2678 2408 προσάγων
2718 2338 2781 2391 τὸ
2828 2340 3079 2410 πρᾶγμα.
3122 2341 3232 2394 Kal.
3273 2341 3414 2411 θεμα
3462 2341 3527 2406 ζ’,
3560 2342 3657 2396 τοῦ

2084 2427 2126 2497 β’
2174 2412 2377 2496 κεφαλί
2408 2426 2502 2480 τοῦ
2537 2427 2702 2481 αὑτοῦ
2729 2428 2933 2499 βιϐλίου
2950 2429 3234 2489 καὶτίτλου
3255 2448 3269 2461 ο
3298 2432 3443 2485 Είσω
3475 2434 3683 2486 svras--

2081 2518 2175 2572 τοῦ
2204 2519 2265 2571 τὸ
2296 2518 2494 2588 ἀληθὲς
2539 2517 2633 2572 τοῦ
2670 2520 2992 2591 πράγματος
3026 2521 3238 2592 τίμημα
3259 2522 3661 2594 τετραπλασιά-

2083 2610 2254 2678 ζεται,
2277 2611 2337 2664 οὐ
2365 2611 2470 2683 μὴν
2492 2611 2555 2664 τὸ
2582 2611 2858 2684 διαφέρον.
2888 2612 3064 2683 Ὅπερ
3081 2613 3138 2666 δέ
3165 2631 3332 2685 φησιν
3369 2614 3602 2670 ἐνταῦθα
3630 2618 3660 2670 6

2084 2700 2238 2768 ἅγιος
2261 2700 2418 2773 χάριν
2455 2700 2565 2754 τῶν
2598 2700 2704 2771 πρὸ
2734 2700 3029 2773 καταδίκης
3061 2702 3156 2756 καὶ
3202 2702 3536 2773 κατηγορίας
3578 2704 3659 2756 δι-

2082 2793 2277 2848 δόντων
2301 2792 2363 2847 τδ
2391 2792 2715 2864 ἀφαιρεθὲν,
2747 2792 2906 2846 τοῦτο
2942 2794 2971 2845 6
3012 2793 3175 2864 νόμος
3224 2794 3657 2864 παρακελεύεται

2085 2883 2332 2953 γίνεσθαι
2357 2887 2437 2947 είς
2467 2885 2593 2948 τοὺς
2626 2883 2767 2939 κατά
2799 2884 2963 2954 φόϐον
2992 2885 3253 2948 λαϐόντας
3294 2903 3347 2939 τι
3385 2887 3451 2940 ἐκ
3493 2886 3657 2950 τινός.

2084 2976 2219 3050 Φησὶ
2250 2976 2358 3049 γὰρ
2381 2976 2442 3030 τὸ
2471 2982 2509 3029 ε’
2539 2975 2699 3046 θέμα,
2746 2976 2841 3029 τοῦ
2871 2983 2937 3045 ιγ’
2980 2976 3196 3046 κεφαλ.,
3233 2976 3328 3031 τοῦ
3370 2976 3411 3048 β’
3448 2977 3651 3040 τίτλου,

2085 3069 2180 3124 τοῦ
2211 3069 2436 3124 δεκάτου
2470 3068 2703 3140 βιϐλίου·
2769 3070 2835 3123 Ἦ
2871 3070 2960 3124 διά
3001 3069 3165 3140 φόϐον
3194 3070 3431 3134 αἰτίασις
3463 3071 3655 3141 αἱρετή

401 3178 593 3217 eorum
628 3162 721 3233 qui
762 3163 813 3216 vi
870 3178 957 3217 res
1006 3161 1285 3224 auferunt,
1332 3172 1389 3218 et
1431 3177 1623 3218 eorum
1654 3163 1748 3233 qui
1777 3163 1983 3232 aliquid

2086 3163 2233 3217 ἐστι’
2263 3162 2359 3216 καὶ
2384 3160 2560 3227 ἔξεστι
2584 3162 2661 3233 τῷ
2693 3161 3006 3233 ἐναγομένῳ
3037 3162 3198 3235 μέχρι
3228 3163 3409 3233 ψήφου
3446 3163 3659 3219 ἀποκα-

404 3254 477 3310 ab
501 3256 688 3325 aliquo
713 3264 860 3311 metu
887 3254 1180 3325 accipiunt.
1237 3255 1498 3324 Raptores
1543 3255 1686 3309 enim
1718 3271 1826 3311 una
1853 3271 1979 3310 cum

403 3346 697 3416 quadrupli
722 3346 1079 3401 retributione
1102 3345 1262 3400 etiam
1287 3345 1649 3413 infamantur;
1682 3347 1776 3416 qui
1801 3355 1983 3402 autem

405 3446 613 3490 metum
655 3437 976 3502 intulerunt,
1026 3436 1082 3489 in
1114 3436 1517 3492 existimatione
1561 3446 1767 3493 tantum
1808 3438 1982 3493 labem

405 3523 651 3595 aliquam
678 3527 1030 3581 contrahunt.

474 3806 684 3863 'ZONAR.
717 3807 818 3875 Qui
842 3823 969 3865 vero
989 3809 1194 3864 alienas
1219 3809 1414 3865 domos
1446 3809 1761 3865 invaserunt
1794 3824 1990 3879 resque

410 3903 538 3959 inde
571 3903 905 3974 surripuere,
954 3903 1053 3968 illi,
1091 3904 1286 3973 inquit,
1318 3904 1366 3959 si
1393 3902 1613 3974 quidem
1640 3904 1880 3958 accusati
1925 3917 1991 3959 ac

407 4002 772 4066 pernegantes
815 3996 1046 4050 convicti
1091 3995 1310 4063 fuerint,
1341 4012 1467 4053 cum
1513 3995 1581 4050 iis
1623 3996 1827 4065 pariter
1852 4010 1992 4064 quos

410 4104 580 4159 supra
613 4088 854 4145 diximus
889 4091 958 4145 ab
996 4090 1275 4146 auditione
1309 4105 1527 4161 quoque
1565 4089 1989 4159 prohibeantur,

409 4180 655 4250 atquein
678 4181 923 4236 llentium
949 4182 1196 4237 ordinem
1228 4183 1569 4254 relegeutur;
1601 4183 1685 4238 sin
1718 4193 1897 4238 autem
1934 4197 1993 4239 se

414 4274 567 4340 ipsos
594 4270 928 4339 detexerint,
968 4282 1065 4328 aut
1106 4284 1234 4330 ante
1274 4275 1677 4331 accusationem
1716 4274 1993 4330 occultum

306 4380 311 4385 λ
411 4362 623 4417 crimen
653 4362 890 4419 confessi
921 4363 1143 4431 fuerint,
1170 4380 1367 4436 resque
1392 4366 1599 4421 ablatas
1628 4365 1991 4431 reddiderint,

413 4452 822 4508 constituantur
868 4455 923 4507 in
969 4471 1160 4509 eorum
1189 4457 1380 4511 ordine
1412 4457 1505 4525 qui
1536 4472 1566 4511 a
1603 4465 1824 4525 peccato
1870 4471 1995 4511 con-

2082 3252 2346 3324 ταστῆσαι
2372 3252 2432 3305 τὸ
2458 3253 2708 3321 πρᾶγμα,
2738 3253 2832 3306 καὶ
2863 3253 2937 3322 μὴ
2978 3250 3161 3306 δοῦναι
3197 3253 3258 3305 τδ
3302 3251 3656 3324 τετραπλοῦν.

2088 3345 2244 3397 Ἔστι
2270 3343 2327 3397 δὲ
2351 3345 2445 3397 καὶ
2470 3344 2631 3414 ἑτέρα
2657 3342 2888 3415 διαφορὰ
2905 3344 3011 3396 τῶν
3034 3343 3217 3414 βιαίως
3243 3342 3662 3415 ἀφαιρουμένων

2087 3437 2384 3508 πράγματα
2407 3438 2499 3490 καὶ
2522 3436 2628 3488 τῶν
2668 3436 2809 3491 κατὰ
2840 3437 3001 3506 φόϐον
3034 3438 3413 3509 λαμϐανόντων
3457 3456 3510 3491 τι
3548 3438 3661 3491 ἀπό

2085 3545 2228 3592 τινος
2251 3544 2265 3559 °
2291 3529 2341 3581 οἱ
2372 3528 2469 3599 μὲν
2491 3528 2600 3597 γὰρ
2624 3528 2870 3600 ἅρπαγες
2915 3530 3012 3582 σὺν
3050 3532 3118 3600 τῇ
3153 3529 3407 3583 ἀποδόσει
3445 3528 3540 3583 τοῦ
3567 3547 3662 3583 τε-

2085 3617 2327 3689 τραπλοῦ
2365 3618 2459 3671 καὶ
2504 3618 2851 3689 ἁτιμοῦνται·
2896 3621 2946 3673 οἱ
2983 3620 3040 3673 δὲ
3085 3619 3246 3690 φόϐον
3270 3621 3662 3689 ἐπαγαγόντες,

2090 3709 2403 3763 σπιλοῦνται
2433 3711 2590 3781 μόνον
2616 3710 2756 3776 κατὰ
2781 3711 2877 3782 τὴν
2906 3710 3191 3782 ὑπόληψιν.

2162 3800 2406 3853 ΖΩΝΑΡ.
2435 3801 2501 3853 Οἵ
2528 3818 2671 3864 τινες
2698 3801 2753 3855 δὲ
2781 3800 3015 3872 ἐπῆλθον
3040 3802 3210 3867 οἴκοις
3233 3802 3533 3875 ἀλλοτρίοις
3573 3804 3668 3858 καὶ

2088 3891 2342 3963 ἥρπασαν
2369 3886 2574 3946 ἐκεῖθεν
2606 3894 2880 3964 χρήματα,
2921 3886 3084 3959 οὗτοι,
3118 3896 3302 3965 φησὶν,
3322 3897 3371 3949 εί
3391 3901 3511 3967 μὲν,
3531 3914 3664 3950 κατ-

2092 3981 2452 4054 ηγορηθὲντες
2514 3982 2608 4038 καὶ
2649 3984 3002 4056 ἀρνούμενοι,
3056 3985 3423 4057 ἐλεγχθῶσιν,
3465 3990 3668 4060 ὁμοίως

2091 4079 2203 4141 τοῖς
2236 4078 2650 4149 προειρημένοις
2669 4080 2764 4133 καὶ
2790 4079 2891 4149 τῆς
2916 4080 3230 4152 ἀκροάσεως
3255 4081 3666 4146 κωλυέσθωσαν,

2093 4168 2187 4222 καὶ
2221 4169 2360 4240 μετά
2390 4169 2500 4223 τῶν
2529 4171 2965 4241 προσκλαιόντων
2991 4171 3362 4243 τετάχθωσανο
3393 4174 3442 4226 εί
3464 4172 3523 4227 δὲ
3547 4173 3670 4227 ἑαυ-

2091 4259 2220 4323 τοὺς
2251 4258 2560 4324 ὲξείπωσιν,
2586 4262 2618 4332 ἢ
2648 4260 2753 4333 πρὸ
2784 4260 2876 4314 τοῦ
2922 4263 3366 4335 κατηγορηθῆναι
3415 4264 3674 4336 ὁμολογή-

2096 4366 2261 4405 σωσιν
2289 4350 2481 4420 ἀγνοοὺ
2489 4368 2646 4422 μενον
2666 4352 2728 4404 τὸ
2748 4354 3070 4423 ἁμάρτημα,
3089 4355 3182 4407 καὶ
3204 4354 3448 4409 ἀποδοῖεν
3461 4354 3498 4409 ἀ
3517 4355 3674 4424 ἀφεί-

2094 4443 2265 4508 λοντο,
2292 4444 2533 4499 ἔστωσαν
2558 4446 2617 4499 ἐν
2648 4448 2760 4509 τοῖς
2788 4446 3219 4517 ὑποστρέφουσιν
3249 4447 3358 4502 ἀπὸ
3375 4448 3671 4519 ἁμαρτίας,

414 4550 725 4607 vertuntur,
768 4545 874 4599 hoc
913 4554 1017 4612 est,
1059 4547 1248 4600 ordine
1291 4548 1713 4613 substratorum,
1743 4547 1837 4617 qui
1870 4562 1983 4602 cum

2100 4538 2344 4591 τουτέστι
2367 4539 2466 4609 τῆς
2502 4538 2705 4604 τάξεως
2728 4538 2835 4593 τῶν
2857 4540 3290 4601 ὑποπιπτόντων,
3315 4541 3508 4604 οἵτινες
3540 4541 3676 4592 ὑπο-

417 4633 671 4690 ﬁdelibus
714 4635 930 4704 quidem
965 4646 1253 4706 precantur
1288 4640 1543 4707 templum
1574 4640 1858 4704 intrantes,
1895 4654 1998 4694 GB-

418 4715 597 4781 terum
621 4741 775 4782 more
798 4730 1313 4803 catecliumenorum
1347 4731 1717 4800 egrediuntur.

1029 4820 1258 4876 CANON
1303 4822 1396 4877 IX.

499 4930 520 4965 ι
555 4912 629 4968 De
661 4913 729 4967 iis
753 4913 925 4982 quiin
955 4929 1087 4983 agro
1117 4915 1201 4969 vel
1228 4915 1281 4970 in
1304 4916 1511 4971 aedibus
1539 4917 1654 4973 suis
1694 4933 1781 4979 ea,
1812 4932 1935 4986 quae
1967 4932 1997 4970 a

425 5022 450 5058 ι
493 5003 746 5060 barbaris
776 5004 957 5060 relicta
983 5016 1131 5070 sunt,
1172 5008 1516 5063 invenerunt.
1553 5009 1662 5064 Eos
1697 5019 1875 5062 autem
1904 5008 1999 5077 qui

426 5114 450 5150 ι
494 5095 549 5152 in
585 5114 780 5168 campo
817 5099 1022 5169 aliquid
1073 5101 1418 5164 invenerunt,
1445 5102 1530 5155 vel
1572 5103 1624 5155 in
1654 5101 1772 5157 suis
1793 5102 2001 5159 aedibus

422 5209 446 5242 ‹
494 5206 526 5244 a
556 5191 803 5250 barbaris
838 5193 1115 5258 relictum,
1150 5194 1195 5249 si
1229 5195 1470 5265 accusati
1501 5194 1720 5263 quidem
1768 5195 1999 5249 convicti

425 5300 449 5334 ι
495 5283 715 5352 fuerint,
747 5288 857 5341 sint
880 5287 1135 5342 similiter
1159 5289 1302 5343 inter
1317 5303 1414 5367 eos
1434 5287 1527 5356 qui
1550 5287 1999 5351 substernuntur;

426 5395 450 5427 4
494 5377 578 5432 sin
606 5390 788 5434 autem
819 5394 878 5435 se
899 5380 1049 5450 ipsos
1077 5379 1371 5434 detulerint
1388 5387 1443 5434 et
1462 5378 1815 5444 reddiderint,
1838 5379 2001 5434 etiam

428 5484 449 5517 ι
496 5467 750 5535 precibus
775 5468 926 5540 digni
966 5469 1293 5524 habeantur.
1344 5487 1363 5519 ι

496 5552 658 5610 Bitts.
706 5555 919 5612 Dictum
961 5570 1047 5614 est
1094 5558 1346 5628 superius
1371 5558 1438 5613 de
1466 5558 1535 5614 iis
1571 5557 1665 5627 Qui
1718 5556 1909 5611 dicunt
1945 5572 2004 5611 se

425 5644 702 5700 invenisse
714 5662 802 5701 res
813 5649 1155 5717 captivorum
1181 5648 1451 5720 neglectui
1473 5648 1713 5715 habitas,
1734 5657 1789 5703 et
1814 5662 2004 5702 earum

424 5735 530 5790 sibi
575 5735 960 5805 proprietatem
986 5738 1317 5795 vindicasse.
1348 5738 1507 5797 Nunc
1552 5748 1732 5796 autem
1761 5739 2005 5794 decernit

421 5837 673 5909 sanctus,
693 5841 787 5884 eos
812 5828 907 5899 qui
924 5845 1013 5886 res
1046 5832 1387 5900 captivorum
1415 5832 1469 5887 in
1495 5832 1749 5890 domibus
1771 5832 2000 5889 iuvenc—

455 5996 513 6026 θ

2105 4630 2450 4700 συνεύχονται
2485 4631 2583 4701 μὲν
2606 4634 2717 4694 τοῖς
2744 4633 2951 4694 πιστοῖς
2996 4633 3253 4698 εἰσιόντες
3282 4634 3362 4697 είς
3396 4633 3487 4687 τὸν
3524 4633 3672 4701 ναὸν,

2101 4723 2411 4797 ἐξέρχονται
2432 4724 2489 4777 δὲ
2518 4726 2592 4789 ὡς
2615 4727 2662 4777 οἱ
2698 4726 3108 4796 κατηχούμενοι.

2701 4819 2943 4872 ΚΑΝΩΝ
2994 4819 3070 4873 8'.

2177 4929 2195 4961 ι
2234 4911 2369 4982 Περὶ
2411 4910 2519 4965 τῶν
2567 4912 2624 4962 ἐν
2651 4905 2729 4981 τῷ
2774 4910 3002 4982 πεδίῳῆ
3050 4913 3108 4964 ἐν
3145 4912 3259 4974 τοῖς
3310 4909 3461 4973 ἰδίοις
3506 4909 3676 4973 οἴκοις

2106 5020 2124 5053 ι
2162 5000 2427 5073 εὑρόντων
2471 5002 2541 5055 τὰ
2590 5004 2695 5056 ὑπὸ
2746 5004 2852 5056 τῶν
2892 5002 3180 5075 βαρϐάρων
3227 5000 3672 5070 καταλειφθέντα.

2108 5114 2126 5146 ι
2163 5096 2302 5158 Τοὺς
2326 5094 2383 5149 δὲ
2426 5095 2485 5148 ἐν
2535 5096 2698 5166 πεδίῳ
2726 5097 2985 5167 εὑρόντας
3030 5112 3082 5148 τι
3125 5094 3159 5166 ἢ
3201 5095 3258 5145 ἐν
3301 5097 3422 5157 ταῖς
3467 5091 3677 5147 ἑαυτῶν

2108 5204 2126 5235 ι
2163 5185 2364 5249 οἰκίαις
2391 5186 2745 5254 καταλειφθὲν
2786 5186 2890 5238 ὑπὸ
2934 5184 3043 5239 τῶν
3085 5183 3405 5256 βαρϐάρων,
3434 5183 3532 5237 ὲάν
3579 5183 3679 5254 μὲν

2110 5294 2129 5325 ι
2165 5276 2635 5347 κατηγορηθέντες
2678 5275 3006 5346 ἐλεγχθῶσιν
3027 5315 3042 5339 ,
3070 5276 3273 5347 ὁμοίως
3301 5275 3360 5328 ἐν
3400 5277 3512 5339 τοῖς
3542 5273 3678 5328 ὑπο-

2109 5384 2129 5418 ι
2170 5366 2488 5420 πίπτουσιν·
2522 5365 2617 5420 ἐὰν
2657 5365 2714 5419 δὲ
2745 5365 2970 5428 ἑαυτοὺς
2994 5364 3253 5433 ἐξείπωσι
3282 5364 3376 5418 καὶ
3400 5361 3640 5417 ἀποδῶσι
3659 5401 3676 5426 ,

2110 5478 2128 5509 ι
2168 5460 2262 5513 καὶ
2289 5458 2387 5529 τῆς
2416 5460 2581 5529 εὑχης
2609 5457 2857 5521 ἀξιῶσαι.
2889 5476 2908 5509 ι

2180 5553 2370 5605 ΒΑΛΣ.
2402 5552 2628 5622 Εἴρηται
2657 5548 2876 5602 ὄπισθεν
2904 5550 3031 5621 περὶ
3061 5548 3169 5603 τῶν
3210 5547 3475 5617 λεγόντων
3501 5542 3681 5616 εὑρεῖν

2102 5643 2474 5714 ἀνεπιμέλητα
2505 5641 2574 5695 τὰ
2605 5640 2713 5693 τῶν
2757 5640 3300 5712 αἰχμαλωτισθέντων
3355 5639 3680 5711 πράγματα,

2106 5738 2198 5791 καὶ
2229 5734 2542 5789 ἰδιώσασθαι
2572 5733 2728 5787 αὑτά.
2761 5733 2872 5786 Kal.
2912 5731 3007 5787 νῦν
3034 5733 3092 5787 δὲ
3134 5732 3426 5803 διορίζεται
3467 5734 3496 5785 6
3523 5731 3680 5798 ἆγιος

2106 5830 2231 5893 τοὺς
2263 5830 2321 5881 ἐν
2348 5829 2466 5891 ταῖς
2494 5826 2691 5889 οἰκίαις
2717 5825 2823 5879 τῶν
2852 5824 3392 5896 αἰχμαλωτισθέντων
3419 5822 3679 5894 εὑρόντας
