  <div class='ocr_page' id='page_1' title='image "/cluster/home/n/w/nwhite01/storage/ocr_20150623/10/coo.31924054872894/534.png"; bbox 0 0 4090 6374; ppageno 0'>
   <div class='ocr_carea' id='block_1_1' title="bbox 436 409 572 468">
    <p class='ocr_par' dir='ltr' id='par_1_1' title="bbox 436 409 572 468">
     <span class='ocr_line' id='line_1_1' title="bbox 436 409 572 468; baseline 0.022 -3"><span class='ocrx_word' id='word_1_1' title='bbox 436 409 572 468; x_wconf 68' lang='grc'><strong>1045</strong></span> 
     </span>
    </p>
   </div>
   <div class='ocr_carea' id='block_1_2' title="bbox 1677 409 2418 465">
    <p class='ocr_par' dir='ltr' id='par_1_2' title="bbox 1677 409 2418 465">
     <span class='ocr_line' id='line_1_2' title="bbox 1677 409 2418 465; baseline -0.003 -2"><span class='ocrx_word' id='word_1_2' title='bbox 1677 409 2012 465; x_wconf 82' lang='lat' dir='ltr'><strong>EPISTOLA</strong></span> <span class='ocrx_word' id='word_1_3' title='bbox 2049 409 2418 464; x_wconf 66' lang='lat' dir='ltr'><strong>(IANONICA.</strong></span> 
     </span>
    </p>
   </div>
   <div class='ocr_carea' id='block_1_3' title="bbox 3530 412 3677 467">
    <p class='ocr_par' dir='ltr' id='par_1_3' title="bbox 3530 412 3677 467">
     <span class='ocr_line' id='line_1_3' title="bbox 3530 412 3677 467; baseline 0.02 -2"><span class='ocrx_word' id='word_1_4' title='bbox 3530 412 3677 467; x_wconf 73' lang='grc' dir='ltr'><strong>1οίίῖ</strong></span> 
     </span>
    </p>
   </div>
   <div class='ocr_carea' id='block_1_4' title="bbox 431 521 2001 596">
    <p class='ocr_par' dir='ltr' id='par_1_4' title="bbox 431 521 1999 596">
     <span class='ocr_line' id='line_1_4' title="bbox 431 521 1999 596; baseline -0.001 -20"><span class='ocrx_word' id='word_1_5' title='bbox 431 521 754 594; x_wconf 82' lang='grc' dir='ltr'>πράγματα,</span> <span class='ocrx_word' id='word_1_6' title='bbox 775 522 851 585; x_wconf 87' lang='grc' dir='ltr'>ὡς</span> <span class='ocrx_word' id='word_1_7' title='bbox 876 522 950 594; x_wconf 82' lang='grc' dir='ltr'>μὴ</span> <span class='ocrx_word' id='word_1_8' title='bbox 985 521 1138 593; x_wconf 82' lang='grc' dir='ltr'><strong>παρά</strong></span> <span class='ocrx_word' id='word_1_9' title='bbox 1162 521 1271 575; x_wconf 90' lang='grc' dir='ltr'><strong>τῶν</strong></span> <span class='ocrx_word' id='word_1_10' title='bbox 1301 521 1588 594; x_wconf 78' lang='grc' dir='ltr'>βαρϐάρων</span> <span class='ocrx_word' id='word_1_11' title='bbox 1619 523 1999 596; x_wconf 77' lang='grc' dir='ltr'>ἀφαιρεθέντα,</span> 
     </span>
    </p>
   </div>
   <div class='ocr_carea' id='block_1_5' title="bbox 2103 521 3654 596">
    <p class='ocr_par' dir='ltr' id='par_1_5' title="bbox 2107 522 3654 594">
     <span class='ocr_line' id='line_1_5' title="bbox 2107 522 3654 594; baseline 0.003 -19"><span class='ocrx_word' id='word_1_12' title='bbox 2107 533 2254 588; x_wconf 84' lang='lat' dir='ltr'><strong>runt,</strong></span> <span class='ocrx_word' id='word_1_13' title='bbox 2278 532 2461 594; x_wconf 72' lang='lat' dir='ltr'><strong>utpote</strong></span> <span class='ocrx_word' id='word_1_14' title='bbox 2490 539 2594 577; x_wconf 89' lang='lat' dir='ltr'><strong>non</strong></span> <span class='ocrx_word' id='word_1_15' title='bbox 2634 540 2663 577; x_wconf 77' lang='grc' dir='ltr'><strong>ιι</strong></span> <span class='ocrx_word' id='word_1_16' title='bbox 2704 522 2947 577; x_wconf 83' lang='lat' dir='ltr'><strong>barbaris</strong></span> <span class='ocrx_word' id='word_1_17' title='bbox 2974 523 3202 586; x_wconf 86' lang='lat' dir='ltr'><strong>ablatas,</strong></span> <span class='ocrx_word' id='word_1_18' title='bbox 3230 523 3311 580; x_wconf 87' lang='lat' dir='ltr'><strong>vel</strong></span> <span class='ocrx_word' id='word_1_19' title='bbox 3342 524 3521 578; x_wconf 70' lang='lat' dir='ltr'><strong>in&#39;viis</strong></span> <span class='ocrx_word' id='word_1_20' title='bbox 3572 527 3654 579; x_wconf 86' lang='lat' dir='ltr'><strong>ab-</strong></span> 
     </span>
    </p>
   </div>
   <div class='ocr_carea' id='block_1_6' title="bbox 430 614 1996 690">
    <p class='ocr_par' dir='ltr' id='par_1_6' title="bbox 430 614 1996 690">
     <span class='ocr_line' id='line_1_6' title="bbox 430 614 1996 690; baseline 0.001 -22"><span class='ocrx_word' id='word_1_21' title='bbox 430 615 464 686; x_wconf 77' lang='grc' dir='ltr'>ἢ</span> <span class='ocrx_word' id='word_1_22' title='bbox 496 614 590 668; x_wconf 83' lang='grc' dir='ltr'>καὶ</span> <span class='ocrx_word' id='word_1_23' title='bbox 620 614 760 669; x_wconf 85' lang='grc' dir='ltr'><strong>κατά</strong></span> <span class='ocrx_word' id='word_1_24' title='bbox 787 614 884 677; x_wconf 77' lang='grc' dir='ltr'><strong>τὰς</strong></span> <span class='ocrx_word' id='word_1_25' title='bbox 929 614 1081 677; x_wconf 75' lang='grc' dir='ltr'>ὁδοὺς</span> <span class='ocrx_word' id='word_1_26' title='bbox 1122 614 1363 685; x_wconf 78' lang='grc' dir='ltr'><strong>ῥιφέντα,</strong></span> <span class='ocrx_word' id='word_1_27' title='bbox 1400 616 1488 669; x_wconf 90' lang='grc' dir='ltr'><strong>διά</strong></span> <span class='ocrx_word' id='word_1_28' title='bbox 1520 618 1581 670; x_wconf 83' lang='grc' dir='ltr'><strong>τὸ</strong></span> <span class='ocrx_word' id='word_1_29' title='bbox 1613 618 1777 690; x_wconf 81' lang='grc' dir='ltr'>βάρος</span> <span class='ocrx_word' id='word_1_30' title='bbox 1816 619 1996 688; x_wconf 83' lang='grc' dir='ltr'>τυχὸν,</span> 
     </span>
    </p>
   </div>
   <div class='ocr_carea' id='block_1_7' title="bbox 429 705 2001 780">
    <p class='ocr_par' dir='ltr' id='par_1_7' title="bbox 429 705 2001 780">
     <span class='ocr_line' id='line_1_7' title="bbox 429 705 2001 780; baseline 0.002 -19"><span class='ocrx_word' id='word_1_31' title='bbox 429 706 910 768; x_wconf 85' lang='grc' dir='ltr'>ἀποκαθιστῶντας</span> <span class='ocrx_word' id='word_1_32' title='bbox 939 707 1037 776; x_wconf 80' lang='grc' dir='ltr'><strong>μὲν</strong></span> <span class='ocrx_word' id='word_1_33' title='bbox 1080 705 1436 777; x_wconf 77' lang='grc' dir='ltr'><strong>εὐγνωμόνως</strong></span> <span class='ocrx_word' id='word_1_34' title='bbox 1478 707 1546 762; x_wconf 85' lang='grc' dir='ltr'>τὰ</span> <span class='ocrx_word' id='word_1_35' title='bbox 1587 710 1893 780; x_wconf 82' lang='grc' dir='ltr'>εὑρεθέντα,</span> <span class='ocrx_word' id='word_1_36' title='bbox 1922 712 2001 774; x_wconf 85' lang='grc' dir='ltr'><strong>είς</strong></span> 
     </span>
    </p>
   </div>
   <div class='ocr_carea' id='block_1_8' title="bbox 430 798 1995 872">
    <p class='ocr_par' dir='ltr' id='par_1_8' title="bbox 430 798 1995 872">
     <span class='ocr_line' id='line_1_8' title="bbox 430 798 1995 872; baseline 0.002 -20"><span class='ocrx_word' id='word_1_37' title='bbox 430 800 521 852; x_wconf 82' lang='grc' dir='ltr'><strong>τὸν</strong></span> <span class='ocrx_word' id='word_1_38' title='bbox 566 798 730 851; x_wconf 82' lang='grc' dir='ltr'>τόπον</span> <span class='ocrx_word' id='word_1_39' title='bbox 776 799 1024 852; x_wconf 80' lang='grc' dir='ltr'>ἵστασθαι</span> <span class='ocrx_word' id='word_1_40' title='bbox 1067 799 1157 853; x_wconf 83' lang='grc' dir='ltr'><strong>τὸν</strong></span> <span class='ocrx_word' id='word_1_41' title='bbox 1194 800 1394 854; x_wconf 81' lang='grc' dir='ltr'>τέλειον</span> <span class='ocrx_word' id='word_1_42' title='bbox 1431 801 1566 872; x_wconf 86' lang='grc' dir='ltr'><strong>μετά</strong></span> <span class='ocrx_word' id='word_1_43' title='bbox 1604 802 1711 855; x_wconf 88' lang='grc' dir='ltr'><strong>τῶν</strong></span> <span class='ocrx_word' id='word_1_44' title='bbox 1755 802 1995 855; x_wconf 89' lang='grc' dir='ltr'>πιστῶν·</span> 
     </span>
    </p>
   </div>
   <div class='ocr_carea' id='block_1_9' title="bbox 430 889 1999 957">
    <p class='ocr_par' dir='ltr' id='par_1_9' title="bbox 430 889 1999 957">
     <span class='ocr_line' id='line_1_9' title="bbox 430 889 1999 957; baseline 0.001 -13"><span class='ocrx_word' id='word_1_45' title='bbox 430 893 480 944; x_wconf 88' lang='grc' dir='ltr'><strong>εί</strong></span> <span class='ocrx_word' id='word_1_46' title='bbox 504 889 564 949; x_wconf 79' lang='grc' dir='ltr'>δὲ</span> <span class='ocrx_word' id='word_1_47' title='bbox 591 890 1048 955; x_wconf 86' lang='grc' dir='ltr'>καταδικασθῶσι,</span> <span class='ocrx_word' id='word_1_48' title='bbox 1077 891 1366 947; x_wconf 82' lang='grc' dir='ltr'>τάττεσθαι</span> <span class='ocrx_word' id='word_1_49' title='bbox 1396 894 1492 947; x_wconf 85' lang='grc' dir='ltr'><strong>σὺν</strong></span> <span class='ocrx_word' id='word_1_50' title='bbox 1522 897 1633 957; x_wconf 88' lang='grc' dir='ltr'>τοῖς</span> <span class='ocrx_word' id='word_1_51' title='bbox 1666 894 1999 947; x_wconf 84' lang='grc' dir='ltr'>ὑποπίπτου-</span> 
     </span>
    </p>
   </div>
   <div class='ocr_carea' id='block_1_10' title="bbox 432 982 2002 1056">
    <p class='ocr_par' dir='ltr' id='par_1_10' title="bbox 432 982 2002 1056">
     <span class='ocr_line' id='line_1_10' title="bbox 432 982 2002 1056; baseline 0.003 -23"><span class='ocrx_word' id='word_1_52' title='bbox 432 998 538 1046; x_wconf 85' lang='grc' dir='ltr'>σιν,</span> <span class='ocrx_word' id='word_1_53' title='bbox 562 982 729 1052; x_wconf 76' lang='grc' dir='ltr'>ἦγουν</span> <span class='ocrx_word' id='word_1_54' title='bbox 754 982 1070 1052; x_wconf 79' lang='grc' dir='ltr'>ὲξέρχεσθαι</span> <span class='ocrx_word' id='word_1_55' title='bbox 1100 984 1237 1054; x_wconf 87' lang='grc' dir='ltr'><strong>μετά</strong></span> <span class='ocrx_word' id='word_1_56' title='bbox 1264 983 1372 1037; x_wconf 88' lang='grc' dir='ltr'><strong>τῶν</strong></span> <span class='ocrx_word' id='word_1_57' title='bbox 1404 986 1845 1056; x_wconf 86' lang='grc' dir='ltr'>κατηχουμένων.</span> <span class='ocrx_word' id='word_1_58' title='bbox 1871 984 2002 1037; x_wconf 81' lang='grc' dir='ltr'>Τού-</span> 
     </span>
    </p>
   </div>
   <div class='ocr_carea' id='block_1_11' title="bbox 430 1072 2002 1145">
    <p class='ocr_par' dir='ltr' id='par_1_11' title="bbox 430 1072 2002 1145">
     <span class='ocr_line' id='line_1_11' title="bbox 430 1072 2002 1145; baseline 0.001 -18"><span class='ocrx_word' id='word_1_59' title='bbox 430 1091 538 1128; x_wconf 92' lang='grc' dir='ltr'><strong>των</strong></span> <span class='ocrx_word' id='word_1_60' title='bbox 564 1072 737 1140; x_wconf 87' lang='grc' dir='ltr'>οὕτως</span> <span class='ocrx_word' id='word_1_61' title='bbox 781 1075 1011 1145; x_wconf 79' lang='grc' dir='ltr'>ἑχόντων</span> <span class='ocrx_word' id='word_1_62' title='bbox 1032 1115 1048 1142; x_wconf 85' lang='grc'><strong>,</strong></span> <span class='ocrx_word' id='word_1_63' title='bbox 1078 1076 1221 1129; x_wconf 81' lang='grc' dir='ltr'>εἴποι</span> <span class='ocrx_word' id='word_1_64' title='bbox 1262 1093 1366 1142; x_wconf 90' lang='grc' dir='ltr'>τις,</span> <span class='ocrx_word' id='word_1_65' title='bbox 1397 1076 1473 1140; x_wconf 85' lang='grc' dir='ltr'>ὡς</span> <span class='ocrx_word' id='word_1_66' title='bbox 1503 1077 1564 1130; x_wconf 87' lang='grc' dir='ltr'><strong>τὸ</strong></span> <span class='ocrx_word' id='word_1_67' title='bbox 1606 1075 1746 1131; x_wconf 81' lang='grc' dir='ltr'>οὕτω</span> <span class='ocrx_word' id='word_1_68' title='bbox 1783 1076 2002 1141; x_wconf 74' lang='grc' dir='ltr'>κολάζε-</span> 
     </span>
    </p>
   </div>
   <div class='ocr_carea' id='block_1_12' title="bbox 434 1166 2001 1241">
    <p class='ocr_par' dir='ltr' id='par_1_12' title="bbox 434 1166 2001 1241">
     <span class='ocr_line' id='line_1_12' title="bbox 434 1166 2001 1241; baseline 0.001 -21"><span class='ocrx_word' id='word_1_69' title='bbox 434 1166 558 1220; x_wconf 88' lang='grc' dir='ltr'>σθαι</span> <span class='ocrx_word' id='word_1_70' title='bbox 596 1168 725 1230; x_wconf 82' lang='grc' dir='ltr'>τοὺς</span> <span class='ocrx_word' id='word_1_71' title='bbox 758 1167 1126 1239; x_wconf 81' lang='grc' dir='ltr'>ἀναμένοντας</span> <span class='ocrx_word' id='word_1_72' title='bbox 1176 1169 1476 1240; x_wconf 83' lang='grc' dir='ltr'>καταδίκην</span> <span class='ocrx_word' id='word_1_73' title='bbox 1519 1170 1676 1241; x_wconf 84' lang='grc' dir='ltr'>χάριν</span> <span class='ocrx_word' id='word_1_74' title='bbox 1720 1171 2001 1240; x_wconf 89' lang='grc' dir='ltr'>ἀντιστρο-</span> 
     </span>
    </p>
   </div>
   <div class='ocr_carea' id='block_1_13' title="bbox 432 1259 2001 1331">
    <p class='ocr_par' dir='ltr' id='par_1_13' title="bbox 432 1259 2001 1331">
     <span class='ocr_line' id='line_1_13' title="bbox 432 1259 2001 1331; baseline -0.001 -18"><span class='ocrx_word' id='word_1_75' title='bbox 432 1259 539 1329; x_wconf 84' lang='grc' dir='ltr'>φῆς</span> <span class='ocrx_word' id='word_1_76' title='bbox 583 1259 676 1312; x_wconf 86' lang='grc' dir='ltr'><strong>τοῦ</strong></span> <span class='ocrx_word' id='word_1_77' title='bbox 701 1259 1027 1330; x_wconf 81' lang='grc' dir='ltr'>εὑρέματος,</span> <span class='ocrx_word' id='word_1_78' title='bbox 1056 1259 1390 1314; x_wconf 76' lang='grc' dir='ltr'>δικαιότατον</span> <span class='ocrx_word' id='word_1_79' title='bbox 1444 1263 1592 1314; x_wconf 87' lang='grc' dir='ltr'>ὲστιν</span> <span class='ocrx_word' id='word_1_80' title='bbox 1616 1301 1629 1325; x_wconf 93' lang='grc'><strong>,</strong></span> <span class='ocrx_word' id='word_1_81' title='bbox 1682 1260 1763 1313; x_wconf 82' lang='grc' dir='ltr'>ὅτι</span> <span class='ocrx_word' id='word_1_82' title='bbox 1811 1260 1903 1313; x_wconf 78' lang='grc' dir='ltr'>καὶ</span> <span class='ocrx_word' id='word_1_83' title='bbox 1933 1262 2001 1331; x_wconf 76' lang='grc' dir='ltr'>τῇ</span> 
     </span>
    </p>
   </div>
   <div class='ocr_carea' id='block_1_14' title="bbox 431 1349 2002 1423">
    <p class='ocr_par' dir='ltr' id='par_1_14' title="bbox 431 1349 2002 1423">
     <span class='ocr_line' id='line_1_14' title="bbox 431 1349 2002 1423; baseline 0.001 -21"><span class='ocrx_word' id='word_1_84' title='bbox 431 1350 563 1423; x_wconf 78' lang='grc' dir='ltr'>περὶ</span> <span class='ocrx_word' id='word_1_85' title='bbox 604 1349 810 1420; x_wconf 82' lang='grc' dir='ltr'><strong>κλοπῆς</strong></span> <span class='ocrx_word' id='word_1_86' title='bbox 842 1352 1030 1422; x_wconf 75' lang='grc' dir='ltr'>ἀγωγῇ</span> <span class='ocrx_word' id='word_1_87' title='bbox 1064 1352 1371 1422; x_wconf 72' lang='grc' dir='ltr'>ἐνέχονται,</span> <span class='ocrx_word' id='word_1_88' title='bbox 1405 1350 1546 1406; x_wconf 84' lang='grc' dir='ltr'><strong>κατά</strong></span> <span class='ocrx_word' id='word_1_89' title='bbox 1592 1352 1682 1406; x_wconf 84' lang='grc' dir='ltr'><strong>τὸν</strong></span> <span class='ocrx_word' id='word_1_90' title='bbox 1722 1351 1885 1423; x_wconf 87' lang='grc' dir='ltr'>νόμον</span> <span class='ocrx_word' id='word_1_91' title='bbox 1912 1352 2002 1405; x_wconf 81' lang='grc' dir='ltr'><strong>τὸν</strong></span> 
     </span>
    </p>
   </div>
   <div class='ocr_carea' id='block_1_15' title="bbox 432 1421 2004 1528">
    <p class='ocr_par' dir='ltr' id='par_1_15' title="bbox 432 1421 2004 1528">
     <span class='ocr_line' id='line_1_15' title="bbox 432 1421 2004 1528; baseline 0.001 -33"><span class='ocrx_word' id='word_1_92' title='bbox 432 1421 688 1528; x_wconf 54' lang='grc' dir='ltr'>λξγοντασ</span> <span class='ocrx_word' id='word_1_93' title='bbox 751 1421 1027 1515; x_wconf 19' lang='grc' dir='ltr'>Κλέπτηςη</span> <span class='ocrx_word' id='word_1_94' title='bbox 1061 1421 1207 1498; x_wconf 68' lang='grc' dir='ltr'>ὲστῖν</span> <span class='ocrx_word' id='word_1_95' title='bbox 1261 1446 1290 1498; x_wconf 90' lang='lat'><strong>6</strong></span> <span class='ocrx_word' id='word_1_96' title='bbox 1330 1444 1392 1497; x_wconf 77' lang='grc' dir='ltr'><strong>τὸ</strong></span> <span class='ocrx_word' id='word_1_97' title='bbox 1436 1442 1713 1517; x_wconf 88' lang='grc' dir='ltr'>ἀλλότριον</span> <span class='ocrx_word' id='word_1_98' title='bbox 1770 1421 2004 1517; x_wconf 82' lang='grc' dir='ltr'>πρᾶγμα</span> 
     </span>
    </p>
   </div>
   <div class='ocr_carea' id='block_1_16' title="bbox 430 1533 2002 1606">
    <p class='ocr_par' dir='ltr' id='par_1_16' title="bbox 430 1533 2002 1606">
     <span class='ocr_line' id='line_1_16' title="bbox 430 1533 2002 1606; baseline 0.002 -20"><span class='ocrx_word' id='word_1_99' title='bbox 430 1533 695 1605; x_wconf 79' lang='grc' dir='ltr'><strong>ψηλαφῶν</strong></span> <span class='ocrx_word' id='word_1_100' title='bbox 726 1533 878 1606; x_wconf 86' lang='grc' dir='ltr'><strong>παρά</strong></span> <span class='ocrx_word' id='word_1_101' title='bbox 907 1533 1130 1605; x_wconf 82' lang='grc' dir='ltr'>γνώμην</span> <span class='ocrx_word' id='word_1_102' title='bbox 1164 1534 1258 1588; x_wconf 89' lang='grc' dir='ltr'><strong>τοῦ</strong></span> <span class='ocrx_word' id='word_1_103' title='bbox 1287 1535 1546 1590; x_wconf 75' lang='grc' dir='ltr'>δεσπότου</span> <span class='ocrx_word' id='word_1_104' title='bbox 1588 1537 1645 1591; x_wconf 83' lang='grc' dir='ltr'><strong>ὲν</strong></span> <span class='ocrx_word' id='word_1_105' title='bbox 1683 1536 1882 1606; x_wconf 79' lang='grc' dir='ltr'>εἰδήσει</span> <span class='ocrx_word' id='word_1_106' title='bbox 1909 1536 2002 1591; x_wconf 87' lang='grc' dir='ltr'><strong>τοῦ</strong></span> 
     </span>
    </p>
   </div>
   <div class='ocr_carea' id='block_1_17' title="bbox 430 1626 2004 1696">
    <p class='ocr_par' dir='ltr' id='par_1_17' title="bbox 430 1626 2004 1696">
     <span class='ocr_line' id='line_1_17' title="bbox 430 1626 2004 1696; baseline 0.001 -17"><span class='ocrx_word' id='word_1_107' title='bbox 430 1626 671 1696; x_wconf 81' lang='grc' dir='ltr'>λυπῆσαι</span> <span class='ocrx_word' id='word_1_108' title='bbox 712 1626 895 1683; x_wconf 83' lang='grc' dir='ltr'>αὐτόν.</span> <span class='ocrx_word' id='word_1_109' title='bbox 933 1627 1005 1679; x_wconf 84' lang='grc' dir='ltr'><strong>Τὸ</strong></span> <span class='ocrx_word' id='word_1_110' title='bbox 1035 1626 1093 1679; x_wconf 82' lang='grc' dir='ltr'>δὲ</span> <span class='ocrx_word' id='word_1_111' title='bbox 1135 1627 1485 1681; x_wconf 78' lang='grc' dir='ltr'>συνίστασθαι</span> <span class='ocrx_word' id='word_1_112' title='bbox 1515 1629 1627 1690; x_wconf 83' lang='grc' dir='ltr'>τοῖς</span> <span class='ocrx_word' id='word_1_113' title='bbox 1648 1630 1878 1691; x_wconf 83' lang='grc' dir='ltr'>πιστοῖς,</span> <span class='ocrx_word' id='word_1_114' title='bbox 1912 1628 2004 1681; x_wconf 80' lang='grc' dir='ltr'><strong>καὶ</strong></span> 
     </span>
    </p>
   </div>
   <div class='ocr_carea' id='block_1_18' title="bbox 433 1718 2005 1792">
    <p class='ocr_par' dir='ltr' id='par_1_18' title="bbox 433 1718 2005 1792">
     <span class='ocr_line' id='line_1_18' title="bbox 433 1718 2005 1792; baseline 0.001 -20"><span class='ocrx_word' id='word_1_115' title='bbox 433 1719 595 1790; x_wconf 84' lang='grc' dir='ltr'>μόνον</span> <span class='ocrx_word' id='word_1_116' title='bbox 631 1719 705 1790; x_wconf 82' lang='grc' dir='ltr'>μὴ</span> <span class='ocrx_word' id='word_1_117' title='bbox 750 1718 1030 1784; x_wconf 77' lang='grc' dir='ltr'>ἀξιοῦσθαι</span> <span class='ocrx_word' id='word_1_118' title='bbox 1067 1720 1123 1774; x_wconf 85' lang='grc' dir='ltr'>δὲ</span> <span class='ocrx_word' id='word_1_119' title='bbox 1166 1719 1275 1773; x_wconf 87' lang='grc' dir='ltr'><strong>τῶν</strong></span> <span class='ocrx_word' id='word_1_120' title='bbox 1326 1720 1680 1791; x_wconf 86' lang='grc' dir='ltr'>άγιασμάτων</span> <span class='ocrx_word' id='word_1_121' title='bbox 1716 1721 1806 1773; x_wconf 85' lang='grc' dir='ltr'><strong>τὸν</strong></span> <span class='ocrx_word' id='word_1_122' title='bbox 1838 1737 2005 1792; x_wconf 84' lang='grc' dir='ltr'>προσ-</span> 
     </span>
    </p>
   </div>
   <div class='ocr_carea' id='block_1_19' title="bbox 429 1811 1999 1884">
    <p class='ocr_par' dir='ltr' id='par_1_19' title="bbox 429 1811 1999 1884">
     <span class='ocr_line' id='line_1_19' title="bbox 429 1811 1999 1884; baseline 0 -19"><span class='ocrx_word' id='word_1_123' title='bbox 429 1811 760 1880; x_wconf 83' lang='grc' dir='ltr'>αγγείλαντα</span> <span class='ocrx_word' id='word_1_124' title='bbox 785 1811 976 1864; x_wconf 77' lang='grc' dir='ltr'>ἑαυτὸν</span> <span class='ocrx_word' id='word_1_125' title='bbox 996 1813 1090 1865; x_wconf 78' lang='grc' dir='ltr'><strong>καὶ</strong></span> <span class='ocrx_word' id='word_1_126' title='bbox 1117 1812 1471 1883; x_wconf 80' lang='grc' dir='ltr'>εὐγνωμόνως</span> <span class='ocrx_word' id='word_1_127' title='bbox 1496 1812 1656 1868; x_wconf 87' lang='grc' dir='ltr'>δόντα</span> <span class='ocrx_word' id='word_1_128' title='bbox 1683 1813 1744 1865; x_wconf 87' lang='grc' dir='ltr'><strong>τὸ</strong></span> <span class='ocrx_word' id='word_1_129' title='bbox 1774 1812 1999 1884; x_wconf 86' lang='grc' dir='ltr'>εὕρεμα,</span> 
     </span>
    </p>
   </div>
   <div class='ocr_carea' id='block_1_20' title="bbox 428 1902 1999 1976">
    <p class='ocr_par' dir='ltr' id='par_1_20' title="bbox 428 1902 1999 1976">
     <span class='ocr_line' id='line_1_20' title="bbox 428 1902 1999 1976; baseline -0.001 -18"><span class='ocrx_word' id='word_1_130' title='bbox 428 1903 617 1967; x_wconf 73' lang='grc' dir='ltr'>καινόν</span> <span class='ocrx_word' id='word_1_131' title='bbox 646 1907 828 1958; x_wconf 78' lang='grc' dir='ltr'>ἐστιν’</span> <span class='ocrx_word' id='word_1_132' title='bbox 859 1902 1006 1968; x_wconf 79' lang='grc' dir='ltr'>ἄξιος</span> <span class='ocrx_word' id='word_1_133' title='bbox 1039 1903 1149 1976; x_wconf 76' lang='grc' dir='ltr'><strong>γάρ</strong></span> <span class='ocrx_word' id='word_1_134' title='bbox 1197 1904 1392 1974; x_wconf 75' lang='grc' dir='ltr'>μᾶλλον</span> <span class='ocrx_word' id='word_1_135' title='bbox 1431 1905 1793 1975; x_wconf 80' lang='grc' dir='ltr'>Εὕχαριστίας</span> <span class='ocrx_word' id='word_1_136' title='bbox 1833 1905 1999 1969; x_wconf 76' lang='grc' dir='ltr'>ἐστὶν,</span> 
     </span>
    </p>
   </div>
   <div class='ocr_carea' id='block_1_21' title="bbox 429 1994 2004 2066">
    <p class='ocr_par' dir='ltr' id='par_1_21' title="bbox 429 1994 2004 2066">
     <span class='ocr_line' id='line_1_21' title="bbox 429 1994 2004 2066; baseline 0.001 -18"><span class='ocrx_word' id='word_1_137' title='bbox 429 1995 507 2059; x_wconf 84' lang='grc' dir='ltr'><strong>ὡς</strong></span> <span class='ocrx_word' id='word_1_138' title='bbox 551 1996 612 2051; x_wconf 84' lang='grc' dir='ltr'>τὸ</span> <span class='ocrx_word' id='word_1_139' title='bbox 643 1997 874 2066; x_wconf 80' lang='grc' dir='ltr'>πρᾶγμα</span> <span class='ocrx_word' id='word_1_140' title='bbox 927 1994 1021 2048; x_wconf 90' lang='grc' dir='ltr'><strong>τοῦ</strong></span> <span class='ocrx_word' id='word_1_141' title='bbox 1070 1996 1593 2066; x_wconf 80' lang='grc' dir='ltr'>αἰχμαλωτισθέντος</span> <span class='ocrx_word' id='word_1_142' title='bbox 1619 1996 1858 2066; x_wconf 76' lang='grc' dir='ltr'>φυλάξας</span> <span class='ocrx_word' id='word_1_143' title='bbox 1910 1997 2004 2050; x_wconf 79' lang='grc' dir='ltr'>καὶ</span> 
     </span>
    </p>
   </div>
   <div class='ocr_carea' id='block_1_22' title="bbox 429 2086 2001 2157">
    <p class='ocr_par' dir='ltr' id='par_1_22' title="bbox 429 2086 2001 2157">
     <span class='ocr_line' id='line_1_22' title="bbox 429 2086 2001 2157; baseline 0.001 -19"><span class='ocrx_word' id='word_1_144' title='bbox 429 2086 890 2157; x_wconf 76' lang='grc' dir='ltr'>ἀποκαταστήσας</span> <span class='ocrx_word' id='word_1_145' title='bbox 919 2086 1071 2140; x_wconf 79' lang='grc' dir='ltr'>αὐτό.</span> <span class='ocrx_word' id='word_1_146' title='bbox 1107 2086 1198 2139; x_wconf 85' lang='grc' dir='ltr'>Διὸ</span> <span class='ocrx_word' id='word_1_147' title='bbox 1226 2086 1318 2139; x_wconf 79' lang='grc' dir='ltr'><strong>καὶ</strong></span> <span class='ocrx_word' id='word_1_148' title='bbox 1351 2087 1568 2155; x_wconf 84' lang='grc' dir='ltr'>λέγουσί</span> <span class='ocrx_word' id='word_1_149' title='bbox 1593 2105 1740 2151; x_wconf 87' lang='grc' dir='ltr'>τινες</span> <span class='ocrx_word' id='word_1_150' title='bbox 1775 2087 2001 2141; x_wconf 85' lang='grc' dir='ltr'>συνέπε-</span> 
     </span>
    </p>
   </div>
   <div class='ocr_carea' id='block_1_23' title="bbox 432 2177 2005 2253">
    <p class='ocr_par' dir='ltr' id='par_1_23' title="bbox 432 2177 2005 2253">
     <span class='ocr_line' id='line_1_23' title="bbox 432 2177 2005 2253; baseline 0.001 -22"><span class='ocrx_word' id='word_1_151' title='bbox 432 2177 555 2237; x_wconf 78' lang='grc' dir='ltr'>σθαι</span> <span class='ocrx_word' id='word_1_152' title='bbox 591 2179 658 2249; x_wconf 77' lang='grc' dir='ltr'>τῇ</span> <span class='ocrx_word' id='word_1_153' title='bbox 696 2179 833 2250; x_wconf 88' lang='grc' dir='ltr'><strong>μετά</strong></span> <span class='ocrx_word' id='word_1_154' title='bbox 882 2177 990 2231; x_wconf 83' lang='grc' dir='ltr'><strong>τῶν</strong></span> <span class='ocrx_word' id='word_1_155' title='bbox 1033 2178 1238 2231; x_wconf 81' lang='grc' dir='ltr'>πιστῶν</span> <span class='ocrx_word' id='word_1_156' title='bbox 1284 2181 1570 2244; x_wconf 74' lang='grc' dir='ltr'>συστάσει,</span> <span class='ocrx_word' id='word_1_157' title='bbox 1617 2181 1712 2235; x_wconf 76' lang='grc' dir='ltr'><strong>καὶ</strong></span> <span class='ocrx_word' id='word_1_158' title='bbox 1756 2179 1852 2253; x_wconf 80' lang='grc' dir='ltr'>τὴν</span> <span class='ocrx_word' id='word_1_159' title='bbox 1897 2180 2005 2234; x_wconf 89' lang='grc' dir='ltr'><strong>τῶν</strong></span> 
     </span>
    </p>
   </div>
   <div class='ocr_carea' id='block_1_24' title="bbox 432 2269 1381 2343">
    <p class='ocr_par' dir='ltr' id='par_1_24' title="bbox 432 2269 1381 2343">
     <span class='ocr_line' id='line_1_24' title="bbox 432 2269 1381 2343; baseline -0.002 -18"><span class='ocrx_word' id='word_1_160' title='bbox 432 2269 788 2341; x_wconf 79' lang='grc' dir='ltr'>ἁγιασμάτων</span> <span class='ocrx_word' id='word_1_161' title='bbox 823 2270 1036 2340; x_wconf 80' lang='grc' dir='ltr'>μέθεξιν</span> <span class='ocrx_word' id='word_1_162' title='bbox 1070 2271 1381 2343; x_wconf 79' lang='grc' dir='ltr'>σιωπηρῶς.</span> 
     </span>
    </p>
   </div>
   <div class='ocr_carea' id='block_1_25' title="bbox 501 2362 2000 2438">
    <p class='ocr_par' dir='ltr' id='par_1_25' title="bbox 501 2362 2000 2438">
     <span class='ocr_line' id='line_1_25' title="bbox 501 2362 2000 2438; baseline 0.001 -19"><span class='ocrx_word' id='word_1_163' title='bbox 501 2363 746 2419; x_wconf 80' lang='grc' dir='ltr'><strong>ΖΩΝΑΡ.</strong></span> <span class='ocrx_word' id='word_1_164' title='bbox 795 2364 858 2415; x_wconf 83' lang='lat' dir='ltr'><strong>Oi.</strong></span> <span class='ocrx_word' id='word_1_165' title='bbox 893 2362 1185 2435; x_wconf 82' lang='grc' dir='ltr'>βάρϐαροι,</span> <span class='ocrx_word' id='word_1_166' title='bbox 1231 2362 1614 2433; x_wconf 75' lang='grc' dir='ltr'>λεηλατοῦντες</span> <span class='ocrx_word' id='word_1_167' title='bbox 1653 2364 1752 2436; x_wconf 79' lang='grc' dir='ltr'><strong>τὴν</strong></span> <span class='ocrx_word' id='word_1_168' title='bbox 1798 2365 2000 2438; x_wconf 84' lang='grc' dir='ltr'>χώραν,</span> 
     </span>
    </p>
   </div>
   <div class='ocr_carea' id='block_1_26' title="bbox 431 2454 2004 2528">
    <p class='ocr_par' dir='ltr' id='par_1_26' title="bbox 431 2454 2004 2528">
     <span class='ocr_line' id='line_1_26' title="bbox 431 2454 2004 2528; baseline 0.004 -22"><span class='ocrx_word' id='word_1_169' title='bbox 431 2454 675 2526; x_wconf 74' lang='grc' dir='ltr'>ἥρπαζον</span> <span class='ocrx_word' id='word_1_170' title='bbox 731 2456 1059 2526; x_wconf 86' lang='grc' dir='ltr'>πράγματα·</span> <span class='ocrx_word' id='word_1_171' title='bbox 1112 2458 1205 2510; x_wconf 75' lang='grc' dir='ltr'><strong>καὶ</strong></span> <span class='ocrx_word' id='word_1_172' title='bbox 1260 2456 1292 2526; x_wconf 81' lang='grc' dir='ltr'>ἢ</span> <span class='ocrx_word' id='word_1_173' title='bbox 1342 2456 1615 2527; x_wconf 84' lang='grc' dir='ltr'>κρείττοσι</span> <span class='ocrx_word' id='word_1_174' title='bbox 1663 2459 1798 2528; x_wconf 85' lang='grc' dir='ltr'><strong>μετά</strong></span> <span class='ocrx_word' id='word_1_175' title='bbox 1836 2459 2004 2513; x_wconf 86' lang='grc' dir='ltr'>ταῦτα</span> 
     </span>
    </p>
   </div>
   <div class='ocr_carea' id='block_1_27' title="bbox 432 2547 2003 2622">
    <p class='ocr_par' dir='ltr' id='par_1_27' title="bbox 432 2547 2003 2622">
     <span class='ocr_line' id='line_1_27' title="bbox 432 2547 2003 2622; baseline 0.003 -22"><span class='ocrx_word' id='word_1_176' title='bbox 432 2547 869 2618; x_wconf 73' lang='grc' dir='ltr'>ἐντυγχάνοντες,</span> <span class='ocrx_word' id='word_1_177' title='bbox 899 2549 932 2620; x_wconf 74' lang='grc' dir='ltr'>ἢ</span> <span class='ocrx_word' id='word_1_178' title='bbox 960 2549 1047 2609; x_wconf 72' lang='grc' dir='ltr'><strong>διὰ</strong></span> <span class='ocrx_word' id='word_1_179' title='bbox 1079 2549 1243 2621; x_wconf 84' lang='grc' dir='ltr'>βάρος</span> <span class='ocrx_word' id='word_1_180' title='bbox 1274 2548 1349 2620; x_wconf 82' lang='grc' dir='ltr'><strong>μὴ</strong></span> <span class='ocrx_word' id='word_1_181' title='bbox 1376 2549 1658 2620; x_wconf 81' lang='grc' dir='ltr'>δυνάμενοι</span> <span class='ocrx_word' id='word_1_182' title='bbox 1690 2552 1877 2622; x_wconf 80' lang='grc' dir='ltr'>φέρειν</span> <span class='ocrx_word' id='word_1_183' title='bbox 1905 2553 2003 2605; x_wconf 85' lang='grc' dir='ltr'>ὅσα</span> 
     </span>
    </p>
   </div>
   <div class='ocr_carea' id='block_1_28' title="bbox 431 2639 2004 2713">
    <p class='ocr_par' dir='ltr' id='par_1_28' title="bbox 431 2639 2004 2713">
     <span class='ocr_line' id='line_1_28' title="bbox 431 2639 2004 2713; baseline 0.004 -21"><span class='ocrx_word' id='word_1_184' title='bbox 431 2639 705 2709; x_wconf 74' lang='grc' dir='ltr'>ἥρπασαν,</span> <span class='ocrx_word' id='word_1_185' title='bbox 739 2639 811 2694; x_wconf 77' lang='grc' dir='ltr'>τὰ</span> <span class='ocrx_word' id='word_1_186' title='bbox 841 2641 937 2711; x_wconf 83' lang='grc' dir='ltr'><strong>μὲν</strong></span> <span class='ocrx_word' id='word_1_187' title='bbox 982 2642 1040 2694; x_wconf 83' lang='grc' dir='ltr'><strong>ὲν</strong></span> <span class='ocrx_word' id='word_1_188' title='bbox 1068 2641 1145 2712; x_wconf 78' lang='grc' dir='ltr'>τῷ</span> <span class='ocrx_word' id='word_1_189' title='bbox 1177 2641 1343 2713; x_wconf 78' lang='grc' dir='ltr'>πεδίῳ</span> <span class='ocrx_word' id='word_1_190' title='bbox 1386 2640 1673 2713; x_wconf 74' lang='grc' dir='ltr'>ἔρριπτον,</span> <span class='ocrx_word' id='word_1_191' title='bbox 1711 2643 1780 2697; x_wconf 76' lang='grc' dir='ltr'>τὰ</span> <span class='ocrx_word' id='word_1_192' title='bbox 1810 2645 1866 2697; x_wconf 82' lang='grc' dir='ltr'><strong>δὲ</strong></span> <span class='ocrx_word' id='word_1_193' title='bbox 1911 2647 2004 2699; x_wconf 63' lang='grc' dir='ltr'><strong>κα)¹</strong></span> 
     </span>
    </p>
   </div>
   <div class='ocr_carea' id='block_1_29' title="bbox 430 2726 2000 2807">
    <p class='ocr_par' dir='ltr' id='par_1_29' title="bbox 430 2726 2000 2807">
     <span class='ocr_line' id='line_1_29' title="bbox 430 2726 2000 2807; baseline 0.005 -26"><span class='ocrx_word' id='word_1_194' title='bbox 430 2729 490 2782; x_wconf 80' lang='grc' dir='ltr'>ἐν</span> <span class='ocrx_word' id='word_1_195' title='bbox 532 2730 728 2794; x_wconf 79' lang='grc' dir='ltr'>οἰκίαις</span> <span class='ocrx_word' id='word_1_196' title='bbox 774 2731 934 2784; x_wconf 89' lang='grc' dir='ltr'>τινῶν</span> <span class='ocrx_word' id='word_1_197' title='bbox 958 2772 974 2796; x_wconf 92' lang='grc'><strong>,</strong></span> <span class='ocrx_word' id='word_1_198' title='bbox 1019 2733 1078 2785; x_wconf 86' lang='grc' dir='ltr'>ὲν</span> <span class='ocrx_word' id='word_1_199' title='bbox 1125 2726 1212 2797; x_wconf 71' lang='grc' dir='ltr'>αἷς</span> <span class='ocrx_word' id='word_1_200' title='bbox 1264 2732 1393 2797; x_wconf 74' lang='grc' dir='ltr'>ἴσως</span> <span class='ocrx_word' id='word_1_201' title='bbox 1437 2734 1690 2790; x_wconf 77' lang='grc' dir='ltr'>καλλίονα</span> <span class='ocrx_word' id='word_1_202' title='bbox 1729 2734 2000 2807; x_wconf 89' lang='grc' dir='ltr'>εὕρισκον.</span> 
     </span>
    </p>
   </div>
   <div class='ocr_carea' id='block_1_30' title="bbox 435 2816 2004 2898">
    <p class='ocr_par' dir='ltr' id='par_1_30' title="bbox 435 2816 2004 2898">
     <span class='ocr_line' id='line_1_30' title="bbox 435 2816 2004 2898; baseline 0.004 -23"><span class='ocrx_word' id='word_1_203' title='bbox 435 2821 591 2875; x_wconf 82' lang='grc' dir='ltr'>Ὅσοι</span> <span class='ocrx_word' id='word_1_204' title='bbox 636 2822 800 2892; x_wconf 90' lang='grc' dir='ltr'>γοῦν,</span> <span class='ocrx_word' id='word_1_205' title='bbox 853 2824 1050 2893; x_wconf 79' lang='grc' dir='ltr'>φησὶν,</span> <span class='ocrx_word' id='word_1_206' title='bbox 1095 2819 1250 2896; x_wconf 73' lang='grc' dir='ltr'>εὗρόν</span> <span class='ocrx_word' id='word_1_207' title='bbox 1293 2816 1415 2881; x_wconf 81' lang='grc' dir='ltr'>τινα</span> <span class='ocrx_word' id='word_1_208' title='bbox 1459 2830 1517 2882; x_wconf 81' lang='grc' dir='ltr'>ὲν</span> <span class='ocrx_word' id='word_1_209' title='bbox 1555 2828 1633 2898; x_wconf 84' lang='grc' dir='ltr'>τῷ</span> <span class='ocrx_word' id='word_1_210' title='bbox 1682 2827 1846 2898; x_wconf 79' lang='grc' dir='ltr'>πεδίῳ</span> <span class='ocrx_word' id='word_1_211' title='bbox 1881 2828 1913 2898; x_wconf 81' lang='grc' dir='ltr'>ἢ</span> <span class='ocrx_word' id='word_1_212' title='bbox 1946 2830 2004 2881; x_wconf 83' lang='grc' dir='ltr'>ὲν</span> 
     </span>
    </p>
   </div>
   <div class='ocr_carea' id='block_1_31' title="bbox 432 2911 2004 2991">
    <p class='ocr_par' dir='ltr' id='par_1_31' title="bbox 432 2911 2004 2991">
     <span class='ocr_line' id='line_1_31' title="bbox 432 2911 2004 2991; baseline 0.004 -25"><span class='ocrx_word' id='word_1_213' title='bbox 432 2915 554 2977; x_wconf 85' lang='grc' dir='ltr'>ταῖς</span> <span class='ocrx_word' id='word_1_214' title='bbox 585 2914 794 2968; x_wconf 77' lang='grc' dir='ltr'>ἑαυτῶν</span> <span class='ocrx_word' id='word_1_215' title='bbox 846 2915 1044 2980; x_wconf 86' lang='grc' dir='ltr'>οίκίαις</span> <span class='ocrx_word' id='word_1_216' title='bbox 1068 2956 1082 2980; x_wconf 94' lang='grc'><strong>,</strong></span> <span class='ocrx_word' id='word_1_217' title='bbox 1133 2911 1312 2982; x_wconf 78' lang='grc' dir='ltr'>οὗτοι,</span> <span class='ocrx_word' id='word_1_218' title='bbox 1342 2920 1391 2971; x_wconf 84' lang='grc' dir='ltr'><strong>εί</strong></span> <span class='ocrx_word' id='word_1_219' title='bbox 1446 2922 1542 2989; x_wconf 85' lang='grc' dir='ltr'>μὲν</span> <span class='ocrx_word' id='word_1_220' title='bbox 1588 2917 2004 2991; x_wconf 82' lang='grc' dir='ltr'>κατηγορηθῶσι</span> 
     </span>
    </p>
   </div>
   <div class='ocr_carea' id='block_1_32' title="bbox 434 3005 1998 3076">
    <p class='ocr_par' dir='ltr' id='par_1_32' title="bbox 434 3005 1998 3076">
     <span class='ocr_line' id='line_1_32' title="bbox 434 3005 1998 3076; baseline 0.004 -19"><span class='ocrx_word' id='word_1_221' title='bbox 434 3006 528 3059; x_wconf 74' lang='grc' dir='ltr'><strong>καὶ</strong></span> <span class='ocrx_word' id='word_1_222' title='bbox 559 3005 875 3076; x_wconf 79' lang='grc' dir='ltr'>ἐλεγχθῶσι,</span> <span class='ocrx_word' id='word_1_223' title='bbox 915 3008 1294 3065; x_wconf 80' lang='grc' dir='ltr'>ταττέσθωσαν</span> <span class='ocrx_word' id='word_1_224' title='bbox 1336 3013 1394 3064; x_wconf 81' lang='grc' dir='ltr'>ὲν</span> <span class='ocrx_word' id='word_1_225' title='bbox 1423 3014 1534 3074; x_wconf 85' lang='grc' dir='ltr'>τοῖς</span> <span class='ocrx_word' id='word_1_226' title='bbox 1576 3011 1998 3065; x_wconf 80' lang='grc' dir='ltr'>ὑποπίπτουσιν·</span> 
     </span>
    </p>
   </div>
   <div class='ocr_carea' id='block_1_33' title="bbox 433 3096 2006 3171">
    <p class='ocr_par' dir='ltr' id='par_1_33' title="bbox 433 3096 2006 3171">
     <span class='ocr_line' id='line_1_33' title="bbox 433 3096 2006 3171; baseline 0.003 -21"><span class='ocrx_word' id='word_1_227' title='bbox 433 3096 530 3151; x_wconf 81' lang='grc' dir='ltr'><strong>ὲάν</strong></span> <span class='ocrx_word' id='word_1_228' title='bbox 581 3096 639 3151; x_wconf 84' lang='grc' dir='ltr'>δὲ</span> <span class='ocrx_word' id='word_1_229' title='bbox 694 3099 920 3163; x_wconf 81' lang='grc' dir='ltr'>ἑαυτοὺς</span> <span class='ocrx_word' id='word_1_230' title='bbox 969 3100 1406 3171; x_wconf 88' lang='grc' dir='ltr'>προσαγγείλωσι</span> <span class='ocrx_word' id='word_1_231' title='bbox 1426 3141 1440 3166; x_wconf 91' lang='grc'><strong>,</strong></span> <span class='ocrx_word' id='word_1_232' title='bbox 1498 3103 1592 3156; x_wconf 81' lang='grc' dir='ltr'><strong>καὶ</strong></span> <span class='ocrx_word' id='word_1_233' title='bbox 1643 3102 1913 3156; x_wconf 87' lang='grc' dir='ltr'>ἀποδῶσιν</span> <span class='ocrx_word' id='word_1_234' title='bbox 1970 3101 2006 3155; x_wconf 77' lang='grc' dir='ltr'>ἃ</span> 
     </span>
    </p>
   </div>
   <div class='ocr_carea' id='block_1_34' title="bbox 2097 615 3663 686">
    <p class='ocr_par' dir='ltr' id='par_1_34' title="bbox 2097 615 3663 686">
     <span class='ocr_line' id='line_1_34' title="bbox 2097 615 3663 686; baseline 0.001 -16"><span class='ocrx_word' id='word_1_235' title='bbox 2097 617 2287 686; x_wconf 80' lang='lat' dir='ltr'><strong>jeCIas,</strong></span> <span class='ocrx_word' id='word_1_236' title='bbox 2312 615 2540 670; x_wconf 73' lang='lat' dir='ltr'><strong>fortasse</strong></span> <span class='ocrx_word' id='word_1_237' title='bbox 2555 624 2769 685; x_wconf 79' lang='lat' dir='ltr'><strong>propter</strong></span> <span class='ocrx_word' id='word_1_238' title='bbox 2786 615 3016 684; x_wconf 89' lang='lat' dir='ltr'><strong>pondus,</strong></span> <span class='ocrx_word' id='word_1_239' title='bbox 3035 615 3283 670; x_wconf 86' lang='lat' dir='ltr'><strong>inventas</strong></span> <span class='ocrx_word' id='word_1_240' title='bbox 3296 615 3512 685; x_wconf 87' lang='lat' dir='ltr'><strong>quidem</strong></span> <span class='ocrx_word' id='word_1_241' title='bbox 3524 616 3663 671; x_wconf 84' lang='lat' dir='ltr'><strong>bena</strong></span> 
     </span>
    </p>
   </div>
   <div class='ocr_carea' id='block_1_35' title="bbox 2103 706 3664 777">
    <p class='ocr_par' dir='ltr' id='par_1_35' title="bbox 2103 706 3664 777">
     <span class='ocr_line' id='line_1_35' title="bbox 2103 706 3664 777; baseline -0.001 -14"><span class='ocrx_word' id='word_1_242' title='bbox 2103 709 2207 763; x_wconf 98' lang='lat' dir='ltr'><strong>ﬁde</strong></span> <span class='ocrx_word' id='word_1_243' title='bbox 2233 708 2600 773; x_wconf 86' lang='lat' dir='ltr'><strong>restituentes,</strong></span> <span class='ocrx_word' id='word_1_244' title='bbox 2630 706 2682 760; x_wconf 91' lang='lat' dir='ltr'><strong>in</strong></span> <span class='ocrx_word' id='word_1_245' title='bbox 2712 706 2948 777; x_wconf 79' lang='lat' dir='ltr'><strong>perfecto</strong></span> <span class='ocrx_word' id='word_1_246' title='bbox 2966 706 3131 777; x_wconf 78' lang='lat' dir='ltr'><strong>gradu</strong></span> <span class='ocrx_word' id='word_1_247' title='bbox 3156 716 3300 773; x_wconf 82' lang='lat' dir='ltr'><strong>stare</strong></span> <span class='ocrx_word' id='word_1_248' title='bbox 3335 706 3529 763; x_wconf 81' lang='lat' dir='ltr'><strong>debere</strong></span> <span class='ocrx_word' id='word_1_249' title='bbox 3542 725 3664 763; x_wconf 89' lang='lat' dir='ltr'><strong>cum</strong></span> 
     </span>
    </p>
   </div>
   <div class='ocr_carea' id='block_1_36' title="bbox 2102 797 3765 867">
    <p class='ocr_par' dir='ltr' id='par_1_36' title="bbox 2102 797 3765 867">
     <span class='ocr_line' id='line_1_36' title="bbox 2102 797 3765 867; baseline 0.004 -15"><span class='ocrx_word' id='word_1_250' title='bbox 2102 799 2370 853; x_wconf 86' lang='lat' dir='ltr'><strong>ﬁdelibus.</strong></span> <span class='ocrx_word' id='word_1_251' title='bbox 2400 799 2700 852; x_wconf 73' lang='lat' dir='ltr'><strong>Sinautem</strong></span> <span class='ocrx_word' id='word_1_252' title='bbox 2735 797 3082 853; x_wconf 71' lang='lat' dir='ltr'><strong>condemnati</strong></span> <span class='ocrx_word' id='word_1_253' title='bbox 3141 798 3363 867; x_wconf 79' lang='lat' dir='ltr'><strong>fuerint,</strong></span> <span class='ocrx_word' id='word_1_254' title='bbox 3413 799 3667 855; x_wconf 89' lang='lat' dir='ltr'><strong>collocari</strong></span> <span class='ocrx_word' id='word_1_255' title='bbox 3752 854 3765 858; x_wconf 74' lang='lat'><strong>-</strong></span> 
     </span>
    </p>
   </div>
   <div class='ocr_carea' id='block_1_37' title="bbox 2104 891 3667 962">
    <p class='ocr_par' dir='ltr' id='par_1_37' title="bbox 2104 891 3667 962">
     <span class='ocr_line' id='line_1_37' title="bbox 2104 891 3667 962; baseline 0.002 -15"><span class='ocrx_word' id='word_1_256' title='bbox 2104 906 2226 947; x_wconf 88' lang='lat' dir='ltr'><strong>cum</strong></span> <span class='ocrx_word' id='word_1_257' title='bbox 2259 892 2325 945; x_wconf 91' lang='lat' dir='ltr'><strong>iis</strong></span> <span class='ocrx_word' id='word_1_258' title='bbox 2358 891 2451 959; x_wconf 85' lang='lat' dir='ltr'><strong>qui</strong></span> <span class='ocrx_word' id='word_1_259' title='bbox 2470 891 2911 957; x_wconf 85' lang='lat' dir='ltr'><strong>substernuntur,</strong></span> <span class='ocrx_word' id='word_1_260' title='bbox 2938 891 3345 962; x_wconf 82' lang='lat' dir='ltr'><strong>scilicetegredi</strong></span> <span class='ocrx_word' id='word_1_261' title='bbox 3369 908 3493 949; x_wconf 88' lang='lat' dir='ltr'><strong>cum</strong></span> <span class='ocrx_word' id='word_1_262' title='bbox 3517 903 3667 950; x_wconf 80' lang='lat' dir='ltr'><strong>cate-</strong></span> 
     </span>
    </p>
   </div>
   <div class='ocr_carea' id='block_1_38' title="bbox 2105 980 3665 1054">
    <p class='ocr_par' dir='ltr' id='par_1_38' title="bbox 2105 980 3665 1054">
     <span class='ocr_line' id='line_1_38' title="bbox 2105 980 3665 1054; baseline 0.003 -20"><span class='ocrx_word' id='word_1_263' title='bbox 2105 982 2409 1037; x_wconf 85' lang='lat' dir='ltr'><strong>chumenis.</strong></span> <span class='ocrx_word' id='word_1_264' title='bbox 2428 980 2551 1036; x_wconf 66' lang='lat' dir='ltr'><strong>Haec</strong></span> <span class='ocrx_word' id='word_1_265' title='bbox 2565 996 2687 1036; x_wconf 88' lang='lat' dir='ltr'><strong>cum</strong></span> <span class='ocrx_word' id='word_1_266' title='bbox 2711 981 2782 1036; x_wconf 91' lang='lat' dir='ltr'><strong>ita</strong></span> <span class='ocrx_word' id='word_1_267' title='bbox 2805 997 2860 1037; x_wconf 91' lang='lat' dir='ltr'><strong>se</strong></span> <span class='ocrx_word' id='word_1_268' title='bbox 2886 982 3141 1048; x_wconf 77' lang='lat' dir='ltr'><strong>habeant,</strong></span> <span class='ocrx_word' id='word_1_269' title='bbox 3163 983 3359 1037; x_wconf 76' lang='lat' dir='ltr'><strong>dixerit</strong></span> <span class='ocrx_word' id='word_1_270' title='bbox 3375 984 3665 1054; x_wconf 77' lang='lat' dir='ltr'><strong>quispiam,</strong></span> 
     </span>
    </p>
   </div>
   <div class='ocr_carea' id='block_1_39' title="bbox 2105 1077 3668 1147">
    <p class='ocr_par' dir='ltr' id='par_1_39' title="bbox 2105 1077 3668 1147">
     <span class='ocr_line' id='line_1_39' title="bbox 2105 1077 3668 1147; baseline 0.001 -15"><span class='ocrx_word' id='word_1_271' title='bbox 2105 1093 2196 1132; x_wconf 85' lang='lat' dir='ltr'><strong>eos</strong></span> <span class='ocrx_word' id='word_1_272' title='bbox 2231 1078 2310 1132; x_wconf 87' lang='lat' dir='ltr'><strong>sic</strong></span> <span class='ocrx_word' id='word_1_273' title='bbox 2339 1078 2536 1147; x_wconf 87' lang='lat' dir='ltr'><strong>puniri,</strong></span> <span class='ocrx_word' id='word_1_274' title='bbox 2566 1077 2658 1147; x_wconf 88' lang='lat' dir='ltr'><strong>qui</strong></span> <span class='ocrx_word' id='word_1_275' title='bbox 2692 1092 2789 1147; x_wconf 92' lang='lat' dir='ltr'><strong>pro</strong></span> <span class='ocrx_word' id='word_1_276' title='bbox 2819 1093 2877 1131; x_wconf 90' lang='lat' dir='ltr'><strong>re</strong></span> <span class='ocrx_word' id='word_1_277' title='bbox 2904 1077 3121 1132; x_wconf 83' lang='lat' dir='ltr'><strong>inventa</strong></span> <span class='ocrx_word' id='word_1_278' title='bbox 3154 1079 3483 1133; x_wconf 85' lang='lat' dir='ltr'><strong>restituenda</strong></span> <span class='ocrx_word' id='word_1_279' title='bbox 3537 1095 3668 1135; x_wconf 87' lang='lat' dir='ltr'><strong>con-</strong></span> 
     </span>
    </p>
   </div>
   <div class='ocr_carea' id='block_1_40' title="bbox 2104 1156 3667 1251">
    <p class='ocr_par' dir='ltr' id='par_1_40' title="bbox 2104 1156 3667 1251">
     <span class='ocr_line' id='line_1_40' title="bbox 2104 1156 3667 1251; baseline 0.001 -26"><span class='ocrx_word' id='word_1_280' title='bbox 2104 1169 2504 1225; x_wconf 86' lang='lat' dir='ltr'><strong>demnationem</strong></span> <span class='ocrx_word' id='word_1_281' title='bbox 2548 1178 2888 1238; x_wconf 82' lang='lat' dir='ltr'><strong>exspectant,</strong></span> <span class='ocrx_word' id='word_1_282' title='bbox 2931 1184 3051 1224; x_wconf 86' lang='lat' dir='ltr'><strong>esse</strong></span> <span class='ocrx_word' id='word_1_283' title='bbox 3081 1169 3445 1239; x_wconf 76' lang='lat' dir='ltr'><strong>iustissimum</strong></span> <span class='ocrx_word' id='word_1_284' title='bbox 3470 1212 3487 1236; x_wconf 88' lang='lat'><strong>,</strong></span> <span class='ocrx_word' id='word_1_285' title='bbox 3525 1156 3667 1251; x_wconf 36' lang='lat' dir='ltr'><strong>quo:-</strong></span> 
     </span>
    </p>
   </div>
   <div class='ocr_carea' id='block_1_41' title="bbox 2105 1259 3667 1329">
    <p class='ocr_par' dir='ltr' id='par_1_41' title="bbox 2105 1259 3667 1329">
     <span class='ocr_line' id='line_1_41' title="bbox 2105 1259 3667 1329; baseline 0.003 -14"><span class='ocrx_word' id='word_1_286' title='bbox 2105 1261 2253 1315; x_wconf 88' lang='lat' dir='ltr'><strong>niam</strong></span> <span class='ocrx_word' id='word_1_287' title='bbox 2283 1259 2413 1315; x_wconf 79' lang='lat' dir='ltr'><strong>furti</strong></span> <span class='ocrx_word' id='word_1_288' title='bbox 2442 1276 2657 1329; x_wconf 85' lang='lat' dir='ltr'><strong>quoque</strong></span> <span class='ocrx_word' id='word_1_289' title='bbox 2689 1260 2903 1314; x_wconf 80' lang='lat' dir='ltr'><strong>actione</strong></span> <span class='ocrx_word' id='word_1_290' title='bbox 2932 1270 3218 1328; x_wconf 88' lang='lat' dir='ltr'><strong>tenentur,</strong></span> <span class='ocrx_word' id='word_1_291' title='bbox 3248 1262 3548 1318; x_wconf 89' lang='lat' dir='ltr'><strong>secundum</strong></span> <span class='ocrx_word' id='word_1_292' title='bbox 3589 1265 3667 1319; x_wconf 90' lang='lat' dir='ltr'><strong>Ie-</strong></span> 
     </span>
    </p>
   </div>
   <div class='ocr_carea' id='block_1_42' title="bbox 2105 1349 3669 1429">
    <p class='ocr_par' dir='ltr' id='par_1_42' title="bbox 2105 1349 3669 1429">
     <span class='ocr_line' id='line_1_42' title="bbox 2105 1349 3669 1429; baseline 0.001 -23"><span class='ocrx_word' id='word_1_293' title='bbox 2105 1367 2247 1423; x_wconf 86' lang='lat' dir='ltr'><strong>gem,</strong></span> <span class='ocrx_word' id='word_1_294' title='bbox 2275 1367 2396 1422; x_wconf 70' lang='lat' dir='ltr'><strong>quae</strong></span> <span class='ocrx_word' id='word_1_295' title='bbox 2428 1351 2557 1406; x_wconf 89' lang='lat' dir='ltr'><strong>dicit</strong></span> <span class='ocrx_word' id='word_1_296' title='bbox 2581 1370 2593 1404; x_wconf 90' lang='lat'><strong>:</strong></span> <span class='ocrx_word' id='word_1_297' title='bbox 2623 1349 2733 1404; x_wconf 85' lang='lat' dir='ltr'><strong>Fur</strong></span> <span class='ocrx_word' id='word_1_298' title='bbox 2755 1359 2839 1405; x_wconf 88' lang='lat' dir='ltr'><strong>est</strong></span> <span class='ocrx_word' id='word_1_299' title='bbox 2859 1352 2953 1420; x_wconf 88' lang='lat' dir='ltr'><strong>qui</strong></span> <span class='ocrx_word' id='word_1_300' title='bbox 2982 1368 3092 1405; x_wconf 87' lang='lat' dir='ltr'><strong>rem</strong></span> <span class='ocrx_word' id='word_1_301' title='bbox 3117 1352 3349 1408; x_wconf 86' lang='lat' dir='ltr'><strong>alienam</strong></span> <span class='ocrx_word' id='word_1_302' title='bbox 3371 1362 3669 1429; x_wconf 68' lang='lat' dir='ltr'><strong>contrectat</strong></span> 
     </span>
    </p>
   </div>
   <div class='ocr_carea' id='block_1_43' title="bbox 2106 1440 3667 1512">
    <p class='ocr_par' dir='ltr' id='par_1_43' title="bbox 2106 1440 3667 1512">
     <span class='ocr_line' id='line_1_43' title="bbox 2106 1440 3667 1512; baseline 0.003 -17"><span class='ocrx_word' id='word_1_303' title='bbox 2106 1452 2299 1512; x_wconf 65' lang='lat' dir='ltr'><strong>praeter</strong></span> <span class='ocrx_word' id='word_1_304' title='bbox 2328 1443 2533 1497; x_wconf 91' lang='lat' dir='ltr'><strong>domini</strong></span> <span class='ocrx_word' id='word_1_305' title='bbox 2562 1440 2918 1507; x_wconf 81' lang='lat' dir='ltr'><strong>voluntatem,</strong></span> <span class='ocrx_word' id='word_1_306' title='bbox 2962 1447 3141 1499; x_wconf 88' lang='lat' dir='ltr'><strong>sciens</strong></span> <span class='ocrx_word' id='word_1_307' title='bbox 3162 1444 3215 1503; x_wconf 76' lang='lat' dir='ltr'><strong>id</strong></span> <span class='ocrx_word' id='word_1_308' title='bbox 3251 1444 3331 1500; x_wconf 85' lang='lat' dir='ltr'><strong>illi</strong></span> <span class='ocrx_word' id='word_1_309' title='bbox 3377 1445 3667 1509; x_wconf 85' lang='lat' dir='ltr'><strong>molestum</strong></span> 
     </span>
    </p>
   </div>
   <div class='ocr_carea' id='block_1_44' title="bbox 2104 1533 3668 1615">
    <p class='ocr_par' dir='ltr' id='par_1_44' title="bbox 2104 1533 3668 1615">
     <span class='ocr_line' id='line_1_44' title="bbox 2104 1533 3668 1615; baseline 0.003 -27"><span class='ocrx_word' id='word_1_310' title='bbox 2104 1551 2244 1590; x_wconf 86' lang='lat' dir='ltr'><strong>esse.</strong></span> <span class='ocrx_word' id='word_1_311' title='bbox 2274 1535 2411 1589; x_wconf 83' lang='lat' dir='ltr'><strong>Cum</strong></span> <span class='ocrx_word' id='word_1_312' title='bbox 2440 1533 2687 1609; x_wconf 84' lang='lat' dir='ltr'><strong>ﬁdelibus</strong></span> <span class='ocrx_word' id='word_1_313' title='bbox 2708 1544 2887 1615; x_wconf 78' lang='lat' dir='ltr'><strong>autem</strong></span> <span class='ocrx_word' id='word_1_314' title='bbox 2914 1535 3237 1599; x_wconf 86' lang='lat' dir='ltr'><strong>consistere,</strong></span> <span class='ocrx_word' id='word_1_315' title='bbox 3262 1545 3318 1592; x_wconf 92' lang='lat' dir='ltr'><strong>et</strong></span> <span class='ocrx_word' id='word_1_316' title='bbox 3350 1551 3668 1592; x_wconf 75' lang='lat' dir='ltr'><strong>sacramen-</strong></span> 
     </span>
    </p>
   </div>
   <div class='ocr_carea' id='block_1_45' title="bbox 2108 1624 3666 1701">
    <p class='ocr_par' dir='ltr' id='par_1_45' title="bbox 2108 1624 3666 1701">
     <span class='ocr_line' id='line_1_45' title="bbox 2108 1624 3666 1701; baseline 0.003 -22"><span class='ocrx_word' id='word_1_317' title='bbox 2108 1625 2175 1680; x_wconf 87' lang='lat' dir='ltr'><strong>tis</strong></span> <span class='ocrx_word' id='word_1_318' title='bbox 2228 1634 2438 1680; x_wconf 85' lang='lat' dir='ltr'><strong>tantum</strong></span> <span class='ocrx_word' id='word_1_319' title='bbox 2462 1639 2569 1679; x_wconf 92' lang='lat' dir='ltr'><strong>non</strong></span> <span class='ocrx_word' id='word_1_320' title='bbox 2602 1624 2814 1695; x_wconf 83' lang='lat' dir='ltr'><strong>dignari</strong></span> <span class='ocrx_word' id='word_1_321' title='bbox 2840 1641 2963 1678; x_wconf 88' lang='lat' dir='ltr'><strong>eum</strong></span> <span class='ocrx_word' id='word_1_322' title='bbox 2992 1627 3083 1694; x_wconf 91' lang='lat' dir='ltr'><strong>qui</strong></span> <span class='ocrx_word' id='word_1_323' title='bbox 3112 1641 3170 1680; x_wconf 89' lang='lat' dir='ltr'><strong>se</strong></span> <span class='ocrx_word' id='word_1_324' title='bbox 3194 1626 3370 1699; x_wconf 82' lang='lat' dir='ltr'><strong>ipsum</strong></span> <span class='ocrx_word' id='word_1_325' title='bbox 3394 1628 3666 1701; x_wconf 71' lang='lat' dir='ltr'><strong>detulerit,</strong></span> 
     </span>
    </p>
   </div>
   <div class='ocr_carea' id='block_1_46' title="bbox 2105 1716 3670 1786">
    <p class='ocr_par' dir='ltr' id='par_1_46' title="bbox 2105 1716 3670 1786">
     <span class='ocr_line' id='line_1_46' title="bbox 2105 1716 3670 1786; baseline 0.005 -15"><span class='ocrx_word' id='word_1_326' title='bbox 2105 1726 2160 1771; x_wconf 84' lang='lat' dir='ltr'><strong>et.</strong></span> <span class='ocrx_word' id='word_1_327' title='bbox 2180 1718 2345 1786; x_wconf 83' lang='lat' dir='ltr'><strong>probe</strong></span> <span class='ocrx_word' id='word_1_328' title='bbox 2364 1732 2475 1771; x_wconf 90' lang='lat' dir='ltr'><strong>rem</strong></span> <span class='ocrx_word' id='word_1_329' title='bbox 2502 1716 2777 1770; x_wconf 89' lang='lat' dir='ltr'><strong>inventam</strong></span> <span class='ocrx_word' id='word_1_330' title='bbox 2800 1716 3026 1779; x_wconf 83' lang='lat' dir='ltr'><strong>dederit,</strong></span> <span class='ocrx_word' id='word_1_331' title='bbox 3053 1733 3252 1773; x_wconf 87' lang='lat' dir='ltr'><strong>novum</strong></span> <span class='ocrx_word' id='word_1_332' title='bbox 3277 1729 3392 1784; x_wconf 89' lang='lat' dir='ltr'><strong>est;</strong></span> <span class='ocrx_word' id='word_1_333' title='bbox 3421 1730 3504 1775; x_wconf 85' lang='lat' dir='ltr'><strong>est</strong></span> <span class='ocrx_word' id='word_1_334' title='bbox 3523 1721 3670 1779; x_wconf 75' lang='lat' dir='ltr'><strong>enim</strong></span> 
     </span>
    </p>
   </div>
   <div class='ocr_carea' id='block_1_47' title="bbox 2105 1794 3670 1885">
    <p class='ocr_par' dir='ltr' id='par_1_47' title="bbox 2105 1794 3670 1885">
     <span class='ocr_line' id='line_1_47' title="bbox 2105 1794 3670 1885; baseline 0.004 -25"><span class='ocrx_word' id='word_1_335' title='bbox 2105 1808 2287 1877; x_wconf 87' lang='lat' dir='ltr'><strong>potius</strong></span> <span class='ocrx_word' id='word_1_336' title='bbox 2319 1805 2660 1862; x_wconf 85' lang='lat' dir='ltr'><strong>Encharistia</strong></span> <span class='ocrx_word' id='word_1_337' title='bbox 2684 1806 2900 1878; x_wconf 82' lang='lat' dir='ltr'><strong>dignus.</strong></span> <span class='ocrx_word' id='word_1_338' title='bbox 2926 1818 2981 1861; x_wconf 94' lang='lat' dir='ltr'><strong>ut</strong></span> <span class='ocrx_word' id='word_1_339' title='bbox 3001 1809 3093 1878; x_wconf 89' lang='lat' dir='ltr'><strong>qui</strong></span> <span class='ocrx_word' id='word_1_340' title='bbox 3118 1824 3231 1865; x_wconf 88' lang='lat' dir='ltr'><strong>rem</strong></span> <span class='ocrx_word' id='word_1_341' title='bbox 3262 1811 3459 1883; x_wconf 80' lang='lat' dir='ltr'><strong>captivi</strong></span> <span class='ocrx_word' id='word_1_342' title='bbox 3487 1794 3670 1885; x_wconf 71' lang='lat' dir='ltr'><strong>serva-</strong></span> 
     </span>
    </p>
   </div>
   <div class='ocr_carea' id='block_1_48' title="bbox 2106 1898 3669 1977">
    <p class='ocr_par' dir='ltr' id='par_1_48' title="bbox 2106 1898 3669 1977">
     <span class='ocr_line' id='line_1_48' title="bbox 2106 1898 3669 1977; baseline 0.003 -24"><span class='ocrx_word' id='word_1_343' title='bbox 2106 1898 2264 1961; x_wconf 78' lang='lat' dir='ltr'><strong>verit,</strong></span> <span class='ocrx_word' id='word_1_344' title='bbox 2295 1906 2351 1954; x_wconf 91' lang='lat' dir='ltr'><strong>et</strong></span> <span class='ocrx_word' id='word_1_345' title='bbox 2379 1902 2550 1967; x_wconf 86' lang='lat' dir='ltr'><strong>ipsam</strong></span> <span class='ocrx_word' id='word_1_346' title='bbox 2574 1899 2893 1954; x_wconf 87' lang='lat' dir='ltr'><strong>restituerit.</strong></span> <span class='ocrx_word' id='word_1_347' title='bbox 2934 1898 3001 1953; x_wconf 90' lang='lat' dir='ltr'><strong>Et</strong></span> <span class='ocrx_word' id='word_1_348' title='bbox 3043 1900 3164 1955; x_wconf 89' lang='lat' dir='ltr'><strong>ideo</strong></span> <span class='ocrx_word' id='word_1_349' title='bbox 3186 1902 3373 1956; x_wconf 90' lang='lat' dir='ltr'><strong>dicunt</strong></span> <span class='ocrx_word' id='word_1_350' title='bbox 3400 1904 3669 1977; x_wconf 80' lang='lat' dir='ltr'><strong>nonnulli,</strong></span> 
     </span>
    </p>
   </div>
   <div class='ocr_carea' id='block_1_49' title="bbox 2106 1990 3670 2073">
    <p class='ocr_par' dir='ltr' id='par_1_49' title="bbox 2106 1990 3670 2073">
     <span class='ocr_line' id='line_1_49' title="bbox 2106 1990 3670 2073; baseline 0.006 -29"><span class='ocrx_word' id='word_1_351' title='bbox 2106 2004 2231 2044; x_wconf 91' lang='lat' dir='ltr'><strong>cum</strong></span> <span class='ocrx_word' id='word_1_352' title='bbox 2255 1990 2503 2046; x_wconf 87' lang='lat' dir='ltr'><strong>ﬁdelibus</strong></span> <span class='ocrx_word' id='word_1_353' title='bbox 2526 1991 2955 2058; x_wconf 89' lang='lat' dir='ltr'><strong>consistentiam,</strong></span> <span class='ocrx_word' id='word_1_354' title='bbox 2971 2004 3439 2051; x_wconf 83' lang='lat' dir='ltr'><strong>sacramentorum</strong></span> <span class='ocrx_word' id='word_1_355' title='bbox 3456 2011 3670 2073; x_wconf 81' lang='lat' dir='ltr'><strong>quoque</strong></span> 
     </span>
    </p>
   </div>
   <div class='ocr_carea' id='block_1_50' title="bbox 2107 2072 3473 2158">
    <p class='ocr_par' dir='ltr' id='par_1_50' title="bbox 2107 2072 3473 2158">
     <span class='ocr_line' id='line_1_50' title="bbox 2107 2072 3473 2158; baseline 0.002 -18"><span class='ocrx_word' id='word_1_356' title='bbox 2107 2084 2569 2156; x_wconf 85' lang='lat' dir='ltr'><strong>participationem</strong></span> <span class='ocrx_word' id='word_1_357' title='bbox 2601 2087 2763 2140; x_wconf 90' lang='lat' dir='ltr'><strong>tacite</strong></span> <span class='ocrx_word' id='word_1_358' title='bbox 2797 2089 3076 2158; x_wconf 86' lang='lat' dir='ltr'><strong>consequi.</strong></span> <span class='ocrx_word' id='word_1_359' title='bbox 3466 2072 3473 2077; x_wconf 38' lang='grc'><strong><em>⁷</em></strong></span> 
     </span>
    </p>
   </div>
   <div class='ocr_carea' id='block_1_51' title="bbox 2177 2358 3669 2439">
    <p class='ocr_par' dir='ltr' id='par_1_51' title="bbox 2177 2358 3669 2439">
     <span class='ocr_line' id='line_1_51' title="bbox 2177 2358 3669 2439; baseline 0.003 -24"><span class='ocrx_word' id='word_1_360' title='bbox 2177 2360 2374 2417; x_wconf 62' lang='lat' dir='ltr'><strong>Zona.</strong></span> <span class='ocrx_word' id='word_1_361' title='bbox 2404 2358 2657 2433; x_wconf 78' lang='lat' dir='ltr'><strong>Barbari,</strong></span> <span class='ocrx_word' id='word_1_362' title='bbox 2684 2378 2805 2416; x_wconf 91' lang='lat' dir='ltr'><strong>cum</strong></span> <span class='ocrx_word' id='word_1_363' title='bbox 2862 2363 3315 2437; x_wconf 79' lang='lat' dir='ltr'><strong>depopularentur</strong></span> <span class='ocrx_word' id='word_1_364' title='bbox 3362 2363 3669 2439; x_wconf 74' lang='lat' dir='ltr'><strong>regionem,</strong></span> 
     </span>
    </p>
   </div>
   <div class='ocr_carea' id='block_1_52' title="bbox 2107 2454 3668 2525">
    <p class='ocr_par' dir='ltr' id='par_1_52' title="bbox 2107 2454 3668 2525">
     <span class='ocr_line' id='line_1_52' title="bbox 2107 2454 3668 2525; baseline 0.003 -17"><span class='ocrx_word' id='word_1_365' title='bbox 2107 2471 2194 2509; x_wconf 88' lang='lat' dir='ltr'><strong>res</strong></span> <span class='ocrx_word' id='word_1_366' title='bbox 2226 2454 2490 2524; x_wconf 89' lang='lat' dir='ltr'><strong>quasdam</strong></span> <span class='ocrx_word' id='word_1_367' title='bbox 2548 2465 2882 2525; x_wconf 87' lang='lat' dir='ltr'><strong>rapuerunt;</strong></span> <span class='ocrx_word' id='word_1_368' title='bbox 2942 2471 3176 2525; x_wconf 82' lang='lat' dir='ltr'><strong>moxque</strong></span> <span class='ocrx_word' id='word_1_369' title='bbox 3227 2456 3311 2510; x_wconf 88' lang='lat' dir='ltr'><strong>vel</strong></span> <span class='ocrx_word' id='word_1_370' title='bbox 3336 2456 3479 2510; x_wconf 91' lang='lat' dir='ltr'><strong>obvii</strong></span> <span class='ocrx_word' id='word_1_371' title='bbox 3539 2456 3668 2512; x_wconf 82' lang='lat' dir='ltr'><strong>facti</strong></span> 
     </span>
    </p>
   </div>
   <div class='ocr_carea' id='block_1_53' title="bbox 2106 2548 3671 2623">
    <p class='ocr_par' dir='ltr' id='par_1_53' title="bbox 2106 2548 3671 2623">
     <span class='ocr_line' id='line_1_53' title="bbox 2106 2548 3671 2623; baseline 0.002 -22"><span class='ocrx_word' id='word_1_372' title='bbox 2106 2548 2450 2612; x_wconf 86' lang='lat' dir='ltr'><strong>melioribus,</strong></span> <span class='ocrx_word' id='word_1_373' title='bbox 2475 2548 2558 2602; x_wconf 88' lang='lat' dir='ltr'><strong>vel</strong></span> <span class='ocrx_word' id='word_1_374' title='bbox 2582 2549 2788 2619; x_wconf 77' lang='lat' dir='ltr'><strong>gravati</strong></span> <span class='ocrx_word' id='word_1_375' title='bbox 2815 2550 3071 2619; x_wconf 81' lang='lat' dir='ltr'><strong>pondere,</strong></span> <span class='ocrx_word' id='word_1_376' title='bbox 3088 2566 3210 2621; x_wconf 79' lang='lat' dir='ltr'><strong>cum</strong></span> <span class='ocrx_word' id='word_1_377' title='bbox 3234 2566 3354 2621; x_wconf 66' lang='lat' dir='ltr'><strong>qua:</strong></span> <span class='ocrx_word' id='word_1_378' title='bbox 3379 2560 3671 2623; x_wconf 72' lang='lat' dir='ltr'><strong>rapuerant</strong></span> 
     </span>
    </p>
   </div>
   <div class='ocr_carea' id='block_1_54' title="bbox 2108 2639 3664 2713">
    <p class='ocr_par' dir='ltr' id='par_1_54' title="bbox 2108 2639 3664 2713">
     <span class='ocr_line' id='line_1_54' title="bbox 2108 2639 3664 2713; baseline 0.003 -20"><span class='ocrx_word' id='word_1_379' title='bbox 2108 2639 2250 2695; x_wconf 79' lang='lat' dir='ltr'><strong>ferre</strong></span> <span class='ocrx_word' id='word_1_380' title='bbox 2276 2640 2500 2694; x_wconf 86' lang='lat' dir='ltr'><strong>minime</strong></span> <span class='ocrx_word' id='word_1_381' title='bbox 2530 2649 2781 2711; x_wconf 83' lang='lat' dir='ltr'><strong>possent,</strong></span> <span class='ocrx_word' id='word_1_382' title='bbox 2813 2642 3012 2711; x_wconf 81' lang='lat' dir='ltr'><strong>partim</strong></span> <span class='ocrx_word' id='word_1_383' title='bbox 3032 2658 3136 2711; x_wconf 86' lang='lat' dir='ltr'><strong>per</strong></span> <span class='ocrx_word' id='word_1_384' title='bbox 3161 2658 3379 2712; x_wconf 85' lang='lat' dir='ltr'><strong>campos</strong></span> <span class='ocrx_word' id='word_1_385' title='bbox 3401 2643 3664 2713; x_wconf 81' lang='lat' dir='ltr'><strong>abjecere,</strong></span> 
     </span>
    </p>
   </div>
   <div class='ocr_carea' id='block_1_55' title="bbox 2105 2727 3668 2801">
    <p class='ocr_par' dir='ltr' id='par_1_55' title="bbox 2105 2727 3668 2801">
     <span class='ocr_line' id='line_1_55' title="bbox 2105 2727 3668 2801; baseline 0.004 -20"><span class='ocrx_word' id='word_1_386' title='bbox 2105 2727 2302 2797; x_wconf 88' lang='lat' dir='ltr'><strong>partim</strong></span> <span class='ocrx_word' id='word_1_387' title='bbox 2357 2728 2412 2781; x_wconf 92' lang='lat' dir='ltr'><strong>in</strong></span> <span class='ocrx_word' id='word_1_388' title='bbox 2445 2727 2754 2798; x_wconf 85' lang='lat' dir='ltr'><strong>aliquorum</strong></span> <span class='ocrx_word' id='word_1_389' title='bbox 2812 2731 3039 2796; x_wconf 50' lang='lat' dir='ltr'><strong>aedibus,</strong></span> <span class='ocrx_word' id='word_1_390' title='bbox 3092 2730 3144 2783; x_wconf 91' lang='lat' dir='ltr'><strong>in</strong></span> <span class='ocrx_word' id='word_1_391' title='bbox 3197 2732 3396 2801; x_wconf 88' lang='lat' dir='ltr'><strong>quibus</strong></span> <span class='ocrx_word' id='word_1_392' title='bbox 3444 2733 3668 2788; x_wconf 83' lang='lat' dir='ltr'><strong>meliora</strong></span> 
     </span>
    </p>
   </div>
   <div class='ocr_carea' id='block_1_56' title="bbox 2106 2817 3666 2895">
    <p class='ocr_par' dir='ltr' id='par_1_56' title="bbox 2106 2817 3666 2895">
     <span class='ocr_line' id='line_1_56' title="bbox 2106 2817 3666 2895; baseline 0.005 -24"><span class='ocrx_word' id='word_1_393' title='bbox 2106 2817 2241 2873; x_wconf 83' lang='lat' dir='ltr'><strong>forte</strong></span> <span class='ocrx_word' id='word_1_394' title='bbox 2268 2829 2599 2889; x_wconf 78' lang='lat' dir='ltr'><strong>repererant,</strong></span> <span class='ocrx_word' id='word_1_395' title='bbox 2628 2820 2947 2889; x_wconf 84' lang='lat' dir='ltr'><strong>deposuere.</strong></span> <span class='ocrx_word' id='word_1_396' title='bbox 3004 2821 3325 2895; x_wconf 79' lang='lat' dir='ltr'><strong>Quicunque</strong></span> <span class='ocrx_word' id='word_1_397' title='bbox 3359 2823 3543 2894; x_wconf 83' lang='lat' dir='ltr'><strong>igitur,</strong></span> <span class='ocrx_word' id='word_1_398' title='bbox 3578 2825 3666 2879; x_wconf 87' lang='lat' dir='ltr'><strong>in-</strong></span> 
     </span>
    </p>
   </div>
   <div class='ocr_carea' id='block_1_57' title="bbox 2105 2910 3666 2989">
    <p class='ocr_par' dir='ltr' id='par_1_57' title="bbox 2105 2910 3666 2989">
     <span class='ocr_line' id='line_1_57' title="bbox 2105 2910 3666 2989; baseline 0.004 -25"><span class='ocrx_word' id='word_1_399' title='bbox 2105 2910 2243 2981; x_wconf 87' lang='lat' dir='ltr'><strong>quit,</strong></span> <span class='ocrx_word' id='word_1_400' title='bbox 2271 2921 2364 2983; x_wconf 81' lang='lat' dir='ltr'><strong>aut</strong></span> <span class='ocrx_word' id='word_1_401' title='bbox 2393 2911 2448 2965; x_wconf 93' lang='lat' dir='ltr'><strong>in</strong></span> <span class='ocrx_word' id='word_1_402' title='bbox 2472 2912 2679 2982; x_wconf 89' lang='lat' dir='ltr'><strong>campis</strong></span> <span class='ocrx_word' id='word_1_403' title='bbox 2710 2921 2805 2967; x_wconf 86' lang='lat' dir='ltr'><strong>aut</strong></span> <span class='ocrx_word' id='word_1_404' title='bbox 2848 2914 2901 2968; x_wconf 90' lang='lat' dir='ltr'><strong>in</strong></span> <span class='ocrx_word' id='word_1_405' title='bbox 2939 2914 3054 2968; x_wconf 86' lang='lat' dir='ltr'><strong>suis</strong></span> <span class='ocrx_word' id='word_1_406' title='bbox 3102 2915 3350 2989; x_wconf 82' lang='lat' dir='ltr'><strong>domibus</strong></span> <span class='ocrx_word' id='word_1_407' title='bbox 3370 2916 3552 2981; x_wconf 85' lang='lat' dir='ltr'><strong>aliqua</strong></span> <span class='ocrx_word' id='word_1_408' title='bbox 3581 2914 3666 2970; x_wconf 89' lang='lat' dir='ltr'><strong>in-</strong></span> 
     </span>
    </p>
   </div>
   <div class='ocr_carea' id='block_1_58' title="bbox 2104 3003 3667 3081">
    <p class='ocr_par' dir='ltr' id='par_1_58' title="bbox 2104 3003 3667 3081">
     <span class='ocr_line' id='line_1_58' title="bbox 2104 3003 3667 3081; baseline 0.003 -24"><span class='ocrx_word' id='word_1_409' title='bbox 2104 3003 2481 3068; x_wconf 86' lang='lat' dir='ltr'><strong>venerunt,illi</strong></span> <span class='ocrx_word' id='word_1_410' title='bbox 2507 3004 2551 3059; x_wconf 88' lang='lat' dir='ltr'><strong>si</strong></span> <span class='ocrx_word' id='word_1_411' title='bbox 2586 3005 2807 3075; x_wconf 83' lang='lat' dir='ltr'><strong>quidem</strong></span> <span class='ocrx_word' id='word_1_412' title='bbox 2838 3006 3074 3079; x_wconf 83' lang='lat' dir='ltr'><strong>accusati</strong></span> <span class='ocrx_word' id='word_1_413' title='bbox 3101 3015 3155 3060; x_wconf 91' lang='lat' dir='ltr'><strong>et</strong></span> <span class='ocrx_word' id='word_1_414' title='bbox 3185 3006 3414 3081; x_wconf 78' lang='lat' dir='ltr'><strong>convicti</strong></span> <span class='ocrx_word' id='word_1_415' title='bbox 3446 3005 3667 3070; x_wconf 78' lang='lat' dir='ltr'><strong>fuerint,</strong></span> 
     </span>
    </p>
   </div>
   <div class='ocr_carea' id='block_1_59' title="bbox 2105 3093 3669 3168">
    <p class='ocr_par' dir='ltr' id='par_1_59' title="bbox 2105 3093 3669 3168">
     <span class='ocr_line' id='line_1_59' title="bbox 2105 3093 3669 3168; baseline 0.004 -22"><span class='ocrx_word' id='word_1_416' title='bbox 2105 3093 2246 3147; x_wconf 88' lang='lat' dir='ltr'><strong>inter</strong></span> <span class='ocrx_word' id='word_1_417' title='bbox 2264 3108 2359 3147; x_wconf 90' lang='lat' dir='ltr'><strong>eos</strong></span> <span class='ocrx_word' id='word_1_418' title='bbox 2381 3093 2474 3162; x_wconf 88' lang='lat' dir='ltr'><strong>qui</strong></span> <span class='ocrx_word' id='word_1_419' title='bbox 2492 3095 2919 3150; x_wconf 86' lang='lat' dir='ltr'><strong>substernuntur</strong></span> <span class='ocrx_word' id='word_1_420' title='bbox 2940 3098 3117 3152; x_wconf 90' lang='lat' dir='ltr'><strong>locum</strong></span> <span class='ocrx_word' id='word_1_421' title='bbox 3140 3099 3425 3168; x_wconf 87' lang='lat' dir='ltr'><strong>accipiant.</strong></span> <span class='ocrx_word' id='word_1_422' title='bbox 3456 3097 3513 3153; x_wconf 86' lang='lat' dir='ltr'><strong>Si</strong></span> <span class='ocrx_word' id='word_1_423' title='bbox 3539 3113 3669 3155; x_wconf 86' lang='lat' dir='ltr'><strong>vero</strong></span> 
     </span>
    </p>
   </div>
   <div class='ocr_carea' id='block_1_60' title="bbox 435 3181 2001 3265">
    <p class='ocr_par' dir='ltr' id='par_1_60' title="bbox 435 3181 2001 3265">
     <span class='ocr_line' id='line_1_60' title="bbox 435 3181 2001 3265; baseline 0.004 -23"><span class='ocrx_word' id='word_1_424' title='bbox 435 3181 628 3261; x_wconf 79' lang='grc' dir='ltr'>εῦρον,</span> <span class='ocrx_word' id='word_1_425' title='bbox 678 3191 902 3261; x_wconf 74' lang='grc' dir='ltr'>καὶτῆς</span> <span class='ocrx_word' id='word_1_426' title='bbox 949 3193 1114 3263; x_wconf 82' lang='grc' dir='ltr'>εὐχῆς</span> <span class='ocrx_word' id='word_1_427' title='bbox 1161 3193 1565 3259; x_wconf 66' lang='grc' dir='ltr'>ἀξιούσθωσαν*</span> <span class='ocrx_word' id='word_1_428' title='bbox 1624 3194 1789 3264; x_wconf 75' lang='grc' dir='ltr'>ἤγουν</span> <span class='ocrx_word' id='word_1_429' title='bbox 1841 3195 2001 3265; x_wconf 84' lang='grc' dir='ltr'>μέχρι</span> 
     </span>
    </p>
   </div>
   <div class='ocr_carea' id='block_1_61' title="bbox 2103 3181 3666 3265">
    <p class='ocr_par' dir='ltr' id='par_1_61' title="bbox 2106 3184 3666 3256">
     <span class='ocr_line' id='line_1_61' title="bbox 2106 3184 3666 3256; baseline 0.002 -18"><span class='ocrx_word' id='word_1_430' title='bbox 2106 3199 2164 3238; x_wconf 90' lang='lat' dir='ltr'><strong>se</strong></span> <span class='ocrx_word' id='word_1_431' title='bbox 2194 3184 2344 3252; x_wconf 90' lang='lat' dir='ltr'><strong>ipsos</strong></span> <span class='ocrx_word' id='word_1_432' title='bbox 2371 3185 2685 3251; x_wconf 85' lang='lat' dir='ltr'><strong>detulerint,</strong></span> <span class='ocrx_word' id='word_1_433' title='bbox 2709 3201 2772 3240; x_wconf 89' lang='lat' dir='ltr'><strong>ac</strong></span> <span class='ocrx_word' id='word_1_434' title='bbox 2794 3201 2856 3241; x_wconf 87' lang='lat' dir='ltr'><strong>ea</strong></span> <span class='ocrx_word' id='word_1_435' title='bbox 2890 3204 3010 3256; x_wconf 54' lang='lat' dir='ltr'><strong>quae</strong></span> <span class='ocrx_word' id='word_1_436' title='bbox 3034 3190 3285 3243; x_wconf 84' lang='lat' dir='ltr'><strong>invenere</strong></span> <span class='ocrx_word' id='word_1_437' title='bbox 3316 3189 3666 3255; x_wconf 86' lang='lat' dir='ltr'><strong>reddiderint,</strong></span> 
     </span>
    </p>
   </div>
   <div class='ocr_carea' id='block_1_62' title="bbox 432 3280 2001 3354">
    <p class='ocr_par' dir='ltr' id='par_1_62' title="bbox 432 3280 2001 3354">
     <span class='ocr_line' id='line_1_62' title="bbox 432 3280 2001 3354; baseline 0.003 -21"><span class='ocrx_word' id='word_1_438' title='bbox 432 3280 620 3346; x_wconf 63' lang='grc' dir='ltr'>τέλους</span> <span class='ocrx_word' id='word_1_439' title='bbox 677 3282 779 3352; x_wconf 88' lang='grc' dir='ltr'><strong>τῆς</strong></span> <span class='ocrx_word' id='word_1_440' title='bbox 852 3283 1018 3353; x_wconf 80' lang='grc' dir='ltr'>εὐχῆς</span> <span class='ocrx_word' id='word_1_441' title='bbox 1072 3284 1549 3354; x_wconf 82' lang='grc' dir='ltr'>συνεστηκέτωσαν</span> <span class='ocrx_word' id='word_1_442' title='bbox 1597 3288 1709 3348; x_wconf 84' lang='grc' dir='ltr'>τοῖς</span> <span class='ocrx_word' id='word_1_443' title='bbox 1754 3288 1961 3349; x_wconf 84' lang='grc' dir='ltr'>πιστοῖς</span> <span class='ocrx_word' id='word_1_444' title='bbox 1986 3325 2001 3348; x_wconf 94' lang='grc'><strong>,</strong></span> 
     </span>
    </p>
   </div>
   <div class='ocr_carea' id='block_1_63' title="bbox 437 3363 2004 3448">
    <p class='ocr_par' dir='ltr' id='par_1_63' title="bbox 437 3363 2004 3448">
     <span class='ocr_line' id='line_1_63' title="bbox 437 3363 2004 3448; baseline 0.003 -22"><span class='ocrx_word' id='word_1_445' title='bbox 437 3363 605 3444; x_wconf 82' lang='grc' dir='ltr'>μόνης</span> <span class='ocrx_word' id='word_1_446' title='bbox 662 3375 763 3445; x_wconf 87' lang='grc' dir='ltr'><strong>τῆς</strong></span> <span class='ocrx_word' id='word_1_447' title='bbox 811 3375 973 3443; x_wconf 84' lang='grc' dir='ltr'>ἁγίας</span> <span class='ocrx_word' id='word_1_448' title='bbox 1040 3374 1391 3447; x_wconf 75' lang='grc' dir='ltr'>μεταλήψεως</span> <span class='ocrx_word' id='word_1_449' title='bbox 1434 3376 1788 3448; x_wconf 74' lang='grc' dir='ltr'><strong>κωλυόμενοι⁸</strong></span> <span class='ocrx_word' id='word_1_450' title='bbox 1837 3377 2004 3448; x_wconf 73' lang='grc' dir='ltr'>ἤγουν</span> 
     </span>
    </p>
   </div>
   <div class='ocr_carea' id='block_1_64' title="bbox 437 3466 2002 3542">
    <p class='ocr_par' dir='ltr' id='par_1_64' title="bbox 437 3466 2002 3542">
     <span class='ocr_line' id='line_1_64' title="bbox 437 3466 2002 3542; baseline 0.004 -23"><span class='ocrx_word' id='word_1_451' title='bbox 437 3466 628 3537; x_wconf 78' lang='grc' dir='ltr'>μέχρις</span> <span class='ocrx_word' id='word_1_452' title='bbox 655 3466 722 3521; x_wconf 83' lang='grc' dir='ltr'><strong>ἂν</strong></span> <span class='ocrx_word' id='word_1_453' title='bbox 756 3468 1042 3538; x_wconf 88' lang='grc' dir='ltr'>μετάνοιαν</span> <span class='ocrx_word' id='word_1_454' title='bbox 1074 3468 1467 3536; x_wconf 78' lang='grc' dir='ltr'>ἐπιδείξωνται,</span> <span class='ocrx_word' id='word_1_455' title='bbox 1491 3471 1587 3525; x_wconf 75' lang='grc' dir='ltr'>καὶ</span> <span class='ocrx_word' id='word_1_456' title='bbox 1607 3470 1810 3542; x_wconf 81' lang='grc' dir='ltr'>ταύτης</span> <span class='ocrx_word' id='word_1_457' title='bbox 1839 3469 2002 3535; x_wconf 83' lang='grc' dir='ltr'>ἀξιω-</span> 
     </span>
    </p>
   </div>
   <div class='ocr_carea' id='block_1_65' title="bbox 435 3557 591 3613">
    <p class='ocr_par' dir='ltr' id='par_1_65' title="bbox 435 3557 591 3613">
     <span class='ocr_line' id='line_1_65' title="bbox 435 3557 591 3613; baseline 0.013 -2"><span class='ocrx_word' id='word_1_458' title='bbox 435 3557 591 3613; x_wconf 89' lang='grc' dir='ltr'>θῶσι.</span> 
     </span>
    </p>
   </div>
   <div class='ocr_carea' id='block_1_66' title="bbox 1049 3724 1384 3779">
    <p class='ocr_par' dir='ltr' id='par_1_66' title="bbox 1049 3724 1384 3779">
     <span class='ocr_line' id='line_1_66' title="bbox 1049 3724 1384 3779; baseline 0.009 -3"><span class='ocrx_word' id='word_1_459' title='bbox 1049 3724 1287 3777; x_wconf 83' lang='grc' dir='ltr'><strong>ΚΑΝΩΝ</strong></span> <span class='ocrx_word' id='word_1_460' title='bbox 1326 3726 1384 3779; x_wconf 89' lang='lat' dir='ltr'><strong>I&#39;.</strong></span> 
     </span>
    </p>
   </div>
   <div class='ocr_carea' id='block_1_67' title="bbox 508 3811 2002 3887">
    <p class='ocr_par' dir='ltr' id='par_1_67' title="bbox 508 3811 2002 3887">
     <span class='ocr_line' id='line_1_67' title="bbox 508 3811 2002 3887; baseline 0.005 -26"><span class='ocrx_word' id='word_1_461' title='bbox 508 3831 528 3862; x_wconf 74' lang='grc' dir='ltr'><strong>ι</strong></span> <span class='ocrx_word' id='word_1_462' title='bbox 569 3811 708 3875; x_wconf 80' lang='grc' dir='ltr'>Τοὺς</span> <span class='ocrx_word' id='word_1_463' title='bbox 736 3811 795 3865; x_wconf 86' lang='grc' dir='ltr'>δὲ</span> <span class='ocrx_word' id='word_1_464' title='bbox 842 3813 942 3884; x_wconf 78' lang='grc' dir='ltr'><strong>τὴν</strong></span> <span class='ocrx_word' id='word_1_465' title='bbox 982 3814 1199 3886; x_wconf 78' lang='grc' dir='ltr'>ἐντολὴν</span> <span class='ocrx_word' id='word_1_466' title='bbox 1239 3814 1579 3887; x_wconf 81' lang='grc' dir='ltr'>πληροῦντας</span> <span class='ocrx_word' id='word_1_467' title='bbox 1619 3816 1774 3879; x_wconf 80' lang='grc' dir='ltr'>ἐκτὸς</span> <span class='ocrx_word' id='word_1_468' title='bbox 1820 3813 2002 3887; x_wconf 86' lang='grc' dir='ltr'>πάσης</span> 
     </span>
    </p>
   </div>
   <div class='ocr_carea' id='block_1_68' title="bbox 439 3903 2002 3981">
    <p class='ocr_par' dir='ltr' id='par_1_68' title="bbox 439 3903 2002 3981">
     <span class='ocr_line' id='line_1_68' title="bbox 439 3903 2002 3981; baseline 0.006 -28"><span class='ocrx_word' id='word_1_469' title='bbox 439 3921 458 3953; x_wconf 74' lang='grc' dir='ltr'><strong>ι</strong></span> <span class='ocrx_word' id='word_1_470' title='bbox 495 3903 939 3973; x_wconf 78' lang='grc' dir='ltr'>αἰσχροκερδείας</span> <span class='ocrx_word' id='word_1_471' title='bbox 968 3906 1208 3977; x_wconf 83' lang='grc' dir='ltr'>πληροῦν</span> <span class='ocrx_word' id='word_1_472' title='bbox 1233 3908 1335 3971; x_wconf 85' lang='grc' dir='ltr'>δεῖ,</span> <span class='ocrx_word' id='word_1_473' title='bbox 1367 3910 1504 3980; x_wconf 84' lang='grc' dir='ltr'>μήτε</span> <span class='ocrx_word' id='word_1_474' title='bbox 1551 3910 1793 3981; x_wconf 81' lang='grc' dir='ltr'>μήνυτρα</span> <span class='ocrx_word' id='word_1_475' title='bbox 1822 3909 1856 3981; x_wconf 80' lang='grc' dir='ltr'>ἢ</span> <span class='ocrx_word' id='word_1_476' title='bbox 1890 3909 2002 3962; x_wconf 86' lang='grc' dir='ltr'>σῶ-</span> 
     </span>
    </p>
   </div>
   <div class='ocr_carea' id='block_1_69' title="bbox 438 3992 2000 4069">
    <p class='ocr_par' dir='ltr' id='par_1_69' title="bbox 438 3992 2000 4069">
     <span class='ocr_line' id='line_1_69' title="bbox 438 3992 2000 4069; baseline 0.006 -25"><span class='ocrx_word' id='word_1_477' title='bbox 438 4011 458 4043; x_wconf 83' lang='grc'><strong>‹</strong></span> <span class='ocrx_word' id='word_1_478' title='bbox 499 4010 664 4063; x_wconf 88' lang='grc' dir='ltr'>στρα,</span> <span class='ocrx_word' id='word_1_479' title='bbox 694 3994 727 4065; x_wconf 76' lang='grc' dir='ltr'>ἦ</span> <span class='ocrx_word' id='word_1_480' title='bbox 756 3993 1025 4066; x_wconf 84' lang='grc' dir='ltr'>εὕρετρα,</span> <span class='ocrx_word' id='word_1_481' title='bbox 1058 3997 1091 4067; x_wconf 81' lang='grc' dir='ltr'>ἢ</span> <span class='ocrx_word' id='word_1_482' title='bbox 1142 3992 1186 4065; x_wconf 81' lang='grc' dir='ltr'>ᾧ</span> <span class='ocrx_word' id='word_1_483' title='bbox 1226 3997 1448 4069; x_wconf 81' lang='grc' dir='ltr'>ὀνόματι</span> <span class='ocrx_word' id='word_1_484' title='bbox 1493 3999 1665 4053; x_wconf 88' lang='grc' dir='ltr'>ταῦτα</span> <span class='ocrx_word' id='word_1_485' title='bbox 1713 3999 2000 4067; x_wconf 88' lang='grc' dir='ltr'>καλοῦσιν,</span> 
     </span>
    </p>
   </div>
   <div class='ocr_carea' id='block_1_70' title="bbox 441 4084 930 4147">
    <p class='ocr_par' dir='ltr' id='par_1_70' title="bbox 441 4084 930 4147">
     <span class='ocr_line' id='line_1_70' title="bbox 441 4084 930 4147; baseline 0.002 -13"><span class='ocrx_word' id='word_1_486' title='bbox 441 4101 461 4134; x_wconf 76' lang='grc' dir='ltr'><strong>ι</strong></span> <span class='ocrx_word' id='word_1_487' title='bbox 499 4084 883 4147; x_wconf 85' lang='grc' dir='ltr'>ἀπαιτοῦντας.</span> <span class='ocrx_word' id='word_1_488' title='bbox 912 4104 930 4135; x_wconf 77' lang='grc' dir='ltr'><strong>ι</strong></span> 
     </span>
    </p>
   </div>
   <div class='ocr_carea' id='block_1_71' title="bbox 502 4175 2003 4249">
    <p class='ocr_par' dir='ltr' id='par_1_71' title="bbox 502 4175 2003 4249">
     <span class='ocr_line' id='line_1_71' title="bbox 502 4175 2003 4249; baseline 0.004 -23"><span class='ocrx_word' id='word_1_489' title='bbox 502 4175 697 4229; x_wconf 84' lang='grc' dir='ltr'><strong>ΒΑΛΣ.</strong></span> <span class='ocrx_word' id='word_1_490' title='bbox 731 4175 1150 4247; x_wconf 79' lang='grc' dir='ltr'>Ἀποδεξάμενος</span> <span class='ocrx_word' id='word_1_491' title='bbox 1172 4175 1269 4249; x_wconf 79' lang='grc' dir='ltr'><strong>τὴν</strong></span> <span class='ocrx_word' id='word_1_492' title='bbox 1296 4175 1678 4245; x_wconf 80' lang='grc' dir='ltr'>ἀγαθοθέλειαν</span> <span class='ocrx_word' id='word_1_493' title='bbox 1699 4177 1806 4230; x_wconf 90' lang='grc' dir='ltr'><strong>τῶν</strong></span> <span class='ocrx_word' id='word_1_494' title='bbox 1836 4196 2003 4248; x_wconf 84' lang='grc' dir='ltr'>προσ-</span> 
     </span>
    </p>
   </div>
   <div class='ocr_carea' id='block_1_72' title="bbox 430 4266 2003 4339">
    <p class='ocr_par' dir='ltr' id='par_1_72' title="bbox 430 4266 2003 4339">
     <span class='ocr_line' id='line_1_72' title="bbox 430 4266 2003 4339; baseline 0.001 -18"><span class='ocrx_word' id='word_1_495' title='bbox 430 4266 798 4336; x_wconf 88' lang='grc' dir='ltr'>αγγειλάντων</span> <span class='ocrx_word' id='word_1_496' title='bbox 855 4269 1081 4332; x_wconf 75' lang='grc' dir='ltr'>ἑαυτοὺς</span> <span class='ocrx_word' id='word_1_497' title='bbox 1136 4269 1232 4322; x_wconf 75' lang='grc' dir='ltr'><strong>καὶ</strong></span> <span class='ocrx_word' id='word_1_498' title='bbox 1288 4268 1593 4322; x_wconf 86' lang='grc' dir='ltr'>ἀποδόντων</span> <span class='ocrx_word' id='word_1_499' title='bbox 1647 4270 2003 4339; x_wconf 81' lang='grc' dir='ltr'>εὐγνωμόνως</span> 
     </span>
    </p>
   </div>
   <div class='ocr_carea' id='block_1_73' title="bbox 429 4353 2001 4433">
    <p class='ocr_par' dir='ltr' id='par_1_73' title="bbox 429 4353 2001 4433">
     <span class='ocr_line' id='line_1_73' title="bbox 429 4353 2001 4433; baseline 0.001 -21"><span class='ocrx_word' id='word_1_500' title='bbox 429 4360 491 4413; x_wconf 83' lang='grc' dir='ltr'>τὸ</span> <span class='ocrx_word' id='word_1_501' title='bbox 523 4358 767 4431; x_wconf 85' lang='grc' dir='ltr'>εὕρεμα,</span> <span class='ocrx_word' id='word_1_502' title='bbox 799 4359 1153 4433; x_wconf 87' lang='grc' dir='ltr'>προστίθησιν</span> <span class='ocrx_word' id='word_1_503' title='bbox 1198 4360 1227 4412; x_wconf 89' lang='lat'><strong>6</strong></span> <span class='ocrx_word' id='word_1_504' title='bbox 1272 4353 1464 4427; x_wconf 74' lang='grc' dir='ltr'>ἅγιος,</span> <span class='ocrx_word' id='word_1_505' title='bbox 1508 4358 1615 4423; x_wconf 83' lang='grc' dir='ltr'>ὡς,</span> <span class='ocrx_word' id='word_1_506' title='bbox 1662 4362 1709 4413; x_wconf 89' lang='grc' dir='ltr'><strong>εί</strong></span> <span class='ocrx_word' id='word_1_507' title='bbox 1758 4360 2001 4414; x_wconf 82' lang='grc' dir='ltr'>θέλουσιν</span> 
     </span>
    </p>
   </div>
   <div class='ocr_carea' id='block_1_74' title="bbox 428 4444 1998 4533">
    <p class='ocr_par' dir='ltr' id='par_1_74' title="bbox 428 4444 1998 4533">
     <span class='ocr_line' id='line_1_74' title="bbox 428 4444 1998 4533; baseline 0 -27"><span class='ocrx_word' id='word_1_508' title='bbox 428 4448 576 4509; x_wconf 72' lang='grc' dir='ltr'>οὗτοι</span> <span class='ocrx_word' id='word_1_509' title='bbox 620 4453 930 4525; x_wconf 85' lang='grc' dir='ltr'>λογισθῆναι</span> <span class='ocrx_word' id='word_1_510' title='bbox 979 4453 1261 4525; x_wconf 76' lang='grc' dir='ltr'>πληρωταὶ</span> <span class='ocrx_word' id='word_1_511' title='bbox 1295 4454 1395 4524; x_wconf 90' lang='grc' dir='ltr'><strong>τῆς</strong></span> <span class='ocrx_word' id='word_1_512' title='bbox 1438 4452 1658 4525; x_wconf 78' lang='grc' dir='ltr'>ἐντολῆς</span> <span class='ocrx_word' id='word_1_513' title='bbox 1709 4453 1801 4506; x_wconf 87' lang='grc' dir='ltr'><strong>τοῦ</strong></span> <span class='ocrx_word' id='word_1_514' title='bbox 1843 4444 1998 4533; x_wconf 60' lang='grc' dir='ltr'>θεοη,</span> 
     </span>
    </p>
   </div>
   <div class='ocr_carea' id='block_1_75' title="bbox 2106 3276 3665 3348">
    <p class='ocr_par' dir='ltr' id='par_1_75' title="bbox 2106 3276 3665 3348">
     <span class='ocr_line' id='line_1_75' title="bbox 2106 3276 3665 3348; baseline 0.003 -20"><span class='ocrx_word' id='word_1_515' title='bbox 2106 3276 2421 3344; x_wconf 88' lang='lat' dir='ltr'><strong>precatione</strong></span> <span class='ocrx_word' id='word_1_516' title='bbox 2450 3292 2669 3346; x_wconf 88' lang='lat' dir='ltr'><strong>quoque</strong></span> <span class='ocrx_word' id='word_1_517' title='bbox 2689 3277 2838 3348; x_wconf 81' lang='lat' dir='ltr'><strong>digni</strong></span> <span class='ocrx_word' id='word_1_518' title='bbox 2871 3279 3173 3334; x_wconf 86' lang='lat' dir='ltr'><strong>habeantur</strong></span> <span class='ocrx_word' id='word_1_519' title='bbox 3201 3300 3212 3334; x_wconf 91' lang='lat'><strong>:</strong></span> <span class='ocrx_word' id='word_1_520' title='bbox 3250 3281 3352 3336; x_wconf 88' lang='lat' dir='ltr'><strong>hoc</strong></span> <span class='ocrx_word' id='word_1_521' title='bbox 3376 3289 3477 3344; x_wconf 84' lang='lat' dir='ltr'><strong>est,</strong></span> <span class='ocrx_word' id='word_1_522' title='bbox 3506 3280 3571 3334; x_wconf 91' lang='lat' dir='ltr'><strong>ad</strong></span> <span class='ocrx_word' id='word_1_523' title='bbox 3601 3280 3665 3333; x_wconf 89' lang='lat' dir='ltr'><strong>ﬁ-</strong></span> 
     </span>
    </p>
   </div>
   <div class='ocr_carea' id='block_1_76' title="bbox 2106 3368 3667 3439">
    <p class='ocr_par' dir='ltr' id='par_1_76' title="bbox 2106 3368 3667 3439">
     <span class='ocr_line' id='line_1_76' title="bbox 2106 3368 3667 3439; baseline 0.004 -20"><span class='ocrx_word' id='word_1_524' title='bbox 2106 3380 2428 3436; x_wconf 88' lang='lat' dir='ltr'><strong>nemusque</strong></span> <span class='ocrx_word' id='word_1_525' title='bbox 2453 3368 2787 3437; x_wconf 80' lang='lat' dir='ltr'><strong>precationis</strong></span> <span class='ocrx_word' id='word_1_526' title='bbox 2816 3385 2939 3425; x_wconf 89' lang='lat' dir='ltr'><strong>cum</strong></span> <span class='ocrx_word' id='word_1_527' title='bbox 2971 3370 3219 3427; x_wconf 88' lang='lat' dir='ltr'><strong>ﬁdelibus</strong></span> <span class='ocrx_word' id='word_1_528' title='bbox 3244 3373 3570 3439; x_wconf 84' lang='lat' dir='ltr'><strong>consistant,</strong></span> <span class='ocrx_word' id='word_1_529' title='bbox 3602 3386 3667 3425; x_wconf 89' lang='lat' dir='ltr'><strong>ac</strong></span> 
     </span>
    </p>
   </div>
   <div class='ocr_carea' id='block_1_77' title="bbox 2105 3456 3664 3524">
    <p class='ocr_par' dir='ltr' id='par_1_77' title="bbox 2105 3456 3664 3524">
     <span class='ocr_line' id='line_1_77' title="bbox 2105 3456 3664 3524; baseline 0.001 -15"><span class='ocrx_word' id='word_1_530' title='bbox 2105 3470 2136 3509; x_wconf 93' lang='lat' dir='ltr'><strong>a</strong></span> <span class='ocrx_word' id='word_1_531' title='bbox 2171 3465 2357 3510; x_wconf 85' lang='lat' dir='ltr'><strong>sancta</strong></span> <span class='ocrx_word' id='word_1_532' title='bbox 2393 3456 2778 3511; x_wconf 89' lang='lat' dir='ltr'><strong>communione</strong></span> <span class='ocrx_word' id='word_1_533' title='bbox 2826 3459 3204 3512; x_wconf 87' lang='lat' dir='ltr'><strong>tantummodo</strong></span> <span class='ocrx_word' id='word_1_534' title='bbox 3230 3467 3552 3524; x_wconf 85' lang='lat' dir='ltr'><strong>arceantur;</strong></span> <span class='ocrx_word' id='word_1_535' title='bbox 3579 3458 3664 3510; x_wconf 85' lang='lat' dir='ltr'><strong>vi-</strong></span> 
     </span>
    </p>
   </div>
   <div class='ocr_carea' id='block_1_78' title="bbox 2104 3545 3666 3616">
    <p class='ocr_par' dir='ltr' id='par_1_78' title="bbox 2104 3545 3666 3616">
     <span class='ocr_line' id='line_1_78' title="bbox 2104 3545 3666 3616; baseline 0.003 -18"><span class='ocrx_word' id='word_1_536' title='bbox 2104 3545 2295 3599; x_wconf 87' lang='lat' dir='ltr'><strong>delicet</strong></span> <span class='ocrx_word' id='word_1_537' title='bbox 2337 3546 2639 3615; x_wconf 90' lang='lat' dir='ltr'><strong>usquedum</strong></span> <span class='ocrx_word' id='word_1_538' title='bbox 2676 3548 3048 3616; x_wconf 73' lang='lat' dir='ltr'><strong>paenitentiam</strong></span> <span class='ocrx_word' id='word_1_539' title='bbox 3094 3550 3533 3616; x_wconf 79' lang='lat' dir='ltr'><strong>ostenderint,et</strong></span> <span class='ocrx_word' id='word_1_540' title='bbox 3563 3549 3666 3603; x_wconf 88' lang='lat' dir='ltr'><strong>bac</strong></span> 
     </span>
    </p>
   </div>
   <div class='ocr_carea' id='block_1_79' title="bbox 2106 3638 2927 3708">
    <p class='ocr_par' dir='ltr' id='par_1_79' title="bbox 2106 3638 2927 3708">
     <span class='ocr_line' id='line_1_79' title="bbox 2106 3638 2927 3708; baseline 0 -17"><span class='ocrx_word' id='word_1_541' title='bbox 2106 3652 2323 3706; x_wconf 89' lang='lat' dir='ltr'><strong>quoque</strong></span> <span class='ocrx_word' id='word_1_542' title='bbox 2346 3638 2495 3708; x_wconf 80' lang='lat' dir='ltr'><strong>digni</strong></span> <span class='ocrx_word' id='word_1_543' title='bbox 2526 3638 2927 3694; x_wconf 83' lang='lat' dir='ltr'><strong>existimentur.</strong></span> 
     </span>
    </p>
   </div>
   <div class='ocr_carea' id='block_1_80' title="bbox 2718 3729 3047 3786">
    <p class='ocr_par' dir='ltr' id='par_1_80' title="bbox 2718 3729 3047 3786">
     <span class='ocr_line' id='line_1_80' title="bbox 2718 3729 3047 3786; baseline 0.006 -3"><span class='ocrx_word' id='word_1_544' title='bbox 2718 3729 2946 3785; x_wconf 82' lang='lat' dir='ltr'><strong>CANON</strong></span> <span class='ocrx_word' id='word_1_545' title='bbox 2977 3730 3047 3786; x_wconf 71' lang='grc' dir='ltr'><strong>Χ.</strong></span> 
     </span>
    </p>
   </div>
   <div class='ocr_carea' id='block_1_81' title="bbox 2181 3820 3667 3892">
    <p class='ocr_par' dir='ltr' id='par_1_81' title="bbox 2181 3820 3667 3892">
     <span class='ocr_line' id='line_1_81' title="bbox 2181 3820 3667 3892; baseline 0.001 -19"><span class='ocrx_word' id='word_1_546' title='bbox 2181 3840 2200 3873; x_wconf 77' lang='grc' dir='ltr'><strong>ι</strong></span> <span class='ocrx_word' id='word_1_547' title='bbox 2245 3820 2353 3877; x_wconf 89' lang='lat' dir='ltr'><strong>Eos</strong></span> <span class='ocrx_word' id='word_1_548' title='bbox 2381 3829 2563 3877; x_wconf 83' lang='lat' dir='ltr'><strong>autem</strong></span> <span class='ocrx_word' id='word_1_549' title='bbox 2594 3822 2688 3891; x_wconf 90' lang='lat' dir='ltr'><strong>qui</strong></span> <span class='ocrx_word' id='word_1_550' title='bbox 2717 3831 2939 3877; x_wconf 79' lang='lat' dir='ltr'><strong>servant</strong></span> <span class='ocrx_word' id='word_1_551' title='bbox 2962 3822 3237 3889; x_wconf 82' lang='lat' dir='ltr'><strong>mandata,</strong></span> <span class='ocrx_word' id='word_1_552' title='bbox 3283 3824 3488 3892; x_wconf 85' lang='lat' dir='ltr'><strong>absque</strong></span> <span class='ocrx_word' id='word_1_553' title='bbox 3518 3823 3667 3875; x_wconf 84' lang='lat' dir='ltr'><strong>omni</strong></span> 
     </span>
    </p>
   </div>
   <div class='ocr_carea' id='block_1_82' title="bbox 2108 3913 3667 3983">
    <p class='ocr_par' dir='ltr' id='par_1_82' title="bbox 2108 3913 3667 3983">
     <span class='ocr_line' id='line_1_82' title="bbox 2108 3913 3667 3983; baseline 0.003 -19"><span class='ocrx_word' id='word_1_554' title='bbox 2108 3930 2128 3964; x_wconf 74' lang='grc' dir='ltr'><strong>ι</strong></span> <span class='ocrx_word' id='word_1_555' title='bbox 2171 3913 2315 3983; x_wconf 88' lang='lat' dir='ltr'><strong>turpi</strong></span> <span class='ocrx_word' id='word_1_556' title='bbox 2364 3913 2521 3967; x_wconf 88' lang='lat' dir='ltr'><strong>lucro</strong></span> <span class='ocrx_word' id='word_1_557' title='bbox 2548 3926 2767 3967; x_wconf 89' lang='lat' dir='ltr'><strong>servare</strong></span> <span class='ocrx_word' id='word_1_558' title='bbox 2794 3922 3039 3983; x_wconf 80' lang='lat' dir='ltr'><strong>Oportet;</strong></span> <span class='ocrx_word' id='word_1_559' title='bbox 3094 3929 3194 3969; x_wconf 89' lang='lat' dir='ltr'><strong>nec</strong></span> <span class='ocrx_word' id='word_1_560' title='bbox 3224 3914 3407 3968; x_wconf 87' lang='lat' dir='ltr'><strong>indicii</strong></span> <span class='ocrx_word' id='word_1_561' title='bbox 3441 3913 3523 3966; x_wconf 87' lang='lat' dir='ltr'><strong>vel</strong></span> <span class='ocrx_word' id='word_1_562' title='bbox 3567 3926 3667 3968; x_wconf 87' lang='lat' dir='ltr'><strong>cu-</strong></span> 
     </span>
    </p>
   </div>
   <div class='ocr_carea' id='block_1_83' title="bbox 2108 3988 3670 4074">
    <p class='ocr_par' dir='ltr' id='par_1_83' title="bbox 2108 3988 3670 4074">
     <span class='ocr_line' id='line_1_83' title="bbox 2108 3988 3670 4074; baseline 0.001 -18"><span class='ocrx_word' id='word_1_563' title='bbox 2108 4022 2128 4056; x_wconf 67' lang='lat' dir='ltr'><strong>r</strong></span> <span class='ocrx_word' id='word_1_564' title='bbox 2166 4003 2378 4070; x_wconf 67' lang='lat' dir='ltr'><strong>stodiaa,</strong></span> <span class='ocrx_word' id='word_1_565' title='bbox 2418 4003 2502 4057; x_wconf 88' lang='lat' dir='ltr'><strong>vel</strong></span> <span class='ocrx_word' id='word_1_566' title='bbox 2543 4002 2873 4058; x_wconf 87' lang='lat' dir='ltr'><strong>inventionis</strong></span> <span class='ocrx_word' id='word_1_567' title='bbox 2901 4004 3157 4072; x_wconf 90' lang='lat' dir='ltr'><strong>pretium,</strong></span> <span class='ocrx_word' id='word_1_568' title='bbox 3203 4003 3286 4058; x_wconf 90' lang='lat' dir='ltr'><strong>vel</strong></span> <span class='ocrx_word' id='word_1_569' title='bbox 3341 3988 3670 4074; x_wconf 85' lang='lat' dir='ltr'><strong>quocunque</strong></span> 
     </span>
    </p>
   </div>
   <div class='ocr_carea' id='block_1_84' title="bbox 2107 4093 3244 4164">
    <p class='ocr_par' dir='ltr' id='par_1_84' title="bbox 2107 4093 3244 4164">
     <span class='ocr_line' id='line_1_84' title="bbox 2107 4093 3244 4164; baseline -0.002 -17"><span class='ocrx_word' id='word_1_570' title='bbox 2107 4112 2129 4147; x_wconf 76' lang='grc' dir='ltr'><strong>ι</strong></span> <span class='ocrx_word' id='word_1_571' title='bbox 2175 4094 2395 4148; x_wconf 90' lang='lat' dir='ltr'><strong>nomine</strong></span> <span class='ocrx_word' id='word_1_572' title='bbox 2423 4094 2529 4148; x_wconf 88' lang='lat' dir='ltr'><strong>hoc</strong></span> <span class='ocrx_word' id='word_1_573' title='bbox 2566 4093 3182 4164; x_wconf 81' lang='lat' dir='ltr'><strong>appellant,‘exigentes.</strong></span> <span class='ocrx_word' id='word_1_574' title='bbox 3225 4112 3244 4144; x_wconf 72' lang='grc' dir='ltr'><strong>ι</strong></span> 
     </span>
    </p>
   </div>
   <div class='ocr_carea' id='block_1_85' title="bbox 2171 4183 3668 4240">
    <p class='ocr_par' dir='ltr' id='par_1_85' title="bbox 2171 4183 3668 4240">
     <span class='ocr_line' id='line_1_85' title="bbox 2171 4183 3668 4240; baseline 0 -2"><span class='ocrx_word' id='word_1_575' title='bbox 2171 4183 2335 4240; x_wconf 67' lang='lat' dir='ltr'><strong>llus.</strong></span> <span class='ocrx_word' id='word_1_576' title='bbox 2360 4184 2497 4238; x_wconf 84' lang='lat' dir='ltr'><strong>Cum</strong></span> <span class='ocrx_word' id='word_1_577' title='bbox 2538 4183 2850 4238; x_wconf 79' lang='lat' dir='ltr'><strong>admisisset</strong></span> <span class='ocrx_word' id='word_1_578' title='bbox 2881 4193 3103 4238; x_wconf 89' lang='lat' dir='ltr'><strong>sanctus</strong></span> <span class='ocrx_word' id='word_1_579' title='bbox 3127 4185 3323 4238; x_wconf 88' lang='lat' dir='ltr'><strong>bonam</strong></span> <span class='ocrx_word' id='word_1_580' title='bbox 3355 4196 3545 4238; x_wconf 89' lang='lat' dir='ltr'><strong>eorum</strong></span> <span class='ocrx_word' id='word_1_581' title='bbox 3571 4198 3668 4238; x_wconf 81' lang='lat' dir='ltr'><strong>vo-</strong></span> 
     </span>
    </p>
   </div>
   <div class='ocr_carea' id='block_1_86' title="bbox 2100 4273 3663 4343">
    <p class='ocr_par' dir='ltr' id='par_1_86' title="bbox 2100 4273 3663 4343">
     <span class='ocr_line' id='line_1_86' title="bbox 2100 4273 3663 4343; baseline -0.001 -14"><span class='ocrx_word' id='word_1_582' title='bbox 2100 4273 2388 4339; x_wconf 82' lang='lat' dir='ltr'><strong>luntatem,</strong></span> <span class='ocrx_word' id='word_1_583' title='bbox 2410 4274 2502 4343; x_wconf 86' lang='lat' dir='ltr'><strong>qui</strong></span> <span class='ocrx_word' id='word_1_584' title='bbox 2535 4288 2595 4328; x_wconf 84' lang='lat' dir='ltr'><strong>se</strong></span> <span class='ocrx_word' id='word_1_585' title='bbox 2623 4273 2774 4342; x_wconf 90' lang='lat' dir='ltr'><strong>ipsos</strong></span> <span class='ocrx_word' id='word_1_586' title='bbox 2797 4273 3109 4328; x_wconf 88' lang='lat' dir='ltr'><strong>detulerunt</strong></span> <span class='ocrx_word' id='word_1_587' title='bbox 3152 4282 3205 4327; x_wconf 90' lang='lat' dir='ltr'><strong>et</strong></span> <span class='ocrx_word' id='word_1_588' title='bbox 3260 4274 3540 4328; x_wconf 89' lang='lat' dir='ltr'><strong>inventum</strong></span> <span class='ocrx_word' id='word_1_589' title='bbox 3568 4273 3663 4328; x_wconf 86' lang='lat' dir='ltr'><strong>be-</strong></span> 
     </span>
    </p>
   </div>
   <div class='ocr_carea' id='block_1_87' title="bbox 2102 4364 3673 4435">
    <p class='ocr_par' dir='ltr' id='par_1_87' title="bbox 2102 4364 3673 4435">
     <span class='ocr_line' id='line_1_87' title="bbox 2102 4364 3673 4435; baseline -0.002 -16"><span class='ocrx_word' id='word_1_590' title='bbox 2102 4365 2294 4421; x_wconf 86' lang='lat' dir='ltr'><strong>nevole</strong></span> <span class='ocrx_word' id='word_1_591' title='bbox 2315 4365 2690 4425; x_wconf 91' lang='lat' dir='ltr'><strong>reddiderunt,</strong></span> <span class='ocrx_word' id='word_1_592' title='bbox 2711 4364 2917 4433; x_wconf 87' lang='lat' dir='ltr'><strong>adjicit,</strong></span> <span class='ocrx_word' id='word_1_593' title='bbox 2935 4367 3080 4435; x_wconf 86' lang='lat' dir='ltr'><strong>quod</strong></span> <span class='ocrx_word' id='word_1_594' title='bbox 3105 4366 3149 4420; x_wconf 90' lang='lat' dir='ltr'><strong>si</strong></span> <span class='ocrx_word' id='word_1_595' title='bbox 3176 4366 3214 4418; x_wconf 91' lang='lat' dir='ltr'><strong>ii</strong></span> <span class='ocrx_word' id='word_1_596' title='bbox 3239 4365 3402 4419; x_wconf 87' lang='lat' dir='ltr'><strong>velint</strong></span> <span class='ocrx_word' id='word_1_597' title='bbox 3430 4364 3673 4417; x_wconf 85' lang='lat' dir='ltr'><strong>mandati</strong></span> 
     </span>
    </p>
   </div>
   <div class='ocr_carea' id='block_1_88' title="bbox 2105 4454 3666 4527">
    <p class='ocr_par' dir='ltr' id='par_1_88' title="bbox 2105 4454 3666 4527">
     <span class='ocr_line' id='line_1_88' title="bbox 2105 4454 3666 4527; baseline -0.004 -15"><span class='ocrx_word' id='word_1_598' title='bbox 2105 4457 2196 4512; x_wconf 88' lang='lat' dir='ltr'><strong>Dei</strong></span> <span class='ocrx_word' id='word_1_599' title='bbox 2222 4458 2601 4513; x_wconf 85' lang='lat' dir='ltr'><strong>observatores</strong></span> <span class='ocrx_word' id='word_1_600' title='bbox 2623 4454 2819 4522; x_wconf 88' lang='lat' dir='ltr'><strong>videri,</strong></span> <span class='ocrx_word' id='word_1_601' title='bbox 2850 4458 3050 4512; x_wconf 89' lang='lat' dir='ltr'><strong>debent</strong></span> <span class='ocrx_word' id='word_1_602' title='bbox 3072 4459 3277 4526; x_wconf 88' lang='lat' dir='ltr'><strong>absque</strong></span> <span class='ocrx_word' id='word_1_603' title='bbox 3306 4457 3510 4527; x_wconf 88' lang='lat' dir='ltr'><strong>quovis&#39;</strong></span> <span class='ocrx_word' id='word_1_604' title='bbox 3526 4454 3666 4524; x_wconf 84' lang='lat' dir='ltr'><strong>turpi</strong></span> 
     </span>
    </p>
   </div>
   <div class='ocr_carea' id='block_1_89' title="bbox 430 4536 2001 4618">
    <p class='ocr_par' dir='ltr' id='par_1_89' title="bbox 430 4544 2001 4618">
     <span class='ocr_line' id='line_1_89' title="bbox 430 4544 2001 4618; baseline -0.001 -19"><span class='ocrx_word' id='word_1_605' title='bbox 430 4544 702 4614; x_wconf 82' lang='grc' dir='ltr'>ὀφείλουσι</span> <span class='ocrx_word' id='word_1_606' title='bbox 763 4546 931 4618; x_wconf 81' lang='grc' dir='ltr'>χωρὶς</span> <span class='ocrx_word' id='word_1_607' title='bbox 976 4544 1203 4617; x_wconf 76' lang='grc' dir='ltr'>αἰσχροῦ</span> <span class='ocrx_word' id='word_1_608' title='bbox 1250 4544 1475 4617; x_wconf 79' lang='grc' dir='ltr'>κέρδους</span> <span class='ocrx_word' id='word_1_609' title='bbox 1510 4544 1620 4597; x_wconf 83' lang='grc' dir='ltr'>οἴου</span> <span class='ocrx_word' id='word_1_610' title='bbox 1644 4545 1706 4617; x_wconf 85' lang='grc' dir='ltr'>δή</span> <span class='ocrx_word' id='word_1_611' title='bbox 1729 4562 1871 4608; x_wconf 87' lang='grc' dir='ltr'>τινος</span> <span class='ocrx_word' id='word_1_612' title='bbox 1901 4545 2001 4617; x_wconf 84' lang='grc' dir='ltr'><strong>τὴν</strong></span> 
     </span>
    </p>
   </div>
   <div class='ocr_carea' id='block_1_90' title="bbox 2103 4536 3665 4618">
    <p class='ocr_par' dir='ltr' id='par_1_90' title="bbox 2104 4548 3665 4613">
     <span class='ocr_line' id='line_1_90' title="bbox 2104 4548 3665 4613; baseline -0.001 -10"><span class='ocrx_word' id='word_1_613' title='bbox 2104 4548 2259 4604; x_wconf 90' lang='lat' dir='ltr'><strong>luero</strong></span> <span class='ocrx_word' id='word_1_614' title='bbox 2284 4565 2400 4603; x_wconf 90' lang='lat' dir='ltr'><strong>rem</strong></span> <span class='ocrx_word' id='word_1_615' title='bbox 2438 4549 2712 4605; x_wconf 86' lang='lat' dir='ltr'><strong>inventam</strong></span> <span class='ocrx_word' id='word_1_616' title='bbox 2744 4550 2988 4605; x_wconf 87' lang='lat' dir='ltr'><strong>reddere.</strong></span> <span class='ocrx_word' id='word_1_617' title='bbox 3028 4548 3318 4605; x_wconf 83' lang='lat' dir='ltr'><strong>Deﬁnitum</strong></span> <span class='ocrx_word' id='word_1_618' title='bbox 3353 4558 3532 4604; x_wconf 90' lang='lat' dir='ltr'><strong>autem</strong></span> <span class='ocrx_word' id='word_1_619' title='bbox 3562 4556 3665 4613; x_wconf 87' lang='lat' dir='ltr'><strong>est,</strong></span> 
     </span>
    </p>
   </div>
   <div class='ocr_carea' id='block_1_91' title="bbox 430 4635 2003 4707">
    <p class='ocr_par' dir='ltr' id='par_1_91' title="bbox 430 4635 2003 4707">
     <span class='ocr_line' id='line_1_91' title="bbox 430 4635 2003 4707; baseline -0.001 -16"><span class='ocrx_word' id='word_1_620' title='bbox 430 4636 683 4691; x_wconf 78' lang='grc' dir='ltr'>ἀπόδοσιν</span> <span class='ocrx_word' id='word_1_621' title='bbox 711 4635 805 4689; x_wconf 89' lang='grc' dir='ltr'><strong>τοῦ</strong></span> <span class='ocrx_word' id='word_1_622' title='bbox 841 4636 1141 4707; x_wconf 80' lang='grc' dir='ltr'>εὐρέματος</span> <span class='ocrx_word' id='word_1_623' title='bbox 1171 4639 1363 4689; x_wconf 87' lang='grc' dir='ltr'>ποιεῖν.</span> <span class='ocrx_word' id='word_1_624' title='bbox 1402 4635 1617 4706; x_wconf 83' lang='grc' dir='ltr'>Ὠρίσθη</span> <span class='ocrx_word' id='word_1_625' title='bbox 1648 4636 1704 4689; x_wconf 84' lang='grc' dir='ltr'>δὲ</span> <span class='ocrx_word' id='word_1_626' title='bbox 1727 4636 1804 4707; x_wconf 80' lang='grc' dir='ltr'>μὴ</span> <span class='ocrx_word' id='word_1_627' title='bbox 1836 4636 2003 4689; x_wconf 83' lang='grc' dir='ltr'>άπαι-</span> 
     </span>
    </p>
   </div>
   <div class='ocr_carea' id='block_1_92' title="bbox 428 4726 2001 4800">
    <p class='ocr_par' dir='ltr' id='par_1_92' title="bbox 428 4726 2001 4800">
     <span class='ocr_line' id='line_1_92' title="bbox 428 4726 2001 4800; baseline 0 -18"><span class='ocrx_word' id='word_1_628' title='bbox 428 4728 638 4783; x_wconf 79' lang='grc' dir='ltr'>τεῖσθαι</span> <span class='ocrx_word' id='word_1_629' title='bbox 686 4727 837 4800; x_wconf 88' lang='grc' dir='ltr'><strong>παρά</strong></span> <span class='ocrx_word' id='word_1_630' title='bbox 891 4726 985 4780; x_wconf 90' lang='grc' dir='ltr'><strong>τοῦ</strong></span> <span class='ocrx_word' id='word_1_631' title='bbox 1042 4728 1334 4799; x_wconf 86' lang='grc' dir='ltr'>εὕρηκότος</span> <span class='ocrx_word' id='word_1_632' title='bbox 1383 4727 1449 4779; x_wconf 82' lang='grc' dir='ltr'>ὲκ</span> <span class='ocrx_word' id='word_1_633' title='bbox 1510 4726 1603 4779; x_wconf 87' lang='grc' dir='ltr'><strong>τοῦ</strong></span> <span class='ocrx_word' id='word_1_634' title='bbox 1665 4727 1862 4800; x_wconf 84' lang='grc' dir='ltr'>μέρους</span> <span class='ocrx_word' id='word_1_635' title='bbox 1904 4728 2001 4782; x_wconf 90' lang='grc' dir='ltr'><strong>τοῦ</strong></span> 
     </span>
    </p>
   </div>
   <div class='ocr_carea' id='block_1_93' title="bbox 430 4817 2002 4892">
    <p class='ocr_par' dir='ltr' id='par_1_93' title="bbox 430 4817 2002 4892">
     <span class='ocr_line' id='line_1_93' title="bbox 430 4817 2002 4892; baseline 0.003 -21"><span class='ocrx_word' id='word_1_636' title='bbox 430 4817 778 4889; x_wconf 74' lang='grc' dir='ltr'>αἰχμαλώτου</span> <span class='ocrx_word' id='word_1_637' title='bbox 814 4820 1062 4890; x_wconf 86' lang='grc' dir='ltr'>μήνυτρα</span> <span class='ocrx_word' id='word_1_638' title='bbox 1104 4819 1138 4890; x_wconf 83' lang='grc' dir='ltr'>ἦ</span> <span class='ocrx_word' id='word_1_639' title='bbox 1171 4818 1389 4892; x_wconf 87' lang='grc' dir='ltr'>σῶστρα</span> <span class='ocrx_word' id='word_1_640' title='bbox 1417 4820 1449 4890; x_wconf 80' lang='grc' dir='ltr'>ἢ</span> <span class='ocrx_word' id='word_1_641' title='bbox 1481 4818 1712 4891; x_wconf 88' lang='grc' dir='ltr'>εὕρετρα</span> <span class='ocrx_word' id='word_1_642' title='bbox 1735 4858 1750 4883; x_wconf 90' lang='grc'><strong>,</strong></span> <span class='ocrx_word' id='word_1_643' title='bbox 1797 4820 1830 4891; x_wconf 82' lang='grc' dir='ltr'>ἢ</span> <span class='ocrx_word' id='word_1_644' title='bbox 1873 4821 2002 4876; x_wconf 76' lang='grc' dir='ltr'>ἄλλο</span> 
     </span>
    </p>
   </div>
   <div class='ocr_carea' id='block_1_94' title="bbox 427 4908 1999 4982">
    <p class='ocr_par' dir='ltr' id='par_1_94' title="bbox 427 4908 1999 4982">
     <span class='ocr_line' id='line_1_94' title="bbox 427 4908 1999 4982; baseline 0.003 -19"><span class='ocrx_word' id='word_1_645' title='bbox 427 4926 503 4972; x_wconf 81' lang='grc' dir='ltr'><strong>τι,</strong></span> <span class='ocrx_word' id='word_1_646' title='bbox 529 4908 617 4963; x_wconf 83' lang='grc' dir='ltr'>διὰ</span> <span class='ocrx_word' id='word_1_647' title='bbox 642 4908 705 4962; x_wconf 87' lang='grc' dir='ltr'><strong>τὸ</strong></span> <span class='ocrx_word' id='word_1_648' title='bbox 740 4909 814 4981; x_wconf 81' lang='grc' dir='ltr'>μὴ</span> <span class='ocrx_word' id='word_1_649' title='bbox 844 4910 905 4976; x_wconf 72' lang='grc' dir='ltr'><strong>ἐξ</strong></span> <span class='ocrx_word' id='word_1_650' title='bbox 937 4910 1197 4981; x_wconf 83' lang='grc' dir='ltr'>ἀμελείας</span> <span class='ocrx_word' id='word_1_651' title='bbox 1236 4911 1344 4964; x_wconf 89' lang='grc' dir='ltr'><strong>τῶν</strong></span> <span class='ocrx_word' id='word_1_652' title='bbox 1382 4909 1658 4964; x_wconf 82' lang='grc' dir='ltr'>δεσποτῶν</span> <span class='ocrx_word' id='word_1_653' title='bbox 1705 4911 1738 4982; x_wconf 77' lang='grc' dir='ltr'>ἢ</span> <span class='ocrx_word' id='word_1_654' title='bbox 1782 4913 1878 4966; x_wconf 76' lang='grc' dir='ltr'><strong>καὶ</strong></span> <span class='ocrx_word' id='word_1_655' title='bbox 1904 4932 1999 4967; x_wconf 87' lang='grc' dir='ltr'>τυ-</span> 
     </span>
    </p>
   </div>
   <div class='ocr_carea' id='block_1_95' title="bbox 429 5001 2001 5076">
    <p class='ocr_par' dir='ltr' id='par_1_95' title="bbox 429 5001 2001 5076">
     <span class='ocr_line' id='line_1_95' title="bbox 429 5001 2001 5076; baseline 0.004 -23"><span class='ocrx_word' id='word_1_656' title='bbox 429 5002 598 5073; x_wconf 90' lang='grc' dir='ltr'>χαίως</span> <span class='ocrx_word' id='word_1_657' title='bbox 623 5001 873 5069; x_wconf 84' lang='grc' dir='ltr'>γενέσθαι</span> <span class='ocrx_word' id='word_1_658' title='bbox 898 5002 996 5072; x_wconf 84' lang='grc' dir='ltr'>τὴν</span> <span class='ocrx_word' id='word_1_659' title='bbox 1017 5002 1312 5066; x_wconf 82' lang='grc' dir='ltr'>ἀπώλειαν,</span> <span class='ocrx_word' id='word_1_660' title='bbox 1334 5001 1471 5057; x_wconf 88' lang='grc' dir='ltr'><strong>άλλά</strong></span> <span class='ocrx_word' id='word_1_661' title='bbox 1498 5003 1607 5056; x_wconf 86' lang='grc' dir='ltr'><strong>ἀπὸ</strong></span> <span class='ocrx_word' id='word_1_662' title='bbox 1627 5006 2001 5076; x_wconf 87' lang='grc' dir='ltr'>περιστάσεως</span> 
     </span>
    </p>
   </div>
   <div class='ocr_carea' id='block_1_96' title="bbox 432 5092 2001 5172">
    <p class='ocr_par' dir='ltr' id='par_1_96' title="bbox 432 5092 2001 5172">
     <span class='ocr_line' id='line_1_96' title="bbox 432 5092 2001 5172; baseline -0.003 -15"><span class='ocrx_word' id='word_1_663' title='bbox 432 5092 674 5165; x_wconf 76' lang='grc' dir='ltr'>μεγάλης</span> <span class='ocrx_word' id='word_1_664' title='bbox 712 5094 806 5146; x_wconf 76' lang='grc' dir='ltr'>καὶ</span> <span class='ocrx_word' id='word_1_665' title='bbox 849 5094 1151 5166; x_wconf 70' lang='grc' dir='ltr'>ἐπιδρομῆς</span> <span class='ocrx_word' id='word_1_666' title='bbox 1192 5095 1548 5169; x_wconf 76' lang='grc' dir='ltr'>βαρϐαρικῆς.</span> <span class='ocrx_word' id='word_1_667' title='bbox 1580 5099 1644 5151; x_wconf 84' lang='grc' dir='ltr'><strong>Οἱ</strong></span> <span class='ocrx_word' id='word_1_668' title='bbox 1685 5098 1795 5171; x_wconf 81' lang='grc' dir='ltr'>γὰρ</span> <span class='ocrx_word' id='word_1_669' title='bbox 1835 5099 2001 5172; x_wconf 83' lang='grc' dir='ltr'>εὑρη-</span> 
     </span>
    </p>
   </div>
   <div class='ocr_carea' id='block_1_97' title="bbox 429 5185 2001 5264">
    <p class='ocr_par' dir='ltr' id='par_1_97' title="bbox 429 5185 2001 5264">
     <span class='ocr_line' id='line_1_97' title="bbox 429 5185 2001 5264; baseline 0.005 -25"><span class='ocrx_word' id='word_1_670' title='bbox 429 5185 587 5249; x_wconf 85' lang='grc' dir='ltr'>κότες</span> <span class='ocrx_word' id='word_1_671' title='bbox 616 5185 916 5257; x_wconf 87' lang='grc' dir='ltr'>πράγματα</span> <span class='ocrx_word' id='word_1_672' title='bbox 944 5186 1005 5252; x_wconf 74' lang='grc' dir='ltr'><strong>ἐξ</strong></span> <span class='ocrx_word' id='word_1_673' title='bbox 1033 5188 1289 5258; x_wconf 75' lang='grc' dir='ltr'>ἀμελείας</span> <span class='ocrx_word' id='word_1_674' title='bbox 1320 5190 1429 5243; x_wconf 88' lang='grc' dir='ltr'><strong>τῶν</strong></span> <span class='ocrx_word' id='word_1_675' title='bbox 1463 5190 1733 5245; x_wconf 73' lang='grc' dir='ltr'>δεσποτῶν</span> <span class='ocrx_word' id='word_1_676' title='bbox 1765 5191 1798 5263; x_wconf 80' lang='grc' dir='ltr'>ἢ</span> <span class='ocrx_word' id='word_1_677' title='bbox 1831 5191 2001 5264; x_wconf 82' lang='grc' dir='ltr'>τύχης</span> 
     </span>
    </p>
   </div>
   <div class='ocr_carea' id='block_1_98' title="bbox 430 5278 1999 5350">
    <p class='ocr_par' dir='ltr' id='par_1_98' title="bbox 430 5278 1999 5350">
     <span class='ocr_line' id='line_1_98' title="bbox 430 5278 1999 5350; baseline 0.006 -19"><span class='ocrx_word' id='word_1_678' title='bbox 430 5278 815 5342; x_wconf 80' lang='grc' dir='ltr'>ἀπολεσθέντα,</span> <span class='ocrx_word' id='word_1_679' title='bbox 844 5279 940 5333; x_wconf 78' lang='grc' dir='ltr'>καὶ</span> <span class='ocrx_word' id='word_1_680' title='bbox 960 5280 1433 5348; x_wconf 82' lang='grc' dir='ltr'>ἀποκαθιστῶντες</span> <span class='ocrx_word' id='word_1_681' title='bbox 1460 5283 1654 5350; x_wconf 86' lang='grc' dir='ltr'>ταῦτα,</span> <span class='ocrx_word' id='word_1_682' title='bbox 1678 5285 1999 5340; x_wconf 85' lang='grc' dir='ltr'>ἀπαιτοῦσιν</span> 
     </span>
    </p>
   </div>
   <div class='ocr_carea' id='block_1_99' title="bbox 429 5368 1999 5443">
    <p class='ocr_par' dir='ltr' id='par_1_99' title="bbox 429 5368 1999 5443">
     <span class='ocr_line' id='line_1_99' title="bbox 429 5368 1999 5443; baseline 0.006 -21"><span class='ocrx_word' id='word_1_683' title='bbox 429 5368 680 5443; x_wconf 82' lang='grc' dir='ltr'>εὕρετρα,</span> <span class='ocrx_word' id='word_1_684' title='bbox 713 5369 895 5435; x_wconf 80' lang='grc' dir='ltr'>καθὼς</span> <span class='ocrx_word' id='word_1_685' title='bbox 925 5371 1084 5426; x_wconf 89' lang='grc' dir='ltr'>τοῦτο</span> <span class='ocrx_word' id='word_1_686' title='bbox 1110 5374 1457 5443; x_wconf 81' lang='grc' dir='ltr'>ἀναφαίνεται</span> <span class='ocrx_word' id='word_1_687' title='bbox 1498 5377 1606 5431; x_wconf 84' lang='grc' dir='ltr'>ἀπὸ</span> <span class='ocrx_word' id='word_1_688' title='bbox 1631 5375 1742 5431; x_wconf 89' lang='grc' dir='ltr'><strong>τῶν</strong></span> <span class='ocrx_word' id='word_1_689' title='bbox 1775 5377 1999 5432; x_wconf 73' lang='grc' dir='ltr'>ὄπισθεν</span> 
     </span>
    </p>
   </div>
   <div class='ocr_carea' id='block_1_100' title="bbox 430 5456 1962 5534">
    <p class='ocr_par' dir='ltr' id='par_1_100' title="bbox 430 5456 1962 5534">
     <span class='ocr_line' id='line_1_100' title="bbox 430 5456 1962 5534; baseline 0.001 -19"><span class='ocrx_word' id='word_1_690' title='bbox 430 5462 921 5534; x_wconf 81' lang='grc' dir='ltr'>καταστρωθὲντων</span> <span class='ocrx_word' id='word_1_691' title='bbox 952 5461 1154 5532; x_wconf 86' lang='grc' dir='ltr'>νόμων.</span> <span class='ocrx_word' id='word_1_692' title='bbox 1957 5456 1962 5461; x_wconf 66' lang='grc'><em>’</em></span> 
     </span>
    </p>
   </div>
   <div class='ocr_carea' id='block_1_101' title="bbox 498 5555 1995 5630">
    <p class='ocr_par' dir='ltr' id='par_1_101' title="bbox 498 5555 1995 5630">
     <span class='ocr_line' id='line_1_101' title="bbox 498 5555 1995 5630; baseline 0.005 -23"><span class='ocrx_word' id='word_1_693' title='bbox 498 5555 738 5608; x_wconf 80' lang='grc' dir='ltr'><strong>ΖΩΝΑΡ.</strong></span> <span class='ocrx_word' id='word_1_694' title='bbox 807 5555 933 5619; x_wconf 86' lang='grc' dir='ltr'>Τοῖς</span> <span class='ocrx_word' id='word_1_695' title='bbox 987 5555 1306 5625; x_wconf 88' lang='grc' dir='ltr'>ὁμολογοῦσι</span> <span class='ocrx_word' id='word_1_696' title='bbox 1355 5557 1417 5611; x_wconf 77' lang='grc' dir='ltr'><strong>τὸ</strong></span> <span class='ocrx_word' id='word_1_697' title='bbox 1467 5558 1678 5630; x_wconf 82' lang='grc' dir='ltr'>εὕρεμα</span> <span class='ocrx_word' id='word_1_698' title='bbox 1725 5561 1785 5616; x_wconf 84' lang='grc' dir='ltr'><strong>τὸ</strong></span> <span class='ocrx_word' id='word_1_699' title='bbox 1844 5560 1995 5615; x_wconf 84' lang='grc' dir='ltr'>ἀλλό-</span> 
     </span>
    </p>
   </div>
   <div class='ocr_carea' id='block_1_102' title="bbox 427 5646 1998 5721">
    <p class='ocr_par' dir='ltr' id='par_1_102' title="bbox 427 5646 1998 5721">
     <span class='ocr_line' id='line_1_102' title="bbox 427 5646 1998 5721; baseline 0.006 -24"><span class='ocrx_word' id='word_1_700' title='bbox 427 5660 575 5716; x_wconf 90' lang='grc' dir='ltr'>τριον</span> <span class='ocrx_word' id='word_1_701' title='bbox 627 5646 737 5718; x_wconf 73' lang='grc'><strong>(54)</strong></span> <span class='ocrx_word' id='word_1_702' title='bbox 788 5646 1328 5718; x_wconf 85' lang='grc' dir='ltr'>συγγνωμονέστερον</span> <span class='ocrx_word' id='word_1_703' title='bbox 1380 5649 1709 5704; x_wconf 82' lang='grc' dir='ltr'>διατίθεσθαι</span> <span class='ocrx_word' id='word_1_704' title='bbox 1761 5651 1791 5704; x_wconf 91' lang='lat'><strong>6</strong></span> <span class='ocrx_word' id='word_1_705' title='bbox 1844 5652 1998 5721; x_wconf 73' lang='grc' dir='ltr'>ἅγιος</span> 
     </span>
    </p>
   </div>
   <div class='ocr_carea' id='block_1_103' title="bbox 498 5805 1795 5882">
    <p class='ocr_par' dir='ltr' id='par_1_103' title="bbox 498 5805 1795 5882">
     <span class='ocr_line' id='line_1_103' title="bbox 498 5805 1795 5882; baseline 0.003 -23"><span class='ocrx_word' id='word_1_706' title='bbox 498 5805 609 5877; x_wconf 67' lang='grc'><strong>(34)</strong></span> <span class='ocrx_word' id='word_1_707' title='bbox 652 5808 722 5863; x_wconf 83' lang='grc' dir='ltr'><strong>Τὸ</strong></span> <span class='ocrx_word' id='word_1_708' title='bbox 754 5808 1096 5876; x_wconf 70' lang='grc' dir='ltr'>ἀλλότριον.</span> <span class='ocrx_word' id='word_1_709' title='bbox 1130 5806 1318 5864; x_wconf 86' lang='lat' dir='ltr'><strong>Scribe</strong></span> <span class='ocrx_word' id='word_1_710' title='bbox 1349 5808 1457 5863; x_wconf 87' lang='grc' dir='ltr'><strong>τῶν</strong></span> <span class='ocrx_word' id='word_1_711' title='bbox 1484 5808 1795 5882; x_wconf 85' lang='grc' dir='ltr'>ἀλλοτρίων.</span> 
     </span>
    </p>
   </div>
   <div class='ocr_carea' id='block_1_104' title="bbox 2101 4641 3667 4713">
    <p class='ocr_par' dir='ltr' id='par_1_104' title="bbox 2101 4641 3667 4713">
     <span class='ocr_line' id='line_1_104' title="bbox 2101 4641 3667 4713; baseline -0.001 -17"><span class='ocrx_word' id='word_1_712' title='bbox 2101 4656 2209 4696; x_wconf 89' lang='lat' dir='ltr'><strong>non</strong></span> <span class='ocrx_word' id='word_1_713' title='bbox 2243 4642 2458 4712; x_wconf 79' lang='lat' dir='ltr'><strong>exigere</strong></span> <span class='ocrx_word' id='word_1_714' title='bbox 2482 4654 2734 4713; x_wconf 88' lang='lat' dir='ltr'><strong>oportere</strong></span> <span class='ocrx_word' id='word_1_715' title='bbox 2762 4658 2887 4698; x_wconf 91' lang='lat' dir='ltr'><strong>eum</strong></span> <span class='ocrx_word' id='word_1_716' title='bbox 2916 4642 3011 4712; x_wconf 92' lang='lat' dir='ltr'><strong>qui</strong></span> <span class='ocrx_word' id='word_1_717' title='bbox 3054 4641 3282 4705; x_wconf 86' lang='lat' dir='ltr'><strong>invenit,</strong></span> <span class='ocrx_word' id='word_1_718' title='bbox 3331 4642 3399 4695; x_wconf 89' lang='lat' dir='ltr'><strong>ab</strong></span> <span class='ocrx_word' id='word_1_719' title='bbox 3455 4658 3521 4695; x_wconf 92' lang='lat' dir='ltr'><strong>eo</strong></span> <span class='ocrx_word' id='word_1_720' title='bbox 3573 4641 3667 4710; x_wconf 91' lang='lat' dir='ltr'><strong>qui</strong></span> 
     </span>
    </p>
   </div>
   <div class='ocr_carea' id='block_1_105' title="bbox 2102 4731 3668 4801">
    <p class='ocr_par' dir='ltr' id='par_1_105' title="bbox 2102 4731 3668 4801">
     <span class='ocr_line' id='line_1_105' title="bbox 2102 4731 3668 4801; baseline 0.001 -16"><span class='ocrx_word' id='word_1_721' title='bbox 2102 4732 2347 4801; x_wconf 85' lang='lat' dir='ltr'><strong>captivus</strong></span> <span class='ocrx_word' id='word_1_722' title='bbox 2385 4731 2510 4800; x_wconf 79' lang='lat' dir='ltr'><strong>fuit,</strong></span> <span class='ocrx_word' id='word_1_723' title='bbox 2533 4734 2616 4787; x_wconf 85' lang='lat' dir='ltr'><strong>vel</strong></span> <span class='ocrx_word' id='word_1_724' title='bbox 2642 4733 2848 4799; x_wconf 89' lang='lat' dir='ltr'><strong>indicii,</strong></span> <span class='ocrx_word' id='word_1_725' title='bbox 2878 4732 2957 4787; x_wconf 90' lang='lat' dir='ltr'><strong>vel</strong></span> <span class='ocrx_word' id='word_1_726' title='bbox 2984 4733 3266 4799; x_wconf 70' lang='lat' dir='ltr'><strong>custodiae,</strong></span> <span class='ocrx_word' id='word_1_727' title='bbox 3294 4733 3375 4787; x_wconf 90' lang='lat' dir='ltr'><strong>vel</strong></span> <span class='ocrx_word' id='word_1_728' title='bbox 3402 4733 3668 4789; x_wconf 87' lang='lat' dir='ltr'><strong>inventio-</strong></span> 
     </span>
    </p>
   </div>
   <div class='ocr_carea' id='block_1_106' title="bbox 2102 4824 3770 4895">
    <p class='ocr_par' dir='ltr' id='par_1_106' title="bbox 2102 4824 3770 4895">
     <span class='ocr_line' id='line_1_106' title="bbox 2102 4824 3770 4895; baseline 0.002 -19"><span class='ocrx_word' id='word_1_729' title='bbox 2102 4826 2188 4878; x_wconf 91' lang='lat' dir='ltr'><strong>nis</strong></span> <span class='ocrx_word' id='word_1_730' title='bbox 2209 4824 2464 4893; x_wconf 91' lang='lat' dir='ltr'><strong>pretium,</strong></span> <span class='ocrx_word' id='word_1_731' title='bbox 2497 4826 2579 4879; x_wconf 90' lang='lat' dir='ltr'><strong>vel</strong></span> <span class='ocrx_word' id='word_1_732' title='bbox 2610 4826 2814 4895; x_wconf 89' lang='lat' dir='ltr'><strong>aliquid</strong></span> <span class='ocrx_word' id='word_1_733' title='bbox 2837 4825 3015 4889; x_wconf 89' lang='lat' dir='ltr'><strong>aliud;</strong></span> <span class='ocrx_word' id='word_1_734' title='bbox 3054 4841 3121 4879; x_wconf 92' lang='lat' dir='ltr'><strong>eo</strong></span> <span class='ocrx_word' id='word_1_735' title='bbox 3154 4826 3431 4895; x_wconf 89' lang='lat' dir='ltr'><strong>quodnon</strong></span> <span class='ocrx_word' id='word_1_736' title='bbox 3469 4840 3534 4879; x_wconf 80' lang='lat' dir='ltr'><strong>ex</strong></span> <span class='ocrx_word' id='word_1_737' title='bbox 3570 4839 3665 4879; x_wconf 83' lang='lat' dir='ltr'><strong>ne-</strong></span> <span class='ocrx_word' id='word_1_738' title='bbox 3766 4833 3770 4836; x_wconf 76' lang='lat'><em>‘</em></span> 
     </span>
    </p>
   </div>
   <div class='ocr_carea' id='block_1_107' title="bbox 2101 4916 3663 4987">
    <p class='ocr_par' dir='ltr' id='par_1_107' title="bbox 2101 4916 3663 4987">
     <span class='ocr_line' id='line_1_107' title="bbox 2101 4916 3663 4987; baseline 0 -18"><span class='ocrx_word' id='word_1_739' title='bbox 2101 4917 2362 4987; x_wconf 90' lang='lat' dir='ltr'><strong>gligentia</strong></span> <span class='ocrx_word' id='word_1_740' title='bbox 2389 4917 2763 4982; x_wconf 88' lang='lat' dir='ltr'><strong>dominorum,</strong></span> <span class='ocrx_word' id='word_1_741' title='bbox 2788 4917 2874 4972; x_wconf 92' lang='lat' dir='ltr'><strong>vel</strong></span> <span class='ocrx_word' id='word_1_742' title='bbox 2892 4917 3073 4972; x_wconf 86' lang='lat' dir='ltr'><strong>etiam</strong></span> <span class='ocrx_word' id='word_1_743' title='bbox 3094 4916 3317 4970; x_wconf 79' lang='lat' dir='ltr'><strong>fortuito</strong></span> <span class='ocrx_word' id='word_1_744' title='bbox 3352 4932 3438 4970; x_wconf 83' lang='lat' dir='ltr'><strong>res</strong></span> <span class='ocrx_word' id='word_1_745' title='bbox 3464 4917 3663 4971; x_wconf 84' lang='lat' dir='ltr'><strong>amissa</strong></span> 
     </span>
    </p>
   </div>
   <div class='ocr_carea' id='block_1_108' title="bbox 2101 5005 3662 5078">
    <p class='ocr_par' dir='ltr' id='par_1_108' title="bbox 2101 5005 3662 5078">
     <span class='ocr_line' id='line_1_108' title="bbox 2101 5005 3662 5078; baseline -0.002 -17"><span class='ocrx_word' id='word_1_746' title='bbox 2101 5008 2195 5074; x_wconf 88' lang='lat' dir='ltr'><strong>sit,</strong></span> <span class='ocrx_word' id='word_1_747' title='bbox 2225 5007 2320 5063; x_wconf 83' lang='lat' dir='ltr'><strong>sed</strong></span> <span class='ocrx_word' id='word_1_748' title='bbox 2365 5022 2561 5078; x_wconf 87' lang='lat' dir='ltr'><strong>magna</strong></span> <span class='ocrx_word' id='word_1_749' title='bbox 2590 5009 2901 5063; x_wconf 87' lang='lat' dir='ltr'><strong>calamitate</strong></span> <span class='ocrx_word' id='word_1_750' title='bbox 2929 5014 2983 5061; x_wconf 91' lang='lat' dir='ltr'><strong>et</strong></span> <span class='ocrx_word' id='word_1_751' title='bbox 3012 5006 3298 5061; x_wconf 85' lang='lat' dir='ltr'><strong>barbarica</strong></span> <span class='ocrx_word' id='word_1_752' title='bbox 3329 5005 3662 5059; x_wconf 86' lang='lat' dir='ltr'><strong>incursione.</strong></span> 
     </span>
    </p>
   </div>
   <div class='ocr_carea' id='block_1_109' title="bbox 2100 5094 3666 5168">
    <p class='ocr_par' dir='ltr' id='par_1_109' title="bbox 2100 5094 3666 5168">
     <span class='ocr_line' id='line_1_109' title="bbox 2100 5094 3666 5168; baseline -0.003 -15"><span class='ocrx_word' id='word_1_753' title='bbox 2100 5097 2205 5167; x_wconf 84' lang='lat' dir='ltr'><strong>Qui</strong></span> <span class='ocrx_word' id='word_1_754' title='bbox 2247 5099 2392 5155; x_wconf 90' lang='lat' dir='ltr'><strong>enim</strong></span> <span class='ocrx_word' id='word_1_755' title='bbox 2429 5116 2516 5158; x_wconf 87' lang='lat' dir='ltr'><strong>res</strong></span> <span class='ocrx_word' id='word_1_756' title='bbox 2546 5101 2901 5157; x_wconf 88' lang='lat' dir='ltr'><strong>dominorum</strong></span> <span class='ocrx_word' id='word_1_757' title='bbox 2937 5098 3260 5168; x_wconf 85' lang='lat' dir='ltr'><strong>negligentia</strong></span> <span class='ocrx_word' id='word_1_758' title='bbox 3308 5097 3391 5150; x_wconf 85' lang='lat' dir='ltr'><strong>vel</strong></span> <span class='ocrx_word' id='word_1_759' title='bbox 3443 5094 3666 5149; x_wconf 81' lang='lat' dir='ltr'><strong>fortuito</strong></span> 
     </span>
    </p>
   </div>
   <div class='ocr_carea' id='block_1_110' title="bbox 2099 5187 3666 5269">
    <p class='ocr_par' dir='ltr' id='par_1_110' title="bbox 2099 5187 3666 5269">
     <span class='ocr_line' id='line_1_110' title="bbox 2099 5187 3666 5269; baseline -0.004 -22"><span class='ocrx_word' id='word_1_760' title='bbox 2099 5193 2338 5263; x_wconf 86' lang='lat' dir='ltr'><strong>perditas</strong></span> <span class='ocrx_word' id='word_1_761' title='bbox 2366 5193 2693 5249; x_wconf 87' lang='lat' dir='ltr'><strong>invenerunt</strong></span> <span class='ocrx_word' id='word_1_762' title='bbox 2731 5200 2786 5249; x_wconf 87' lang='lat' dir='ltr'><strong>et</strong></span> <span class='ocrx_word' id='word_1_763' title='bbox 2827 5208 2923 5248; x_wconf 89' lang='lat' dir='ltr'><strong>eas</strong></span> <span class='ocrx_word' id='word_1_764' title='bbox 2961 5190 3289 5253; x_wconf 87' lang='lat' dir='ltr'><strong>restituunt,</strong></span> <span class='ocrx_word' id='word_1_765' title='bbox 3339 5187 3666 5269; x_wconf 72' lang='lat' dir='ltr'><strong>inventionis</strong></span> 
     </span>
    </p>
   </div>
   <div class='ocr_carea' id='block_1_111' title="bbox 2098 5276 3666 5355">
    <p class='ocr_par' dir='ltr' id='par_1_111' title="bbox 2098 5276 3666 5355">
     <span class='ocr_line' id='line_1_111' title="bbox 2098 5276 3666 5355; baseline -0.006 -15"><span class='ocrx_word' id='word_1_766' title='bbox 2098 5285 2333 5355; x_wconf 87' lang='lat' dir='ltr'><strong>pretium</strong></span> <span class='ocrx_word' id='word_1_767' title='bbox 2357 5293 2507 5341; x_wconf 84' lang='lat' dir='ltr'><strong>recte</strong></span> <span class='ocrx_word' id='word_1_768' title='bbox 2533 5286 2780 5354; x_wconf 83' lang='lat' dir='ltr'><strong>exigunt,</strong></span> <span class='ocrx_word' id='word_1_769' title='bbox 2808 5281 3263 5353; x_wconf 87' lang='lat' dir='ltr'><strong>quemadmodum</strong></span> <span class='ocrx_word' id='word_1_770' title='bbox 3290 5278 3392 5332; x_wconf 84' lang='lat' dir='ltr'><strong>hoc</strong></span> <span class='ocrx_word' id='word_1_771' title='bbox 3423 5292 3489 5331; x_wconf 81' lang='lat' dir='ltr'><strong>ex</strong></span> <span class='ocrx_word' id='word_1_772' title='bbox 3533 5276 3666 5346; x_wconf 79' lang='lat' dir='ltr'><strong>legi-</strong></span> 
     </span>
    </p>
   </div>
   <div class='ocr_carea' id='block_1_112' title="bbox 2100 5376 2980 5448">
    <p class='ocr_par' dir='ltr' id='par_1_112' title="bbox 2100 5376 2980 5448">
     <span class='ocr_line' id='line_1_112' title="bbox 2100 5376 2980 5448; baseline -0.006 -17"><span class='ocrx_word' id='word_1_773' title='bbox 2100 5376 2204 5434; x_wconf 89' lang='lat' dir='ltr'><strong>bus</strong></span> <span class='ocrx_word' id='word_1_774' title='bbox 2233 5378 2486 5448; x_wconf 88' lang='lat' dir='ltr'><strong>superius</strong></span> <span class='ocrx_word' id='word_1_775' title='bbox 2514 5378 2709 5448; x_wconf 85' lang='lat' dir='ltr'><strong>positis</strong></span> <span class='ocrx_word' id='word_1_776' title='bbox 2741 5383 2980 5446; x_wconf 84' lang='lat' dir='ltr'><strong>apparet.</strong></span> 
     </span>
    </p>
   </div>
   <div class='ocr_carea' id='block_1_113' title="bbox 2176 5552 3665 5627">
    <p class='ocr_par' dir='ltr' id='par_1_113' title="bbox 2176 5552 3665 5627">
     <span class='ocr_line' id='line_1_113' title="bbox 2176 5552 3665 5627; baseline -0.003 -14"><span class='ocrx_word' id='word_1_777' title='bbox 2176 5559 2377 5617; x_wconf 72' lang='lat' dir='ltr'><strong>Zonan.</strong></span> <span class='ocrx_word' id='word_1_778' title='bbox 2406 5560 2543 5616; x_wconf 86' lang='lat' dir='ltr'><strong>Cum</strong></span> <span class='ocrx_word' id='word_1_779' title='bbox 2574 5558 2641 5614; x_wconf 91' lang='lat' dir='ltr'><strong>iis</strong></span> <span class='ocrx_word' id='word_1_780' title='bbox 2667 5556 2762 5627; x_wconf 88' lang='lat' dir='ltr'><strong>qui</strong></span> <span class='ocrx_word' id='word_1_781' title='bbox 2802 5570 2913 5610; x_wconf 90' lang='lat' dir='ltr'><strong>rem</strong></span> <span class='ocrx_word' id='word_1_782' title='bbox 2942 5553 3172 5607; x_wconf 88' lang='lat' dir='ltr'><strong>alienam</strong></span> <span class='ocrx_word' id='word_1_783' title='bbox 3215 5569 3245 5608; x_wconf 85' lang='lat' dir='ltr'><strong>a</strong></span> <span class='ocrx_word' id='word_1_784' title='bbox 3288 5568 3347 5609; x_wconf 90' lang='lat' dir='ltr'><strong>se</strong></span> <span class='ocrx_word' id='word_1_785' title='bbox 3390 5552 3665 5609; x_wconf 83' lang='lat' dir='ltr'><strong>inventam</strong></span> 
     </span>
    </p>
   </div>
   <div class='ocr_carea' id='block_1_114' title="bbox 2099 5647 3666 5722">
    <p class='ocr_par' dir='ltr' id='par_1_114' title="bbox 2099 5647 3666 5722">
     <span class='ocr_line' id='line_1_114' title="bbox 2099 5647 3666 5722; baseline -0.003 -13"><span class='ocrx_word' id='word_1_786' title='bbox 2099 5653 2454 5720; x_wconf 88' lang='lat' dir='ltr'><strong>denuntiant,</strong></span> <span class='ocrx_word' id='word_1_787' title='bbox 2499 5649 2785 5722; x_wconf 88' lang='lat' dir='ltr'><strong>benignius</strong></span> <span class='ocrx_word' id='word_1_788' title='bbox 2830 5649 3094 5721; x_wconf 88' lang='lat' dir='ltr'><strong>agendum</strong></span> <span class='ocrx_word' id='word_1_789' title='bbox 3146 5663 3268 5706; x_wconf 88' lang='lat' dir='ltr'><strong>esse</strong></span> <span class='ocrx_word' id='word_1_790' title='bbox 3322 5647 3402 5705; x_wconf 93' lang='lat' dir='ltr'><strong>vir</strong></span> <span class='ocrx_word' id='word_1_791' title='bbox 3446 5655 3666 5705; x_wconf 69' lang='lat' dir='ltr'><strong>sanctus</strong></span> 
     </span>
    </p>
   </div>
  </div>
