4090 6376
458 426 482 480 l
493 425 596 481 ΟΠ

1574 423 1628 476 S.
1673 417 1996 478 GREGORII
2038 417 2542 478 THAUMATURGI

3544 416 3680 474 £048

456 543 756 599 constituit.
808 541 1007 593 Verum
1053 554 1120 594 ne
1168 538 1548 594 denuntiantes
1591 539 1762 608 pretia
1806 539 1875 593 ob
1909 553 2020 592 rem

2136 535 2418 602 Βιετάξατο.
2462 539 2578 590 Ἵνα
2631 535 2687 588 δὲ
2741 535 2814 606 μὴ
2853 537 2900 590 ot
2955 533 3335 608 ὁμολογοῦντες
3384 534 3686 588 ἀπαιτῶσιν

457 633 756 698 inventam,
789 631 872 686 vel
901 631 1047 685 aliud
1091 645 1416 700 quocunque
1445 629 1576 684 illud
1620 630 1838 684 nomine
1876 631 2024 683 voci-

455 732 623 787 tetur,
654 724 890 792 exigant,
927 720 1177 790 subjecit,
1210 735 1316 773 non
1345 734 1468 774 esse
1489 719 1785 788 quidquam
1807 719 2026 788 exigen-

457 814 588 868 dum
623 811 690 867 ab
728 826 793 864 eo
826 811 916 880 qui
955 811 1129 865 aliena
1160 809 1391 880 benigne
1431 809 1625 873 reddit,
1663 810 1758 864 sed
1800 809 2026 863 manda-

458 911 576 957 tum
603 904 809 971 absque
837 903 979 970 turpi
1014 901 1168 956 lucro
1192 900 1545 970 implendum.
1571 898 1752 968 Turpe
1793 914 2028 968 namque

457 994 670 1049 lucrum
709 1002 793 1048 est
835 1008 1023 1047 revera
1069 992 1344 1062 quidpiam
1375 992 1444 1047 ab
1487 1007 1552 1046 eo
1585 993 1796 1061 exigere
1819 992 1912 1061 qui
1941 1006 2028 1046 res

456 1100 587 1140 suas
617 1084 947 1140 turbulentis
983 1083 1320 1154 temporibus
1346 1083 1606 1153 perdidit,
1631 1097 1732 1136 nec
1755 1082 1874 1136 illas
1902 1096 2026 1150 gra-

458 1175 598 1232 tuito
627 1175 874 1230 reddere.

1065 1261 1292 1319 CANON
1332 1261 1423 1318 XI.

533 1370 554 1405 ι
586 1351 771 1410 Fletus
813 1369 911 1410 seu
956 1355 1158 1421 luctus,
1201 1365 1284 1410 est
1325 1363 1482 1410 extra
1524 1361 1733 1424 portam
1771 1353 2028 1420 oratorii,

464 1461 487 1497 ι
516 1445 606 1499 ubi
641 1457 980 1514 peccatorem
1011 1455 1240 1502 stantem
1271 1455 1482 1516 Oportet
1514 1445 1700 1503 ﬁdeles
1725 1445 2033 1524 ingredien-

465 1554 486 1588 ι
518 1545 599 1592 tes
627 1552 806 1603 orare,
847 1547 907 1593 ut
949 1554 1049 1608 pro
1085 1555 1144 1594 se
1170 1545 1479 1608 precentur.
1521 1537 1745 1594 Auditio
1774 1546 1859 1593 est
1891 1537 2032 1591 intra

465 1646 486 1679 ι
518 1637 730 1698 portam
758 1629 812 1683 in
841 1631 1072 1699 porticu,
1099 1629 1192 1684 ubi
1226 1636 1443 1698 oportet
1470 1644 1592 1684 eum
1633 1631 1728 1700 qui
1767 1633 2032 1702 peccavit,

463 1733 490 1772 ι
517 1728 684 1785 stare,
730 1735 904 1790 usque
939 1720 1006 1775 ad
1053 1721 1499 1787 catechumenos,
1539 1730 1593 1775 et
1641 1722 1791 1777 illinc
1828 1725 2030 1793 egredi.

466 1827 488 1862 ι
518 1807 764 1867 Audiens
796 1811 974 1879 enim,
1024 1812 1232 1882 inquit,
1268 1810 1581 1882 Scripturas
1621 1822 1675 1868 et
1707 1814 2032 1883 doctrinam,

467 1919 491 1957 ι
519 1902 791 1972 ejiciatur,
825 1912 879 1958 et
906 1905 1217 1974 precatione
1255 1903 1511 1974 indignus
1539 1915 1848 1961 censeatur.
1894 1907 2035 1962 Sub-

467 1994 681 2065 cjectio
719 2004 899 2050 autem
944 2012 1038 2051 seu
1079 1995 1378 2051 substratio
1417 2006 1533 2062 est,
1560 2005 1617 2052 ut
1660 1997 1802 2052 intra
1847 2001 2031 2070 templi

470 2103 492 2139 ι
523 2094 736 2156 portam
763 2094 934 2154 stans,
956 2103 1081 2143 cum
1110 2086 1512 2145 catechumenis
1540 2088 1864 2159 egrediatur.
1890 2090 2035 2146 Con-

472 2197 492 2230 ι
524 2180 764 2249 gregatio
790 2195 886 2234 seu
911 2179 1262 2234 consistentia
1284 2187 1389 2247 est,
1411 2189 1470 2234 ut
1492 2195 1614 2235 cum
1639 2180 1884 2238 ﬁdelibus
1908 2197 2032 2238 con-

470 2284 493 2321 ι
523 2269 708 2336 sistat,
743 2277 796 2325 et
823 2285 949 2324 cum
975 2270 1382 2327 catechumenis
1411 2285 1520 2326 non
1553 2271 1892 2341 egrediatur;
1933 2287 2030 2344 po-

470 2377 494 2413 ί
523 2369 726 2415 stremo
751 2369 835 2416 est
865 2361 1208 2432 participatio
1230 2371 1714 2418 sacramentorum.
1743 2381 1762 2414 ι

534 2540 695 2598 ΒΑιε.
735 2541 985 2600 Praesens
1019 2543 1239 2614 quidem
1278 2553 1520 2610 sanctus,
1550 2546 1836 2602 declaratis
1872 2548 2032 2617 quin-

462 2648 573 2705 que
600 2633 735 2690 locis
756 2649 946 2691 eorum
970 2636 1063 2706 qui
1093 2644 1263 2706 agunt
1285 2638 1679 2707 paenitentiam,
1717 2654 1818 2696 nec
1838 2654 2026 2695 eorum

463 2725 714 2780 exercitii
760 2734 1004 2794 tempora
1049 2727 1362 2794 declaravit,
1398 2742 1499 2784 nec
1546 2738 1769 2799 peccata
1813 2739 2032 2802 propter

464 2832 589 2889 quae
622 2819 945 2888 pmnitentia
974 2820 1194 2876 deﬁnita
1229 2828 1333 2877 est.
1393 2822 1618 2894 Magnus
1657 2833 1838 2880 autem
1883 2823 2034 2880 Basi-

467 2907 598 2976 lius,
630 2909 686 2964 in
724 2911 840 2967 suis
872 2913 1155 2968 canonicis
1184 2915 1450 2983 epistolis,
1481 2916 1595 2970 haec
1616 2917 1801 2972 omnia
1844 2929 2035 2974 exacte

467 2999 710 3056 tradidit.
761 3000 962 3059 Verum
1025 3003 1114 3060 hic
1162 3020 1380 3076 quoque
1430 3023 1714 3078 pmnarum
1769 3009 2033 3067 medelam

467 3091 764 3165 episcopali
798 3096 1022 3152 arbitrio
1062 3097 1297 3169 reliquit.

2123 624 2374 696 εὖρετρα,
2408 625 2442 695 ἦ
2471 642 2522 677 τι
2554 624 2791 677 τοιοῦτον
2814 625 2887 688 ὡς
2916 625 2981 678 ἂν
3002 622 3246 689 καλοῖτο,
3289 623 3565 693 ἐπήγαγεν
3603 625 3686 678 ὅτι

2122 719 2183 770 οὐ
2214 717 2293 770 δεῖ
2333 733 2386 770 τι
2431 718 2681 770 ἀπαιτεῖν
2721 716 2812 769 τὸν
2855 717 3170 769 ἀποδιδόντα
3216 715 3571 785 εὐγνωμόνως
3619 716 3688 771 τὰ

2123 809 2407 878 ἀλλότρια,
2435 808 2569 862 ἀλλὰ
2609 809 2774 880 χωρίς
2807 807 3032 880 αἰσχροῦ
3065 809 3290 879 κέρδους
3326 808 3428 878 τὴν
3473 807 3688 879 ἐντολὴν

2125 899 2450 970 ἐκπληροῦν.
2489 900 2720 970 Αίσχρὸν
2748 899 2855 969 γὰρ
2874 900 3041 964 ὅντως
3063 900 3255 970 κέρδος
3283 899 3400 952 ἐστὶ
3430 897 3493 953 τὸ
3525 899 3688 952 ἀπαιο

2125 994 2236 1044 τεῖν
2282 1009 2333 1044 τι
2382 991 2488 1043 ἀπὸ
2541 991 2634 1043 τοῦ
2687 991 3048 1055 ἀπολέσαντος
3090 990 3158 1044 τὰ
3201 992 3377 1044 οίκεῖα
3423 991 3482 1044 ὲν
3514 989 3691 1062 καιρῷ

2130 1082 2524 1152 περιστάσεως,
2551 1083 2646 1135 καὶ
2680 1082 2753 1154 μὴ
2783 1083 3088 1137 ἀποδιδόναι
3117 1083 3256 1136 αύτά
3289 1083 3500 1154 ἀμισθί.

2718 1266 2955 1318 ΚΑΝΩΝ
2990 1266 3092 1319 ΙΑ¹.

2206 1374 2225 1408 ι
2274 1357 2337 1409 ἸΙ
2380 1357 2742 1427 πρόσκλαυσις
2783 1357 2885 1422 ἔξω
2927 1357 3026 1428 τῆς
3063 1359 3235 1429 πύλης
3273 1358 3368 1412 τοῦ
3405 1358 3693 1432 εὐκτηρίου

2138 1467 2156 1500 ι
2196 1449 2374 1501 ἐστίν’
2427 1448 2552 1502 ἔνθα
2601 1449 2808 1502 ἑστῶτα
2859 1450 2949 1502 τὸν
3009 1451 3388 1520 ἁμαρτάνοντα
3437 1451 3542 1522 χρὴ
3584 1450 3694 1504 τῶν

2138 1562 2156 1593 ι
2194 1543 2468 1595 εἰσιόντων
2510 1541 2712 1595 δεῖσθαι
2759 1541 2998 1604 πιστῶν,
3045 1543 3186 1614 ὑπὲρ
3214 1543 3376 1596 αὑτοῦ
3421 1543 3692 1614 εὔχεσθαι.

2138 1650 2158 1684 ι
2209 1634 2272 1686 Ἦ
2323 1634 2583 1705 ἀκρόασις
2626 1633 2795 1686 ἔνδοθι
2838 1633 2938 1703 τῆς
2985 1631 3159 1705 πύλης
3205 1635 3264 1687 ὲν
3308 1634 3386 1706 τῷ
3430 1634 3694 1706 νάρθηκι,

2140 1745 2158 1778 ι
2197 1725 2323 1779 ἔνθα
2349 1725 2565 1781 ἑστάναι
2595 1727 2697 1798 χρὴ
2741 1727 2830 1781 τὸν
2857 1727 3211 1800 ἡμαρτηκότα
3247 1727 3352 1791 ἓως
3383 1727 3491 1781 τῶν
3529 1744 3699 1798 κατη-

2141 1837 2159 1869 ‹
2196 1819 2494 1889 χουμένων,
2528 1821 2620 1872 καὶ
2646 1819 2893 1872 ἐντεῦθεν
2923 1818 3254 1890 ὲξέρχεσθαι.
3293 1818 3527 1872 Ἀκούων
3565 1818 3696 1887 γὰρ,

2146 1929 2164 1962 ι
2203 1892 2354 1979 φησὶ,
2383 1910 2490 1964 τῶν
2523 1910 2754 1982 Γραφῶν
2777 1911 2871 1965 καὶ
2911 1911 3008 1982 τῆς
3043 1910 3408 1975 διδασκαλίας,
3446 1909 3699 1964 ἐκδαλλέ-

2145 2019 2164 2052 ι
2206 2001 2336 2064 σθω,
2378 1999 2470 2054 καὶ
2604 2000 2866 2064 ἀξιούσθω
2892 2002 3215 2072 προσευχῆς.
3251 2001 3313 2054 Ἡ
3354 2001 3410 2053 δὲ
3449 1999 3700 2053 ὑπόπτων

2144 2111 2162 2144 ι
2203 2109 2304 2154 σις,
2349 2091 2468 2156 ἵνα,
2514 2090 2712 2143 ἔσωθεν
2742 2089 2842 2159 τῆς
2889 2089 3061 2159 πύλης
3090 2088 3184 2142 τοῦ
3215 2087 3344 2142 ναοῦ
3391 2086 3700 2157 ἱστάμενος,

2143 2201 2162 2237 ι
2203 2182 2341 2254 μετά
2379 2182 2486 2236 τῶν
2517 2182 2937 2254 κατηχουμένων
2979 2182 3284 2254 ἐξέρχηται.
3324 2181 3390 2234 Ἦ
3420 2179 3701 2243 σύστασις,

2142 2294 2162 2326 ι
2201 2276 2288 2330 ἵνα
2341 2277 2652 2328 συνιστᾶται
2699 2279 2808 2338 τοῖς
2857 2276 3067 2338 πιστοῖς
3093 2312 3108 2338 ,
3143 2272 3234 2326 καὶ
3285 2272 3360 2344 μὴ
3413 2271 3701 2344 ὲξέρχηται

2143 2389 2161 2423 ι
2205 2372 2341 2442 μετά
2388 2369 2496 2424 τῶν
2547 2367 2994 2440 κατηχουμένων·
3041 2368 3345 2421 τελευταῖον
3393 2367 3429 2437 ἡ
3488 2361 3704 2437 μέθεξις

2141 2478 2160 2511 ι
2198 2459 2306 2512 τῶν
2335 2458 2710 2529 ἀγιασμάτων.
2744 2477 2763 2509 ι

2207 2552 2402 2606 ΒΑΛΣ.
2451 2551 2510 2604 ’0
2548 2551 2644 2622 μὲν
2679 2548 2864 2622 παρὼν
2898 2548 3080 2616 ἆγιος,
3113 2546 3274 2600 πέντε
3308 2546 3505 2608 τόπους
3538 2559 3701 2616 μετα-

2137 2641 2398 2694 νοούντων
2429 2639 2806 2703 ὑποτυπώσας,
2849 2638 2909 2691 οὑ
2948 2637 3298 2709 παρεδήλωσε
3321 2636 3446 2698 τοὺς
3478 2633 3702 2705 καιροὺς

2137 2732 2236 2802 τῆς
2261 2731 2520 2802 ἐργασίας
2549 2727 2749 2791 αὐτῶν,
2781 2726 2905 2780 οὔτε
2933 2727 3038 2798 μὴν
3064 2727 3132 2780 τὰ
3165 2726 3537 2797 ἁμαρτήματα
3573 2721 3640 2775 διῖ
3663 2721 3702 2776 α

2140 2823 2175 2894 ἡ
2208 2822 2460 2892 μετάνοια
2497 2819 2728 2892 ὡρίσθη.
2770 2819 2829 2872 Ὀ
2864 2819 2919 2872 δὲ
2962 2817 3132 2889 μέγας
3171 2815 3446 2878 Βασίλειος
3480 2815 3539 2866 ὲν
3577 2813 3701 2875 ταῖς

2140 2907 2448 2976 κανονὶκαῖς
2488 2911 2794 2974 ἐπιστολαῖς
2835 2909 3001 2962 αὐτοῦ
3039 2908 3210 2963 ταῦτα
3244 2905 3381 2978 μετὰ
3416 2902 3701 2976 ἀκριϐείας

2141 3005 2442 3078 παρέδωκε.
2468 3003 2613 3075 Πλὴν
2647 3004 2741 3057 καὶ
2783 2997 2934 3065 οὗτος
2960 3003 3040 3064 εις
3073 3000 3172 3071 τὴν
3199 2997 3556 3068 ὲπισκοπικὴν
3586 2994 3702 3048 διά-

2140 3114 2322 3171 κρισιν
2365 3097 2462 3169 τὴν
2492 3097 2580 3150 διὰ
2612 3096 2718 3150 τῶν
2752 3095 3039 3166 ἐπιτιμίων
3063 3091 3352 3164 θεραπείαν
3377 3091 3696 3174 ἀνήρτησεν.
