4090 6386
452 413 595 473 {055

1593 416 1649 475 S.
1692 417 2021 476 GBEGORII
2059 418 2566 480 THAUMATL‘RGI

3575 440 3711 498 1056

453 531 591 585 tium
618 528 711 586 sed
743 530 1177 601 corruptibilium
1207 532 1482 602 variisque
1506 536 1683 590 modis
1709 546 1762 591 et
1794 538 1902 591 cito
1936 554 2000 608 pe

2134 540 2402 594 ποιεῖσθαί
2446 559 2567 597 τινα
2616 545 2935 615 σεμνοειδῶς
2978 548 3071 600 καὶ
3109 547 3453 623 ἀξιοπρεπῶς
3499 552 3567 625 δὴ
3592 560 3711 621 ταῖς

451 620 731 675 reuntium
766 620 1054 687 rationem,
1091 629 1348 692 tanquam
1378 622 1433 676 in
1466 638 1522 677 re
1563 625 1711 692 gravi
1743 640 1808 680 ac
1848 626 2032 696 digna,

452 708 891 779 pertimescendo
913 717 1009 762 aut
1041 707 1508 779 subterfugiendo,
1542 709 1797 780 frigidum
1828 711 2035 767 scilicet

452 811 520 853 ac
558 797 712 852 futile
745 797 1062 853 videretur:
1096 799 1232 853 mihi
1275 809 1421 854 certe
1464 800 1511 854 si
1551 800 1679 871 quid
1718 802 1913 856 horum
1965 804 2032 858 ad

452 888 745 945 dicendum
787 892 1127 961 propositum
1164 891 1331 957 esset,
1360 894 1634 948 inutilium
1678 905 1732 950 et
1764 896 2029 962 inanium,

451 990 509 1037 et
535 982 718 1052 qualia
750 999 1029 1054 nunquam
1059 985 1239 1040 dicere
1274 985 1653 1053 instituerem;
1680 989 1726 1042 si
1758 989 1907 1058 quid,
1947 989 2030 1043 in-

449 1085 636 1140 quam,
668 1072 802 1126 mihi
836 1074 1172 1143 propositum
1200 1086 1344 1130 esset
1373 1077 1661 1147 ejusmodi,
1704 1094 1801 1133 nee
1840 1078 2029 1133 formi-

448 1162 633 1219 dinem
666 1164 831 1218 ullam
865 1164 1089 1220 haberet
1120 1167 1316 1232 oratio,
1347 1184 1447 1224 nec
1468 1180 1760 1235 vereretur,
1795 1187 1862 1225 ne
1894 1172 2026 1241 quid

447 1252 664 1322 uspiam
693 1253 880 1309 dicens
910 1253 1050 1310 infra
1068 1255 1386 1327 dignitatem
1412 1261 1593 1329 eloqui
1623 1260 2027 1318 viderer.Nunc

446 1358 579 1400 vero
624 1346 768 1415 quod
818 1346 873 1401 in
917 1362 983 1402 eo
1031 1360 1116 1402 est
1162 1349 1248 1403 vel
1288 1365 1455 1421 prope
1496 1353 1763 1415 divinum,
1793 1354 1874 1408 vel
1914 1353 2026 1410 Deo

444 1451 611 1507 quam
640 1437 1002 1508 simillimum,
1046 1440 1322 1496 inclusum
1370 1445 1589 1514 quidem
1637 1446 1741 1501 hoc
1781 1459 2026 1517 aspecta-

443 1530 539 1585 bili
573 1544 639 1606 ac
668 1532 907 1596 mortali,
940 1532 1033 1588 sed
1063 1536 1129 1588 ad
1162 1534 1257 1591 Dei
1294 1538 1704 1594 similitudinem
1736 1541 2024 1598 studiosis-

442 1621 585 1677 sime
625 1624 964 1679 contendens
995 1644 1007 1680 :
1046 1627 1209 1697 hujus
1251 1644 1351 1699 ego
1394 1630 1723 1686 mentionem
1759 1632 1937 1689 facere
1969 1645 2023 1689 et

439 1724 530 1766 res
573 1711 813 1782 majores
863 1714 1130 1786 attingere
1175 1731 1412 1786 parans,
1467 1718 1690 1791 Deoque
1735 1732 2018 1793 propterea

439 1800 644 1870 gratias
672 1817 853 1872 agere,
885 1806 1032 1874 quod
1059 1806 1208 1863 hunc
1248 1809 1382 1863 mihi
1411 1809 1587 1865 virum
1614 1813 1858 1869 nancisci
1886 1830 2012 1870 eon-

438 1989 602 2051 atque
648 1988 1149 2054 exspectationem,
1202 1991 1324 2045 tum‘
1359 1992 1624 2059 aliorum,
1675 2004 1789 2049 tum
1840 2012 2014 2051 meam

437 2081 622 2139 certe,
668 2077 762 2145 qui
811 2092 911 2133 nec
962 2080 1087 2134 talia
1122 2097 1360 2151 unquam
1404 2083 1535 2137 mihi
1576 2087 1876 2155 proposui,
1916 2102 2016 2144 nec

437 2177 573 2219 sane
601 2168 844 2236 speravi;
894 2184 1019 2225 cum
1067 2172 1200 2238 haec,
1249 2174 1494 2245 inquam,
1539 2192 1741 2247 parvus
1779 2189 1832 2234 et
1865 2182 2014 2237 nullo

437 2251 657 2325 ingenio
702 2260 962 2326 praeditus
991 2264 1294 2334 aggrediar,
1338 2281 1446 2321 non
1482 2268 1752 2325 immerito
1787 2281 2014 2327 cunctor

435 2360 503 2401 ac
534 2347 720 2415 timeo,
777 2361 832 2405 et
868 2352 1029 2409 silere
1075 2371 1300 2425 prorsus
1347 2359 1513 2414 malo.
1560 2358 1624 2415 Et
1678 2378 1806 2418 vero
1853 2364 2013 2420 silere

409 2422 572 2492 'mihi
614 2441 953 2500 tutissimum
988 2448 1290 2515 videbatur,
1340 2467 1406 2506 ne
1442 2454 1736 2523 gratiarum
1780 2457 2012 2513 actionis

431 2538 717 2600 praetextu,
754 2537 1017 2608 praecipiti
1046 2539 1233 2595 forsan
1267 2542 1524 2599 facilitate
1553 2547 1619 2601 de
1642 2548 1897 2617 gravibus
1923 2566 2011 2605 sa-

430 2621 649 2693 crisque
677 2626 903 2684 minime
930 2632 1140 2700 gravia,
1177 2636 1272 2689 sed
1301 2635 1526 2691 humilia
1570 2648 1733 2708 atque
1777 2641 2009 2710 protrita

429 2709 681 2779 dicendo,
726 2730 836 2771 non
883 2720 1058 2773 solum
1100 2722 1385 2776 veritatem
1436 2739 1547 2779 non
1589 2709 1871 2796 assequar,
1910 2727 2009 2783 sed

429 2803 631 2875 aliquid
656 2807 819 2863 etiam
844 2810 913 2865 de
936 2827 1024 2877 ea,
1053 2815 1199 2883 quod
1230 2815 1282 2869 in
1311 2831 1400 2871 me
1425 2829 1529 2881 est,
1559 2817 1839 2873 detraham
1864 2821 2007 2891 apud

427 2909 542 2959 eos,
575 2897 670 2967 qui
709 2914 825 2954 rem
865 2902 947 2957 sic
989 2917 1048 2957 se
1089 2904 1288 2961 habere
1320 2906 1572 2973 credent,
1620 2924 1744 2963 eum
1791 2909 2006 2965 inﬁrma

429 2987 608 3043 oratio
652 2993 1039 3048 contumeliam
1079 2998 1264 3065 patius
1310 2997 1576 3066 inferens,
1628 3016 1792 3070 quam
1841 3017 2006 3072 opera

428 3078 686 3137 facultate
709 3084 1023 3156 adaequans,
1053 3088 1354 3160 efﬁngetur.
1392 3092 1463 3147 At
1499 3102 1589 3147 tua
1623 3094 1842 3164 quidem
1885 3111 2005 3150 om-

426 3173 519 3228 nia
566 3188 669 3230 nec
715 3178 888 3231 minui
917 3190 1171 3248 possunt,
1204 3197 1318 3237 nec
1362 3185 1747 3239 contumeliam
1786 3186 1923 3256 pati,
1965 3201 2002 3242 o

424 3265 653 3321 charum
684 3280 878 3339 caput;
915 3271 1000 3325 vel
1037 3271 1223 3327 divina
1255 3274 1455 3343 potius,
1486 3289 1607 3345 qua:
1648 3277 1702 3329 in
1749 3291 1808 3332 se
1848 3276 1999 3347 ipsis,

424 3357 608 3425 qualia
639 3370 786 3426 sunt,
824 3362 1048 3417 immota
1080 3375 1416 3434 permanent,
1445 3367 1689 3437 nihilque
1717 3367 1787 3423 ab
1809 3368 2002 3424 humili

424 3457 479 3503 et
499 3449 719 3521 indigna
750 3454 997 3508 oratione
1028 3465 1214 3529 nostra
1250 3455 1662 3513 labefactantur.
1706 3457 1816 3514 Nos
1848 3474 1997 3526 vero,

424 3540 612 3595 nescio
646 3557 756 3611 quo
786 3553 943 3612 pacto
968 3547 1207 3601 audaciae
1234 3548 1662 3618 temeritatisque
1689 3560 1873 3604 notam
1900 3550 1997 3629 de-

423 3630 627 3687 clinare
654 3636 950 3703 possimus,
986 3639 1078 3707 qni
1108 3654 1217 3708 pra:
1265 3642 1533 3708 amentia,
1566 3643 1715 3697 tenui
1762 3651 1817 3697 et
1847 3643 1999 3715 inge-

423 3721 519 3777 nio
556 3732 612 3778 et
652 3736 914 3795 apparatu
966 3744 1054 3783 res
1093 3745 1318 3800 magnas
1359 3747 1425 3786 ac
1475 3742 1692 3802 captum
1747 3744 1996 3790 nostrum

421 3814 747 3873 excedentes
796 3819 1128 3875 adoriamur.
1172 3821 1327 3889 Quod
1372 3823 1418 3878 si
1462 3824 1590 3881 alibi
1640 3824 1895 3895 fortasse,
1943 3836 1998 3883 et

422 3906 569 3976 apud
605 3908 764 3973 alios,
807 3909 986 3965 simile
1017 3912 1295 3982 quidpiam
1323 3915 1549 3985 juvenili
1588 3916 1852 3985 jactantia
1883 3931 1996 3973 coe-

420 3998 713 4068 pisscmus,
730 4000 967 4056 audaces
996 4002 1182 4072 utique
1203 4019 1270 4059 ac
1291 4006 1631 4074 prazlidentes
1653 4007 1990 4077 videremur;

420 4088 518 4145 sed
548 4097 729 4161 tamen
759 4092 1109 4162 impudentia:
1130 4095 1419 4151 tribuenda
1446 4098 1723 4153 temeritas
1761 4114 1871 4155 non
1906 4115 1994 4156 es-

417 4192 521 4247 set,
555 4183 699 4253 quod
725 4200 836 4240 non
868 4201 1054 4241 coram
1091 4194 1144 4242 te
1180 4187 1308 4242 talia
1335 4188 1683 4245 auderemus.
1709 4187 1867 4246 Nunc
1894 4206 1993 4245 au-

419 4280 527 4327 tem
555 4289 772 4330 omnem
797 4278 1048 4333 amentiae
1077 4279 1299 4333 modum
1328 4279 1696 4349 implebimus,
1742 4290 1836 4335 aut
1875 4281 1989 4352 jam

416 4364 580 4420 etiam
613 4368 980 4438 implevimus,
1006 4371 1102 4441 qui
1146 4366 1332 4437 illotis,
1374 4374 1521 4442 quod
1558 4374 1731 4438 aiunt,
1761 4375 1989 4444 pedibus

414 4455 482 4510 ad
523 4472 685 4513 aures
717 4458 945 4515 introire
989 4461 1109 4516 ausi
1159 4477 1380 4528 sumus,
1418 4464 1475 4518 in
1501 4465 1700 4534 quibus
1742 4466 1986 4519 divinum

413 4548 596 4618 ipsum
626 4549 885 4619 Verbum,
912 4569 1023 4609 non
1049 4556 1224 4622 tectis,
1262 4565 1323 4610 ut
1351 4556 1492 4626 apud
1519 4558 1666 4627 vulgi
1704 4558 1985 4613 hominum
2018 4578 2063 4633 ι)

411 4652 609 4703 aures,
666 4641 892 4710 pedibus
938 4652 1196 4714 tanquam
1248 4647 1351 4701 sub
1402 4648 1602 4703 crassis
1657 4649 1987 4719 quibusdam

412 4729 878 4801 acnigmaticarum
917 4743 1291 4807 tectarumque
1334 4753 1529 4793 vocum
1576 4739 1837 4809 pellibus,
1892 4743 1987 4796 sed

413 4824 598 4893 nudis,
630 4834 690 4881 ut
734 4827 878 4885 dicat
922 4830 1196 4900 quispiam
1222 4871 1238 4895 ,
1284 4832 1635 4888 manifestum
1686 4843 1741 4889 et
1778 4835 1989 4905 perspi-

488 4957 600 5030 (48)
632 4957 730 5036 Mil
765 4959 866 5014 καὶ
914 4962 1154 5036 ψιιχράν
1198 4963 1235 5031 ἢ
1287 4963 1583 5036 πέμπερον
1620 4957 1679 5034 ᾗ.
1714 4964 1803 5036 Mf)
1846 4964 1989 5036 valet

409 5040 469 5104 tu
518 5045 622 5083 non
672 5030 846 5104 dicam
875 5048 893 5085 :
923 5030 1125 5087 ubiiid
1173 5030 1317 5103 quod
1360 5030 1548 5103 majus
1603 5030 1685 5089 εει
1730 5030 1987 5104 quodque

411 5099 592 5175 ipsum
633 5099 903 5175 aﬂirmare
942 5099 1274 5175 poteramus,
1300 5099 1635 5175 omittimus,
1665 5114 1725 5158 ut
1748 5099 1809 5175 id,
1838 5099 1984 5175 quod

411 5170 597 5245 minus
625 5180 729 5237 est,
751 5170 1103 5245 aiiirmemus.
1122 5173 1435 5245 Περπερεία
1457 5173 1724 5245 Clementi
1748 5170 1986 5231 Aleian-

411 5238 572 5319 (irino
603 5249 688 5297 est
710 5242 1116 5319 σιαλλωπισμρς,
1149 5238 1531 5319 περιττότητος
1559 5244 1656 5319 _xa‘t
1698 5246 1987 5319 ἀρχαιότη-

409 5324 503 5374 τος
542 5309 681 5385 ἔχων
703 5309 1009 5385 Δἔμφασιν.⁷
1035 5309 1234 5369 Petrus
1280 5309 1682 5385 Alexandrinus
1730 5309 1803 5369 ῖιῖ
1823 5309 1981 5385 epist.

412 5393 535 5454 ean.
570 5380 998 5454 30,7Ade'clericis
1032 5385 1175 5439 ultro
1203 5384 1270 5439 ad
1306 5384 1624 5454 martyrium
1654 5380 1982 5441 ruentibus:

414 5449 544 5501 Ὅτε
567 5449 626 5526 δὲ
654 5450 885 5526 ἔπαισαν
913 5453 996 5526 ὡς
1030 5454 1096 5526 ἂν
1127 5449 1649 5526 περπερευσάμενοι.
1686 5454 1784 5509 Ubi
1814 5455 1986 5526 Zona-

412 5533 546 5598 ras;
580 5519 917 5598 Περπερείαν
956 5524 999 5577 δ’
1034 5519 1265 5598 ἐνταύοα
1308 5519 1407 5598 τὴν
1448 5519 1763 5598 ἀλαζονείαν
1807 5525 1982 5580 καλεῖ.

410 5586 825 5663 Ὑετὺυιιίὶιίύᾶ
872 5609 983 5663 quo
1021 5603 1075 5648 et
1123 5586 1448 5650 Sit-mundus
1501 5586 1984 5652 et'llhodomanus

413 5658 499 5715 usi
518 5669 686 5735 sunt,
720 5658 905 5735 futile;
929 5665 1056 5718 huic
1098 5663 1220 5735 loco
1268 5667 1450 5721 minus
1494 5682 1657 5735 quam
1699 5665 1822 5721 aliis
1852 5683 1984 5720 eon-

449 5727 560 5806 ruit
595 5745 608 5780 :
639 5727 857 5806 mallem
879 5727 1136 5789 insolens.
1167 5734 1280 5806 Sed
1307 5738 1482 5806 ipsum
1510 5727 1779 5805 perperam
1815 5737 1981 5791 etiam

449 5745 560 5782 rutt
595 5745 608 5780 ε
639 5745 853 5787 mallem
889 5745 1136 5789 rnsotens.
1174 5745 1280 5791 Sed
1307 5745 1482 5806 ipsum
1510 5753 1779 5805 perperam
1815 5745 1981 5791 etiam

410 5745 663 5879 Eatiyum
694 5811 797 5857 est.
821 5800 1053 5879 Benest.
1071 5805 1486 5879 -——Allesychium
1514 5808 1735 5861 consule
1759 5823 1810 5861 ν.
1843 5808 1983 5879 Περ-

414 5870 558 5940 περᾷ
588 5881 640 5927 et
674 5873 1102 5945 περπερεύεται,
1146 5870 1328 5948 ibique
1373 5878 1627 5933 adnotata
1660 5879 1728 5933 cl.
1774 5870 1981 5935 ΛΠ)θίιί

2135 628 2445 696 ἀναϐολαῖς,
2477 630 2550 702 μὴ
2566 632 2659 685 καὶ
2688 632 2895 704 ψυχρὸν
2922 635 2956 707 ἢ
2987 638 3261 710 πέρπερον
3352 640 3482 713 (48)⁶
3514 646 3615 700 οὐκ
3644 651 3709 703 ἄν

2136 739 2226 792 μοι
2248 721 2449 776 τούτων
2473 723 2631 796 είπερ
2656 741 2708 777 τι
2743 725 2919 794 λέγειν
2952 729 3256 800 προύκειτο,
3292 735 3577 807 ἀχρήστων
3610 740 3709 809 μὲν

2132 810 2299 866 ὅντων
2324 816 2417 868 καὶ
2447 817 2712 887 ματαίων,
2736 820 2830 873 καὶ
2855 821 2980 875 οἴων
3011 823 3111 876 οὐκ
3133 827 3197 879 ἄν
3228 844 3356 879 ποτε
3385 829 3524 883 ἑκὼν
3547 832 3709 903 πρού-

2131 903 2303 977 θέμην
2352 907 2549 975 λέγειν·
2589 911 2650 962 οὐ
2689 911 2797 982 μὴν
2842 912 2957 966 ἀλλ’
2991 915 3148 988 εἴπερ
3197 919 3486 989 προῦκειτό
3512 923 3624 993 (49)
3651 943 3704 981 τι

2130 994 2387 1061 τοιοῦτον,
2412 997 2521 1050 οὐδ’
2548 993 2691 1068 εἶχεν
2723 998 2790 1053 ἂν
2812 1002 3097 1057 εὐλάϐειαν
3123 1008 3153 1057 ὁ
3177 1006 3351 1076 λόγος,
3384 1004 3506 1064 οὐδὲ
3536 1030 3701 1086 φρον-

2128 1084 2268 1149 τίδα,
2308 1087 2379 1158 μή
2415 1089 2489 1159 πή
2520 1106 2570 1141 τι
2600 1090 2793 1160 λέγων,
2839 1093 3014 1162 ἦττων
3058 1095 3157 1164 τῆς
3200 1097 3357 1171 ἀξίας
3389 1084 3700 1175 φαινοίμην.

2127 1176 2260 1229 Νυνὶ
2286 1176 2342 1228 δὲ
2369 1178 2398 1230 ὅ
2435 1197 2487 1232 τι
2520 1179 2913 1237 θεοειδέστατον
2945 1185 3131 1253 αὐτοῦ,
3177 1189 3270 1242 καὶ
3292 1191 3430 1263 δπερ
3470 1196 3528 1246 ἐν
3553 1194 3706 1268 αὐτῷ

2128 1270 2385 1336 συγγενὲς
2425 1269 2485 1323 ὃν
2508 1274 2779 1343 ’τυγχάνει
2814 1275 2950 1347 Θεῷ,
2986 1279 3443 1353 ὲγκαθειργμένον
3486 1286 3584 1355 μὲν
3624 1288 3703 1359 τῷ

2127 1359 2435 1430 φαινομένῳ
2486 1362 2578 1415 καὶ
2624 1363 2804 1435 θνητῷ
2850 1366 3007 1437 τῷδε,
3064 1370 3145 1422 ὅτι
3185 1371 3242 1423 δὲ
3296 1372 3702 1441 φιλοπονώτατοι

2125 1448 2502 1519 ἐξομοιοῦσθαι
2531 1453 2642 1525 (50)
2677 1455 2995 1527 βιαζόμενον
3037 1461 3114 1531 τῷ
3146 1462 3304 1540 βεῷ·
3338 1466 3528 1521 τούτου
3562 1487 3699 1540 μνη-

2126 1542 2375 1611 μονεύων
2421 1545 2513 1598 καὶ
2563 1548 2898 1616 ὲφάπτεσθαί
2945 1568 3062 1615 πως
3112 1532 3317 1625 μέλλων
3361 1532 3702 1631 πραγμάτων

2124 1631 2406 1709 μειζόνων,
2448 1637 2540 1689 καί
2563 1654 2706 1701 τινος
2734 1638 2821 1693 διὰ
2844 1641 3036 1696 τούτου
3063 1646 3159 1698 καὶ
3186 1646 3286 1717 τῆς
3314 1650 3394 1712 εἰς
3432 1651 3494 1703 τὸ
3543 1651 3709 1707 Θεῖον

2120 1723 2487 1801 εὐχαριστίας,
2523 1727 2604 1780 ὅτι
2635 1746 2723 1799 μοι
2770 1733 3109 1805 ωγκυρῆσαι
3146 1737 3370 1811 τοιούτῳ
3398 1739 3703 1817 δεδώρηται

2119 1813 2273 1903 ἀνδρὶ
2320 1815 2470 1903 παρὰ
2525 1820 2704 1872 πᾶσάν
2756 1837 2821 1890 γε
2868 1822 2968 1894 τὴν
3020 1824 3320 1897 ἀνθρώπων
3373 1813 3699 1903 προσδωιίαν
3750 1838 3751 1841 “

438 1903 656 1945 cessum
695 1892 789 1959 sit,
837 1908 1003 1964 supra
1036 1910 1253 1951 omnem
1297 1898 1580 1955 hominum
1629 1903 2004 1973 cogitationem

2119 1899 2227 1952 τῶν
2254 1918 2312 1953 τε
2354 1902 2527 1956 ἄλλων
2560 1906 2652 1959 καὶ
2687 1908 2786 1978 τὴν
2814 1892 2947 1979 ἐμοῦ
2978 1892 3162 1979 αὐτού,
3209 1916 3332 1975 οὐτε
3360 1892 3701 1992 προθεμένοιλ

2118 1993 2248 2046 ποτὲ
2276 1992 2398 2048 οὔτε
2429 1997 2523 2048 καὶ
2547 1998 2884 2065 ἐλπίσαντος·
2919 2004 3174 2060 τοιούτων
3204 2009 3537 2079 ἐφάπτεσθαι
3571 2015 3700 2087 μέλ-

2115 2083 2241 2151 λων,
2297 2088 2492 2159 μικρὸς
2541 2089 2616 2142 ὢν
2660 2092 2753 2145 καὶ
2784 2094 2944 2159 ἄνους
2991 2098 3284 2165 παντελῶς,
3317 2103 3418 2157 οὐκ
3459 2083 3703 2177 εὐλόγως
3756 2092 3759 2101 ’

2115 2174 2414 2246 ἀναδύομαι
2442 2195 2501 2230 τε
2529 2179 2623 2232 καὶ
2660 2181 2805 2236 ὀκνῶ
2847 2186 2940 2238 καὶ
2982 2186 3297 2245 ἑκὼνείναι
3343 2197 3551 2250 σιωπῶ.
3578 2174 3694 2265 Καὶ

2116 2264 2248 2334 δῆτα
2272 2265 2371 2337 τὴν
2398 2268 2621 2337 ἡσυχίαν
2661 2270 2814 2339 ἄγειν
2852 2275 3091 2344 ἀσφαλές
3141 2276 3228 2349 μοι
3280 2286 3692 2356 καταφαίνεται,

2119 2356 2189 2446 μή
2217 2375 2290 2428 πη
2323 2362 2590 2429 προφάσει
2619 2363 2718 2433 μὲν
2754 2366 3120 2446 εὐχαριστίας,
3152 2371 3257 2428 ὐπὸ
3279 2373 3336 2425 δὲ
3366 2378 3697 2446 προπετείας

2116 2444 2245 2509 ἴσως
2293 2449 2422 2519 περὶ
2469 2452 2680 2521 σεμνῶν
2711 2455 2806 2507 καὶ
2836 2444 2996 2525 ἱερῶν
3040 2457 3252 2528 ἄσεμνά
3275 2477 3336 2513 τε
3378 2444 3473 2516 καὶ
3499 2464 3697 2538 εὐτελῆ

2112 2536 2208 2589 καὶ
2244 2544 2751 2615 καταπεπατημένα
2786 2546 2997 2612 διεξιὼν
3016 2589 3032 2615 ,
3057 2550 3118 2602 οὐ
3156 2552 3316 2622 μόνον
3337 2555 3438 2609 οὐκ
3458 2557 3693 2626 ἐφικνῶ-

2115 2645 2212 2697 μαι
2244 2628 2346 2699 τῆς
2374 2629 2648 2701 ἀληθείας,
2699 2636 2835 2689 ἀλλά
2868 2638 2962 2691 καὶ
2992 2639 3239 2712 καθαιρῶ
3286 2661 3370 2712 τι,
3402 2646 3464 2699 τό
3505 2663 3570 2716 γε
3602 2650 3688 2702 ἐπ’

2110 2720 2251 2793 ἐμοὶ,
2283 2724 2432 2792 παρὰ
2461 2727 2573 2789 τοῖς
2614 2725 2786 2791 οὕτως
2834 2727 2977 2799 ἔχειν
3018 2734 3382 2801 πιστεύουσιν,
3415 2736 3492 2801 ὡς
3528 2739 3691 2794 ἀσθε-

2109 2811 2205 2882 νὴς
2232 2810 2308 2864 ὢν
2338 2814 2366 2865 ὁ
2394 2813 2566 2883 λόγος,
2604 2819 2967 2890 περιυϐρίζων
3003 2824 3220 2894 μᾶλλον,
3244 2827 3390 2899 ἥπερ
3417 2829 3693 2902 ἐξομοιού-

2110 2920 2271 2973 μενος
2298 2908 2408 2969 τοῖς
2431 2906 2609 2977 ἔργοις
2639 2913 2702 2981 τῇ
2736 2911 2989 2982 δυνάμει,
3026 2917 3462 2975 ὐποτυπῶσεται.
3494 2922 3690 2978 Καίτοι

2106 2995 2195 3084 τὰ,
2231 2996 2330 3066 μὲν
2377 2998 2444 3052 σὰ
2491 3000 2828 3074 ἀκαοαίρετα
2871 3007 2961 3058 καὶ
3005 3008 3322 3079 ἀνύϐριστα,
3362 3004 3409 3064 ὦ
3438 3013 3562 3084 φίλη
3594 3031 3690 3068 κε-

2108 3083 2273 3156 φαλὴ,
2300 3087 2393 3140 καὶ
2426 3088 2559 3144 πολύ
2598 3092 2796 3161 μᾶλλον
2832 3096 2900 3150 τὰ
2927 3096 3044 3154 θεῖα
3080 3098 3309 3168 μένοντα
3333 3101 3429 3171 ἐφ’·
3451 3083 3682 3171 ἑαυτῶν,

2105 3173 2181 3237 ὡς
2224 3173 2371 3245 ἔχει,
2411 3178 2707 3246 ἀσάλευτα,
2752 3184 2902 3238 οὐδὲν
2946 3186 3289 3260 βλαπτόμενα
3323 3192 3425 3245 ὐπὸ
3452 3192 3562 3245 τῶν
3591 3212 3685 3265 μι-
3732 3200 3737 3204 ”

2104 3266 2254 3355 πρῶν
2299 3270 2393 3322 καὶ
2437 3272 2668 3337 ἀναξίων
2708 3276 2989 3347 ἡμετέρων
3038 3278 3244 3348 λόγωνο
3291 3285 3453 3355 ἡμεῖς
3489 3285 3545 3339 δὲ
3584 3287 3687 3342 οὐκ

2103 3351 2199 3410 οἷδ’
2231 3360 2378 3422 ὅπως
2408 3362 2506 3433 τὴν
2544 3363 2643 3427 τῆς
2673 3364 3007 3438 θρασύτητος
3036 3371 3131 3423 καὶ
3162 3351 3497 3442 προπετείας¹
3526 3377 3684 3444 δόξαν

2101 3447 2521 3521 διαφευξόμεθα,
2554 3446 2986 3527 ἐπιπηδήσαντες
3020 3460 3112 3512 ὐπ’
3146 3462 3350 3531 ἀνοίας,
3382 3468 3565 3539 μικρῷ
3589 3473 3685 3525 καὶ·

2099 3537 2175 3609 νῷ
2204 3540 2296 3593 καὶ
2324 3547 2666 3614 παρασκευῇ,
2723 3547 2976 3615 μεγάλοις
3041 3552 3135 3604 καὶ
3190 3555 3330 3626 ὑπὲρ
3363 3537 3684 3628 ἡμᾶς-ἴσως

2101 3630 2408 3702 πράγμασι.
2446 3634 2555 3686 Καὶ
2586 3637 2634 3688 εἰ
2682 3639 2778 3706 μὲν
2807 3638 3061 3711 ἀλλαχόθι
3108 3661 3210 3696 που
3253 3647 3348 3700 καὶ
3390 3649 3478 3701 ἐπ’
3509 3650 3688 3704 ἄλλων

2097 3712 2322 3778 τοιαῦτα
2364 3727 2820 3800 προεθυμήθημεν
2854 3735 3286 3805 νεανιεύσασθαι,
3326 3738 3550 3810 θρασεῖς
3581 3742 3681 3814 μὲν

2098 3817 2192 3870 καὶ
2224 3816 2396 3883 οὕτως
2417 3814 2558 3891 ἦμεν
2585 3824 2677 3875 καὶ
2703 3822 2959 3897 τολμηροί
2981 3844 3143 3893 τινες·
3170 3829 3230 3882 οὐ
3261 3830 3369 3902 μὴν
3393 3833 3508 3888 ἀλλ’
3527 3835 3681 3890 ἀναί-

2096 3907 2215 3962 δεια
2242 3910 2340 3981 τῆς
2370 3914 2701 3983 προπετείας
2725 3917 2896 3982 αἰτία,
2928 3918 3004 3990 τῷ
3033 3921 3107 3992 μὴ
3139 3921 3231 3974 ἐπὶ
3265 3923 3347 3976 σοὶ
3374 3924 3486 3997 (5])
3506 3926 3680 3983 ταῦτα

2097 3997 2476 4070 θρασύνεσθαι.
2531 4004 2669 4082 ῌυνὶ
2720 4006 2776 4059 δὲ
2835 4009 2942 4062 πᾶν
2983 4010 3044 4063 τὸ
3101 4012 3298 4084 μέτρον
3344 4016 3445 4087 τῆς
3491 4017 3678 4083 ἀνοίας

2094 4092 2502 4166 ἀποπλήσομεν,
2538 4096 2571 4167 ἡ
2603 4099 2698 4151 καὶ⁵
2734 4099 3129 4173 ἀπεπλὴσαμεν
3166 4105 3289 4175 ἤδη,
3323 4108 3677 4179 ἐπεμϐαίνειν

2092 4184 2458 4257 τολμήσαντες
2490 4189 2737 4254 ἀνίπτοις
2778 4195 2890 4256 τοῖς
2924 4195 3050 4247 ποσὶ
3087 4195 3265 4268 (τοῦτο
3288 4198 3352 4269 δὴ
3380 4200 3440 4253 τὸ
3468 4200 3560 4254 τοῦ
3590 4201 3678 4256 λό-
3706 4194 3717 4199 ’
3778 4258 3781 4263 ,

2092 4276 2211 4348 γου)
2262 4280 2478 4344 ἀκοαῖς,
2514 4276 2603 4344 αἷς
2635 4283 2794 4346 αὐτὸς
2817 4286 2845 4336 ὁ
2875 4284 3017 4349 θεῖος
3054 4288 3222 4356 Λόγος
3266 4289 3417 4344 οὐδὲν
3438 4292 3676 4347 ἐσκεπα-

2093 4370 2331 4439 σμένοις,
2363 4373 2438 4436 ὡς
2468 4377 2587 4438 ταῖς
2625 4376 2731 4429 τῶν
2760 4377 2969 4431 πολλῶν
3001 4378 3335 4451 ἀνθρώπων,
3354 4385 3466 4448 τοῖς
3492 4387 3670 4452 ποσὶν,

2090 4458 2281 4532 ὥσπερ
2315 4462 2418 4515 ὑπὸ
2446 4464 2666 4533 παχέων
2710 4467 2868 4519 τινῶν
2896 4468 3179 4540 δερμάτων
3210 4470 3319 4525 τῶν
3347 4475 3673 4545 αἰνιγματω-

2090 4551 2197 4606 δῶν
2246 4555 2340 4607 καὶ
2370 4556 2594 4626 ἀσαφῶν
2625 4557 2734 4629 (52)
2764 4558 2983 4625 λέξεων,
3033 4561 3168 4617 ἀλλὰ
3193 4566 3419 4633 γυμνοῖς
3453 4565 3558 4635 (ὡς
3603 4566 3671 4621 ἂν

2092 4643 2237 4697 εἴποι
2266 4645 2392 4716 τις),
2430 4648 2607 4719 σαφὴς
2643 4649 2736 4703 καὶ
2774 4651 3038 4722 πρόδηλος
3068 4652 3388 4723 ἐμϐατεύων
3418 4656 3670 4728 ἐνεπιδη-

2092 4740 2200 4808 μεῖ·
2237 4741 2397 4810 ἡμεῖς
2434 4739 2489 4792 δὲ
2521 4740 2708 4813 ὥσπερ
2753 4742 2924 4813 ῥύπον
2955 4745 2987 4815 ἢ
3026 4745 3192 4816 πηλόν
3240 4763 3360 4799 τινα
3409 4749 3535 4813 τοὺς
3576 4750 3670 4802 ἀν-

2090 4829 2396 4900 θρωπίνὸυς
2444 4831 2599 4903 ἡμῶν
2665 4833 2855 4904 λόγους
2908 4837 3164 4906 φέροντες
3214 4838 3500 4894 ὲπαντλεῖν
3554 4841 3668 4913 (55ὶ

2086 4966 2475 5050 tom..mll,'pag.
2513 4968 2637 5023 943.

2158 5036 2269 5107 (49)
2293 5036 2643 5117 ιζροίξκειτοζ
2668 5038 2955 5117 Bengelins
2988 5055 3110 5096 cum
3137 5040 3464 5111 Hoeschelio,
3498 5041 3668 5117 προῦ-

2085 5106 2262 5182 κειτο,
2433 5110 2677 5182 ἡντινοῦν
2709 5106 2855 5182 εἶχεν
2884 5112 2968 5165 ἄν.

2159 5177 2272 5249 (50)
2316 5177 3304 5255 ’ῌξομοιοῦρνᾷαιζ’Αωριίιιεῄιιιίᾳιιίἀ
3343 5199 3541 5255 sonare
3574 5184 3663 5238 vi-

2085 5249 2247 5326 detur
2291 5248 2353 5301 τὸ
2390 5248 2788 5326 ἐξομοιοῦσθαι,
2825 5248 3111 5326 qua—mag
3152 5248 3458 5326 μὶμεῖσθαι,
3486 5256 3664 5325 inquit

2086 5318 2396 5396 Qatakerus
2416 5318 2722 5396 adlAnton.
2756 5318 2879 5390 pag.
2921 5320 3045 5396 369.
3072 5318 3281 5396 Nempe
3306 5325 3538 5396 alterum
3564 5318 3659 5381 ’τοι

2085 5389 2257 5443 fertur
2289 5391 2355 5443 ad
2384 5390 2650 5456 habitum,
2675 5389 2903 5444 alterum
2933 5392 3000 5446 ad
3031 5389 3291 5452 actiones.
3318 5394 3550 5450 Bauer-11..

2157 5460 2271 5529 (5i)
2308 5460 2435 5513 Ἐπὶ
2464 5460 2582 5514 σοί.
2613 5459 2844 5517 Prorsus
2898 5462 3180 5529 legendum
3224 5466 3315 5519 ἐπὶ
3363 5465 3458 5523 σοῦ
3491 5484 3503 5520 :
3533 5481 3659 5522 nam

2085 5536 2248 5583 modo
2281 5530 2331 5583 in
2366 5531 2629 5585 antitheto
2656 5530 2792 5585 dixit
2815 5532 2901 5584 ἐπ’
2930 5530 3123 5589 ἄλλων.
3160 5535 3232 5590 ID.

2156 5600 2269 5674 (5g)
2312 5599 2597 5674 Ἀσαφῶν.
2620 5599 2748 5674 Ger.
2775 5601 3025 5674 Vossius,
3056 5606 3337 5674 ἀσφαλῶν.

2155 5657 2269 5741 (55)
2297 5657 2946 5741 Φέροίθτεςγὲπαντλεῒν.
2976 5657 3522 5731 Ιᾶἱοιίἐίιιυεειιτιοτί
3556 5692 3659 5731 no-

2084 5740 2214 5818 stro_
2237 5741 2519 5818 frequens.
2550 5740 2662 5818 _Sic
2705 5743 2844 5796 intra
2879 5743 3060 5818 φέρων
3098 5746 3373 5818 ἐπιδοίην,
3403 5748 3658 5817 φέροντες

2086 5809 2445 5891 ἀναθήσομεν,
2496 5809 3097 5891 φέρων-κατεστήσατο,
3152 5809 3331 5891 φέρων
3361 5809 3366 5811 ’
3399 5809 3657 5891 {ta-@696;

2087 5898 2234 5946 σατο,
2259 5882 2437 5953 φέρων
2468 5882 2812 5953 smmum,
2848 5882 3026 5958 φέρων
3059 5882 3395 5956 ἐγκατὲθετο.
3422 5882 3653 5945 Iliaci-11..
