4090 6386
356 412 492 469 1057

1352 404 1422 461 1N
1462 400 1815 459 ORIGENEM
1844 396 2103 456 ORATIO
2141 396 2602 454 PANEGYRICA.

3468 390 3606 449 £058

292 518 295 523 v
351 527 725 601 ὲτολμήταμεν
774 528 965 591 ἀκοαῖς
1024 524 1183 578 Θείων
1242 524 1336 577 καὶ
1401 519 1660 592 καθαρῶν
1714 518 1919 573 ἀκούεικ

2035 531 2197 570 cuum
2226 514 2483 569 incedens
2504 512 2824 568 obambulat
2854 528 2866 565 :
2900 518 2954 567 et
2982 525 3081 565 nos
3116 517 3296 565 autem
3319 508 3467 564 velut
3485 522 3610 565 sor-

353 621 804 693 μεμελετηκυίαις
848 618 1079 688 φωνῶνη
1101 614 1221 687 Ἀρ*
1251 611 1342 668 οὖν
1374 614 1590 684 ἀπόχρη
1622 612 1783 683 μέχρι
1808 609 1928 663 τού-

351 729 445 768 του
493 714 788 783 ἁμαρτεῖν·
847 711 939 763 καὶ
999 711 1091 763 νῦν
1146 708 1275 777 γοῦν
1319 708 1613 777 σωφρονεῖν
1661 701 1927 776 ἄρξασθαι

254 866 258 871 ,
352 805 478 876 χρὴ,
516 804 710 874 μηκέτι
747 804 842 874 μὲν
881 801 1192 873 περαιτέρω
1237 798 1627 868 προϐαίνοντας
1655 795 1731 866 τῷ
1763 794 1924 864 λόγῳ,

353 893 513 947 αὐτοῦ
557 895 612 946 δὲ
657 892 1142 955 καταπαύσαντας,
1198 891 1497 961 ἐϐουλόμην
1533 888 1647 959 μέν.
1697 888 1770 940 Οὐ
1820 886 1926 957 μὴν

352 984 465 1040 ἀλλ’
499 984 645 1048 ἅπαξ
668 1002 756 1055 μοι
779 983 1162 1055 Θρασυνομένῳ
1205 982 1404 1046 ἐξέστω
1448 981 1545 1051 τὴν
1575 979 1748 1032 αἰτίαν
1775 977 1926 1049 πρῶ-

350 1093 442 1129 τον
487 1077 695 1138 εἰπεῖν,
751 1075 840 1143 ὐφ’
886 1071 953 1147 ἧς
999 1075 1257 1145 ἐπαρθεὶς
1304 1074 1397 1125 ἐπὶ
1443 1072 1625 1124 τοῦτον
1676 1065 1786 1142 ἧκα
1838 1068 1926 1122 τὸν

348 1167 555 1235 ἀγῶνα,
590 1165 642 1218 εί
673 1185 746 1235 πη
774 1168 865 1219 καὶ
913 1165 1207 1237 συγγνώμη
1233 1164 1439 1234 γένοιτό
1470 1180 1557 1235 μοι
1586 1162 1681 1233 τῆς
1725 1177 1927 1232 προπε-

348 1259 497 1323 τείας
526 1258 746 1329 ταύτης.

418 1444 490 1496 1".
526 1443 706 1497 Δεινόν
755 1459 843 1514 μοι
887 1444 918 1513 ή
969 1438 1259 1512 ἀχαριστία
1304 1438 1725 1507 καταφαίνεται,
1758 1434 1925 1487 δεινὸν

347 1537 442 1589 καὶ
467 1536 764 1588 πάνδεινον.
792 1535 1038 1588 ΠαΟόντα
1060 1536 1167 1605 γάρ
1196 1551 1249 1586 τι
1282 1531 1489 1595 καλῶς,
1531 1529 1605 1601 μὴ
1641 1528 1733 1581 καὶ
1768 1527 1927 1597 ἀμεί-

347 1627 537 1681 ὅεσοαι
569 1626 881 1696 πειρᾶσθαι,
909 1629 955 1680 εἰ
993 1626 1084 1679 καὶ
1121 1625 1195 1696 μὴ
1231 1624 1404 1687 ἄλλως
1432 1622 1679 1685 δυνατὸν,
1711 1621 1927 1691 εὐχαρι-

351 1718 523 1782 στίαις
567 1717 696 1787 γοῦν
740 1719 858 1772 ταῖς
906 1717 993 1770 διὰ
1028 1715 1222 1783 λόγων,
1267 1715 1299 1785 ἢ
1346 1714 1572 1784 ἀνοήτου
1625 1713 1799 1781 πάντη
1830 1710 1925 1762 καὶ

346 1808 672 1879 ἀναισθήτου
712 1810 821 1861 τῶν
853 1807 1202 1881 εὐεργεσιῶν,
1236 1805 1269 1875 ἢ
1308 1805 1638 1876 ἀμνήμονοςο
1677 1804 1783 1872 ὅτῳ
1813 1801 1923 1870 (54)

2029 608 2125 662 des
2148 621 2212 661 ac
2250 620 2464 661 omnum
2500 603 2797 674 quoddam,
2812 602 3074 675 mortalia
3098 601 3212 656 hanc
3235 601 3400 656 verba
3420 610 3608 657 nostra

2029 698 2259 761 inferre,
2312 706 2477 767 atque
2525 696 2580 750 in
2628 711 2789 751 aures
2833 694 3032 750 divinis
3076 693 3337 764 purisque
3380 693 3607 751 vocibus

2028 790 2312 844 audiendis
2351 798 2598 844 assuetas
2635 787 2921 843 infundere
2956 787 3241 842 audemus.
3296 784 3443 842 Satis
3476 800 3607 856 ergo

2027 886 2119 950 sit,
2159 884 2266 938 huc
2306 898 2481 952 usque
2522 896 2803 952 peccasse;
2841 882 2923 934 vel
2966 896 3112 935 nunc
3149 879 3366 934 tandem
3414 894 3605 950 sapere

2028 975 2394 1044 incipiendum
2445 983 2567 1040 est;
2616 989 2717 1028 nec
2762 974 3008 1028 oratione
3047 973 3263 1042 longius
3303 971 3602 1043 producta,

2027 1070 2116 1125 hic
2145 1070 2524 1126 desinendum.
2570 1068 2775 1124 Vellem
2820 1068 3107 1136 equidem;
3154 1082 3342 1122 verum
3379 1066 3605 1138 pudoris

2027 1164 2163 1217 lines
2186 1161 2353 1217 semel
2382 1176 2603 1232 egresso
2629 1161 2791 1215 liceat
2834 1175 3056 1215 causam
3088 1158 3242 1228 prius
3264 1149 3466 1224 dicere,
3496 1174 3606 1228 qua

2026 1253 2223 1309 ductus
2255 1254 2311 1307 in
2339 1261 2614 1308 certamen
2648 1253 2754 1307 hoc
2793 1253 2938 1318 veni,
2985 1252 3030 1306 si
3080 1267 3187 1322 qua
3236 1251 3373 1306 mihi
3416 1250 3603 1308 forsan

2025 1346 2346 1400 temeritatis
2381 1345 2542 1415 hujus
2574 1345 2729 1399 venia
2760 1344 3111 1399 concedatur.

2097 1436 2182 1491 lll.
2223 1437 2369 1491 Dura
2420 1437 2552 1491 mihi
2601 1438 2891 1507 gravisque
2932 1452 3051 1501 res,
3101 1437 3345 1509 ingratus
3389 1434 3605 1491 animus

2025 1531 2267 1593 videtur;
2313 1529 2522 1595 gravis,
2557 1528 2818 1598 inquam,
2862 1538 2916 1583 et
2964 1527 3145 1598 gravis
3191 1540 3601 1597 usquequaque.

2026 1619 2164 1675 Eum
2197 1620 2343 1675 enim
2386 1620 2479 1689 qui
2530 1619 2790 1674 beneﬁcio
2840 1616 3065 1674 affectus
3114 1619 3206 1685 sit,
3235 1618 3281 1674 si
3308 1617 3466 1673 aliter
3494 1632 3603 1673 non

2025 1721 2224 1781 potest,
2252 1710 2475 1779 agendis
2517 1710 2708 1766 saltem
2740 1710 2908 1765 verbo
2951 1710 3139 1781 gratiis
3166 1709 3460 1780 rependere
3490 1722 3601 1764 non

2027 1802 2239 1867 conari,
2273 1786 2367 1855 aut
2388 1809 2568 1854 mente
2588 1800 2729 1872 capti
2752 1809 2806 1855 et
2827 1815 3047 1855 sensum
3074 1782 3465 1855 beneﬁciorum
3488 1813 3600 1854 non

346 1896 403 1951 δὲ
432 1898 526 1951 κα)⁵
551 1897 821 1969 αἴσθησις,
850 1897 942 1951 καὶ
975 1884 1170 1965 γνῶσις
1201 1889 1274 1948 ὧν
1308 1893 1475 1947 ἔπαθε
1515 1892 1693 1946 καλῶν
1724 1907 1919 1963 προσε-

2026 1892 2276 1947 habentis
2309 1900 2397 1947 est
2428 1890 2692 1957 hominis,
2724 1898 2819 1945 aut
2846 1891 3182 1945 immemoris
3209 1909 3222 1945 :
3252 1890 3341 1946 cui
3378 1905 3510 1945 vero
3548 1902 3604 1945 et

348 1989 534 2057 γένετο
557 1988 790 2059 πρῶτον,
822 1992 868 2042 εί
910 1989 985 2059 μὴ
1019 1988 1112 2041 καὶ
1151 1988 1337 2057 μνήμη
1370 1984 1691 2049 διασώζεται
1725 1984 1804 2046 είς
1832 1983 1924 2038 τὸν

349 2081 541 2135 ἔπειτα
572 2081 895 2153 χρόνονρχεί
930 2081 1005 2151 μὴ
1055 2081 1149 2133 καὶ
1195 2079 1455 2150 ἀναφέροι
1500 2078 1617 2131 τινά
1663 2076 1820 2148 χάριν
1848 2075 1924 2146 τῷ

350 2112 541 2135 διιιιιιυσ
574 2112 785 2153 λγυνυν,
847 2112 895 2134 τοι
930 2112 1005 2151 μη
1058 2112 1149 2133 δια-ι
1195 2112 1455 2150 ιινυογιμυι
1509 2112 1617 2131 ibi“
1664 2112 1819 2148 Laletle
1860 2112 1924 2146 tu}!

350 2172 568 2243 ἄρξαντι
595 2156 700 2257 ozle
728 2112 965 2241 ἀγὲθῶν,
1000 2171 1167 2244 ἀργὸς
1209 2164 1362 2233 οὗτος
1391 2172 1483 2224 καὶ
1512 2171 1801 2240 ἀχάριστος
1831 2170 1924 2222 καὶ

347 2266 570 2336 ἀσεϐὴς,
617 2265 1011 2336 ἐξαμαρτάνων
1063 2263 1124 2315 οὐ
1168 2261 1490 2331 συγγνωστὰ
1530 2261 1654 2314 οὐτε
1704 2260 1923 2332 μεγάλῳ

346 2351 469 2405 οὐτε
503 2353 700 2425 μικρῷ⁸
729 2353 775 2405 εἰ
811 2352 908 2423 μὲν
957 2348 1127 2421 μέγας
1159 2343 1391 2413 τίςὲστι
1431 2352 1523 2403 καὶ
1574 2349 1919 2421 μεγαλόνους,

346 2448 445 2499 οὐκ
472 2446 574 2500 ἀνὰ
606 2445 777 2516 στόμα
806 2445 983 2515 φέρων
1011 2443 1106 2495 σὺν
1141 2442 1290 2515 πάσῃ
1323 2443 1640 2514 εὐχαριστίᾳ
1668 2442 1761 2495 καὶ
1790 2444 1920 2511 τιμῇ

344 2538 443 2601 τὰς
497 2536 736 2607 μεγάλας
788 2535 952 2588 αὐτοῦ
1001 2535 1338 2606 εὐεργεσίας
1394 2539 1442 2587 εἰ
1488 2535 1542 2587 δὲ
1593 2533 1783 2605 μικρὸς
1830 2535 1923 2586 καὶ

347 2627 840 2698 εὐκαταφρόνητος,
883 2627 981 2680 οὐκ
1026 2621 1279 2698 ἄνυμνῶν
1328 2626 1421 2679 καὶ
1465 2625 1724 2695 εὐφημῶν
1772 2625 1920 2696 πάσῃ

344 2723 411 2791 τῇ
441 2717 606 2773 αὐτοῦ
641 2719 866 2788 δυνάμει
913 2708 1009 2771 τὸν
1041 2720 1102 2771 οὐ
1155 2717 1403 2788 μεγάλων
1441 2718 1619 2787 μόνον,
1666 2716 1800 2770 ἀλλὰ
1827 2717 1921 2770 καὶ

351 2811 561 2883 μικρῶν
588 2811 901 2881 εὐεργέτην.
934 2811 1058 2873 Τοῖς
1105 2811 1203 2881 μὲν
1235 2806 1326 2864 οὐν
1362 2810 1569 2880 μείζοσι
1609 2811 1700 2863 καὶ
1744 2810 1923 2863 διαϐε-

347 2903 537 2975 ϐηκόσι
560 2901 780 2973 δυνάμει
808 2902 1001 2972 ψυχῆς,
1037 2896 1120 2955 οἶα
1149 2902 1212 2973 δὴ
1246 2904 1308 2955 ἐκ
1340 2902 1577 2966 πλείονος
1608 2890 1922 2972 περιουσίας

345 2995 440 3047 καὶ
496 2993 729 3064 μεγάλου
782 2992 1044 3056 πλούτου,
1101 2991 1319 3063 μείζους
1366 2993 1460 3045 καὶ
1512 2992 1922 3064 φιλοτιμοτέρας

344 3084 639 3152 ἀναγκαῖον
673 3083 975 3137 ἀποδιδόναι
1022 3087 1134 3148 τοῖς
1181 3084 1495 3155 εὐεργέταις
1527 3084 1628 3147 τὰς
1660 3084 1801 3137 κατά
1833 3083 1921 3137 δύ·-

2024 1999 2219 2041 scnsus
2247 1991 2303 2039 et
2327 1983 2568 2053 cognitio
2593 1993 2676 2038 est
2706 1982 3120 2048 beneﬁciorum,
3149 1981 3252 2038 nisi
3276 1983 3601 2038 memoriam

2024 2087 2310 2133 conservet
2345 2079 2399 2131 in
2432 2086 2733 2149 posterum,
2780 2078 2884 2132 nisi
2934 2079 3163 2148 gratiam
3213 2078 3375 2133 etiam
3417 2078 3603 2149 aliquo

2023 2171 2185 2225 modo
2220 2169 2422 2239 referat
2458 2148 2726 2223 bonorum
2765 2169 2996 2233 auctori,
3025 2168 3173 2223 iners
3200 2169 3291 2223 ille
3314 2177 3400 2224 est
3432 2177 3487 2224 et
3512 2148 3606 2223 in-

2025 2271 2211 2333 gratus
2238 2278 2302 2317 ac
2327 2261 2547 2331 impius,
2577 2262 2696 2331 ejus
2721 2260 2972 2317 criminis
3007 2277 3154 2327 reus,
3181 2262 3338 2332 quod.
3357 2277 3458 2317 nec
3484 2277 3603 2318 ma-

2024 2370 2182 2425 gnus,
2232 2369 2333 2409 nec
2372 2368 2573 2423 parvus
2612 2353 3125 2423 ignoscat;-quippe
3157 2355 3272 2424 qui,
3300 2353 3347 2408 si
3379 2354 3599 2424 quidem

2023 2462 2253 2518 magnus
2282 2456 2363 2502 est
2386 2455 2442 2501 et
2468 2445 2812 2517 magniﬁcus,
2854 2460 3052 2517 magna
3094 2446 3216 2516 ejus
3249 2446 3510 2502 beneﬁcia
3541 2446 3601 2501 in

2023 2553 2137 2605 ore,
2165 2552 2287 2592 cum
2319 2537 2469 2591 omni
2503 2537 2799 2606 gratiarum
2827 2537 3041 2595 actione
3068 2545 3232 2607 atque
3258 2538 3468 2593 honore
3485 2552 3601 2592 non

2022 2638 2203 2699 gerat;
2233 2629 2317 2684 sin
2361 2643 2561 2698 parvus
2605 2636 2660 2682 et
2701 2628 3068 2699 despicabilis,
3101 2643 3208 2683 non
3233 2629 3382 2683 omni
3413 2634 3600 2682 tamen

2022 2719 2203 2774 studio
2231 2718 2410 2772 laudet
2451 2732 2515 2771 ac
2544 2718 2799 2781 celebret,
2851 2733 2960 2773 non
3009 2734 3332 2787 magnorum
3362 2728 3598 2785 tantum,

2023 2813 2116 2868 sed
2174 2825 2467 2881 parvorum
2516 2812 2680 2864 etiam
2725 2826 3014 2866 munerum
3059 2813 3392 2882 largitorem.
3444 2810 3512 2867 Et
3566 2828 3601 2868 a

2022 2905 2235 2975 magnis
2282 2903 2500 2975 quidem
2551 2903 2828 2974 animique
2876 2901 3132 2958 facultate
3179 2905 3598 2973 praestantibus,

2020 3005 2279 3064 tanquam
2314 3008 2379 3048 ex
2412 2994 2620 3065 majore
2642 3010 2805 3066 opum
2836 2996 2992 3065 copia
3024 2998 3344 3066 magnisque
3366 2997 3597 3067 divitiis,

2021 3087 2260 3157 majores
2325 3096 2490 3156 atque
2541 3086 2866 3143 illustriores
2916 3089 3357 3144 benefactoribus
3408 3090 3598 3148 laudes

344 3193 506 3248 ναμιν
546 3175 840 3248 εὐφημίας·
874 3179 985 3241 τοῖς
1015 3176 1071 3229 δὲ
1104 3179 1317 3248 μικροῖς
1361 3177 1453 3230 καὶ
1483 3178 1541 3229 ὲν
1568 3176 1738 3248 στενῷ
1761 3176 1919 3231 καθε-

2022 3195 2121 3249 pro
2157 3179 2366 3236 viribus
2402 3178 2554 3234 reddi
2599 3193 2820 3234 necesse
2848 3187 2959 3245 est;
3007 3194 3204 3249 parvos
3246 3184 3426 3243 autem
3452 3191 3507 3237 et
3539 3182 3600 3238 in

347 3268 562 3331 στῶσιν,
582 3268 688 3321 οὐδ’
714 3268 893 3330 αὐτοῖς
915 3266 1155 3337 ἀμελεῖν,
1174 3266 1294 3318 οὐδὲ
1329 3265 1590 3337 ῥᾳθυμεῖν
1623 3267 1915 3337 προσῆκον,

342 3359 451 3412 οὐδ’
481 3359 947 3421 ἀναπεπτωκέναι,
967 3358 1041 3420 ὡς
1074 3357 1225 3409 οὐδὲν
1258 3357 1405 3423 ἀξιον
1439 3356 1650 3428 φέρειν,
1679 3357 1800 3409 οὐδὲ
1831 3357 1918 3411 τέ-

344 3453 485 3506 λειον
512 3452 844 3523 δυναμένοις·
881 3451 995 3504 ἀλλ’
1028 3445 1114 3502 οἷα
1147 3450 1382 3519 πένητας
1414 3450 1543 3519 μὲν,
1574 3448 1920 3520 εὐγνώμονας

341 3544 418 3609 δὲ,
448 3544 507 3599 οὐ
532 3544 630 3616 τὴν
650 3543 744 3596 τοῦ
768 3542 1108 3613 τιμωμένου,
1143 3541 1241 3611 τὴν
1277 3542 1320 3593 δ’
1353 3542 1530 3594 αὐτῶν
1563 3540 1788 3611 δύναμιν
1825 3557 1919 3611 με-

344 3640 668 3711 τρήσαντας,
713 3637 778 3689 ὲκ
822 3636 919 3705 τῆς
961 3633 1241 3705 παρούσης
1294 3633 1574 3703 δυνάμεως
1627 3633 1919 3703 ἀναφέρειν

343 3726 442 3789 τὰς
468 3725 651 3797 τιμὰς,
685 3724 977 3795 χαριέσσας
1003 3723 1130 3786 ἴσως
1154 3722 1415 3792 ἐσομένας
1438 3722 1530 3774 καὶ
1555 3721 1918 3793 καταθυμίους

343 3816 423 3889 τῷ
449 3817 815 3888 τετιμημένῳ,
848 3817 942 3870 καὶ
971 3816 1072 3869 οὐκ
1093 3817 1152 3868 ὲν
1184 3814 1411 3887 δευτέρᾳ
1437 3814 1589 3887 χώρᾳ
1613 3816 1741 3887 παρ’
1769 3812 1918 3884 αὐτῷ

341 3908 451 3962 τῶν
478 3907 728 3979 μεγάλων
752 3910 847 3961 καὶ
878 3907 1105 3971 πολλῶν,
1139 3910 1189 3961 εί
1232 3908 1325 3961 σύν
1366 3924 1469 3960 τινι
1500 3907 1775 3978 προθυμίᾳ
1802 3906 1918 3977 μεί-

339 3997 459 4063 ζονι
486 3998 579 4050 καὶ⁸
601 3997 793 4067 γνώμῃ
825 3996 1180 4067 προσφέροιεν
1215 3996 1510 4067 ὁλοκλήρῳ.
1540 3995 1726 4059 Οὕτως
1751 3998 1809 4048 ὲν
1843 3997 1908 4048 ίε-

346 4090 469 4162 ραῖς
512 4086 721 4150 Βίϐλοις
750 4087 992 4157 φέρεται,
1028 4089 1113 4141 ὅτι
1157 4088 1222 4159 δὴ
1275 4087 1446 4158 μικρά
1474 4104 1557 4150 τις
1589 4088 1682 4141 καὶ
1726 4085 1916 4157 πτωχὴ

341 4180 481 4251 γυνὴ
509 4180 630 4250 ἅμα
662 4179 936 4241 πλουσίοις
966 4179 1058 4231 καὶ
1085 4178 1353 4241 δυνατοῖς,
1394 4177 1445 4231 οἳ
1475 4178 1811 4249 προσέφερον
1853 4179 1918 4231 ἐκ

341 4272 437 4328 τοῦ
467 4271 693 4325 πλούτου
729 4270 940 4342 μεγάλα
981 4272 1076 4323 καὶ
1124 4269 1407 4341 πολυτελῆ,
1438 4270 1573 4341 μόνη
1615 4270 1786 4343 μικρὰ
1819 4271 1915 4341 μὲν

345 4364 440 4419 καὶ
463 4363 741 4434 ἐλάχιστα,
774 4363 952 4415 πάντα
987 4360 1044 4414 δὲ
1073 4362 1222 4433 ὅμως
1248 4360 1313 4414 τά
1349 4362 1478 4414 ὄντα
1501 4362 1634 4432 αὐτῇ
1672 4361 1913 4431 συμϐαλ-

343 4453 563 4524 λομένη,
589 4454 686 4525 τήν
712 4452 812 4523 τῆς
847 4450 1087 4514 πλείονος
1111 4450 1308 4514 δόσεως
1344 4450 1645 4523 μαρτυρίαν
1672 4451 1912 4522 ἀπηνέγ-

2022 3279 2252 3344 angusto
2274 3272 2630 3336 constitutos,
2652 3284 2751 3324 nec
2779 3268 2924 3339 ipsus
2950 3270 3238 3340 negligere,
3265 3279 3360 3325 aut
3380 3272 3600 3343 segnio-

2020 3379 2110 3420 res
2147 3376 2269 3419 esse
2306 3362 2589 3429 convenit,
2632 3376 2733 3417 nec
2766 3362 2966 3415 animis
2989 3360 3222 3430 .cadere,
3262 3364 3419 3432 quasi
3461 3363 3600 3418 nihil

2020 3456 2246 3525 dignum
2268 3452 2678 3523 perfectumque
2702 3452 2894 3507 aﬁ‘erre
2918 3452 3158 3521 possint;
3182 3453 3272 3507 sed
3298 3454 3446 3509 velut
3466 3470 3601 3524 pau-

2018 3562 2175 3617 peres
2206 3547 2446 3618 quidem,
2473 3555 2530 3601 at
2554 3554 2737 3600 tamen
2768 3555 2970 3615 gratos,
3002 3560 3110 3599 non
3141 3545 3262 3615 ejus
3286 3561 3447 3616 quem
3492 3548 3597 3603 ho-

2018 3649 2238 3708 norant,
2269 3639 2366 3695 sed
2396 3653 2550 3695 suam
2579 3638 2890 3693 facultatem
2916 3636 3223 3703 metientes,
3252 3654 3318 3694 ex
3345 3640 3598 3709 praesenti

2022 3732 2409 3788 commoditate
2444 3730 2683 3785 honores
2714 3727 2960 3796 deferre;
2994 3738 3179 3799 gratos
3211 3730 3334 3786 illos
3367 3729 3599 3788 fortasse

2020 3836 2074 3881 et
2110 3827 2382 3896 iucundos
2408 3823 2458 3879 ei
2490 3822 2586 3892 qui
2628 3822 2949 3886 honoratur,
2997 3835 3098 3876 nec
3141 3820 3399 3877 inferiore
3452 3822 3597 3887 apud

2020 3933 2144 3973 eum
2192 3917 2349 3982 loco,
2410 3929 2574 3985 quam
2640 3912 2687 3968 si
2748 3926 2943 3982 magna
3008 3927 3238 3983 quaeque
3299 3926 3364 3967 ac
3426 3913 3594 3968 multa

2020 4008 2366 4072 offerrentur,
2404 4006 2648 4072 futuros,
2678 4005 2724 4060 si
2757 4005 2963 4075 majore
3003 4018 3128 4058 cum
3168 4003 3446 4058 alacritate
3481 4004 3595 4058 sin-

2021 4116 2255 4169 ceraque
2292 4108 2347 4153 et
2390 4099 2603 4167 integro
2634 4096 2821 4150 animo
2858 4093 3193 4149 deferantur.
3225 4092 3316 4149 Sic
3351 4094 3499 4148 enim
3537 4094 3595 4149 in

2021 4192 2195 4248 sacris
2235 4190 2455 4245 Litteris
2495 4189 2674 4259 legere
2715 4194 2802 4242 est
2824 4186 2888 4252 η,
2935 4199 3160 4256 parvam
3203 4186 3492 4255 quamdam
3539 4198 3597 4241 et

2019 4296 2310 4353 pauperem
2349 4280 2633 4345 feminam,
2666 4293 2775 4334 una
2806 4293 2930 4333 cum
2971 4276 3230 4332 divitibus
3269 4284 3324 4331 et
3361 4278 3595 4346 potenti-

2017 4374 2123 4428 bus
2152 4373 2245 4442 qui
2277 4357 2343 4426 ex
2383 4368 2733 4425 facultatibus
2775 4368 2892 4423 suis
2934 4380 3130 4437 magna
3162 4375 3219 4420 et
3249 4366 3431 4434 Opima
3460 4365 3596 4422 offe-

2018 4467 2229 4531 rebant,
2266 4466 2436 4521 solam
2481 4462 2699 4534 quidem
2725 4476 2891 4533 parva
2922 4470 2977 4516 et
3006 4460 3252 4525 minima,
3287 4460 3380 4517 sed
3405 4460 3591 4515 omnia

344 4564 499 4604 κατο.
523 4548 597 4601 Οὐ
642 4545 752 4617 γὰρ
794 4541 945 4615 οἶμαι
982 4544 1062 4615 τῷ
1106 4543 1257 4614 ποσῷ
1295 4545 1394 4615 τῆς
1438 4543 1718 4615 διδομένης
1760 4543 1912 4613 ὐλης,

2021 4566 2201 4613 tamen
2226 4571 2349 4627 quae
2374 4554 2626 4620 habebat,
2654 4552 2972 4617 contulisse,
3003 4562 3061 4608 et
3089 4552 3318 4621 majoris
3346 4551 3591 4608 muneris

343 4643 508 4714 οὔσης
540 4640 757 4709 ἔξωθεν,
796 4642 916 4702 ταῖς
943 4638 1002 4692 δὲ
1037 4634 1471 4709 προσφερούσαις
1508 4636 1752 4707 γνώμαις
1784 4636 1921 4705 μᾶλ-

343 4736 434 4789 λον
461 4736 552 4789 καὶ
583 4734 933 4806 προαιρέσεσι
960 4732 1058 4804 τὴν
1090 4729 1401 4801 φιλοτιμίαν
1430 4731 1523 4781 καί¹
1558 4729 1657 4799 τὴν
1690 4730 1919 4806 μεγαλο-

343 4804 642 4901 πρέπειαν,
694 4828 722 4880 ὁ
752 4804 909 4896 Ϋὶερὸς
949 4824 1106 4893 λόγος
1152 4821 1548 4892 ὲσταθμήσατο.
1600 4820 1674 4873 Οὐ
1734 4804 1914 4921 τοίνυν

340 4919 463 4975 οὐδὲ
508 4920 657 4990 ἡμᾶς
703 4919 958 4972 ἀποκνεῖν
1007 4916 1184 4986 πάντη
1234 4913 1510 4985 προσῆκον
1552 4911 1659 4965 δέει
1708 4911 1809 4965 τοῦ
1839 4912 1913 4983 μὴ

342 5009 766 5081 ἐξισωθήσεσθαι
814 5009 912 5081 τὴν
956 5006 1306 5079 εὐχαριστίαν
1352 5007 1472 5067 ταῖς
1532 5003 1913 5074 εὐεργεσίαις,

341 5103 476 5158 ἀλλά
524 5102 631 5155 πᾶν
667 5098 976 5153 τούναντίον
1020 5097 1222 5168 τολμᾷν
1264 5096 1359 5149 καὶ
1386 5093 1705 5166 πειρᾶσθαι,
1736 5095 1786 5146 εί
1818 5092 1912 5146 καὶ

343 5196 419 5267 μὴ
461 5195 560 5257 τὰς
606 5191 745 5256 ἴσας,
792 5191 888 5255 τὰς
934 5190 1063 5259 γοῦν
1109 5188 1340 5251 δυνατὰς
1384 5187 1711 5259 προσφέρειν
1741 5186 1816 5248 ὡς
1854 5185 1911 5238 έν

340 5287 543 5360 ἀμοιϐῇ
570 5284 753 5355 τιμάς·
774 5282 828 5336 εί
846 5299 983 5346 πως,
1005 5281 1114 5334 τῶν
1137 5280 1356 5334 τελείων
1380 5277 1781 5350 διαμαρτάνων,
1804 5275 1912 5329 τῶν

340 5381 432 5434 ἐπὶ
460 5380 656 5451 μέρους
690 5375 819 5446 γοῦν
844 5373 1099 5443 τεύξηται
1130 5374 1258 5443 ήμῖν
1279 5374 1307 5424 ὁ
1338 5372 1515 5439 λόγος,
1542 5370 1637 5442 τὴν
1670 5368 1909 5438 παντελῆ

339 5475 438 5543 τῆς
462 5470 784 5544 ἀχαριστίας
817 5467 972 5533 δόξαν
1014 5465 1251 5535 διαδράς.
1284 5465 1586 5535 Ἀχρηστον
1629 5463 1735 5534 γὰρ
1776 5460 1911 5532 ἀλη-

339 5566 448 5629 θῶς
487 5567 521 5637 ἡ
559 5561 836 5625 παντελῶς
885 5557 1063 5631 σιωπὴ
1096 5557 1200 5610 ὑπὸ
1244 5554 1456 5627 πιθανῷ
1482 5555 1561 5627 τῷ
1588 5555 1685 5608 τοῦ
1727 5554 1800 5625 μὴ
1823 5553 1911 5607 δύ-

415 5698 461 5731 ⁶⁸
495 5697 627 5754 Luc.
658 5712 772 5762 ut,
798 5695 854 5750 2.

2018 4648 2389 4704 testimonium
2420 4647 2743 4715 laudemque
2770 4645 3047 4700 retulisse.
3080 4641 3198 4698 Non
3237 4643 3381 4699 enim
3407 4651 3592 4699 exter-

2020 4760 2123 4807 nae,
2159 4742 2372 4814 opinor,
2405 4740 2483 4795 rei
2525 4754 2645 4810 qua:
2682 4738 2808 4793 data
2847 4747 2930 4793 est
2972 4736 3293 4806 quantitate,
3335 4734 3431 4790 sed
3470 4734 3590 4805 ipso

2016 4834 2294 4892 offerentis
2317 4833 2502 4888 animo
2531 4846 2596 4886 ac
2623 4830 2905 4901 proposito
2941 4829 3315 4884 aestimandam
3345 4828 3590 4886 muneris

2016 4920 2936 4997 dignitatem;magniﬁcentiamque
2970 4920 3169 4975 divinae
3206 4918 3420 4975 Litterte
3456 4935 3587 4974 cen-

2016 5023 2264 5072 suerunt.
2304 5010 2423 5067 Non
2467 5012 2630 5082 igitur
2673 5010 2897 5065 omnino
2939 5009 3184 5081 refugere
3223 5025 3324 5065 nos
3354 5015 3583 5079 oportet,

2019 5108 2169 5163 inani
2200 5114 2348 5162 metu
2377 5120 2445 5159 ne
2477 5104 2664 5176 gratiae
2692 5119 2814 5159 cum
2850 5103 3126 5157 beneﬁciis
3161 5116 3270 5156 non
3301 5100 3587 5167 adxequen-

2018 5210 2108 5255 tur
2133 5217 2149 5255 :
2179 5200 2270 5255 sed
2295 5206 2485 5253 contra
2515 5196 2699 5267 potius
2728 5195 2927 5250 audere
2959 5204 3121 5263 atque
3151 5191 3332 5245 omnia
3362 5187 3582 5253 conari;

2018 5300 2080 5346 ut
2112 5291 2159 5347 si
2197 5306 2304 5345 non
2352 5304 2528 5362 pares,
2582 5302 2722 5357 quos
2770 5286 2959 5340 saltem
3008 5294 3297 5352 possumus
3347 5279 3584 5333 honores

2017 5383 2399 5453 rependamus.
2428 5379 2584 5447 Quod
2612 5379 2659 5433 si
2697 5376 2840 5430 forte
2870 5390 2977 5428 non
3018 5372 3241 5426 omnino
3282 5384 3393 5423 rem
3434 5385 3585 5427 asse-

2019 5489 2239 5549 quatur,
2264 5484 2470 5545 partem
2494 5481 2637 5527 certe
2657 5471 2891 5539 aliquam
2915 5466 3181 5536 pertingat
3202 5462 3397 5525 oratio,
3421 5472 3586 5530 atque

2021 5566 2392 5623 omnimodam
2415 5562 2612 5636 ingrati
2644 5560 2811 5616 animi
2832 5558 3007 5613 labem
3029 5554 3244 5611 devitet.
3269 5552 3584 5624 Improbum

411 5835 526 5905 (54)
552 5835 712 5905 Ὅτῳ.
757 5833 836 5890 ita
880 5831 1238 5899 llmscbelius,
1287 5830 1573 5901 Bengelius
1614 5845 1680 5886 ac
1710 5829 1886 5885 editor
1908 5825 2252 5882 Parisiensis.
2285 5820 2532 5885 Vossius,
2555 5816 2660 5872 ὅτι.
