4090 6396
524 348 666 408 1065

1617 352 1675 410 S.
1715 352 2037 409 GREGORII
2090 349 2596 409 THAUMATURGI

3624 352 3763 410 1065

525 467 708 525 omnia
746 469 812 523 ad
863 469 1060 525 animae
1107 479 1308 526 nostrae
1354 470 1642 526 utilitatem
1696 469 2083 540 prospicienti,

2185 467 2441 538 ἐκτρέφει
2478 485 2540 521 τε
2583 467 2675 522 καὶ
2718 466 2971 525 παιδεύει
3012 458 3120 523 καί
3158 472 3512 542 χειραγωγσί·
3562 473 3654 526 καὶ
3698 473 3762 547 δὴ

519 556 669 631 quod
693 558 825 613 utile
850 567 906 613 et
926 559 1127 614 bonum
1166 569 1272 626 est,
1302 560 1492 615 statim
1525 562 1766 631 apparet)
1791 601 1807 626 ,
1850 567 1914 613 ut
1960 559 2088 613 olim

523 664 631 715 me,
666 649 740 702 ita
768 663 912 703 nunc
949 662 1168 718 quoque
1199 648 1314 712 alit,
1344 657 1399 702 et
1419 648 1598 702 erudit
1622 663 1685 703 ac
1715 663 1880 703 manu
1907 648 2086 703 ducit:

521 748 636 798 tum
665 750 861 810 praeter
896 740 1002 794 alia
1031 740 1236 803 omnia,
1270 739 1525 809 conjungi
1555 754 1642 794 me
1669 755 1792 795 cum
1819 740 1923 795 hoc
1948 740 2088 804 viro,

520 832 667 903 quod
689 831 935 885 omnium
960 842 1105 886 certe
1128 844 1404 885 sunnnum
1429 838 1533 897 est,
1561 839 1615 886 et
1639 847 1764 887 cum
1790 845 1856 885 eo
1883 831 2090 886 versari

520 920 646 978 fecit
668 938 683 985 ;
704 923 799 992 qui
825 938 927 977 nec
949 937 1165 993 genere,
1194 937 1294 976 nec
1316 922 1578 990 sanguine
1604 922 1715 977 ullo
1742 922 2088 991 coniunctus,

520 1029 622 1069 nec
650 1016 805 1070 aliter
837 1014 1181 1070 necessarius
1212 1022 1306 1068 aut
1337 1012 1552 1069 vicinus
1593 1029 1769 1085 neque
1812 1015 2091 1084 popularis

519 1107 746 1161 omnino
784 1114 902 1162 erat
926 1104 1069 1178 (quae
1119 1106 1330 1162 scilicet
1359 1107 1561 1161 amoris
1602 1116 1657 1161 et
1694 1106 2089 1177 coniunctionis
2124 1114 2128 1119 ’

517 1197 732 1253 vincula
771 1197 912 1252 inter
938 1197 1077 1251 alios
1115 1210 1235 1251 esse
1271 1196 1503 1266 solent),
1538 1196 1629 1251 sed
1650 1237 1665 1263 ,
1698 1206 1757 1251 ut
1785 1197 1975 1267 paucis
2006 1198 2092 1252 di-

515 1306 660 1354 cam,
690 1290 925 1360 ignotos,
955 1290 1180 1356 alienos,
1204 1290 1539 1360 peregrinos,
1572 1289 1640 1345 ab
1668 1289 1897 1345 invicem
1930 1282 2090 1363 Ionge

406 1380 413 1385 '
515 1378 843 1447 disiunctos,
874 1387 1080 1448 quanta
1108 1378 1315 1432 scilicet
1338 1378 1617 1448 regionum
1652 1386 1705 1432 et
1734 1379 2007 1453 montium.
2024 1395 2090 1436 ac

515 1469 802 1522 ﬂuminum
829 1469 1001 1537 spatia
1032 1467 1302 1532 dividunt,
1349 1467 1535 1522 divina
1579 1484 1707 1524 vere
1750 1469 2089 1540 sapientique

515 1566 852 1633 providentia
897 1579 1066 1618 unum
1113 1564 1165 1618 in
1209 1565 1391 1619 locum
1431 1566 1750 1637 perducens,
1795 1565 2084 1638 salutarem

518 1657 649 1711 mihi
701 1672 1053 1727 congressum
1100 1660 1246 1711 hunc
1300 1657 1605 1722 conciliavit
1655 1675 1668 1711 :
1715 1656 1861 1712 hunc
1908 1657 2085 1727 ipsum

518 1747 647 1801 mihi
680 1762 711 1801 a
736 1747 932 1816 primo,
961 1754 1024 1801 ut
1053 1761 1194 1812 reor,
1227 1755 1348 1800 ortu
1382 1755 1437 1801 et
1468 1746 1785 1802 educatione
1827 1747 2086 1803 divinitus

516 1853 837 1906 procurans.
894 1836 1145 1903 Quonam
1198 1846 1378 1892 autem
1429 1846 1627 1908 pacto,
1679 1838 1897 1908 longum
1942 1848 2088 1895 esset

472 1976 485 1991 .
513 1944 966 1995 commemorare,
997 1945 1106 1985 non
1135 1929 1315 1984 solum
1340 1930 1385 1984 si
1412 1939 1664 1985 accurate
1694 1929 1878 1983 omnia
1903 1944 2088 1999 perse-

514 2020 611 2087 qui
643 2019 890 2089 nihilque
920 2022 1170 2075 omittere
1193 2019 1476 2086 studeam;
1513 2022 1607 2075 sed
1644 2021 1893 2089 quamvis
1917 2021 2084 2076 multa

517 2110 721 2180 passim
757 2110 1070 2178 praeteriens
1089 2151 1104 2176 ,
1137 2126 1304 2179 pauca
1335 2111 1650 2166 summatim
1678 2111 1879 2167 referre
1902 2113 2083 2168 velim.

588 2200 653 2256 V.
693 2200 875 2256 Prima
908 2202 1051 2257 enim
1083 2203 1334 2257 educatio
1363 2203 1433 2257 ab
1458 2212 1578 2257 ortu
1612 2202 1729 2271 ipso
1758 2204 1860 2258 sub
1892 2218 2089 2273 paren-

517 2302 633 2348 tum
664 2309 796 2350 cura
830 2292 973 2361 fuit,
1007 2305 1060 2349 et
1091 2294 1252 2363 patrii
1299 2308 1481 2350 mores
1515 2295 1730 2350 erronei
1765 2314 1780 2349 :
1823 2310 1854 2349 a
1885 2296 2088 2365 quibus

514 2383 803 2438 liberatum
837 2382 902 2436 iri
932 2397 1049 2447 me,
1101 2396 1274 2450 neque
1303 2382 1478 2445 alius,
1519 2381 1745 2449 Opinor,
1796 2366 2085 2450 quisQuam

515 2482 825 2544 sperasset,
858 2489 1034 2543 neque
1062 2473 1189 2527 mihi
1218 2488 1343 2543 spes
1374 2473 1478 2527 ulla
1521 2482 1656 2538 erat,
1705 2487 1874 2543 puero
1909 2472 2086 2528 adhuc

514 2573 569 2619 et
616 2563 846 2619 rationis
875 2563 1105 2633 experti,
1134 2564 1237 2619 sub
1267 2572 1417 2632 patre
1449 2563 1847 2632 superstitioso.
1884 2562 2084 2617 Secuta

513 2655 710 2711 deinde
731 2662 815 2711 est
842 2656 1011 2724 patris
1038 2655 1282 2720 amissio,
1309 2663 1363 2708 et
1390 2654 1595 2709 orbitas
1630 2671 1645 2709 :
1674 2668 1797 2722 quae
1816 2652 1949 2707 mihi
1975 2651 2087 2706 for-

515 2757 665 2803 tasse
698 2745 1060 2816 cognoscendi
1086 2746 1197 2800 veri
1222 2745 1437 2798 initium
1467 2743 1589 2799 fuit.
1616 2743 1771 2799 Tunc
1804 2744 1948 2798 enim
1973 2743 2087 2813 pri-

515 2854 666 2893 mum
697 2836 762 2891 ad
798 2836 1034 2892 salutare
1057 2851 1356 2905 verumque
1380 2834 1616 2889 Verbum
1651 2833 1865 2899 transii,
1900 2834 2085 2908 nescio

515 2943 627 2999 quo
665 2936 855 2998 pacto,
904 2935 1195 2982 coaetusne
1223 2927 1425 2997 potius,
1456 2940 1525 2981 an
1556 2925 1762 2980 volens.
1799 2923 2084 2991 Quodnam

516 3020 662 3073 enim
691 3017 958 3088 judicium
995 3017 1129 3071 mihi
1157 3027 1297 3080 erat,
1342 3011 1750 3086 quatuordecim
1781 3029 1954 3070 annos
1983 3030 2083 3068 na-

516 3111 612 3167 to?
651 3110 916 3168 Cazterum
941 3125 1006 3165 ex
1032 3124 1097 3165 eo
1138 3119 1397 3179 tempore,
1424 3107 1678 3163 advenire
1706 3106 1838 3160 mihi
1867 3121 2081 3161 sacrum

517 3203 623 3257 hoc
660 3202 897 3257 Verbum
945 3200 1142 3270 cmpit,
1186 3200 1343 3270 quasi
1376 3198 1610 3269 perfecta
1654 3197 1767 3269 iam
1806 3197 2085 3254 communi

515 3294 759 3350 omnium
796 3294 1078 3348 hominum
1112 3292 1355 3358 ratione;
1394 3289 1614 3345 advenit
1652 3304 1784 3343 sane
1829 3297 1944 3342 tum
1975 3287 2087 3356 pri-

518 3402 690 3443 mum.
723 3384 875 3453 Quod
903 3383 1154 3455 equidem
1194 3399 1304 3439 non
1333 3397 1583 3453 parvum,
1631 3381 1678 3435 si
1725 3380 1906 3435 minus
1932 3381 2084 3448 olim,

518 3492 666 3533 nunc
692 3484 835 3532 certe
865 3475 1219 3538 ratiocinans,
1237 3487 1407 3527 sacrae
1426 3481 1480 3526 et
1502 3471 1833 3526 admirandae
1855 3486 1980 3541 erga
2000 3486 2088 3525 me

516 3566 867 3639 providentia:
888 3565 1101 3636 signum
1126 3563 1265 3618 duco
1291 3581 1305 3618 :
1327 3563 1472 3617 hunc
1492 3577 1671 3616 rerum
1693 3561 1978 3616 decursum
2005 3561 2088 3614 in-

518 3668 698 3723 tuens,
727 3655 886 3711 annis
923 3656 1000 3711 ita
1029 3654 1345 3710 distinctum
1371 3691 1389 3719 ,
1437 3662 1498 3706 ut
1546 3652 1906 3722 praaceilentia
1946 3652 2087 3708 hanc

516 3756 731 3806 aetatem
758 3749 962 3813 omnia,
992 3755 1262 3818 quotquot
1289 3744 1530 3811 fuerunt,
1557 3745 1761 3800 erroris
1789 3759 1974 3814 opera,
2005 3734 2086 3798 in-

519 3841 703 3897 fantiae
730 3850 781 3896 et
812 3838 1044 3895 rationis
1070 3839 1265 3908 inopia:
1301 3837 1706 3897 tribuerentur;
1737 3850 1835 3912 nec
1869 3850 2087 3890 sacrum

518 3934 720 3990 frustra
744 3929 978 3987 Verbum
1003 3931 1200 3985 animae
1221 3929 1462 3985 nondum
1484 3926 1707 3982 rationis
1733 3925 1968 3995 compoti
1990 3928 2090 3981 da-

518 4036 705 4093 retur;
749 4022 978 4079 rationis
1009 4037 1138 4077 vero
1161 4021 1274 4092 iam
1317 4019 1540 4090 capaci,
1576 4018 1826 4088 quamvis
1859 4033 1967 4072 non
1998 4019 2081 4073 di-

517 4116 659 4171 vinae
681 4129 937 4186 puraeque
962 4111 1192 4167 rationis
1212 4152 1230 4181 ,
1275 4119 1331 4165 at
1366 4109 1579 4164 timoris
1610 4119 1756 4163 certe
1785 4109 2085 4163 secundum

518 4206 663 4265 hanc
700 4206 988 4269 rationem,
1027 4200 1174 4257 illius
1215 4213 1406 4271 expers
1447 4213 1557 4252 non
1584 4207 1756 4264 esset;
1795 4197 1888 4253 sed
1922 4197 2088 4253 simul

516 4314 644 4355 cum
671 4292 927 4363 humana,
958 4294 1140 4350 divina
1162 4307 1381 4363 quoque
1415 4289 1471 4344 in
1501 4291 1590 4343 me
1616 4288 1882 4359 inciperet
1908 4289 2083 4343 ratio:

518 4391 649 4445 dum
695 4389 811 4443 haec
847 4386 1067 4457 quidem
1119 4384 1410 4449 adiuvabat
1457 4390 1726 4451 potestate
1774 4380 1907 4451 mihi
1954 4395 2087 4435 sane

2189 558 2326 629 πρὸς
2364 560 2496 613 πᾶσι
2524 562 2636 623 τοῖς
2663 559 2842 625 ἄλλοις
2879 562 2972 615 καὶ
3012 561 3243 630 συνάψαι
3271 578 3338 631 με
3366 561 3443 633 τῷ
3466 563 3619 635 ἀνδρὶ
3649 566 3767 620 τού-
3790 628 3793 631 η

2188 664 2287 719 τῳ,
2315 648 2472 702 τοῦτο
2495 648 2556 720 δὴ
2581 650 2642 703 τὺ
2667 650 3192 719 κεφαλαιωδέστατον
3224 651 3459 717 πάντων,
3477 651 3766 726 ᾠκονομη-

2192 750 2339 799 σατο,
2358 733 2480 788 οὔτε
2507 737 2650 804 γένει
2671 739 2765 791 καὶ
2792 739 2984 810 αἵματί
2999 754 3087 809 μοι
3106 739 3431 811 ἀνθρωπίνῳ
3455 742 3562 796 τινὶ
3589 758 3762 814 προσ-

2190 826 2422 897 ήκοντα,
2463 826 2588 881 οὒτε
2606 828 2797 905 *ἄλλως
2825 829 3214 902 προσοικοῦντα
3235 870 3250 894 ,
3284 833 3318 903 ἢ
3358 832 3487 886 ὄντα
3514 832 3636 887 τινὰ
3654 834 3763 888 τῶν

2190 918 2607 991 πλησιοχώρων,
2652 919 2774 975 οὔτε
2817 923 2911 975 καὶ
2945 923 3177 993 ὁμοεθνῆ
3215 922 3351 986 ὅλως
3404 923 3598 995 (ταῦτα
3633 926 3697 997 δὴ
3724 927 3764 983 ἃ.

2189 1011 2463 1081 πρόφασις
2509 1012 2688 1081 φιλίας
2729 1015 2823 1067 καὶ⁵
2848 1014 3111 1078 .ὲνώσεως
3139 1018 3252 1079 τοίς
3285 1015 3498 1081 πολλοῖς
3535 1017 3644 1072 τῶν
3668 1019 3765 1073 ἀν·-

2190 1101 2422 1174 θρώπων
2444 1104 2707 1173 γίνεται),
2736 1105 2871 1159 ἀλλὰ
2900 1106 3166 1159 συνελόντι
3193 1109 3396 1174 εἰπεῖν,
3428 1107 3763 1178 ἀγνὼστους,

2187 1193 2516 1265 ἀλλοτρίους,
2566 1194 3006 1268 ἁπεξενωμένους
3027 1236 3043 1261 ,
3074 1197 3337 1269 -ἅλλήλων
3388 1200 3768 1270 ἀφεστηκότας

2188 1282 2467 1353 πάμπολυ,
2490 1284 2611 1338 ὅσον
2642 1286 2785 1356 μέσα
2807 1286 2932 1357 ἔθνη
2955 1287 3046 1340 καὶ
3065 1285 3164 1358 ὅρη
3187 1287 3281 1341 καὶ
3301 1289 3577 1358 ποταμοὺς
3598 1287 3765 1358 διείρ-

2187 1392 2276 1444 γει
2307 1377 2472 1445 ὴμᾶς,
2507 1375 2751 1446 ὑπὸτῆς
2793 1376 2941 1440 Θείας
2981 1377 3148 1441 ὅντως
3198 1379 3292 1431 καὶ
3336 1379 3508 1449 σοφῆς
3535 1396 3764 1451 ,προμη-

2189 1465 2338 1529 θείας
2372 1468 2452 1529 εἰς
2488 1466 2679 1521 ταυτὸν
2717 1468 2959 1538 ἀγαγὼν,
3011 1469 3112 1539 τὴν
3167 1470 3430 1541 σωτήριον
3478 1470 3604 1541 ἐμοὶ
3636 1468 3765 1523 σύν-

2187 1556 2304 1610 οδον
2342 1556 2543 1628 ταύτην
2570 1544 2979 1630 ἐμηχανήσατοε
3029 1559 3233 1614 ἄνωθεν
3268 1560 3423 1613 τοῦτο
3448 1561 3764 1632 προμηθού-

2190 1667 2348 1720 μενος
2397 1644 2568 1720 οἶμαι,
2616 1652 2679 1704 ὲκ
2720 1650 2942 1724 πρώτης
2989 1654 3255 1721 γενέσεως
3297 1655 3390 1707 καὶ
3429 1654 3761 1725 ἀνατροφῆς.

2187 1744 2310 1807 Πῶς
2342 1742 2400 1795 δὲ
2420 1783 2433 1803 ,
2469 1743 2673 1815 μακρὸν
2711 1743 2777 1798 ἂν
2810 1747 2892 1817 εἴη
2929 1744 3201 1811 διεξιέναι,
3232 1746 3351 1816 οὐχ).
3380 1746 3765 1819 ἀκριϐολογου-

2116 1815 2159 1870 B
2191 1835 2336 1905 μένῳ
2382 1835 2537 1907 μόνον
2565 1836 2658 1889 καὶ
2688 1835 2853 1908 μηδὲν
2882 1815 3206 1908 παραλιπεῖν
3244 1815 3606 1909 πειρωμένῳ,
3637 1835 3757 1890 ἀλλ’

2190 1927 2239 1978 εἰ
2275 1927 2387 1989 καὶ,
2435 1925 2503 1979 τὰ
2542 1925 2709 1978 πολλὰ
2742 1926 2955 1997 παρεὶς,
2993 1924 3201 1997 ἀθρόως
3236 1926 3431 1995 ὀλίγων
3458 1926 3566 1982 τῶν
3592 1914 3775 1997 κεφα-’

2187 2015 2588 2088 λαιωδεστέρων
2620 2016 2971 2088 μνημονεύειν
3010 2017 3345 2090 ἐθελήσαιμι.

2267 2202 2340 2256 E'.
2397 2200 2717 2272 Ἀνατροφαὶ
2747 2201 2854 2273 γὰρ
2885 2202 2940 2255 αἱ
2968 2200 3178 2270 πρῶται
3209 2202 3274 2254 ἐκ
3296 2200 3591 2270 γενέσεως,
3615 2192 3760 2272 ἦσαν

2186 2290 2291 2345 ὑπὸ
2330 2282 2595 2359 γονεῦσι(
2620 2291 2712 2343 καὶ
2760 2291 2963 2361 πάτρια
2994 2290 3088 2361 ἔρθη
3112 2289 3191 2353 τὰ,
3214 2289 3634 2359 πεπλανημέναο
3681 2283 3762 2343 ὧν

2186 2383 2332 2453 ἡμᾶς
2363 2380 2890 2452 ἐλευθερωθήσεσθαι
2926 2378 3049 2433 οὔτε
3097 2372 3260 2444 ἄλλος’
3292 2375 3446 2450 οἶμαι
3501 2380 3760 2449 προσεδό-

2186 2490 2372 2543 κησεν,
2416 2471 2547 2526 οὒτε
2596 2473 2689 2525 καὶ
2735 2472 2856 2543 ἐμοὶ
2904 2471 3054 2535 ἐλπίς
3091 2489 3172 2535 τις
3196 2468 3264 2541 ἦν
3297 2471 3491 2540 παιδίῳ
3526 2470 3621 2542 μὲν
3646 2468 3761 2525 ὄντι
3870 2472 3876 2476 ”

2185 2567 2278 2648 καὶ
2327 2565 2526 2636 ἀλόγῳ,
2582 2566 2686 2619 ὑπὸ
2741 2566 2906 2637 πατρὶ
2941 2562 2996 2617 δὲ
3043 2559 3409 2633 δεισιδαίμονι.
3469 2559 3599 2616 Εἶτα
3648 2576 3758 2615 πα-

2185 2655 2310 2728 τρὸς
2357 2653 2592 2726 ἀποϐολὴ
2638 2652 2733 2708 καὶ
2768 2652 2997 2722 ὀρφανία
3041 2656 3076 2725 ἢ
3118 2654 3180 2725 δή
3218 2652 3327 2725 (66)
3368 2670 3457 2723 μοι
3490 2654 3629 2724 τάχα
3662 2652 3759 2707 καὶ

2184 2746 2326 2819 ἀρχὴ
2369 2747 2470 2816 τῆς
2515 2746 2611 2800 τοῦ
2655 2745 2887 2816 ἀληθοῦς
2930 2743 3274 2813 ἐπιγνώσεως
3323 2736 3417 2816 ἧν,
3475 2742 3606 2798 Τότε
3647 2743 3759 2815 γὰρ

2167 2830 2400 2909 ’πρῶτον
2431 2838 2523 2890 ἐπὶ
2549 2838 2639 2890 τὸν
2664 2834 3040 2925 σωτήριοννκαὶ
3057 2833 3229 2906 ἀληθῆ
3262 2834 3557 2906 μετετέθην
3577 2834 3755 2904 λόγον,

2183 2933 2283 2985 οὐκ
2307 2927 2403 2983 οἷδ’
2428 2931 2574 2993 ὅπως
2594 2970 2608 2992 ,
2636 2928 3148 3002 κατηναγκασμένος
3189 2927 3386 2998 μᾶλλον
3417 2926 3561 2999 ἥπερ
3594 2925 3756 2982 ἑκών.
3848 2962 3861 2968 ο
3948 2931 3953 2935 ’

2183 3023 2280 3087 Τίς
2316 3006 2576 3095 γὰρ’ὲμοὶ
2603 3022 2779 3094 κρίσις
2808 3018 2907 3093 ἦν,
2957 3012 3071 3074 ὄντι
3117 3020 3757 3092 τεσσαρεσκαιδεκαετεῖς

2110 3152 2153 3211 C
2185 3113 2330 3184 Πλὴν
2368 3113 2659 3178 ὲξ.ὲκείνου
2696 3130 2811 3177 πως
2857 3112 3139 3211 anienem
3189 3106 3287 3182 μέν
3320 3129 3408 3194 μοι
3430 3112 3459 3166 ό
3502 3111 3643 3182 ἱερὸς
3669 3111 3759 3165 ὅδε

2188 3205 2358 3273 Λόγος
2404 3205 2605 3275 ἤρξατο
2651 3204 2809 3267 εὐθὺς
2836 3242 2850 3270 ν
2882 3197 2969 3256 οἷα
2990 3204 3054 3274 δὴ
3098 3202 3219 3272 ἄἕντι
3258 3201 3631 3306 πληρουμένου
3661 3200 3759 3256 τοῦ
3781 3221 3811 3273 ’-

2188 3295 2365 3350 κοινοῦ
2407 3298 2621 3350 πάντων
2656 3292 2953 3365 ἀνθρώπιον
2994 3291 3152 3363 λόγου
3174 3335 3190 3360 ,
3248 3291 3507 3365 ἐπεδήμει
3533 3293 3578 3346 δ’
3609 3293 3760 3363 ὅμως

2186 3389 2305 3442 τότε
2335 3389 2569 3460 πρῶτον.
2623 3388 2687 3440 Ὀ
2723 3387 2786 3458 δὴ
2815 3386 2909 3441 καὶ
2932 3389 2992 3440 οὐ
3019 3388 3237 3458 μικρὸν,
3266 3389 3321 3440 εί
3340 3387 3435 3441 καὶ
3467 3386 3541 3459 μὴ
3568 3386 3758 3449 πάλαι,

2188 3477 2282 3533 νῦν
2334 3479 2463 3548 γοῦν
2519 3477 2967 3549 ἀναλογιζόμενος
3005 3480 3165 3550 εγὼ,
3223 3475 3487 3551 σύμϐολον
3543 3477 3760 3548 τίθεμαι

2186 3571 2285 3642 τῆς
2311 3570 2460 3641 ἱερᾶς
2487 3569 2579 3622 καὶ
2602 3564 2916 3640 θαυμαστῆς
2935 3569 3059 3641 περὶ
3079 3569 3177 3640 ἐμὲ
3207 3566 3491 3641 Προνοίας,
3519 3565 3613 3638 τὴν
3628 3582 3757 3618 συν-

2187 3659 2392 3731 δρομὴν
2435 3659 2635 3730 ταύτην
2671 3658 2811 3713 οὕτω
2852 3662 2964 3724 τοῖς
3008 3659 3150 3712 ἔτεσι
3178 3656 3631 3729 διηριθμημένην,
3669 3655 3759 3709 ἵνα

2187 3752 2256 3805 τὰ
2314 3753 2412 3823 μὲν
2468 3751 2738 3820 φθάνοντα
2791 3751 2968 3805 πάντα
3010 3750 3166 3823 τήνδε
3218 3749 3314 3820 τὴν
3362 3749 3597 3819 ἡλικίαν.
3659 3747 3759 3801 ὅσα

2188 3842 2398 3914 πλάνης
2447 3836 2513 3913 ῆν
2560 3841 2723 3913 ἔργα,
2769 3844 3054 3914 νηπιότητι
3100 3841 3191 3895 καί¹
3235 3839 3423 3913 ἀλογίᾳ
3464 3836 3759 3911 παραδεδο-

2191 3934 2331 4004 μένα
2433 3950 2446 3964 ’
2482 3934 2556 4005 μὴ
2598 3932 2770 4006 μάτην
2801 3934 2857 3988 δὲ
2882 3935 2911 3988 ὁ
2943 3934 3085 4006 ἱερὸς
3110 3932 3387 4004 παραδοθῇ
3418 3931 3590 4000 Λόγος
3610 3930 3756 4001 ψυχῇ

2186 4026 2398 4080 οὐδέπω
2440 4026 2628 4098 λογικῇ
2655 4041 2670 4060 ’
2729 4026 2917 4097 λογικῇ
2948 4025 3022 4079 ’δὲ
3079 4024 3181 4095 ἤδη
3230 4023 3496 4094 γενομένῃ
3542 4021 3672 4093 (67),
3707 4026 3757 4076 εί

2187 4116 2283 4170 καὶ
2326 4116 2399 4187 μὴ
2450 4116 2605 4186 λόγου
2650 4116 2793 4170 θείου
2848 4115 2942 4169 καὶ
2989 4114 3261 4187 καθαροῦ,
3309 4114 3472 4184 φόϐου
3500 4113 3631 4183 γοῦν
3659 4113 3755 4168 τοῦ
3847 4156 3857 4171 .

2187 4205 2327 4259 κατὰ
2362 4205 2451 4259 τὸν
2496 4205 2652 4274 λόγον
2697 4204 2869 4268 τόνδε,
2922 4207 2997 4284 μὴ
3048 4204 3251 4278 ἔρημος
3403 4205 3519 4259 ἀλλ’
3562 4206 3695 4277 ὁμοῦ
3728 4208 3758 4260 ὅ

2186 4313 2244 4350 τε
2275 4297 2611 4368 ἀνθρώπινος
2637 4298 2730 4350 καὶ
2758 4297 2786 4351 ὁ
2813 4296 2952 4361 θεῖος
2992 4298 3221 4369 ἄρξηται
3253 4297 3310 4350 ἐν
3344 4298 3468 4368 ἐμοὶ
3496 4297 3685 4368 λόγος’·
3728 4300 3757 4354 ὁ

2189 4389 2289 4458 μὲν
2332 4387 2539 4459 βοηθῶν
2568 4389 2635 4458 τῇ
2676 4375 2922 4459 ἁλέκτρῳ
2958 4386 3055 4458 μὲν
3097 4385 3240 4456 ἐμοὶ,
3293 4386 3466 4458 οἰκεία
3511 4386 3568 4439 δὲ
3608 4380 3758 4459 αὖτῷ

520 4478 919 4549 inexplicabili,
959 4475 1055 4532 sed
1083 4475 1257 4545 ipsius
1290 4473 1545 4544 propria;
1582 4473 1672 4526 illa
1703 4487 1831 4527 vero
1861 4472 2087 4538 adiuva-

2186 4476 2439 4548 δυνάμει·
2468 4478 2496 4529 ὁ
2541 4476 2598 4529 δὲ
2635 4475 3008 4547 βοηθούμενος.
3055 4477 3120 4528 Ὃ
3171 4476 3234 4546 δὴ
3258 4475 3626 4546 λογιζόμενον,
3665 4478 3759 4530 εὑ-

521 4571 702 4625 batur.
743 4569 900 4636 Quod
929 4581 1143 4622 mecum
1183 4565 1313 4620 dum
1344 4577 1558 4633 reputo,
1601 4564 1785 4618 laetitia
1824 4563 1989 4618 simul
2024 4577 2088 4617 ac

524 4663 721 4716 timore
750 4658 1051 4730 periundor
1076 4674 1091 4710 :
1120 4657 1274 4711 laetus
1315 4655 1517 4710 scilicet
1555 4664 1844 4725 provectu;
1890 4654 2087 4708 timens

524 4763 730 4817 autem,
761 4766 831 4806 ne
868 4749 1035 4804 tantis
1060 4746 1336 4802 beneficiis
1369 4746 1618 4807 aﬂ‘ectus,
1671 4761 1701 4799 a
1737 4744 1841 4798 ﬁne
1880 4744 2083 4798 nihilo-

526 4842 709 4897 minus
738 4840 1005 4895 aberrem.
1036 4836 1145 4892 Sed
1168 4837 1310 4891 enim
1340 4836 1526 4891 nescio
1576 4851 1683 4905 quo
1711 4837 1870 4904 pacto
1898 4834 1950 4888 in
1986 4834 2088 4889 hac

525 4942 706 5006 parte,
752 4932 883 4987 dum
932 4928 1304 4984 admirabilem
1358 4934 1556 4982 nostrae
1602 4927 1669 4982 ad
1718 4928 1863 4982 hunc
1909 4926 2086 4980 virum

526 5024 879 5097 profectionis
922 5020 1380 5092 dispensationem
1425 5016 1646 5075 narrare
1688 5020 1835 5086 libet,
1877 5018 2090 5088 longio-

527 5134 641 5174 rem
677 5130 886 5172 moram
931 5115 1066 5169 mihi
1111 5116 1278 5170 traxit
1313 5116 1530 5170 oratio:
1563 5128 1685 5184 quae
1715 5114 1868 5182 prius
1904 5120 2086 5166 tamen

527 5209 611 5263 vel
654 5207 842 5277 paucis
886 5206 1066 5269 dictis,
1113 5204 1183 5260 ad
1228 5206 1345 5260 haec
1396 5204 1680 5275 sequentia
1733 5202 2084 5271 properabat;

600 5339 714 5409 (66)
748 5340 822 5394 Ἣ
846 5337 972 5409 δή.
1004 5338 1346 5409 Hieschelius
1400 5335 1572 5409 edidit
1622 5335 1657 5404 ἦ
1712 5342 1837 5387 ante
1882 5332 1983 5404 δή,
2016 5340 2089 5409 _et

525 5402 627 5482 ήδη
652 5402 902 5482 coniecit:
930 5402 1179 5482 Vossius.
1196 5406 1582 5482 ﬁ._C_oniuiige,
1607 5402 1660 5458 et
1682 5402 2085 5482 mutatamedia

527 5428 639 5532 ηοτὲ
652 5428 902 5477 conjec“.
940 5428 1179 5465 VOSSIUS,
1196 5428 1251 5477 η.
1278 5428 1582 5475 ιιυημιιιςυ,
1607 5428 1660 5458 et
1683 5428 1885 5457 Inuum:
1902 5428 2084 5482 ἰιιυυιᾶ

527 5481 581 5533 in
638 5479 695 5549 ἡ,
720 5479 844 5550 lege
871 5479 905 5549 ἢ
930 5478 1058 5550 ἤδη.
1087 5477 1231 5550 Sane
1260 5476 1368 5546 ἤδη
1401 5476 1588 5544 incipit
1610 5488 1754 5526 anno
1773 5480 2084 5550 {etatis-5w,

528 5539 690 5617 quem
716 5539 905 5616 ipsum
929 5539 1129 5601 annum
1152 5539 1446 5615 Gregorius
1481 5539 1607 5617 mox
1646 5542 1913 5617 nomina_t._
1951 5539 2085 5594 Par-

531 5610 691 5672 ticula
729 5610 836 5686 γάρ
880 5618 1217 5685 subsequens
1245 5610 1300 5669 εἰ
1344 5630 1465 5686 quae
1509 5614 1767 5680 deinceps
1813 5610 2087 5686 adduntur

532 5680 820 5757 nsque—ad
863 5680 1076 5740 οὐδέπω
1102 5687 1326 5757 λογικῇ,
1355 5680 1591 5757 aliquam
1632 5698 1744 5736 rem
1788 5680 2083 5757 postulant,

531 5752 653 5825 post
683 5755 1064 5824 disiunctivam
1093 5752 1185 5827 li;
1210 5752 1329 5826 quin
1355 5752 1676 5827 rcs'potius,
1713 5767 1875 5823 quam
1919 5752 2089 5823 ὀρφα-

2191 4569 2462 4639 φροσύνης
2490 4566 2624 4636 ὁμοῦ
2656 4566 2750 4619 καὶ
2776 4566 2926 4629 δέους
2963 4548 3296 4637 ἀναπίῇτλησί
3334 4582 3421 4635 με,
3449 4566 3755 4636 μεγαλυνό-

2194 4676 2352 4730 μενον
2377 4658 2475 4729 μὲν
2501 4660 2566 4728 τῇ
2598 4659 2912 4730 προαγωγῇ,
2947 4644 3274 4726 φοϐούμενον
3301 4656 3378 4720 δὲ,
3418 4656 3490 4728 μή
3520 4673 3619 4727 πη,
3659 4660 3758 4711 καὶ

2189 4748 2441 4803 τοιούτων
2482 4748 2732 4813 ἀξιωθεὶς
2763 4748 2860 4801 τοῦ
2903 4747 3087 4810 τέλους
3116 4745 3315 4817 ὁμοίως
3347 4746 3549 4817 σφαλῶ.
3579 4748 3757 4802 ’Ἂλλέι

2189 4842 2298 4911 γὰρ
2324 4840 2423 4892 οὐκ
2470 4835 2564 4893 οἷδ’
2597 4840 2743 4902 ὅπως
2781 4838 3099 4910 ἐνεϐράδυνέ
3149 4856 3236 4910 μοι
3260 4838 3395 4910 τῷδε
3418 4837 3497 4909 τῷ
3539 4839 3695 4911 μέρει
3727 4842 3758 4893 ὁ

2189 4931 2365 4999 λόγος,
2411 4928 2508 5000 τὴν
2555 4929 2872 5000 θαυμαστὴν
2922 4929 3229 4999 οἰκονομίαν
3278 4929 3412 5000 πρὸς
3452 4929 3544 4983 τὸν
3586 4929 3759 5000 ἄνδρα

2189 5021 2337 5073 τόνδε
2362 5018 2465 5089 ὁδῷ
2488 5020 2844 5091 διηγήσασθαι
2878 5019 3064 5083 θέλων,
3101 5019 3342 5073 σπεύδων
3367 5020 3425 5073 δὲ
3446 5021 3594 5091 ὅμως
3621 5022 3759 5092 πρό-

2188 5127 2345 5182 τερον
2390 5111 2484 5163 καὶ
2532 5108 3030 5181 βραχυλογούμενος
3061 5109 3153 5161 ἐπὶ
3185 5109 3310 5162 τάδε
3355 5102 3425 5162 τὰ
3467 5107 3617 5179 ἑξῆς,
3653 5110 3760 5182 οὐχ

2189 5203 2265 5264 ὡς
2307 5201 2578 5273 εὐφημίαν
2603 5199 2972 5275 θόφειλομένην
3012 5197 3089 5269 τῷ
3132 5197 3320 5262 οὕτως’
3344 5201 3759 5271 οἰκονομήσαντι

2189 5337 2300 5399 νεα,
2321 5334 2578 5405 Gregorio
2604 5336 2847 5391 videatur
2868 5336 3079 5406 initium
3107 5336 3437 5406 agnoscendi
3471 5336 3586 5392 veri
3610 5347 3757 5392 attu—

2189 5406 2317 5459 lisse
2344 5423 2355 5458 :
2401 5408 2576 5478 attulit
2606 5419 2781 5460 autem
2817 5406 2946 5478 ῆὸη.
2987 5405 3184 5478 Neque
3212 5409 3367 5461 obest
3396 5407 3538 5478 τάχα
3557 5446 3571 5470 ,
3606 5405 3755 5476 quod

2188 5480 2239 5529 vi
2266 5477 2427 5545 etyini
2459 5477 2705 5547 τάχιστα,
2740 5486 2798 5529 ut
2828 5475 3066 5547 μᾲλανθι
3092 5475 3353 5547 μάλιστα,
3386 5475 3567 5546 potius
3604 5475 3754 5531 πων-

2189 5544 2333 5606 ιιιοι,
2358 5559 2519 5612 quam
2536 5544 2859 5601 addubitat.
2878 5544 3111 5601 Benest;
3204 5570 3209 5575 -
3258 5574 3261 5579 ·

2258 5614 2383 5698 (67),
2425 5613 2649 5684 Λογικῇ
2704 5617 3010 5686 γενομένη.
3058 5616 3205 5685 Legit
3242 5614 3531 5686 Bcngelius
3554 5613 3754 5689 λογικὴ

2188 5700 2474 5755 γενομενη.
