4090 6428
395 445 531 501 1005

1401 443 1467 498 IN
1506 437 1859 500 ORIGENEM
1898 426 2156 498 ORATIO
2194 442 2649 501 PANEGYRICA.

3499 449 3635 507 1060

393 566 694 631 ἀποδιδοὺς,
723 566 756 637 ἢ
785 566 1135 638 εὐχαριστίαν
1164 567 1257 620 καὶ
1282 566 1565 620 εὐσέϐειαν
1587 565 1687 639 (μὴ
1710 568 1959 640 φορτικοὶ

2063 580 2173 621 non
2220 566 2379 637 quasi
2430 565 2643 621 debitas
2691 561 2879 618 laudes
2922 563 2970 618 ei
3018 564 3111 634 qui
3159 563 3239 621 sic
3278 564 3633 635 dispensavit,

388 653 493 722 μὲν
531 652 704 719 οὕτως
747 658 1099 729 ὀνομάζοντες
1136 659 1252 729 μὲν,
1301 657 1447 723 ἄξιον
1478 659 1535 713 δὲ
1568 655 1816 728 λέγοντέες
1865 661 1957 713 οὺ-

390 744 478 798 δὲν
513 745 676 819 (68))’
711 749 826 804 ἀλλ’
860 751 935 815 ὼς
967 751 1237 839 διήγησφί
1253 752 1345 806 καὶ
1374 753 1680 823 ὁμολογίαν,
1717 755 1822 825 ήτι
1851 754 1959 807 τῶν

393 840 810 913 ἐπιεικεστέρων
831 842 1034 901 τούτων
1050 844 1326 915 ὀνομάτων
1339 844 1656 917 ποιούμενος
1674 846 1805 918 (69).
1827 847 1960 900 Ἐδό-

392 947 479 984 κει
509 932 573 1002 τῇ
608 932 744 1005 μόνῃ
769 934 833 985 ὲκ
853 933 960 986 τῶν
986 934 1186 1003 γονέων
1221 935 1477 1007 κήδεσθαι
1508 936 1665 1008 ἡμῶν
1693 937 1955 1010 παραλει-

389 1026 599 1097 πομένῃ
631 1028 815 1097 μητρὶ,
853 1029 901 1081 τ’
933 1028 1066 1082 ἄλλα
1099 1029 1606 1100 ἐκπαιδευομένους,
1635 1025 1724 1085 οἷα
1765 1032 1961 1096 παῖδας

272 1138 279 1145 ι
388 1118 489 1170 οὐκ
511 1117 747 1185 ἀγεννῶς
772 1118 933 1189 δῆθεν
959 1121 1050 1173 καὶ
1073 1119 1273 1188 φύντας
1300 1121 1394 1175 καὶ
1422 1120 1806 1194 τρεφομένους,
1841 1143 1960 1195 φοι-

389 1211 489 1281 τᾷν
521 1209 614 1263 καὶ
651 1212 861 1282 ῥήτορι,
886 1211 961 1275 ὡς
984 1212 1047 1283 δὴ
1092 1215 1327 1284 ῥήτορας
1349 1214 1657 1285 ἐσομένους.
1687 1217 1797 1271 Καὶ
1825 1218 1958 1290 δῆτα

391 1301 713 1372 ἐφοιτῶμεν.
748 1304 840 1356 καὶ
874 1306 1107 1375 ῥήτορας
1136 1305 1232 1375 μὲν
1260 1306 1357 1358 οὐκ
1382 1308 1461 1368 είς
1491 1308 1705 1380 μακρὰν
1742 1308 1960 1365 ἔσεσθαι

390 1394 538 1464 ἡμᾶς
590 1394 849 1464 ελεγονοὶ
894 1395 1015 1451 τότε
1074 1398 1348 1470 κρίνοντες
1392 1392 1593 1464 οὕτωςέ
1640 1403 1739 1456 οὐκ
1784 1403 1959 1472 ἔγωγε

387 1487 544 1541 τοῦτο
564 1488 743 1558 λέγειν
774 1489 896 1543 οὔτε
930 1486 1065 1553 οῖδα,
1096 1490 1207 1544 οὔτ’
1241 1491 1307 1545 ἂν
1341 1492 1662 1566 θελήσαιμι·
1714 1494 1869 1563 λόγος
1899 1497 1958 1549 δὲ

387 1578 563 1643 οὐδεὶς
583 1576 651 1651 ἦν
669 1580 891 1645 τούτων,
920 1582 1040 1635 οὐδέ
1065 1599 1149 1645 τις
1175 1583 1444 1656 καταϐολὴ
1472 1586 1685 1638 οὐδέπω
1731 1587 1837 1640 τῶν
1862 1590 1959 1659 τῇ·

386 1667 445 1720 δε
476 1670 661 1741 φέρειν
692 1671 841 1742 ἡμᾶς
870 1671 1178 1742 δυναμένων
1218 1672 1428 1728 αἰτιῶν.
1471 1674 1631 1729 Ἀλλὰ
1658 1675 1766 1749 γὰρ
1791 1676 1960 1749 ἄγρυ-

386 1777 520 1824 πνος
561 1760 637 1816 ὢν
666 1764 695 1817 ὁ
724 1762 864 1827 Θεῖος
905 1764 1247 1834 παιδαγωγὸς
1287 1767 1379 1820 καὶ
1420 1767 1625 1839 ἀληθὴς
1672 1769 1955 1840 κηδεμὼν,

384 1851 509 1906 οὗτε
534 1852 644 1908 τῶν
675 1855 887 1908 οἰκείων
918 1855 1332 1928 διανοουμένων,
1364 1858 1486 1913 οὔτε
1514 1861 1604 1913 καὶ
1627 1862 1759 1933 ἐμοῦ
1792 1863 1956 1917 αὐτοῦ

388 1942 858 2016 προθυμουμένου,
894 1946 1056 2018 ἐπῆν,
1091 1949 1377 2020 συμϐαλών
1411 1950 1520 2021 (70)
1552 1969 1656 2006 τινι
1688 1951 1795 2004 τῶν
1816 1953 1963 2023 ἐμῶν

386 2034 727 2091 διδασκάλων
757 2036 954 2108 (ἄλλως
980 2039 1077 2110 τὴν
1111 2029 1394 2111 Ῥωμαίων
1423 2042 1602 2115 φωνὴν
1623 2044 1962 2099 ὲκπαιδεύειν

324 2149 343 2161 ο
393 2142 461 2196 με
496 2127 940 2199 πεπιστευμένῳ,
984 2130 1084 2182 οὐκ
1109 2130 1183 2195 ὡς
1215 2133 1301 2184 ἐπ’
1335 2133 1501 2205 ἄκρον
1529 2134 1745 2204 ἥξοντα,
1789 2118 1865 2199 ὡς
1907 2136 1963 2191 δὲ

305 2284 309 2288 γ
394 2214 470 2287 μὴ
493 2216 717 2287 ἄπειρος
751 2217 868 2289 εἴην
906 2219 1080 2290 πάντη
1115 2221 1209 2273 καὶ
1236 2222 1396 2293 τῆσδε
1425 2224 1523 2294 τῆς
1560 2226 1773 2296 φωνῆς’
1807 2226 1962 2297 ἔτυχε

389 2306 747 2377 δένόμωνούκ
766 2310 989 2383 ἄπειρος
1008 2311 1128 2383 ῶν),
1169 2312 1323 2368 τοῦτο
1341 2314 1451 2385 (71)
1489 2316 1580 2368 ἐπὶ
1610 2316 1732 2371 νοῦν
1763 2317 1959 2388 βαλὼν,

389 2399 764 2471 προύτρέψατό
803 2419 870 2473 με
914 2402 981 2456 δι’
1019 2402 1182 2457 αὑτοῦ
1228 2404 1335 2458 τῶν
1378 2405 1660 2477 Ῥωμαίων
1693 2409 1965 2479 ἐκμανθά-

264 2560 271 2567 .
384 2505 502 2543 νειν
547 2490 767 2561 νόμους.
815 2493 925 2546 Καὶ
954 2493 1200 2565 λιπαρῶς
1231 2500 1295 2565 γε
1327 2496 1484 2550 τοῦτο
1532 2499 1702 2553 ἐποίει
1750 2499 1779 2553 ὁ
1825 2502 1963 2573 ἀνὴρ

385 2582 613 2663 ἐκεῖνος,
647 2581 804 2652 κάγὼ
840 2584 938 2655 μέν
963 2602 1043 2663 τοι
1073 2585 1389 2659 ἐπειθόμην,
1422 2580 1611 2660 τάνδρῖ
1639 2590 1835 2661 μᾶλλον
1868 2608 1965 2663 χα-

388 2662 673 2745 ριζόμενος
718 2675 862 2748 ήπερ
895 2660 997 2748 τῆς
1040 2678 1238 2750 τέχνης
1268 2680 1503 2752 ἐραστὴς
1535 2660 1649 2735 ὥν.
1692 2681 1749 2736 '0
1789 2681 1845 2736 δέ

381 2763 565 2839 λαβὼν
609 2765 905 2837 ἀκροατὴν,
948 2769 1244 2841 φιλοτίμως
1289 2771 1387 2845 μὲν
1419 2771 1689 2828 διδάσκειν
1723 2776 1960 2853 ήρχετοο

381 2854 756 2925 ἐπεφθέγξατο
788 2858 901 2931 (72)
948 2859 1008 2913 δέ
1044 2877 1117 2925 τι,
1165 2861 1194 2915 ὃ
1228 2880 1319 2932 μοι
1367 2863 1705 2935 ἀληθέστατα
1746 2868 1963 2924 πάντων

381 2949 725 3023 ἀποϐέϐηκε,
754 2951 1009 3023 μέγιστον
1042 2952 1260 3010 ἔσεσθαί
1286 2972 1373 3026 μοι
1395 2953 1601 3025 ἐφόδιον
1654 2957 1831 3029 (τοῦτο
1852 2959 1962 3035 γὰρ

379 3042 625 3116 τοῦνομα
669 3046 874 3112 ἐκεῖνος
905 3046 1228 3127 ὠνόμασεν),
1270 3049 1379 3102 εἴτε
1420 3067 1505 3114 τις
1538 3051 1720 3124 ῥήτωρ
1761 3051 1868 3106 τῶν
1904 3056 1963 3107 ἐν

376 3137 499 3201 τοῖς
540 3136 912 3210 δικαστηρίοις
952 3141 1389 3212 ἀγωνιουμένων,
1422 3143 1531 3195 εἴτε
1570 3144 1664 3197 καὶ
1695 3144 1851 3210 ἄλλος
1879 3164 1961 3212 τις

379 3218 527 3280 εἶναι
577 3227 904 3300 θελήσαιμι,
953 3230 1051 3302 τὴν
1088 3231 1323 3303 μάθησιν
1364 3233 1475 3287 τῶν
1520 3222 1718 3308 νόμων.
1767 3238 1825 3292 '0
1862 3239 1961 3309 μὲν

266 3354 275 3363 -
378 3317 560 3385 οὓτως
601 3319 1001 3390 ἀπεφθέγξατο,
1048 3323 1241 3377 τείνων
1283 3327 1362 3390 εἰς
1403 3326 1471 3379 τὰ
1516 3326 1831 3401 ἀνθρώπινα
1872 3332 1960 3384 τὸν

376 3408 577 3478 λὸγον·
615 3410 739 3482 ἐμοὶ
776 3410 820 3463 δ’
873 3412 1110 3484 ἀτεχνῶς
1158 3414 1262 3468 ὑπό
1283 3431 1396 3493 Δτινι
1451 3415 1698 3490 θειοτέρα
1752 3421 1963 3493 ἐπινοίᾳ

310 3502 315 3510 ⁴
375 3500 755 3571 ἀτὲοφοιϐάσαι
791 3500 904 3575 (75)
938 3503 1086 3559 δοκεῖ
1114 3504 1215 3568 τῆς
1238 3490 1402 3565 αὺτοῦ
1431 3507 1769 3581 ὑπολήψεως.
1808 3512 1863 3564 Ἐ
1876 3490 1961 3565 πελ.

277 3582 281 3586 ’
372 3596 497 3667 γὰρ
555 3595 981 3671 ἐξεπαιδευόμην
1035 3596 1176 3652 ἑκὼν
1201 3601 1322 3669 ,καὶ
1381 3600 1528 3656 ἄκων
1582 3604 1707 3667 τοὺς
1763 3602 1960 3675 νόμους

371 3679 605 3759 τούσδε,
625 3685 815 3757 δεσμοὶ
852 3687 951 3758 μέν
986 3705 1102 3751 πως
1133 3685 1232 3761 ἤδη
1268 3690 1665 3763 κατεϐέϐληντο
1687 3691 1780 3745 καὶ
1812 3693 1962 3747 αἰτία

376 3776 479 3832 καὶ
507 3777 731 3851 ἀφορμὴ
762 3780 859 3851 τῆς
892 3780 984 3834 ἐπὶ
1017 3781 1141 3835 τάδε
1177 3781 1320 3847 ὁδοῦ,
1349 3784 1382 3854 ἠ
1416 3782 1525 3837 τῶν
1561 3783 1839 3855 Βηρυτίων
1864 3782 1962 3838 πό-

376 3867 502 3934 λιςο
540 3869 573 3940 ή
624 3869 681 3923 δὲ
738 3870 799 3923 οὐ
849 3873 1063 3944 μακράν
1097 3873 1410 3944 ἁποχέουσα
1439 3873 1548 3940 (74)
1593 3873 1700 3928 τῶν
1731 3874 1963 3929 ἐνταῦθα

379 3960 546 4025 πόλις
597 3961 1023 4035 Ῥωμαῖκωτέρα
1067 3981 1205 4029 πως,
1243 3964 1338 4019 καὶ
1381 3964 1490 4018 τῶν
1536 3960 1715 4036 νόμων
1758 3965 1962 4019 τούτων

370 4052 526 4110 ἐἶναι
562 4051 909 4109 πιπευθεῖσα
954 4056 1356 4128 παιδευτήριον.
1386 4056 1490 4110 Τὸν
1520 4056 1565 4109 δ’
1598 4056 1741 4128 ἱερὸν
1775 4058 1962 4111 τοῦτον

378 4146 559 4217 ἄνδρα
590 4144 655 4197 ἐκ
685 4140 785 4214 τῆς
817 4145 1091 4214 Αἰγύπτου
1128 4146 1261 4216 (75),
1309 4148 1374 4199 ἐκ
1418 4147 1516 4218 τῆς
1573 4146 1961 4219 Ἀλεξανδρέων

370 4224 617 4302 πόλεως,
655 4235 783 4291 ἔνθα
813 4237 910 4309 τὴν
942 4238 1125 4292 ἑστίαν
1165 4238 1303 4309 ἔχων
1336 4238 1491 4311 ἔτυχε
1525 4239 1788 4312 πρότερον
1809 4280 1824 4305 ,
1867 4241 1962 4296 καὶ

382 4330 553 4385 αὐτὸν
609 4326 780 4383 ἐκίνει
833 4332 929 4385 καὶ
974 4331 1268 4402 μετανίστη
1320 4333 1414 4385 ἐπὶ
1451 4330 1569 4385 τόδε
1616 4331 1679 4385 τὸ
1727 4332 1958 4404 χωρίον,

381 4422 577 4496 ῶσπερ
633 4423 1011 4493 ἀπαντήσονται
1065 4424 1218 4493 ήμῖν,
1265 4421 1427 4495 ἕτερα
1476 4422 1795 4495 πράγματα.
1848 4426 1961 4479 Οὐκ

291 4521 317 4539 ’·
382 4516 567 4584 ἔγωγε
606 4514 696 4568 καὶ
728 4513 901 4568 ταῦτα
928 4514 1344 4584 αἰτιολογεῖσθαι
1373 4513 1495 4570 οὔτε
1524 4513 1658 4581 οἶδα,
1704 4521 1797 4576 καὶ
1822 4520 1961 4574 ἑκὼν

2064 656 2290 712 reddere
2315 671 2537 727 parans,
2564 664 2658 711 aut
2684 657 2977 726 gratiarum
3012 655 3299 723 actionem,
3335 667 3430 712 aut
3462 658 3637 728 pictae

2064 758 2170 804 tem
2203 748 2299 819 (ne
2329 748 2623 817 importuni
2668 748 2841 803 simus
2873 748 2953 803 sic
2983 748 3340 817 appellantes,
3379 749 3635 821 dignum-

2060 854 2169 909 que
2206 839 2340 893 nihil
2373 838 2711 909 aﬂ‘erentes);
2745 840 2837 893 sed
2876 846 3134 907 tanquam
3172 840 3472 910 simplicem
3504 858 3634 897 nar-

2060 933 2325 986 rationem
2338 930 2849 1003 confessionemque
2874 935 3183 1003 autaliquid
3205 933 3512 1003 hujusmodi
3541 936 3637 991 hu.

2061 1022 2354 1077 miliorum'
2370 1023 2654 1078 nominum
2674 1024 2981 1082 instituens.
3004 1026 3192 1082 Visum
3208 1035 3292 1081 est
3313 1027 3385 1092 ei,
3403 1042 3525 1096 qua:
3541 1042 3635 1081 so-

2059 1115 2108 1169 la
2123 1115 2515 1185 exparentibus
2533 1125 2826 1187 superstes,
2846 1133 3033 1172 curam
3053 1120 3225 1173 nostri
3256 1119 3495 1189 gerebat,
3516 1134 3636 1172 ma-

2062 1208 2151 1272 tri,
2179 1216 2238 1262 ut
2266 1206 2641 1263 aliisimbutus
2663 1208 2875 1274 litteris,
2916 1211 3116 1279 quibus
3140 1211 3294 1280 pueri
3325 1211 3501 1265 solent
3525 1226 3635 1265 non

2061 1299 2294 1354 obscure
2331 1300 2442 1354 nati
2474 1310 2570 1355 aut
2601 1301 2838 1367 educati,
2868 1303 2932 1356 ad
2965 1303 3237 1357 rhetorem
3280 1302 3444 1358 etiam
3479 1317 3638 1357 acce-

2060 1391 2334 1455 deremus,
2371 1398 2635 1461 tanquam
2670 1392 2917 1448 rhetores
2946 1392 3139 1448 futuri.
3183 1392 3251 1448 Et
3275 1394 3495 1464 quidem
3530 1392 3638 1450 fre‘

2062 1482 2481 1552 quentabamus,
2518 1483 2874 1555 rhetorasque
2906 1500 3006 1541 nos
3044 1486 3193 1540 brevi
3239 1486 3456 1543 futuros
3483 1488 3634 1543 dicc-

2060 1573 2211 1636 bant,
2243 1572 2337 1643 qui
2376 1582 2491 1628 tum
2532 1574 2606 1627 ita
2640 1573 2975 1644 judicabant.
3025 1575 3139 1631 lloc
3167 1592 3297 1631 vero
3325 1593 3427 1648 ego
3456 1578 3638 1633 dicere

2061 1680 2163 1721 nec
2197 1667 2418 1732 scirem,
2453 1682 2554 1721 nec
2579 1668 2770 1723 vellem
2807 1685 2819 1719 :
2854 1669 2996 1723 ratio
3024 1669 3223 1740 quippe
3261 1669 3456 1725 horum
3486 1670 3636 1725 nulla

2060 1767 2211 1824 erat;
2261 1773 2360 1814 nec
2405 1757 2819 1815 fundamentum
2862 1762 3043 1817 adhuc
3095 1763 3266 1817 ullum
3318 1778 3633 1829 causarum,

2061 1866 2182 1921 quae
2214 1850 2321 1907 huc
2348 1852 2546 1907 ducere
2584 1868 2684 1908 nos
2720 1861 2963 1922 possent.
3003 1854 3106 1908 Sed
3151 1854 3374 1924 pervigil
3418 1855 3509 1910 ille
3546 1854 3635 1909 di-

1993 1935 2037 1991 B
2064 1939 2222 1994 vinus
2249 1940 2598 2012 paedagogus,
2628 1956 2903 2012 verasque
2928 1953 3168 2009 curator,
3194 1959 3293 1998 nec
3318 1944 3639 2000 domesticis

2063 2029 2458 2100 cogitantibus,
2523 2046 2624 2087 nec
2693 2047 2781 2088 me
2822 2034 2943 2103 ipso
3016 2034 3388 2099 desiderante,
3438 2036 3632 2103 adfuit,

2064 2122 2277 2177 cuidam
2306 2137 2602 2193 suggerens
2628 2137 2694 2179 ex
2726 2124 2861 2181 meis
2887 2126 3186 2195 magistris,
3213 2128 3304 2197 qni
3332 2124 3635 2182 Romanam

2062 2211 2302 2282 linguam
2333 2215 2529 2271 docere
2558 2230 2644 2271 me
2660 2216 2848 2285 jussus
2880 2224 3021 2283 erat,
3040 2231 3148 2271 non
3176 2225 3236 2270 ut
3260 2216 3328 2271 ad
3359 2231 3634 2273 summum

2062 2304 2183 2374 ejus
2232 2307 2448 2361 culmen
2499 2308 2886 2377 pertingerem,
2939 2308 3033 2363 sed
3090 2323 3158 2362 ne
3205 2308 3357 2363 rudis
3407 2323 3635 2377 prorsus

2065 2396 2397 2469 ignarusque
2443 2399 2607 2470 hujus
2648 2399 2849 2469 lingua:
2892 2401 3061 2457 forem
3107 2416 3120 2455 ι
3169 2410 3288 2456 erat
3328 2409 3507 2456 autem
3546 2403 3635 2456 ille

2064 2489 2243 2560 legum
2283 2507 2392 2546 non
2427 2492 2732 2562 imperitus.
2760 2490 2941 2558 Quare
2968 2494 3071 2548 hoc
3103 2493 3157 2547 in
3188 2493 3430 2547 animum
3471 2494 3634 2549 induo

2065 2596 2222 2647 cens,
2265 2592 2457 2639 auctor
2503 2583 2635 2639 mihi
2678 2582 2781 2637 fuit
2823 2596 2883 2638 ut
2930 2585 3048 2654 ipso
3089 2584 3316 2639 docente
3359 2583 3636 2640 Romanas

2066 2674 2209 2743 leges
2248 2674 2606 2731 addiscerem.
2660 2677 2739 2731 Ac
2779 2676 2936 2730 enixe
2971 2675 3188 2745 quidem
3236 2674 3292 2729 id
3332 2676 3525 2745 agebat
3553 2676 3638 2729 vir

2064 2765 2189 2832 ille;
2223 2780 2324 2835 ego
2363 2781 2494 2822 vero
2525 2767 2718 2837 parui,
2759 2767 2903 2821 ultro
2933 2766 3116 2836 potius
3145 2767 3481 2837 gratiﬁcandi
3520 2777 3637 2821 stu-

2063 2857 2173 2922 dio,
2207 2873 2371 2927 quam
2402 2859 2545 2928 quod
2581 2860 2714 2915 artis
2741 2859 2861 2930 ejus
2896 2869 3109 2914 amator
3139 2874 3337 2914 essem.
3374 2856 3478 2924 Qui
3508 2874 3635 2913 cum

2065 2952 2364 3007 auditorem
2400 2968 2488 3007 me
2518 2953 2882 3022 suscepisset,
2915 2952 3158 3007 studiose
3183 2953 3380 3007 docere
3407 2966 3493 3006 me
3523 2967 3637 3007 cm‘

2063 3042 2163 3112 pit.
2217 3028 2485 3108 Quiddam
2529 3051 2708 3097 autem
2741 3042 2936 3098 etl‘atus
2964 3050 3068 3108 est,
3099 3042 3244 3111 quod
3293 3042 3422 3096 mihi
3457 3042 3636 3111 reipsa

2063 3133 2408 3190 verissimum
2452 3134 2664 3191 evasit:
2701 3135 3001 3188 maximum
3046 3134 3257 3189 scilicet
3287 3135 3421 3189 mihi
3460 3135 3624 3189 viati-

2064 3240 2187 3281 cum
2224 3220 2347 3296 (hoc
2384 3225 2528 3281 enim
2560 3225 2782 3281 nomine
2816 3224 3143 3295 appellabat)
3175 3218 3351 3295 legum
3384 3225 3501 3281 fore
3551 3228 3636 3281 dia

2062 3316 2345 3386 sciplinam
2367 3354 2383 3381 ,
2426 3329 2524 3369 seu
2568 3315 2756 3370 rhetor
2786 3315 3057 3385 quispiam
3093 3330 3158 3370 ex
3187 3315 3271 3395 .iis
3301 3315 3395 3385 qui
3428 3316 3482 3371 in
3516 3315 3637 3372 foro

2061 3418 2116 3462 et
2161 3408 2530 3462 tribunalibus
2586 3407 2955 3471 contendunt,
3012 3421 3108 3461 seu
3156 3406 3295 3461 alius
3341 3407 3463 3478 quis
3514 3424 3637 3463 esse

2061 3500 2272 3555 vellem.
2311 3499 2403 3555 Sic
2444 3499 2609 3570 igitur
2648 3500 2738 3554 illa
2764 3500 2957 3555 etfatus
2982 3509 3085 3565 est,
3117 3500 3187 3554 ad
3210 3500 3447 3556 humana
3479 3518 3637 3559 suam

2061 3590 2349 3646 intendens
2398 3588 2701 3667 orationem
2746 3607 2762 3644 :
2803 3588 2938 3644 mihi
2967 3604 3095 3643 vero
3138 3590 3426 3654 diviniore,
3470 3607 3636 3661 quam

2061 3683 2306 3752 putabat,
2348 3682 2531 3738 aﬂlatu
2570 3682 2807 3753 quodam
2862 3682 2978 3736 haec
3019 3681 3346 3736 vaticinatus
3390 3682 3632 3740 videtur.

2061 3772 2357 3846 Postquam
2391 3775 2536 3830 enim
2566 3775 2753 3830 volens
2815 3773 3005 3829 nolens
3039 3772 3125 3828 his
3155 3773 3363 3844 legibus
3388 3777 3637 3832 eruditus
3724 3757 3737 3771 ’

2062 3864 2163 3932 fui,
2212 3882 2339 3921 mox
2384 3866 2642 3936 injectum
2684 3872 2768 3920 est
2812 3864 2971 3935 quasi
3009 3864 3288 3918 vinculum
3338 3865 3634 3933 quoddam,

2062 3966 2117 4011 et
2153 3972 2320 4013 causa
2360 3966 2526 4028 atque
2572 3956 2790 4012 occasio
2819 3956 2887 4009 ad
2930 3955 3028 4009 has
3072 3970 3197 4009 oras
3226 3956 3510 4023 veniendi,
3558 3958 3636 4010 ci—

2063 4048 2202 4103 vitas
2248 4047 2586 4121 Berytiorum
2634 4062 2649 4099 :
2684 4063 2747 4102 ea
2803 4061 2933 4101 vero
2977 4061 3083 4100 non
3129 4046 3315 4115 procul
3358 4047 3486 4102 binc
3529 4050 3640 4103 sita

2062 4140 2254 4195 civitas
2294 4148 2377 4195 est
2406 4139 2635 4193 Romani
2659 4138 2821 4209 juris,
2851 4138 3044 4192 harum
3098 4138 3276 4208 legum
3325 4139 3634 4195 communis

2062 4229 2248 4285 schola
2292 4238 2347 4284 et
2390 4229 2740 4284 auditorium.
2804 4227 3034 4283 Sacrum
3083 4243 3212 4282 vero
3260 4230 3405 4283 hunc
3452 4229 3633 4284 virum

2064 4318 2133 4374 ab
2154 4316 2390 4390 [Egypto
2430 4318 2499 4374 ab
2522 4317 3016 4373 Alexandrinorum
3069 4317 3223 4382 urbe,
3277 4317 3331 4371 in
3379 4333 3486 4388 qua
3534 4319 3634 4373 do-

2062 4409 2326 4463 micilium
2377 4408 2530 4478 prius
2582 4408 2839 4473 habebat,
2896 4408 2950 4462 in
3003 4407 3149 4462 hunc
3205 4408 3406 4475 locum,
3466 4410 3632 4466 veluti

2062 4501 2221 4557 nobis
2250 4515 2609 4556 occursurum
2647 4515 2736 4554 res
2774 4500 2892 4555 alia:
2926 4500 3211 4555 trahebant
3247 4510 3301 4556 et
3339 4501 3635 4558 transiere-

381 4607 620 4679 παρήσω
638 4623 652 4637 ⁸
681 4605 741 4660 οὐ
772 4604 875 4677 μὴν
901 4606 1013 4659 ἀλλ’
1041 4595 1256 4676 οὔπωγέ
1276 4607 1375 4679 τῆς
1396 4607 1581 4662 ἐνθάδε
1613 4627 1702 4681 μοι
1723 4611 1958 4681 ἀφίξεως

2062 4592 2206 4647 bant.
2242 4589 2428 4662 Neque
2458 4606 2558 4661 ego
2587 4605 2717 4645 sane
2746 4591 2939 4645 horum
2971 4606 3195 4646 causam
3232 4592 3457 4648 reddere
3482 4594 3630 4661 novi,

383 4699 484 4754 καὶ
530 4698 627 4769 τῆς
684 4694 819 4769 πρὸς
867 4697 959 4750 τὸν
1008 4696 1179 4769 ἄνδρα
1227 4698 1543 4771 συμπλοκῆς
1581 4701 1733 4755 οὐδὲν
1783 4701 1957 4769 οὕτως

463 4893 578 4968 (68)
624 4893 721 4962 Μὴ
760 4891 1114 4968 φορτικοὶη.
1137 4892 1411 4968 ἄξιον-δὲ
1445 4892 1726 4968 λέγοντες
1757 4897 1955 4953 οὐδέν.

382 4961 484 5023 Δᾶ
504 4961 797 5037 utrumque
814 4963 911 5035 μέν
929 4961 1160 5037 refertur
1185 4964 1265 5037 δέ,
1286 4964 1452 5037 altera
1485 4961 1713 5037 apodosi
1734 4969 1957 5024 alteram

385 5030 726 5108 absorbqnte
757 5048 771 5084 :
808 5030 864 5088 et
907 5034 1344 5108 subaudiendum
1385 5031 1501 5108 εἶεν
1521 5030 1619 5092 'vel
1649 5030 1821 5108 ὦμεν,
1852 5040 1956 5094 nisi

355 5109 573 5179 ‘ipsum
608 5094 757 5179 ὦμεν
792 5103 1022 5179 proper
1049 5105 1228 5179 priore
1271 5104 1397 5179 loco
1423 5106 1505 5179 vel
1546 5094 1844 5179 posteriore
1876 5119 1960 5163 est

384 5173 787 5248 reponendum.
833 5173 935 5248 Μή
974 5173 1080 5248 non
1130 5174 1345 5248 videtur
1384 5173 1583 5248 habere
1630 5177 1739 5232 vim
1780 5179 1960 5248 prohi-

384 5243 572 5308 bendi,
590 5246 683 5300 sed
709 5243 1040 5313 comedendi,
1068 5257 1132 5297 ac
1155 5245 1381 5313 proinde
1413 5244 1743 5301 reddendum
1770 5243 1829 5301 ut
1854 5266 1959 5302 non

383 5317 606 5387 dicam;
655 5309 749 5369 ubi
797 5312 850 5367 id
904 5314 1047 5382 quod
1096 5309 1273 5387 majus
1319 5322 1421 5381 est,
1476 5316 1731 5387 quodque
1777 5318 1957 5387 ipsum

385 5384 665 5456 amrmare
703 5390 1047 5456 poteramus,
1076 5383 1406 5456 omittimus,
1432 5383 1568 5456 ut'id
1596 5383 1743 5456 quod
1774 5383 1957 5445 minus

383 5466 494 5519 est,
524 5450 728 5524 majori
748 5453 873 5524 jure
906 5450 1252 5509 ailirmemus.
1290 5450 1630 5523 Periphrasis
1657 5466 1777 5512 esto
1799 5458 1915 5513 haec
1942 5476 1955 5512 :

388 5523 658 5581 Verentur
687 5538 753 5578 ne
785 5523 959 5578 simus
987 5524 1252 5593 φορτικοί,
1295 5524 1341 5579 si
1373 5534 1611 5580 nostram
1656 5529 1956 5583 orationem

385 5596 727 5666 appellemus
789 5593 989 5664 grandi
1040 5595 1336 5660 vocabulo,
1367 5595 1688 5676 εὐφημίαν,
1734 5598 1958 5672 εὐχαρι-

385 5665 570 5741 «tau,
607 5662 921 5741 εὐσέϐειαν.
955 5661 1061 5741 Sed
1085 5663 1204 5741 fac,
1238 5678 1337 5720 nos
1362 5665 1486 5741 ideo
1516 5682 1619 5741 non
1658 5682 1783 5741 esse
1828 5685 1958 5741 φορ-

555 5706 570 5730 ,
607 5698 907 5718 ῠυυειυῠιιυιη
956 5698 1061 5719 υω
1098 5698 1204 5730 μου,
1239 5698 1337 5720 uua
1366 5698 1486 5721 ιυῦυ
1516 5698 1619 5721 ηυη
1658 5698 1781 5723 ῠθδσ
1828 5698 1958 5730 ψυμ-

288 5772 292 5777 .
383 5733 607 5809 τικούς,
657 5742 715 5809 at
759 5736 921 5809 certe
950 5732 1029 5809 nil
1085 5732 1169 5809 his
1225 5734 1687 5809 appellationibus
1734 5732 1957 5809 dignum

387 5804 558 5859 habet
584 5806 778 5874 oratio.
813 5803 1067 5857 Eamdem
1101 5805 1208 5858 vim
1241 5803 1381 5874 apud
1411 5804 1635 5863 Latinos
1676 5803 1838 5865 habct
1870 5823 1956 5872 ne,

384 5874 475 5929 vel
502 5886 563 5929 ut
584 5891 710 5930 non.
739 5873 969 5928 Βειιοιςι..

718 5968 983 6029 ΡΑτιιοι..
1027 5968 1140 6030 Gn.
1180 5970 1258 6030 Χ.

2062 4683 2429 4754 libentiusque
2458 4682 2778 4754 praeteribo;
2812 4692 3188 4738 verumtamen
3220 4685 3462 4740 nondum
3495 4686 3631 4741 mihi

2155 4899 2244 4971 69)
2285 4899 2665 4971 Ποιούμενος.
2697 4892 3042 4971 Ilmschelius
3073 4896 3397 4971 ποιούμενοι.

2155 4901 2221 4955 69
2285 4901 2665 4968 Ποιούμενος.
2698 4901 3042 4954 Hmschelius
3073 4901 3397 4971 ποιούμενοι.

2132 4901 2262 5045 (70)-
2295 4967 2500 5037 Ἐπῆν,
2543 4968 2886 5045 συμϐαλών.
2942 4970 3065 5024 Ἐπὶ
3112 4971 3236 5025 νοῦν
3284 4970 3461 5041 βαλών
3500 4968 3630 5045 legit

2064 5040 2446 5117 Ca‘saubqnus,
2478 5041 2722 5117 utﬁpaulo
2755 5048 2898 5117 post.

2131 5111 2244 5182 (71)
2288 5108 2488 5182 Τοῦτο.
2524 5108 3006 5182 Ωιι-εευὶιηλτούτφ.

2111 5178 2246 5249 ’(Ἱῖ)
2297 5179 2743 5249 Ἐπεφθέγξατο.
2766 5178 3188 5250 Ἀπεφθέγξατο,
3222 5189 3283 5236 ιιι
3309 5178 3458 5237 moi.
3492 5179 3632 5237 Βεκο

2061 5266 2183 5306 GEL.

2132 5318 2244 5404 (75)
2295 5316 2728 5404 Ἆποςξριϐἀσαι.
2776 5317 3108 5404 Hesychius:
3159 5315 3630 5404 tpOt6éC5t“jJaV-

2059 5386 2705 5459 TSt’tETat'_§th6évat.....
2738 5386 3200 5459 μαντεύσασθαι...
3230 5388 3323 5440 καὶ
3350 5386 3629 5459 φοιϐ-άσαι,

2060 5459 2285 5531 ὁμοίως.
2314 5455 2413 5531 Ubi
2438 5459 2562 5513 vide
2599 5460 2676 5515 sis
2712 5455 3052 5514 eruditorum
3087 5469 3246 5512 notas
3272 5455 3415 5527 apud
3457 5455 3629 5512 Joan-

2061 5529 2183 5584 nem
2206 5529 2431 5582 Alberti.

2132 5597 2249 5670 (74)
2297 5594 3076 5670 haoxéovaa._ﬂmschelius,
3119 5597 3418 5670 ἀπέχουσα.
3453 5596 3632 5652 Caele-

2062 5667 2181 5724 rut'n
2227 5667 2405 5738 άποχή
2447 5668 2611 5721 etiam
2648 5667 2978 5739 distantiam
3004 5667 3294 5739 signiﬁcat.
3330 5667 3409 5721 Ex
3437 5682 3503 5723 eo
3531 5681 3633 5721 au-

2062 5748 2167 5793 tem
2204 5753 2271 5791 an
2306 5736 2487 5808 valeat,
2509 5736 2748 5808 ἀποχέω,
2783 5736 3077 5808 νίιίειιιὶιιηὶ
3103 5748 3205 5808 est.
3250 5736 3484 5792 BENGEL.

2089 5808 2244 5931 ΑΠ’»)
2293 5808 2388 5930 ’ξκ
2416 5805 2527 5875 τῆς
2553 5804 2873 5875 Alﬁ-WW-
2940 5806 3035 5860 Ἐκ
3076 5807 3203 5879 γῆς,
3245 5810 3377 5878 quia
3413 5804 3631 5864 additur

2089 5895 2104 5907 -
2167 5894 2288 5931 εωε.
2352 5892 2405 5931 o.

2064 5892 2288 5941 πόλεως.
2326 5892 2405 5931 to.

3266 5971 3344 6031 3h-
