4090 6408
496 393 635 450 1067

1590 399 1646 455 S.
1688 395 2014 453 GREGORII
2056 395 2557 456 THAUMATURGI

3590 403 3727 460 ωας

490 520 600 574 huc
634 516 883 573 veniendi
914 524 969 571 et
1002 532 1125 572 cum
1173 518 1291 572 viro
1322 519 1706 589 congrediendi
1735 534 1902 575 causa
1928 518 2043 574 adet

2166 521 2462 588 ἀναγκαῖον
2489 518 2557 591 ἦν
2588 523 2710 576 ὅσον
2744 522 2855 593 (7G)
2890 523 2978 577 ἐπὶ
3001 526 3111 589 τοῖς
3148 524 3331 595 νόμοις
3359 523 3536 595 ἡμῶν,
3570 525 3726 580 δυναο

489 612 801 667 necessaria
840 622 977 675 erat,
1009 626 1121 682 qua
1162 626 1379 681 possem
1410 628 1506 681 per
1546 614 1690 682 leges
1728 620 1945 668 nostras
1989 612 2058 666 ad

489 704 861 760 Romanorum
892 704 1159 761 civitatem
1182 703 1474 775 proficisci.
1519 701 1638 769 Quo
1679 718 1811 775 ergo
1837 703 2054 758 tandem

488 797 652 852 modo
697 797 749 850 id
782 810 1104 852 concessum
1151 796 1275 851 est?
1322 794 1550 849 Allinem
1611 810 1818 863 meum,
1848 796 2057 851 sororis

488 906 624 946 mea:
695 890 908 955 virum,
965 887 1267 945 Palazstinze
1348 895 1464 943 tum
1512 903 1735 958 praeses,
1769 903 2056 943 assumens

489 990 728 1049 repente,
783 981 1074 1049 solumque
1108 987 1162 1034 et
1197 978 1427 1033 invitum
1463 993 1493 1033 a
1525 977 1756 1049 conjuge
1793 978 2051 1043 avellens,

487 1072 597 1127 huc
634 1072 881 1138 adduxit,
923 1071 1127 1126 auxilio
1172 1071 1275 1140 ipsi
1317 1070 1587 1136 futurum,
1622 1070 2053 1126 administratio-

492 1164 690 1234 nisque
743 1163 863 1233 ejus
927 1178 1088 1218 curas
1146 1162 1595 1233 participaturum
1648 1179 1661 1214 :
1703 1162 2053 1234 jurisperitus

485 1256 629 1310 enim
657 1264 793 1321 erat,
825 1264 879 1308 et
905 1252 1138 1309 fortasse
1165 1253 1341 1309 adhuc
1370 1262 1472 1308 est.
1502 1252 1606 1320 Qui
1636 1269 1744 1308 una
1774 1269 1898 1308 cum
1934 1255 2052 1324 ipso

485 1345 781 1417 profectus,
820 1361 1045 1401 uxorem
1078 1361 1109 1399 a
1137 1361 1244 1419 qua
1278 1346 1522 1415 separari
1562 1361 1621 1401 se
1651 1363 1794 1418 aegre
1823 1347 2049 1415 ferebat,

486 1440 629 1494 haud
662 1440 833 1495 multo
866 1447 988 1508 post
1019 1448 1300 1493 evocatam
1339 1447 1679 1508 recepturus,
1711 1450 1765 1493 et
1796 1455 1897 1494 nos
1926 1456 2050 1496 cum

483 1531 575 1587 illa
600 1532 765 1589 simul
789 1530 1425 1595 attracturus,discessit.
1466 1529 1656 1584 Statim
1686 1546 1834 1603 ergo,
1867 1532 2051 1587 nescio

482 1623 760 1693 quomodo
792 1622 947 1677 nobis
982 1623 1313 1694 peregrinari
1342 1620 1585 1692 quidem,
1612 1621 1705 1676 sed
1732 1623 1840 1676 alio
1868 1625 2050 1692 potius

480 1730 645 1785 quam
699 1713 768 1768 ad
820 1715 935 1769 haec
982 1714 1099 1768 loca
1146 1729 1370 1785 pergere
1423 1714 1832 1784 cogitantibus,
1893 1715 2049 1771 miles

480 1806 655 1862 adfuit
683 1820 808 1860 cum
842 1804 1133 1872 mandatis,
1164 1812 1223 1859 ut
1250 1819 1494 1859 sororem
1520 1804 1736 1873 quidem
1774 1805 1842 1858 ad
1870 1805 2046 1858 virum

480 1906 768 1952 venturam
788 1933 803 1960 ,
836 1912 936 1951 nos
960 1910 1090 1949 vero
1119 1911 1242 1950 cum
1278 1896 1366 1949 illa
1394 1896 1494 1950 viae
1522 1896 1701 1950 socios
1728 1894 2044 1950 deduceret:

479 1989 882 2059 gratilicaturos
911 1987 1097 2056 utique
1124 1986 1288 2053 aﬂini,
1319 1987 1411 2042 sed
1439 1987 1611 2041 multo
1644 1986 1814 2058 magis
1840 1986 2044 2051 sorori,

480 2095 551 2134 ne
590 2086 686 2134 aut
734 2078 915 2132 minus
965 2078 1235 2144 decenter,
1276 2086 1371 2133 aut
1409 2078 1592 2133 minus
1639 2077 1870 2132 libenter
1908 2079 2045 2132 viam

479 2171 644 2227 iniret
674 2188 688 2223 :
728 2169 1043 2226 domesticis
1080 2170 1212 2240 ipsis
1249 2179 1301 2225 et
1328 2170 1574 2241 cognatis
1602 2170 1967 2233 hortantibus,
1994 2178 2049 2224 "et
2082 2186 2085 2191 '

479 2279 589 2319 non
629 2263 885 2335 exiguum
925 2263 1072 2317 aliud
1111 2263 1381 2333 quoddam
1428 2278 1608 2334 operae
1647 2264 1883 2331 pretium
1930 2261 2045 2318 fore

478 2356 972 2421 contendentibus,
1021 2354 1065 2410 si
1115 2356 1181 2410 ad
1225 2354 1567 2427 Berytiorum
1619 2356 1807 2410 urbem
1863 2354 2041 2428 legum

476 2448 589 2502 illic
633 2446 812 2502 studia
850 2446 1119 2515 peracturi
1167 2446 1493 2501 veniremus.
1547 2443 1741 2500 Omnia
1779 2460 1910 2516 ergo
1945 2461 2047 2502 nos

476 2539 800 2604 incitabant,
838 2548 953 2592 tum
985 2552 1113 2608 erga
1146 2553 1388 2592 sororem
1424 2536 1681 2603 oﬁicium,
1712 2545 1826 2591 tum
1858 2546 2042 2592 nostra

476 2631 721 2701 ipsorum
768 2629 1093 2698 disciplina;
1141 2629 1208 2684 ad
1256 2631 1398 2696 haec,
1444 2629 1602 2685 miles
1651 2629 1787 2698 ipse,
1826 2629 2044 2699 quando

475 2723 642 2792 hujus
659 2737 876 2793 quoque
893 2721 1138 2777 facienda
1168 2730 1252 2776 est
1281 2722 1506 2785 mentio,
1526 2720 1837 2776 facultatem
1864 2720 2044 2776 ferens

474 2816 712 2886 plurium
740 2830 901 2884 quam
931 2829 1067 2884 opus
1096 2822 1240 2877 erat,
1273 2813 1613 2883 publicorum
1647 2814 2041 2878 vehiculorum,

472 2915 529 2962 et
559 2906 785 2977 majoris
816 2905 1029 2959 numeri
1072 2904 1315 2976 symbolo
1348 2920 1511 2973 quam
1545 2920 1642 2974 pro
1676 2905 1791 2959 sola
1832 2920 2039 2960 sorore.

475 2997 653 3068 Atque
690 2998 806 3053 haec
832 2997 1051 3067 quidem
1094 2999 1148 3050 in
1189 3004 1415 3066 aperto;
1449 3012 1647 3051 arcana
1697 3007 1902 3058 autem,
1947 2995 2042 3051 sed

474 3090 685 3144 veriora
728 3107 742 3142 :
785 3087 1208 3142 communicatio
1249 3102 1375 3142 cum
1417 3088 1519 3143 hoc
1545 3087 1685 3153 viro,
1716 3103 1845 3143 vera
1877 3086 2040 3142 Verbi

2160 614 2251 666 τὸν
2284 612 2342 666 ὃν
2387 616 2481 668 καὶ
2518 615 2610 668 ἐπὶ
2659 617 2757 688 τὴν
2823 616 3104 686 Ῥωμαίων
3151 615 3500 686 ἀποδημῆσαι
3530 615 3722 669 ·πόλιν.

2160 705 2283 770 Πῶς
2306 702 2396 760 οὖν
2422 708 2516 761 καὶ
2545 707 2700 761 τοῦτο
2733 707 3081 780 ὲξεπορίσθη;
3111 709 3396 780 Κηδεστήν
3430 725 3533 779 μου
3558 708 3727 781 ἄνδρα

2158 796 2391 868 ἀδελφῆς
2422 797 2579 869 ὲμῆςν
2614 801 2643 851 6
2677 798 2798 852 τότε
2833 800 3014 870 ἄρχων
3044 798 3153 852 τῶν
3181 798 3571 863 Παλαιστίνων,
3604 796 3725 852 τοῦ·
3792 812 3796 816 ·

2156 907 2247 942 τον
2285 888 2614 961 παραλαϐὼν
2655 889 2912 962 ἐξαίφνης
2946 890 3145 945 ἄκοντα
3191 891 3349 962 μόνον
3375 885 3750 962 ’κεχωρισμέτ

2156 998 2243 1034 νον
2277 983 2375 1056 τῆς
2405 982 2711 1053 ὁμοκοίτου,
2765 983 2972 1051 ἢγαγεν
3011 982 3271 1045 ἐνταῦθα,
3333 981 3722 1053 ωνεπιὸοηθή-

2156 1087 2317 1125 σον-τα
2374 1073 2466 1125 καὶ
2508 1072 2904 1142 κοινωνήσοντα
2951 1071 3059 1125 τῶν
3093 1071 3188 1125 τοῦ
3234 1070 3419 1135 ἔθνους
3463 1071 3723 1141 ἄρχοντος

2155 1161 2363 1213 πόνωνο
2416 1161 2635 1233 νομικὸς
2679 1161 2790 1234 γάρ
2845 1179 2927 1226 τις
2969 1156 3057 1233 ῆν,
3111 1162 3203 1216 καὶ
3254 1161 3398 1217 ἐστιν
3460 1162 3589 1225 ἴσως
3619 1162 3720 1218 ἔτι.

2159 1252 2255 1314 Ὃς
2316 1251 2378 1323 δὴ
2437 1250 2606 1306 ἐλθὼν
2672 1253 2787 1323 ἄμα
2863 1251 3011 1323 αὐτῷ
3068 1251 3257 1323 ἔμελλε
3320 1253 3418 1324 μὲν
3481 1252 3583 1305 οὐκ
3642 1254 3724 1315 εἰς
3798 1290 3801 1293 -

2156 1325 2364 1414 μακρὸν
2418 1344 2808 1414 μετάπεμπτον
2866 1343 3237 1415 ἀπολήψεσθαι
3290 1344 3386 1415 τήν
3454 1347 3721 1413 γυναῖκα,

2152 1433 2405 1505 ἐπαχθῶς
2472 1433 2638 1507 αὐτῆς
2709 1434 2805 1488 καὶ
2879 1434 3029 1488 ἄκων
3109 1434 3549 1507 κεχωρισμένος,
3627 1436 3723 1490 καὶ

2151 1526 2298 1597 ἡμᾶς
2359 1525 2415 1578 δὲ
2474 1526 2589 1597 ἅμα
2648 1527 2786 1598 αὐτῇ
2848 1524 3347 1597 συνεπισπώμενος.
3432 1526 3724 1596 Ἐξαίφνης

2149 1614 2317 1683 γοῦν,
2371 1616 2472 1668 οὐκ
2532 1610 2628 1668 οἷδ’
2679 1616 2858 1679 ὅπως,
2906 1616 3209 1686 ἀποδημεῖν
3257 1615 3377 1686 μὲν,
3430 1614 3542 1669 ἀλλ’
3600 1614 3723 1669 ἑτέ·
3768 1602 3773 1609 ἆ

2152 1708 2286 1783 ρωθί
2331 1727 2421 1763 ποι
2462 1709 2660 1780 μᾶλλον
2694 1704 2990 1781 ἀποδημεῖν
3038 1711 3181 1782 ἤπερ
3220 1709 3451 1762 ἐνταῦθα
3483 1708 3725 1762 διανοου-
3794 1756 3797 1759 .

2155 1799 2335 1869 μένοις
2361 1801 2492 1870 ἡμῖν
2517 1800 2719 1871 ἐπέστη
2755 1798 3309 1871 στρατιώτηςφέρων
3337 1798 3577 1869 ἐντολὴν,
3612 1816 3722 1853 ποι-

2151 1890 2460 1964 ραπέμπειν
2493 1893 2593 1963 μὲν
2633 1891 2728 1945 καὶ
2761 1891 3118 1956 διασώζεσθαι
3150 1892 3248 1963 τὴν
3288 1891 3523 1962 ἀδελφὴν
3563 1890 3726 1962 ἡμῶν

2147 1982 2670 2054 καταλαμϐάνουσαν
2694 1984 2788 2037 ’τὸν
2824 1983 3011 2055 ἄνδρα,
3034 1982 3185 2052 ἄγειν
3203 1983 3259 2037 δὲ
3284 1985 3376 2037 καῖ
3398 1986 3548 2055 ἡμᾶς
3574 2001 3727 2037 συνο-
3790 1988 3798 1999 ’

2144 2072 2425 2146 δοιπόρους
2456 2076 2551 2147 ἀμ’
2585 2076 2720 2147 αὐτῇ
2739 2093 2757 2106 ν
2794 2075 3186 2148 χαριουμένους
3213 2075 3311 2146 μὲν
3336 2076 3431 2129 καὶ
3457 2075 3535 2147 τῷ
3562 2075 3725 2146 κηδε-

2150 2169 2270 2238 στῇ,
2322 2168 2418 2220 καὶ
2454 2168 2687 2238 μάλιστα
2716 2171 2781 2241 τῇ
2828 2168 3028 2239 ἀδελφῇ
3074 2168 3242 2238 (ὅπως
3281 2168 3354 2239 μὴ
3387 2168 3489 2222 οὐκ
3518 2168 3724 2240 εὐσχή-

2150 2277 2265 2331 μων
2285 2278 2345 2314 τε
2368 2260 2400 2331 ἢ
2424 2260 2758 2333 ὀκνηροτέρα
2777 2262 2911 2334 πρὸς
2926 2262 3023 2332 τήν
3037 2262 3343 2334 ὁδοιπορίαν
3370 2259 3450 2333 ᾗ),
3476 2261 3721 2329 οἰκέταις

2146 2355 2329 2417 αὐτοῖς
2364 2354 2467 2419 ,καὶ
2495 2357 2608 2419 τοῖς
2648 2346 2933 2424 συγγενέσι
2964 2357 3223 2426 τιμήσασι
3244 2372 3256 2383 ·
3301 2355 3485 2423 καὶ,οὐ
3520 2347 3720 2425 μικρόν

2144 2464 2197 2499 τι
2220 2446 2404 2519 ἕτερον
2439 2447 2547 2500 τῶν
2573 2446 2846 2519 προῦργου
2885 2446 3365 2519 διαπραξαμένοις,
3412 2448 3460 2500 εἰ
3488 2446 3581 2501 ὲπὶ
3615 2448 3721 2520 τὴν

2146 2537 2424 2611 Βηρυτίων
2465 2537 2712 2609 ἔλθοιμεν
2743 2539 2919 2611 πόλιν,
2950 2541 3068 2593 ἐκεῖ
3091 2540 3153 2593 τὸ
3180 2539 3287 2593 τῶν
3321 2539 3501 2611 νόμων
3541 2538 3688 2611 μάθη
3710 2567 3721 2578 ·
3756 2602 3757 2605 η

2148 2647 2225 2701 μα
2286 2632 2686 2700 ἐκπονήσαντες
2744 2632 2878 2703 (77).
2957 2631 3143 2687 Πάντα
3194 2631 3481 2705 τοιγαροῦν
3540 2632 3717 2685 ἐκίνει

2146 2723 2311 2795 ἡμᾶς,
2338 2721 2399 2776 τὸ
2426 2723 2561 2795 πρὸς
2583 2724 2681 2795 τήν
2715 2724 2948 2798 ἀδελφήν
2982 2725 3223 2795 εὔλογον,
3243 2725 3305 2778 τὸ
3332 2724 3594 2797 ἡμέτερον
3618 2725 3723 2777 αὐ-

2142 2811 2252 2867 τῶν
2294 2813 2555 2886 μάθημα·
2587 2815 2722 2886 πρὸς
2760 2816 2817 2869 δὲ
2866 2817 2959 2871 καὶ
2994 2818 3022 2870 6
3072 2815 3413 2889 στρατιώτης
3442 2816 3586 2887 (ἐπεὶ
3619 2816 3718 2869 καὶ

2144 2902 2305 2957 τοῦτο
2355 2906 2723 2977 μνημονεῦσαι
2769 2906 2870 2978 δεῖ)
2925 2906 3107 2978 φέρων
3153 2906 3400 2973 ἐξουσίαν
3455 2905 3719 2959 πλειόνων
3763 2935 3767 2938 -

2143 2994 2249 3050 τῶν
2285 2996 2556 3069 δημοσίων
2593 2998 2882 3070 ὀχημάτων
2906 2998 3006 3069 τῆς
3037 2990 3302 3071 χρήσεως,
3331 2999 3426 3052 καὶ
3470 2997 3719 3069 σύμϐολα

2146 3089 2383 3153 πλείονος
2416 3090 2650 3161 ἀριθμοῦ
2692 3090 2849 3162 ήμῶν
2887 3091 3148 3163 μᾶλλονῆ
3183 3092 3282 3163 τῆς
3334 3089 3567 3162 ἀδελφῆς
3610 3091 3715 3162 μό-

470 3196 569 3251 per
603 3180 781 3249 ipsum
823 3178 1059 3249 cognitio
1095 3185 1149 3232 et
1186 3176 1455 3243 doctrina,
1485 3176 1790 3231 animarum
1825 3185 2039 3233 nostra-

2145 3199 2240 3252 νης
2287 3181 2463 3234 ἓνεκα.
2495 3182 2799 3254 Φαινόμενα
2839 3184 2935 3255 μὲν
2967 3183 3166 3238 ταῦτα·
3206 3184 3276 3238 τὰ
3323 3183 3381 3237 δὲ
3423 3184 3498 3254 μή
3531 3183 3718 3253 φαινό-

472 3287 595 3326 rum
640 3270 886 3336 utilitas,
934 3269 1001 3324 ad
1036 3269 1264 3324 salutem
1311 3284 1411 3323 nos
1444 3269 1794 3324 cmeutierntes
1822 3270 2039 3339 quidem

471 3373 526 3417 et
572 3364 826 3433 ignaros,
878 3360 971 3416 sed
1017 3369 1197 3414 tamen
1241 3358 1467 3413 salutari
1510 3359 1741 3413 consilio
1788 3360 2038 3415 ducebat.

473 3457 656 3523 Quare
704 3469 811 3508 non
861 3453 1039 3517 miles,
1084 3453 1177 3507 sed
1218 3451 1435 3506 divinus
1466 3450 1688 3521 quidam
1720 3451 1822 3506 via:
1858 3467 2042 3508 comes

471 3557 528 3604 et
569 3549 830 3602 deductor
888 3546 1065 3600 bonus
1112 3553 1276 3614 atque
1322 3552 1539 3611 custos,
1592 3544 1687 3615 qui
1733 3560 1830 3614 per
1874 3554 2042 3598 totam

472 3641 616 3694 hanc
653 3638 842 3701 vitam,
875 3645 1132 3705 tauquam
1166 3651 1259 3704 per
1294 3636 1512 3706 longam
1549 3636 2040 3707 peregrinationem

368 3742 379 3753 '
476 3746 578 3785 nos
622 3727 894 3795 custodit;
948 3736 1061 3780 tum
1110 3727 1212 3781 alia
1257 3726 1594 3796 prteteriens,
1636 3734 1748 3780 tum
1787 3725 2043 3798 Berytum

473 3834 639 3891 quam
678 3827 868 3890 optare
925 3817 1165 3873 maxime
1216 3816 1568 3888 putabamur,
1603 3809 1711 3872 h'ue
1757 3832 1860 3873 nos
1895 3827 2042 3873 recta

467 3914 762 3985 perductos
805 3911 896 3966 hie
939 3910 1270 3966 collocavit:
1308 3894 1489 3965 omnia
1541 3909 1747 3965 faciens
1787 3924 2043 3965 movens-

470 4019 599 4075 que,
631 4002 807 4072 quoad
837 4000 986 4056 omni
1016 4015 1112 4055 nos
1142 4015 1242 4069 ope
1269 4015 1393 4054 cum
1423 4000 1526 4054 hoc
1556 3997 1851 4053 multorum
1882 3998 2041 4053 nobis

472 4098 739 4151 bonorum
788 4103 1011 4150 auclore
1059 4094 1356 4164 colligaret.
1415 4090 1483 4145 Et
1524 4092 1613 4146 ille
1661 4089 1904 4162 quidem,
1946 4091 2040 4160 qui

469 4178 668 4246 horum
696 4206 863 4246 causa
893 4195 1137 4255 venerat,
1176 4201 1365 4242 curam
1404 4185 1534 4240 huic
1572 4183 1793 4239 tradens
1822 4183 2039 4239 divinus

468 4283 716 4352 angelus,
760 4282 852 4337 hic
890 4279 1124 4336 fortasse
1166 4276 1507 4347 conquievit,
1552 4290 1660 4329 non
1702 4275 1888 4329 labore
1931 4275 2040 4330 ullo

471 4376 554 4429 vel
583 4376 832 4430 molestia
881 4373 1088 4430 fractus
1132 4370 1487 4453 (infatigabile
1513 4376 1597 4424 est
1633 4368 1778 4423 enim
1823 4368 2041 4423 divino-

468 4482 592 4521 rum
643 4466 1017 4521 ministrorum
1068 4464 1300 4536 genus);
1357 4462 1450 4517 sed
1498 4460 1626 4532 quia
1666 4460 1889 4535 tradidit
1939 4475 2040 4514 nos

2148 3291 2279 3345 μενα
2311 3273 2429 3344 μὲν,
2465 3274 2799 3347 ἀληθέστερα
2839 3275 2929 3341 δὲ,
2962 3277 2994 3347 ή
3032 3275 3167 3348 πρὸς
3207 3277 3297 3328 τὸν
3335 3275 3504 3343 ἀνδρα
3525 3273 3719 3328 τοῦτον
3798 3312 3803 3317 τ

2145 3367 2416 3431 κοινωνία,
2449 3367 2546 3439 τήν
2578 3367 2750 3440 ἀληθῆ
2774 3368 2840 3422 δι’
2865 3369 3029 3422 αὐτοῦ
3055 3369 3165 3440 (78)
3192 3369 3320 3441 περὶ
3346 3368 3415 3422 τὰ
3445 3366 3538 3421 τοῦ
3554 3367 3716 3437 λόγου

2147 3458 2468 3530 μαθήματα,
2500 3461 2532 3529 ἡ
2582 3459 2689 3513 τῶν
2725 3460 2929 3533 ψυχῶν⁴
2960 3460 3116 3532 ήμῶν
3147 3459 3384 3531 ὠφέλεια
3412 3461 3496 3524 εἰς
3542 3477 3719 3532 σωτη-

2145 3548 2286 3620 ρίαν,
2335 3544 2469 3619 ἦγεν
2514 3551 2661 3620 ἡμᾶς
2708 3550 2801 3603 ἐπὶ
2833 3550 2981 3615 τάδε,
3035 3550 3439 3621 τυφλώττοντας
3486 3550 3585 3623 μὲν
3618 3547 3718 3604 καὶ

2143 3640 2244 3693 οὐκ
2274 3640 2499 3707 εἰδότας,
2534 3642 2890 3715 σωτηριωδῶς
2931 3643 2989 3696 δὲ
3018 3645 3169 3714 ἡμῖν.
3206 3642 3508 3715 Τοιγαροῦν
3548 3642 3646 3713 οὐχ
3685 3640 3719 3695 6

2143 3731 2505 3805 στρατιώτης,
2544 3734 2683 3800 θεῖος
2727 3734 2785 3788 δέ
2821 3753 2905 3800 τις
2952 3735 3328 3805 συνοδοιπόρος
3367 3734 3461 3789 καὶ
3498 3731 3718 3805 πομπὸς

2144 3823 2348 3894 ἀγαθὸς
2394 3826 2488 3879 καὶ
2539 3826 2730 3897 φύλαξ.
2763 3828 2791 3881 6
2836 3828 2922 3883 διὰ
2957 3829 3158 3892 παντὸς
3197 3827 3291 3882 τοῦ
3328 3827 3442 3899 βίου
3484 3826 3716 3892 τούτου,

2143 3914 2331 3989 ὥσπερ
2382 3921 2599 3991 μακρᾶς
2661 3920 2966 3992 ὁδοιπορίας
3008 3920 3283 3986 διασώζων
3319 3922 3496 3993 ἡμᾶς,
3543 3938 3721 3994 παρα-

2146 4008 2479 4080 μειψάμενος
2502 4011 2573 4065 τά
2593 4027 2651 4065 τε
2675 4011 2829 4078 ἄλλα,
2854 4013 2949 4066 καὶ
2974 4013 3072 4085 τὴν
3097 4014 3359 4086 Βηρυτὸν,
3386 4009 3455 4086 ἦς
3481 4013 3721 4084 μάλιστα.

2141 4099 2318 4172 ὁρμᾷν
2367 4102 2598 4156 ἐνταῦθα
2631 4103 2907 4176 ᾠήθημεν,
2965 4104 3201 4160 ἐνταῦθα
3239 4105 3418 4176 φέρων
3452 4106 3721 4175 κατεστή-

2145 4207 2293 4257 σατο,
2331 4194 2508 4248 πάντα
2540 4195 2709 4249 ποιῶν
2738 4197 2833 4251 καὶ
2855 4197 3041 4262 κινῶν,
3064 4198 3179 4260 ἕως
3216 4196 3365 4269 πάσῃ
3396 4197 3610 4267 μηχανῇ
3634 4194 3720 4265 τῷ

2141 4283 2251 4338 τῶν
2282 4285 2489 4341 πολλῶν
2532 4289 2662 4359 ήμῖν
2705 4289 2926 4359 ἀγαθῶν
2967 4289 3122 4361 αἰτίῳ
3156 4289 3330 4360 τούτῳ
3371 4288 3715 4361 συνδήσεται.

2141 4373 2252 4428 Καὶ
2276 4376 2304 4429 6
2338 4376 2435 4447 μὲν
2463 4377 2549 4432 διὰ
2570 4379 2837 4434 τοσούτων
2860 4379 3027 4435 ἐλθὼν
3055 4379 3153 4451 τὴν
3185 4380 3495 4451 οἰκονομίαν
3534 4396 3720 4450 παρα-

2139 4465 2315 4532 διδοὺς
2346 4469 2520 4544 τούτῳ
2544 4474 2573 4525 6
2600 4471 2741 4537 θεῖος
2768 4473 3016 4543 ἄγγελος,
3046 4474 3280 4529 ἐνταῦθά
3305 4490 3405 4527 που
3440 4474 3535 4527 καὶ
3580 4474 3719 4536 ἴσως

470 4558 702 4623 homini,
748 4557 843 4628 qui
883 4572 1097 4612 omnem
1143 4570 1264 4625 quve
1307 4552 1548 4609 adhiberi
1593 4558 1804 4622 poterat
1849 4550 2035 4621 provi»

2145 4538 2508 4629 ἀνεπαύσατο,
2540 4565 2640 4635 οὐχ
2664 4566 2769 4620 ὑπὸ
2797 4538 3043 4638 καμάτου
3076 4566 3279 4637 τινὸςῆ
3321 4565 3517 4637 μόχθου
3553 4563 3719 4635 (ἀκά-

471 4651 713 4706 dentiam
747 4664 1047 4719 curamque
1075 4657 1220 4703 esset
1243 4646 1578 4716 expleturus.

2149 4665 2316 4719 ματον
2345 4653 2453 4726 γὰρ
2476 4655 2537 4709 τὸ
2561 4656 2668 4710 τῶν
2689 4657 2848 4712 θείων
2875 4657 3205 4730 λειτουργῶν
3235 4656 3448 4729 γένος),
3489 4655 3605 4711 ἀλλ’
3625 4654 3717 4712 ὃτι

471 4734 785 4811 πάρέδωκεν
824 4738 1113 4812 ἀνθρώπῳ,
1164 4740 1363 4801 πᾶσαν,
1406 4737 1454 4788 εἰ
1496 4733 1734 4798 δυνατὸν,
1770 4735 2024 4803 πρόνοιαν
2050 4736 2144 4790 καὶ
2174 4739 2488 4812 ἐπιμέλειαν
2521 4745 2909 4820 ἀποπλήσοντι.

542 4834 632 4890 Vl.
680 4833 774 4888 llle
814 4847 946 4887 vero
988 4839 1271 4900 susceptos
1312 4844 1343 4883 a
1382 4829 1558 4899 prima
1612 4828 1701 4883 die
1747 4841 1869 4898 quae
1906 4840 2032 4881 vere

471 4928 605 4985 mihi
637 4926 812 4997 prima
842 4924 1037 4987 illuxit,
1072 4923 1341 4988 omnium,
1373 4923 1420 4978 si
1460 4921 1567 4976 dici
1604 4920 1783 4986 debet,
1822 4917 2036 4973 dierum

472 5022 605 5075 mihi
665 5015 1082 5082 honestissima,
1129 5015 1347 5086 quando
1403 5013 1535 5069 mihi
1590 5012 1828 5083 primum
1874 5024 2037 5064 verus

470 5108 675 5165 exoriri
723 5107 809 5162 sol
852 5105 1056 5177 coepit,
1108 5103 1376 5175 principio
1419 5116 1518 5156 ceu
1568 5100 1711 5156 feras
1767 5095 2036 5171 quasdam

529 5336 641 5407 ('76)
678 5335 870 5391 Οὐδὲν
981 5335 1152 5392 ὅσον.
1175 5336 1339 5393 Ὅσον
1362 5345 1448 5394 est
1469 5336 1759 5407 παρέλκον,
1784 5347 1843 5393 ut
1866 5338 2023 5396 solet.

460 5405 688 5479 Barcen.
710 5437 782 5447 —
811 5407 1015 5462 Sensus
1039 5416 1141 5479 est,
1174 5407 1229 5461 ni
1254 5408 1427 5471 fallor,
1456 5405 1658 5463 nullam
1687 5409 1736 5463 ei
1762 5409 1918 5479 fuisse
1944 5426 2028 5463 ne-

458 5477 753 5549 cessitatem
801 5478 1177 5549 huciueniendi
1198 5517 1213 5540 ,
1255 5479 1484 5549 discendi
1530 5479 1663 5549 leges
1711 5477 1871 5533 causa
1915 5481 2028 5549 (ἐπὶ

457 5547 573 5668 iege
812 5546 1012 5617 ἡμῶν),
1043 5549 1299 5617 siquidem
1320 5548 1542 5602 Romam
1560 5545 1728 5619 posset
1749 5545 2024 5619 proﬁcisci.

539 5684 648 5753 (77)
707 5682 1205 5751 Ἐκπονήσαντες.
1260 5683 1610 5741 Casaubonus
1631 5727 1647 5753 ,
1709 5689 2025 5760 ἑκποιήσον-

461 5770 645 5898 “iis;
683 5823 799 5898 Τὴν
825 5823 1052 5898 ἀληθῆ,
1080 5823 1165 5898 δι’Δ
1185 5826 1662 5898 αὐτοῦηΕἰιίρείε,
1695 5829 1878 5898 quales
1906 5829 2027 5896 illze,

462 5893 737 5964 τηνὰλλως
769 5894 875 5967 (cui
898 5893 1056 5966 plane
1081 5893 1291 5951 videtur
1323 5912 1354 5951 a
1383 5893 1636 5968 Gregorio
1665 5893 1783 5956 esse
1813 5893 2033 5968 opposi-

2214 4834 2303 4899 εἶ’.
2354 4833 2413 4888 ’0
2449 4835 2495 4889 δ’
2540 4835 2936 4911 ὑποδεξάμενος
2975 4838 3033 4906 ἐξ
3071 4839 3287 4914 ἡμέρας
3321 4837 3424 4909 τῆς
3455 4837 3707 4911 πρώτης.

2144 4928 2264 5001 (τῆς
2296 4929 2463 4995 ὅντως
2497 4931 2619 5002 ἐμοὶ
2656 4930 2898 5005 πρώτης,
2929 4932 3029 5003 τῆς
3055 4932 3390 5003 τιμιωτάτης
3420 4931 3631 4996 πασῶν,
3660 4933 3716 4985 εἰ

2144 5024 2226 5077 δεῖ
2254 5022 2452 5092 λέγειν,
2480 5022 2724 5095 ἡμερῶν,
2752 5023 2841 5076 ἅτε
2879 5039 2967 5092 μοι
2996 5022 3208 5094 πρῶτον
3234 5024 3262 5076 6
3293 5021 3544 5092 ἀληθινὸς
3578 5024 3716 5076 ἀνα-

2146 5117 2347 5172 τέλλειν
2403 5116 2550 5190 ἥλιος
2593 5116 2834 5189 ἤρξατο),
2873 5114 3089 5186 πρῶτον
3146 5112 3460 5186 μὲνῶσπερ
3534 5114 3717 5188 θῆράς

2129 5348 2247 5423 tum
2287 5340 2387 5413 τὴν
2431 5343 2660 5423 ἀληθῆ),
2688 5343 2788 5423 τὴν
2817 5346 3046 5423 ἑαυτοῦ,
3079 5349 3181 5423 τὴν
3226 5348 3365 5423 ἐμήν
3411 5350 3571 5422 μίαν,
3604 5352 3711 5423 τὴν

2131 5412 2387 5493 πρώτην,
2413 5412 2544 5493 ,τῂν
2595 5412 2890 5493 ταχίστηνι
2945 5419 3037 5493 _u_b_i
3095 5412 3423 5475 subauditur
3473 5412 3706 5493 μερίδά,

2130 5481 2373 5556 γνώμην,
2404 5481 2563 5556 ὁδόν,
2586 5481 2702 5540 aut"
2724 5481 2829 5556 tale
2869 5487 3122 5556 quiddam
3152 5506 3166 5542 :
3198 5504 3427 5556 quorum
3457 5481 3706 5546 omnium

2131 5554 2374 5630 exempla
2422 5554 2704 5630 continent
2744 5554 3028 5630 Lamberti
3065 5558 3168 5630 Bos
3215 5554 3437 5630 Είίὶρεεε
3483 5561 3704 5617 Graecae.

2131 5620 2450 5701 Casatibono
2477 5624 2721 5701 placebat
2752 5627 2846 5701 negl.
2872 5626 3069 5701 ἀληθῆἶ
3096 5628 3155 5701 _Si
3193 5620 3401 5685 mutato
3427 5647 3564 5701 Opus
3592 5639 3705 5697 est,

2132 5692 2348 5774 mallem
2375 5692 2445 5774 τά
2477 5692 2684 5774 ἀληθῆ)
2728 5696 2931 5774 scilicet
2961 5692 3563 5774 ’μαθήματαηπερὶίτὰ
3601 5692 3704 5774 τοῧ

2133 5760 2314 5844 λόγου.
2362 5762 2535 5817 Αὐτοῦ
2566 5760 2821 5844 "refertur
2849 5768 2916 5844 ad
2946 5760 3200 5844 ‘milite'm,
3231 5760 3338 5844 qui
3362 5760 3565 5844 inscius
3599 5769 3709 5840 τὴν

2135 5829 2328 5913 ἀληθῆ,
2358 5849 2548 5913 νει-ατε
2569 5834 2802 5907 (viam),
2835 5838 3013 5906 duxit,
3046 5848 3105 5894 ut
3141 5829 3263 5895 cum
3303 5838 3532 5912 Origene
3563 5829 3708 5895 cori—

2130 5904 2467 5969 jungeretur.
2509 5904 2735 5961 Emicat.
