4090 6376
1509 368 1576 424 IN
1613 367 1966 425 ORIGENEM
2002 366 2262 423 ORATIO
2300 369 2762 431 PANEGYRICA.

3609 374 3755 431 1070

506 476 660 565 τινας
693 484 916 559 ἀγρίους
944 486 979 557 ἢ
1022 485 1227 558 ῐχθύας,
1259 486 1293 557 ή
1327 502 1477 550 τινας
1516 486 1714 559 ὅρνεις,
1743 485 2081 558 ἐμπεσόντας

2184 496 2443 557 agrestes,
2475 495 2570 543 aut
2592 487 2792 558 pisces,
2824 495 2920 542 aut
2944 501 3093 551 aves,
3123 485 3180 541 in
3219 487 3357 542 retia
3379 486 3465 543 vel
3493 502 3753 560 sagenam

474 616 477 619 -
512 578 614 649 μὲν
646 580 726 642 είς
758 583 857 643 τὰς
883 580 1055 649 ἄρκυς
1082 579 1115 651 ἢ
1150 580 1231 643 είς
1267 579 1367 643 τὰς
1395 579 1658 652 σαγήνας,
1692 577 2076 643 ὲξολισθαίνειν

507 669 568 722 δὲ
602 669 698 724 καὶ
716 671 1127 743 ἀποδιδράσκειν
1147 670 1539 744 πειρωμένους,
1578 673 1882 743 ἀναχωρεῖν
1896 689 1956 725 τε
1977 672 2076 726 ἀπ’

508 762 678 816 αὐτοῦ
730 762 1087 834 βουλομένους
1149 764 1241 816 ἐπὶ
1300 763 1398 835 τὴν
1443 750 1691 836 Βηρυτὸν
1736 765 1769 836 ἢ
1822 763 1916 818 ἐπὶ
1978 764 2078 836 τὴν

508 854 768 926 πατρίδα,
807 855 1168 927 συνδήσασθαι
1201 855 1378 910 πάντα
1424 858 1622 928 τρόπον
1656 858 2073 928 ἐμηχανήσατοσ

508 946 719 1010 πάντας
740 946 930 1015 λόγους
960 947 1228 1021 στρέφων,
1262 948 1357 1001 καὶ
1388 946 1562 1001 πάντα
1594 946 1774 1001 κάλων
1807 946 1996 1019 (τοῦτο
2013 945 2079 1019 δὴ

315 1036 325 1077 ’ν
416 1087 419 1091 4
506 1035 573 1090 τὸ
600 1037 693 1091 τοῦ
726 1037 908 1108 λόγου)
957 1037 1145 1103 κινῶν,
1181 1039 1275 1093 καὶ
1301 1039 1481 1103 πάσας
1502 1039 1599 1103 τὰς
1626 1038 1882 1110 δυνάμεις
1910 1036 2077 1093 αὐτοῦ

410 1200 415 1211 ι
509 1132 1014 1203 προχειριζόμενος·
1053 1131 1287 1185 ἐπαινῶν
1325 1131 1423 1202 μὲν
1462 1131 1776 1202 φιλοσοφίας
1824 1130 2075 1204 ἐραστὰς,

512 1225 743 1295 μακροῖς
763 1225 873 1286 τοῖς
889 1223 1128 1286 ἐπαίνοις
1148 1225 1241 1276 καὶ
1262 1223 1473 1287 πολλοῖς
1492 1226 1605 1287 τοῖς
1624 1240 1684 1276 τε
1709 1225 2044 1296 προσήκουσι
2058 1240 2074 1256 ο

509 1314 732 1377 τούτους
764 1314 954 1385 μόνους
984 1314 1082 1386 ζῇν
1116 1315 1284 1380 ὅντως
1312 1315 1404 1369 τὸν
1451 1315 1687 1384 λογικοῖς
1732 1317 2079 1388 προσήκοντα

448 1418 455 1423 '
508 1407 646 1486 βίον,
672 1405 865 1475 λέγων,
890 1408 1017 1470 τοὺς
1041 1406 1215 1479 ὀρθῶς
1244 1406 1390 1477 βιοῦν
1403 1407 1835 1478 ἐπιτηδεύοντας,
1854 1407 2081 1471 ἑαυτούς

507 1518 567 1554 τε
584 1498 967 1569 γινώσκοντας,
993 1499 1206 1571 πρῶτον
1225 1499 1419 1564 οἵτινές
1440 1502 1565 1564 είσι,
1579 1499 1811 1554 κᾶπειτα
1826 1500 1892 1554 τὰ
1914 1499 2082 1563 ὅντως

508 1593 692 1662 ἀγαθά
727 1593 764 1647 ἀ
799 1576 1150 1664 μεταδιώκειν
1195 1592 1479 1664 ἄνθρωπον
1503 1593 1610 1665 χρὴ
1634 1593 1728 1646 καὶ
1759 1592 1829 1647 τά
1867 1591 2083 1665 ἀληθῶς

511 1677 740 1737 κακάὧν
752 1681 1072 1753 ἀποτρέχειν
1089 1681 1187 1735 δεῖ·
1205 1680 1385 1750 ψέγων
1394 1681 1452 1735 δὲ
1467 1682 1565 1752 τὴν
1582 1680 1940 1752 ἀμαθίαν,κώ⁵
1957 1680 2082 1735 πάν-

507 1792 606 1839 τας
617 1776 743 1838 τούς
758 1775 794 1828 ἀ
800 1773 1008 1845 μαθεῖςο
1029 1773 1211 1827 πολλοὶ
1220 1774 1277 1827 δὲ
1287 1766 1433 1827 οὗτοι
1449 1774 1565 1826 ὅσοι
1576 1773 1606 1826 θ
1615 1790 1671 1844 ρε
1680 1772 1909 1845 μμάτων
1923 1772 2082 1843 δίκην

404 1867 409 1873 ’
507 1865 908 1940 τυφλώττοντες
935 1865 1024 1918 τὸν
1055 1864 1202 1929 νοῦν,
1237 1865 1345 1919 οὐδ’
1392 1865 1523 1918 αὐτὸ
1566 1865 1724 1918 τοῦτο
1762 1866 1900 1937 ὅπερ
1940 1866 2076 1919 εἰσὶν

447 1956 452 1960 ’
508 1958 836 2028 ἐγνωκότες,
870 1956 1057 2032 ὥσπερ
1108 1958 1289 2026 ἄλογοι
1334 1957 1770 2029 πεπλανημένοι,
1810 1957 2012 2027 ἀγαθὸν
2040 1959 2074 2029 ἢ

508 2050 678 2105 κακὸν
702 2050 730 2103 ὅ
759 2050 811 2102 τί
844 2051 973 2103 ποτέ
1004 2052 1171 2115 ἐστιν,
1194 2049 1334 2113 ὅλως
1364 2048 1488 2103 οὔτε
1523 2049 1720 2114 εἰδότες
1747 2050 1929 2114 αὐτοὶ,
1953 2048 2077 2103 οὔτε

510 2142 701 2215 μαθεῖν
731 2142 1005 2208 θέλοντες,
1026 2143 1100 2207 ὡς
1137 2144 1229 2197 ἐπὶ
1257 2142 1457 2211 ἀγαθὸν
1481 2142 1696 2215 ᾄττουσι
1729 2144 1822 2196 καὶ
1851 2143 2078 2214 ἐπτόην-

507 2252 619 2299 ται,
653 2235 909 2307 χρήματα
941 2233 1050 2305 (79)
1076 2235 1176 2287 ’καὶ
1198 2232 1356 2297 δόξας
1389 2250 1483 2286 και
1507 2231 1673 2304 τιμὰς
1708 2231 1808 2295 τὰς
1836 2229 1944 2286 ἀπὸ
1967 2231 2078 2285 τῶν

509 2326 719 2380 πολλῶν
744 2327 838 2380 καὶ
866 2328 966 2398 τὴν
1000 2325 1097 2379 τοῦ
1137 2324 1383 2396 σώματος
1415 2324 1627 2391 εὐεξίαν
1651 2341 1666 2354 '
1702 2324 1841 2380 αὐτά
1865 2341 1925 2378 τε
1952 2324 2080 2396 περὶ

509 2416 704 2472 πολλοῦ
743 2418 837 2472 καὶ
879 2416 975 2470 τοῦ
1013 2407 1213 2480 παντὸς
1254 2416 1557 2486 τιθέμενοι,
1605 2416 1701 2470 καθ⁸
1730 2416 1839 2469 τῶν
1874 2415 2079 2487 τεχνῶν

508 2513 650 2566 ὅσαι.
679 2510 850 2565 ταῦτα
898 2509 1279 2582 ἐκπορίζεσθαι
1330 2509 1622 2573 δύνανται,
1660 2510 1754 2563 καὶ
1793 2509 1901 2562 τῶν
1949 2509 2079 2579 βίων

509 2606 623 2658 ὅσοι
665 2604 838 2658 ταῦτα
865 2603 1228 2676 παρέξονται,
1266 2604 1522 2675 στρατιὰς
1549 2605 1644 2658 καὶ
1671 2605 1769 2676 τὴν
1800 2603 2079 2675 δικανικὴν

427 2770 433 2775 θ
510 2698 607 2752 καὶ
649 2697 955 2769 ὲκμάθησιν
994 2696 1093 2768 τὴν
1134 2697 1240 2749 τῶν
1286 2697 1497 2768 νόμων·
1547 2695 1702 2751 ταῦθ’
1745 2695 1887 2768 ἅπερ
1933 2698 2080 2767 ἡμᾶς

510 2788 737 2853 ἀνέσειε,
772 2787 1001 2858 μάλιστα
1032 2786 1205 2855 λέγων
1231 2788 1323 2840 καὶ
1355 2786 1499 2856 μάλα
1530 2786 1821 2857 τεχνικῶς,
1853 2788 1946 2841 τοῦ
1983 2804 2082 2840 κυ-

511 2874 969 2946 ριωτάτου,φησὶ,
988 2873 1095 2927 τῶν
1107 2876 1164 2928 ὲν
1189 2875 1320 2945 ἡμῖν
1350 2874 1509 2944 λόγου
1537 2875 1934 2947 ἀμελήσαντας.
1966 2877 2080 2931 Οὐκ

508 2964 619 3035 ἔχω
662 2963 756 3019 νῦν
792 2963 903 3034 ἐγὼ
948 2964 1155 3033 λέγειν,
1191 2964 1322 3028 ὅσας
1360 2964 1610 3029 τοιαύτας
1640 2965 1822 3038 ὲξήχει
1857 2966 2041 3036 φωνὰς
2063 3005 2078 3029 ,

512 3057 833 3128 προτρέπων
862 3056 1196 3127 φιλοσοφεῖν·
1231 3057 1290 3109 οὐ
1328 3058 1453 3128 μιᾶς
1484 3057 1695 3128 ήμέρας
1726 3057 1911 3130 μόνης,
1945 3056 2082 3111 ἀλλὰ

512 3152 606 3205 καὶ
649 3149 912 3203 πλειόνων
942 3150 1083 3204 ὅσων
1120 3148 1269 3221 αὐτῷ
1306 3151 1641 3222 προσῄειμεν
1674 3149 1782 3203 τῶν
1823 3149 2076 3221 πρώτων,

513 3241 830 3314 βεόλημένοι
862 3243 957 3312 μὲν
984 3240 1173 3313 ὥσπερ
1193 3241 1298 3295 τινὶ
1327 3240 1466 3311 βέλει
1490 3241 1567 3313 τῷ
1593 3243 1722 3313 παρ’
1748 3241 1911 3295 αὐτοῦ
1940 3240 2081 3312 λόγῳ

509 3334 604 3389 καὶ
633 3336 699 3388 ὲκ
730 3331 955 3406 πρώτης
984 3332 1198 3404 ήλικίας
1231 3334 1343 3403 (80)
1375 3329 1460 3405 (ἦν
1489 3334 1596 3405 γάρ
1640 3350 1756 3397 πως
1788 3332 1886 3387 καὶ
1928 3333 2081 3405 ήδείᾳ

508 3427 616 3480 τινὶ
641 3426 823 3498 χάριτι
866 3426 958 3479 καὶ
987 3426 1163 3479 πειθοῖ
1188 3426 1279 3480 καί
1308 3443 1411 3479 τινι
1445 3425 1656 3497 ἀνάγκῃ
1691 3426 2078 3497 μεμιγμένος),

514 3519 866 3593 στρεφόμενοι
893 3518 952 3571 δέ
986 3535 1104 3582 πως
1136 3517 1216 3571 ἔτι
1257 3519 1353 3571 καὶ
1397 3517 1769 3589 λογιζόμενοι·
1805 3519 1900 3571 καὶ
1932 3518 2080 3588 φιλο-

511 3612 695 3681 σοφείν
738 3610 837 3681 μὲν
876 3611 1455 3682 προσκαρτερήσαντες
1496 3610 1707 3663 οὐδέπω
1751 3610 1926 3683 πάντη
1981 3628 2080 3664 πε-

511 3703 822 3774 πεισμένοι,
857 3703 1186 3773 ἀφίστασθαι
1215 3703 1273 3757 δὲ
1305 3703 1467 3757 πάλιν
1506 3705 1607 3757 οὐκ
1645 3700 1741 3757 οἶδ’
1782 3705 1932 3768 ὅπως
1956 3743 1971 3768 ,
2018 3704 2080 3757 οὐ

511 3795 825 3867 δυνάμενοι·
857 3797 944 3850 ἀεὶ
975 3796 1032 3850 δὲ
1058 3796 1248 3868 ὥσπερ
1275 3796 1381 3850 ὐπό
1402 3813 1542 3851 τισιν
1576 3797 1841 3867 ἀνάγκαις
1872 3798 2080 3869 μείζοσι

510 3893 624 3954 τοῖς
659 3889 837 3959 λόγοις
866 3890 1032 3943 αὐτοῦ
1070 3890 1206 3962 πρὸς
1242 3891 1402 3945 αὐτὸν
1433 3892 1734 3962 ἑλκόμενοι.
1769 3891 1943 3954 ’Ὁλως
1974 3890 2080 3964 γὰρ

511 3981 618 4034 οὐδ’
643 3981 887 4034 εὐσεϐεῖν
921 3982 1001 4044 εἰς
1025 3981 1119 4034 τὸν
1145 3980 1253 4034 τῶν
1279 3982 1415 4036 ὅλων
1440 3983 1713 4055 Δεσπότην
1737 3983 1927 4054 (τοῦτο
1957 3982 1985 4036 ὃ
2015 3984 2079 4056 δὴ

517 4071 676 4142 μόνος
705 4069 814 4124 τῶν
852 4071 945 4123 ἐπὶ
981 4070 1086 4140 γῆς
1119 4070 1338 4125 πάντων
1372 4070 1527 4135 ζώων
1563 4074 1591 4125 ὁ
1624 4073 1905 4145 ἄνθρωπος
1936 4074 2082 4145 ἔχειν

514 4161 748 4234 ἐτιμήθη
794 4178 855 4215 τε
887 4161 982 4216 καὶ
1014 4159 1218 4234 ἠξιώθη
1239 4201 1256 4226 ,
1288 4163 1381 4215 καὶ⁹
1409 4162 1633 4228 εἰκότως
1668 4167 1775 4229 πᾶς
1802 4166 2079 4232 ὁστισοῦν,

515 4258 606 4311 καὶ
639 4255 800 4324 σοφὸς
826 4255 921 4309 καὶ
944 4253 1160 4326 ἀμαθὴς
1183 4295 1198 4319 ,
1232 4255 1547 4326 περιέχεται
1575 4256 1763 4310 τούτου
1782 4298 1797 4323 ,
1826 4259 1974 4323 ὅστις
2008 4260 2081 4333 μὴ

516 4348 796 4412 παντελῶς
828 4347 926 4411 τὰς
957 4347 1167 4410 ἑννοίας
1205 4346 1545 4401 ἀπολώλεκεν
1577 4349 1682 4401 ὑπό
1712 4367 1857 4413 τινος
1894 4367 2085 4422 φρενο-

513 4440 772 4504 ϐλαϐείας
789 4439 832 4511 )·
872 4441 934 4493 οὐ
965 4440 1144 4494 τοίνυν
1170 4439 1291 4494 οὐδὲ
1317 4439 1562 4493 εὐσεϐεῖν
1590 4440 1728 4505 ὅλως
1753 4442 1975 4497 δυνατὸν
2005 4441 2084 4497 εἶ·

514 4552 603 4589 ναι
641 4534 910 4605 ἔφασκεν,
945 4532 1128 4626 ὀρθῶς
1160 4532 1353 4602 λέγων,
1387 4532 1461 4626 μὴ
1495 4532 1916 4623 φιλοσοφήσαντι
1936 4554 1949 4567 ·
1980 4536 2086 4601 ἓως
2114 4565 2164 4626 D

518 4628 745 4693 πολλοὺς
762 4627 1034 4691 τοιούτους
1053 4625 1243 4689 ἄλλους
1268 4627 1354 4679 ἐπ’
1370 4625 1550 4691 ἄλλοις
1574 4620 1854 4683 ἐπαντλῶν
1867 4629 2080 4699 λόγους,

428 4796 433 4799 ι
517 4721 706 4793 ὥσπερ
728 4737 880 4783 τινας
909 4719 1532 4789 καταγεγοητευμένους,
1563 4719 1657 4773 ἐπὶ
1680 4719 1821 4774 τέλει
1847 4725 1966 4786 ταῖς
1989 4722 2085 4776 αὐ-

518 4813 613 4881 τοῦ
652 4813 868 4885 τέχναις
900 4813 1190 4884 ἀκινήτους
1228 4811 1499 4882 ἀτεχνῶς,
1530 4813 1712 4886 φέρων
1742 4817 1891 4887 ἡμᾶς
1922 4833 2084 4889 παρι-

472 4976 475 4979 _
519 4905 774 4979 δρύσατο,
804 4904 982 4973 λόγοις
1012 4906 1125 4967 τοῖς
1156 4900 1344 4966 αὐτοῦ,
1371 4904 1474 4957 οὐκ
1502 4899 1598 4957 οἶδ’
1633 4905 1817 4970 ὅπως,
1850 4905 1946 4960 σύν
1978 4925 2084 4962 τινι

522 4997 643 5068 θείᾳ
686 4996 938 5066 δυνάμει.
996 4996 1107 5050 Καὶ
1155 4995 1265 5068 γὰρ
1305 4996 1401 5050 καὶ
1446 4996 1629 5065 φιλίας
1674 4999 1807 5070 ἡμῖν
1859 5000 2086 5073 κέντρον

521 5087 819 5160 ἐνέσκηψεν
844 5088 944 5141 οὐκ
971 5088 1438 5159 εὐκαταγώνιστόν
1457 5106 1533 5156 τι,
1549 5090 1713 5163 δριμύ
1743 5091 1802 5145 δὲ
1831 5091 1926 5146 καὶ
1956 5094 2086 5148 ἀνυ-

521 5180 840 5246 τικώτατον,
869 5180 1169 5253 δεξιότητος
1192 5182 1286 5236 καὶ
1310 5182 1601 5248 διαθέσεως
1615 5183 1720 5255 τῆς
1738 5185 1968 5257 ἀγαθῆς,
1987 5188 2086 5259 ὅση

524 5272 811 5343 εὐνοητική
840 5287 924 5334 τις
956 5273 1088 5342 ήμῖν
1118 5271 1310 5337 αὐταῖς
1343 5275 1549 5342 φωναῖς
1576 5272 1741 5327 αὐτοῦ
1775 5274 2089 5346 προσφθεγ-

601 5470 711 5613 (79ζ
742 5472 1034 5542 Χρήματα.
1067 5472 1267 5544 Repete
1298 5475 1389 5529 ὲπί
1419 5490 1450 5531 e
1474 5477 1741 5548 proximo.
1773 5478 2007 5537 BENGEL.

601 5543 688 5603 (80
759 5543 1035 5611 Ἡλικιας.
1087 5541 1212 5600 Haec
1245 5560 1350 5601 vox
1401 5557 1585 5613 aperte
1636 5550 1832 5606 aliena.
1863 5551 2007 5609 Videt

759 5541 1035 5617 'Hltgclac.
1087 5541 1212 5617 llaec
1245 5560 1350 5601 vox
1401 5541 1585 5617 aperte
1636 5550 1832 5606 aliena.
1863 5551 2092 5609 Videtur

527 5610 836 5692 absolutum
856 5610 1138 5692 _loquendi
1168 5630 1339 5692 genus
1357 5656 1371 5680 ,
1390 5610 1467 5692 sit
1497 5617 1763 5692 πρώτηςῄ
1788 5630 1851 5677 ut
1888 5626 2095 5679 subau-

529 5682 784 5737 diendum
825 5682 1265 5754 sitxiproxinio,
1296 5682 1554 5758 ἡμέρας.’
1576 5682 2048 5763 Sic'Thucydides
2077 5712 2090 5749 :

528 5751 566 5822 ἢ
598 5754 648 5806 εἰ
679 5752 785 5806 ἀπὸ
816 5753 1036 5822 πρώτης
1066 5754 1388 5822 ἀποθέμενοι
1418 5756 1509 5811 τὸν
1539 5758 1721 5822 νόμον.
1752 5760 1850 5816 Dio
1872 5762 2090 5820 Cassius

534 5754 566 5822 ἢ
598 5754 648 5834 εί
679 5754 785 5806 ἀπὸ
816 5754 1036 5876 τέςώτης
1066 5754 1388 5837 ἀποθέμενοι
1408 5754 1509 5811 ’τὸν
1539 5758 1721 5830 νόμον.
1752 5754 2095 5820 οἱοῖὶειεείιιε

534 5832 753 5891 pariter,
786 5823 824 5880 ἀ
924 5841 1163 5891 πρωτης.
1203 5826 1293 5882 Sic
1324 5828 1387 5881 ὲκ
1411 5829 1602 5891 καινῆς
1622 5870 1637 5891 ,
1671 5829 1730 5891 ἐξ
1760 5832 1963 5891 αὐτῆς.
1990 5846 2094 5891 sta-

924 5822 1163 5896 πρώτης.
1203 5822 1293 5882 Sic
1324 5828 1387 5881 ὲκ
1411 5822 1637 5902 καινῆς,
1671 5829 1730 5897 ἐξ
1760 5832 1963 5906 αὐτῆς,
1990 5846 2094 5892 sta-

2178 579 2421 649 illapsos,
2451 580 2591 635 elabi
2619 588 2674 636 et
2704 578 2941 650 eﬂ‘ugere
2986 587 3271 646 conantes,
3309 589 3364 635 et
3398 581 3654 637 secedere
3681 582 3753 638 ab

2179 668 2319 739 ipso,
2348 670 2601 742 Berytum
2642 685 2865 738 versus,
2912 677 3009 725 aut
3048 670 3105 725 in
3148 671 3379 740 patriam
3426 672 3754 742 cogitantes,

2177 762 2549 833 constringere
2591 764 2819 818 omnino
2866 779 2931 819 ac
2974 763 3212 818 retinere
3254 763 3462 818 studuit
3509 782 3523 818 :
3565 764 3754 821 omnia

2182 856 2469 909 verborum
2491 870 2687 926 genera
2701 856 2943 925 volvens,
2961 869 3178 910 omnem
3199 854 3383 910 funem
3406 854 3573 926 (quod
3591 866 3673 912 est
3696 855 3754 910 in

2178 944 2489 1018 proverbio)
2532 962 2787 1014 movens,
2822 948 2966 1004 vires
3018 963 3148 1004 suas
3187 962 3378 1004 omnes
3428 962 3495 1003 eo
3523 962 3755 1017 conver-

2180 1048 2302 1095 tens
2331 1058 2345 1095 :
2375 1040 2505 1095 hinc
2536 1040 2941 1113 philosophiam
2981 1041 3213 1111 ejusque
3252 1049 3527 1097 amatores
3564 1041 3754 1098 multis

2182 1134 2436 1205 aptisque
2481 1134 2738 1190 laudibus
2783 1148 3155 1204 prosequens;
3193 1148 3287 1189 eos
3321 1133 3469 1212 solos
3498 1133 3639 1189 bene
3664 1132 3752 1189 vi-

2179 1240 2326 1292 vere,
2358 1225 2637 1296 vitamque
2680 1225 2911 1281 rationis
2945 1241 3049 1282 usu
3078 1225 3323 1297 praeditis
3362 1234 3756 1297 congruentem

2182 1331 2342 1388 agere
2379 1317 2588 1384 dicens,
2630 1315 2726 1386 qui
2768 1330 2891 1371 eam
2932 1324 3082 1370 recte
3136 1315 3419 1370 instituere
3464 1323 3754 1381 conentur,

2182 1419 2237 1465 et
2276 1424 2337 1465 se
2379 1409 2529 1479 ipsos
2569 1408 2811 1478 primum
2863 1423 3047 1473 nosse,
3100 1407 3324 1478 quinam
3374 1405 3759 1473 sint;,deinde

2180 1516 2311 1557 vera
2353 1500 2497 1555 bona
2546 1515 2667 1570 qua:
2699 1500 2952 1570 persequi
2991 1500 3268 1554 hominem
3320 1498 3494 1562 decet,
3534 1504 3589 1552 et
3626 1511 3758 1551 vera

2183 1593 2326 1648 mala
2360 1607 2391 1647 a
2418 1591 2619 1662 quibus
2650 1591 2904 1663 refugere
2928 1600 3170 1661 oportet;
3200 1590 3352 1646 illinc
3392 1587 3757 1660 ignorantiam

2180 1685 2610 1756 ignorantesque
2646 1699 2856 1749 omnes,
2901 1697 3137 1753 quorum
3183 1681 3423 1737 maxima
3452 1692 3537 1736 est
3574 1678 3755 1745 turba,

2183 1776 2528 1847 vituperans;
2581 1782 2847 1847 quotquot
2865 1773 3131 1845 pecudum
3158 1773 3289 1840 ritu,
3311 1780 3495 1828 mente
3514 1771 3663 1837 caeci,
3687 1785 3759 1827 ne

2110 1854 2154 1910 Β
2184 1864 2289 1920 hoc
2310 1864 2531 1936 quidem
2558 1864 2703 1936 quod
2730 1871 2861 1920 sunt
2905 1861 3312 1930 intelligunt,et
3335 1863 3491 1932 quasi
3544 1863 3760 1917 ratione

2184 1965 2464 2023 carerent,
2500 1959 2849 2023 aberrantes;
2889 1955 3094 2009 bonum
3147 1954 3419 2009 malumve
3469 1954 3598 2024 quid
3651 1956 3759 2022 sit,

2184 2062 2287 2103 nec
2314 2049 2549 2103 scientes
2580 2046 2684 2118 ipsi
2719 2063 2967 2118 prorsus,
3006 2061 3108 2102 nec
3153 2046 3367 2102 discere
3411 2054 3755 2118 satagentes:

2184 2139 2279 2210 qui
2311 2148 2569 2210 tanquam
2602 2140 2672 2194 ad
2702 2140 2928 2205 bonum,
2963 2138 3029 2193 ad
3055 2139 3316 2207 pecunias
3350 2146 3404 2192 et
3432 2139 3659 2207 gloriam
3693 2156 3760 2196 ac

2185 2232 2333 2303 vulgi
2372 2233 2609 2289 honores
2639 2231 2995 2302 corporisque
3025 2229 3390 2285 valetudinem
3435 2231 3759 2300 prosiliunt,

2185 2327 2476 2398 stolidique
2503 2327 2787 2397 rapiuntur
2812 2368 2827 2394 ,
2861 2327 2978 2381 haec
2999 2325 3269 2393 videlicet,
3298 2323 3480 2396 magni
3511 2334 3607 2381 aut
3640 2341 3763 2381 om—

2184 2416 2336 2470 nium
2366 2417 2551 2486 potius
2576 2417 2752 2471 instar
2779 2415 3073 2480 habentes,
3121 2423 3375 2485 artesque
3420 2430 3514 2471 eas
3559 2415 3760 2486 quibus

2184 2508 2368 2579 parari
2399 2508 2513 2564 hinc
2540 2516 2802 2578 possunt,
2832 2517 2886 2563 et
2912 2523 2981 2563 ex
3009 2508 3133 2562 vitae
3172 2507 3461 2579 generibus
3507 2507 3598 2563 illa
3636 2522 3761 2578 qua)

2185 2602 2317 2657 talia
2348 2602 2712 2672 suppeditant,
2748 2601 3060 2668 militarem,
3092 2601 3389 2667 forensem,
3421 2601 3600 2671 legum
3635 2611 3759 2657 stu-

2186 2695 2334 2749 dium
2393 2709 2458 2749 ac
2514 2694 2889 2765 disciplinam;
2946 2695 3062 2749 haec
3120 2702 3281 2763 sunt,
3333 2694 3543 2761 aiebat,
3597 2695 3764 2765 idque

2182 2786 2487 2858 aptissime,
2520 2800 2643 2856 quae
2672 2801 2775 2842 nos
2808 2786 3012 2841 inertes
3056 2794 3222 2857 atque
3254 2788 3475 2858 ignaros
3520 2789 3762 2843 maxime

2185 2878 2449 2943 reddunt,
2488 2878 2757 2933 rationem
2804 2893 2926 2948 quae
2954 2877 3225 2933 dominari
3272 2879 3325 2933 in
3367 2880 3525 2936 nobis
3565 2881 3759 2948 debet,

2186 2977 2559 3040 aspernantes.
2592 2968 2784 3026 Dicere
2816 2985 2924 3026 non
2958 2970 3181 3040 possim,
3210 2985 3373 3041 quam
3404 2972 3601 3025 multas
3619 2968 3764 3038 ejus-

2181 3059 2332 3115 modi
2369 3073 2534 3115 voces
2582 3060 2784 3127 ederet,
2813 3060 2879 3115 ad
2906 3060 3399 3131 philosophandum
3431 3076 3532 3116 nos
3556 3063 3759 3118 exhor-

2183 3160 2342 3218 tans;
2374 3166 2552 3221 neque
2580 3151 2635 3205 id
2670 3166 2782 3206 uno
2808 3151 2896 3206 die
2926 3152 3232 3219 duntaxat,
3263 3153 3357 3207 sed
3390 3152 3597 3219 multis,
3622 3170 3762 3224 quo-

2187 3242 2292 3297 ties
2325 3245 2394 3296 ad
2438 3242 2590 3297 illum
2632 3242 2900 3312 principio
2945 3242 3327 3307 veniebamus,
3372 3242 3491 3313 eius
3538 3245 3759 3313 quidem

2189 3351 2441 3391 sermone
2470 3345 2732 3406 tanquam
2751 3336 2935 3406 jaculo
2950 3337 3185 3405 quodam
3213 3350 3243 3390 a
3266 3337 3440 3407 prima
3464 3336 3582 3407 ipsa
3603 3326 3764 3398 aatat‘o

2186 3427 2387 3482 conﬁxi
2417 3427 2556 3497 (erat
2581 3428 2727 3482 enim
2757 3428 2910 3481 suavi
2940 3428 3111 3495 gratia
3151 3437 3205 3482 et
3243 3427 3462 3483 suadela
3499 3427 3665 3483 simul
3696 3443 3764 3485 ac

2189 3519 2511 3575 necessitate
2547 3519 2780 3590 quadam
2815 3518 3111 3589 conditus),
3154 3527 3407 3575 caeterum
3435 3518 3762 3575 ﬂuctuantes

2189 3613 2366 3667 adhuc
2395 3620 2449 3667 et
2477 3610 2700 3682 ancipiti
2728 3611 2935 3678 animo,
2968 3611 3343 3681 philosophari
3380 3611 3598 3680 quidem
3645 3627 3764 3666 am-

2186 3703 2418 3768 bientes,
2450 3703 2693 3758 nondum
2729 3711 2910 3757 tamen
2940 3703 3165 3758 omnino
3188 3702 3417 3773 permoti
3449 3710 3611 3772 atque
3640 3717 3769 3772 per-

2188 3798 2361 3865 suasi,
2392 3795 2670 3851 discedere
2709 3809 2871 3865 porro
2915 3795 3101 3851 nescio
3132 3794 3405 3869 quomodo
3433 3809 3542 3849 non
3572 3795 3765 3849 valen-

2190 3899 2307 3952 tes,
2352 3895 2415 3941 ut
2460 3886 2556 3956 qui
2595 3901 2831 3956 semper,
2880 3894 3138 3956 tanquam
3189 3884 3411 3956 majoris
3456 3884 3765 3955 cuiuspiam

2188 3981 2530 4035 necessitatis
2576 3979 2850 4050 impulsu,
2902 3980 2969 4033 ad
3022 3980 3200 4049 ipsum
3246 3978 3367 4048 ejus
3416 3978 3765 4035 sermonibus

2188 4071 2553 4142 rapiebamur.
2586 4070 2822 4127 Omnino
2848 4071 2995 4126 enim
3024 4084 3125 4126 nec
3166 4071 3316 4139 pi’um
3346 4085 3475 4142 erga
3509 4086 3764 4127 commu-

2188 4177 2314 4219 nem
2359 4163 2604 4218 omnium
2651 4161 2945 4216 Dominum
2998 4175 3122 4217 esse
3166 4160 3373 4231 absque
3420 4161 3763 4232 philosophia

2189 4269 2519 4327 quemquam
2544 4255 2803 4310 censebat
2827 4255 2960 4325 (quo
2988 4268 3215 4309 munere
3239 4255 3389 4310 solus
3415 4269 3482 4309 ex
3507 4257 3765 4311 omnibus

2190 4354 2349 4401 terra;
2382 4345 2751 4400 animantibus
2779 4346 2943 4399 homo
2978 4345 3271 4401 decoratus
3302 4355 3419 4412 est;
3450 4346 3613 4415 idque
3650 4362 3767 4402 me-

2189 4437 2297 4493 rito
2321 4436 2538 4507 sapiens
2575 4451 2729 4506 atque
2772 4445 2935 4506 atque
2976 4437 3262 4508 imperitus
3293 4439 3523 4508 quisque
3555 4439 3766 4509 ample-

2191 4533 2377 4599 ctitur,
2405 4531 2503 4602 qui
2533 4531 2696 4586 modo
2725 4545 2951 4586 sensum
2994 4545 3210 4586 omnem
3255 4530 3622 4603 intelligentiae
3654 4548 3767 4603 prae

2188 4623 2422 4695 quadam
2452 4622 2691 4678 amentia
2743 4637 2852 4677 non
2904 4621 3195 4694 omiserit).
3244 4621 3355 4679 Nec
3396 4625 3548 4704 pjim
3600 4626 3768 4695 igitur

2184 4711 2413 4766 omnino
2450 4725 2574 4766 esse
2621 4726 2785 4780 posse
2832 4709 3166 4775 allirmabat,
3213 4712 3307 4782 qui
3350 4713 3765 4786 philosophatus

2184 4818 2294 4859 non
2316 4811 2494 4868 esset;
2527 4802 2710 4872 quoad
2749 4805 2965 4858 tandem
3000 4804 3201 4860 multos
3227 4805 3280 4859 id
3309 4822 3482 4878 genus
3529 4821 3595 4861 ex
3641 4807 3764 4863 aliis

2186 4893 2324 4948 alios
2348 4906 2630 4947 sermones
2655 4891 2952 4959 instillans,
2976 4908 3077 4951 nos
3100 4895 3247 4951 velut
3267 4894 3477 4953 lasciuo
3501 4898 3760 4969 quodam,

2189 4987 2400 5042 artibus
2440 4986 2555 5043 suis
2589 4989 2947 5053 oerdomitos,
2994 4990 3339 5046 sermonibus
3390 4990 3525 5058 suis,
3575 4991 3763 5046 nescio

2187 5092 2299 5148 quo
2327 5084 2510 5147 pacto,
2540 5077 2723 5134 divina
2754 5080 2808 5133 vi
2845 5078 3083 5150 quadam
3114 5081 3499 5147 constabilivit,
3527 5088 3581 5134 et
3603 5080 3762 5151 juxta

2191 5185 2251 5228 se
2281 5169 2588 5226 immobiles
2617 5171 2811 5228 tenuit.
2832 5171 3124 5228 Enimvero
3153 5172 3359 5227 amoris
3387 5186 3604 5242 quoque
3628 5186 3762 5227 acu-

2192 5264 2310 5321 leus
2338 5264 2498 5321 nobis
2528 5264 2731 5324 inﬁxus
2761 5274 2867 5335 est,
2898 5281 3008 5323 non
3040 5266 3177 5322 levis
3212 5264 3304 5320 ille
3343 5274 3398 5322 et
3422 5269 3763 5339 expugnabi—
3853 5319 3859 5329 .

2195 5491 2291 5545 tim
2312 5508 2331 5547 :
2347 5491 2461 5566 ubi
2490 5489 2813 5566 Lambertus
2845 5488 3253 5566 Bos_é_netnew
3285 5491 3507 5566 statuit,
3549 5493 3761 5566 ἀρχῆς,

2194 5560 2534 5635 καταϐολῆς,
2579 5561 2760 5632 ὥρας,
2787 5576 2928 5635 quae
2968 5561 3059 5635 hic
3103 5560 3600 5635 quoquesuppleri'
3623 5560 3765 5635 nos;

2196 5578 2534 5633 καταοολης,
2579 5578 2760 5632 ωρας,
2805 5578 2928 5629 quae
2968 5578 3059 5616 mc
3103 5578 3323 5631 quoque
3354 5578 3590 5686 subppterl
3639 5581 3765 5635 pos-

2196 5640 2345 5703 sunt.
2377 5631 2559 5703 Ipsum
2593 5635 2660 5685 ὲκ
2689 5630 2943 5703 πρώτης,
2970 5631 3216 5703 absolute
3234 5632 3371 5686 dixit
3457 5634 3670 5689 acarins
3696 5635 3765 5690 de

2196 5701 2454 5768 Caritate,
2473 5702 2529 5756 in
2563 5701 2822 5757 extremo.
2848 5701 3115 5756 therum
3146 5701 3505 5759 Casaubonus
3535 5712 3590 5761 et.
3616 5703 3765 5759 Rbo-

2197 5771 2467 5828 domanus
2500 5772 2744 5842 legebant
2772 5771 2987 5843 ὁμιλίας
3018 5787 3118 5843 pro
3148 5771 3383 5844 ἡλικίας.
3418 5773 3493 5830 1n.
