4090 6374
402 330 536 385 1071

1559 328 1620 385 Β.
1661 327 1988 385 GREGOll'll
2029 324 2533 386 THAUMATUBGI

3502 328 3641 387 1072

396 448 488 512 lis,
529 447 625 505 sed
660 463 784 505 acer
819 465 1046 520 prorsus
1087 460 1141 505 et
1169 448 1598 516 efﬁcacissimus,
1641 451 1874 507 solertiae
1919 466 1948 506 e

2075 450 2304 519 γομένου
2355 450 2448 503 καὶ
2483 447 2797 519 ὁμιλοῦντος
2838 444 3175 520 ὲνεφαίνετοθ
3232 451 3331 503 οὐκ
3377 451 3642 525 ἐκπεριεῖ-

395 541 771 612 benignitatis,
797 542 1311 613 benevolentiaeque,
1339 558 1460 612 qua:
1496 545 1550 597 in
1589 543 1722 613 ipsis
1751 558 1853 599 nos
1887 545 1966 597 al-

396 632 672 702 loquentis
707 642 763 689 et
800 633 1177 689 conversantis
1225 634 1452 689 vocibus
1486 634 1804 705 ell‘ulgebat,
1856 650 1966 689 non

394 725 787 781 circumvenire
827 742 929 782 nos
974 724 1130 780 aliter
1179 726 1524 781 sermonibus
1563 727 1840 792 conantis;
1871 726 1965 782 sed

394 819 667 887 prudenti,
702 819 941 873 humana
990 818 1332 888 benignaque
1364 825 1545 872 mente
1588 834 1805 874 servare
1845 834 1963 885 nos,

393 921 448 965 et
476 910 763 981 participes
790 920 902 964 tum
936 910 1130 964 horum
1158 909 1516 980 philosophiae
1539 910 1807 965 bonorum
1840 908 1965 964 red-

392 1003 539 1066 dere,
571 1011 682 1055 tum
714 1001 969 1067 aliorum,
1003 1009 1115 1054 tum
1155 1016 1344 1055 eorum
1374 1001 1628 1065 maxime,
1671 1016 1792 1071 qua:
1823 1001 1965 1055 Deus

389 1094 467 1151 illi
501 1109 665 1163 supra
696 1095 974 1149 multosac
995 1109 1161 1164 supra
1198 1108 1390 1147 omnes
1432 1092 1662 1148 fortasse
1684 1094 1778 1163 qui
1821 1109 1967 1148 nunc

391 1193 519 1240 sunt
560 1185 834 1250 homines,
875 1185 967 1238 uni
1000 1184 1228 1254 largitus
1250 1195 1333 1237 est
1357 1201 1370 1236 :
1398 1184 1614 1252 pietatis
1636 1183 1756 1239 dico
1791 1183 1965 1254 magi-

389 1287 599 1342 strum,
652 1291 959 1331 sermonem
1019 1276 1346 1341 salutarem,
1384 1276 1450 1330 ad
1501 1276 1704 1331 multos
1745 1276 1964 1344 quidem

389 1378 806 1435 co:umeantem,
834 1384 1026 1423 omnes
1049 1379 1229 1423 autem
1262 1370 1317 1423 in
1353 1385 1493 1439 quos
1543 1371 1814 1436 inciderit,
1860 1370 1964 1423 sibi

388 1461 793 1530 subjugantem.
832 1459 1019 1529 Neque
1044 1461 1188 1515 enim
1226 1470 1310 1516 est
1351 1462 1649 1531 quidquam
1691 1461 1836 1531 quod
1875 1476 1963 1514 re-

388 1553 580 1607 sistere
610 1552 684 1606 illi
715 1553 908 1622 possit,
937 1556 1031 1624 qui
1057 1571 1150 1609 rex
1175 1555 1419 1610 omnium
1455 1565 1509 1609 et
1546 1563 1630 1609 est
1665 1563 1718 1608 et
1748 1556 1962 1607 futurus

386 1653 502 1711 est;
531 1646 625 1700 sed
657 1647 956 1709 occultum,
985 1656 1039 1701 et
1076 1632 1169 1716 qui
1213 1663 1313 1701 nec
1357 1645 1514 1701 facile
1547 1661 1647 1701 nec
1685 1644 1900 1700 difﬁcile
1930 1659 1961 1698 a

386 1737 575 1792 multis
603 1739 766 1808 vulgo
790 1748 1172 1809 cognoscatur,
1200 1740 1272 1793 ita
1302 1748 1361 1793 ut
1388 1740 1454 1793 de
1498 1739 1590 1793 illo
1619 1737 1959 1809 interrogati,

386 1829 671 1885 manifeste
710 1832 888 1900 eloqui
933 1833 1161 1899 possint.
1199 1830 1358 1886 Velut
1388 1846 1518 1900 ergo
1553 1831 1785 1886 scintilla
1810 1846 1958 1900 qua:-

384 1919 508 1973 dam
542 1921 775 1975 mediam
809 1921 1047 1975 animam
1093 1931 1336 1977 nostrain
1375 1921 1653 1986 invadens,
1694 1923 1958 1977 accende-

382 2009 548 2065 batur
575 2019 629 2065 et
658 2010 1118 2075 inflammabatnr,
1151 2022 1265 2067 tum
1306 2028 1433 2083 erga
1472 2013 1670 2082 ipsum,
1701 2013 1956 2068 ineffabili

383 2103 788 2172 pulchritudine
809 2119 1000 2159 omnes
1019 2105 1282 2172 alliciens,
1309 2121 1524 2161 sacrum
1551 2105 1783 2161 Verbum
1807 2121 1958 2160 ama—

381 2197 746 2261 bilissimum;
777 2207 890 2251 tum
915 2213 1041 2267 erga
1072 2197 1246 2250 virum
1279 2198 1443 2263 hunc,
1480 2198 1596 2267 ejus
1635 2198 1869 2251 amicum
1900 2205 1955 2251 et

383 2293 754 2360 interpretem,
786 2305 978 2356 amor;
1025 2307 1134 2359 quo
1166 2291 1641 2344 vehementissime
1676 2289 1836 2352 ictus,
1866 2304 1953 2343 res

381 2399 572 2439 omnes
602 2398 666 2438 ac
690 2382 1008 2451 disciplinas
1035 2396 1157 2451 qua:
1182 2396 1482 2450 congruere
1512 2380 1668 2435 nobis
1697 2380 1954 2435 videbano

381 2484 489 2541 tur,
533 2483 647 2529 tum
686 2483 929 2535 caeteras,
969 2482 1084 2527 tum
1127 2475 1273 2543 ipsas
1304 2475 1549 2544 egregias
1592 2472 1734 2540 leges
1779 2485 1949 2535 meas,

379 2577 441 2622 ut
473 2581 809 2636 spernerem,
848 2563 979 2617 mihi
1016 2564 1292 2633 persuasi;
1325 2563 1457 2632 quin
1505 2570 1559 2616 et
1606 2564 1859 2631 patriam,
1898 2569 1952 2616 et

377 2657 737 2729 propinquos,
766 2663 879 2709 tum
914 2664 1210 2724 prtesentes
1239 2654 1333 2723 qui
1364 2653 1612 2720 aderant,
1642 2662 1755 2706 tum
1788 2668 1881 2707 eos
1918 2668 1949 2706 a

376 2749 575 2817 quibus
627 2746 1022 2811 discesseram;
1081 2758 1361 2812 unumque
1422 2742 1557 2797 mihi
1610 2743 1845 2813 Optabilc
1898 2752 1950 2797 et

376 2837 669 2893 amandum
698 2836 1000 2901 videbatur,
1043 2835 1409 2906 phiIOSOpbia,
1440 2834 1667 2905 ejusque
1692 2833 1950 2906 magister

375 2931 460 2984 vir
508 2929 598 2984 hic
644 2929 883 2984 divinus.
926 2928 994 2981 Et
1028 2928 1394 2999 conglutinata
1436 2937 1512 2981 est
1551 2927 1733 2981 anima
1776 2925 1948 2981 Jona-

377 3021 480 3075 thw
505 3021 697 3075 animus
727 3019 897 3073 David
927 3020 990 3075 ³⁷.
1025 3018 1141 3074 Hoc
1165 3019 1419 3090 equidem
1445 3018 1502 3073 in
1523 3018 1695 3074 sacris
1726 3016 1948 3074 Litteris

374 3118 562 3181 postea
587 3109 690 3180 legi
716 3128 731 3164 :
760 3109 910 3178 prius
939 3117 1123 3163 autem
1163 3107 1311 3163 sensi
1354 3109 1471 3178 ipse
1516 3122 1625 3161 non
1669 3108 1852 3163 minus
1876 3108 1947 3161 li-

375 3202 564 3272 quido,
600 3217 763 3271 quam
794 3201 999 3256 dictum
1036 3210 1140 3264 est,
1167 3200 1475 3255 clarissimo
1498 3200 1704 3256 scilicet
1726 3200 1949 3255 oraculo

372 3294 819 3364 praenuntiatum.
846 3292 962 3347 Non
1008 3292 1156 3347 enim
1195 3292 1514 3361 simpliciter
1545 3292 1951 3363 conglutinatus

372 3395 455 3441 est
489 3383 751 3440 Jonathas
794 3385 1003 3439 David:
1042 3387 1134 3439 sed
1176 3384 1281 3438 illae
1322 3385 1453 3454 ipsa:
1485 3401 1608 3453 quae
1648 3386 1946 3455 principem

373 3478 551 3533 locum
584 3488 790 3545 tenent,
836 3481 1067 3545 animae;
1102 3490 1239 3549 quae'
1269 3495 1371 3535 nec
1409 3480 1671 3549 sejunctis
1717 3481 1786 3537 iis
1827 3498 1949 3552 quae

373 3580 636 3640 apparent
661 3580 716 3625 et
755 3572 1164 3640 conspiciuntur
1190 3573 1244 3626 in
1283 3572 1525 3638 homine,
1576 3575 1817 3643 separari
1863 3588 1947 3629 ta-

372 3679 497 3718 men
530 3665 659 3734 ipsae
685 3664 732 3717 vi
760 3663 872 3718 ulla
900 3673 1185 3735 cogantur,
1212 3664 1393 3719 invitae
1419 3675 1565 3720 certe
1589 3666 1735 3720 nullo
1764 3668 1943 3723 modo.

372 3755 568 3812 Libera
617 3755 886 3826 siquidem
940 3770 1029 3810 res
1073 3764 1160 3811 est
1202 3756 1405 3821 anima,
1453 3765 1508 3810 et
1547 3772 1669 3827 quae
1706 3759 1946 3814 coerceri

371 3851 521 3905 nulla
550 3850 765 3904 ratione
787 3848 981 3918 possit,
1012 3863 1079 3903 ne
1105 3849 1152 3903 si
1178 3849 1232 3903 in
1268 3849 1526 3918 penetrali
1548 3850 1765 3920 quidem
1788 3850 1946 3905 abdi-

370 3950 481 3996 tam
528 3940 823 3997 custodias.
868 3939 1081 3995 Etenim
1127 3941 1201 3995 ibi
1245 3956 1367 3996 esse
1405 3943 1579 4011 prima
1622 3944 1833 3998 ratione
1881 3959 1946 4000 ac

369 4043 565 4087 natura
599 4048 699 4088 sua
729 4032 1035 4098 consuevit,
1064 4032 1158 4086 ubi
1185 4048 1341 4088 mens
1371 4032 1575 4088 fuerit:
1613 4035 1756 4104 quod
1799 4035 1845 4090 si
1888 4036 1942 4090 in

367 4124 642 4196 ergastulo
676 4123 769 4178 tibi
815 4139 936 4180 esse
977 4125 1245 4190 videatur,
1295 4126 1528 4181 secunda
1570 4128 1804 4198 quadam
1850 4145 1941 4183 ra-

372 4216 518 4271 tione
542 4215 653 4272 illic
675 4231 706 4270 a
730 4225 782 4271 te
802 4215 1044 4286 ﬁngitur,
1071 4217 1335 4287 nulloque
1366 4219 1530 4273 modo
1559 4230 1840 4289 propterea
1865 4220 1939 4276 ibi

368 4321 490 4362 esse
516 4307 855 4376 prohibetur,
882 4308 974 4362 ubi
1011 4323 1131 4363 esse
1170 4309 1433 4375 voluerit;
1457 4311 1587 4381 quin
1615 4312 1725 4367 illic
1759 4314 1937 4369 solum

368 4412 595 4469 prorsus
617 4412 738 4453 esse
763 4406 964 4467 potest,
988 4408 1040 4453 et
1065 4399 1190 4469 jure
1215 4401 1475 4469 creditur,
1507 4402 1598 4456 ubi
1632 4403 1938 4474 quibusque

2071 561 2159 597 ναι
2190 544 2302 614 (8i)
2345 543 2492 614 ἡμᾶς
2529 540 2703 605 ἄλλως
2748 540 2926 609 λόγοις
2964 540 3305 613 πειρωμένου
3332 580 3346 605 ,
3386 539 3535 613 δεξιᾷ
3581 541 3639 595 δὲ

2067 637 2161 690 καὶ
2205 631 2566 705 φιλανθρώπῳ
2609 631 2703 685 καὶ
2735 632 3073 704 χρηστοτάτη
3106 631 3297 706 γνώμῃ
3348 633 3540 710 σώζειν
3578 651 3638 689 τε

2066 730 2160 783 καὶ
2189 727 2474 789 κοινωνοὺς
2502 725 2612 779 τῶν
2653 743 2713 778 τε
2759 727 2823 779 ὲκ
2865 724 3178 793 φιλοσοφίας
3219 723 3438 793 ἀγαθῶν
3467 742 3637 778 κατα-

2068 817 2405 887 στήσασθαι,
2432 816 2526 869 καὶ
2571 814 2678 867 τῶν
2721 814 2892 869 ἄλλων
2935 816 3207 885 μάλιστα,
3237 818 3339 870 ὅσα
3382 816 3443 870 τὺ
3484 817 3638 872 Θεῑον

2067 907 2218 979 ποιρά
2255 911 2381 970 τοὺς
2413 904 2639 968 πολλοὺς
2671 904 2704 976 ἢ
2735 905 2784 956 εί
2813 905 2903 957 καὶ
2931 905 3041 976 (-82)
3071 906 3223 978 παρὰ
3259 907 3466 972 πάντας
3508 908 3637 973 ἴσως

2065 1004 2191 1066 τοὺς
2218 1002 2311 1055 νῦν
2338 1000 2654 1075 ἀνθρώπους
2674 1041 2688 1065 ,
2713 1000 2861 1071 αὐτῷ
2887 1001 3035 1072 μόνῳ
3063 1002 3374 1073 ἐδωρήσατο
3396 1019 3421 1055 ο.
3441 1003 3531 1056 τὸν
3555 1003 3635 1057 δι-

2065 1093 2327 1147 δάσκαλον
2361 1094 2667 1156 εὐσεϐείας,
2686 1091 2778 1144 τὸν
2815 1094 3076 1163 σωτήριον
3098 1093 3281 1162 λόγον,
3299 1093 3510 1161 πολλοῖς
3536 1095 3635 1167 μὲν

2065 1186 2426 1254 ἐπιφοιτῶντα
2447 1226 2461 1249 ,
2492 1188 2585 1239 καὶ
2605 1186 2835 1247 ⁸πάντας
2879 1186 3343 1262 κατεργαζόμενον
3373 1186 3518 1252 ὅσοις
3568 1186 3634 1241 ἂν

2066 1277 2346 1351 προστύχῃ
2406 1280 2500 1349 (οὐ
2548 1281 2657 1351 γάρ
2706 1284 2853 1334 ἐστιν
2914 1281 2945 1334 ὃ
2985 1296 3036 1331 τι
3101 1278 3246 1350 αὐτῷ
3284 1262 3631 1351 ἐνστήσεται,

2065 1370 2281 1424 πάντων
2310 1370 2402 1423 καὶ
2430 1369 2542 1423 ὄντι
2575 1373 2668 1424 καὶ
2699 1372 2939 1443 ἐσομένῳ
2968 1362 3222 1441 βασιλείγδ
3257 1371 3635 1442 κρυπτόμενον

2062 1463 2140 1528 δὲ,
2170 1464 2262 1517 καὶ
2285 1465 2345 1516 οὐ
2374 1464 2770 1535 γινωσκόμενον
2795 1462 2917 1518 οὐτε
2957 1462 3159 1533 ῥᾳδίωςΔ
3178 1461 3300 1514 οὔτε
3321 1464 3415 1515 καὶ
3437 1464 3638 1533 δυσχεε

2066 1554 2173 1625 ρῶς
2200 1556 2313 1616 τοῖς
2344 1553 2553 1617 πολλοῖς
2571 1593 2586 1617 ,
2627 1554 2702 1618 ὡς
2725 1553 3092 1628 ὲρωτηθέντας
3135 1552 3278 1622 ἔχειν
3310 1555 3437 1625 περὶ
3465 1555 3629 1608 αὐτοῦ

2046 1647 2234 1717 ισαφὲς
2276 1650 2471 1702 εἰπεῖν.
2513 1642 2635 1712 υἷος
2667 1636 2870 1709 οὖνίτις
2906 1646 3138 1719 σπινθὴρ
3181 1647 3454 1719 ἐνσκήψας
3491 1650 3632 1721 μέσῃ

2061 1742 2127 1810 τῇ
2152 1739 2296 1810 ψυχῇ
2326 1739 2504 1809 ἡμῶν,
2533 1738 2803 1810 ἀνήπτετό
2830 1754 2888 1790 τε
2918 1738 3008 1791 καί
3036 1736 3331 1802 ἐξεκαίετο,
3351 1740 3380 1792 ὃ
3408 1756 3467 1791 τε
3494 1740 3631 1811 πρὸς

2061 1830 2152 1883 τὸν
2183 1831 2436 1884 ἁπάντων
2484 1829 2586 1883 ὑπὸ
2634 1830 2861 1893 κάλλους
2907 1830 3142 1900 ἀρρήτου
3188 1830 3631 1885 ὲπακτικώτατον

2061 1922 2223 1975 αὐτὸν
2251 1921 2420 1991 Λόγον
2443 1922 2532 1976 τὸν
2567 1915 2708 1993 ἱερὸν
2740 1923 2828 1977 τὸν
2860 1921 3292 1996 ἐρασμιώτατον,
3313 1923 3408 1976 καὶ
3433 1926 3461 1977 ό
3493 1924 3630 1994 πρὸς

2059 2013 2150 2067 τὸν
2191 2014 2359 2084 ἄνδρα
2401 2014 2580 2079 τόνδε,
2628 2012 2719 2068 τὸν
2779 2015 2941 2069 αὐτοῦ
2992 2016 3144 2085 φίλον
3183 2016 3277 2069 καὶ
3325 2017 3630 2089 προήγορον

2060 2105 2197 2178 ἔρως
2215 2123 2228 2137 ο
2262 2102 2306 2174 ᾧ
2338 2106 2568 2178 μάλιστα
2591 2091 2965 2180 τετρωμένος,
2989 2109 3243 2162 ἁπάντων
3273 2108 3384 2163 τῶν
3408 2108 3627 2163 δοκούν-

2057 2216 2164 2252 των
2197 2200 2326 2271 ἡμῖν
2353 2202 2650 2272 προσήκειν
2678 2190 3017 2271 πραγμάτων
3041 2201 3074 2271 ἢ
3113 2201 3447 2272 μαθημάτων
3468 2242 3482 2266 ,
3516 2201 3627 2255 τῶν

2057 2309 2116 2345 τε
2148 2293 2321 2347 ἄλλων
2352 2295 2445 2346 καῖ
2475 2276 2652 2375 quin»;
2680 2294 2786 2347 τῶν
2818 2294 2997 2348 καλῶν
3034 2312 3135 2365 μου
3169 2295 3368 2365 νόμων,
3402 2294 3626 2366 ἀμελεῖν

2057 2384 2352 2454 ἐπειθόμην
2375 2401 2388 2415 ·
2424 2384 2678 2455 πατρίδος
2703 2401 2762 2437 τε
2790 2388 2882 2439 καὶ
2907 2386 3141 2452 οἰκείων,
3190 2386 3299 2439 τῶν
3328 2403 3388 2439 τε
3421 2385 3628 2456 παρόνη
3718 2424 3731 2439 ι

2055 2492 2162 2527 των
2210 2474 2477 2540 ἐνταῦθα,
2529 2477 2618 2529 καὶ
2661 2472 2743 2542 οἷς
2790 2476 3222 2549 ἀπεδημήσαμεν
3251 2495 3265 2508 ·
3329 2478 3386 2533 ἓν
3426 2478 3485 2532 δέ
3533 2496 3625 2550 μοι

2056 2564 2207 2637 φίλον
2230 2563 2298 2637 ἦν
2325 2569 2417 2620 καὶ
2446 2567 2827 2639 ἀγαπώμενον,
2853 2569 3138 2639 φιλοσοφία
3163 2586 3223 2622 τε
3248 2569 3341 2623 καὶ
3366 2563 3657 2669 (Γταύτηςζ

2055 2653 2567 2729 καθηγεμίυιοῦτος
2596 2661 2625 2712 ό
2654 2659 2794 2724 θεῖος
2839 2659 3143 2731 ἄνθρωπος.
3186 2661 3296 2716 Καὶ
3325 2660 3622 2733 συνεδέοη

2054 2751 2092 2818 ἡ
2120 2749 2290 2819 ψυχὴ
2317 2750 2596 2804 Ἰωνάθην
2630 2750 2824 2805 Δαϐίδ.
2870 2752 3042 2805 Τοῦτο
3072 2752 3311 2821 ἀνέγνων
3341 2753 3439 2825 μὲν
3470 2752 3627 2806 ὔστε-

2055 2855 2148 2910 ρον
2189 2839 2247 2891 ὲν
2280 2842 2389 2902 τοῖς
2438 2841 2601 2911 ἱεροῖς
2645 2840 3001 2912 Γράμμασιν’
3040 2840 3240 2896 ἔπαθον
3270 2841 3327 2895 δὲ
3362 2842 3623 2915 πρότερον

2053 2933 2151 3002 οὐχ
2167 2928 2327 3004 ἦττον
2345 2933 2666 3005 ὲναργῶς,ἥ
2698 2933 2935 3005 εἴρηται,
2973 2934 3213 3015 καίτοιγε
3252 2935 3623 3007 ἐναργέστατα.

2053 3027 2412 3099 κεχρησμῳδη
2422 3029 2600 3098 μένον.
2622 3026 2699 3082 Οὐ
2721 3028 2829 3100 γὰρ
2862 3028 3114 3100 συνεδέθη
3139 3028 3328 3093 ἁπλῶς
3370 3029 3623 3085 Ἰωνάθαν

2053 3118 2213 3171 Δαοιδ
2232 3160 2268 3185 ,,
2295 3119 2434 3172 αὐτὰ
2465 3120 2521 3172 δὲ
2552 3119 2622 3173 τά
2669 3119 2979 3191 κυριώτατα
3004 3160 3019 3185 ,
3048 3120 3192 3192 ψυχὴ
3212 3161 3227 3184 ,
3262 3120 3413 3174 ταῦθ’
3442 3120 3619 3193 ἅπερ,

2052 3211 2171 3264 οὐδὲ
2202 3211 2575 3285 χωρισθέντων
2624 3212 2735 3266 τῶν
2766 3214 3101 3283 φαινομένων
3136 3213 3228 3267 καὶ
3276 3212 3622 3284 βλεπομένων

2052 3302 2351 3374 ἀνθρώπῳ,
2397 3303 2731 3376 χωρισθῆναι
2762 3305 2858 3358 καὶ
2889 3305 3028 3358 αὐτά
3061 3307 3273 3377 μηχανῇ
3306 3322 3412 3358 τινι
3455 3322 3623 3360 κατα-

2048 3394 2520 3466 ναγκασθήσεται,
2574 3394 2775 3450 ἄκοντα
2828 3396 2927 3467 μὲν
2979 3397 3249 3468 οὐδαμῶς.
3303 3398 3464 3471 Ψυχὴ
3514 3399 3621 3471 γὰρ

2047 3483 2325 3558 ἐλεύθερον
2376 3487 2472 3540 καὶ
2527 3488 2627 3541 οὐκ
2674 3487 3123 3557 ὲγκατάκλειστον
3172 3489 3347 3542 οὐδενὶ
3397 3491 3617 3562 τρόπῳ,

2047 3577 2152 3630 οὐδ’
2178 3577 2242 3631 ἂν
2279 3580 2337 3633 ἐν
2375 3580 2603 3650 οἰκίσκῳ
2648 3578 2943 3651 καθείρξας
2972 3582 3165 3652 τηρῇς.
3213 3582 3322 3635 Καί
3348 3580 3457 3653 γὰρ
3481 3577 3619 3637 εἶναι

2048 3669 2257 3740 πέφυκε
2281 3671 2371 3724 τόν
2404 3689 2467 3741 γε
2497 3671 2709 3743 πρῶτον
2737 3672 2914 3740 λόγον,
2948 3668 3122 3744 οὗπερ
3153 3672 3218 3727 ἂν
3241 3674 3269 3725 ό
3300 3674 3424 3738 νοῦς
3519 3691 3532 3705 ·
3569 3676 3618 3728 εί

2045 3760 2103 3813 δὲ
2132 3763 2225 3814 καὶ
2252 3765 2309 3817 ἑν
2330 3762 2408 3835 τῷ
2434 3765 2661 3835 οἰκίσκῳ
2693 3781 2775 3817 σοι
2809 3759 2945 3818 εἶναι
2975 3765 3150 3829 δοκεῖ,
3189 3765 3331 3820 κατά
3367 3757 3616 3839 δεύτερόν

2044 3868 2165 3905 τινα
2209 3851 2362 3921 λόγον
2396 3852 2630 3906 ἐνταῦθά
2669 3871 2750 3908 σοι
2783 3854 3142 3925 φαντάζεται’
3181 3856 3434 3927 οὐδαμῶς
3476 3853 3615 3911 εἶναι
3710 3864 3719 3873 ⁸

2044 3946 2159 3997 ἐ,κεί
2179 3944 2266 3998 διὰ
2288 3945 2444 3999 τοῦτο
2470 3946 2847 4020 κεκωλυμένη,
2879 3942 3049 4020 οὗπερ
3072 3947 3138 4002 ἂν
3165 3944 3302 4002 εἶναι
3337 3948 3568 4020 βουληθῇ
3595 3962 3609 3980 ⁶

2047 4036 2243 4106 μᾶλλον
2282 4037 2338 4091 δὲ
2368 4038 2540 4108 πάντη
2572 4037 2789 4102 πάντως
2826 4040 2941 4092 ἐκεῖ
2974 4039 3131 4109 μόνον
3164 4035 3301 4093 εἶναι
3332 4039 3426 4093 καὶ
3457 4039 3615 4093 δυνα-

2041 4130 2179 4201 μένη
2209 4128 2301 4183 καὶ
2331 4132 2677 4184 πιστευθεῖσα
2694 4130 2761 4185 ἂν
2780 4132 3004 4195 εἰκότως
3021 4169 3040 4196 ,
3068 4124 3240 4202 οὗπερ
3270 4131 3337 4186 ἂν
3356 4132 3451 4186 καὶ
3477 4134 3615 4204 πρὸς

2038 4218 2068 4273 ὃ
2090 4219 2156 4276 ἂν
2187 4220 2255 4275 τὰ
2279 4221 2444 4293 μόνης
2472 4223 2642 4292 αὐτῆς
2674 4223 2778 4276 ἴδια
2810 4223 2927 4276 κατ’
2955 4222 3122 4295 αὐτὴν
3153 4222 3289 4294 ἔργα
3403 4222 3610 4277 Οὐκοῦν

2040 4312 2497 4383 περιφανέστατον
2527 4314 2670 4368 τοῦδ’
2703 4315 2840 4386 ὅπερ
2875 4314 3074 4368 ἔπαθον
3122 4314 3486 4386 βραχυτάταις
3531 4316 3616 4368 λέισ
3714 4327 3721 4333 ‘

2041 4401 2184 4467 ξεσιν
2215 4403 2478 4475 ἐδήλωσε,
2517 4406 2616 4477 τὴν
2647 4405 2822 4477 ψυχὴν
2869 4406 3122 4459 Ἰωνάθαν
3171 4406 3510 4460 συνδεδέσθαι
3542 4409 3609 4478 τῇ

368 4488 425 4543 in
465 4489 629 4543 rebus
652 4490 872 4559 propria
895 4489 1015 4559 ejus
1041 4492 1204 4546 unius
1225 4507 1391 4562 opera
1412 4504 1732 4549 cernuntur.
1757 4494 1936 4562 Quare

2051 4494 2178 4568 [γυχῇ
2223 4497 2415 4550 Δαδίδ⁸
2452 4498 2600 4551 ταῦθ’
2635 4499 2779 4570 ἅπερ
2822 4497 3023 4552 ἄκοντα
3056 4498 3156 4569 μὲν
3203 4498 3487 4569 οὐδαμῶς,
3533 4498 3609 4560 ὡς

368 4579 670 4633 clarissime
697 4580 801 4633 hoc
828 4580 1004 4648 ipsum
1030 4583 1174 4650 quod
1208 4585 1341 4637 mihi
1386 4586 1632 4655 contigit,
1676 4588 1938 4655 paucissi-

367 4669 472 4722 mis
494 4668 673 4722 verbis
709 4668 1022 4732 declaravit,
1044 4670 1281 4726 animam
1313 4671 1557 4730 Jonathaa
1598 4676 1936 4745 conglutina-

368 4770 478 4817 tam
511 4760 680 4815 fuiSse
714 4761 909 4816 anima;
949 4762 1146 4830 David;
1174 4765 1307 4832 lucc,
1342 4766 1585 4837 inquam,
1617 4784 1737 4838 quae
1766 4770 1965 4826 invita,

366 4852 585 4920 quidem
618 4852 769 4905 nullo
804 4853 965 4905 modo
1009 4854 1220 4924 sejungi
1271 4866 1506 4927 queant,
1558 4871 1748 4930 sponte
1783 4879 1931 4929 vero,

365 4956 474 4996 non
519 4941 677 4997 facile
718 4945 1105 5000 assentiamur.
1159 4945 1277 5002 Non
1331 4952 1475 5005 enim
1528 4953 1582 5007 in
1629 4955 1931 5021 deteriore,

364 5035 582 5104 opinor,
628 5036 721 5105 qui
763 5037 1010 5095 moribus
1050 5041 1233 5096 varius
1253 5051 1391 5106 erat,
1417 5053 1471 5098 et
1502 5045 1568 5098 ad
1612 5048 1932 5102 mutandum

363 5128 678 5197 proclivior,
702 5144 985 5185 sacrorum
1021 5132 1226 5188 amoris
1259 5134 1423 5203 hujus
1460 5137 1801 5193 vinculorum
1842 5155 1933 5194 so-

362 5215 585 5272 lutionis
632 5230 899 5290 potestas;
949 5223 1004 5278 in
1055 5239 1165 5294 quo
1211 5226 1329 5282 solo
1373 5243 1475 5283 nec
1522 5230 1811 5299 colligandi
1851 5235 1932 5288 vis

363 5307 518 5364 initio
553 5309 763 5367 fuerat:
802 5314 896 5369 sed
929 5317 984 5370 in
1020 5318 1265 5387 meliore,
1299 5322 1393 5391 qui
1428 5332 1685 5377 constans
1716 5333 1833 5379 erat
1865 5341 1930 5380 ac

433 5418 477 5452 "
519 5419 698 5494 [.Reg.
728 5440 893 5493 xvm,
928 5427 978 5481 l.

560 5534 857 5619 Αὐταῐςμ.
874 5538 1249 5619 ἐκπερςεῒναι.
1271 5545 1425 5619 Saepe
1452 5548 1632 5619 αὐτός,
1656 5548 1756 5603 hoc
1772 5566 1923 5619 casu,

362 5600 773 5690 subaudita
802 5600 1184 5690 praepositione
1217 5600 1456 5690 ponitur.
1488 5600 1756 5690 ρυόῐιξιιίἐ
1778 5600 1925 5690 ξιῖόί

363 5675 669 5756 queinggis
691 5675 1068 5756 placetmuam
1096 5675 1299 5756 φωναῖς
1316 5702 1439 5739 cum
1474 5675 1782 5756 ἐνεφαίνετο
1798 5675 1929 5746 con-

365 5739 524 5798 strui.
541 5739 666 5796 Mox
687 5739 1463 5828 ιὶιιοόοιιὶειιυε,ὲκπερὶιέναι.
1494 5739 1598 5816 Sed
1611 5739 1781 5831 εἶναι,

384 6350 979 6364 “ww—qi

2040 4585 2195 4658 ἔφην,
2220 4590 2546 4660 χωρισθῆναι
2568 4590 3006 4662 έκνικηθησεται,
3025 4584 3220 4646 ἑκόντα
3241 4592 3381 4645 δὲόὐ
3410 4591 3608 4663 ῥᾳδίως

2039 4680 2272 4753 θελήσει.
2303 4682 2377 4734 Οὐ
2406 4682 2515 4754 γὰρ
2555 4684 2648 4735 ἐπὶ
2690 4682 2766 4754 τῷ
2798 4684 3033 4754 χείρονι,
3069 4681 3250 4755 οἶμαι,
3299 4685 3412 4738 δντι
3446 4683 3610 4737 πολυε-

2038 4775 2222 4847 τρόπῳ
2255 4778 2347 4829 καὶ⁴
2379 4776 2727 4847 εὐκολωτέρῳ
2761 4777 3243 4847 μεταϐουλεύεσθαι
3273 4779 3306 4849 ἡ
3346 4778 3445 4849 τῆς
3478 4780 3607 4833 ἀνα-

2038 4865 2241 4932 λύσεως
2262 4868 2369 4920 τῶν
2398 4867 2556 4939 ἱερῶν
2583 4867 2689 4921 τῶν
2710 4870 2899 4939 φιλίων
2919 4868 3122 4922 τούτων
3136 4869 3349 4940 δεσμῶν
3367 4870 3607 4935 ἐξουσία,

2038 4959 2121 5029 ἐφ’
2162 4952 2314 5030 ᾧπερ
2345 4960 2465 5013 οὐδὲ
2495 4960 2555 5013 τὸ
2588 4960 2987 5032 καταδήσασθαι
3030 4960 3250 5029 ἐγένετο
3295 4960 3394 5033 τὴν
3430 4961 3605 5031 ἀρχὴν

2040 5052 2212 5123 μόνῳ·
2247 5051 2359 5105 ἀλλ’
2393 5053 2591 5127 ὲπὶιτῷ
2634 5054 2898 5125 κρείττονι
2942 5053 3054 5106 δντι
3105 5052 3344 5124 μονίμῳ,
3378 5055 3470 5106 καὶ
3503 5054 3605 5107 οὐκ

2036 5144 2315 5217 εὐσείστῳ,
2339 5146 2423 5215 ἐφ’
2454 5138 2605 5217 ᾧπερ
2629 5147 2721 5199 καὶ
2752 5146 3191 5218 κατεργάσασθαι
3216 5147 3343 5211 τούς
3374 5147 3604 5218 δεσμοὺς

2036 5238 2128 5291 καὶ
2153 5237 2215 5290 τὸ
2260 5237 2402 5310 ἱερὸν
2439 5238 2598 5292 τοῦτο
2629 5240 2787 5309 ἆμμα
2840 5238 3035 5310 μᾶλλον
3066 5235 3155 5311 ἦν.
3187 5238 3446 5309 Συνεδέθη
3472 5238 3636 5307 γοῦν⁸

2036 5330 2131 5382 καὶ
2157 5330 2260 5382 ὑπὸ
2284 5331 2378 5383 τοῦ
2417 5330 2562 5384 θείου
2591 5331 2747 5400 λόγου
2781 5331 2877 5401 οὐχ
2909 5332 2941 5401 ἡ
2967 5331 3114 5401 ψυχὴ
3161 5329 3322 5383 Δαϐὶδ
3351 5333 3419 5401 τῇ
3456 5330 3599 5403 ψυχῇ

2034 5557 2387 5623 compositis,
2418 5557 2673 5628 frequens
2708 5573 2808 5626 pro
2842 5559 2995 5612 ξέναι.
3041 5557 3131 5614 Sic
3171 5558 3311 5614 infra
3354 5560 3602 5617 invenias

2035 5629 2289 5689 συνεῖναι,
2317 5628 2554 5693 ἀπεῖναι,
2590 5632 2884 5693 προσεῖναι.
2928 5630 3157 5684 Βεῖωει.

2108 5677 2554 5765 (82)”έὶῖ”έῖᾇί⁷ἁῖ.’
2594 5677 3392 5756 τίδ’ὲῖἰὶίὲίιίίἔὶὲῖἴᾶὲιριιαυω
3425 5716 3441 5753 :
3489 5698 3598 5758 nisi

2031 5768 2322 5837 peculiare
2351 5769 2543 5845 aliqua.
2556 5770 2758 5829 locutio
2781 5769 3049 5843 Gregorii.
3082 5769 3315 5826 Csswn.
