  <div class='ocr_page' id='page_1' title='image "/cluster/home/n/w/nwhite01/storage/ocr_20150623/10/coo.31924054872894/548.png"; bbox 0 0 4090 6394; ppageno 0'>
   <div class='ocr_carea' id='block_1_1' title="bbox 423 453 563 511">
    <p class='ocr_par' dir='ltr' id='par_1_1' title="bbox 423 453 563 511">
     <span class='ocr_line' id='line_1_1' title="bbox 423 453 563 511; baseline -0.007 -1"><span class='ocrx_word' id='word_1_1' title='bbox 423 453 563 511; x_wconf 71' lang='lat'><strong>5073</strong></span> 
     </span>
    </p>
   </div>
   <div class='ocr_carea' id='block_1_2' title="bbox 1415 455 2671 516">
    <p class='ocr_par' dir='ltr' id='par_1_2' title="bbox 1415 455 2671 516">
     <span class='ocr_line' id='line_1_2' title="bbox 1415 455 2671 516; baseline 0.005 -6"><span class='ocrx_word' id='word_1_2' title='bbox 1415 456 1482 511; x_wconf 86' lang='lat' dir='ltr'><strong>IN</strong></span> <span class='ocrx_word' id='word_1_3' title='bbox 1529 455 1883 513; x_wconf 73' lang='lat' dir='ltr'><strong>OlllGENEM</strong></span> <span class='ocrx_word' id='word_1_4' title='bbox 1924 457 2181 514; x_wconf 79' lang='lat' dir='ltr'><strong>ORATIO</strong></span> <span class='ocrx_word' id='word_1_5' title='bbox 2221 456 2671 516; x_wconf 29' lang='lat' dir='ltr'><strong>PA‘NEGYRICA.</strong></span> 
     </span>
    </p>
   </div>
   <div class='ocr_carea' id='block_1_3' title="bbox 3526 456 3662 511">
    <p class='ocr_par' dir='ltr' id='par_1_3' title="bbox 3526 456 3662 511">
     <span class='ocr_line' id='line_1_3' title="bbox 3526 456 3662 511; baseline -0.015 0"><span class='ocrx_word' id='word_1_6' title='bbox 3526 456 3662 511; x_wconf 74' lang='grc'><strong>1074</strong></span> 
     </span>
    </p>
   </div>
   <div class='ocr_carea' id='block_1_4' title="bbox 386 542 1988 647">
    <p class='ocr_par' dir='ltr' id='par_1_4' title="bbox 386 556 1988 645">
     <span class='ocr_line' id='line_1_4' title="bbox 386 556 1988 645; baseline 0.002 -22"><span class='ocrx_word' id='word_1_7' title='bbox 386 556 410 591; x_wconf 21' lang='grc' dir='ltr'><strong>θ’</strong></span> <span class='ocrx_word' id='word_1_8' title='bbox 433 569 716 624; x_wconf 81' lang='grc' dir='ltr'>Ἶωνάθαν’</span> <span class='ocrx_word' id='word_1_9' title='bbox 761 571 992 642; x_wconf 75' lang='grc' dir='ltr'>ἔμπαλιν</span> <span class='ocrx_word' id='word_1_10' title='bbox 1029 571 1086 625; x_wconf 79' lang='grc' dir='ltr'>δὲ</span> <span class='ocrx_word' id='word_1_11' title='bbox 1124 574 1157 643; x_wconf 89' lang='grc' dir='ltr'><strong>ή</strong></span> <span class='ocrx_word' id='word_1_12' title='bbox 1206 570 1299 624; x_wconf 76' lang='grc' dir='ltr'>τοῦ</span> <span class='ocrx_word' id='word_1_13' title='bbox 1341 573 1583 645; x_wconf 79' lang='grc' dir='ltr'>χείρονος</span> <span class='ocrx_word' id='word_1_14' title='bbox 1612 573 1757 645; x_wconf 81' lang='grc' dir='ltr'>ψυχὴ</span> <span class='ocrx_word' id='word_1_15' title='bbox 1802 575 1988 627; x_wconf 88' lang='grc' dir='ltr'>τούτου</span> 
     </span>
    </p>
   </div>
   <div class='ocr_carea' id='block_1_5' title="bbox 2092 542 3662 647">
    <p class='ocr_par' dir='ltr' id='par_1_5' title="bbox 2095 572 3662 647">
     <span class='ocr_line' id='line_1_5' title="bbox 2095 572 3662 647; baseline -0.001 -19"><span class='ocrx_word' id='word_1_16' title='bbox 2095 576 2322 630; x_wconf 88' lang='lat' dir='ltr'><strong>minime</strong></span> <span class='ocrx_word' id='word_1_17' title='bbox 2365 578 2676 644; x_wconf 87' lang='lat' dir='ltr'><strong>mutabilis;</strong></span> <span class='ocrx_word' id='word_1_18' title='bbox 2724 591 2820 647; x_wconf 87' lang='lat' dir='ltr'><strong>per</strong></span> <span class='ocrx_word' id='word_1_19' title='bbox 2864 589 3025 645; x_wconf 82' lang='lat' dir='ltr'><strong>quem</strong></span> <span class='ocrx_word' id='word_1_20' title='bbox 3057 582 3111 628; x_wconf 91' lang='lat' dir='ltr'><strong>et</strong></span> <span class='ocrx_word' id='word_1_21' title='bbox 3148 572 3362 627; x_wconf 81' lang='lat' dir='ltr'><strong>vincula</strong></span> <span class='ocrx_word' id='word_1_22' title='bbox 3401 585 3662 640; x_wconf 87' lang='lat' dir='ltr'><strong>sacerque</strong></span> 
     </span>
    </p>
   </div>
   <div class='ocr_carea' id='block_1_6' title="bbox 421 659 1990 737">
    <p class='ocr_par' dir='ltr' id='par_1_6' title="bbox 421 659 1990 737">
     <span class='ocr_line' id='line_1_6' title="bbox 421 659 1990 737; baseline 0.003 -24"><span class='ocrx_word' id='word_1_23' title='bbox 421 659 669 713; x_wconf 65' lang='grc' dir='ltr'>παθοῦσα</span> <span class='ocrx_word' id='word_1_24' title='bbox 698 661 1018 730; x_wconf 83' lang='grc' dir='ltr'>συνδεομένη</span> <span class='ocrx_word' id='word_1_25' title='bbox 1048 661 1264 729; x_wconf 89' lang='grc' dir='ltr'>λέγεται</span> <span class='ocrx_word' id='word_1_26' title='bbox 1296 664 1361 732; x_wconf 81' lang='grc' dir='ltr'>τῇ</span> <span class='ocrx_word' id='word_1_27' title='bbox 1394 661 1538 733; x_wconf 75' lang='grc' dir='ltr'>ψυχῇ</span> <span class='ocrx_word' id='word_1_28' title='bbox 1570 663 1747 715; x_wconf 87' lang='grc' dir='ltr'>Δαϐίδ.</span> <span class='ocrx_word' id='word_1_29' title='bbox 1785 665 1858 716; x_wconf 68' lang='lat' dir='ltr'><strong>Ob</strong></span> <span class='ocrx_word' id='word_1_30' title='bbox 1884 665 1990 737; x_wconf 84' lang='grc' dir='ltr'><strong>γὰρ</strong></span> 
     </span>
    </p>
   </div>
   <div class='ocr_carea' id='block_1_7' title="bbox 420 748 1990 825">
    <p class='ocr_par' dir='ltr' id='par_1_7' title="bbox 420 748 1990 825">
     <span class='ocr_line' id='line_1_7' title="bbox 420 748 1990 825; baseline 0.004 -23"><span class='ocrx_word' id='word_1_31' title='bbox 420 748 483 802; x_wconf 63' lang='grc' dir='ltr'>τὺ</span> <span class='ocrx_word' id='word_1_32' title='bbox 516 752 758 825; x_wconf 82' lang='grc' dir='ltr'>κρεῖττον</span> <span class='ocrx_word' id='word_1_33' title='bbox 777 789 792 814; x_wconf 95' lang='grc'><strong>,</strong></span> <span class='ocrx_word' id='word_1_34' title='bbox 837 750 1105 823; x_wconf 76' lang='grc' dir='ltr'>αὔταρκες</span> <span class='ocrx_word' id='word_1_35' title='bbox 1132 751 1189 804; x_wconf 82' lang='grc' dir='ltr'>ὃν</span> <span class='ocrx_word' id='word_1_36' title='bbox 1209 794 1222 817; x_wconf 91' lang='grc'><strong>,</strong></span> <span class='ocrx_word' id='word_1_37' title='bbox 1254 751 1425 806; x_wconf 70' lang='grc' dir='ltr'>ἕλοιτο</span> <span class='ocrx_word' id='word_1_38' title='bbox 1458 753 1524 806; x_wconf 87' lang='grc' dir='ltr'><strong>ἂν</strong></span> <span class='ocrx_word' id='word_1_39' title='bbox 1556 753 1633 823; x_wconf 82' lang='grc' dir='ltr'><strong>τῷ</strong></span> <span class='ocrx_word' id='word_1_40' title='bbox 1666 753 1828 807; x_wconf 76' lang='grc' dir='ltr'>αὐτοῦ</span> <span class='ocrx_word' id='word_1_41' title='bbox 1865 772 1990 808; x_wconf 88' lang='grc' dir='ltr'>συν-</span> 
     </span>
    </p>
   </div>
   <div class='ocr_carea' id='block_1_8' title="bbox 401 840 1991 915">
    <p class='ocr_par' dir='ltr' id='par_1_8' title="bbox 401 840 1991 915">
     <span class='ocr_line' id='line_1_8' title="bbox 401 840 1991 915; baseline 0.003 -22"><span class='ocrx_word' id='word_1_42' title='bbox 401 840 664 896; x_wconf 82' lang='grc' dir='ltr'><strong>’δεδέσθαι</strong></span> <span class='ocrx_word' id='word_1_43' title='bbox 697 843 897 912; x_wconf 82' lang='grc' dir='ltr'><strong>χείρονι</strong></span> <span class='ocrx_word' id='word_1_44' title='bbox 916 861 929 873; x_wconf 87' lang='grc'><strong>·</strong></span> <span class='ocrx_word' id='word_1_45' title='bbox 959 842 1092 895; x_wconf 83' lang='grc' dir='ltr'>ἀλλὰ</span> <span class='ocrx_word' id='word_1_46' title='bbox 1114 842 1175 895; x_wconf 76' lang='grc' dir='ltr'>τὸ</span> <span class='ocrx_word' id='word_1_47' title='bbox 1196 846 1375 913; x_wconf 83' lang='grc' dir='ltr'>χεῖρον</span> <span class='ocrx_word' id='word_1_48' title='bbox 1402 845 1720 915; x_wconf 75' lang='grc' dir='ltr'>ἐπικουρίας</span> <span class='ocrx_word' id='word_1_49' title='bbox 1744 844 1991 915; x_wconf 87' lang='grc' dir='ltr'>δεόμενον</span> 
     </span>
    </p>
   </div>
   <div class='ocr_carea' id='block_1_9' title="bbox 420 932 1995 1009">
    <p class='ocr_par' dir='ltr' id='par_1_9' title="bbox 420 932 1995 1009">
     <span class='ocr_line' id='line_1_9' title="bbox 420 932 1995 1009; baseline 0.003 -22"><span class='ocrx_word' id='word_1_50' title='bbox 420 934 522 1003; x_wconf 81' lang='grc' dir='ltr'><strong>τῆς</strong></span> <span class='ocrx_word' id='word_1_51' title='bbox 547 934 696 1004; x_wconf 78' lang='grc' dir='ltr'>παρὰ</span> <span class='ocrx_word' id='word_1_52' title='bbox 717 932 811 986; x_wconf 77' lang='grc' dir='ltr'>τοῦ</span> <span class='ocrx_word' id='word_1_53' title='bbox 842 933 1132 1003; x_wconf 85' lang='grc' dir='ltr'>βελτίονος,</span> <span class='ocrx_word' id='word_1_54' title='bbox 1164 934 1414 987; x_wconf 81' lang='grc' dir='ltr'>συνδεθὲν</span> <span class='ocrx_word' id='word_1_55' title='bbox 1434 934 1511 1004; x_wconf 82' lang='grc' dir='ltr'><strong>τῷ</strong></span> <span class='ocrx_word' id='word_1_56' title='bbox 1533 936 1801 1006; x_wconf 82' lang='grc' dir='ltr'>κρείττονι</span> <span class='ocrx_word' id='word_1_57' title='bbox 1834 955 1995 1009; x_wconf 87' lang='grc' dir='ltr'>προσ-</span> 
     </span>
    </p>
   </div>
   <div class='ocr_carea' id='block_1_10' title="bbox 420 1024 1995 1102">
    <p class='ocr_par' dir='ltr' id='par_1_10' title="bbox 420 1024 1995 1102">
     <span class='ocr_line' id='line_1_10' title="bbox 420 1024 1995 1102; baseline 0.004 -26"><span class='ocrx_word' id='word_1_58' title='bbox 420 1024 691 1095; x_wconf 81' lang='grc' dir='ltr'>ηρτῆσθαι</span> <span class='ocrx_word' id='word_1_59' title='bbox 719 1026 883 1097; x_wconf 78' lang='grc' dir='ltr'>ἐχρῆν</span> <span class='ocrx_word' id='word_1_60' title='bbox 903 1043 917 1056; x_wconf 92' lang='grc'><strong>·</strong></span> <span class='ocrx_word' id='word_1_61' title='bbox 955 1026 1041 1078; x_wconf 86' lang='grc' dir='ltr'><strong>ἴνα</strong></span> <span class='ocrx_word' id='word_1_62' title='bbox 1074 1025 1133 1078; x_wconf 83' lang='grc' dir='ltr'><strong>τὸ</strong></span> <span class='ocrx_word' id='word_1_63' title='bbox 1167 1026 1292 1094; x_wconf 79' lang='grc' dir='ltr'>μὲν,</span> <span class='ocrx_word' id='word_1_64' title='bbox 1327 1024 1487 1094; x_wconf 84' lang='grc' dir='ltr'>μένον</span> <span class='ocrx_word' id='word_1_65' title='bbox 1517 1028 1600 1093; x_wconf 84' lang='grc' dir='ltr'>ἐφ’</span> <span class='ocrx_word' id='word_1_66' title='bbox 1630 1028 1819 1081; x_wconf 76' lang='grc' dir='ltr'>ἑαυτοῦ</span> <span class='ocrx_word' id='word_1_67' title='bbox 1840 1071 1854 1095; x_wconf 89' lang='grc'><strong>,</strong></span> 
     </span>
    </p>
   </div>
   <div class='ocr_carea' id='block_1_11' title="bbox 421 1114 1996 1187">
    <p class='ocr_par' dir='ltr' id='par_1_11' title="bbox 421 1114 1996 1187">
     <span class='ocr_line' id='line_1_11' title="bbox 421 1114 1996 1187; baseline 0.004 -20"><span class='ocrx_word' id='word_1_68' title='bbox 421 1114 611 1185; x_wconf 71' lang='grc' dir='ltr'>δαμίας</span> <span class='ocrx_word' id='word_1_69' title='bbox 644 1114 889 1186; x_wconf 82' lang='grc' dir='ltr'>ἀπολάϐῃ</span> <span class='ocrx_word' id='word_1_70' title='bbox 926 1116 1127 1186; x_wconf 82' lang='grc' dir='ltr'>βλάϐης</span> <span class='ocrx_word' id='word_1_71' title='bbox 1157 1118 1222 1168; x_wconf 84' lang='grc' dir='ltr'><strong>ὲκ</strong></span> <span class='ocrx_word' id='word_1_72' title='bbox 1261 1115 1360 1184; x_wconf 81' lang='grc' dir='ltr'><strong>τῆς</strong></span> <span class='ocrx_word' id='word_1_73' title='bbox 1394 1115 1530 1186; x_wconf 76' lang='grc' dir='ltr'>πρὸς</span> <span class='ocrx_word' id='word_1_74' title='bbox 1564 1115 1627 1169; x_wconf 83' lang='grc' dir='ltr'>τὸ</span> <span class='ocrx_word' id='word_1_75' title='bbox 1667 1120 1847 1187; x_wconf 83' lang='grc' dir='ltr'>χεῖρον</span> <span class='ocrx_word' id='word_1_76' title='bbox 1889 1136 1996 1173; x_wconf 83' lang='grc' dir='ltr'>κοι-</span> 
     </span>
    </p>
   </div>
   <div class='ocr_carea' id='block_1_12' title="bbox 423 1201 1994 1273">
    <p class='ocr_par' dir='ltr' id='par_1_12' title="bbox 423 1201 1994 1273">
     <span class='ocr_line' id='line_1_12' title="bbox 423 1201 1994 1273; baseline 0.003 -12"><span class='ocrx_word' id='word_1_77' title='bbox 423 1201 655 1271; x_wconf 80' lang='grc' dir='ltr'>νωνίας·</span> <span class='ocrx_word' id='word_1_78' title='bbox 710 1209 770 1261; x_wconf 83' lang='grc' dir='ltr'><strong>τὸ</strong></span> <span class='ocrx_word' id='word_1_79' title='bbox 814 1208 857 1260; x_wconf 86' lang='grc' dir='ltr'>δ’</span> <span class='ocrx_word' id='word_1_80' title='bbox 903 1208 1133 1262; x_wconf 81' lang='grc' dir='ltr'>ἄτακτον</span> <span class='ocrx_word' id='word_1_81' title='bbox 1186 1204 1247 1272; x_wconf 80' lang='grc' dir='ltr'>ἐξ</span> <span class='ocrx_word' id='word_1_82' title='bbox 1292 1207 1455 1269; x_wconf 81' lang='grc' dir='ltr'>αὑτοῦ</span> <span class='ocrx_word' id='word_1_83' title='bbox 1482 1250 1496 1273; x_wconf 94' lang='grc'><strong>,</strong></span> <span class='ocrx_word' id='word_1_84' title='bbox 1544 1209 1835 1263; x_wconf 82' lang='grc' dir='ltr'>καταδεθὲν</span> <span class='ocrx_word' id='word_1_85' title='bbox 1899 1212 1994 1265; x_wconf 78' lang='grc' dir='ltr'><strong>καὶ</strong></span> 
     </span>
    </p>
   </div>
   <div class='ocr_carea' id='block_1_13' title="bbox 424 1297 1995 1370">
    <p class='ocr_par' dir='ltr' id='par_1_13' title="bbox 424 1297 1995 1370">
     <span class='ocr_line' id='line_1_13' title="bbox 424 1297 1995 1370; baseline 0.004 -22"><span class='ocrx_word' id='word_1_86' title='bbox 424 1297 793 1367; x_wconf 83' lang='grc' dir='ltr'>συναρμοσθὲν</span> <span class='ocrx_word' id='word_1_87' title='bbox 813 1297 891 1368; x_wconf 83' lang='grc' dir='ltr'>τῷ</span> <span class='ocrx_word' id='word_1_88' title='bbox 916 1298 1200 1369; x_wconf 80' lang='grc' dir='ltr'>κρείττονι,</span> <span class='ocrx_word' id='word_1_89' title='bbox 1233 1298 1398 1368; x_wconf 74' lang='grc' dir='ltr'>μηδὲν</span> <span class='ocrx_word' id='word_1_90' title='bbox 1431 1298 1636 1369; x_wconf 67' lang='grc' dir='ltr'>βλάψαν</span> <span class='ocrx_word' id='word_1_91' title='bbox 1670 1303 1789 1363; x_wconf 85' lang='grc' dir='ltr'>ταῖς</span> <span class='ocrx_word' id='word_1_92' title='bbox 1814 1302 1995 1370; x_wconf 81' lang='grc' dir='ltr'>ἀνάγ-</span> 
     </span>
    </p>
   </div>
   <div class='ocr_carea' id='block_1_14' title="bbox 422 1387 1995 1462">
    <p class='ocr_par' dir='ltr' id='par_1_14' title="bbox 422 1387 1995 1462">
     <span class='ocr_line' id='line_1_14' title="bbox 422 1387 1995 1462; baseline 0.005 -23"><span class='ocrx_word' id='word_1_93' title='bbox 422 1403 546 1450; x_wconf 79' lang='grc' dir='ltr'>καις</span> <span class='ocrx_word' id='word_1_94' title='bbox 578 1387 684 1440; x_wconf 89' lang='grc' dir='ltr'><strong>τῶν</strong></span> <span class='ocrx_word' id='word_1_95' title='bbox 708 1388 923 1459; x_wconf 79' lang='grc' dir='ltr'>δεσμῶν</span> <span class='ocrx_word' id='word_1_96' title='bbox 962 1389 1099 1460; x_wconf 81' lang='grc' dir='ltr'>πρὸς</span> <span class='ocrx_word' id='word_1_97' title='bbox 1120 1390 1182 1442; x_wconf 83' lang='grc' dir='ltr'><strong>τὸ</strong></span> <span class='ocrx_word' id='word_1_98' title='bbox 1202 1393 1448 1460; x_wconf 83' lang='grc' dir='ltr'>κρεῖττον</span> <span class='ocrx_word' id='word_1_99' title='bbox 1472 1391 1755 1462; x_wconf 82' lang='grc' dir='ltr'>ὲκνικηθῇ.</span> <span class='ocrx_word' id='word_1_100' title='bbox 1779 1393 1871 1445; x_wconf 79' lang='grc' dir='ltr'><strong>Διὸ</strong></span> <span class='ocrx_word' id='word_1_101' title='bbox 1902 1396 1995 1447; x_wconf 78' lang='grc' dir='ltr'><strong>καὶ</strong></span> 
     </span>
    </p>
   </div>
   <div class='ocr_carea' id='block_1_15' title="bbox 424 1474 1994 1552">
    <p class='ocr_par' dir='ltr' id='par_1_15' title="bbox 424 1474 1994 1552">
     <span class='ocr_line' id='line_1_15' title="bbox 424 1474 1994 1552; baseline 0.003 -23"><span class='ocrx_word' id='word_1_102' title='bbox 424 1474 860 1546; x_wconf 74' lang='grc' dir='ltr'>κατεργάζεσθαι</span> <span class='ocrx_word' id='word_1_103' title='bbox 895 1479 990 1548; x_wconf 83' lang='grc' dir='ltr'><strong>μὲν</strong></span> <span class='ocrx_word' id='word_1_104' title='bbox 1020 1478 1147 1540; x_wconf 81' lang='grc' dir='ltr'>τοὺς</span> <span class='ocrx_word' id='word_1_105' title='bbox 1190 1477 1418 1548; x_wconf 83' lang='grc' dir='ltr'>δεσμοὺς</span> <span class='ocrx_word' id='word_1_106' title='bbox 1468 1479 1562 1532; x_wconf 80' lang='grc' dir='ltr'>τοῦ</span> <span class='ocrx_word' id='word_1_107' title='bbox 1607 1480 1955 1552; x_wconf 76' lang='grc' dir='ltr'>διαφέροντος</span> <span class='ocrx_word' id='word_1_108' title='bbox 1979 1520 1994 1545; x_wconf 90' lang='grc'><strong>,</strong></span> 
     </span>
    </p>
   </div>
   <div class='ocr_carea' id='block_1_16' title="bbox 424 1554 1994 1643">
    <p class='ocr_par' dir='ltr' id='par_1_16' title="bbox 424 1554 1994 1643">
     <span class='ocr_line' id='line_1_16' title="bbox 424 1554 1994 1643; baseline 0.003 -21"><span class='ocrx_word' id='word_1_109' title='bbox 424 1567 540 1622; x_wconf 83' lang='grc' dir='ltr'>ἀλλ’</span> <span class='ocrx_word' id='word_1_110' title='bbox 573 1554 633 1621; x_wconf 77' lang='grc' dir='ltr'><strong>ού</strong></span> <span class='ocrx_word' id='word_1_111' title='bbox 662 1567 758 1621; x_wconf 80' lang='grc' dir='ltr'>τοῦ</span> <span class='ocrx_word' id='word_1_112' title='bbox 792 1569 1014 1638; x_wconf 78' lang='grc' dir='ltr'>ἥττονος</span> <span class='ocrx_word' id='word_1_113' title='bbox 1045 1564 1141 1639; x_wconf 79' lang='grc' dir='ltr'><strong>ἦν·</strong></span> <span class='ocrx_word' id='word_1_114' title='bbox 1182 1569 1483 1622; x_wconf 83' lang='grc' dir='ltr'>συνδεῑσθαι</span> <span class='ocrx_word' id='word_1_115' title='bbox 1510 1570 1568 1623; x_wconf 82' lang='grc' dir='ltr'><strong>δὲ</strong></span> <span class='ocrx_word' id='word_1_116' title='bbox 1594 1571 1687 1624; x_wconf 82' lang='grc' dir='ltr'>τοῦ</span> <span class='ocrx_word' id='word_1_117' title='bbox 1720 1572 1994 1643; x_wconf 87' lang='grc' dir='ltr'>χείρονος,</span> 
     </span>
    </p>
   </div>
   <div class='ocr_carea' id='block_1_17' title="bbox 424 1659 1994 1737">
    <p class='ocr_par' dir='ltr' id='par_1_17' title="bbox 424 1659 1994 1737">
     <span class='ocr_line' id='line_1_17' title="bbox 424 1659 1994 1737; baseline 0.004 -26"><span class='ocrx_word' id='word_1_118' title='bbox 424 1660 501 1722; x_wconf 83' lang='grc' dir='ltr'>ὡς</span> <span class='ocrx_word' id='word_1_119' title='bbox 526 1659 647 1731; x_wconf 86' lang='grc' dir='ltr'>μηδ’</span> <span class='ocrx_word' id='word_1_120' title='bbox 671 1660 919 1724; x_wconf 78' lang='grc' dir='ltr'>ἐξουσίαν</span> <span class='ocrx_word' id='word_1_121' title='bbox 949 1660 1091 1730; x_wconf 84' lang='grc' dir='ltr'>ἒχειν</span> <span class='ocrx_word' id='word_1_122' title='bbox 1119 1679 1232 1723; x_wconf 87' lang='grc' dir='ltr'><strong>πως</strong></span> <span class='ocrx_word' id='word_1_123' title='bbox 1252 1662 1613 1717; x_wconf 79' lang='grc' dir='ltr'>ἀπολελύσθαι</span> <span class='ocrx_word' id='word_1_124' title='bbox 1634 1664 1744 1717; x_wconf 87' lang='grc' dir='ltr'><strong>τῶν</strong></span> <span class='ocrx_word' id='word_1_125' title='bbox 1761 1664 1994 1737; x_wconf 82' lang='grc' dir='ltr'>δεσμῶν.</span> 
     </span>
    </p>
   </div>
   <div class='ocr_carea' id='block_1_18' title="bbox 2099 660 3661 735">
    <p class='ocr_par' dir='ltr' id='par_1_18' title="bbox 2099 660 3661 735">
     <span class='ocr_line' id='line_1_18' title="bbox 2099 660 3661 735; baseline -0.003 -17"><span class='ocrx_word' id='word_1_126' title='bbox 2099 665 2187 718; x_wconf 89' lang='lat' dir='ltr'><strong>hic</strong></span> <span class='ocrx_word' id='word_1_127' title='bbox 2211 680 2384 720; x_wconf 84' lang='lat' dir='ltr'><strong>nexus</strong></span> <span class='ocrx_word' id='word_1_128' title='bbox 2412 666 2608 720; x_wconf 85' lang='lat' dir='ltr'><strong>confici</strong></span> <span class='ocrx_word' id='word_1_129' title='bbox 2630 667 2982 735; x_wconf 86' lang='lat' dir='ltr'><strong>copularique</strong></span> <span class='ocrx_word' id='word_1_130' title='bbox 3026 663 3227 719; x_wconf 86' lang='lat' dir='ltr'><strong>rectius</strong></span> <span class='ocrx_word' id='word_1_131' title='bbox 3254 669 3484 730; x_wconf 90' lang='lat' dir='ltr'><strong>poterat.</strong></span> <span class='ocrx_word' id='word_1_132' title='bbox 3516 660 3661 716; x_wconf 80' lang='lat' dir='ltr'><strong>Con-</strong></span> 
     </span>
    </p>
   </div>
   <div class='ocr_carea' id='block_1_19' title="bbox 2097 755 3661 827">
    <p class='ocr_par' dir='ltr' id='par_1_19' title="bbox 2097 755 3661 827">
     <span class='ocr_line' id='line_1_19' title="bbox 2097 755 3661 827; baseline -0.001 -18"><span class='ocrx_word' id='word_1_133' title='bbox 2097 756 2362 825; x_wconf 73' lang='lat' dir='ltr'><strong>glutinata</strong></span> <span class='ocrx_word' id='word_1_134' title='bbox 2399 765 2483 812; x_wconf 87' lang='lat' dir='ltr'><strong>est</strong></span> <span class='ocrx_word' id='word_1_135' title='bbox 2528 757 2694 827; x_wconf 82' lang='lat' dir='ltr'><strong>igitur</strong></span> <span class='ocrx_word' id='word_1_136' title='bbox 2731 772 2762 811; x_wconf 94' lang='lat' dir='ltr'><strong>a</strong></span> <span class='ocrx_word' id='word_1_137' title='bbox 2815 757 3000 811; x_wconf 85' lang='lat' dir='ltr'><strong>divino</strong></span> <span class='ocrx_word' id='word_1_138' title='bbox 3049 768 3298 810; x_wconf 91' lang='lat' dir='ltr'><strong>sermone</strong></span> <span class='ocrx_word' id='word_1_139' title='bbox 3340 769 3446 807; x_wconf 90' lang='lat' dir='ltr'><strong>non</strong></span> <span class='ocrx_word' id='word_1_140' title='bbox 3477 755 3661 808; x_wconf 83' lang='lat' dir='ltr'><strong>anima</strong></span> 
     </span>
    </p>
   </div>
   <div class='ocr_carea' id='block_1_20' title="bbox 2100 844 3764 915">
    <p class='ocr_par' dir='ltr' id='par_1_20' title="bbox 2100 844 3764 915">
     <span class='ocr_line' id='line_1_20' title="bbox 2100 844 3764 915; baseline -0.003 -14"><span class='ocrx_word' id='word_1_141' title='bbox 2100 847 2263 902; x_wconf 82' lang='lat' dir='ltr'><strong>David</strong></span> <span class='ocrx_word' id='word_1_142' title='bbox 2297 848 2492 903; x_wconf 70' lang='lat' dir='ltr'><strong>anima:</strong></span> <span class='ocrx_word' id='word_1_143' title='bbox 2522 847 2803 915; x_wconf 78' lang='lat' dir='ltr'><strong>Jonathae;</strong></span> <span class='ocrx_word' id='word_1_144' title='bbox 2846 849 2937 902; x_wconf 91' lang='lat' dir='ltr'><strong>sed</strong></span> <span class='ocrx_word' id='word_1_145' title='bbox 2965 857 3175 909; x_wconf 89' lang='lat' dir='ltr'><strong>contra,</strong></span> <span class='ocrx_word' id='word_1_146' title='bbox 3222 845 3504 899; x_wconf 75' lang='lat' dir='ltr'><strong>deterioris</strong></span> <span class='ocrx_word' id='word_1_147' title='bbox 3537 844 3660 898; x_wconf 84' lang='lat' dir='ltr'><strong>ani—</strong></span> <span class='ocrx_word' id='word_1_148' title='bbox 3748 847 3764 867; x_wconf 82' lang='lat'><strong>‘</strong></span> 
     </span>
    </p>
   </div>
   <div class='ocr_carea' id='block_1_21' title="bbox 2094 932 3657 1007">
    <p class='ocr_par' dir='ltr' id='par_1_21' title="bbox 2094 932 3657 1007">
     <span class='ocr_line' id='line_1_21' title="bbox 2094 932 3657 1007; baseline -0.002 -17"><span class='ocrx_word' id='word_1_149' title='bbox 2094 953 2183 990; x_wconf 88' lang='lat' dir='ltr'><strong>ma</strong></span> <span class='ocrx_word' id='word_1_150' title='bbox 2223 939 2304 992; x_wconf 92' lang='lat' dir='ltr'><strong>sic</strong></span> <span class='ocrx_word' id='word_1_151' title='bbox 2338 937 2550 1001; x_wconf 75' lang='lat' dir='ltr'><strong>aﬂecta,</strong></span> <span class='ocrx_word' id='word_1_152' title='bbox 2588 937 2957 1007; x_wconf 76' lang='lat' dir='ltr'><strong>conglutinata</strong></span> <span class='ocrx_word' id='word_1_153' title='bbox 3001 936 3199 990; x_wconf 87' lang='lat' dir='ltr'><strong>dicitur</strong></span> <span class='ocrx_word' id='word_1_154' title='bbox 3238 934 3431 989; x_wconf 76' lang='lat' dir='ltr'><strong>animae</strong></span> <span class='ocrx_word' id='word_1_155' title='bbox 3470 932 3657 994; x_wconf 83' lang='lat' dir='ltr'><strong>David.</strong></span> 
     </span>
    </p>
   </div>
   <div class='ocr_carea' id='block_1_22' title="bbox 2094 1025 3661 1098">
    <p class='ocr_par' dir='ltr' id='par_1_22' title="bbox 2094 1025 3661 1098">
     <span class='ocr_line' id='line_1_22' title="bbox 2094 1025 3661 1098; baseline -0.003 -17"><span class='ocrx_word' id='word_1_156' title='bbox 2094 1026 2205 1083; x_wconf 84' lang='lat' dir='ltr'><strong>Nec</strong></span> <span class='ocrx_word' id='word_1_157' title='bbox 2227 1029 2375 1082; x_wconf 89' lang='lat' dir='ltr'><strong>enim</strong></span> <span class='ocrx_word' id='word_1_158' title='bbox 2406 1043 2534 1098; x_wconf 88' lang='lat' dir='ltr'><strong>pars</strong></span> <span class='ocrx_word' id='word_1_159' title='bbox 2556 1030 2752 1097; x_wconf 87' lang='lat' dir='ltr'><strong>potior,</strong></span> <span class='ocrx_word' id='word_1_160' title='bbox 2778 1045 2900 1083; x_wconf 92' lang='lat' dir='ltr'><strong>cum</strong></span> <span class='ocrx_word' id='word_1_161' title='bbox 2930 1028 3032 1083; x_wconf 85' lang='lat' dir='ltr'><strong>sibi</strong></span> <span class='ocrx_word' id='word_1_162' title='bbox 3060 1043 3157 1097; x_wconf 90' lang='lat' dir='ltr'><strong>per</strong></span> <span class='ocrx_word' id='word_1_163' title='bbox 3181 1042 3239 1081; x_wconf 91' lang='lat' dir='ltr'><strong>se</strong></span> <span class='ocrx_word' id='word_1_164' title='bbox 3264 1027 3379 1095; x_wconf 89' lang='lat' dir='ltr'><strong>ipsa</strong></span> <span class='ocrx_word' id='word_1_165' title='bbox 3408 1025 3661 1088; x_wconf 78' lang='lat' dir='ltr'><strong>sufﬁciat,</strong></span> 
     </span>
    </p>
   </div>
   <div class='ocr_carea' id='block_1_23' title="bbox 2096 1116 3662 1190">
    <p class='ocr_par' dir='ltr' id='par_1_23' title="bbox 2096 1116 3662 1190">
     <span class='ocr_line' id='line_1_23' title="bbox 2096 1116 3662 1190; baseline -0.002 -18"><span class='ocrx_word' id='word_1_166' title='bbox 2096 1118 2352 1174; x_wconf 70' lang='lat' dir='ltr'><strong>deteriori</strong></span> <span class='ocrx_word' id='word_1_167' title='bbox 2379 1135 2436 1173; x_wconf 88' lang='lat' dir='ltr'><strong>se</strong></span> <span class='ocrx_word' id='word_1_168' title='bbox 2459 1120 2779 1190; x_wconf 76' lang='lat' dir='ltr'><strong>agglutinari</strong></span> <span class='ocrx_word' id='word_1_169' title='bbox 2805 1127 3055 1188; x_wconf 87' lang='lat' dir='ltr'><strong>cuperet;</strong></span> <span class='ocrx_word' id='word_1_170' title='bbox 3081 1118 3172 1172; x_wconf 90' lang='lat' dir='ltr'><strong>sed</strong></span> <span class='ocrx_word' id='word_1_171' title='bbox 3194 1116 3513 1173; x_wconf 71' lang='lat' dir='ltr'><strong>deteriorem</strong></span> <span class='ocrx_word' id='word_1_172' title='bbox 3539 1130 3662 1185; x_wconf 73' lang='lat' dir='ltr'><strong>qua:</strong></span> 
     </span>
    </p>
   </div>
   <div class='ocr_carea' id='block_1_24' title="bbox 2096 1207 3663 1280">
    <p class='ocr_par' dir='ltr' id='par_1_24' title="bbox 2096 1207 3663 1280">
     <span class='ocr_line' id='line_1_24' title="bbox 2096 1207 3663 1280; baseline -0.001 -19"><span class='ocrx_word' id='word_1_173' title='bbox 2096 1225 2199 1278; x_wconf 89' lang='lat' dir='ltr'><strong>ope</strong></span> <span class='ocrx_word' id='word_1_174' title='bbox 2228 1211 2429 1280; x_wconf 83' lang='lat' dir='ltr'><strong>indiget</strong></span> <span class='ocrx_word' id='word_1_175' title='bbox 2469 1210 2730 1275; x_wconf 86' lang='lat' dir='ltr'><strong>melioris,</strong></span> <span class='ocrx_word' id='word_1_176' title='bbox 2778 1227 2807 1263; x_wconf 92' lang='lat' dir='ltr'><strong>a</strong></span> <span class='ocrx_word' id='word_1_177' title='bbox 2855 1211 3064 1279; x_wconf 86' lang='lat' dir='ltr'><strong>potiore</strong></span> <span class='ocrx_word' id='word_1_178' title='bbox 3106 1207 3527 1276; x_wconf 83' lang='lat' dir='ltr'><strong>conglutinatam</strong></span> <span class='ocrx_word' id='word_1_179' title='bbox 3567 1207 3663 1260; x_wconf 64' lang='lat' dir='ltr'><strong>dee-</strong></span> 
     </span>
    </p>
   </div>
   <div class='ocr_carea' id='block_1_25' title="bbox 2101 1298 3657 1369">
    <p class='ocr_par' dir='ltr' id='par_1_25' title="bbox 2101 1298 3657 1369">
     <span class='ocr_line' id='line_1_25' title="bbox 2101 1298 3657 1369; baseline -0.001 -17"><span class='ocrx_word' id='word_1_180' title='bbox 2101 1300 2336 1368; x_wconf 89' lang='lat' dir='ltr'><strong>pendere</strong></span> <span class='ocrx_word' id='word_1_181' title='bbox 2364 1301 2635 1369; x_wconf 86' lang='lat' dir='ltr'><strong>oportuit:</strong></span> <span class='ocrx_word' id='word_1_182' title='bbox 2657 1311 2714 1356; x_wconf 91' lang='lat' dir='ltr'><strong>ut</strong></span> <span class='ocrx_word' id='word_1_183' title='bbox 2741 1301 2854 1354; x_wconf 67' lang='lat' dir='ltr'><strong>haec</strong></span> <span class='ocrx_word' id='word_1_184' title='bbox 2876 1300 3092 1369; x_wconf 83' lang='lat' dir='ltr'><strong>quidem</strong></span> <span class='ocrx_word' id='word_1_185' title='bbox 3119 1299 3174 1353; x_wconf 90' lang='lat' dir='ltr'><strong>in</strong></span> <span class='ocrx_word' id='word_1_186' title='bbox 3197 1312 3256 1352; x_wconf 87' lang='lat' dir='ltr'><strong>se</strong></span> <span class='ocrx_word' id='word_1_187' title='bbox 3277 1298 3392 1366; x_wconf 88' lang='lat' dir='ltr'><strong>ipsa</strong></span> <span class='ocrx_word' id='word_1_188' title='bbox 3412 1312 3657 1362; x_wconf 87' lang='lat' dir='ltr'><strong>manens,</strong></span> 
     </span>
    </p>
   </div>
   <div class='ocr_carea' id='block_1_26' title="bbox 2095 1391 3661 1460">
    <p class='ocr_par' dir='ltr' id='par_1_26' title="bbox 2095 1391 3661 1460">
     <span class='ocr_line' id='line_1_26' title="bbox 2095 1391 3661 1460; baseline -0.001 -15"><span class='ocrx_word' id='word_1_189' title='bbox 2095 1394 2362 1446; x_wconf 88' lang='lat' dir='ltr'><strong>damnum</strong></span> <span class='ocrx_word' id='word_1_190' title='bbox 2398 1394 2607 1447; x_wconf 90' lang='lat' dir='ltr'><strong>nullum</strong></span> <span class='ocrx_word' id='word_1_191' title='bbox 2650 1410 2713 1447; x_wconf 78' lang='lat' dir='ltr'><strong>ex</strong></span> <span class='ocrx_word' id='word_1_192' title='bbox 2762 1392 3050 1448; x_wconf 85' lang='lat' dir='ltr'><strong>deterioris</strong></span> <span class='ocrx_word' id='word_1_193' title='bbox 3090 1391 3473 1446; x_wconf 90' lang='lat' dir='ltr'><strong>communione</strong></span> <span class='ocrx_word' id='word_1_194' title='bbox 3501 1405 3661 1460; x_wconf 81' lang='lat' dir='ltr'><strong>cape-</strong></span> 
     </span>
    </p>
   </div>
   <div class='ocr_carea' id='block_1_27' title="bbox 2097 1481 3663 1553">
    <p class='ocr_par' dir='ltr' id='par_1_27' title="bbox 2097 1481 3663 1553">
     <span class='ocr_line' id='line_1_27' title="bbox 2097 1481 3663 1553; baseline -0.001 -18"><span class='ocrx_word' id='word_1_195' title='bbox 2097 1492 2209 1536; x_wconf 89' lang='lat' dir='ltr'><strong>ret:</strong></span> <span class='ocrx_word' id='word_1_196' title='bbox 2247 1498 2371 1551; x_wconf 66' lang='lat' dir='ltr'><strong>qua:</strong></span> <span class='ocrx_word' id='word_1_197' title='bbox 2404 1494 2584 1539; x_wconf 85' lang='lat' dir='ltr'><strong>autem</strong></span> <span class='ocrx_word' id='word_1_198' title='bbox 2612 1500 2678 1538; x_wconf 83' lang='lat' dir='ltr'><strong>ex</strong></span> <span class='ocrx_word' id='word_1_199' title='bbox 2707 1499 2766 1540; x_wconf 89' lang='lat' dir='ltr'><strong>se</strong></span> <span class='ocrx_word' id='word_1_200' title='bbox 2789 1484 3145 1553; x_wconf 86' lang='lat' dir='ltr'><strong>incomposita</strong></span> <span class='ocrx_word' id='word_1_201' title='bbox 3171 1490 3308 1545; x_wconf 90' lang='lat' dir='ltr'><strong>erat,</strong></span> <span class='ocrx_word' id='word_1_202' title='bbox 3332 1481 3582 1549; x_wconf 79' lang='lat' dir='ltr'><strong>colligata</strong></span> <span class='ocrx_word' id='word_1_203' title='bbox 3607 1489 3663 1535; x_wconf 87' lang='lat' dir='ltr'><strong>et</strong></span> 
     </span>
    </p>
   </div>
   <div class='ocr_carea' id='block_1_28' title="bbox 2097 1571 3663 1644">
    <p class='ocr_par' dir='ltr' id='par_1_28' title="bbox 2097 1571 3663 1644">
     <span class='ocr_line' id='line_1_28' title="bbox 2097 1571 3663 1644; baseline -0.002 -16"><span class='ocrx_word' id='word_1_204' title='bbox 2097 1575 2391 1643; x_wconf 84' lang='lat' dir='ltr'><strong>conjuncta</strong></span> <span class='ocrx_word' id='word_1_205' title='bbox 2417 1590 2540 1630; x_wconf 90' lang='lat' dir='ltr'><strong>cum</strong></span> <span class='ocrx_word' id='word_1_206' title='bbox 2582 1576 2814 1644; x_wconf 80' lang='lat' dir='ltr'><strong>patiore,</strong></span> <span class='ocrx_word' id='word_1_207' title='bbox 2840 1574 2974 1628; x_wconf 89' lang='lat' dir='ltr'><strong>nihil</strong></span> <span class='ocrx_word' id='word_1_208' title='bbox 3010 1574 3130 1642; x_wconf 90' lang='lat' dir='ltr'><strong>ipsa</strong></span> <span class='ocrx_word' id='word_1_209' title='bbox 3172 1572 3431 1633; x_wconf 81' lang='lat' dir='ltr'><strong>alliciens,</strong></span> <span class='ocrx_word' id='word_1_210' title='bbox 3469 1571 3663 1625; x_wconf 78' lang='lat' dir='ltr'><strong>vincu—</strong></span> 
     </span>
    </p>
   </div>
   <div class='ocr_carea' id='block_1_29' title="bbox 2098 1658 3661 1742">
    <p class='ocr_par' dir='ltr' id='par_1_29' title="bbox 2098 1658 3661 1742">
     <span class='ocr_line' id='line_1_29' title="bbox 2098 1658 3661 1742; baseline 0 -28"><span class='ocrx_word' id='word_1_211' title='bbox 2098 1661 2273 1742; x_wconf 87' lang='lat' dir='ltr'><strong>lorum</strong></span> <span class='ocrx_word' id='word_1_212' title='bbox 2305 1679 2428 1717; x_wconf 88' lang='lat' dir='ltr'><strong>cum</strong></span> <span class='ocrx_word' id='word_1_213' title='bbox 2455 1678 2518 1718; x_wconf 88' lang='lat' dir='ltr'><strong>ea</strong></span> <span class='ocrx_word' id='word_1_214' title='bbox 2554 1679 2693 1718; x_wconf 83' lang='lat' dir='ltr'><strong>nexu</strong></span> <span class='ocrx_word' id='word_1_215' title='bbox 2716 1674 2769 1718; x_wconf 91' lang='lat' dir='ltr'><strong>ct</strong></span> <span class='ocrx_word' id='word_1_216' title='bbox 2802 1658 3124 1717; x_wconf 71' lang='lat' dir='ltr'><strong>necessitate</strong></span> <span class='ocrx_word' id='word_1_217' title='bbox 3145 1662 3468 1717; x_wconf 80' lang='lat' dir='ltr'><strong>vinceretur.</strong></span> <span class='ocrx_word' id='word_1_218' title='bbox 3506 1658 3661 1714; x_wconf 84' lang='lat' dir='ltr'><strong>Unde</strong></span> 
     </span>
    </p>
   </div>
   <div class='ocr_carea' id='block_1_30' title="bbox 325 2096 1692 2184">
    <p class='ocr_par' dir='ltr' id='par_1_30' title="bbox 325 2096 1692 2184">
     <span class='ocr_line' id='line_1_30' title="bbox 325 2096 1692 2184; baseline 0.004 -22"><span class='ocrx_word' id='word_1_219' title='bbox 325 2096 331 2108; x_wconf 66' lang='grc'><em>’</em></span> <span class='ocrx_word' id='word_1_220' title='bbox 423 2109 485 2163; x_wconf 83' lang='grc' dir='ltr'><strong>τὸ</strong></span> <span class='ocrx_word' id='word_1_221' title='bbox 510 2109 651 2163; x_wconf 86' lang='grc' dir='ltr'>θεῖον</span> <span class='ocrx_word' id='word_1_222' title='bbox 682 2111 913 2181; x_wconf 85' lang='grc' dir='ltr'>γράμμα</span> <span class='ocrx_word' id='word_1_223' title='bbox 944 2111 1083 2181; x_wconf 76' lang='grc' dir='ltr'>ἔχων</span> <span class='ocrx_word' id='word_1_224' title='bbox 1115 2111 1260 2169; x_wconf 80' lang='grc' dir='ltr'>οὕτω</span> <span class='ocrx_word' id='word_1_225' title='bbox 1291 2113 1692 2184; x_wconf 81' lang='grc' dir='ltr'>συνδεδεμένας.</span> 
     </span>
    </p>
   </div>
   <div class='ocr_carea' id='block_1_31' title="bbox 426 1748 1988 1826">
    <p class='ocr_par' dir='ltr' id='par_1_31' title="bbox 426 1748 1988 1826">
     <span class='ocr_line' id='line_1_31' title="bbox 426 1748 1988 1826; baseline 0.005 -25"><span class='ocrx_word' id='word_1_226' title='bbox 426 1750 712 1813; x_wconf 89' lang='grc' dir='ltr'>Τοιαύταις</span> <span class='ocrx_word' id='word_1_227' title='bbox 743 1752 881 1804; x_wconf 75' lang='grc' dir='ltr'>τισὶν</span> <span class='ocrx_word' id='word_1_228' title='bbox 913 1751 1177 1819; x_wconf 83' lang='grc' dir='ltr'>ἀνάγκαις</span> <span class='ocrx_word' id='word_1_229' title='bbox 1200 1751 1364 1825; x_wconf 73' lang='grc' dir='ltr'>Δαϐὶδ</span> <span class='ocrx_word' id='word_1_230' title='bbox 1392 1748 1542 1816; x_wconf 70' lang='grc' dir='ltr'>οὗτος</span> <span class='ocrx_word' id='word_1_231' title='bbox 1572 1754 1988 1826; x_wconf 81' lang='grc' dir='ltr'>συσφιγξάμενος</span> 
     </span>
    </p>
   </div>
   <div class='ocr_carea' id='block_1_32' title="bbox 2092 1748 3656 1826">
    <p class='ocr_par' dir='ltr' id='par_1_32' title="bbox 2102 1751 3656 1825">
     <span class='ocr_line' id='line_1_32' title="bbox 2102 1751 3656 1825; baseline 0 -19"><span class='ocrx_word' id='word_1_232' title='bbox 2102 1754 2314 1809; x_wconf 87' lang='lat' dir='ltr'><strong>vincula</strong></span> <span class='ocrx_word' id='word_1_233' title='bbox 2346 1754 2568 1821; x_wconf 86' lang='lat' dir='ltr'><strong>inferre,</strong></span> <span class='ocrx_word' id='word_1_234' title='bbox 2605 1754 2995 1825; x_wconf 55' lang='lat' dir='ltr'><strong>praestantioris</strong></span> <span class='ocrx_word' id='word_1_235' title='bbox 3019 1762 3157 1820; x_wconf 87' lang='lat' dir='ltr'><strong>erat,</strong></span> <span class='ocrx_word' id='word_1_236' title='bbox 3198 1768 3308 1808; x_wconf 83' lang='lat' dir='ltr'><strong>non</strong></span> <span class='ocrx_word' id='word_1_237' title='bbox 3355 1751 3656 1816; x_wconf 81' lang='lat' dir='ltr'><strong>inferioris;</strong></span> 
     </span>
    </p>
   </div>
   <div class='ocr_carea' id='block_1_33' title="bbox 426 1838 1988 1917">
    <p class='ocr_par' dir='ltr' id='par_1_33' title="bbox 426 1838 1988 1917">
     <span class='ocr_line' id='line_1_33' title="bbox 426 1838 1988 1917; baseline 0.006 -27"><span class='ocrx_word' id='word_1_238' title='bbox 426 1839 574 1908; x_wconf 80' lang='grc' dir='ltr'>ἡμᾶς</span> <span class='ocrx_word' id='word_1_239' title='bbox 606 1838 739 1910; x_wconf 73' lang='grc' dir='ltr'>ἔχει,</span> <span class='ocrx_word' id='word_1_240' title='bbox 774 1840 868 1893; x_wconf 81' lang='grc' dir='ltr'>νῦν</span> <span class='ocrx_word' id='word_1_241' title='bbox 899 1858 957 1893; x_wconf 90' lang='grc' dir='ltr'><strong>τε</strong></span> <span class='ocrx_word' id='word_1_242' title='bbox 989 1842 1084 1896; x_wconf 73' lang='grc' dir='ltr'><strong>καὶ</strong></span> <span class='ocrx_word' id='word_1_243' title='bbox 1114 1842 1172 1908; x_wconf 76' lang='grc' dir='ltr'>ἐξ</span> <span class='ocrx_word' id='word_1_244' title='bbox 1204 1843 1430 1906; x_wconf 80' lang='grc' dir='ltr'>ἐκείνου,</span> <span class='ocrx_word' id='word_1_245' title='bbox 1449 1844 1554 1896; x_wconf 77' lang='grc' dir='ltr'>οὐδ’</span> <span class='ocrx_word' id='word_1_246' title='bbox 1576 1846 1624 1897; x_wconf 88' lang='grc' dir='ltr'><strong>εί</strong></span> <span class='ocrx_word' id='word_1_247' title='bbox 1652 1846 1988 1917; x_wconf 78' lang='grc' dir='ltr'>βουλοίμεθα,</span> 
     </span>
    </p>
   </div>
   <div class='ocr_carea' id='block_1_34' title="bbox 2092 1838 3660 1917">
    <p class='ocr_par' dir='ltr' id='par_1_34' title="bbox 2100 1841 3660 1912">
     <span class='ocr_line' id='line_1_34' title="bbox 2100 1841 3660 1912; baseline -0.001 -16"><span class='ocrx_word' id='word_1_248' title='bbox 2100 1843 2428 1912; x_wconf 84' lang='lat' dir='ltr'><strong>agglutinari</strong></span> <span class='ocrx_word' id='word_1_249' title='bbox 2458 1852 2661 1910; x_wconf 87' lang='lat' dir='ltr'><strong>autem,</strong></span> <span class='ocrx_word' id='word_1_250' title='bbox 2694 1843 3010 1909; x_wconf 87' lang='lat' dir='ltr'><strong>deterioris;</strong></span> <span class='ocrx_word' id='word_1_251' title='bbox 3044 1843 3115 1897; x_wconf 87' lang='lat' dir='ltr'><strong>ita</strong></span> <span class='ocrx_word' id='word_1_252' title='bbox 3147 1842 3389 1912; x_wconf 87' lang='lat' dir='ltr'><strong>quidem,</strong></span> <span class='ocrx_word' id='word_1_253' title='bbox 3432 1850 3494 1895; x_wconf 90' lang='lat' dir='ltr'><strong>ut</strong></span> <span class='ocrx_word' id='word_1_254' title='bbox 3535 1841 3660 1894; x_wconf 84' lang='lat' dir='ltr'><strong>vin-</strong></span> 
     </span>
    </p>
   </div>
   <div class='ocr_carea' id='block_1_35' title="bbox 425 1928 1988 2005">
    <p class='ocr_par' dir='ltr' id='par_1_35' title="bbox 425 1928 1988 2003">
     <span class='ocr_line' id='line_1_35' title="bbox 425 1928 1988 2003; baseline 0.004 -21"><span class='ocrx_word' id='word_1_255' title='bbox 425 1928 532 1982; x_wconf 87' lang='grc' dir='ltr'><strong>τῶν</strong></span> <span class='ocrx_word' id='word_1_256' title='bbox 563 1929 774 1999; x_wconf 83' lang='grc' dir='ltr'>δεσμῶν</span> <span class='ocrx_word' id='word_1_257' title='bbox 806 1930 970 1987; x_wconf 74' lang='grc' dir='ltr'>αὑτοῦ</span> <span class='ocrx_word' id='word_1_258' title='bbox 1015 1931 1266 1997; x_wconf 78' lang='grc' dir='ltr'>λελύσθαι</span> <span class='ocrx_word' id='word_1_259' title='bbox 1300 1932 1647 2003; x_wconf 85' lang='grc' dir='ltr'>δυναμένους.</span> <span class='ocrx_word' id='word_1_260' title='bbox 1691 1936 1764 1988; x_wconf 85' lang='grc' dir='ltr'><strong>Οὐ</strong></span> <span class='ocrx_word' id='word_1_261' title='bbox 1796 1936 1988 1998; x_wconf 74' lang='grc' dir='ltr'>τοίνυν,</span> 
     </span>
    </p>
   </div>
   <div class='ocr_carea' id='block_1_36' title="bbox 2092 1928 3661 2005">
    <p class='ocr_par' dir='ltr' id='par_1_36' title="bbox 2099 1932 3661 2005">
     <span class='ocr_line' id='line_1_36' title="bbox 2099 1932 3661 2005; baseline -0.003 -16"><span class='ocrx_word' id='word_1_262' title='bbox 2099 1936 2238 1990; x_wconf 90' lang='lat' dir='ltr'><strong>culis</strong></span> <span class='ocrx_word' id='word_1_263' title='bbox 2284 1936 2537 2005; x_wconf 78' lang='lat' dir='ltr'><strong>expedire</strong></span> <span class='ocrx_word' id='word_1_264' title='bbox 2582 1952 2641 1992; x_wconf 90' lang='lat' dir='ltr'><strong>se</strong></span> <span class='ocrx_word' id='word_1_265' title='bbox 2683 1937 3086 2005; x_wconf 87' lang='lat' dir='ltr'><strong>quodammodo</strong></span> <span class='ocrx_word' id='word_1_266' title='bbox 3126 1951 3235 1990; x_wconf 90' lang='lat' dir='ltr'><strong>non</strong></span> <span class='ocrx_word' id='word_1_267' title='bbox 3286 1943 3490 2004; x_wconf 77' lang='lat' dir='ltr'><strong>posset.</strong></span> <span class='ocrx_word' id='word_1_268' title='bbox 3542 1932 3661 1987; x_wconf 86' lang='lat' dir='ltr'><strong>Tali</strong></span> 
     </span>
    </p>
   </div>
   <div class='ocr_carea' id='block_1_37' title="bbox 430 2018 1988 2096">
    <p class='ocr_par' dir='ltr' id='par_1_37' title="bbox 430 2018 1988 2094">
     <span class='ocr_line' id='line_1_37' title="bbox 430 2018 1988 2094; baseline 0.006 -25"><span class='ocrx_word' id='word_1_269' title='bbox 430 2018 523 2070; x_wconf 74' lang='grc' dir='ltr'><strong>καὶ</strong></span> <span class='ocrx_word' id='word_1_270' title='bbox 553 2019 602 2071; x_wconf 84' lang='grc' dir='ltr'><strong>εί</strong></span> <span class='ocrx_word' id='word_1_271' title='bbox 623 2018 1095 2090; x_wconf 82' lang='grc' dir='ltr'>άποδημήσαιμεν,</span> <span class='ocrx_word' id='word_1_272' title='bbox 1127 2021 1317 2091; x_wconf 84' lang='grc' dir='ltr'>ἀνήσει</span> <span class='ocrx_word' id='word_1_273' title='bbox 1339 2022 1433 2085; x_wconf 79' lang='grc' dir='ltr'>τὰς</span> <span class='ocrx_word' id='word_1_274' title='bbox 1460 2022 1634 2092; x_wconf 76' lang='grc' dir='ltr'>ψυχὰς</span> <span class='ocrx_word' id='word_1_275' title='bbox 1663 2023 1837 2094; x_wconf 88' lang='grc' dir='ltr'>ήμῶν,</span> <span class='ocrx_word' id='word_1_276' title='bbox 1855 2026 1988 2081; x_wconf 81' lang='grc' dir='ltr'>κατὰ</span> 
     </span>
    </p>
   </div>
   <div class='ocr_carea' id='block_1_38' title="bbox 2092 2018 3659 2096">
    <p class='ocr_par' dir='ltr' id='par_1_38' title="bbox 2096 2027 3659 2096">
     <span class='ocr_line' id='line_1_38' title="bbox 2096 2027 3659 2096; baseline 0.001 -16"><span class='ocrx_word' id='word_1_277' title='bbox 2096 2027 2334 2096; x_wconf 90' lang='lat' dir='ltr'><strong>quodam</strong></span> <span class='ocrx_word' id='word_1_278' title='bbox 2366 2027 2705 2083; x_wconf 83' lang='lat' dir='ltr'><strong>necessitatis</strong></span> <span class='ocrx_word' id='word_1_279' title='bbox 2730 2044 2870 2082; x_wconf 82' lang='lat' dir='ltr'><strong>nexu</strong></span> <span class='ocrx_word' id='word_1_280' title='bbox 2893 2027 3062 2082; x_wconf 88' lang='lat' dir='ltr'><strong>David</strong></span> <span class='ocrx_word' id='word_1_281' title='bbox 3094 2028 3183 2082; x_wconf 84' lang='lat' dir='ltr'><strong>hic</strong></span> <span class='ocrx_word' id='word_1_282' title='bbox 3208 2043 3308 2082; x_wconf 90' lang='lat' dir='ltr'><strong>nos</strong></span> <span class='ocrx_word' id='word_1_283' title='bbox 3332 2027 3659 2096; x_wconf 77' lang='lat' dir='ltr'><strong>astringens,</strong></span> 
     </span>
    </p>
   </div>
   <div class='ocr_carea' id='block_1_39' title="bbox 2094 2118 3660 2188">
    <p class='ocr_par' dir='ltr' id='par_1_39' title="bbox 2094 2118 3660 2188">
     <span class='ocr_line' id='line_1_39' title="bbox 2094 2118 3660 2188; baseline 0.001 -17"><span class='ocrx_word' id='word_1_284' title='bbox 2094 2132 2161 2171; x_wconf 79' lang='lat' dir='ltr'><strong>ex</strong></span> <span class='ocrx_word' id='word_1_285' title='bbox 2200 2134 2266 2172; x_wconf 94' lang='lat' dir='ltr'><strong>eo</strong></span> <span class='ocrx_word' id='word_1_286' title='bbox 2307 2127 2549 2188; x_wconf 84' lang='lat' dir='ltr'><strong>tempore</strong></span> <span class='ocrx_word' id='word_1_287' title='bbox 2585 2130 2770 2188; x_wconf 89' lang='lat' dir='ltr'><strong>captos</strong></span> <span class='ocrx_word' id='word_1_288' title='bbox 2817 2130 2982 2184; x_wconf 88' lang='lat' dir='ltr'><strong>tenet,</strong></span> <span class='ocrx_word' id='word_1_289' title='bbox 3026 2136 3126 2174; x_wconf 91' lang='lat' dir='ltr'><strong>nec</strong></span> <span class='ocrx_word' id='word_1_290' title='bbox 3170 2119 3215 2174; x_wconf 90' lang='lat' dir='ltr'><strong>si</strong></span> <span class='ocrx_word' id='word_1_291' title='bbox 3258 2119 3508 2184; x_wconf 84' lang='lat' dir='ltr'><strong>velimus,</strong></span> <span class='ocrx_word' id='word_1_292' title='bbox 3540 2118 3660 2185; x_wconf 87' lang='lat' dir='ltr'><strong>ejus</strong></span> 
     </span>
    </p>
   </div>
   <div class='ocr_carea' id='block_1_40' title="bbox 421 2202 3661 2286">
    <p class='ocr_par' dir='ltr' id='par_1_40' title="bbox 421 2202 3661 2286">
     <span class='ocr_line' id='line_1_40' title="bbox 421 2202 3661 2286; baseline 0.004 -32"><span class='ocrx_word' id='word_1_293' title='bbox 421 2202 654 2258; x_wconf 79' lang='lat' dir='ltr'><strong>vinculis</strong></span> <span class='ocrx_word' id='word_1_294' title='bbox 695 2203 931 2258; x_wconf 79' lang='lat' dir='ltr'><strong>eximere</strong></span> <span class='ocrx_word' id='word_1_295' title='bbox 969 2220 1070 2260; x_wconf 91' lang='lat' dir='ltr'><strong>nos</strong></span> <span class='ocrx_word' id='word_1_296' title='bbox 1098 2207 1360 2264; x_wconf 77' lang='lat' dir='ltr'><strong>valentes.</strong></span> <span class='ocrx_word' id='word_1_297' title='bbox 1389 2206 1498 2262; x_wconf 88' lang='lat' dir='ltr'><strong>Nec</strong></span> <span class='ocrx_word' id='word_1_298' title='bbox 1523 2208 1687 2277; x_wconf 81' lang='lat' dir='ltr'><strong>igitur</strong></span> <span class='ocrx_word' id='word_1_299' title='bbox 1725 2208 1770 2265; x_wconf 75' lang='grc' dir='ltr'>εἰ</span> <span class='ocrx_word' id='word_1_300' title='bbox 1795 2209 2075 2277; x_wconf 75' lang='lat' dir='ltr'><strong>abeamus,</strong></span> <span class='ocrx_word' id='word_1_301' title='bbox 2104 2213 2370 2272; x_wconf 76' lang='lat' dir='ltr'><strong>relaxabit</strong></span> <span class='ocrx_word' id='word_1_302' title='bbox 2393 2215 2604 2271; x_wconf 85' lang='lat' dir='ltr'><strong>animas</strong></span> <span class='ocrx_word' id='word_1_303' title='bbox 2623 2224 2858 2275; x_wconf 83' lang='lat' dir='ltr'><strong>nostras,</strong></span> <span class='ocrx_word' id='word_1_304' title='bbox 2885 2230 3042 2286; x_wconf 89' lang='lat' dir='ltr'><strong>quas,</strong></span> <span class='ocrx_word' id='word_1_305' title='bbox 3063 2216 3216 2285; x_wconf 80' lang='lat' dir='ltr'><strong>juxta</strong></span> <span class='ocrx_word' id='word_1_306' title='bbox 3250 2214 3488 2269; x_wconf 85' lang='lat' dir='ltr'><strong>divinam</strong></span> <span class='ocrx_word' id='word_1_307' title='bbox 3513 2211 3661 2267; x_wconf 80' lang='lat' dir='ltr'><strong>Scri-</strong></span> 
     </span>
    </p>
   </div>
   <div class='ocr_carea' id='block_1_41' title="bbox 420 2299 1441 2381">
    <p class='ocr_par' dir='ltr' id='par_1_41' title="bbox 420 2299 1441 2381">
     <span class='ocr_line' id='line_1_41' title="bbox 420 2299 1441 2381; baseline 0.006 -32"><span class='ocrx_word' id='word_1_308' title='bbox 420 2304 657 2369; x_wconf 79' lang='lat' dir='ltr'><strong>pturam,</strong></span> <span class='ocrx_word' id='word_1_309' title='bbox 682 2299 1078 2367; x_wconf 80' lang='lat' dir='ltr'><strong>conglutinatas</strong></span> <span class='ocrx_word' id='word_1_310' title='bbox 1112 2300 1192 2355; x_wconf 93' lang='lat' dir='ltr'><strong>sic</strong></span> <span class='ocrx_word' id='word_1_311' title='bbox 1213 2310 1375 2355; x_wconf 90' lang='lat' dir='ltr'><strong>tenet.</strong></span> <span class='ocrx_word' id='word_1_312' title='bbox 1436 2374 1441 2381; x_wconf 26' lang='grc' dir='ltr'>ι</span> 
     </span>
    </p>
   </div>
   <div class='ocr_carea' id='block_1_42' title="bbox 491 2391 1996 2467">
    <p class='ocr_par' dir='ltr' id='par_1_42' title="bbox 491 2391 1996 2467">
     <span class='ocr_line' id='line_1_42' title="bbox 491 2391 1996 2467; baseline 0.007 -24"><span class='ocrx_word' id='word_1_313' title='bbox 491 2391 565 2444; x_wconf 91' lang='lat' dir='ltr'><strong>Z’.</strong></span> <span class='ocrx_word' id='word_1_314' title='bbox 606 2392 750 2462; x_wconf 80' lang='grc' dir='ltr'>Πλὴν</span> <span class='ocrx_word' id='word_1_315' title='bbox 781 2391 951 2457; x_wconf 79' lang='grc' dir='ltr'>οὕτως</span> <span class='ocrx_word' id='word_1_316' title='bbox 983 2395 1129 2465; x_wconf 79' lang='grc' dir='ltr'>ἡμᾶς</span> <span class='ocrx_word' id='word_1_317' title='bbox 1173 2395 1231 2462; x_wconf 76' lang='grc' dir='ltr'><strong>ἐξ</strong></span> <span class='ocrx_word' id='word_1_318' title='bbox 1262 2397 1435 2467; x_wconf 80' lang='grc' dir='ltr'>ἀρχῆς</span> <span class='ocrx_word' id='word_1_319' title='bbox 1472 2396 1605 2463; x_wconf 79' lang='grc' dir='ltr'>ἐλὼν</span> <span class='ocrx_word' id='word_1_320' title='bbox 1627 2438 1644 2463; x_wconf 94' lang='grc'><strong>,</strong></span> <span class='ocrx_word' id='word_1_321' title='bbox 1676 2397 1771 2452; x_wconf 79' lang='grc' dir='ltr'>καὶ</span> <span class='ocrx_word' id='word_1_322' title='bbox 1818 2397 1996 2455; x_wconf 83' lang='grc' dir='ltr'>πάντα</span> 
     </span>
    </p>
   </div>
   <div class='ocr_carea' id='block_1_43' title="bbox 419 2481 1993 2560">
    <p class='ocr_par' dir='ltr' id='par_1_43' title="bbox 419 2481 1993 2560">
     <span class='ocr_line' id='line_1_43' title="bbox 419 2481 1993 2560; baseline 0.006 -26"><span class='ocrx_word' id='word_1_323' title='bbox 419 2482 619 2552; x_wconf 84' lang='grc' dir='ltr'>τρόπον</span> <span class='ocrx_word' id='word_1_324' title='bbox 649 2483 1015 2555; x_wconf 79' lang='grc' dir='ltr'>ἐκπεριελθὼν</span> <span class='ocrx_word' id='word_1_325' title='bbox 1034 2524 1049 2550; x_wconf 94' lang='grc'><strong>,</strong></span> <span class='ocrx_word' id='word_1_326' title='bbox 1076 2487 1260 2558; x_wconf 78' lang='grc' dir='ltr'>ἐπειδὴ</span> <span class='ocrx_word' id='word_1_327' title='bbox 1293 2481 1490 2559; x_wconf 69' lang='grc' dir='ltr'>ἤνυστο</span> <span class='ocrx_word' id='word_1_328' title='bbox 1519 2489 1669 2560; x_wconf 82' lang='grc' dir='ltr'>αὐτῷ</span> <span class='ocrx_word' id='word_1_329' title='bbox 1699 2491 1759 2543; x_wconf 89' lang='grc' dir='ltr'><strong>τὸ</strong></span> <span class='ocrx_word' id='word_1_330' title='bbox 1792 2491 1993 2557; x_wconf 85' lang='grc' dir='ltr'>πλεῖον,</span> 
     </span>
    </p>
   </div>
   <div class='ocr_carea' id='block_1_44' title="bbox 410 2565 1995 2655">
    <p class='ocr_par' dir='ltr' id='par_1_44' title="bbox 410 2565 1995 2655">
     <span class='ocr_line' id='line_1_44' title="bbox 410 2565 1995 2655; baseline 0.006 -29"><span class='ocrx_word' id='word_1_331' title='bbox 410 2575 515 2637; x_wconf 55' lang='grc' dir='ltr'><strong>Δκαὶ</strong></span> <span class='ocrx_word' id='word_1_332' title='bbox 549 2573 728 2655; x_wconf 80' lang='grc' dir='ltr'>μένειν</span> <span class='ocrx_word' id='word_1_333' title='bbox 758 2576 961 2642; x_wconf 81' lang='grc' dir='ltr'>ἐδόκει,</span> <span class='ocrx_word' id='word_1_334' title='bbox 994 2578 1341 2642; x_wconf 79' lang='grc' dir='ltr'>τούντεῦθεν,</span> <span class='ocrx_word' id='word_1_335' title='bbox 1375 2565 1560 2652; x_wconf 79' lang='grc' dir='ltr'>ὥσπερ</span> <span class='ocrx_word' id='word_1_336' title='bbox 1600 2581 1654 2634; x_wconf 79' lang='grc' dir='ltr'>εἴ</span> <span class='ocrx_word' id='word_1_337' title='bbox 1680 2600 1763 2646; x_wconf 88' lang='grc' dir='ltr'><strong>τις</strong></span> <span class='ocrx_word' id='word_1_338' title='bbox 1793 2583 1995 2653; x_wconf 77' lang='grc' dir='ltr'>ἀγαθὸς</span> 
     </span>
    </p>
   </div>
   <div class='ocr_carea' id='block_1_45' title="bbox 392 2666 1995 2742">
    <p class='ocr_par' dir='ltr' id='par_1_45' title="bbox 392 2666 1995 2742">
     <span class='ocr_line' id='line_1_45' title="bbox 392 2666 1995 2742; baseline 0.008 -27"><span class='ocrx_word' id='word_1_339' title='bbox 392 2666 663 2735; x_wconf 84' lang='grc' dir='ltr'>-γεωργὸς</span> <span class='ocrx_word' id='word_1_340' title='bbox 690 2667 793 2736; x_wconf 82' lang='grc' dir='ltr'>γῆν</span> <span class='ocrx_word' id='word_1_341' title='bbox 820 2669 997 2740; x_wconf 76' lang='grc' dir='ltr'>ἀργήν</span> <span class='ocrx_word' id='word_1_342' title='bbox 1029 2687 1148 2723; x_wconf 88' lang='grc' dir='ltr'>τινα</span> <span class='ocrx_word' id='word_1_343' title='bbox 1167 2711 1182 2735; x_wconf 92' lang='grc'><strong>,</strong></span> <span class='ocrx_word' id='word_1_344' title='bbox 1216 2672 1311 2725; x_wconf 79' lang='grc' dir='ltr'>καὶ</span> <span class='ocrx_word' id='word_1_345' title='bbox 1343 2672 1459 2741; x_wconf 76' lang='grc' dir='ltr'>ἦτοι</span> <span class='ocrx_word' id='word_1_346' title='bbox 1501 2672 1619 2725; x_wconf 84' lang='grc' dir='ltr'>οὐδὲ</span> <span class='ocrx_word' id='word_1_347' title='bbox 1650 2671 1861 2742; x_wconf 73' lang='grc' dir='ltr'>εὔγειον</span> <span class='ocrx_word' id='word_1_348' title='bbox 1906 2675 1995 2727; x_wconf 86' lang='grc' dir='ltr'>ού-</span> 
     </span>
    </p>
   </div>
   <div class='ocr_carea' id='block_1_46' title="bbox 419 2752 1995 2835">
    <p class='ocr_par' dir='ltr' id='par_1_46' title="bbox 419 2752 1995 2835">
     <span class='ocr_line' id='line_1_46' title="bbox 419 2752 1995 2835; baseline 0.004 -26"><span class='ocrx_word' id='word_1_349' title='bbox 419 2755 606 2825; x_wconf 83' lang='grc' dir='ltr'>δαμῶς</span> <span class='ocrx_word' id='word_1_350' title='bbox 625 2796 641 2820; x_wconf 88' lang='grc'><strong>,</strong></span> <span class='ocrx_word' id='word_1_351' title='bbox 674 2757 809 2812; x_wconf 87' lang='grc' dir='ltr'>ἀλλά</span> <span class='ocrx_word' id='word_1_352' title='bbox 838 2772 957 2813; x_wconf 88' lang='grc' dir='ltr'>τινα</span> <span class='ocrx_word' id='word_1_353' title='bbox 987 2759 1234 2832; x_wconf 79' lang='grc' dir='ltr'>ἁλμυρὰν</span> <span class='ocrx_word' id='word_1_354' title='bbox 1264 2764 1356 2815; x_wconf 75' lang='grc' dir='ltr'>καὶ</span> <span class='ocrx_word' id='word_1_355' title='bbox 1388 2752 1755 2835; x_wconf 79' lang='grc' dir='ltr'>κεκαυμένην,</span> <span class='ocrx_word' id='word_1_356' title='bbox 1789 2765 1995 2818; x_wconf 84' lang='grc' dir='ltr'>ὑπόπε-</span> 
     </span>
    </p>
   </div>
   <div class='ocr_carea' id='block_1_47' title="bbox 421 2846 1992 2926">
    <p class='ocr_par' dir='ltr' id='par_1_47' title="bbox 421 2846 1992 2926">
     <span class='ocr_line' id='line_1_47' title="bbox 421 2846 1992 2926; baseline 0.004 -27"><span class='ocrx_word' id='word_1_357' title='bbox 421 2846 550 2919; x_wconf 73' lang='grc' dir='ltr'>τρόν</span> <span class='ocrx_word' id='word_1_358' title='bbox 582 2864 639 2899; x_wconf 89' lang='grc' dir='ltr'><strong>τε</strong></span> <span class='ocrx_word' id='word_1_359' title='bbox 671 2850 764 2902; x_wconf 74' lang='grc' dir='ltr'>καὶ</span> <span class='ocrx_word' id='word_1_360' title='bbox 805 2849 1086 2921; x_wconf 74' lang='grc' dir='ltr'>ψαφαράν,</span> <span class='ocrx_word' id='word_1_361' title='bbox 1114 2851 1147 2922; x_wconf 82' lang='grc' dir='ltr'>ἢ</span> <span class='ocrx_word' id='word_1_362' title='bbox 1177 2852 1237 2904; x_wconf 82' lang='grc' dir='ltr'>οὐ</span> <span class='ocrx_word' id='word_1_363' title='bbox 1268 2852 1442 2923; x_wconf 87' lang='grc' dir='ltr'>πάντη</span> <span class='ocrx_word' id='word_1_364' title='bbox 1478 2853 1576 2923; x_wconf 85' lang='grc' dir='ltr'><strong>μὲν</strong></span> <span class='ocrx_word' id='word_1_365' title='bbox 1606 2854 1840 2926; x_wconf 82' lang='grc' dir='ltr'>ἄφορον,</span> <span class='ocrx_word' id='word_1_366' title='bbox 1872 2854 1992 2907; x_wconf 80' lang='grc' dir='ltr'>οὐδέ</span> 
     </span>
    </p>
   </div>
   <div class='ocr_carea' id='block_1_48' title="bbox 421 2928 1991 3019">
    <p class='ocr_par' dir='ltr' id='par_1_48' title="bbox 421 2928 1991 3019">
     <span class='ocr_line' id='line_1_48' title="bbox 421 2928 1991 3019; baseline 0.006 -30"><span class='ocrx_word' id='word_1_367' title='bbox 421 2954 486 3006; x_wconf 86' lang='grc' dir='ltr'><strong>γε</strong></span> <span class='ocrx_word' id='word_1_368' title='bbox 518 2938 700 3008; x_wconf 78' lang='grc' dir='ltr'>ἀφυῆ,</span> <span class='ocrx_word' id='word_1_369' title='bbox 746 2940 880 2993; x_wconf 80' lang='grc' dir='ltr'><strong>ἀλλά</strong></span> <span class='ocrx_word' id='word_1_370' title='bbox 910 2943 1002 2994; x_wconf 80' lang='grc' dir='ltr'>καὶ</span> <span class='ocrx_word' id='word_1_371' title='bbox 1044 2928 1297 3019; x_wconf 28' lang='grc' dir='ltr'>πολυφυῆὶ</span> <span class='ocrx_word' id='word_1_372' title='bbox 1338 2944 1467 3015; x_wconf 79' lang='grc' dir='ltr'>μὲν,</span> <span class='ocrx_word' id='word_1_373' title='bbox 1514 2944 1707 3016; x_wconf 80' lang='grc' dir='ltr'>χέρσον</span> <span class='ocrx_word' id='word_1_374' title='bbox 1742 2945 1797 2998; x_wconf 85' lang='grc' dir='ltr'>δὲ</span> <span class='ocrx_word' id='word_1_375' title='bbox 1843 2946 1991 3017; x_wconf 81' lang='grc' dir='ltr'>ὅμως</span> 
     </span>
    </p>
   </div>
   <div class='ocr_carea' id='block_1_49' title="bbox 421 3029 1990 3107">
    <p class='ocr_par' dir='ltr' id='par_1_49' title="bbox 421 3029 1990 3107">
     <span class='ocr_line' id='line_1_49' title="bbox 421 3029 1990 3107; baseline 0.006 -27"><span class='ocrx_word' id='word_1_376' title='bbox 421 3029 519 3081; x_wconf 75' lang='grc' dir='ltr'><strong>καὶ</strong></span> <span class='ocrx_word' id='word_1_377' title='bbox 570 3029 955 3102; x_wconf 80' lang='grc' dir='ltr'>ἠμελημένην,</span> <span class='ocrx_word' id='word_1_378' title='bbox 1014 3033 1275 3098; x_wconf 83' lang='grc' dir='ltr'>ἀκάνθαις</span> <span class='ocrx_word' id='word_1_379' title='bbox 1343 3036 1438 3088; x_wconf 82' lang='grc' dir='ltr'><strong>καὶ</strong></span> <span class='ocrx_word' id='word_1_380' title='bbox 1502 3035 1729 3107; x_wconf 79' lang='grc' dir='ltr'>θάμνοις</span> <span class='ocrx_word' id='word_1_381' title='bbox 1779 3037 1990 3106; x_wconf 85' lang='grc' dir='ltr'>ἀγρίοις</span> 
     </span>
    </p>
   </div>
   <div class='ocr_carea' id='block_1_50' title="bbox 421 3120 1990 3200">
    <p class='ocr_par' dir='ltr' id='par_1_50' title="bbox 421 3120 1990 3200">
     <span class='ocr_line' id='line_1_50' title="bbox 421 3120 1990 3200; baseline 0.007 -29"><span class='ocrx_word' id='word_1_382' title='bbox 421 3120 875 3193; x_wconf 81' lang='grc' dir='ltr'>ὲστρυφνωμένην</span> <span class='ocrx_word' id='word_1_383' title='bbox 927 3124 1020 3177; x_wconf 71' lang='grc' dir='ltr'>καὶ</span> <span class='ocrx_word' id='word_1_384' title='bbox 1058 3121 1325 3196; x_wconf 81' lang='grc' dir='ltr'>δυσεργῆ·</span> <span class='ocrx_word' id='word_1_385' title='bbox 1370 3126 1402 3197; x_wconf 81' lang='grc' dir='ltr'>ἢ</span> <span class='ocrx_word' id='word_1_386' title='bbox 1447 3121 1536 3180; x_wconf 79' lang='grc' dir='ltr'>οἷά</span> <span class='ocrx_word' id='word_1_387' title='bbox 1574 3144 1658 3192; x_wconf 86' lang='grc' dir='ltr'><strong>τις</strong></span> <span class='ocrx_word' id='word_1_388' title='bbox 1690 3129 1990 3200; x_wconf 80' lang='grc' dir='ltr'>φυτουργὸς</span> 
     </span>
    </p>
   </div>
   <div class='ocr_carea' id='block_1_51' title="bbox 419 3206 1990 3294">
    <p class='ocr_par' dir='ltr' id='par_1_51' title="bbox 419 3206 1990 3294">
     <span class='ocr_line' id='line_1_51' title="bbox 419 3206 1990 3294; baseline 0.007 -29"><span class='ocrx_word' id='word_1_389' title='bbox 419 3212 556 3283; x_wconf 81' lang='grc' dir='ltr'>ἀνὴρ</span> <span class='ocrx_word' id='word_1_390' title='bbox 581 3215 765 3283; x_wconf 85' lang='grc' dir='ltr'>φυτὸν,</span> <span class='ocrx_word' id='word_1_391' title='bbox 794 3215 912 3285; x_wconf 80' lang='grc' dir='ltr'>ἦτοι</span> <span class='ocrx_word' id='word_1_392' title='bbox 938 3206 1148 3289; x_wconf 79' lang='grc' dir='ltr'>ἄγριον,</span> <span class='ocrx_word' id='word_1_393' title='bbox 1178 3220 1272 3272; x_wconf 74' lang='grc' dir='ltr'>καὶ</span> <span class='ocrx_word' id='word_1_394' title='bbox 1301 3219 1526 3290; x_wconf 88' lang='grc' dir='ltr'>καρπῶν</span> <span class='ocrx_word' id='word_1_395' title='bbox 1548 3221 1767 3292; x_wconf 87' lang='grc' dir='ltr'>ήμέρων</span> <span class='ocrx_word' id='word_1_396' title='bbox 1789 3222 1990 3294; x_wconf 82' lang='grc' dir='ltr'>ἄφορον</span> 
     </span>
    </p>
   </div>
   <div class='ocr_carea' id='block_1_52' title="bbox 425 3304 1987 3387">
    <p class='ocr_par' dir='ltr' id='par_1_52' title="bbox 425 3304 1987 3387">
     <span class='ocr_line' id='line_1_52' title="bbox 425 3304 1987 3387; baseline 0.008 -31"><span class='ocrx_word' id='word_1_397' title='bbox 425 3304 543 3374; x_wconf 83' lang='grc' dir='ltr'>μὲν,</span> <span class='ocrx_word' id='word_1_398' title='bbox 560 3307 621 3358; x_wconf 85' lang='grc' dir='ltr'><strong>οὐ</strong></span> <span class='ocrx_word' id='word_1_399' title='bbox 645 3307 752 3378; x_wconf 82' lang='grc' dir='ltr'>μὴν</span> <span class='ocrx_word' id='word_1_400' title='bbox 772 3308 948 3378; x_wconf 81' lang='grc' dir='ltr'>πάντη</span> <span class='ocrx_word' id='word_1_401' title='bbox 973 3310 1245 3381; x_wconf 81' lang='grc' dir='ltr'>ἄχρηστον</span> <span class='ocrx_word' id='word_1_402' title='bbox 1264 3329 1275 3341; x_wconf 92' lang='grc'><strong>·</strong></span> <span class='ocrx_word' id='word_1_403' title='bbox 1304 3312 1462 3375; x_wconf 77' lang='grc' dir='ltr'>εἴτις</span> <span class='ocrx_word' id='word_1_404' title='bbox 1483 3314 1647 3387; x_wconf 80' lang='grc' dir='ltr'>τέχνῃ</span> <span class='ocrx_word' id='word_1_405' title='bbox 1664 3317 1728 3385; x_wconf 86' lang='grc' dir='ltr'>τῇ</span> <span class='ocrx_word' id='word_1_406' title='bbox 1754 3332 1987 3386; x_wconf 57' lang='grc' dir='ltr'>φυτουρτ</span> 
     </span>
    </p>
   </div>
   <div class='ocr_carea' id='block_1_53' title="bbox 419 3396 1991 3478">
    <p class='ocr_par' dir='ltr' id='par_1_53' title="bbox 419 3396 1991 3478">
     <span class='ocr_line' id='line_1_53' title="bbox 419 3396 1991 3478; baseline 0.01 -31"><span class='ocrx_word' id='word_1_407' title='bbox 419 3399 548 3467; x_wconf 80' lang='grc' dir='ltr'>γικῇ</span> <span class='ocrx_word' id='word_1_408' title='bbox 580 3397 759 3467; x_wconf 88' lang='grc' dir='ltr'>φέρων</span> <span class='ocrx_word' id='word_1_409' title='bbox 799 3396 1025 3468; x_wconf 84' lang='grc' dir='ltr'>βλαστὸν</span> <span class='ocrx_word' id='word_1_410' title='bbox 1055 3402 1262 3474; x_wconf 79' lang='grc' dir='ltr'>ἥμερον</span> <span class='ocrx_word' id='word_1_411' title='bbox 1293 3404 1646 3473; x_wconf 82' lang='grc' dir='ltr'>ὲμφυτεύσει,</span> <span class='ocrx_word' id='word_1_412' title='bbox 1678 3404 1839 3477; x_wconf 82' lang='grc' dir='ltr'>μέσον</span> <span class='ocrx_word' id='word_1_413' title='bbox 1877 3408 1991 3478; x_wconf 56' lang='grc' dir='ltr'>σχίὲ</span> 
     </span>
    </p>
   </div>
   <div class='ocr_carea' id='block_1_54' title="bbox 421 3485 1990 3569">
    <p class='ocr_par' dir='ltr' id='par_1_54' title="bbox 421 3485 1990 3569">
     <span class='ocr_line' id='line_1_54' title="bbox 421 3485 1990 3569; baseline 0.008 -30"><span class='ocrx_word' id='word_1_414' title='bbox 421 3504 521 3551; x_wconf 88' lang='grc' dir='ltr'><strong>σας</strong></span> <span class='ocrx_word' id='word_1_415' title='bbox 537 3528 553 3553; x_wconf 93' lang='grc'><strong>,</strong></span> <span class='ocrx_word' id='word_1_416' title='bbox 577 3485 695 3544; x_wconf 80' lang='grc' dir='ltr'>εἶτα</span> <span class='ocrx_word' id='word_1_417' title='bbox 724 3491 1014 3561; x_wconf 87' lang='grc' dir='ltr'>συμϐαλὼν</span> <span class='ocrx_word' id='word_1_418' title='bbox 1043 3494 1137 3547; x_wconf 75' lang='grc' dir='ltr'>καὶ</span> <span class='ocrx_word' id='word_1_419' title='bbox 1168 3495 1431 3566; x_wconf 83' lang='grc' dir='ltr'>συνδήσας</span> <span class='ocrx_word' id='word_1_420' title='bbox 1452 3536 1466 3559; x_wconf 86' lang='grc'><strong>,</strong></span> <span class='ocrx_word' id='word_1_421' title='bbox 1488 3496 1647 3569; x_wconf 78' lang='grc' dir='ltr'>ἄχρις</span> <span class='ocrx_word' id='word_1_422' title='bbox 1666 3497 1733 3552; x_wconf 84' lang='grc' dir='ltr'>ἂν</span> <span class='ocrx_word' id='word_1_423' title='bbox 1756 3516 1817 3551; x_wconf 91' lang='grc' dir='ltr'><strong>συ</strong></span> <span class='ocrx_word' id='word_1_424' title='bbox 1826 3498 1990 3569; x_wconf 87' lang='grc' dir='ltr'>μϐλύ-</span> 
     </span>
    </p>
   </div>
   <div class='ocr_carea' id='block_1_55' title="bbox 425 3577 1989 3658">
    <p class='ocr_par' dir='ltr' id='par_1_55' title="bbox 425 3577 1989 3658">
     <span class='ocr_line' id='line_1_55' title="bbox 425 3577 1989 3658; baseline 0.008 -32"><span class='ocrx_word' id='word_1_425' title='bbox 425 3590 595 3630; x_wconf 87' lang='grc' dir='ltr'>σαντα</span> <span class='ocrx_word' id='word_1_426' title='bbox 637 3577 713 3642; x_wconf 87' lang='grc' dir='ltr'>ὡς</span> <span class='ocrx_word' id='word_1_427' title='bbox 742 3578 865 3650; x_wconf 78' lang='grc'><strong>(85)</strong></span> <span class='ocrx_word' id='word_1_428' title='bbox 902 3579 1069 3651; x_wconf 78' lang='grc' dir='ltr'>ἄμφω</span> <span class='ocrx_word' id='word_1_429' title='bbox 1113 3583 1376 3655; x_wconf 87' lang='grc' dir='ltr'>τρέφηται</span> <span class='ocrx_word' id='word_1_430' title='bbox 1411 3583 1570 3652; x_wconf 77' lang='grc' dir='ltr'>(οὕτω</span> <span class='ocrx_word' id='word_1_431' title='bbox 1614 3586 1724 3658; x_wconf 76' lang='grc' dir='ltr'><strong>γάρ</strong></span> <span class='ocrx_word' id='word_1_432' title='bbox 1764 3587 1827 3641; x_wconf 88' lang='grc' dir='ltr'>ἂν</span> <span class='ocrx_word' id='word_1_433' title='bbox 1861 3588 1989 3651; x_wconf 81' lang='grc' dir='ltr'>ἴδοις</span> 
     </span>
    </p>
   </div>
   <div class='ocr_carea' id='block_1_56' title="bbox 425 3663 1988 3750">
    <p class='ocr_par' dir='ltr' id='par_1_56' title="bbox 425 3663 1988 3750">
     <span class='ocr_line' id='line_1_56' title="bbox 425 3663 1988 3750; baseline 0.01 -32"><span class='ocrx_word' id='word_1_434' title='bbox 425 3663 637 3739; x_wconf 84' lang='grc' dir='ltr'>δένδρον</span> <span class='ocrx_word' id='word_1_435' title='bbox 674 3687 728 3723; x_wconf 88' lang='grc' dir='ltr'><strong>τι</strong></span> <span class='ocrx_word' id='word_1_436' title='bbox 775 3672 1078 3741; x_wconf 82' lang='grc' dir='ltr'>συμμιγὲς,</span> <span class='ocrx_word' id='word_1_437' title='bbox 1124 3676 1214 3728; x_wconf 75' lang='grc' dir='ltr'><strong>καὶ</strong></span> <span class='ocrx_word' id='word_1_438' title='bbox 1261 3675 1412 3729; x_wconf 87' lang='grc' dir='ltr'>νόθον</span> <span class='ocrx_word' id='word_1_439' title='bbox 1457 3677 1587 3746; x_wconf 79' lang='grc' dir='ltr'>μὲν,</span> <span class='ocrx_word' id='word_1_440' title='bbox 1622 3678 1892 3750; x_wconf 72' lang='grc' dir='ltr'>εὔκαρπον</span> <span class='ocrx_word' id='word_1_441' title='bbox 1932 3679 1988 3739; x_wconf 76' lang='grc' dir='ltr'>δὲ</span> 
     </span>
    </p>
   </div>
   <div class='ocr_carea' id='block_1_57' title="bbox 425 3755 1989 3837">
    <p class='ocr_par' dir='ltr' id='par_1_57' title="bbox 425 3755 1989 3837">
     <span class='ocr_line' id='line_1_57' title="bbox 425 3755 1989 3837; baseline 0.007 -24"><span class='ocrx_word' id='word_1_442' title='bbox 425 3755 486 3823; x_wconf 72' lang='grc' dir='ltr'><strong>ἐξ</strong></span> <span class='ocrx_word' id='word_1_443' title='bbox 500 3758 769 3830; x_wconf 82' lang='grc' dir='ltr'>ἀκάρπου,</span> <span class='ocrx_word' id='word_1_444' title='bbox 787 3764 1031 3834; x_wconf 79' lang='grc' dir='ltr'>καρποὺς</span> <span class='ocrx_word' id='word_1_445' title='bbox 1055 3764 1237 3829; x_wconf 77' lang='grc' dir='ltr'>ἐλαίας</span> <span class='ocrx_word' id='word_1_446' title='bbox 1261 3766 1360 3836; x_wconf 76' lang='grc' dir='ltr'><strong>τῆς</strong></span> <span class='ocrx_word' id='word_1_447' title='bbox 1376 3766 1544 3837; x_wconf 83' lang='grc' dir='ltr'>καλῆς</span> <span class='ocrx_word' id='word_1_448' title='bbox 1572 3769 1664 3821; x_wconf 74' lang='grc' dir='ltr'>ἐπὶ</span> <span class='ocrx_word' id='word_1_449' title='bbox 1686 3768 1848 3837; x_wconf 76' lang='grc' dir='ltr'>ῥιζῶν</span> <span class='ocrx_word' id='word_1_450' title='bbox 1869 3771 1989 3825; x_wconf 84' lang='grc' dir='ltr'>ἀνα-</span> 
     </span>
    </p>
   </div>
   <div class='ocr_carea' id='block_1_58' title="bbox 424 3849 1987 3932">
    <p class='ocr_par' dir='ltr' id='par_1_58' title="bbox 424 3849 1987 3932">
     <span class='ocr_line' id='line_1_58' title="bbox 424 3849 1987 3932; baseline 0.01 -31"><span class='ocrx_word' id='word_1_451' title='bbox 424 3849 587 3920; x_wconf 85' lang='grc' dir='ltr'>φέρον</span> <span class='ocrx_word' id='word_1_452' title='bbox 625 3852 937 3927; x_wconf 58' lang='grc' dir='ltr'>ἀγρίωνιῆ</span> <span class='ocrx_word' id='word_1_453' title='bbox 977 3854 1165 3926; x_wconf 81' lang='grc' dir='ltr'>ἄγριον</span> <span class='ocrx_word' id='word_1_454' title='bbox 1208 3857 1325 3926; x_wconf 83' lang='grc' dir='ltr'>μὲν,</span> <span class='ocrx_word' id='word_1_455' title='bbox 1354 3859 1415 3911; x_wconf 84' lang='grc' dir='ltr'><strong>οὐ</strong></span> <span class='ocrx_word' id='word_1_456' title='bbox 1450 3858 1555 3930; x_wconf 81' lang='grc' dir='ltr'>μὴν</span> <span class='ocrx_word' id='word_1_457' title='bbox 1593 3860 1860 3932; x_wconf 80' lang='grc' dir='ltr'>ἄχρηστον</span> <span class='ocrx_word' id='word_1_458' title='bbox 1892 3863 1987 3916; x_wconf 82' lang='grc' dir='ltr'><strong>ἁν-</strong></span> 
     </span>
    </p>
   </div>
   <div class='ocr_carea' id='block_1_59' title="bbox 417 3940 1986 4024">
    <p class='ocr_par' dir='ltr' id='par_1_59' title="bbox 417 3940 1986 4024">
     <span class='ocr_line' id='line_1_59' title="bbox 417 3940 1986 4024; baseline 0.008 -31"><span class='ocrx_word' id='word_1_459' title='bbox 417 3940 504 4009; x_wconf 76' lang='grc' dir='ltr'>δρὶ</span> <span class='ocrx_word' id='word_1_460' title='bbox 527 3942 742 4024; x_wconf 76' lang='grc' dir='ltr'>τεχνίτῃ</span> <span class='ocrx_word' id='word_1_461' title='bbox 769 3946 1057 4016; x_wconf 83' lang='grc' dir='ltr'>φυτουργῷ</span> <span class='ocrx_word' id='word_1_462' title='bbox 1076 3963 1094 3983; x_wconf 65' lang='grc' dir='ltr'><strong>·η</strong></span> <span class='ocrx_word' id='word_1_463' title='bbox 1118 3946 1150 4016; x_wconf 80' lang='grc' dir='ltr'>ἢ</span> <span class='ocrx_word' id='word_1_464' title='bbox 1178 3947 1272 4000; x_wconf 75' lang='grc' dir='ltr'><strong>καὶ</strong></span> <span class='ocrx_word' id='word_1_465' title='bbox 1300 3948 1506 4019; x_wconf 79' lang='grc' dir='ltr'>ἥμερον</span> <span class='ocrx_word' id='word_1_466' title='bbox 1550 3951 1672 4021; x_wconf 82' lang='grc' dir='ltr'>μὲν,</span> <span class='ocrx_word' id='word_1_467' title='bbox 1714 3951 1986 4024; x_wconf 74' lang='grc' dir='ltr'>εὔκαρπον</span> 
     </span>
    </p>
   </div>
   <div class='ocr_carea' id='block_1_60' title="bbox 415 4016 1986 4134">
    <p class='ocr_par' dir='ltr' id='par_1_60' title="bbox 415 4016 1986 4134">
     <span class='ocr_line' id='line_1_60' title="bbox 415 4016 1986 4134; baseline 0.009 -52"><span class='ocrx_word' id='word_1_468' title='bbox 415 4030 475 4134; x_wconf 75' lang='grc' dir='ltr'>δὲ</span> <span class='ocrx_word' id='word_1_469' title='bbox 511 4016 710 4134; x_wconf 44' lang='lat' dir='ltr'><strong>etiam},</strong></span> <span class='ocrx_word' id='word_1_470' title='bbox 757 4032 807 4134; x_wconf 41' lang='lat' dir='ltr'><strong>ﬂ.</strong></span> <span class='ocrx_word' id='word_1_471' title='bbox 833 4035 1036 4134; x_wconf 79' lang='grc' dir='ltr'>ἀπορίᾳ</span> <span class='ocrx_word' id='word_1_472' title='bbox 1064 4036 1275 4134; x_wconf 31' lang='grc' dir='ltr'>’τέχνης</span> <span class='ocrx_word' id='word_1_473' title='bbox 1323 4016 1482 4093; x_wconf 79' lang='grc' dir='ltr'>πάλιν</span> <span class='ocrx_word' id='word_1_474' title='bbox 1522 4016 1864 4097; x_wconf 41' lang='grc' dir='ltr'>άκλάδευτον¹</span> <span class='ocrx_word' id='word_1_475' title='bbox 1893 4044 1986 4096; x_wconf 79' lang='grc' dir='ltr'><strong>καὶ</strong></span> 
     </span>
    </p>
   </div>
   <div class='ocr_carea' id='block_1_61' title="bbox 417 4122 1983 4206">
    <p class='ocr_par' dir='ltr' id='par_1_61' title="bbox 417 4122 1983 4206">
     <span class='ocr_line' id='line_1_61' title="bbox 417 4122 1983 4206; baseline 0.008 -30"><span class='ocrx_word' id='word_1_476' title='bbox 417 4122 709 4176; x_wconf 66' lang='grc' dir='ltr'>ἁπότιστον</span> <span class='ocrx_word' id='word_1_477' title='bbox 723 4125 817 4177; x_wconf 75' lang='grc' dir='ltr'>καὶ</span> <span class='ocrx_word' id='word_1_478' title='bbox 839 4125 1139 4197; x_wconf 77' lang='grc' dir='ltr'>αὐχμηρὸν,</span> <span class='ocrx_word' id='word_1_479' title='bbox 1158 4127 1478 4198; x_wconf 84' lang='grc' dir='ltr'>πνιγόμενον</span> <span class='ocrx_word' id='word_1_480' title='bbox 1499 4130 1602 4184; x_wconf 83' lang='grc' dir='ltr'><strong>ὑπὸ</strong></span> <span class='ocrx_word' id='word_1_481' title='bbox 1621 4132 1727 4185; x_wconf 88' lang='grc' dir='ltr'><strong>τῶν</strong></span> <span class='ocrx_word' id='word_1_482' title='bbox 1746 4134 1862 4187; x_wconf 71' lang='grc' dir='ltr'>ἐκεῖ</span> <span class='ocrx_word' id='word_1_483' title='bbox 1877 4134 1983 4206; x_wconf 79' lang='grc'><strong>(84)</strong></span> 
     </span>
    </p>
   </div>
   <div class='ocr_carea' id='block_1_62' title="bbox 418 4214 1988 4291">
    <p class='ocr_par' dir='ltr' id='par_1_62' title="bbox 418 4214 1988 4291">
     <span class='ocr_line' id='line_1_62' title="bbox 418 4214 1988 4291; baseline 0.007 -23"><span class='ocrx_word' id='word_1_484' title='bbox 418 4214 629 4268; x_wconf 88' lang='grc' dir='ltr'>πολλῶν</span> <span class='ocrx_word' id='word_1_485' title='bbox 651 4215 744 4269; x_wconf 58' lang='grc' dir='ltr'><strong>καί¹</strong></span> <span class='ocrx_word' id='word_1_486' title='bbox 778 4217 1045 4287; x_wconf 85' lang='grc' dir='ltr'>περιττῶν</span> <span class='ocrx_word' id='word_1_487' title='bbox 1072 4220 1421 4289; x_wconf 83' lang='grc' dir='ltr'>ἐκφυομένων</span> <span class='ocrx_word' id='word_1_488' title='bbox 1450 4222 1691 4291; x_wconf 83' lang='grc' dir='ltr'>βλαστῶν</span> <span class='ocrx_word' id='word_1_489' title='bbox 1709 4240 1721 4254; x_wconf 88' lang='grc'><strong>·</strong></span> <span class='ocrx_word' id='word_1_490' title='bbox 1756 4225 1988 4279; x_wconf 74' lang='grc' dir='ltr'>τελειοῦ-</span> 
     </span>
    </p>
   </div>
   <div class='ocr_carea' id='block_1_63' title="bbox 418 4305 1989 4387">
    <p class='ocr_par' dir='ltr' id='par_1_63' title="bbox 418 4305 1989 4387">
     <span class='ocr_line' id='line_1_63' title="bbox 418 4305 1989 4387; baseline 0.006 -28"><span class='ocrx_word' id='word_1_491' title='bbox 418 4305 543 4360; x_wconf 87' lang='grc' dir='ltr'>σθαι</span> <span class='ocrx_word' id='word_1_492' title='bbox 574 4305 631 4359; x_wconf 59' lang='lat' dir='ltr'><strong>se</strong></span> <span class='ocrx_word' id='word_1_493' title='bbox 654 4309 721 4378; x_wconf 83' lang='grc' dir='ltr'>τῇ</span> <span class='ocrx_word' id='word_1_494' title='bbox 751 4307 973 4381; x_wconf 81' lang='grc' dir='ltr'>βλάστῃ,</span> <span class='ocrx_word' id='word_1_495' title='bbox 1002 4310 1095 4363; x_wconf 75' lang='grc' dir='ltr'><strong>καὶ</strong></span> <span class='ocrx_word' id='word_1_496' title='bbox 1128 4310 1311 4378; x_wconf 84' lang='grc' dir='ltr'>φέρειν</span> <span class='ocrx_word' id='word_1_497' title='bbox 1347 4311 1438 4365; x_wconf 86' lang='grc' dir='ltr'><strong>τὸν</strong></span> <span class='ocrx_word' id='word_1_498' title='bbox 1469 4314 1677 4385; x_wconf 78' lang='grc' dir='ltr'>καρπὸν</span> <span class='ocrx_word' id='word_1_499' title='bbox 1704 4315 1793 4371; x_wconf 81' lang='grc' dir='ltr'>ὑπ’</span> <span class='ocrx_word' id='word_1_500' title='bbox 1827 4316 1989 4387; x_wconf 60' lang='grc' dir='ltr'>ἀλλήη</span> 
     </span>
    </p>
   </div>
   <div class='ocr_carea' id='block_1_64' title="bbox 419 4398 1989 4478">
    <p class='ocr_par' dir='ltr' id='par_1_64' title="bbox 419 4398 1989 4478">
     <span class='ocr_line' id='line_1_64' title="bbox 419 4398 1989 4478; baseline 0.008 -28"><span class='ocrx_word' id='word_1_501' title='bbox 419 4398 525 4451; x_wconf 88' lang='grc' dir='ltr'><strong>λων</strong></span> <span class='ocrx_word' id='word_1_502' title='bbox 583 4398 1045 4471; x_wconf 78' lang='grc' dir='ltr'>ὲμποδιζόμενον)·</span> <span class='ocrx_word' id='word_1_503' title='bbox 1097 4400 1367 4466; x_wconf 83' lang='grc' dir='ltr'>τοιούτους</span> <span class='ocrx_word' id='word_1_504' title='bbox 1424 4403 1574 4467; x_wconf 82' lang='grc' dir='ltr'>τινὰς</span> <span class='ocrx_word' id='word_1_505' title='bbox 1637 4407 1989 4478; x_wconf 79' lang='grc' dir='ltr'>παραλαϐὼν,</span> 
     </span>
    </p>
   </div>
   <div class='ocr_carea' id='block_1_65' title="bbox 420 4488 1985 4569">
    <p class='ocr_par' dir='ltr' id='par_1_65' title="bbox 420 4488 1985 4569">
     <span class='ocr_line' id='line_1_65' title="bbox 420 4488 1985 4569; baseline 0.007 -28"><span class='ocrx_word' id='word_1_506' title='bbox 420 4488 514 4542; x_wconf 74' lang='grc' dir='ltr'><strong>καὶ</strong></span> <span class='ocrx_word' id='word_1_507' title='bbox 538 4489 703 4562; x_wconf 82' lang='grc' dir='ltr'>τέχνῃ</span> <span class='ocrx_word' id='word_1_508' title='bbox 728 4489 922 4569; x_wconf 79' lang='grc' dir='ltr'>ἑαυτοῦ</span> <span class='ocrx_word' id='word_1_509' title='bbox 955 4492 1020 4562; x_wconf 81' lang='grc' dir='ltr'>τῇ</span> <span class='ocrx_word' id='word_1_510' title='bbox 1050 4495 1327 4564; x_wconf 83' lang='grc' dir='ltr'>γεωργικῇ</span> <span class='ocrx_word' id='word_1_511' title='bbox 1373 4490 1666 4569; x_wconf 61' lang='grc' dir='ltr'>ὲκπεριιδην</span> <span class='ocrx_word' id='word_1_512' title='bbox 1689 4497 1783 4551; x_wconf 79' lang='grc' dir='ltr'>καὶ</span> <span class='ocrx_word' id='word_1_513' title='bbox 1815 4514 1985 4551; x_wconf 87' lang='grc' dir='ltr'>κατα-</span> 
     </span>
    </p>
   </div>
   <div class='ocr_carea' id='block_1_66' title="bbox 418 4580 1987 4663">
    <p class='ocr_par' dir='ltr' id='par_1_66' title="bbox 418 4580 1987 4663">
     <span class='ocr_line' id='line_1_66' title="bbox 418 4580 1987 4663; baseline 0.006 -29"><span class='ocrx_word' id='word_1_514' title='bbox 418 4581 553 4635; x_wconf 90' lang='grc' dir='ltr'>νοῶν</span> <span class='ocrx_word' id='word_1_515' title='bbox 596 4581 657 4635; x_wconf 62' lang='lat' dir='ltr'><strong>ob</strong></span> <span class='ocrx_word' id='word_1_516' title='bbox 698 4580 768 4635; x_wconf 80' lang='grc' dir='ltr'>τὰ</span> <span class='ocrx_word' id='word_1_517' title='bbox 814 4584 979 4636; x_wconf 80' lang='grc' dir='ltr'>πᾶσιν</span> <span class='ocrx_word' id='word_1_518' title='bbox 1016 4582 1290 4655; x_wconf 52' lang='grc' dir='ltr'>ὁρῲμενα,</span> <span class='ocrx_word' id='word_1_519' title='bbox 1302 4584 1460 4655; x_wconf 88' lang='grc' dir='ltr'>μόνον</span> <span class='ocrx_word' id='word_1_520' title='bbox 1494 4586 1586 4638; x_wconf 74' lang='grc' dir='ltr'>καὶ</span> <span class='ocrx_word' id='word_1_521' title='bbox 1614 4580 1671 4639; x_wconf 75' lang='grc' dir='ltr'>ἓν</span> <span class='ocrx_word' id='word_1_522' title='bbox 1700 4588 1987 4663; x_wconf 72' lang='grc' dir='ltr'>ἐπιφανείᾳ</span> 
     </span>
    </p>
   </div>
   <div class='ocr_carea' id='block_1_67' title="bbox 422 4672 1987 4745">
    <p class='ocr_par' dir='ltr' id='par_1_67' title="bbox 422 4672 1987 4745">
     <span class='ocr_line' id='line_1_67' title="bbox 422 4672 1987 4745; baseline 0.007 -21"><span class='ocrx_word' id='word_1_523' title='bbox 422 4672 759 4743; x_wconf 74' lang='grc' dir='ltr'>βλεπόμενα*</span> <span class='ocrx_word' id='word_1_524' title='bbox 801 4673 1109 4745; x_wconf 84' lang='grc' dir='ltr'>ἀνορύττων</span> <span class='ocrx_word' id='word_1_525' title='bbox 1148 4674 1205 4728; x_wconf 82' lang='grc' dir='ltr'>δὲ</span> <span class='ocrx_word' id='word_1_526' title='bbox 1242 4677 1334 4729; x_wconf 82' lang='grc' dir='ltr'><strong>καὶ</strong></span> <span class='ocrx_word' id='word_1_527' title='bbox 1376 4677 1484 4732; x_wconf 89' lang='grc' dir='ltr'><strong>τῶν</strong></span> <span class='ocrx_word' id='word_1_528' title='bbox 1517 4678 1808 4733; x_wconf 79' lang='grc' dir='ltr'>ἐνδοτάτων</span> <span class='ocrx_word' id='word_1_529' title='bbox 1853 4682 1987 4735; x_wconf 86' lang='grc' dir='ltr'>ἀπο-</span> 
     </span>
    </p>
   </div>
   <div class='ocr_carea' id='block_1_68' title="bbox 418 4762 1988 4843">
    <p class='ocr_par' dir='ltr' id='par_1_68' title="bbox 418 4762 1988 4843">
     <span class='ocr_line' id='line_1_68' title="bbox 418 4762 1988 4843; baseline 0.008 -29"><span class='ocrx_word' id='word_1_530' title='bbox 418 4762 774 4835; x_wconf 84' lang='grc' dir='ltr'>πειρώμενος,</span> <span class='ocrx_word' id='word_1_531' title='bbox 800 4763 1019 4835; x_wconf 83' lang='grc' dir='ltr'>ὲρωτῶν</span> <span class='ocrx_word' id='word_1_532' title='bbox 1046 4766 1137 4819; x_wconf 75' lang='grc' dir='ltr'><strong>καὶ</strong></span> <span class='ocrx_word' id='word_1_533' title='bbox 1166 4767 1461 4837; x_wconf 83' lang='grc' dir='ltr'>προτείνων</span> <span class='ocrx_word' id='word_1_534' title='bbox 1492 4769 1584 4823; x_wconf 80' lang='grc' dir='ltr'><strong>καὶ</strong></span> <span class='ocrx_word' id='word_1_535' title='bbox 1615 4770 1988 4843; x_wconf 83' lang='grc' dir='ltr'>ἀποκριναμέ-</span> 
     </span>
    </p>
   </div>
   <div class='ocr_carea' id='block_1_69' title="bbox 418 4853 1985 4930">
    <p class='ocr_par' dir='ltr' id='par_1_69' title="bbox 418 4853 1985 4930">
     <span class='ocr_line' id='line_1_69' title="bbox 418 4853 1985 4930; baseline 0.006 -25"><span class='ocrx_word' id='word_1_536' title='bbox 418 4869 523 4907; x_wconf 90' lang='grc' dir='ltr'><strong>νων</strong></span> <span class='ocrx_word' id='word_1_537' title='bbox 566 4853 800 4919; x_wconf 88' lang='grc' dir='ltr'>άκούων,</span> <span class='ocrx_word' id='word_1_538' title='bbox 828 4853 1014 4925; x_wconf 75' lang='grc' dir='ltr'>ἐπειδὴ</span> <span class='ocrx_word' id='word_1_539' title='bbox 1059 4856 1353 4926; x_wconf 87' lang='grc' dir='ltr'>κατενόησέ</span> <span class='ocrx_word' id='word_1_540' title='bbox 1382 4875 1433 4912; x_wconf 90' lang='grc' dir='ltr'><strong>τι</strong></span> <span class='ocrx_word' id='word_1_541' title='bbox 1465 4858 1565 4911; x_wconf 82' lang='grc' dir='ltr'><strong>οὐκ</strong></span> <span class='ocrx_word' id='word_1_542' title='bbox 1590 4857 1860 4930; x_wconf 80' lang='grc' dir='ltr'>ἄχρηστον</span> <span class='ocrx_word' id='word_1_543' title='bbox 1892 4863 1985 4914; x_wconf 77' lang='grc' dir='ltr'><strong>καὶ</strong></span> 
     </span>
    </p>
   </div>
   <div class='ocr_carea' id='block_1_70' title="bbox 419 4943 1985 5023">
    <p class='ocr_par' dir='ltr' id='par_1_70' title="bbox 419 4943 1985 5023">
     <span class='ocr_line' id='line_1_70' title="bbox 419 4943 1985 5023; baseline 0.006 -27"><span class='ocrx_word' id='word_1_544' title='bbox 419 4943 690 5012; x_wconf 83' lang='grc' dir='ltr'>ἀνωφελὲς</span> <span class='ocrx_word' id='word_1_545' title='bbox 730 4944 822 4997; x_wconf 76' lang='grc' dir='ltr'>καὶ</span> <span class='ocrx_word' id='word_1_546' title='bbox 855 4946 1113 5016; x_wconf 83' lang='grc' dir='ltr'>ἀνήνυτον</span> <span class='ocrx_word' id='word_1_547' title='bbox 1140 4946 1197 4997; x_wconf 83' lang='grc' dir='ltr'>ὲν</span> <span class='ocrx_word' id='word_1_548' title='bbox 1230 4948 1381 5017; x_wconf 81' lang='grc' dir='ltr'>ἡμῖν,</span> <span class='ocrx_word' id='word_1_549' title='bbox 1424 4947 1698 5015; x_wconf 79' lang='grc' dir='ltr'>ἕσκαλλεν,</span> <span class='ocrx_word' id='word_1_550' title='bbox 1728 4951 1985 5023; x_wconf 82' lang='grc' dir='ltr'>ἀνέστρε-</span> 
     </span>
    </p>
   </div>
   <div class='ocr_carea' id='block_1_71' title="bbox 420 5035 1983 5114">
    <p class='ocr_par' dir='ltr' id='par_1_71' title="bbox 420 5035 1983 5114">
     <span class='ocr_line' id='line_1_71' title="bbox 420 5035 1983 5114; baseline 0.005 -26"><span class='ocrx_word' id='word_1_551' title='bbox 420 5053 537 5105; x_wconf 85' lang='grc' dir='ltr'>φεν,</span> <span class='ocrx_word' id='word_1_552' title='bbox 577 5035 843 5102; x_wconf 71' lang='grc' dir='ltr'>ἐπότιζεν,</span> <span class='ocrx_word' id='word_1_553' title='bbox 883 5038 1050 5091; x_wconf 79' lang='grc' dir='ltr'>ἐκίνει</span> <span class='ocrx_word' id='word_1_554' title='bbox 1094 5037 1290 5101; x_wconf 87' lang='grc' dir='ltr'>πάντα,</span> <span class='ocrx_word' id='word_1_555' title='bbox 1338 5038 1554 5094; x_wconf 78' lang='grc' dir='ltr'>ἃπασαν</span> <span class='ocrx_word' id='word_1_556' title='bbox 1596 5042 1840 5112; x_wconf 78' lang='grc' dir='ltr'>προσῆγε</span> <span class='ocrx_word' id='word_1_557' title='bbox 1886 5042 1983 5114; x_wconf 84' lang='grc' dir='ltr'><strong>τὴν</strong></span> 
     </span>
    </p>
   </div>
   <div class='ocr_carea' id='block_1_72' title="bbox 416 5128 1984 5207">
    <p class='ocr_par' dir='ltr' id='par_1_72' title="bbox 416 5128 1984 5207">
     <span class='ocr_line' id='line_1_72' title="bbox 416 5128 1984 5207; baseline 0.005 -25"><span class='ocrx_word' id='word_1_558' title='bbox 416 5130 550 5200; x_wconf 88' lang='grc' dir='ltr'>παρ’</span> <span class='ocrx_word' id='word_1_559' title='bbox 580 5128 746 5183; x_wconf 78' lang='grc' dir='ltr'>αὐτοῦ</span> <span class='ocrx_word' id='word_1_560' title='bbox 771 5128 964 5199; x_wconf 81' lang='grc' dir='ltr'>τέχνην</span> <span class='ocrx_word' id='word_1_561' title='bbox 996 5131 1090 5184; x_wconf 76' lang='grc' dir='ltr'><strong>καὶ</strong></span> <span class='ocrx_word' id='word_1_562' title='bbox 1112 5129 1446 5201; x_wconf 63' lang='grc' dir='ltr'>ἐπιμέλειαν,</span> <span class='ocrx_word' id='word_1_563' title='bbox 1473 5132 1566 5187; x_wconf 79' lang='grc' dir='ltr'><strong>καὶ</strong></span> <span class='ocrx_word' id='word_1_564' title='bbox 1591 5134 1984 5207; x_wconf 78' lang='grc' dir='ltr'>κατειργάζετο</span> 
     </span>
    </p>
   </div>
   <div class='ocr_carea' id='block_1_73' title="bbox 417 5219 1981 5292">
    <p class='ocr_par' dir='ltr' id='par_1_73' title="bbox 417 5219 1981 5292">
     <span class='ocr_line' id='line_1_73' title="bbox 417 5219 1981 5292; baseline 0.003 -18"><span class='ocrx_word' id='word_1_565' title='bbox 417 5220 598 5291; x_wconf 77' lang='grc' dir='ltr'>ἡμᾶς’</span> <span class='ocrx_word' id='word_1_566' title='bbox 634 5219 873 5283; x_wconf 84' lang='grc' dir='ltr'>ἀκάνθας</span> <span class='ocrx_word' id='word_1_567' title='bbox 917 5220 1014 5290; x_wconf 84' lang='grc' dir='ltr'><strong>μὲν</strong></span> <span class='ocrx_word' id='word_1_568' title='bbox 1060 5223 1153 5274; x_wconf 76' lang='grc' dir='ltr'><strong>καὶ</strong></span> <span class='ocrx_word' id='word_1_569' title='bbox 1185 5221 1464 5292; x_wconf 83' lang='grc' dir='ltr'>τριϐόλους</span> <span class='ocrx_word' id='word_1_570' title='bbox 1500 5223 1596 5277; x_wconf 72' lang='grc' dir='ltr'>καὶ</span> <span class='ocrx_word' id='word_1_571' title='bbox 1637 5227 1744 5278; x_wconf 77' lang='grc' dir='ltr'><strong>πᾶν</strong></span> <span class='ocrx_word' id='word_1_572' title='bbox 1784 5226 1844 5279; x_wconf 85' lang='grc' dir='ltr'><strong>τὸ</strong></span> <span class='ocrx_word' id='word_1_573' title='bbox 1875 5226 1981 5279; x_wconf 88' lang='grc' dir='ltr'><strong>τῶν</strong></span> 
     </span>
    </p>
   </div>
   <div class='ocr_carea' id='block_1_74' title="bbox 419 5311 1983 5387">
    <p class='ocr_par' dir='ltr' id='par_1_74' title="bbox 419 5311 1983 5387">
     <span class='ocr_line' id='line_1_74' title="bbox 419 5311 1983 5387; baseline 0.004 -23"><span class='ocrx_word' id='word_1_574' title='bbox 419 5312 625 5382; x_wconf 84' lang='grc' dir='ltr'>ἀγρίων</span> <span class='ocrx_word' id='word_1_575' title='bbox 668 5311 822 5380; x_wconf 84' lang='grc' dir='ltr'>γένος</span> <span class='ocrx_word' id='word_1_576' title='bbox 864 5311 1096 5381; x_wconf 82' lang='grc' dir='ltr'>βοτανῶν</span> <span class='ocrx_word' id='word_1_577' title='bbox 1146 5312 1180 5384; x_wconf 77' lang='grc' dir='ltr'>ἢ</span> <span class='ocrx_word' id='word_1_578' title='bbox 1223 5314 1424 5382; x_wconf 87' lang='grc' dir='ltr'>φυτῶν,</span> <span class='ocrx_word' id='word_1_579' title='bbox 1469 5316 1595 5369; x_wconf 85' lang='grc' dir='ltr'>ὅσον</span> <span class='ocrx_word' id='word_1_580' title='bbox 1643 5317 1983 5387; x_wconf 81' lang='grc' dir='ltr'>ὑλομανοῦσα</span> 
     </span>
    </p>
   </div>
   <div class='ocr_carea' id='block_1_75' title="bbox 419 5403 1982 5481">
    <p class='ocr_par' dir='ltr' id='par_1_75' title="bbox 419 5403 1982 5481">
     <span class='ocr_line' id='line_1_75' title="bbox 419 5403 1982 5481; baseline 0.003 -23"><span class='ocrx_word' id='word_1_581' title='bbox 419 5403 701 5475; x_wconf 81' lang='grc' dir='ltr'>ἀνέπεμπε</span> <span class='ocrx_word' id='word_1_582' title='bbox 725 5403 818 5457; x_wconf 80' lang='grc' dir='ltr'><strong>καὶ</strong></span> <span class='ocrx_word' id='word_1_583' title='bbox 839 5403 1075 5457; x_wconf 84' lang='grc' dir='ltr'>ἀνεδίδου</span> <span class='ocrx_word' id='word_1_584' title='bbox 1099 5405 1431 5477; x_wconf 86' lang='grc' dir='ltr'>σεσοϐημένη</span> <span class='ocrx_word' id='word_1_585' title='bbox 1461 5408 1494 5478; x_wconf 87' lang='grc' dir='ltr'><strong>ή</strong></span> <span class='ocrx_word' id='word_1_586' title='bbox 1523 5406 1667 5479; x_wconf 68' lang='grc' dir='ltr'>ψυχὴ</span> <span class='ocrx_word' id='word_1_587' title='bbox 1692 5408 1846 5479; x_wconf 86' lang='grc' dir='ltr'>ήμῶν</span> <span class='ocrx_word' id='word_1_588' title='bbox 1874 5403 1982 5481; x_wconf 76' lang='grc' dir='ltr'>(οἷα</span> 
     </span>
    </p>
   </div>
   <div class='ocr_carea' id='block_1_76' title="bbox 498 5532 1983 5610">
    <p class='ocr_par' dir='ltr' id='par_1_76' title="bbox 498 5532 1983 5610">
     <span class='ocr_line' id='line_1_76' title="bbox 498 5532 1983 5610; baseline 0.005 -24"><span class='ocrx_word' id='word_1_589' title='bbox 498 5532 606 5610; x_wconf 62' lang='grc' dir='ltr'>(ξεί)</span> <span class='ocrx_word' id='word_1_590' title='bbox 621 5533 1056 5610; x_wconf 28' lang='grc' dir='ltr'>Σύμμϐλρσαῖτα</span> <span class='ocrx_word' id='word_1_591' title='bbox 1076 5534 1156 5599; x_wconf 84' lang='grc' dir='ltr'>ὡς</span> <span class='ocrx_word' id='word_1_592' title='bbox 1175 5535 1250 5588; x_wconf 80' lang='grc' dir='ltr'><strong>ἄν</strong></span> <span class='ocrx_word' id='word_1_593' title='bbox 1270 5536 1411 5610; x_wconf 64' lang='lat' dir='ltr'><strong>(sic).</strong></span> <span class='ocrx_word' id='word_1_594' title='bbox 1433 5537 1609 5610; x_wconf 81' lang='lat' dir='ltr'><strong>Malim</strong></span> <span class='ocrx_word' id='word_1_595' title='bbox 1630 5539 1983 5610; x_wconf 84' lang='grc' dir='ltr'>συμφύσαντα</span> 
     </span>
    </p>
   </div>
   <div class='ocr_carea' id='block_1_77' title="bbox 420 5602 1983 5675">
    <p class='ocr_par' dir='ltr' id='par_1_77' title="bbox 420 5602 1983 5675">
     <span class='ocr_line' id='line_1_77' title="bbox 420 5602 1983 5675; baseline 0.006 -20"><span class='ocrx_word' id='word_1_596' title='bbox 420 5602 599 5675; x_wconf 76' lang='grc' dir='ltr'>είςὲν,</span> <span class='ocrx_word' id='word_1_597' title='bbox 629 5603 800 5666; x_wconf 59' lang='lat' dir='ltr'><strong>venit;</strong></span> <span class='ocrx_word' id='word_1_598' title='bbox 832 5604 907 5657; x_wconf 78' lang='grc' dir='ltr'>ἓν.</span> <span class='ocrx_word' id='word_1_599' title='bbox 933 5602 1472 5675; x_wconf 58' lang='lat' dir='ltr'><strong>Canum—Optime</strong></span> <span class='ocrx_word' id='word_1_600' title='bbox 1501 5609 1645 5672; x_wconf 79' lang='grc' dir='ltr'><strong>ὼςέν</strong></span> <span class='ocrx_word' id='word_1_601' title='bbox 1665 5625 1678 5661; x_wconf 93' lang='lat'><strong>:</strong></span> <span class='ocrx_word' id='word_1_602' title='bbox 1697 5602 1796 5675; x_wconf 74' lang='lat' dir='ltr'><strong>sic,</strong></span> <span class='ocrx_word' id='word_1_603' title='bbox 1820 5620 1879 5663; x_wconf 89' lang='lat' dir='ltr'><strong>ut</strong></span> <span class='ocrx_word' id='word_1_604' title='bbox 1908 5611 1983 5675; x_wconf 84' lang='grc' dir='ltr'>ὡς</span> 
     </span>
    </p>
   </div>
   <div class='ocr_carea' id='block_1_78' title="bbox 422 5674 1982 5747">
    <p class='ocr_par' dir='ltr' id='par_1_78' title="bbox 422 5674 1982 5747">
     <span class='ocr_line' id='line_1_78' title="bbox 422 5674 1982 5747; baseline 0.006 -21"><span class='ocrx_word' id='word_1_605' title='bbox 422 5674 504 5727; x_wconf 85' lang='lat' dir='ltr'><strong>vel</strong></span> <span class='ocrx_word' id='word_1_606' title='bbox 535 5689 630 5747; x_wconf 76' lang='lat' dir='ltr'><strong>pro</strong></span> <span class='ocrx_word' id='word_1_607' title='bbox 669 5683 937 5743; x_wconf 86' lang='lat' dir='ltr'><strong>tanquam,</strong></span> <span class='ocrx_word' id='word_1_608' title='bbox 965 5675 1049 5727; x_wconf 88' lang='lat' dir='ltr'><strong>vel</strong></span> <span class='ocrx_word' id='word_1_609' title='bbox 1081 5690 1177 5741; x_wconf 92' lang='lat' dir='ltr'><strong>pro</strong></span> <span class='ocrx_word' id='word_1_610' title='bbox 1197 5678 1275 5747; x_wconf 77' lang='grc' dir='ltr'>εἰς</span> <span class='ocrx_word' id='word_1_611' title='bbox 1300 5674 1354 5730; x_wconf 71' lang='lat' dir='ltr'><strong>in</strong></span> <span class='ocrx_word' id='word_1_612' title='bbox 1386 5679 1553 5746; x_wconf 87' lang='lat' dir='ltr'><strong>accipi</strong></span> <span class='ocrx_word' id='word_1_613' title='bbox 1582 5681 1769 5746; x_wconf 88' lang='lat' dir='ltr'><strong>possit.</strong></span> <span class='ocrx_word' id='word_1_614' title='bbox 1796 5674 1982 5747; x_wconf 85' lang='lat' dir='ltr'><strong>Neque</strong></span> 
     </span>
    </p>
   </div>
   <div class='ocr_carea' id='block_1_79' title="bbox 425 5742 1980 5818">
    <p class='ocr_par' dir='ltr' id='par_1_79' title="bbox 425 5742 1980 5818">
     <span class='ocr_line' id='line_1_79' title="bbox 425 5742 1980 5818; baseline 0.005 -24"><span class='ocrx_word' id='word_1_615' title='bbox 425 5742 810 5818; x_wconf 43' lang='lat' dir='ltr'><strong>conﬁdentiler</strong></span> <span class='ocrx_word' id='word_1_616' title='bbox 840 5759 947 5797; x_wconf 91' lang='lat' dir='ltr'><strong>non</strong></span> <span class='ocrx_word' id='word_1_617' title='bbox 991 5744 1309 5818; x_wconf 69' lang='lat' dir='ltr'><strong>mutandum</strong></span> <span class='ocrx_word' id='word_1_618' title='bbox 1344 5742 1556 5818; x_wconf 81' lang='lat' dir='ltr'><strong>videtur</strong></span> <span class='ocrx_word' id='word_1_619' title='bbox 1582 5742 1605 5801; x_wconf 73' lang='grc' dir='ltr'>ἰ</span> <span class='ocrx_word' id='word_1_620' title='bbox 1642 5764 1765 5802; x_wconf 81' lang='lat' dir='ltr'><strong>nam</strong></span> <span class='ocrx_word' id='word_1_621' title='bbox 1804 5742 1980 5818; x_wconf 68' lang='grc' dir='ltr'>βλύζω</span> 
     </span>
    </p>
   </div>
   <div class='ocr_carea' id='block_1_80' title="bbox 423 5812 1975 5889">
    <p class='ocr_par' dir='ltr' id='par_1_80' title="bbox 423 5812 1975 5889">
     <span class='ocr_line' id='line_1_80' title="bbox 423 5812 1975 5889; baseline 0.005 -23"><span class='ocrx_word' id='word_1_622' title='bbox 423 5812 539 5873; x_wconf 71' lang='lat' dir='ltr'><strong>sive</strong></span> <span class='ocrx_word' id='word_1_623' title='bbox 569 5812 712 5889; x_wconf 72' lang='grc' dir='ltr'>βλύω</span> <span class='ocrx_word' id='word_1_624' title='bbox 744 5814 980 5870; x_wconf 86' lang='lat' dir='ltr'><strong>alienum</strong></span> <span class='ocrx_word' id='word_1_625' title='bbox 1013 5823 1115 5870; x_wconf 86' lang='lat' dir='ltr'><strong>cst.</strong></span> <span class='ocrx_word' id='word_1_626' title='bbox 1171 5814 1276 5870; x_wconf 90' lang='lat' dir='ltr'><strong>Sed</strong></span> <span class='ocrx_word' id='word_1_627' title='bbox 1324 5817 1676 5883; x_wconf 72' lang='grc' dir='ltr'>συαφύσαντα</span> <span class='ocrx_word' id='word_1_628' title='bbox 1703 5812 1826 5889; x_wconf 75' lang='lat' dir='ltr'><strong>plus</strong></span> <span class='ocrx_word' id='word_1_629' title='bbox 1860 5812 1975 5873; x_wconf 81' lang='lat' dir='ltr'><strong>mu—</strong></span> 
     </span>
    </p>
   </div>
   <div class='ocr_carea' id='block_1_81' title="bbox 2173 2400 3660 2471">
    <p class='ocr_par' dir='ltr' id='par_1_81' title="bbox 2173 2400 3660 2471">
     <span class='ocr_line' id='line_1_81' title="bbox 2173 2400 3660 2471; baseline 0 -16"><span class='ocrx_word' id='word_1_630' title='bbox 2173 2400 2284 2456; x_wconf 70' lang='grc' dir='ltr'><strong>γη.</strong></span> <span class='ocrx_word' id='word_1_631' title='bbox 2339 2401 2602 2458; x_wconf 67' lang='lat' dir='ltr'><strong>Caeterum</strong></span> <span class='ocrx_word' id='word_1_632' title='bbox 2655 2419 2781 2458; x_wconf 91' lang='lat' dir='ltr'><strong>cum</strong></span> <span class='ocrx_word' id='word_1_633' title='bbox 2831 2405 2906 2458; x_wconf 88' lang='lat' dir='ltr'><strong>ita</strong></span> <span class='ocrx_word' id='word_1_634' title='bbox 2959 2419 3059 2458; x_wconf 89' lang='lat' dir='ltr'><strong>nos</strong></span> <span class='ocrx_word' id='word_1_635' title='bbox 3108 2404 3177 2459; x_wconf 88' lang='lat' dir='ltr'><strong>ab</strong></span> <span class='ocrx_word' id='word_1_636' title='bbox 3234 2402 3390 2457; x_wconf 89' lang='lat' dir='ltr'><strong>initio</strong></span> <span class='ocrx_word' id='word_1_637' title='bbox 3429 2401 3660 2471; x_wconf 76' lang='lat' dir='ltr'><strong>cepisset</strong></span> 
     </span>
    </p>
   </div>
   <div class='ocr_carea' id='block_1_82' title="bbox 2101 2491 3656 2565">
    <p class='ocr_par' dir='ltr' id='par_1_82' title="bbox 2101 2491 3656 2565">
     <span class='ocr_line' id='line_1_82' title="bbox 2101 2491 3656 2565; baseline -0.001 -19"><span class='ocrx_word' id='word_1_638' title='bbox 2101 2493 2360 2563; x_wconf 90' lang='lat' dir='ltr'><strong>omnique</strong></span> <span class='ocrx_word' id='word_1_639' title='bbox 2397 2510 2461 2548; x_wconf 80' lang='lat' dir='ltr'><strong>ex</strong></span> <span class='ocrx_word' id='word_1_640' title='bbox 2507 2502 2659 2565; x_wconf 78' lang='lat' dir='ltr'><strong>parte</strong></span> <span class='ocrx_word' id='word_1_641' title='bbox 2692 2495 3178 2557; x_wconf 86' lang='lat' dir='ltr'><strong>circumvallasset,</strong></span> <span class='ocrx_word' id='word_1_642' title='bbox 3220 2491 3656 2563; x_wconf 85' lang='lat' dir='ltr'><strong>quandoquidem</strong></span> 
     </span>
    </p>
   </div>
   <div class='ocr_carea' id='block_1_83' title="bbox 2100 2585 3659 2656">
    <p class='ocr_par' dir='ltr' id='par_1_83' title="bbox 2100 2585 3659 2656">
     <span class='ocr_line' id='line_1_83' title="bbox 2100 2585 3659 2656; baseline -0.001 -19"><span class='ocrx_word' id='word_1_643' title='bbox 2100 2585 2245 2653; x_wconf 91' lang='lat' dir='ltr'><strong>quod</strong></span> <span class='ocrx_word' id='word_1_644' title='bbox 2281 2585 2462 2654; x_wconf 88' lang='lat' dir='ltr'><strong>potius</strong></span> <span class='ocrx_word' id='word_1_645' title='bbox 2488 2595 2622 2652; x_wconf 88' lang='lat' dir='ltr'><strong>erat,</strong></span> <span class='ocrx_word' id='word_1_646' title='bbox 2645 2587 2758 2656; x_wconf 87' lang='lat' dir='ltr'><strong>jam</strong></span> <span class='ocrx_word' id='word_1_647' title='bbox 2780 2586 3079 2656; x_wconf 86' lang='lat' dir='ltr'><strong>perfectum</strong></span> <span class='ocrx_word' id='word_1_648' title='bbox 3101 2595 3238 2648; x_wconf 88' lang='lat' dir='ltr'><strong>erat,</strong></span> <span class='ocrx_word' id='word_1_649' title='bbox 3272 2594 3322 2636; x_wconf 78' lang='lat' dir='ltr'><strong>et</strong></span> <span class='ocrx_word' id='word_1_650' title='bbox 3349 2585 3507 2639; x_wconf 86' lang='lat' dir='ltr'><strong>nobis</strong></span> <span class='ocrx_word' id='word_1_651' title='bbox 3538 2597 3659 2637; x_wconf 74' lang='lat' dir='ltr'><strong>ma~</strong></span> 
     </span>
    </p>
   </div>
   <div class='ocr_carea' id='block_1_84' title="bbox 2099 2668 3653 2745">
    <p class='ocr_par' dir='ltr' id='par_1_84' title="bbox 2099 2668 3653 2745">
     <span class='ocr_line' id='line_1_84' title="bbox 2099 2668 3653 2745; baseline -0.005 -17"><span class='ocrx_word' id='word_1_652' title='bbox 2099 2689 2232 2729; x_wconf 90' lang='lat' dir='ltr'><strong>nere</strong></span> <span class='ocrx_word' id='word_1_653' title='bbox 2256 2674 2568 2742; x_wconf 86' lang='lat' dir='ltr'><strong>collibebat;</strong></span> <span class='ocrx_word' id='word_1_654' title='bbox 2603 2676 2879 2745; x_wconf 88' lang='lat' dir='ltr'><strong>deinceps,</strong></span> <span class='ocrx_word' id='word_1_655' title='bbox 2922 2682 3181 2745; x_wconf 87' lang='lat' dir='ltr'><strong>tanquam</strong></span> <span class='ocrx_word' id='word_1_656' title='bbox 3227 2674 3272 2728; x_wconf 90' lang='lat' dir='ltr'><strong>si</strong></span> <span class='ocrx_word' id='word_1_657' title='bbox 3307 2674 3484 2727; x_wconf 87' lang='lat' dir='ltr'><strong>bonus</strong></span> <span class='ocrx_word' id='word_1_658' title='bbox 3503 2668 3653 2739; x_wconf 75' lang='lat' dir='ltr'><strong>quis-</strong></span> 
     </span>
    </p>
   </div>
   <div class='ocr_carea' id='block_1_85' title="bbox 2106 2761 3663 2836">
    <p class='ocr_par' dir='ltr' id='par_1_85' title="bbox 2106 2761 3663 2836">
     <span class='ocr_line' id='line_1_85' title="bbox 2106 2761 3663 2836; baseline 0.001 -22"><span class='ocrx_word' id='word_1_659' title='bbox 2106 2761 2251 2832; x_wconf 89' lang='lat' dir='ltr'><strong>piam</strong></span> <span class='ocrx_word' id='word_1_660' title='bbox 2293 2764 2532 2836; x_wconf 79' lang='lat' dir='ltr'><strong>agricola</strong></span> <span class='ocrx_word' id='word_1_661' title='bbox 2561 2774 2758 2821; x_wconf 89' lang='lat' dir='ltr'><strong>terram</strong></span> <span class='ocrx_word' id='word_1_662' title='bbox 2783 2781 3005 2821; x_wconf 87' lang='lat' dir='ltr'><strong>vacuam</strong></span> <span class='ocrx_word' id='word_1_663' title='bbox 3033 2775 3196 2835; x_wconf 82' lang='lat' dir='ltr'><strong>atque</strong></span> <span class='ocrx_word' id='word_1_664' title='bbox 3236 2765 3489 2825; x_wconf 89' lang='lat' dir='ltr'><strong>otiosam,</strong></span> <span class='ocrx_word' id='word_1_665' title='bbox 3509 2776 3663 2815; x_wconf 52' lang='lat' dir='ltr'><strong>eama</strong></span> 
     </span>
    </p>
   </div>
   <div class='ocr_carea' id='block_1_86' title="bbox 2100 2852 3660 2926">
    <p class='ocr_par' dir='ltr' id='par_1_86' title="bbox 2100 2852 3660 2926">
     <span class='ocr_line' id='line_1_86' title="bbox 2100 2852 3660 2926; baseline -0.001 -20"><span class='ocrx_word' id='word_1_666' title='bbox 2100 2868 2207 2923; x_wconf 92' lang='lat' dir='ltr'><strong>que</strong></span> <span class='ocrx_word' id='word_1_667' title='bbox 2244 2868 2345 2908; x_wconf 87' lang='lat' dir='ltr'><strong>nec</strong></span> <span class='ocrx_word' id='word_1_668' title='bbox 2373 2852 2603 2910; x_wconf 80' lang='lat' dir='ltr'><strong>fertilem</strong></span> <span class='ocrx_word' id='word_1_669' title='bbox 2630 2871 2878 2926; x_wconf 76' lang='lat' dir='ltr'><strong>prorsus,</strong></span> <span class='ocrx_word' id='word_1_670' title='bbox 2905 2859 2997 2912; x_wconf 81' lang='lat' dir='ltr'><strong>sed</strong></span> <span class='ocrx_word' id='word_1_671' title='bbox 3022 2856 3415 2926; x_wconf 79' lang='lat' dir='ltr'><strong>salsuginosam</strong></span> <span class='ocrx_word' id='word_1_672' title='bbox 3442 2862 3496 2907; x_wconf 91' lang='lat' dir='ltr'><strong>et</strong></span> <span class='ocrx_word' id='word_1_673' title='bbox 3522 2853 3660 2906; x_wconf 86' lang='lat' dir='ltr'><strong>adu.-</strong></span> 
     </span>
    </p>
   </div>
   <div class='ocr_carea' id='block_1_87' title="bbox 2100 2946 3660 3017">
    <p class='ocr_par' dir='ltr' id='par_1_87' title="bbox 2100 2946 3660 3017">
     <span class='ocr_line' id='line_1_87' title="bbox 2100 2946 3660 3017; baseline -0.001 -18"><span class='ocrx_word' id='word_1_674' title='bbox 2100 2954 2262 3013; x_wconf 89' lang='lat' dir='ltr'><strong>stam,</strong></span> <span class='ocrx_word' id='word_1_675' title='bbox 2294 2947 2549 3017; x_wconf 82' lang='lat' dir='ltr'><strong>saxisque</strong></span> <span class='ocrx_word' id='word_1_676' title='bbox 2569 2957 2624 3003; x_wconf 85' lang='lat' dir='ltr'><strong>et</strong></span> <span class='ocrx_word' id='word_1_677' title='bbox 2643 2963 2808 3004; x_wconf 88' lang='lat' dir='ltr'><strong>arena</strong></span> <span class='ocrx_word' id='word_1_678' title='bbox 2829 2949 3091 3015; x_wconf 86' lang='lat' dir='ltr'><strong>obsitam;</strong></span> <span class='ocrx_word' id='word_1_679' title='bbox 3116 2957 3208 3001; x_wconf 88' lang='lat' dir='ltr'><strong>aut</strong></span> <span class='ocrx_word' id='word_1_680' title='bbox 3230 2962 3337 3001; x_wconf 91' lang='lat' dir='ltr'><strong>non</strong></span> <span class='ocrx_word' id='word_1_681' title='bbox 3361 2947 3516 3017; x_wconf 83' lang='lat' dir='ltr'><strong>plane</strong></span> <span class='ocrx_word' id='word_1_682' title='bbox 3538 2946 3660 3014; x_wconf 80' lang='lat' dir='ltr'><strong>qui-</strong></span> 
     </span>
    </p>
   </div>
   <div class='ocr_carea' id='block_1_88' title="bbox 2097 3036 3656 3107">
    <p class='ocr_par' dir='ltr' id='par_1_88' title="bbox 2097 3036 3656 3107">
     <span class='ocr_line' id='line_1_88' title="bbox 2097 3036 3656 3107; baseline -0.001 -16"><span class='ocrx_word' id='word_1_683' title='bbox 2097 3037 2219 3091; x_wconf 87' lang='lat' dir='ltr'><strong>dem</strong></span> <span class='ocrx_word' id='word_1_684' title='bbox 2247 3038 2509 3106; x_wconf 83' lang='lat' dir='ltr'><strong>sterilem,</strong></span> <span class='ocrx_word' id='word_1_685' title='bbox 2551 3054 2652 3094; x_wconf 87' lang='lat' dir='ltr'><strong>nec</strong></span> <span class='ocrx_word' id='word_1_686' title='bbox 2697 3040 2942 3106; x_wconf 87' lang='lat' dir='ltr'><strong>inertem,</strong></span> <span class='ocrx_word' id='word_1_687' title='bbox 2981 3041 3074 3095; x_wconf 91' lang='lat' dir='ltr'><strong>sed</strong></span> <span class='ocrx_word' id='word_1_688' title='bbox 3120 3049 3315 3093; x_wconf 91' lang='lat' dir='ltr'><strong>natura</strong></span> <span class='ocrx_word' id='word_1_689' title='bbox 3357 3036 3656 3107; x_wconf 84' lang='lat' dir='ltr'><strong>praestanti,</strong></span> 
     </span>
    </p>
   </div>
   <div class='ocr_carea' id='block_1_89' title="bbox 2099 3128 3658 3201">
    <p class='ocr_par' dir='ltr' id='par_1_89' title="bbox 2099 3128 3658 3201">
     <span class='ocr_line' id='line_1_89' title="bbox 2099 3128 3658 3201; baseline 0.002 -22"><span class='ocrx_word' id='word_1_690' title='bbox 2099 3142 2286 3182; x_wconf 80' lang='lat' dir='ltr'><strong>verum</strong></span> <span class='ocrx_word' id='word_1_691' title='bbox 2318 3128 2575 3184; x_wconf 90' lang='lat' dir='ltr'><strong>incultam</strong></span> <span class='ocrx_word' id='word_1_692' title='bbox 2609 3139 2770 3201; x_wconf 89' lang='lat' dir='ltr'><strong>atque</strong></span> <span class='ocrx_word' id='word_1_693' title='bbox 2795 3132 3118 3201; x_wconf 77' lang='lat' dir='ltr'><strong>neglectam,</strong></span> <span class='ocrx_word' id='word_1_694' title='bbox 3158 3131 3330 3201; x_wconf 90' lang='lat' dir='ltr'><strong>spinis</strong></span> <span class='ocrx_word' id='word_1_695' title='bbox 3364 3130 3658 3184; x_wconf 64' lang='lat' dir='ltr'><strong>haerentem</strong></span> 
     </span>
    </p>
   </div>
   <div class='ocr_carea' id='block_1_90' title="bbox 2097 3218 3654 3290">
    <p class='ocr_par' dir='ltr' id='par_1_90' title="bbox 2097 3218 3654 3290">
     <span class='ocr_line' id='line_1_90' title="bbox 2097 3218 3654 3290; baseline -0.002 -16"><span class='ocrx_word' id='word_1_696' title='bbox 2097 3218 2542 3290; x_wconf 84' lang='lat' dir='ltr'><strong>silvestribusque</strong></span> <span class='ocrx_word' id='word_1_697' title='bbox 2593 3222 2848 3287; x_wconf 86' lang='lat' dir='ltr'><strong>dumetis,</strong></span> <span class='ocrx_word' id='word_1_698' title='bbox 2900 3238 2965 3277; x_wconf 91' lang='lat' dir='ltr'><strong>ac</strong></span> <span class='ocrx_word' id='word_1_699' title='bbox 3016 3222 3237 3276; x_wconf 89' lang='lat' dir='ltr'><strong>minime</strong></span> <span class='ocrx_word' id='word_1_700' title='bbox 3278 3220 3654 3280; x_wconf 85' lang='lat' dir='ltr'><strong>tractabilem;</strong></span> 
     </span>
    </p>
   </div>
   <div class='ocr_carea' id='block_1_91' title="bbox 2097 3304 3659 3379">
    <p class='ocr_par' dir='ltr' id='par_1_91' title="bbox 2097 3304 3659 3379">
     <span class='ocr_line' id='line_1_91' title="bbox 2097 3304 3659 3379; baseline -0.001 -23"><span class='ocrx_word' id='word_1_701' title='bbox 2097 3311 2190 3356; x_wconf 88' lang='lat' dir='ltr'><strong>aut</strong></span> <span class='ocrx_word' id='word_1_702' title='bbox 2209 3304 2685 3379; x_wconf 81' lang='lat' dir='ltr'><strong>quemadmodum,</strong></span> <span class='ocrx_word' id='word_1_703' title='bbox 2713 3304 2757 3359; x_wconf 93' lang='lat' dir='ltr'><strong>si</strong></span> <span class='ocrx_word' id='word_1_704' title='bbox 2783 3315 2933 3361; x_wconf 87' lang='lat' dir='ltr'><strong>sator</strong></span> <span class='ocrx_word' id='word_1_705' title='bbox 2956 3305 3154 3374; x_wconf 85' lang='lat' dir='ltr'><strong>aliquis</strong></span> <span class='ocrx_word' id='word_1_706' title='bbox 3178 3305 3417 3376; x_wconf 81' lang='lat' dir='ltr'><strong>plantam</strong></span> <span class='ocrx_word' id='word_1_707' title='bbox 3442 3304 3557 3358; x_wconf 87' lang='lat' dir='ltr'><strong>sive</strong></span> <span class='ocrx_word' id='word_1_708' title='bbox 3575 3316 3659 3356; x_wconf 79' lang='lat' dir='ltr'><strong>ar-</strong></span> 
     </span>
    </p>
   </div>
   <div class='ocr_carea' id='block_1_92' title="bbox 2095 3392 3657 3461">
    <p class='ocr_par' dir='ltr' id='par_1_92' title="bbox 2095 3392 3657 3461">
     <span class='ocr_line' id='line_1_92' title="bbox 2095 3392 3657 3461; baseline -0.001 -13"><span class='ocrx_word' id='word_1_709' title='bbox 2095 3393 2282 3448; x_wconf 83' lang='lat' dir='ltr'><strong>borem</strong></span> <span class='ocrx_word' id='word_1_710' title='bbox 2313 3402 2600 3461; x_wconf 79' lang='lat' dir='ltr'><strong>agrestem,</strong></span> <span class='ocrx_word' id='word_1_711' title='bbox 2618 3408 2679 3447; x_wconf 89' lang='lat' dir='ltr'><strong>ac</strong></span> <span class='ocrx_word' id='word_1_712' title='bbox 2702 3392 2912 3450; x_wconf 83' lang='lat' dir='ltr'><strong>fructus</strong></span> <span class='ocrx_word' id='word_1_713' title='bbox 2935 3395 3141 3449; x_wconf 86' lang='lat' dir='ltr'><strong>scilicet</strong></span> <span class='ocrx_word' id='word_1_714' title='bbox 3166 3408 3361 3447; x_wconf 85' lang='lat' dir='ltr'><strong>suaves</strong></span> <span class='ocrx_word' id='word_1_715' title='bbox 3394 3407 3503 3447; x_wconf 92' lang='lat' dir='ltr'><strong>non</strong></span> <span class='ocrx_word' id='word_1_716' title='bbox 3531 3407 3657 3461; x_wconf 83' lang='lat' dir='ltr'><strong>pro-</strong></span> 
     </span>
    </p>
   </div>
   <div class='ocr_carea' id='block_1_93' title="bbox 2095 3481 3655 3554">
    <p class='ocr_par' dir='ltr' id='par_1_93' title="bbox 2095 3481 3655 3554">
     <span class='ocr_line' id='line_1_93' title="bbox 2095 3481 3655 3554; baseline -0.003 -16"><span class='ocrx_word' id='word_1_717' title='bbox 2095 3483 2376 3551; x_wconf 81' lang='lat' dir='ltr'><strong>ferentem,</strong></span> <span class='ocrx_word' id='word_1_718' title='bbox 2406 3500 2503 3539; x_wconf 90' lang='lat' dir='ltr'><strong>nec</strong></span> <span class='ocrx_word' id='word_1_719' title='bbox 2534 3494 2709 3539; x_wconf 90' lang='lat' dir='ltr'><strong>tamen</strong></span> <span class='ocrx_word' id='word_1_720' title='bbox 2740 3500 2964 3554; x_wconf 87' lang='lat' dir='ltr'><strong>prorsus</strong></span> <span class='ocrx_word' id='word_1_721' title='bbox 2994 3484 3236 3537; x_wconf 88' lang='lat' dir='ltr'><strong>inutilem</strong></span> <span class='ocrx_word' id='word_1_722' title='bbox 3277 3490 3490 3547; x_wconf 87' lang='lat' dir='ltr'><strong>nactus,</strong></span> <span class='ocrx_word' id='word_1_723' title='bbox 3520 3481 3655 3535; x_wconf 87' lang='lat' dir='ltr'><strong>sati-</strong></span> 
     </span>
    </p>
   </div>
   <div class='ocr_carea' id='block_1_94' title="bbox 2097 3570 3659 3637">
    <p class='ocr_par' dir='ltr' id='par_1_94' title="bbox 2097 3570 3659 3637">
     <span class='ocr_line' id='line_1_94' title="bbox 2097 3570 3659 3637; baseline -0.003 -11"><span class='ocrx_word' id='word_1_724' title='bbox 2097 3589 2176 3627; x_wconf 68' lang='lat' dir='ltr'><strong>vaa</strong></span> <span class='ocrx_word' id='word_1_725' title='bbox 2206 3589 2414 3627; x_wconf 81' lang='lat' dir='ltr'><strong>ramum</strong></span> <span class='ocrx_word' id='word_1_726' title='bbox 2452 3582 2566 3627; x_wconf 86' lang='lat' dir='ltr'><strong>arte</strong></span> <span class='ocrx_word' id='word_1_727' title='bbox 2613 3588 2710 3627; x_wconf 85' lang='lat' dir='ltr'><strong>sua</strong></span> <span class='ocrx_word' id='word_1_728' title='bbox 2749 3575 2975 3637; x_wconf 84' lang='lat' dir='ltr'><strong>inserat,</strong></span> <span class='ocrx_word' id='word_1_729' title='bbox 3016 3573 3246 3627; x_wconf 88' lang='lat' dir='ltr'><strong>mediam</strong></span> <span class='ocrx_word' id='word_1_730' title='bbox 3293 3572 3437 3626; x_wconf 89' lang='lat' dir='ltr'><strong>illam</strong></span> <span class='ocrx_word' id='word_1_731' title='bbox 3479 3570 3659 3625; x_wconf 73' lang='lat' dir='ltr'><strong>diffin-</strong></span> 
     </span>
    </p>
   </div>
   <div class='ocr_carea' id='block_1_95' title="bbox 2094 3660 3659 3733">
    <p class='ocr_par' dir='ltr' id='par_1_95' title="bbox 2094 3660 3659 3733">
     <span class='ocr_line' id='line_1_95' title="bbox 2094 3660 3659 3733; baseline -0.001 -14"><span class='ocrx_word' id='word_1_732' title='bbox 2094 3665 2258 3731; x_wconf 87' lang='lat' dir='ltr'><strong>dens,</strong></span> <span class='ocrx_word' id='word_1_733' title='bbox 2299 3679 2364 3718; x_wconf 91' lang='lat' dir='ltr'><strong>ac</strong></span> <span class='ocrx_word' id='word_1_734' title='bbox 2400 3663 2592 3718; x_wconf 89' lang='lat' dir='ltr'><strong>deinde</strong></span> <span class='ocrx_word' id='word_1_735' title='bbox 2633 3664 2978 3718; x_wconf 88' lang='lat' dir='ltr'><strong>committens</strong></span> <span class='ocrx_word' id='word_1_736' title='bbox 3031 3674 3085 3717; x_wconf 90' lang='lat' dir='ltr'><strong>et</strong></span> <span class='ocrx_word' id='word_1_737' title='bbox 3137 3664 3417 3733; x_wconf 80' lang='lat' dir='ltr'><strong>colligans,</strong></span> <span class='ocrx_word' id='word_1_738' title='bbox 3476 3660 3659 3731; x_wconf 82' lang='lat' dir='ltr'><strong>qand</strong></span> 
     </span>
    </p>
   </div>
   <div class='ocr_carea' id='block_1_96' title="bbox 2093 3753 3657 3825">
    <p class='ocr_par' dir='ltr' id='par_1_96' title="bbox 2093 3753 3657 3825">
     <span class='ocr_line' id='line_1_96' title="bbox 2093 3753 3657 3825; baseline -0.003 -12"><span class='ocrx_word' id='word_1_739' title='bbox 2093 3756 2322 3813; x_wconf 87' lang='lat' dir='ltr'><strong>humore</strong></span> <span class='ocrx_word' id='word_1_740' title='bbox 2343 3758 2677 3812; x_wconf 85' lang='lat' dir='ltr'><strong>coalescente</strong></span> <span class='ocrx_word' id='word_1_741' title='bbox 2699 3757 2873 3811; x_wconf 68' lang='lat' dir='ltr'><strong>ambat</strong></span> <span class='ocrx_word' id='word_1_742' title='bbox 2891 3756 3053 3810; x_wconf 87' lang='lat' dir='ltr'><strong>simul</strong></span> <span class='ocrx_word' id='word_1_743' title='bbox 3069 3756 3379 3811; x_wconf 90' lang='lat' dir='ltr'><strong>adolescant</strong></span> <span class='ocrx_word' id='word_1_744' title='bbox 3393 3753 3492 3825; x_wconf 85' lang='lat' dir='ltr'><strong>(sic</strong></span> <span class='ocrx_word' id='word_1_745' title='bbox 3510 3753 3657 3809; x_wconf 88' lang='lat' dir='ltr'><strong>enim</strong></span> 
     </span>
    </p>
   </div>
   <div class='ocr_carea' id='block_1_97' title="bbox 2094 3844 3655 3917">
    <p class='ocr_par' dir='ltr' id='par_1_97' title="bbox 2094 3844 3655 3917">
     <span class='ocr_line' id='line_1_97' title="bbox 2094 3844 3655 3917; baseline -0.004 -12"><span class='ocrx_word' id='word_1_746' title='bbox 2094 3850 2314 3905; x_wconf 88' lang='lat' dir='ltr'><strong>mistam</strong></span> <span class='ocrx_word' id='word_1_747' title='bbox 2344 3850 2591 3904; x_wconf 87' lang='lat' dir='ltr'><strong>arborem</strong></span> <span class='ocrx_word' id='word_1_748' title='bbox 2619 3863 2760 3917; x_wconf 82' lang='lat' dir='ltr'><strong>saepe</strong></span> <span class='ocrx_word' id='word_1_749' title='bbox 2792 3849 2994 3911; x_wconf 83' lang='lat' dir='ltr'><strong>videas,</strong></span> <span class='ocrx_word' id='word_1_750' title='bbox 3024 3856 3117 3901; x_wconf 89' lang='lat' dir='ltr'><strong>aut</strong></span> <span class='ocrx_word' id='word_1_751' title='bbox 3143 3847 3382 3917; x_wconf 82' lang='lat' dir='ltr'><strong>spuriam</strong></span> <span class='ocrx_word' id='word_1_752' title='bbox 3409 3844 3655 3914; x_wconf 79' lang='lat' dir='ltr'><strong>quidem,</strong></span> 
     </span>
    </p>
   </div>
   <div class='ocr_carea' id='block_1_98' title="bbox 2093 3935 3659 4008">
    <p class='ocr_par' dir='ltr' id='par_1_98' title="bbox 2093 3935 3659 4008">
     <span class='ocr_line' id='line_1_98' title="bbox 2093 3935 3659 4008; baseline -0.003 -13"><span class='ocrx_word' id='word_1_753' title='bbox 2093 3949 2148 3995; x_wconf 85' lang='lat' dir='ltr'><strong>at</strong></span> <span class='ocrx_word' id='word_1_754' title='bbox 2190 3939 2421 3995; x_wconf 84' lang='lat' dir='ltr'><strong>fertilem</strong></span> <span class='ocrx_word' id='word_1_755' title='bbox 2469 3956 2536 3995; x_wconf 85' lang='lat' dir='ltr'><strong>ex</strong></span> <span class='ocrx_word' id='word_1_756' title='bbox 2582 3938 2918 3995; x_wconf 75' lang='lat' dir='ltr'><strong>infructuosa</strong></span> <span class='ocrx_word' id='word_1_757' title='bbox 2958 3938 3157 3994; x_wconf 88' lang='lat' dir='ltr'><strong>factam</strong></span> <span class='ocrx_word' id='word_1_758' title='bbox 3183 3981 3199 4005; x_wconf 91' lang='lat'><strong>,</strong></span> <span class='ocrx_word' id='word_1_759' title='bbox 3241 3937 3479 4008; x_wconf 65' lang='lat' dir='ltr'><strong>pulchrae</strong></span> <span class='ocrx_word' id='word_1_760' title='bbox 3523 3935 3659 3991; x_wconf 67' lang='lat' dir='ltr'><strong>olea)</strong></span> 
     </span>
    </p>
   </div>
   <div class='ocr_carea' id='block_1_99' title="bbox 2092 4027 3652 4099">
    <p class='ocr_par' dir='ltr' id='par_1_99' title="bbox 2092 4027 3652 4099">
     <span class='ocr_line' id='line_1_99' title="bbox 2092 4027 3652 4099; baseline -0.003 -16"><span class='ocrx_word' id='word_1_761' title='bbox 2092 4027 2302 4084; x_wconf 86' lang='lat' dir='ltr'><strong>fructus</strong></span> <span class='ocrx_word' id='word_1_762' title='bbox 2331 4030 2383 4083; x_wconf 90' lang='lat' dir='ltr'><strong>in</strong></span> <span class='ocrx_word' id='word_1_763' title='bbox 2411 4028 2713 4099; x_wconf 80' lang='lat' dir='ltr'><strong>agrestibus</strong></span> <span class='ocrx_word' id='word_1_764' title='bbox 2743 4029 3012 4082; x_wconf 85' lang='lat' dir='ltr'><strong>radicibus</strong></span> <span class='ocrx_word' id='word_1_765' title='bbox 3045 4028 3274 4082; x_wconf 83' lang='lat' dir='ltr'><strong>alentem</strong></span> <span class='ocrx_word' id='word_1_766' title='bbox 3301 4044 3316 4092; x_wconf 89' lang='lat'><strong>;</strong></span> <span class='ocrx_word' id='word_1_767' title='bbox 3366 4035 3459 4079; x_wconf 88' lang='lat' dir='ltr'><strong>aut</strong></span> <span class='ocrx_word' id='word_1_768' title='bbox 3494 4040 3652 4093; x_wconf 79' lang='lat' dir='ltr'><strong>agre-</strong></span> 
     </span>
    </p>
   </div>
   <div class='ocr_carea' id='block_1_100' title="bbox 2092 4114 3659 4193">
    <p class='ocr_par' dir='ltr' id='par_1_100' title="bbox 2092 4114 3659 4193">
     <span class='ocr_line' id='line_1_100' title="bbox 2092 4114 3659 4193; baseline -0.006 -18"><span class='ocrx_word' id='word_1_769' title='bbox 2092 4130 2227 4175; x_wconf 88' lang='lat' dir='ltr'><strong>stem</strong></span> <span class='ocrx_word' id='word_1_770' title='bbox 2256 4121 2473 4193; x_wconf 77' lang='lat' dir='ltr'><strong>qudque</strong></span> <span class='ocrx_word' id='word_1_771' title='bbox 2499 4135 2606 4175; x_wconf 89' lang='lat' dir='ltr'><strong>non</strong></span> <span class='ocrx_word' id='word_1_772' title='bbox 2635 4118 2876 4175; x_wconf 77' lang='lat' dir='ltr'><strong>inutilem</strong></span> <span class='ocrx_word' id='word_1_773' title='bbox 2903 4118 3166 4171; x_wconf 87' lang='lat' dir='ltr'><strong>redditam</strong></span> <span class='ocrx_word' id='word_1_774' title='bbox 3200 4115 3466 4170; x_wconf 84' lang='lat' dir='ltr'><strong>industrio</strong></span> <span class='ocrx_word' id='word_1_775' title='bbox 3500 4114 3659 4168; x_wconf 63' lang='grc' dir='ltr'>τοίω-ι</span> 
     </span>
    </p>
   </div>
   <div class='ocr_carea' id='block_1_101' title="bbox 2093 4203 3653 4278">
    <p class='ocr_par' dir='ltr' id='par_1_101' title="bbox 2093 4203 3653 4278">
     <span class='ocr_line' id='line_1_101' title="bbox 2093 4203 3653 4278; baseline -0.004 -13"><span class='ocrx_word' id='word_1_776' title='bbox 2093 4226 2163 4266; x_wconf 91' lang='lat' dir='ltr'><strong>no</strong></span> <span class='ocrx_word' id='word_1_777' title='bbox 2189 4228 2204 4276; x_wconf 89' lang='lat'><strong>;</strong></span> <span class='ocrx_word' id='word_1_778' title='bbox 2238 4218 2332 4264; x_wconf 91' lang='lat' dir='ltr'><strong>aut</strong></span> <span class='ocrx_word' id='word_1_779' title='bbox 2354 4209 2580 4263; x_wconf 80' lang='lat' dir='ltr'><strong>salivam</strong></span> <span class='ocrx_word' id='word_1_780' title='bbox 2608 4208 2858 4278; x_wconf 86' lang='lat' dir='ltr'><strong>denique,</strong></span> <span class='ocrx_word' id='word_1_781' title='bbox 2893 4216 2946 4270; x_wconf 87' lang='lat' dir='ltr'><strong>et</strong></span> <span class='ocrx_word' id='word_1_782' title='bbox 2972 4206 3200 4262; x_wconf 80' lang='lat' dir='ltr'><strong>fertilem</strong></span> <span class='ocrx_word' id='word_1_783' title='bbox 3233 4204 3387 4270; x_wconf 90' lang='lat' dir='ltr'><strong>alias,</strong></span> <span class='ocrx_word' id='word_1_784' title='bbox 3413 4203 3506 4258; x_wconf 90' lang='lat' dir='ltr'><strong>sed</strong></span> <span class='ocrx_word' id='word_1_785' title='bbox 3531 4218 3653 4272; x_wconf 65' lang='lat' dir='ltr'><strong>quae</strong></span> 
     </span>
    </p>
   </div>
   <div class='ocr_carea' id='block_1_102' title="bbox 2092 4295 3652 4371">
    <p class='ocr_par' dir='ltr' id='par_1_102' title="bbox 2092 4295 3652 4371">
     <span class='ocr_line' id='line_1_102' title="bbox 2092 4295 3652 4371; baseline -0.004 -17"><span class='ocrx_word' id='word_1_786' title='bbox 2092 4302 2224 4363; x_wconf 83' lang='lat' dir='ltr'><strong>artis</strong></span> <span class='ocrx_word' id='word_1_787' title='bbox 2263 4300 2473 4357; x_wconf 86' lang='lat' dir='ltr'><strong>delectu</strong></span> <span class='ocrx_word' id='word_1_788' title='bbox 2517 4316 2625 4355; x_wconf 93' lang='lat' dir='ltr'><strong>non</strong></span> <span class='ocrx_word' id='word_1_789' title='bbox 2667 4309 2873 4371; x_wconf 83' lang='lat' dir='ltr'><strong>putata,</strong></span> <span class='ocrx_word' id='word_1_790' title='bbox 2901 4314 3132 4354; x_wconf 66' lang='lat' dir='ltr'><strong>exsucca</strong></span> <span class='ocrx_word' id='word_1_791' title='bbox 3160 4313 3223 4352; x_wconf 87' lang='lat' dir='ltr'><strong>ac</strong></span> <span class='ocrx_word' id='word_1_792' title='bbox 3254 4295 3519 4367; x_wconf 88' lang='lat' dir='ltr'><strong>squalida,</strong></span> <span class='ocrx_word' id='word_1_793' title='bbox 3541 4309 3652 4364; x_wconf 67' lang='lat' dir='ltr'><strong>pra:</strong></span> 
     </span>
    </p>
   </div>
   <div class='ocr_carea' id='block_1_103' title="bbox 2091 4384 3653 4460">
    <p class='ocr_par' dir='ltr' id='par_1_103' title="bbox 2091 4384 3653 4460">
     <span class='ocr_line' id='line_1_103' title="bbox 2091 4384 3653 4460; baseline -0.006 -13"><span class='ocrx_word' id='word_1_794' title='bbox 2091 4393 2277 4447; x_wconf 87' lang='lat' dir='ltr'><strong>multis</strong></span> <span class='ocrx_word' id='word_1_795' title='bbox 2310 4392 2363 4445; x_wconf 91' lang='lat' dir='ltr'><strong>iu</strong></span> <span class='ocrx_word' id='word_1_796' title='bbox 2398 4406 2461 4446; x_wconf 87' lang='lat' dir='ltr'><strong>ea</strong></span> <span class='ocrx_word' id='word_1_797' title='bbox 2490 4390 2775 4460; x_wconf 80' lang='lat' dir='ltr'><strong>supet&#39;lluis</strong></span> <span class='ocrx_word' id='word_1_798' title='bbox 2807 4390 3018 4445; x_wconf 89' lang='lat' dir='ltr'><strong>adnatis</strong></span> <span class='ocrx_word' id='word_1_799' title='bbox 3040 4388 3273 4443; x_wconf 88' lang='lat' dir='ltr'><strong>surculis</strong></span> <span class='ocrx_word' id='word_1_800' title='bbox 3298 4384 3653 4457; x_wconf 74' lang='lat' dir='ltr'><strong>prmfocetur;</strong></span> 
     </span>
    </p>
   </div>
   <div class='ocr_carea' id='block_1_104' title="bbox 2091 4476 3653 4551">
    <p class='ocr_par' dir='ltr' id='par_1_104' title="bbox 2091 4476 3653 4551">
     <span class='ocr_line' id='line_1_104' title="bbox 2091 4476 3653 4551; baseline -0.005 -14"><span class='ocrx_word' id='word_1_801' title='bbox 2091 4480 2559 4538; x_wconf 85' lang='lat' dir='ltr'><strong>dcacuminatione</strong></span> <span class='ocrx_word' id='word_1_802' title='bbox 2582 4496 2645 4535; x_wconf 88' lang='lat' dir='ltr'><strong>ac</strong></span> <span class='ocrx_word' id='word_1_803' title='bbox 2667 4480 3057 4551; x_wconf 80' lang='lat' dir='ltr'><strong>germinatione</strong></span> <span class='ocrx_word' id='word_1_804' title='bbox 3078 4494 3202 4533; x_wconf 89' lang='lat' dir='ltr'><strong>mox</strong></span> <span class='ocrx_word' id='word_1_805' title='bbox 3228 4478 3432 4547; x_wconf 87' lang='lat' dir='ltr'><strong>perlici,</strong></span> <span class='ocrx_word' id='word_1_806' title='bbox 3462 4487 3516 4532; x_wconf 92' lang='lat' dir='ltr'><strong>et</strong></span> <span class='ocrx_word' id='word_1_807' title='bbox 3544 4476 3653 4530; x_wconf 84' lang='lat' dir='ltr'><strong>fru-</strong></span> 
     </span>
    </p>
   </div>
   <div class='ocr_carea' id='block_1_105' title="bbox 2019 4567 3648 4653">
    <p class='ocr_par' dir='ltr' id='par_1_105' title="bbox 2019 4567 3648 4653">
     <span class='ocr_line' id='line_1_105' title="bbox 2019 4567 3648 4653; baseline -0.006 -23"><span class='ocrx_word' id='word_1_808' title='bbox 2019 4599 2060 4653; x_wconf 73' lang='grc' dir='ltr'>υ</span> <span class='ocrx_word' id='word_1_809' title='bbox 2091 4583 2210 4630; x_wconf 87' lang='lat' dir='ltr'><strong>ctus</strong></span> <span class='ocrx_word' id='word_1_810' title='bbox 2248 4574 2397 4640; x_wconf 77' lang='lat' dir='ltr'><strong>dare,</strong></span> <span class='ocrx_word' id='word_1_811' title='bbox 2433 4574 2523 4643; x_wconf 85' lang='lat' dir='ltr'><strong>qui</strong></span> <span class='ocrx_word' id='word_1_812' title='bbox 2558 4588 2590 4627; x_wconf 88' lang='lat' dir='ltr'><strong>a</strong></span> <span class='ocrx_word' id='word_1_813' title='bbox 2634 4571 2951 4626; x_wconf 85' lang='lat' dir='ltr'><strong>redundanti</strong></span> <span class='ocrx_word' id='word_1_814' title='bbox 2977 4571 3133 4641; x_wconf 89' lang='lat' dir='ltr'><strong>copia</strong></span> <span class='ocrx_word' id='word_1_815' title='bbox 3164 4567 3648 4639; x_wconf 87' lang='lat' dir='ltr'><strong>impediebantur);</strong></span> 
     </span>
    </p>
   </div>
   <div class='ocr_carea' id='block_1_106' title="bbox 2090 4660 3649 4733">
    <p class='ocr_par' dir='ltr' id='par_1_106' title="bbox 2090 4660 3649 4733">
     <span class='ocr_line' id='line_1_106' title="bbox 2090 4660 3649 4733; baseline -0.003 -16"><span class='ocrx_word' id='word_1_816' title='bbox 2090 4664 2222 4719; x_wconf 90' lang='lat' dir='ltr'><strong>tales</strong></span> <span class='ocrx_word' id='word_1_817' title='bbox 2256 4664 2343 4718; x_wconf 92' lang='lat' dir='ltr'><strong>ille</strong></span> <span class='ocrx_word' id='word_1_818' title='bbox 2398 4678 2495 4717; x_wconf 89' lang='lat' dir='ltr'><strong>nos</strong></span> <span class='ocrx_word' id='word_1_819' title='bbox 2523 4678 2837 4726; x_wconf 86' lang='lat' dir='ltr'><strong>assumens,</strong></span> <span class='ocrx_word' id='word_1_820' title='bbox 2873 4671 2927 4716; x_wconf 91' lang='lat' dir='ltr'><strong>et</strong></span> <span class='ocrx_word' id='word_1_821' title='bbox 2968 4662 3123 4733; x_wconf 89' lang='lat' dir='ltr'><strong>quasi</strong></span> <span class='ocrx_word' id='word_1_822' title='bbox 3168 4661 3371 4716; x_wconf 87' lang='lat' dir='ltr'><strong>rustica</strong></span> <span class='ocrx_word' id='word_1_823' title='bbox 3415 4660 3649 4730; x_wconf 85' lang='lat' dir='ltr'><strong>quadam</strong></span> 
     </span>
    </p>
   </div>
   <div class='ocr_carea' id='block_1_107' title="bbox 2084 4753 3650 4822">
    <p class='ocr_par' dir='ltr' id='par_1_107' title="bbox 2084 4753 3650 4822">
     <span class='ocr_line' id='line_1_107' title="bbox 2084 4753 3650 4822; baseline -0.001 -14"><span class='ocrx_word' id='word_1_824' title='bbox 2084 4763 2199 4808; x_wconf 91' lang='lat' dir='ltr'><strong>arte</strong></span> <span class='ocrx_word' id='word_1_825' title='bbox 2230 4770 2352 4821; x_wconf 90' lang='lat' dir='ltr'><strong>sua,</strong></span> <span class='ocrx_word' id='word_1_826' title='bbox 2384 4753 2624 4810; x_wconf 86' lang='lat' dir='ltr'><strong>lustrans</strong></span> <span class='ocrx_word' id='word_1_827' title='bbox 2664 4768 2727 4807; x_wconf 87' lang='lat' dir='ltr'><strong>ac</strong></span> <span class='ocrx_word' id='word_1_828' title='bbox 2752 4753 2969 4822; x_wconf 91' lang='lat' dir='ltr'><strong>penitus</strong></span> <span class='ocrx_word' id='word_1_829' title='bbox 3010 4753 3407 4822; x_wconf 85' lang='lat' dir='ltr'><strong>introspiciens,</strong></span> <span class='ocrx_word' id='word_1_830' title='bbox 3439 4767 3544 4807; x_wconf 87' lang='lat' dir='ltr'><strong>non</strong></span> <span class='ocrx_word' id='word_1_831' title='bbox 3584 4767 3650 4806; x_wconf 87' lang='lat' dir='ltr'><strong>ea</strong></span> 
     </span>
    </p>
   </div>
   <div class='ocr_carea' id='block_1_108' title="bbox 2083 4844 3649 4917">
    <p class='ocr_par' dir='ltr' id='par_1_108' title="bbox 2083 4844 3649 4917">
     <span class='ocr_line' id='line_1_108' title="bbox 2083 4844 3649 4917; baseline -0.003 -16"><span class='ocrx_word' id='word_1_832' title='bbox 2083 4848 2255 4902; x_wconf 92' lang='lat' dir='ltr'><strong>solum</strong></span> <span class='ocrx_word' id='word_1_833' title='bbox 2276 4863 2396 4917; x_wconf 60' lang='lat' dir='ltr'><strong>quae</strong></span> <span class='ocrx_word' id='word_1_834' title='bbox 2418 4847 2660 4901; x_wconf 88' lang='lat' dir='ltr'><strong>omnium</strong></span> <span class='ocrx_word' id='word_1_835' title='bbox 2692 4847 2866 4900; x_wconf 87' lang='lat' dir='ltr'><strong>oculis</strong></span> <span class='ocrx_word' id='word_1_836' title='bbox 2897 4854 3258 4916; x_wconf 87' lang='lat' dir='ltr'><strong>patentatque</strong></span> <span class='ocrx_word' id='word_1_837' title='bbox 3284 4845 3337 4898; x_wconf 90' lang='lat' dir='ltr'><strong>in</strong></span> <span class='ocrx_word' id='word_1_838' title='bbox 3367 4844 3649 4913; x_wconf 82' lang='lat' dir='ltr'><strong>superficie</strong></span> 
     </span>
    </p>
   </div>
   <div class='ocr_carea' id='block_1_109' title="bbox 2081 4934 3645 5004">
    <p class='ocr_par' dir='ltr' id='par_1_109' title="bbox 2081 4934 3645 5004">
     <span class='ocr_line' id='line_1_109' title="bbox 2081 4934 3645 5004; baseline -0.004 -12"><span class='ocrx_word' id='word_1_839' title='bbox 2081 4947 2395 5003; x_wconf 84' lang='lat' dir='ltr'><strong>eernuntur,</strong></span> <span class='ocrx_word' id='word_1_840' title='bbox 2425 4937 2517 4991; x_wconf 89' lang='lat' dir='ltr'><strong>sed</strong></span> <span class='ocrx_word' id='word_1_841' title='bbox 2541 4935 2701 4991; x_wconf 88' lang='lat' dir='ltr'><strong>altius</strong></span> <span class='ocrx_word' id='word_1_842' title='bbox 2736 4934 2992 4990; x_wconf 73' lang='lat' dir='ltr'><strong>effodiens</strong></span> <span class='ocrx_word' id='word_1_843' title='bbox 3019 4944 3071 4989; x_wconf 85' lang='lat' dir='ltr'><strong>et</strong></span> <span class='ocrx_word' id='word_1_844' title='bbox 3092 4934 3280 4989; x_wconf 83' lang='lat' dir='ltr'><strong>intima</strong></span> <span class='ocrx_word' id='word_1_845' title='bbox 3303 4941 3645 5004; x_wconf 85' lang='lat' dir='ltr'><strong>pertentans;</strong></span> 
     </span>
    </p>
   </div>
   <div class='ocr_carea' id='block_1_110' title="bbox 2083 5024 3643 5099">
    <p class='ocr_par' dir='ltr' id='par_1_110' title="bbox 2083 5024 3643 5099">
     <span class='ocr_line' id='line_1_110' title="bbox 2083 5024 3643 5099; baseline -0.003 -16"><span class='ocrx_word' id='word_1_846' title='bbox 2083 5030 2421 5099; x_wconf 83' lang='lat' dir='ltr'><strong>interrogans</strong></span> <span class='ocrx_word' id='word_1_847' title='bbox 2441 5036 2494 5083; x_wconf 93' lang='lat' dir='ltr'><strong>et</strong></span> <span class='ocrx_word' id='word_1_848' title='bbox 2515 5034 2843 5098; x_wconf 82' lang='lat' dir='ltr'><strong>proponens,</strong></span> <span class='ocrx_word' id='word_1_849' title='bbox 2871 5028 3360 5098; x_wconf 88' lang='lat' dir='ltr'><strong>respondentesque</strong></span> <span class='ocrx_word' id='word_1_850' title='bbox 3390 5024 3643 5087; x_wconf 87' lang='lat' dir='ltr'><strong>audiens;</strong></span> 
     </span>
    </p>
   </div>
   <div class='ocr_carea' id='block_1_111' title="bbox 2087 5110 3647 5187">
    <p class='ocr_par' dir='ltr' id='par_1_111' title="bbox 2087 5110 3647 5187">
     <span class='ocr_line' id='line_1_111' title="bbox 2087 5110 3647 5187; baseline -0.006 -17"><span class='ocrx_word' id='word_1_851' title='bbox 2087 5127 2146 5170; x_wconf 89' lang='lat' dir='ltr'><strong>ut</strong></span> <span class='ocrx_word' id='word_1_852' title='bbox 2173 5116 2425 5187; x_wconf 83' lang='lat' dir='ltr'><strong>cognovit</strong></span> <span class='ocrx_word' id='word_1_853' title='bbox 2453 5116 2655 5185; x_wconf 87' lang='lat' dir='ltr'><strong>aliquid</strong></span> <span class='ocrx_word' id='word_1_854' title='bbox 2683 5131 2790 5169; x_wconf 92' lang='lat' dir='ltr'><strong>non</strong></span> <span class='ocrx_word' id='word_1_855' title='bbox 2819 5112 3191 5186; x_wconf 80' lang='lat' dir='ltr'><strong>infrugiferum</strong></span> <span class='ocrx_word' id='word_1_856' title='bbox 3216 5128 3315 5167; x_wconf 88' lang='lat' dir='ltr'><strong>nec</strong></span> <span class='ocrx_word' id='word_1_857' title='bbox 3340 5110 3529 5163; x_wconf 86' lang='lat' dir='ltr'><strong>inutile</strong></span> <span class='ocrx_word' id='word_1_858' title='bbox 3553 5118 3647 5161; x_wconf 89' lang='lat' dir='ltr'><strong>aut</strong></span> 
     </span>
    </p>
   </div>
   <div class='ocr_carea' id='block_1_112' title="bbox 2086 5196 3647 5276">
    <p class='ocr_par' dir='ltr' id='par_1_112' title="bbox 2086 5196 3647 5276">
     <span class='ocr_line' id='line_1_112' title="bbox 2086 5196 3647 5276; baseline -0.008 -13"><span class='ocrx_word' id='word_1_859' title='bbox 2086 5196 2298 5263; x_wconf 87' lang='lat' dir='ltr'><strong>irritum</strong></span> <span class='ocrx_word' id='word_1_860' title='bbox 2329 5208 2383 5263; x_wconf 90' lang='lat' dir='ltr'><strong>in</strong></span> <span class='ocrx_word' id='word_1_861' title='bbox 2408 5208 2562 5265; x_wconf 87' lang='lat' dir='ltr'><strong>nobis</strong></span> <span class='ocrx_word' id='word_1_862' title='bbox 2592 5222 2713 5261; x_wconf 89' lang='lat' dir='ltr'><strong>esse</strong></span> <span class='ocrx_word' id='word_1_863' title='bbox 2733 5248 2748 5271; x_wconf 93' lang='lat'><strong>,</strong></span> <span class='ocrx_word' id='word_1_864' title='bbox 2789 5214 2901 5261; x_wconf 85' lang='lat' dir='ltr'><strong>tum</strong></span> <span class='ocrx_word' id='word_1_865' title='bbox 2937 5206 3205 5276; x_wconf 87' lang='lat' dir='ltr'><strong>subigere,</strong></span> <span class='ocrx_word' id='word_1_866' title='bbox 3241 5205 3503 5258; x_wconf 85' lang='lat' dir='ltr'><strong>invertere</strong></span> <span class='ocrx_word' id='word_1_867' title='bbox 3523 5241 3538 5266; x_wconf 91' lang='lat'><strong>,</strong></span> <span class='ocrx_word' id='word_1_868' title='bbox 3580 5198 3647 5251; x_wconf 86' lang='lat' dir='ltr'><strong>ir-</strong></span> 
     </span>
    </p>
   </div>
   <div class='ocr_carea' id='block_1_113' title="bbox 2085 5296 3643 5372">
    <p class='ocr_par' dir='ltr' id='par_1_113' title="bbox 2085 5296 3643 5372">
     <span class='ocr_line' id='line_1_113' title="bbox 2085 5296 3643 5372; baseline -0.01 -14"><span class='ocrx_word' id='word_1_869' title='bbox 2085 5302 2295 5372; x_wconf 75' lang='lat' dir='ltr'><strong>rigare,</strong></span> <span class='ocrx_word' id='word_1_870' title='bbox 2338 5301 2519 5356; x_wconf 88' lang='lat' dir='ltr'><strong>omnia</strong></span> <span class='ocrx_word' id='word_1_871' title='bbox 2568 5314 2823 5365; x_wconf 85' lang='lat' dir='ltr'><strong>movere,</strong></span> <span class='ocrx_word' id='word_1_872' title='bbox 2875 5314 3090 5352; x_wconf 87' lang='lat' dir='ltr'><strong>omnem</strong></span> <span class='ocrx_word' id='word_1_873' title='bbox 3135 5296 3421 5350; x_wconf 88' lang='lat' dir='ltr'><strong>admovere</strong></span> <span class='ocrx_word' id='word_1_874' title='bbox 3469 5298 3643 5345; x_wconf 84' lang='lat' dir='ltr'><strong>artem</strong></span> 
     </span>
    </p>
   </div>
   <div class='ocr_carea' id='block_1_114' title="bbox 2085 5377 3727 5457">
    <p class='ocr_par' dir='ltr' id='par_1_114' title="bbox 2085 5377 3727 5457">
     <span class='ocr_line' id='line_1_114' title="bbox 2085 5377 3727 5457; baseline -0.01 -12"><span class='ocrx_word' id='word_1_875' title='bbox 2085 5407 2238 5445; x_wconf 88' lang='lat' dir='ltr'><strong>suam</strong></span> <span class='ocrx_word' id='word_1_876' title='bbox 2257 5407 2320 5447; x_wconf 90' lang='lat' dir='ltr'><strong>ac</strong></span> <span class='ocrx_word' id='word_1_877' title='bbox 2337 5406 2543 5454; x_wconf 89' lang='lat' dir='ltr'><strong>curam,</strong></span> <span class='ocrx_word' id='word_1_878' title='bbox 2583 5388 2879 5457; x_wconf 88' lang='lat' dir='ltr'><strong>seduloque</strong></span> <span class='ocrx_word' id='word_1_879' title='bbox 2904 5399 3155 5439; x_wconf 81' lang='lat' dir='ltr'><strong>exercere</strong></span> <span class='ocrx_word' id='word_1_880' title='bbox 3178 5397 3278 5436; x_wconf 91' lang='lat' dir='ltr'><strong>nos</strong></span> <span class='ocrx_word' id='word_1_881' title='bbox 3309 5379 3499 5449; x_wconf 74' lang='lat' dir='ltr'><strong>cmpit;</strong></span> <span class='ocrx_word' id='word_1_882' title='bbox 3536 5377 3639 5446; x_wconf 85' lang='lat' dir='ltr'><strong>spi-</strong></span> <span class='ocrx_word' id='word_1_883' title='bbox 3722 5420 3727 5423; x_wconf 89' lang='lat'>.</span> 
     </span>
    </p>
   </div>
   <div class='ocr_carea' id='block_1_115' title="bbox 2094 5530 3643 5610">
    <p class='ocr_par' dir='ltr' id='par_1_115' title="bbox 2094 5530 3643 5610">
     <span class='ocr_line' id='line_1_115' title="bbox 2094 5530 3643 5610; baseline -0.008 -16"><span class='ocrx_word' id='word_1_884' title='bbox 2094 5548 2199 5603; x_wconf 87' lang='lat' dir='ltr'><strong>tat,</strong></span> <span class='ocrx_word' id='word_1_885' title='bbox 2236 5556 2397 5610; x_wconf 83' lang='lat' dir='ltr'><strong>quam</strong></span> <span class='ocrx_word' id='word_1_886' title='bbox 2434 5540 2478 5610; x_wconf 87' lang='lat' dir='ltr'><strong>si</strong></span> <span class='ocrx_word' id='word_1_887' title='bbox 2516 5539 2662 5610; x_wconf 81' lang='lat' dir='ltr'><strong>legas</strong></span> <span class='ocrx_word' id='word_1_888' title='bbox 2686 5533 3217 5610; x_wconf 47' lang='lat' dir='ltr'><strong>procupmtiaavra,</strong></span> <span class='ocrx_word' id='word_1_889' title='bbox 3240 5538 3542 5610; x_wconf 79' lang='lat' dir='ltr'><strong>permutata</strong></span> <span class='ocrx_word' id='word_1_890' title='bbox 3573 5530 3643 5610; x_wconf 57' lang='lat' dir='ltr'><strong>li:</strong></span> 
     </span>
    </p>
   </div>
   <div class='ocr_carea' id='block_1_116' title="bbox 2088 5600 3643 5680">
    <p class='ocr_par' dir='ltr' id='par_1_116' title="bbox 2088 5600 3643 5680">
     <span class='ocr_line' id='line_1_116' title="bbox 2088 5600 3643 5680; baseline -0.005 -18"><span class='ocrx_word' id='word_1_891' title='bbox 2088 5600 2287 5676; x_wconf 56' lang='lat' dir='ltr'><strong>quida&#39;,</strong></span> <span class='ocrx_word' id='word_1_892' title='bbox 2332 5600 2735 5680; x_wconf 72' lang='grc' dir='ltr'>συμϐρύᾱαντόι.</span> <span class='ocrx_word' id='word_1_893' title='bbox 2791 5605 2847 5658; x_wconf 86' lang='lat' dir='ltr'><strong>1d</strong></span> <span class='ocrx_word' id='word_1_894' title='bbox 2883 5600 3213 5680; x_wconf 56' lang='lat' dir='ltr'><strong>quadrabit,</strong></span> <span class='ocrx_word' id='word_1_895' title='bbox 3244 5600 3310 5656; x_wconf 15' lang='lat' dir='ltr'><strong>isi</strong></span> <span class='ocrx_word' id='word_1_896' title='bbox 3346 5601 3454 5655; x_wconf 86' lang='lat' dir='ltr'><strong>vim</strong></span> <span class='ocrx_word' id='word_1_897' title='bbox 3494 5600 3643 5654; x_wconf 85' lang='lat' dir='ltr'><strong>verbi</strong></span> 
     </span>
    </p>
   </div>
   <div class='ocr_carea' id='block_1_117' title="bbox 2090 5673 3611 5751">
    <p class='ocr_par' dir='ltr' id='par_1_117' title="bbox 2090 5673 3611 5751">
     <span class='ocr_line' id='line_1_117' title="bbox 2090 5673 3611 5751; baseline -0.007 -17"><span class='ocrx_word' id='word_1_898' title='bbox 2090 5673 2235 5751; x_wconf 80' lang='grc' dir='ltr'>βρύω</span> <span class='ocrx_word' id='word_1_899' title='bbox 2271 5673 2742 5751; x_wconf 62' lang='grc' dir='ltr'>ὸιιηιὀόῐῃροεὶιῇε</span> <span class='ocrx_word' id='word_1_900' title='bbox 2768 5674 3104 5751; x_wconf 62' lang='grc' dir='ltr'>θκρειιιιονὶξ.</span> <span class='ocrx_word' id='word_1_901' title='bbox 3146 5673 3378 5727; x_wconf 78' lang='lat' dir='ltr'><strong>BENGEL.</strong></span> <span class='ocrx_word' id='word_1_902' title='bbox 3530 5739 3543 5751; x_wconf 80' lang='lat'>_</span> <span class='ocrx_word' id='word_1_903' title='bbox 3589 5736 3611 5751; x_wconf 47' lang='lat'><strong><em>~</em></strong></span> 
     </span>
    </p>
   </div>
   <div class='ocr_carea' id='block_1_118' title="bbox 2158 5739 3651 5821">
    <p class='ocr_par' dir='ltr' id='par_1_118' title="bbox 2158 5739 3651 5821">
     <span class='ocr_line' id='line_1_118' title="bbox 2158 5739 3651 5821; baseline -0.003 -20"><span class='ocrx_word' id='word_1_904' title='bbox 2158 5750 2266 5821; x_wconf 65' lang='grc'><strong>(84)</strong></span> <span class='ocrx_word' id='word_1_905' title='bbox 2309 5747 2482 5807; x_wconf 80' lang='grc' dir='ltr'>Ἐκεῖ.</span> <span class='ocrx_word' id='word_1_906' title='bbox 2516 5739 2816 5815; x_wconf 72' lang='lat' dir='ltr'><strong>Bengelius,</strong></span> <span class='ocrx_word' id='word_1_907' title='bbox 2837 5739 3198 5799; x_wconf 72' lang='lat' dir='ltr'><strong>Hmscbelium</strong></span> <span class='ocrx_word' id='word_1_908' title='bbox 3232 5751 3468 5807; x_wconf 83' lang='lat' dir='ltr'><strong>secutus,</strong></span> <span class='ocrx_word' id='word_1_909' title='bbox 3497 5739 3651 5810; x_wconf 66' lang='grc' dir='ltr'>είκῆα</span> 
     </span>
    </p>
   </div>
  </div>
