4090 6380
485 419 625 477 1075
1635 418 1695 475 S.
1736 414 2065 475 GREGORII
2103 413 2605 474 THAUMATURGI
3587 412 3725 471 1076

486 555 590 595 nas
628 540 847 611 quidem
890 556 956 598 ac
982 541 1231 607 tribulos,
1264 550 1318 596 et
1342 555 1513 611 genus
1557 555 1718 595 omne
1762 539 2055 610 agrestium
2086 564 2101 603 λ

2111 549 2133 604 ι
2160 537 2224 609 δὴ
2263 536 2496 601 ἄτακτος
2531 532 2665 590 οὖσα
2700 536 2791 590 καὶ
2828 535 3145 607 προπετὴς),
3183 536 3290 589 πᾶν
3321 533 3605 588 ἐκκόπτων
3632 532 3726 589 καὶ

487 631 969 707 Ιιετιιετυιηηοῐιιυε
992 634 1264 702 stirpium,
1288 641 1554 704 quotquot
1572 631 1856 687 luxurians
1879 640 1934 685 et
1961 631 2057 686 sil-

2164 627 2395 698 ἐξαίρων
2434 629 2546 694 τοῖς
2594 626 2833 695 ἐλέγχοις
2879 625 2972 678 καὶ
3017 624 3096 695 τῷ
3141 623 3369 678 κωλύειν
3389 639 3404 653 ·
3452 620 3724 677 καθαπτό-

484 738 736 785 vesceris.
765 733 949 794 utpote
989 723 1348 793 incomposita
1375 734 1429 780 et
1450 738 1708 794 praeceps,
1744 723 1925 778 anima
1964 740 2057 781 no-

2163 735 2321 788 μενος
2359 717 2535 788 ἡμῶν,
2567 719 2663 771 καὶ
2707 717 2850 788 μάλα
2895 716 3275 794 Σωκμτικῶς,
3321 716 3464 770 ἔστιν
3508 716 3598 768 ὅτε
3629 715 3721 769 καὶ

483 821 598 868 stra
631 811 845 866 turbida
892 811 1280 881 profundebat,
1326 806 1542 884 penitus
1587 828 1842 869 resecans
1872 829 1938 869 ac
1968 814 2057 868 de-

2161 808 2527 875 ὑποσκελίζων
2566 809 2644 880 τῷ
2688 808 2831 880 λόγῳ
2857 852 2872 877 ,
2925 804 3052 884 ετριη
3106 808 3282 879 πάντη
3327 804 3724 878 ἀφηνιάζοντας

479 903 726 965 trahens,
765 903 1235 972 reprehendendo,
1268 905 1741 974 prohibendoque;
1785 920 1930 960 nunc
1962 904 2061 960 So-

2158 902 2326 972 ήμᾶς,
2357 900 2544 972 ὥσπερ
2578 898 2732 963 τινὰς
2761 897 2869 952 τῶν
2897 894 3103 971 ἀγρίων
3143 899 3344 963 ἵππων,
3373 894 3540 969 ἐώρα,
3573 913 3723 968 σκιρ-

481 992 687 1048 cratico
713 1008 863 1048 more
898 994 1138 1065 sciteque
1173 996 1465 1052 admodum
1504 1013 1608 1054 nos
1644 999 2051 1071 perstringens;

2157 994 2364 1059 τῶντας
2386 994 2491 1061 ἔξω
2508 994 2609 1065 τῆς
2628 993 2750 1048 ὁδοῦ
2774 992 2868 1048 καὶ
2886 992 3054 1047 πολλά
3071 991 3553 1064 ἐκπεριτρὲχοντας
3575 988 3719 1058 εἰκῆ,

482 1100 628 1139 nunc
654 1084 820 1139 etiam
869 1087 1115 1142 oratione
1155 1102 1256 1144 sua
1301 1097 1690 1159 prosternens,
1738 1090 1910 1146 sicubi
1952 1104 2055 1147 nos

2158 1085 2263 1149 ἕως
2290 1079 2350 1140 οὗ
2399 1085 2577 1139 πειθοῖ
2615 1102 2720 1139 τινι
2762 1085 2855 1139 καὶ
2887 1085 3095 1155 ἀνάγκῃ
3139 1084 3214 1147 ὼς
3256 1081 3361 1136 ὑπὸ
3405 1080 3607 1153 χαλινῷ
3646 1078 3723 1151 τῷ

481 1172 638 1230 freno
664 1176 1015 1241 reluctantes,
1050 1186 1310 1249 tanquam
1355 1177 1501 1236 feros
1537 1180 1802 1251 quosdam
1836 1196 2008 1253 equos
2034 1222 2050 1250 ,

2158 1179 2223 1231 ἐκ
2269 1178 2537 1248 στόματος
2582 1177 2739 1249 ήμῶν
2782 1176 2947 1248 λόγῳ,
2978 1175 3235 1248 ἡσυχίους
3266 1172 3414 1245 αὐτῷ
3460 1172 3725 1242 κατεπή-

479 1276 633 1319 rxtra
675 1266 820 1322 viam
846 1268 1156 1324 exsilientes
1206 1284 1271 1325 ac
1313 1278 1518 1326 temere
1564 1272 2054 1330 circumcursantes

2160 1286 2289 1323 σατο
2310 1286 2323 1300 ’
2349 1269 2622 1341 δυσχερῶς
2665 1268 2763 1341 μὲν
2803 1270 2933 1340 ἡμῖν
2965 1267 3058 1321 καὶ⁸
3099 1266 3199 1319 οὐκ
3235 1263 3455 1328 ἀλύπως
3480 1262 3541 1317 τὸ
3566 1260 3720 1335 πρῶρ-

479 1357 730 1427 videbat;
767 1361 947 1430 quoad
973 1363 1324 1432 persuasione
1363 1364 1595 1434 quadam
1626 1372 1790 1435 atque
1825 1366 2059 1421 necessi-

2156 1378 2268 1427 τον,
2300 1356 2388 1414 οἷα
2419 1361 2482 1433 δὴ
2531 1359 2724 1433 ἀήθεσι
2768 1362 2863 1413 καὶ
2896 1356 3309 1414 κατακολουθεῖν
3351 1354 3428 1427 τῷ
3456 1354 3597 1425 λόγῳ
3629 1353 3723 1407 ob,

464 1456 589 1507 .tate
631 1450 780 1506 velut
813 1451 988 1517 freno,
1031 1469 1133 1510 suo
1178 1469 1280 1511 nos
1327 1470 1579 1512 sermone
1605 1458 1819 1527 quietos
1842 1458 2055 1529 sibique

2157 1449 2304 1504 δέπω
2341 1450 2754 1522 μεμελετηκόσι,
2780 1449 3071 1521 προσάγων
3105 1448 3232 1511 τοὺς
3261 1447 3390 1520 παρ’
3422 1444 3597 1516 ἐαυτῷ
3635 1445 3732 1498 λάμ--

464 1539 849 1611 ροδεεειυεηιεε
868 1543 1122 1599 reddidit.
1144 1544 1224 1600 Ac
1254 1546 1542 1602 molestum
1565 1546 1618 1603 id
1639 1548 1856 1618 quidem
1874 1549 2051 1616 nobis,

2156 1560 2316 1614 γους’
2343 1542 2481 1597 ἀλλά
2518 1543 2628 1615 γὰρ
2663 1541 3004 1615 ἐκκαθαίρων
3040 1543 3207 1612 ὅμως.
3237 1535 3317 1612 τῌ
3358 1540 3403 1593 δ’
3435 1539 3500 1594 ἂν
3533 1541 3728 1611 ἐπιτη-

464 1644 583 1703 bnec
609 1631 727 1686 sine
757 1632 946 1689 dolore
976 1631 1246 1704 principio
1277 1636 1503 1702 accidit,
1549 1652 1675 1692 cum
1708 1638 1935 1695 insuetis
1975 1639 2054 1694 ni-

2155 1635 2329 1699 δείους
2359 1635 2506 1706 ἡμᾶς
2538 1634 2851 1706 ἐποιήσατο,
2876 1634 2968 1687 καὶ
2992 1632 3503 1704 εὑπαρεσκευάσατο
3524 1632 3601 1694 είς
3623 1647 3729 1684 παι

479 1721 681 1776 mirum
708 1722 1022 1794 rationique
1055 1740 1250 1796 parere
1274 1728 1511 1783 nonduin
1539 1729 1744 1786 edoctis
1772 1745 2051 1788 sermones

2161 1724 2388 1797 ραδοχὴν
2432 1724 2541 1779 τῶν
2583 1725 2683 1795 τῆς
2713 1723 2968 1795 ἀληθείας
3009 1723 3209 1793 λόγων·
3250 1722 3372 1776 τότε
3410 1721 3476 1793 δὴ
3513 1716 3602 1776 οἵα
3633 1720 3731 1773 εὐ-

477 1825 609 1867 suos
631 1811 945 1869 admoveret
974 1824 1030 1870 et
1062 1826 1403 1887 expurgaret.
1448 1816 1519 1876 Ut
1547 1835 1672 1876 vero
1697 1820 1921 1879 idoneos
1949 1837 2050 1880 nos

2156 1811 2593 1886 κατειργασμένη
2625 1815 2716 1884 γῇ,
2761 1813 2856 1866 καὶ
2887 1812 3090 1884 ἁπαλῇ,
3127 1811 3318 1885 ἑτοίμῃ
3359 1829 3420 1866 τε
3462 1811 3734 1881 ἀναφύειν

475 1902 739 1970 reddidit,
785 1904 997 1975 riteque
1018 1909 1087 1964 ad
1113 1909 1458 1979 excipiendos
1484 1912 1733 1969 veritatis
1770 1928 2050 1972 sermones
2083 1908 2090 1961 ἲ

2117 1902 2223 1960 ιτά
2272 1902 2575 1974 ἐπαχθέντα
2622 1904 2730 1957 τῶν
2781 1903 3132 1976 σπερμάτων,
3172 1903 3438 1975 ἐπέφερεν
3486 1900 3732 1973 ἀφειδῶς

475 1995 840 2062 praeparavit;
871 2004 987 2049 tum
1012 2012 1142 2052 vero
1170 2007 1429 2069 tanquam
1472 2000 1609 2056 bene
1652 2002 1891 2058 subactae
1921 2005 2049 2060 mol-

2152 1993 2404 2067 εὔκαιρον
2438 1995 2531 2049 καὶ
2561 1995 2659 2067 τὴν
2684 1994 2792 2048 τῶν
2822 1995 3150 2067 σπερμάτων
3191 1993 3491 2065 καταϐολὴν
3531 1991 3726 2049 ποιού-

474 2083 625 2154 lique
652 2095 844 2154 teme,
878 2088 1074 2159 injecta
1101 2093 1309 2148 semina
1337 2094 1562 2150 reddere
1585 2103 1786 2165 paratae
1804 2137 1819 2163 ,
1846 2113 2049 2169 oppor-

2157 2103 2331 2157 μενος,
2363 2085 2615 2160 εὔκαιρον
2659 2088 2753 2141 καὶ
2778 2087 2875 2160 τὴν
2900 2088 3093 2158 λοιπὴν
3142 2084 3456 2156 ἐπιμέλειαν
3503 2084 3728 2140 ἅπασαν

475 2189 664 2231 tunam
695 2177 964 2233 seminum
993 2180 1337 2249 injectionem
1363 2183 1565 2239 affatim
1587 2185 1879 2255 inferebat;
1912 2200 2049 2244 tem-

2152 2180 2361 2244 οἰκείως
2404 2179 2613 2234 ἕκαστα
2659 2180 3167 2252 κατεργαζόμενος,
3216 2177 3311 2232 καὶ
3352 2179 3464 2241 τοῖς
3500 2175 3728 2240 οἰκείοις

473 2268 739 2339 pestivam
781 2271 944 2326 simul
987 2272 1251 2344 reliquam
1297 2277 1564 2331 culturam
1612 2293 1827 2335 omnem
1854 2320 1870 2347 ,
1906 2282 2048 2352 aptis

2150 2272 2243 2327 τοῦ
2273 2272 2431 2342 λόγου
2465 2274 2572 2327 πᾶν
2614 2273 2712 2344 μὲν
2744 2273 2867 2326 ὅσον
2897 2272 3075 2343 ἀμϐλὺ
3109 2271 3203 2324 καὶ
3235 2269 3389 2324 νόθον
3417 2269 3520 2340 τῆς
3543 2269 3756 2341 ψυχῆς·

475 2360 689 2431 singula
749 2362 967 2431 modis,
1019 2380 1319 2435 exercens;
1371 2368 1636 2439 quidquid
1680 2371 1934 2429 obtusum
1982 2389 2047 2430 ac

2153 2365 2205 2437 (ἢ
2240 2365 2545 2434 πεφυκυίας
2593 2364 2849 2437 οὖτως,ἢ
2898 2366 2991 2419 καὶ
3037 2364 3142 2427 ὑπὸ
3194 2362 3406 2435 τροφῶν
3451 2360 3756 2434 περιττῶν”

473 2452 721 2521 spurium
746 2453 801 2508 in
830 2456 1011 2511 anima
1036 2466 1176 2525 erat,
1212 2458 1326 2515 sive
1346 2460 1427 2515 sic
1449 2469 1595 2527 nata,
1620 2461 1736 2518 sive
1757 2463 2046 2534 superﬂuis

2150 2455 2243 2510 τοῦ
2292 2455 2539 2529 σώματος
2589 2456 3013 2529 παχυνομένης),
3064 2453 3379 2528 παροξύνων
3431 2453 3525 2508 καὶ
3576 2452 3727 2519 ἐξισ-

473 2546 719 2615 corporis
743 2547 1016 2603 alimentis
1040 2550 1390 2617 condensata,
1415 2567 1707 2624 exacuens,
1737 2564 2048 2613 attenuans-

2150 2549 2378 2621 χναίνων
2422 2552 2536 2614 τοῖς
2582 2550 2797 2614 λεπτοῖς
2837 2549 2945 2604 τῶν
2977 2542 3225 2619 λογικῶν”
3255 2548 3590 2619 παθημάτων
3632 2547 3727 2602 λό-

471 2647 581 2702 que
620 2634 912 2693 subtilibus
960 2639 1158 2694 rationi
1225 2644 1641 2711 congruentium
1699 2644 2043 2702 aﬂectionum

2148 2655 2266 2708 γοις
2308 2640 2403 2693 καὶ
2442 2640 2682 2712 τρόποις,
2727 2640 2777 2693 οἳ
2823 2640 2883 2705 ἐξ
2919 2639 3301 2694 ἀπλουστάτων
3346 2639 3456 2693 τῶν
3486 2638 3724 2711 πρώτων

472 2727 818 2806 sermonibus
845 2743 909 2782 ac
933 2730 1137 2796 modis;
1170 2731 1263 2800 qui
1301 2746 1366 2786 ex
1405 2733 1595 2802 primis
1624 2735 2044 2806 simplicissimis

2148 2729 2513 2801 ἀνειλούμενον.
2547 2731 2857 2802 ἐπάλληλοι,
2895 2732 2987 2785 καὶ
3032 2732 3290 2794 ποικίλως
3333 2730 3719 2802 στρεφόμενοι,

470 2818 672 2874 evoluti
699 2819 791 2873 alii
815 2835 882 2875 ex
913 2822 1055 2888 aliis,
1078 2823 1336 2893 varieque
1367 2827 1635 2893 conversi,
1669 2828 1721 2882 in
1751 2828 2045 2886 admirabi-

2149 2824 2229 2887 εἰς
2251 2823 2526 2894 ἀμήχανόν
2563 2840 2683 2877 τινα
2713 2824 2805 2878 καὶ
2837 2824 3205 2889 δυσεξέλικτον
3237 2824 3456 2896 προῖᾶσι
3484 2820 3663 2892 πλοκὴ
3676 2837 3719 2884 θ,

470 2908 578 2963 lem
627 2912 918 2981 quemdam
969 2913 1512 2987 inexplicabilemque
1560 2921 2044 2990 progrediebantur

2148 2912 2529 2979 ἐξανιστῶντες
2558 2916 2705 2987 ἡμᾶς
2748 2914 2935 2987 ὥσπερ
2965 2915 3339 2980 καθεύδοντας,
3367 2915 3461 2968 καὶ
3496 2912 3721 2985 ἔχεσθαι

471 3011 810 3071 contextum,
845 3020 946 3061 nos
983 3006 1130 3061 velut
1155 3022 1185 3062 e
1214 3022 1409 3063 somno
1434 3010 1754 3077 excitantes,
1788 3021 1951 3083 atque
1985 3014 2042 3067 in

2148 3007 2236 3060 ἀεὶ
2257 3006 2364 3062 τῶν
2389 3010 2780 3080 προκειμένων,
2804 3009 3064 3080 μηδαμῶς
3085 3007 3558 3072 ύπολισθαίνοντας
3576 3007 3718 3079 μήτε

468 3095 754 3164 proposito
791 3111 1002 3166 semper
1051 3098 1339 3164 insistere,
1384 3109 1438 3155 et
1482 3101 1790 3159 nullatenus
1831 3119 1933 3160 nec
1972 3105 2043 3161 ob

2165 3097 2252 3151 inab
2303 3098 2509 3169 μήκους
2559 3101 2694 3170 μήτε
2735 3099 2839 3152 ὑπὸ
2886 3098 3209 3171 λεπτότητος
3260 3095 3716 3166 ἐκδιδασκόμενοι.
3758 3155 3765 3164 _

467 3187 895 3261 longitudinem,
948 3203 1049 3245 nec
1106 3191 1178 3246 ob
1221 3192 1577 3249 subtilitatem
1620 3196 1727 3251 labi
1764 3197 2039 3254 docentes.

2101 3260 2111 3263 μ
2152 3191 2312 3244 Ὅσον
2329 3190 2387 3244 δὲ
2400 3190 2618 3262 άκριτον
2651 3191 2745 3244 καὶ
2773 3192 3061 3262 προπετὲς,
3093 3186 3625 3263 συγκατατιθεμένων
3651 3202 3716 3239 τε

470 3260 743 3351 Quidquid
766 3297 930 3351 porro
952 3282 1141 3351 judicii
1168 3298 1360 3353 expers
1399 3301 1464 3341 ac
1503 3302 1742 3358 praeceps
1783 3289 1839 3343 in
1884 3266 2085 3346 nobis‘

2096 3260 2117 3323 ἶ
2146 3286 2259 3348 τοῖς
2290 3283 2654 3355 ἐπιτυχοῦσιν,
2687 3286 2845 3339 ὁποῖά
2872 3286 2988 3339 ποτ’
3017 3285 3083 3339 ἂν
3113 3281 3170 3357 ᾖ,
3200 3286 3305 3340 κᾶν
3332 3284 3502 3356 ψευδῆ
3537 3283 3711 3356 τύχῃ·

470 3381 624 3440 erat,
662 3374 747 3429 vel
787 3373 1133 3429 assentiendo
1163 3374 1232 3430 iis
1260 3391 1383 3446 quae
1411 3378 1569 3433 obvia
1616 3378 1775 3446 fiunt,
1829 3382 2043 3450 qualia-

2147 3376 2240 3429 καὶ
2284 3375 2665 3445 ἀντιλεγόντων
2714 3378 2992 3441 πολλάκις,
3043 3378 3148 3432 κᾶν
3193 3376 3365 3449 ἀληθῆ
3410 3394 3531 3431 τινα
3561 3377 3712 3448 εἰρη-

470 3479 689 3534 cunque
733 3465 873 3530 sint,
912 3466 1129 3521 etiamsi
1158 3466 1290 3522 falsa
1339 3482 1399 3523 se
1440 3469 1705 3536 otl‘erant;
1754 3471 1838 3526 vel
1880 3488 2042 3543 repu-

2149 3464 2340 3542 μένα
2362 3485 2376 3498 ·
2404 3468 2499 3523 καὶ
2524 3468 2681 3522 τοῦτο
2708 3464 3045 3524 ὲκπαιδεύων.
3068 3469 3276 3533 τούτοις
3301 3486 3361 3524 τε
3386 3470 3497 3532 τοῖς
3530 3484 3716 3541 προει-

471 3557 688 3627 gnando
715 3570 974 3626 persaepe,
1012 3559 1262 3627 quamvis
1290 3574 1417 3614 vera
1459 3562 1707 3630 quaedam
1742 3563 1992 3625 dicantur
2019 3583 2038 3619 :

2148 3561 2403 3633 ρημένοις
2432 3561 2527 3614 καὶ
2550 3562 2756 3633 ἑτέροις
2788 3562 3048 3628 ποικίλοις
3075 3562 3252 3632 λόγοις
3279 3561 3574 3632 (πολυειδὲς
3600 3559 3713 3632 γὰρ

470 3649 577 3704 hoc
606 3664 823 3704 rursum
847 3649 1145 3720 castigabat
1173 3652 1604 3724 corrigebatque,
1652 3666 1764 3709 tum
1806 3656 1872 3713 iis
1901 3672 2039 3727 quos

2157 3653 2294 3706 τουτὶ
2319 3652 2379 3706 τὸ
2409 3651 2571 3724 μέρος
2595 3653 2694 3724 τῆς
2733 3653 3095 3726 φιλοσοφίας)·
3131 3652 3420 3718 συνεθίζων
3457 3653 3531 3725 μὴ
3562 3651 3708 3723 εἰκῆ,
3740 3666 3772 3695 κί

469 3741 744 3809 diximus,
788 3750 897 3797 tum
943 3742 1063 3799 aliis
1104 3743 1332 3800 diversis
1365 3749 1708 3805 sermonibus
1738 3749 2039 3821 (multiplex

2149 3741 2267 3812 μηδ’
2298 3740 2374 3805 ὡς
2404 3741 2558 3813 ἐτυχε
2591 3743 2799 3813 ῥίπτειν
2827 3761 2888 3797 τε
2926 3743 3024 3808 τὰς
3073 3744 3374 3817 μαρτυρίας
3415 3745 3510 3797 καὶ
3549 3742 3715 3796 πάλιν

468 3833 616 3889 enim
645 3842 729 3890 est
750 3850 815 3889 ac
834 3835 1045 3890 varium
1076 3836 1181 3893 hoc
1217 3836 1574 3908 philosophiae
1600 3840 1825 3911 genus);
1858 3858 2041 3899 assue-

2143 3832 2443 3897 ἀνανεύειν,
2470 3835 2581 3889 ἀλλ’
2606 3834 2951 3902 ἐξετάζοντας
2980 3835 3220 3908 ἀκριϐῶς
3257 3837 3334 3909 μὴ
3363 3836 3431 3891 τὰ
3455 3834 3712 3908 προφανῆ

465 3925 696 3992 faciens,
728 3941 835 3981 non
861 3936 1061 3983 temere
1102 3942 1203 3984 nec
1225 3936 1287 3983 ut
1324 3944 1486 3986 casus
1522 3931 1725 3998 tulerit,
1754 3949 2037 3990 assensum

2147 3923 2326 3994 μόνον,
2357 3923 2491 3979 ἀλλά
2516 3926 2609 3979 καὶ
2637 3927 2993 3998 κεκρυμμένα
3023 3926 3156 3999 (85).
3184 3925 3360 3980 Πολλά
3386 3925 3494 3998 γάρ
3527 3924 3714 3990 ἔνδοξα

465 4018 755 4089 projicere,
788 4028 843 4074 et
865 4027 1052 4088 postea
1080 4020 1345 4087 abnuere;
1388 4022 1481 4077 sed
1518 4024 1803 4093 diligenter
1826 4028 2034 4082 exami-

2143 4020 2367 4075 αύτόθεν
2398 4021 2491 4074 καὶ
2539 4020 2840 4092 σεμνοειδῆ,
2871 4019 2975 4072 ὑπὸ
3008 4018 3306 4089 εύσχήμοσι
3349 4018 3469 4081 ταῖς
3507 4018 3715 4087 φωναῖς

464 4111 669 4176 nando,
714 4125 825 4167 non
858 4120 1041 4182 aperta
1070 4115 1268 4182 solum,
1293 4113 1384 4169 sed
1431 4122 1485 4169 et
1526 4114 1729 4170 abdita.
1765 4115 1928 4172 Multa
1963 4119 2037 4173 si-

2141 4113 2500 4187 είσδραμόντα
2532 4114 2612 4176 εἰς
2651 4111 2749 4176 τάς
2775 4110 2941 4175 ἀκοὰς
2969 4110 3149 4182 ἡμῶν,
3179 4111 3253 4172 ὡς
3285 4107 3478 4180 ἀληθῆ,
3504 4106 3714 4161 ὕπουλα

464 4204 709 4274 quidem,
732 4219 830 4259 ceu
855 4204 1085 4261 illustria
1107 4222 1204 4276 per
1225 4223 1283 4263 se
1302 4216 1355 4263 et
1376 4207 1624 4276 honesta,
1652 4209 1755 4264 sub
1776 4211 2035 4279 speciosis

2140 4202 2268 4257 ὄντα
2299 4202 2605 4273 καὶψευδῆ,
2635 4203 3054 4276 συναρπάσαντα
3082 4202 3172 4256 καὶ
3203 4200 3433 4254 λαϐόντα
3453 4200 3711 4273 ψήφισμα

462 4294 691 4349 vocibus
718 4294 773 4348 in
803 4310 963 4352 aures
990 4305 1206 4353 nostras
1235 4307 1490 4368 tanquam
1519 4314 1647 4355 vera
1688 4315 1748 4355 se
1784 4300 2035 4355 insinua-

2141 4295 2397 4365 ἀληθείας
2445 4297 2573 4367 παρ’
2616 4295 2792 4367 ἡμῶν,
2831 4297 2946 4366 μετ’
2981 4296 3042 4348 οὐ
3085 4294 3218 4348 πολὺ
3262 4292 3436 4365 σαθρά
3474 4293 3569 4347 καὶ⁸
3607 4294 3708 4347 οὐκ

462 4396 613 4450 runt,
650 4402 773 4457 qua:
819 4403 982 4457 prava
1016 4397 1071 4443 et
1114 4388 1249 4445 falsa
1291 4407 1415 4446 cum
1461 4402 1676 4459 essent,
1716 4392 2033 4464 suffragium

2140 4386 2425 4451 ἀξιόπιστα
2471 4387 2831 4459 ητεφωράθη
2879 4387 3028 4461 ὄντα,
3080 4386 3257 4455 μάτην
3304 4384 3404 4456 τὴν
3449 4384 3708 4454 ἀλήθειαν

462 4484 645 4530 tamen
680 4491 708 4530 a
736 4477 896 4531 nobis
927 4488 1312 4548 expresserunt
1372 4482 1720 4553 tuleruntque
1753 4472 2030 4552 veritatis;

2139 4477 2536 4548 ὑποκρινόμενα
2556 4495 2571 4508 ·
2600 4479 2694 4532 καὶ
2737 4479 2880 4550 ὑμᾶς
2910 4477 3143 4542 εὐκόλως
3177 4477 3423 4549 ἀπέφηνε
3470 4492 3704 4545 καταγε-

463 4583 588 4638 qua:
598 4568 944 4671 postmodum
958 4571 1151 4671 vitiosa
1167 4574 1383 4671 etnulla
1397 4575 1499 4671 [ide
1516 4575 1677 4646 digna
1697 4575 2034 4671 deprehensa
2066 4617 2078 4671 1

2092 4619 2110 4670 >
2137 4566 2346 4632 λάστως
2370 4560 3451 4639 ἐξηπατημένους,,κάπιμαρτυρήσαντας
3477 4566 3599 4637 είκῆ
3624 4560 3707 4628 οἷς

461 4667 626 4727 sunt,
659 4659 938 4714 veritatem
975 4660 1250 4720 incassum
1278 4665 1682 4734 assimulantia;
1711 4683 1921 4739 nosque
1956 4668 2035 4724 fa-
2067 4656 2076 4671 ⁸

2094 4656 2108 4669 ’
2136 4658 2337 4729 ἥκιστα
2383 4660 2579 4731 ἐχρῆν·
2626 4658 2786 4714 πάλιν
2835 4677 2895 4714 τε
2938 4656 3003 4715 αὖ
3034 4660 3196 4730 ἕτερα
3241 4658 3412 4729 σεμνά
3465 4657 3585 4729 μὲν,
3614 4657 3709 4710 καὶ

463 4753 569 4810 cile
591 4769 657 4809 ac
683 4754 911 4812 ridicule
936 4756 1191 4826 deceptos
1232 4756 1606 4827 prodiderunt,
1647 4767 1699 4815 et
1736 4759 1938 4816 frustra
1969 4777 2036 4817 ea

2136 4751 2238 4803 οὐκ
2271 4749 2697 4823 ἀλαζονευόμενοι
2728 4751 2845 4823 μὲν,
2874 4753 2906 4825 ἢ
2942 4754 3041 4807 ούκ
3078 4753 3407 4819 ἀξιοπίστοις
3439 4754 3560 4815 ταῖς
3596 4766 3708 4820 φω-

461 4844 870 4913 confirmantes,
907 4864 1029 4920 quae
1059 4849 1284 4903 minime
1319 4850 1599 4919 oportebat
1625 4868 1639 4905 :
1669 4851 1776 4907 alia
1806 4862 1991 4907 contra
2016 4895 2031 4921 ,

2205 4845 2255 4906 ῖς
2282 4842 2528 4914 κείμενα,
2577 4843 2854 4916 παράδοξα
2886 4846 2980 4900 καὶ
3008 4846 3224 4900 πάντων
3258 4847 3591 4903 ἀπιστότατα
3618 4843 3706 4896 δο-

460 4935 693 4993 ltonesta
728 4954 956 5008 prorsus
983 4953 1047 4996 ac
1070 4940 1295 4995 minime
1323 4939 1583 5010 fallentia,
1611 4945 1703 4998 sed
1732 4946 2033 5014 probabili-

2139 4933 2359 4997 κοῦντα,
2390 4933 2612 4989 αὐτόθεν
2644 4953 2703 4988 τε
2733 4935 3237 5007 ἀποδοκιμασθέντα
3275 4937 3351 5002 ὡς
3393 4938 3592 5010 ψευδῆ,
3611 4939 3705 4994 καὶ

457 5028 565 5084 bus
593 5030 774 5085 verbis
802 5047 914 5087 non
935 5047 1212 5104 expressa,
1237 5034 1511 5103 paradoxa
1536 5043 1591 5089 et
1617 5038 1841 5091 omnino
1868 5037 2037 5092 incre-

2138 5023 2461 5097 ὑϐρισθέντα
2502 5026 2755 5094 ἀναξίως,
2803 5027 2900 5083 εἶθ’
2956 5027 3181 5101 ὕστερον
3225 5029 3562 5101 ἐξιχνεύσασι
3610 5033 3704 5086 καὶ

457 5120 648 5176 dibilia
674 5134 772 5191 per
802 5137 862 5178 se
887 5123 1024 5188 visa,
1058 5133 1113 5179 et
1152 5126 1352 5195 rejecta
1403 5141 1501 5196 pro
1527 5124 1700 5194 falsis,
1730 5128 2033 5183 immerito-

2134 5120 2531 5191 κατανοήσασιν
2597 5121 2878 5193 ἀκριϐῶς,
2935 5122 3148 5176 πάντων
3212 5123 3554 5196 ἀληθέστατα
3608 5124 3705 5181 καὶ

457 5223 566 5280 que
589 5226 689 5282 per
716 5214 1104 5269 contumeliam
1136 5215 1389 5285 explosa;
1417 5224 1605 5286 postea
1631 5217 2030 5272 consideranti-

2143 5212 2324 5289 ἀμαχα
2359 5178 2603 5284 ἀτεχνῶς
2631 5178 2768 5267 εῖναι
2802 5178 3124 5288 κατενοήθη,
3154 5178 3227 5270 τάν
3258 5178 3394 5281 τέως
3421 5178 3758 5301 ἀπόϐληταῖ

456 5301 561 5357 bus
583 5312 746 5373 atque
766 5305 1218 5378 investigantibus
1244 5308 1572 5375 accuratius,
1597 5309 1841 5362 omnium
1865 5309 2030 5365 veris-

2135 5305 2231 5359 καὶ
2265 5304 2498 5375 ἀδόκιμα
2536 5305 2881 5375 νομισθέντα.
2927 5306 3018 5378 Μὴ
3062 5307 3125 5377 δὴ
3150 5306 3220 5360 τὰ
3262 5307 3519 5379 προφανῆ
3545 5308 3704 5379 μόνον

456 5393 598 5449 sima
626 5398 883 5469 omnique
906 5400 1223 5471 exceptione
1246 5400 1454 5470 majora
1482 5400 1698 5470 cognita
1725 5409 1881 5466 sunt,
1908 5416 2029 5471 quae

2133 5397 2227 5451 καὶ
2286 5397 2685 5469 προκύπτοντα,
2736 5396 2852 5451 ἐστι
2890 5398 2936 5452 δ’
2979 5399 3066 5452 ὅτε
3111 5399 3301 5471 δολερά
3345 5400 3440 5453 καὶ
3487 5416 3704 5468 σεσοφι-

386 5530 389 5533 ,
454 5483 621 5550 paulo
667 5496 791 5543 ante
841 5489 1135 5557 rejicienda
1179 5498 1234 5547 et
1281 5490 1638 5561 improbanda
1672 5491 2001 5559 putabantur

2160 5491 2306 5561 τμένα
2322 5507 2336 5522 ’
2362 5491 2432 5545 τά
2450 5491 2506 5545 δὲ
2533 5490 2680 5544 ἔνδον
2700 5490 3156 5563 διερευνωμένους
3177 5493 3275 5564 μὲν
3295 5493 3389 5546 καὶ
3409 5480 3703 5563 περικρόύο
3768 5549 3775 5559 ,

455 5570 577 5627 Non
605 5586 787 5644 aperta
814 5580 1029 5647 solum,
1068 5582 1288 5652 inquam
1308 5622 1325 5648 ,
1355 5591 1408 5637 et
1440 5581 1755 5648 eminentia,
1782 5598 1903 5652 quae
1928 5582 2028 5638 fal-

2130 5599 2288 5645 οντας
2328 5583 2577 5647 ἕκαστον,
2612 5585 2684 5654 μή
2730 5585 2805 5656 πή
2837 5601 2892 5637 τι
2927 5583 3123 5655 σαθρὸν
3151 5586 3286 5656 ἠχῇ,
3312 5585 3407 5639 καὶ
3435 5587 3493 5638 ἐν
3518 5585 3699 5647 αὐτοῖς

456 5662 599 5717 lacia
630 5664 902 5722 interdum
931 5678 987 5724 et
1009 5669 1190 5725 fucata
1213 5681 1370 5740 sunt;
1411 5670 1507 5728 sed
1536 5671 1792 5726 interiora
1814 5672 2026 5743 singula

2131 5673 2522 5745 πιστουμένους
2561 5676 2785 5740 ἐαυτοὺς
2821 5677 3058 5749 πρῶτον,
3087 5675 3258 5740 οὕτως
3283 5676 3378 5730 καὶ
3408 5680 3519 5742 τοῖς
3542 5675 3699 5739 ἐκτὸς

456 5751 789 5823 explorando
832 5774 896 5815 ac
937 5763 1289 5830 penetrando,
1319 5778 1389 5818 ne
1426 5763 1555 5851 quid
1600 5762 1899 5818 marcidum
1935 5779 2021 5819 so-

2132 5767 2509 5837 συνομολογεῖν
2538 5767 2633 5822 καὶ
2662 5768 3054 5837 ἀποφαίνεσθαι
3093 5769 3221 5837 περὶ
3249 5769 3492 5824 ἐκάστων
3524 5767 3699 5825 ἐδίδα-

530 5846 642 5923 (85)
685 5847 860 5907 Ἀλλὰ
886 5853 983 5909 καὶ
1012 5846 1557 5949 κεκρυμμέναηίῖεεο
1583 5860 1783 5917 temere
1808 5858 2012 5916 omissa
2042 5858 2095 5915 in
2126 5876 2145 5916 ε

1692 5872 1783 5917 ere
1808 5858 2012 5916 omissa
2042 5858 2095 5915 in
2126 5860 2450 5921 editionibus
2472 5860 2851 5920 Hoescheliana
2881 5872 2935 5921 et
2966 5860 3307 5935 Bengeliana.
