4090 6408
520 402 660 462 1υ77

1526 402 1593 459 lN
1631 401 1984 459 ORIGENEM
2014 377 2278 460 onArto
2317 400 2773 459 PANEGYRICA.

3627 399 3763 457 1078

515 505 681 577 σκεν)
697 520 880 586 Οὕτως
909 522 1004 592 μὲν
1046 519 1104 575 τὸ
1138 521 1264 593 περὶ
1295 519 1393 583 τὰς
1415 519 1589 585 λέξεις
1619 520 1861 583 καὶτοὺς
1888 519 2047 587 λόγου

2146 562 2156 583 ι
2184 527 2295 583 net,
2325 533 2390 572 ac
2423 517 2491 573 de
2530 517 2616 571 his
2647 516 2901 594 primum.
2927 513 3097 569 θύσων
3115 513 3273 569 nobis
3328 513 3458 583 ipsis
3489 511 3763 584 faciendo,

508 613 754 685 κριτικὸν
800 614 956 686 ἡμῶν
999 614 1098 685 τῆς
1146 612 1325 683 ψυχῆς
1386 611 1548 683 μέρος
1582 610 1817 679 λογικῶς
1862 608 2080 675 ὲξεπαι-

506 704 694 760 δεύετο
715 722 729 736 ·
761 707 822 759 ού
867 704 1011 759 κατά
1053 704 1151 769 τάς
1186 703 1363 758 καλῶν
1396 704 1641 776 ῥητόρων
1671 702 1903 776 κρίσεις,
1936 702 1991 755 εί
2024 720 2080 756 τι

517 796 828 869 Ἑλληνικὸν
873 796 906 869 ἢ
948 796 1220 870 βάρϐαρόν
1265 799 1381 849 ἐστι
1421 798 1487 867 τῇ
1540 798 1690 866 φωνῇ
1751 793 1833 865 (τὸ
1887 794 2079 866 μικρὸν

418 912 421 919 ·
503 888 665 943 τοῦτο
685 889 781 942 καὶ
812 890 912 942 οὐκ
934 891 1232 959 ἀναγκαῖον
1269 889 1543 961 μάθημα),
1577 886 1713 943 ἀλλά
1734 886 1892 941 τοῦτο
1914 889 2080 942 πᾶσιν

502 981 927 1048 ἀναγκαιότατον
961 981 1185 1052 Ἕλλησί
1217 998 1279 1034 τε
1311 982 1405 1035 καὶ
1449 980 1748 1054 βαρϐάροις
1779 981 1871 1034 καὶ
1897 983 2079 1049 σοφοῖς

503 1072 595 1124 καὶ
622 1069 874 1139 ἰδιώταις,
896 1074 991 1127 καὶ
1018 1072 1155 1135 ὅλως
1182 1070 1291 1143 (ἴνα
1326 1072 1400 1142 μὴ
1436 1073 1643 1143 μακρὸς
1668 1072 1751 1144 εῐη
1783 1089 1872 1142 μοι
1896 1071 2073 1139 λόγος,

501 1164 736 1228 ἑκάστας
777 1165 971 1237 τέχνας
1014 1167 1109 1219 καὶ
1159 1165 1566 1236 ἐπιτηδεύματα
1612 1163 1863 1237 ἐπεξιὼν)
1909 1166 2075 1218 πᾶσιν

500 1256 810 1329 ἀνθρώποις
839 1261 952 1320 τοῖς
990 1246 1231 1337 όντινρῦν
1279 1258 1392 1329 βίον
1427 1257 1728 1328 ἑλομένοις·
1764 1256 1816 1310 εί
1841 1274 1904 1327 γε
1940 1258 2073 1311 πᾶσι

496 1354 610 1415 τοῖς
653 1350 782 1421 περὶ
809 1351 1132 1423 ὁτουδήποτε
1166 1350 1661 1422 κοινολογουμένοις
1705 1348 1855 1420 μέλει
1889 1365 1949 1401 τε
1978 1348 2071 1404 καὶ

495 1442 916 1499 διεσπούδασται
971 1443 1046 1515 μὴ
1072 1441 1406 1514 ὴπατῆσθαι.

2180 611 2255 664 ita
2284 609 2505 664 demum
2531 605 2890 663 exterioribus
2917 606 3171 661 assentiri
3199 615 3254 661 et
3285 607 3353 662 de
3386 607 3616 678 singulis
3642 625 3761 678 pro-

2183 700 2434 756 nuntiare
2452 698 2696 754 docebat.
2724 695 2881 753 Hunc
2903 697 3067 767 igitur
3090 696 3145 751 in
3168 698 3391 752 modum
3409 714 3545 791 pars
3565 701 3762 756 anima:

2182 800 2420 855 nostrae,
2467 805 2590 860 quae
2631 790 2775 845 circa
2823 803 2986 844 voces
3032 802 3450 859 sermonemque
3490 790 3759 860 judicium

2182 892 2417 951 exercet,
2442 882 2743 938 secundum
2769 882 3034 936 rationem
3063 881 3442 949 erudiebatur;
3468 899 3576 939 non
3602 886 3758 954 juxta

2181 975 2521 1046 egregiorum
2554 974 2835 1029 rhetorum
2861 973 3067 1041 judicia
3090 1012 3104 1036 ,
3143 972 3188 1027 si
3218 975 3348 1044 quid
3380 976 3754 1032 Gmcanieum

2181 1078 2276 1123 aut
2304 1067 2596 1122 barbarum
2624 1066 2742 1122 voci
2767 1066 2914 1133 insit,
2949 1066 3145 1122 exilem
3180 1067 3327 1122 illam
3358 1076 3412 1124 et
3436 1084 3544 1123 non
3574 1084 3756 1124 neces-

2179 1159 2381 1215 sariam
2406 1157 2767 1227 disciplinam,
2808 1157 2902 1213 sed
2939 1157 3080 1212 hanc
3102 1158 3357 1213 omnibus
3379 1168 3434 1212 et
3466 1158 3668 1215 Graacis
3699 1169 3754 1216 et

2180 1249 2449 1316 barbaris,
2474 1256 2528 1304 et
2565 1249 2904 1318 sapientibus
2949 1258 3004 1303 et
3030 1248 3232 1313 idiotis,
3274 1258 3329 1306 et
3351 1250 3441 1318 (ne
3468 1259 3612 1305 artes
3636 1252 3750 1305 siu-

2177 1343 2332 1414 gulas
2368 1356 2434 1397 ac
2475 1341 2653 1396 studia
2683 1340 3055 1396 enumerando
3093 1340 3197 1395 sim
3227 1342 3460 1414 longior)
3494 1344 3749 1400 omnibus

2176 1434 2525 1500 hominibus,
2581 1434 2945 1504 quodcunque
2988 1434 3113 1488 vita:
3169 1449 3341 1503 genus
3402 1437 3744 1508 delegerint,

462 1535 738 1606 -apprime
796 1536 1201 1600 necessariam;
1255 1533 1523 1605 siquidem
1570 1529 1825 1587 omnibus
1879 1530 1947 1585 de
1986 1542 2320 1599 quacunque
2360 1539 2421 1581 re
2454 1539 2647 1583 sermo
2706 1527 3040 1597 instituatur,
3117 1545 3262 1587 curae
3307 1540 3390 1588 est
3436 1548 3513 1609 ac
3539 1534 3743 1601 studio,

498 1643 607 1682 llOll
640 1643 835 1684 OCCIDI.

563 1647 570 1677 ι
743 1646 754 1681 I
821 1670 835 1684 .

563 1629 898 1797 3'.d::a€|ph
918 1722 1066 1778 τοῦθ’
1098 1723 1235 1795 ὅπερ
1265 1717 1403 1786 εἶδος
1425 1719 1735 1792 διαλεκτικὴ
1762 1717 2060 1791 κατορθοῦν

2237 1714 2371 1771 Vlll.
2411 1716 2601 1788 Neque
2639 1717 2780 1774 hanc
2806 1719 2975 1774 solam
3000 1726 3229 1789 partem,
3269 1736 3433 1790 quam
3458 1721 3739 1778 dialectica

496 1818 630 1891 μόνη
670 1815 888 1888 εἴληχε·
926 1816 988 1869 τὸ
1025 1815 1082 1870 δέ
1132 1831 1194 1883 γε
1239 1814 1399 1867 πάλιν
1449 1812 1700 1867 ταπεινὸν
1743 1809 1845 1881 τῆς
1887 1809 2047 1880 ψυχῆς

2164 1809 2539 1881 eorrigendam
2586 1810 2701 1866 sola
2751 1811 2942 1866 sortita
2972 1819 3092 1879 est,
3153 1812 3246 1867 sed
3296 1813 3553 1868 humilem
3607 1829 3741 1870 sane

489 1912 523 1981 ἡ
533 1909 647 1980 μῶν
671 1905 1165 1978 ὲκτεθαμὸημένων
1199 1904 1297 1977 μὲν
1324 1906 1390 1975 τῇ
1426 1902 1793 1974 μεγαλουργίᾳ
1821 1900 1916 1954 καὶ
1938 1898 2059 1952 θαυ-

494 2000 799 2072 ματουργία
829 2000 923 2052 καὶ
966 1996 1184 2068 ποικίλῃ
1232 1997 1325 2050 καὶ
1360 1995 1617 2065 πανσόφῳ
1641 1991 1964 2063 δημιουργίᾳ
1990 1993 2059 2061 τῇ

487 2093 583 2149 τοῦ
618 2092 844 2162 κόσμου.
899 2090 993 2143 καὶ
1044 2086 1464 2158 τεθαυμακότων
1519 2087 1615 2156 μὲν
1656 2083 1884 2153 ἀλόγως,
1925 2083 2058 2135 ὑπε-

487 2184 771 2256 πτηχότων
802 2183 863 2237 δὲ
893 2181 995 2235 ὑπὸ
1028 2178 1341 2251 ἐκπλήξεως
1362 2196 1374 2209 ’
1408 2178 1623 2231 εἰδότων
1654 2176 1711 2229 δὲ
1744 2175 1857 2229 οὗθ’
1879 2174 2055 2228 ὁτιοῦν

486 2275 918 2346 ἐπιλογίσασθαι,
966 2274 1123 2344 δίκην
1155 2271 1362 2341 ἀλόγων
1403 2269 1581 2334 ζώων·
1628 2267 1923 2340 ἐξεγείρων·
1961 2268 2054 2321 καὶ

483 2368 723 2441 ἀνορθῶν
749 2366 1060 2439 μαθήμασιν
1087 2366 1291 2436 ἑτέροις
1312 2366 1423 2427 τοῖς
1450 2364 1722 2431 φυσικοῖς·
1746 2357 2053 2430 σαφηνίξων

482 2461 688 2515 ἕκαστα
715 2459 824 2513 τῶν
871 2459 1038 2512 ὄντων
1083 2458 1177 2511 καὶ
1204 2456 1513 2528 διακρίνων,
1543 2454 1637 2508 καὶ
1684 2453 1827 2524 μάλα
1867 2451 2051 2521 σαφῶς

480 2556 563 2619 εἰς
593 2554 663 2608 τὰ
707 2552 994 2626 πρώτιστα
1031 2555 1286 2621 στοιχεῖα,
1317 2547 1731 2603 κατεπιπλέκων
1761 2546 1839 2618 τῷ
1886 2546 2047 2615 λόγῳ,

479 2647 575 2701 καὶ
619 2644 1077 2717 ἐπιπορευόμενος
1126 2643 1225 2713 τήν
1266 2659 1325 2695 τε
1366 2640 1473 2694 τῶν
1515 2640 1649 2693 ὅλων
1696 2640 1788 2692 καὶ
1828 2639 1927 2711 τὴν
1958 2639 2050 2690 ἐπὶ

482 2736 680 2809 μέρους
706 2735 935 2789 ἑκάστου
978 2735 1167 2803 φύσιν·
1197 2733 1405 2804 τροπήν
1433 2747 1492 2783 τε
1524 2730 1620 2801 τὴν
1655 2727 1924 2799 πολυειδῆ,
1956 2726 2049 2780 καὶ

382 2842 387 2843 ⁷
480 2826 782 2899 μεταϐολὴν
808 2824 917 2879 τῶν
945 2826 1002 2879 ὲν
1036 2824 1115 2895 τῷ
1143 2823 1330 2894 κόσμῳ
1352 2840 1365 2852 ·
1385 2821 1525 2899 ιιέως
1575 2821 1755 2891 φέρων
1806 2819 1910 2873 ὑπὸ
1952 2835 2044 2873 σα·

478 2880 612 2986 φοῦς
641 2880 752 2988 τῆς⁸
780 2916 909 2988 παρ’
946 2880 1109 2968 αὐτού
1139 2880 1485 2977 διδασκαλίας
1504 2880 1608 2966 'xati.
1645 2880 1817 2980 λόγων
1862 2903 1938 2966 ὧν
1985 2926 2045 2962 τε

475 3010 677 3083 ἔμαθεν
708 3003 783 3064 ὧν
808 3027 866 3063 τε
884 2988 1169 3087 βξεύρετο,
1200 3009 1328 3079 περὶ
1364 3006 1465 3078 τῆς
1508 3007 1614 3059 τῶν
1661 3005 1797 3059 ὅλων
1845 3006 2046 3057 οίκονο-

479 3102 608 3175 μίας
653 3101 752 3172 τῆς
790 3088 973 3172 ’ίερἄς,
1009 3100 1102 3154 καὶ
1152 3098 1365 3168 φύσεως
1409 3098 1507 3169 τῆς
1551 3096 1872 3168 ἀμωμήτου,
1922 3095 2041 3149 ἀντὶ

2162 1901 2308 1956 illam
2357 1901 2599 1957 vicissim
2637 1904 2806 1958 animi
2836 1904 3003 1958 nostri
3040 1917 3266 1974 partem,
3292 1920 3400 1975 qua
3434 1907 3502 1961 ad
3530 1908 3739 1977 magni~

2159 1993 2430 2050 ﬁcentiam
2455 2004 2510 2050 et
2539 1995 2840 2051 mirabilem
2871 2005 3225 2064 structuram,
3257 1999 3468 2054 varium
3514 2001 3733 2070 sapien-

2159 2087 2538 2157 tissimumque
2570 2088 2760 2143 mundi
2801 2090 3077 2160 opificium
3116 2090 3578 2161 obstupescimus,
3628 2093 3726 2146 ads

2155 2177 2527 2245 miramurque
2557 2178 2677 2232 sine
2704 2179 2935 2244 ratione,
2967 2196 3031 2235 ac
3058 2195 3169 2250 pra:
3199 2180 3391 2236 timore
3413 2192 3731 2236 consterna-

2154 2283 2299 2333 mur,
2341 2276 2395 2321 et
2429 2268 2520 2338 qui
2572 2269 2876 2324 belluarum
2923 2286 3072 2326 more
3099 2287 3219 2341 quae
3258 2274 3466 2328 ratione
3494 2284 3681 2328 carent
3710 2311 3728 2338 ,

2152 2359 2467 2413 ratiocinari
2499 2360 2633 2414 nihil
2662 2361 2933 2429 novimus,
2963 2364 3235 2419 excitabat
3260 2366 3610 2437 erigebatque
3636 2384 3731 2421 na-

2151 2449 2421 2505 turalibus
2458 2451 2580 2507 aliis
2621 2451 2963 2523 disciplinis;
3011 2456 3224 2525 singula
3248 2496 3263 2520 ,
3296 2473 3417 2528 quae
3444 2459 3496 2511 in
3540 2473 3725 2512 rerum

2151 2549 2278 2595 sunt
2314 2550 2507 2596 natura
2538 2542 2821 2599 declarans
2850 2561 2915 2600 ac
2948 2546 3309 2615 distinguens,
3340 2558 3394 2603 ct
3434 2550 3725 2618 perspicua

2149 2635 2393 2691 oratione
2415 2636 2469 2691 in
2493 2638 2668 2707 prima
2690 2654 2789 2693 sua
2823 2640 3090 2695 elementa
3115 2640 3410 2706 resolvens,
3445 2650 3726 2697 naturam-

2146 2741 2253 2796 que
2290 2734 2406 2781 tum
2457 2742 2803 2784 communem
2835 2730 3215 2785 universorum
3238 2772 3253 2799 ,
3285 2740 3398 2785 tum
3446 2734 3722 2808 propriam

2146 2817 2440 2888 cujusque;
2469 2820 2854 2875 conversiones
2892 2836 3109 2891 quoque
3153 2837 3337 2876 rerum
3364 2821 3723 2879 multiformes

2145 2919 2307 2980 atque
2344 2912 2672 2968 mutationes
2712 2912 3040 2978 edisserens,
3086 2915 3266 2984 quoad
3308 2913 3569 2969 doctrinae
3608 2929 3723 2972 θυῖε

2144 3002 2527 3073 rationumque
2566 3019 2704 3075 quas
2746 3005 2940 3075 partim
2981 3006 3189 3072 didicit,
3233 3007 3432 3077 partim
3477 3006 3594 3077 ipse
3619 3023 3723 3062 ex-

2144 3093 2430 3164 cogitavit,
2479 3096 2866 3166 perspicuitate
2908 3113 3008 3167 pro
3049 3097 3351 3153 irrationali
3395 3099 3715 3154 rationalem

473 3192 668 3263 ἀλόγου
694 3192 909 3262 λογικὸν
935 3193 1055 3255 ταῖς
1085 3190 1283 3261 ψυχαῖς
1307 3192 1338 3260 ἡ
1348 3188 1460 3261 μῶν
1486 3187 1806 3258 ἐγκατέθετο
1837 3186 2039 3259 θαῦμα.

2146 3186 2344 3243 animis
2372 3187 2577 3243 nostris
2602 3204 2772 3244 sacra:
2810 3190 2975 3245 totius
3010 3189 3249 3245 universi
3272 3191 3713 3261 dispensationis,

473 3286 633 3340 Τοῦθ’
680 3286 709 3340 ό
755 3285 818 3359 δὴ
872 3283 1097 3357 μάθημα
1130 3282 1330 3353 ὑψηλὸν
1362 3283 1455 3335 καὶ
1485 3280 1664 3336 ἔνθεον
1701 3280 1779 3347 ὃν,
1810 3282 1843 3351 ὴ
1882 3283 2045 3353 ἐρασ-

358 3382 361 3383 ⁷
474 3379 717 3451 μιωτάτη
755 3380 920 3433 πᾶσιν
945 3377 1247 3431 ἐκδιδάσκει
1279 3374 1612 3445 φυσιολογία.
1658 3375 1723 3427 Τί
1759 3374 1839 3429 δεῖ
1865 3374 2040 3444 λέγειν

466 3471 538 3523 τὰ
560 3471 669 3525 τῶν
697 3470 858 3541 ἱερῶν
890 3468 1244 3541 μαθημάτων,
1270 3466 1612 3538 γεωμετρίαν
1654 3466 1752 3539 μὲν
1779 3467 1876 3537 τὴν
1906 3467 2038 3519 πᾶσι

469 3554 629 3626 φίλην
681 3556 776 3610 καὶ
824 3553 1329 3626 ἀναμφισϐήτητον,
1380 3554 1473 3606 καὶ
1527 3555 1889 3625 ἀστρονομίαν
1939 3554 2038 3625 τὴν

470 3646 911 3720 μετεωροπόρον;
941 3648 977 3702 ἀ
1003 3647 1067 3719 δὴ
1100 3645 1308 3701 ἕκαστα
1334 3649 1453 3709 ταῖς
1482 3645 1680 3716 ψυχαῖς
1722 3645 1879 3717 ἡμῶν
1921 3647 2037 3697 ἐνε-

463 3734 720 3802 τυποῦτο,
765 3736 1052 3801 διδάσκων,
1094 3736 1127 3806 ἢ
1176 3735 1688 3807 ἀναμιμνήσκων,ἢ
1738 3735 1838 3788 οὐκ
1883 3728 1981 3787 οἷδ’
2005 3734 2035 3786 ὃ

461 3845 517 3882 τι
568 3828 675 3902 χρὴ
723 3829 902 3898 λέγειν
921 3845 934 3859 ·
988 3826 1087 3899 τὴν
1134 3828 1231 3898 μὲν
1253 3869 1269 3892 ,
1320 3826 1396 3891 ὡς
1447 3826 1760 3899 ύποὸάθραν
1817 3826 2033 3879 πάντων

463 3921 649 3985 ἁπλῶς
680 3921 1043 3991 ποιησάμενος
1065 3912 1231 3973 οὖσαν
1261 3922 1525 3984 ἄσειστον,
1546 3920 1645 3991 τὴν
1668 3919 2029 3991 γεωμετρίαν,

370 4046 373 4053 .
461 4006 560 4059 καὶ
587 4004 829 4077 κρηπῖδά
852 4023 974 4060 τινα
1004 4006 1219 4076 ἀσφαλῆ
1239 4024 1252 4037 ·
1286 4008 1502 4077 ἀνάγων
1534 4007 1591 4060 δὲ
1615 4006 1708 4061 καὶ
1738 4007 1899 4078 μέχρι
1922 4006 2033 4059 τῶν

462 4096 723 4153 ἀνωτάτω
745 4096 833 4151 διὰ
875 4098 974 4169 τῆς
1004 4098 1386 4170 ἀστρονομίας,
1421 4098 1609 4172 ῶσπερ
1650 4098 1739 4152 διὰ
1767 4099 2032 4170 κλίμακός

458 4206 605 4251 τινος
634 4189 1067 4261 ούρανοιιήκούς,
1095 4191 1357 4262 ἑκατέρου
1376 4188 1469 4243 τοῦ
1498 4190 1833 4261 μαθήματος,
1868 4190 2028 4245 θατὸν

458 4283 590 4355 ἡμῖν
617 4280 709 4334 τὸν
732 4280 957 4352 οὐρανὸν
984 4281 1423 4352 παρασκευάσας.

2146 3277 2670 3350 αθςοιυιὶεείῐηωᾳυσ
2693 3290 2901 3336 natura:
2923 3280 3334 3337 admirationem
3358 3283 3562 3353 injecit.
3590 3282 3717 3340 Haec

2143 3369 2399 3424 nimirum
2424 3372 2513 3426 illa
2543 3381 2625 3427 est
2647 3373 2896 3429 sublimis
2927 3389 2995 3429 ac
3013 3374 3192 3428 divina
3214 3374 3518 3447 disciplina,
3550 3391 3717 3446 quam

2142 3464 2398 3520 omnibus
2421 3466 2812 3523 amabilissima
2833 3466 2994 3522 docet
3014 3466 3367 3538 physiOIOgia.
3397 3467 3537 3533 Quid
3566 3454 3715 3523 nunc

2140 3568 2278 3622 Opus
2311 3564 2396 3610 est
2422 3572 2607 3612 sacras
2638 3557 3052 3614 mathematicas
3090 3559 3556 3615 commemorare?
3582 3572 3713 3629 geo-

2136 3648 2383 3702 metriam
2434 3648 2689 3703 omnibus
2736 3649 2955 3704 cbaram
3004 3658 3167 3719 atque
3214 3650 3610 3718 indubitatam,
3655 3659 3713 3706 et

2135 3741 2524 3795 astronomiam
2559 3756 2792 3812 superna
2835 3743 3255 3812 pervagantem?
3298 3759 3436 3813 quas
3468 3744 3715 3815 singulas

2134 3832 2333 3887 animis
2359 3832 2581 3899 nostris,
2626 3833 2830 3888 docens
2860 3833 3232 3912 insculpebat;
3278 3843 3372 3890 aut
3418 3835 3477 3889 in
3504 3850 3711 3891 memo-

2134 3922 2274 3976 riam
2301 3938 2583 3989 revocans,
2613 3934 2713 3978 aut-
2747 3925 2932 3980 nescio
2957 3924 3084 3995 quid
3113 3926 3221 3980 dici
3256 3928 3441 3996 potius
3474 3928 3707 3983 debeat:

2134 4011 2283 4066 illam
2331 4013 2550 4083 quidem
2602 4015 2752 4068 velut
2797 4016 3041 4069 omnium
3090 4015 3249 4084 plane
3292 4016 3709 4073 fundamentum

2136 4111 2401 4170 statuens,
2448 4113 2501 4159 et
2543 4105 2701 4175 quasi
2741 4106 2896 4161 basin
2928 4108 3287 4173 tutissimam,
3322 4107 3703 4164 inconcussam

2132 4196 2523 4264 geometriam;
2572 4212 2667 4267 per
2707 4200 3093 4252 astronomiam
3152 4208 3332 4253 autem
3378 4200 3443 4253 ad
3487 4216 3705 4256 summa

2131 4287 2453 4356 perducens,
2488 4297 2744 4357 tanquam
2774 4304 2868 4359 per
2896 4290 3096 4343 scalam
3130 4291 3418 4359 quamdam
3443 4291 3507 4345 ad
3530 4292 3701 4349 caalos

2130 4377 2541 4448 pertingentem,
2565 4379 2805 4449 pervium
2832 4380 2989 4436 nobis
3009 4382 3514 4454 etnlum‘utriusque
3533 4383 3700 4440 disci-

2133 4468 2294 4537 plinae
2321 4482 2484 4537 opera
2509 4468 2767 4525 elliciens.

525 4555 602 4609 9’.
638 4557 706 4609 Ἀ
732 4555 789 4609 δὲ
814 4556 1068 4612 ἁπάντων
1096 4557 1213 4610 ἐστὶ
1236 4559 1656 4629 κορυφαιότατα,
1690 4561 1785 4614 καὶ
1813 4551 1889 4613 ὧν
1920 4560 2023 4631 μά-

2199 4558 2289 4613 lx.
2330 4557 2485 4624 Quod
2512 4573 2643 4635 vero
2668 4559 2911 4614 omnium
2939 4569 3023 4616 est
3050 4562 3224 4617 multo
3245 4565 3562 4631 maximum,
3598 4581 3699 4622 cu-

456 4648 611 4702 λιστα
642 4648 802 4703 ’ἑνεκα
831 4650 938 4703 πᾶν
954 4647 1064 4721 (86)
1093 4649 1155 4704 τὸ
1179 4644 1465 4722 φιλόσοφον
1493 4650 1825 4706 διαπονεῖται
1846 4653 2023 4722 γένος,

453 4738 640 4811 ὥσπερ
669 4740 735 4793 ὲκ
757 4740 983 4810 φυτείας
1020 4742 1271 4812 ποικίλης
1294 4741 1401 4796 τῶν
1427 4742 1601 4797 ἀλλων
1632 4745 1888 4799 ἁπάντων
1919 4762 2024 4816 μα-

454 4828 733 4901 θημάτων,
763 4832 859 4885 καὶ
887 4832 1203 4903 φιλοσοφίας
1245 4837 1481 4907 μακρᾶς,
1512 4837 1757 4909 καρποὺς
1785 4837 2021 4905 ἀγαθοὺς

453 4912 826 4992 ἐκδεχόμενον,
880 4924 978 4989 τάς
1020 4923 1169 4990 θείας
1211 4926 1413 4997 ἀρετὰς
1454 4928 1551 4992 τὰς
1595 4928 1722 5001 περὶ
1766 4924 1916 5000 ἦθος,
1958 4928 2017 4997 ἐξ

450 5004 525 5066 ὧν
553 5014 589 5084 ή
630 5012 902 5085 ἀτάραχος
929 5016 1023 5069 καὶ
1055 5016 1320 5087 εὐπαθὴς
1349 5017 1457 5072 τῶν
1498 5017 1685 5090 ὁρμῶν
1710 5018 1809 5089 τῆς
1840 5019 2017 5091 ψυχῆς

451 5103 784 5168 κατάστασις
826 5104 1059 5173 γίνεταιο
1097 5108 1190 5160 καὶ
1228 5107 1467 5173 ἀλύπους
1513 5110 1610 5179 μὲν
1660 5110 1753 5163 καὶ
1784 5110 2016 5174 ἀπαθεῖς

450 5199 707 5253 ἁπάντων
725 5199 932 5263 κακῶν,
949 5202 1241 5265 εὐτάκτους
1255 5202 1311 5257 δὲ
1331 5204 1425 5257 καὶ
1439 5203 1718 5268 εὐσταθεῖς
1733 5206 1826 5258 καὶ
1847 5204 2015 5258 θεοει-

447 5292 557 5355 δεῖς
585 5291 819 5364 ἦμελλεν
849 5293 995 5363 ἡμᾶς
1024 5294 1192 5358 ὅντως
1217 5296 1310 5349 καὶ
1357 5295 1657 5367 μακαρίους
1680 5299 2014 5369 καταστήσε-

450 5380 607 5435 σθαι’
673 5381 769 5435 καὶ
824 5381 994 5437 ταῦτα
1048 5384 1104 5437 δὲ
1157 5384 1460 5450 ἐξεπονεῖτο
1514 5388 1693 5456 λόγοις
1750 5405 1811 5441 τε
1863 5389 2012 5454 ἰδίοις

446 5473 747 5542 πραΰνουσι
771 5475 865 5527 καὶ
889 5478 1090 5544 σοφοῖς,
1106 5477 1205 5548 οὐχ
1224 5477 1425 5549 ἥκιστα
1447 5479 1541 5532 xui
1565 5480 2013 5548 ἀναγκαιοτάτοις

2122 4654 2319 4723 jusque
2339 4653 2510 4724 gratia
2531 4653 2890 4723 laboratgens
2913 4662 3023 4708 tota
3047 4654 3514 4726 philosophorum,
3536 4660 3696 4728 quasi

2125 4746 2370 4827 ex.varia
2411 4745 2744 4816 reliquarum
2776 4747 3019 4801 omnium
3060 4747 3471 4818 disciplinarum
3510 4753 3695 4806 consi-

2124 4838 2293 4900 tione,
2323 4837 2701 4909 diuturnaque
2725 4838 3083 4909 philosophiae
3126 4841 3328 4907 studio,
3374 4840 3549 4898 bonos
3576 4843 3696 4898 fru-

2122 4940 2242 4987 ctus
2280 4930 2562 5001 colligens,
2605 4931 2820 4988 divinas
2866 4946 3079 4987 morum
3115 4933 3363 4997 virtutes,
3396 4949 3462 4988 ex
3491 4935 3692 5004 quibus

2122 5022 2449 5093 tranquillus
2472 5031 2531 5078 et
2549 5031 2807 5080 constans
2833 5026 2999 5080 animi
3023 5026 3325 5081 motionum
3341 5035 3515 5083 status
3545 5028 3692 5082 exsi-

2122 5113 2251 5179 stit;
2296 5123 2350 5171 et
2376 5116 2630 5171 mmroris
2667 5117 2886 5186 quidem
2918 5127 3188 5189 expertes,
3223 5129 3387 5189 atque
3426 5127 3486 5173 ut
3525 5119 3691 5173 nullis

2122 5207 2280 5262 malis
2306 5207 2680 5262 vehementius
2702 5224 3189 5273 commoveremur,
3219 5209 3311 5264 sed
3335 5209 3597 5264 moderati
3623 5224 3690 5266 ac

2120 5298 2315 5363 sedati,
2350 5297 2554 5369 Deique
2573 5301 2778 5355 similes
2799 5294 2921 5355 vere
2950 5317 3015 5356 ac
3038 5302 3200 5365 beati,
3229 5301 3349 5369 ejus
3372 5314 3534 5368 opera
3564 5302 3690 5356 red-

2120 5392 2406 5459 deremur,
2450 5395 2813 5450 annitebatur.
2863 5394 3038 5465 Atque
3077 5396 3189 5449 haec
3221 5394 3444 5449 curabat
3472 5404 3527 5450 et
3556 5410 3687 5466 age-

2118 5482 2212 5537 bat
2242 5483 2351 5548 ille,
2382 5493 2497 5539 tum
2524 5487 2869 5541 sermonibus
2897 5486 3161 5555 propriis,
3208 5485 3689 5545 mansuefacienti-

445 5564 573 5635 περὶ
595 5563 705 5617 τῶν
736 5559 885 5634 ὴθῶν
914 5565 1136 5620 καὶτῶν
1162 5568 1376 5640 τρόπων
1405 5570 1561 5642 ἡμῶν
1584 5588 1598 5603 ο
1631 5572 1726 5626 καὶ
1750 5573 1809 5626 ού
1832 5572 2015 5643 λόγοις

2146 5591 2217 5629 »σε
2245 5590 2309 5630 ac
2334 5575 2529 5644 doctis,
2561 5594 2662 5633 nec
2704 5579 2885 5634 minus
2919 5578 3260 5644 necessariis,
3292 5594 3432 5648 quos
3464 5581 3533 5636 de
3562 5595 3688 5637 mos

355 5714 360 5719 θ
448 5652 630 5723 μόνον,
654 5653 771 5707 ἀλλ’
796 5655 895 5725 ἢδη
926 5657 1019 5710 καὶ
1043 5657 1222 5727 ἔργοις
1250 5662 1449 5731 τρόπον
1479 5660 1598 5716 τινὰ
1630 5662 2008 5733 διεκυὸερνᾶτο

2146 5667 2266 5724 ibus
2293 5668 2521 5740 vitaeque
2551 5679 2748 5727 nostrae
2782 5671 2955 5725 modis
2988 5670 3245 5739 habebat;
3281 5681 3390 5726 tum
3418 5688 3548 5728 vero
3572 5689 3695 5729 lltllL

518 5838 626 5911 (86)
656 5840 873 5897 Ἕνεκα
910 5842 1046 5902 πᾶν.
1082 5845 1363 5921 Bengelius
1394 5867 1457 5909 ex
1490 5851 1814 5925 llmschelio,
1843 5855 2005 5913 ἕνεκά
2036 5876 2167 5924 πως.
