4090 6376
449 340 586 397 1079

1578 341 1634 395 S.
1679 337 2005 397 GREGORH
2044 334 2549 395 THAUMATURGI

3543 344 3678 402 ίοεο

442 463 623 518 verbis
652 463 850 527 solum,
881 464 971 519 sed
995 466 1107 534 jam
1138 465 1299 519 etiam
1327 463 1484 520 iactis
1503 461 1907 535 quodammodo
1934 475 2001 515 re

2116 461 2246 531 παρ’
2280 460 2435 531 ἡμῶν
2461 460 2560 525 τὰς
2590 462 2786 531 ὁρμὰς,
2818 464 2953 534 αὐτῇ
2982 467 3046 535 τῇ
3078 465 3185 517 τῶν
3216 463 3403 537 ὁρμῶν
3449 464 3547 519 καὶ
3576 480 3684 520 πα-

442 554 602 623 gebat
618 554 855 625 impetus
877 563 1128 616 nostros;
1155 554 1267 624 ipsa
1293 555 1499 610 scilicet
1521 555 1823 609 motionum
1847 551 2016 611 animi

440 646 1018 717 perturbatiqnumque
1030 645 1480 714 contemplatione
1491 652 1654 714 atque
1670 644 1978 714 cognitione
1992 683 2008 708 ,

441 752 509 791 ex
543 754 650 808 qua
681 711 1023 807 potissimum
1065 737 1316 805 componi
1348 751 1503 791 mens
1542 746 1729 792 nostra
1760 736 1926 803 solet,
1959 743 2013 790 et

440 829 509 884 ad
536 838 742 884 rectum
776 830 1225 898 moderatumque
1261 838 1460 885 statum
1489 845 1555 884 ex
1583 827 1811 884 confuso
1840 836 2015 881 trans-

442 918 572 971 ferri
599 936 613 971 :
641 927 699 972 ut
731 927 985 989 tanquam
1015 920 1068 973 in
1095 920 1315 989 speculo
1342 936 1401 975 se
1430 921 1604 990 ipsam
1635 919 1854 974 intuens
1880 917 2012 988 (ini-

334 1032 337 1037 -
440 1007 516 1059 tia
541 1007 656 1075 ipsa
678 1007 951 1078 ﬁbrasque
977 1010 1244 1065 malorum
1263 1049 1279 1074 ,
1315 1019 1370 1065 et
1395 1010 1539 1080 quod
1565 1026 1596 1064 a
1640 1010 1852 1065 ratione
1879 1008 2014 1064 alie.

437 1114 568 1152 num
603 1099 657 1153 in
686 1115 750 1154 ea
776 1108 880 1169 est,
908 1102 1052 1157 unde
1075 1103 1324 1158 absurda:
1352 1103 1407 1157 in
1435 1103 1593 1158 nobis
1616 1102 1927 1158 atl'ectiones
1946 1117 2012 1158 ac

328 1233 335 1240 .
439 1191 875 1258 perturbationes
904 1202 1237 1263 exsurgunt;
1266 1202 1317 1248 et
1358 1209 1600 1257 rursum,
1632 1209 1754 1264 quae
1786 1193 2009 1254 rationis

352 1298 358 1303 ’
436 1284 661 1352 comp‘os
681 1300 810 1354 pars
837 1285 957 1355 ejus
982 1295 1064 1340 est
1094 1287 1320 1355 Optima,
1349 1303 1454 1356 qua
1478 1288 1814 1352 dominante,
1841 1286 2007 1355 illaesa

433 1386 489 1429 et
513 1376 937 1445 perturbationis
965 1393 1158 1447 expers
1178 1378 1291 1448 ipsa
1320 1381 1621 1448 permanet)
1639 1397 1656 1447 ;
1674 1379 1871 1436 deinde
1894 1380 2010 1435 haec

435 1464 490 1518 in
522 1478 583 1519 se
606 1476 862 1521 accurate
900 1467 1279 1535 considerans,
1311 1470 1492 1525 omnia
1522 1470 1741 1539 quidem
1774 1470 1863 1525 illa
1887 1485 2009 1545 qua:

429 1568 500 1609 ex
546 1555 815 1612 deteriore
861 1568 1180 1623 nascuntur,
1227 1569 1281 1614 et
1314 1576 1422 1619 nos
1454 1560 1540 1618 vel
1588 1560 1866 1619 offendunt
1912 1577 2008 1632 per

432 1644 939 1717 intemperantiam,
985 1650 1069 1705 vel
1113 1651 1445 1706 contrahunt
1492 1659 1547 1708 et
1592 1661 1875 1708 coarctant
1910 1668 2008 1723 per

430 1737 599 1790 animi
619 1737 1008 1807 dejectionem;
1036 1750 1092 1795 ut
1124 1741 1427 1813 voluptates
1461 1752 1516 1798 et
1540 1743 1885 1814 cupiditates,
1907 1752 2003 1807 aut

432 1843 696 1883 maerores
725 1845 791 1886 ac
825 1831 1072 1897 timores,
1104 1844 1158 1888 et
1199 1850 1321 1904 quae
1352 1835 1419 1890 ab
1450 1834 1537 1890 bis
1566 1836 1855 1907 generibus
1885 1852 2002 1891 ma-

430 1919 609 1974 iorum
652 1923 811 1977 turba
857 1924 1165 1991 suboritur;
1203 1927 1338 1993 haec,
1376 1926 1630 2003 inquam,
1679 1927 1890 1998 rejiciat
1935 1944 2017 2009 ac

430 2010 700 2081 proﬂiget,
725 2014 1109 2084 incipientibus
1138 2017 1318 2072 adhuc
1333 2019 1797 2090 nascentibusque
1817 2036 2003 2077 occur-2

2117 549 2225 606 θῶν
2263 551 2373 604 τῶν
2412 551 2513 622 τῆς
2546 552 2721 624 ψυχῆς
2760 553 2961 626 θεωρίᾳ
3002 555 3096 607 καὶ
3141 557 3488 627 κατανοήσει,
3522 555 3583 623 ἐξ
3612 548 3683 628 ἧς
3730 562 3733 567 ’

2119 644 2352 716 μάλιστα
2394 647 2846 717 κατεγνωσμένης
2892 646 3288 719 κατορθοῦσθαι
3334 648 3393 713 ἐξ
3437 649 3683 720 ἀναρμο-

2117 732 2270 797 στίας
2313 732 2555 803 πέφυκεν
2586 734 2741 805 ήμῶν
2829 735 2994 806 ψυχὴ,
3020 738 3113 811 καὶ
3137 738 3230 790 ἐπὶ
3256 736 3318 793 τὸ
3357 738 3681 810 κεκριμένον

2115 825 2210 890 καὶ
2251 823 2510 880 εὔτακτον
2558 829 2623 880 ἐκ
2676 810 3120 899 συγκεχυσμένης
3164 826 3577 898 μετατίθεσθαι⁹
3611 827 3677 882 ἵν’

2114 916 2301 989 ὥσπερ
2328 919 2387 971 ὲν
2428 920 2723 991 κατόπτρῳ
2759 920 2954 993 ἑαυτὴν
2990 920 3312 992 θεωρήσασα
3345 920 3546 992 (αὑτάς
3580 920 3679 987 τάς

2113 1007 2285 1079 ἀρχὰς
2325 1010 2419 1064 καὶ
2452 1011 2604 1081 ῥίζας
2635 1011 2743 1064 τῶν
2788 1002 2991 1077 κακῶν,
3023 1013 3081 1066 τὸ
3120 1012 3311 1081 ἄλογον
3347 1013 3517 1084 αὐτῆς
3547 1014 3678 1081 πᾶν,

2110 1101 2171 1166 ἐξ
2205 1097 2267 1156 οὗ
2298 1102 2368 1156 τά
2406 1104 2580 1158 ἀτοπα
2616 1107 2746 1176 ἡμῖν
2780 1106 3127 1160 ἐπανίσταται
3159 1106 3305 1179 πάθη
3326 1124 3340 1137 ·
3382 1107 3475 1161 καὶ
3518 1107 3680 1162 πάλιν

2111 1193 2233 1247 ὅσον
2260 1193 2479 1266 ἄριστον
2505 1195 2674 1266 αὐτῆς
2706 1197 2889 1268 μέρος,
2911 1197 3122 1266 λογικὸν
3151 1198 3239 1266 ὑφ’
3266 1192 3326 1252 οὗ
3353 1198 3678 1269 κρατοῦντος

2112 1286 2264 1357 μένει
2290 1303 2354 1355 γε
2380 1287 2470 1357 ὑφ’
2498 1288 2697 1358 ἑαυτῆς
2724 1288 2835 1360 (87)
2861 1288 3101 1359 ἀϐλαϐὴς
3138 1288 3232 1341 καὶ
3259 1288 3527 1360 ἀπαθής)·
3560 1285 3685 1343 εἶτα

2109 1379 2281 1434 ταῦτα
2318 1382 2377 1433 ἐν
2408 1381 2545 1452 αὐτῇ
2574 1382 2949 1452 κατανοήσασα
2988 1379 3248 1451 ἀκριϐῶς,
3279 1379 3454 1433 πάντα
3486 1376 3680 1450 μέν’τά
3730 1428 3733 1431 .

2108 1474 2174 1526 ἐκ
2206 1472 2299 1527 τοῦ
2329 1470 2567 1545 χείρονος
2592 1473 2920 1545 ὲκφυόμενα,
2948 1473 3207 1543 ἐκχέοντα
3237 1472 3382 1542 ἡμᾶς
3409 1471 3514 1524 ὑπὸ
3541 1472 3676 1539 ἀκοσ-

2108 1566 2315 1631 λασίας,
2346 1567 2379 1638 ἢ
2421 1565 2772 1619 συστέλλοντα
2803 1566 2898 1620 καὶ
2938 1567 3303 1637 συμπνίγοντα
3343 1563 3448 1618 ύπδ
3484 1582 3677 1619 ταπειτ

2107 1658 2361 1726 νότητος,
2410 1650 2530 1728 οἷον,
2559 1656 2750 1729 ὴδονάς
2789 1658 2888 1710 καὶ
2925 1657 3236 1727 ἐπιθυμίας,
3276 1657 3310 1728 ἢ
3357 1655 3533 1720 λύπας
3578 1657 3677 1711 καὶ

2106 1748 2322 1818 φόϐους,
2367 1748 2459 1801 καί
2493 1748 2615 1813 ὅσος
2652 1750 2765 1812 τοῖς
2802 1749 2983 1817 γένεσι
3015 1748 3188 1803 τοῖσδε
3228 1747 3420 1802 ἕπεται
3464 1750 3678 1816 στοῖχος

2105 1838 2287 1892 κακῶν
2307 1855 2319 1868 ·
2366 1837 2538 1892 ταῦτα
2582 1839 2678 1910 μὲν
2715 1838 2962 1892 ἐκϐάλλοι
3007 1837 3101 1891 καὶ
3138 1840 3203 1892 ἐκ
3234 1835 3409 1890 ποδῶν
3446 1839 3677 1901 ποιοῖτο,

2102 1929 2181 1984 ἔτι
2232 1931 2554 2003 ἀρχομένοις
2598 1931 2691 1986 καὶ
2722 1932 2860 2004 ,ἄρτι
2902 1931 3190 2001 φυομένοις
3229 1929 3631 2001 ὲπανισταμένη
3654 1968 3675 1994 ,

2102 2024 2196 2076 καὶ
2222 2024 2333 2098 οὐκ,
2371 2022 2516 2077 ἐῶσα
2545 2023 2667 2077 ούδέ
2710 2025 2904 2094 μικρὸν
2947 2021 3150 2089 αὔξειν,
3189 2022 3303 2077 ἀλλ’
3332 2020 3676 2086 ἀπολλύουσα

324 2326 329 2331 -
428 2289 572 2356 bona
612 2292 771 2346 nobis
817 2294 1155 2361 exoriuntur,
1192 2296 1306 2352 haec
1348 2297 1459 2352 aiat
1501 2312 1565 2351 ac
1615 2295 1819 2364 foveat,
1866 2297 2002 2361 inci-

430 2118 581 2167 rens,
604 2118 669 2158 ac
699 2120 767 2161 ne
792 2107 1080 2167 minimum
1110 2111 1328 2181 quidem
1378 2127 1624 2167 crescere
1661 2112 1871 2180 sinens,
1906 2111 2001 2168 sed

2101 2115 2195 2169 καὶ
2223 2113 2617 2184 ἐξαφανίζουσα
2641 2133 2655 2146 ’
2679 2117 2782 2169 ὅσα
2807 2115 2863 2168 δὲ
2898 2118 2961 2169 ὲκ
2994 2116 3086 2169 τοῦ
3114 2115 3416 2187 κρείττονος
3445 2106 3672 2169 ἀνάτέλ-

432 2198 707 2267 pcrimens
735 2214 799 2255 ac
826 2201 1010 2258 delens
1039 2218 1070 2257 e
1094 2205 1355 2274 vestigio;
1383 2220 1506 2277 quae
1533 2220 1662 2260 vero
1686 2219 1754 2260 ex
1778 2206 2001 2263 meliore

2101 2207 2180 2259 λει
2219 2209 2350 2279 ἡμῖν
2392 2206 2573 2275 ἀγαθά
2598 2206 2748 2271 ὄντα,
2779 2207 2950 2261 ταῦτα
2978 2206 3229 2277 ἐκτρέφοι
3263 2223 3320 2258 τε
3358 2206 3451 2258 καὶ
3478 2203 3679 2259 διασώ-

2100 2296 2204 2362 Cat,
2228 2300 2321 2352 καὶ
2342 2299 2619 2370 ἀρχόμενα
2642 2298 2934 2371 τιθηνοῦσα
2956 2298 3049 2352 καὶ
3077 2296 3523 2369 συμφυλάττουσα
3542 2297 3675 2368 ἄχρι

2100 2392 2451 2463 τελειότητος.
2496 2390 2650 2444 Οὖτω
2680 2389 2788 2461 γὰρ
2830 2390 2895 2445 ἄν
2927 2405 3059 2467 ποτε
3088 2387 3488 2461 παραγενέσθαι
3523 2388 3682 2460 ψυχῇ·

429 2472 523 2529 Sic
554 2478 703 2532 enim
731 2480 927 2537 animae
973 2482 1192 2539 tandem
1234 2483 1443 2540 innasci
1486 2484 1700 2541 divinas
1732 2487 1999 2553 virtutes;

2101 2488 2195 2551 τὰς
2223 2486 2372 2549 θείας
2398 2483 2598 2555 ἀρετάς
2617 2499 2631 2513 “
2663 2482 2924 2554 φρόνησιν
2957 2499 3016 2535 τε
3056 2482 3153 2554 τὴν
3194 2481 3330 2535 αὐτὰ
3359 2481 3533 2534 ταῦτα
3567 2479 3675 2550 τῆς

426 2568 792 2636 prudentiam,
820 2586 944 2640 qua:
966 2572 1074 2627 hos
1100 2573 1446 2643 ipsosanimi
1479 2585 1659 2632 motus
1685 2577 1997 2634 discernere

2101 2577 2271 2647 ψυχῆς
2296 2575 2366 2629 τά
2389 2576 2660 2646 κινήματα
2684 2576 2886 2646 κρίνειν
2916 2571 3128 2645 πρῶτον
3156 2571 3457 2643 δυναμένην
3486 2571 3545 2639 ἐξ
3572 2573 3677 2625 αύ-

424 2661 601 2729 prima
628 2668 806 2729 potest
837 2676 903 2718 ex
935 2661 1091 2732 ipsis,
1123 2673 1177 2719 et
1219 2680 1286 2719 ex
1332 2666 1602 2739 bonorum
1646 2676 1997 2725 externorum

2101 2666 2224 2732 τῶν,
2247 2668 2341 2721 καὶ
2365 2667 2465 2738 τῆς
2485 2669 2614 2739 περὶ
2633 2666 2700 2720 τά
2722 2666 2826 2731 ἔξω
2848 2666 3023 2738 ἡμῶν,
3048 2665 3100 2718 εἴ
3117 2665 3237 2719 τινά
3260 2666 3424 2729 ἐστιν,
3447 2662 3673 2732 ἀγαθῶν

424 2753 826 2824 malarumque,
876 2756 920 2810 si
965 2772 1073 2826 qua
1119 2758 1176 2813 in
1217 2759 1376 2814 nobis
1425 2762 1895 2830 sunt,.scientia;
1943 2773 2000 2821 et

2101 2761 2191 2814 καὶ
2236 2760 2770 2839 κακῶνλέπιστήμης
2810 2758 3134 2830 γενομένης·
3182 2759 3275 2812 καὶ
3320 2756 3673 2830 σωφροσύνην

423 2847 863 2915 temperantiam,
888 2864 1010 2919 quae
1052 2850 1106 2904 in
1150 2852 1462 2908 eorumdem
1504 2853 1673 2909 initiis
1715 2865 1871 2919 recte
1899 2859 1999 2915 eli:

2101 2852 2193 2923 τὴν
2216 2850 2386 2907 ταῦτα
2410 2853 2467 2905 ὲν
2501 2852 2695 2923 ἀρχαῖς
2729 2849 2902 2921 ὀρθῶς
2929 2850 3253 2921 αἱρουμένην
3280 2848 3509 2922 δύναμιν
3530 2866 3544 2879 ·
3575 2849 3671 2902 καὶ

423 2937 586 3006 gendi
616 2938 727 2992 vim
756 2939 951 3008 habet;
978 2953 1031 2997 et
1050 2942 1343 3012 justitiam,
1368 2960 1493 3016 quae
1522 2957 1647 3017 apta
1676 2957 1730 3013 et
1755 2964 1995 3020 congrua

2101 2943 2454 3013 δικαιοσύνην,
2484 2944 2518 3015 ἡ
2559 2942 2628 2996 τά
2665 2941 2791 3007 ἀξια
2817 2942 3066 3006 ἑκάστοις
3109 2941 3368 3013 ἀπονέμει
3398 2941 3507 3013 (88)
3529 2960 3543 2973 ·
3572 2942 3671 2998 καὶ

423 3026 621 3095 cuique
652 3027 873 3094 tribuit;
908 3039 963 3087 et
1002 3031 1196 3088 horum
1237 3036 1482 3089 omnium
1512 3040 1991 3106 conservatricem,

2101 3036 2191 3108 τὴν
2225 3035 2441 3090 πάντων
2474 3034 2676 3089 τούτων
2711 3034 2979 3105 σωτηρίαν
3004 3032 3114 3105 (89)
3152 3033 3421 3105 ἀνδρείαν.
3458 3035 3532 3087 υύ
3577 3034 3667 3087 λό-

422 3116 817 3181 fortitudinem.
861 3120 977 3179 Non
1014 3124 1189 3181 verbis
1230 3125 1393 3198 igitur
1421 3128 1837 3198 assuefaciebat,
1877 3148 2000 3202 quae

2101 3141 2218 3193 γοις
2260 3124 2436 3178 τοίνυν
2475 3123 2968 3194 ἀπαγγελλομένοις
3017 3122 3312 3188 συνείθιςεν
3351 3124 3427 3186 ὼς
3469 3123 3534 3196 δὴ
3578 3112 3666 3196 εἴη

423 3208 809 3266 denuntiarent
850 3221 1015 3284 atque
1055 3214 1458 3286 proﬁterentur,
1500 3220 1783 3275 scientiam
1822 3222 1981 3275 bono-

2101 3217 2373 3286 ἐπιστήμη
2421 3214 2639 3284 ἀγαθῶν
2683 3217 2777 3269 καὶ
2823 3215 3028 3277 κακῶν,
3075 3214 3108 3286 ἢ
3152 3215 3414 3287 ποιητέων
3462 3216 3556 3270 καὶ
3602 3218 3664 3269 οὐ

425 3316 548 3355 rum
575 3303 944 3367 etmalorum,
975 3306 1060 3360 vel
1090 3308 1462 3364 faciendorum
1496 3319 1551 3364 et
1578 3327 1685 3368 non
1722 3313 2001 3383 faciendo-

2101 3309 2366 3380 ποιητέων
2398 3311 2432 3381 ἡ
2465 3309 2722 3379 φρόνησις
2744 3325 2757 3338 ο
2793 3308 2949 3362 τοῦτο
2971 3309 3034 3379 δὴ
3068 3309 3128 3362 τὸ
3155 3310 3309 3362 κενὸν
3335 3310 3431 3363 καὶ
3460 3310 3669 3380 ἀνωφε-

428 2381 632 2451 pientia
658 2383 886 2449 lactans,
922 2400 1362 2458 conservansque
1404 2388 1583 2458 quoad
1625 2388 1997 2458 perﬁciantur.

423 3406 569 3458 rum,
591 3407 713 3449 esse
740 3396 1114 3464 prudentiam;
1141 3399 1325 3457 inanis
1368 3403 1557 3473 utique
1597 3413 1761 3474 atque
1786 3394 2005 3469 inutilis

424 3481 541 3539 bac
567 3482 873 3553 disciplina,
906 3486 952 3541 si
979 3489 1140 3545 verba
1185 3487 1345 3555 [actis
1373 3502 1625 3561 careant;
1660 3511 1905 3566 vanaque
1936 3513 1998 3552 ea

422 3572 737 3645 prudentia,
784 3592 905 3645 quae
953 3592 1060 3633 non
1102 3594 1165 3632 ea
1214 3580 1379 3636 faciat
1422 3599 1543 3652 qua:
1584 3585 1827 3649 facienda
1868 3590 1997 3652 sint,

425 3680 529 3723 nec
560 3664 629 3720 ab
659 3666 727 3722 iis
751 3682 873 3747 qua:
897 3684 1005 3723 non
1039 3681 1167 3724 sunt
1189 3675 1416 3751 agenda,
1443 3675 1743 3744 deterreat,
1775 3680 1870 3733 'sed
1910 3695 1999 3735 so-

424 3756 539 3811 lum
588 3759 958 3829 cognitionem
1002 3761 1199 3817 borum
1248 3766 1554 3835 suppeditet
1608 3768 1676 3823 iis
1737 3770 1832 3839 qui
1876 3786 1999 3831 eam

423 3849 738 3918 possident,
771 3852 963 3921 quales
995 3856 1272 3912 cernimus
1305 3859 1623 3926 permultos.
1651 3860 1762 3917 Nec
1795 3872 1999 3934 tempe-

419 3943 657 4008 rantiam
675 3960 915 4013 rursum,
929 3947 1303 4019 eligendorum
1318 3952 1804 4027 fugiendarumque
1827 3959 1999 4013 scien-

422 4034 554 4093 tiam
579 4038 871 4106 quamdam
907 4054 1063 4107 esse;
1089 4058 1255 4113 quam
1284 4044 1533 4102 videlicet
1559 4052 1667 4102 non
1703 4049 1994 4107 admodum

2098 3401 2187 3465 λές
2229 3401 2475 3473 μάθημα,
2520 3403 2569 3454 εί
2610 3403 2639 3453 ὁ
2678 3401 2834 3468 λόγος
2873 3402 2957 3473 εἴη
3007 3401 3115 3454 τῶν
3160 3401 3334 3474 ἔργων
3382 3401 3526 3472 δίχα,
3573 3390 3683 3457 καῖ’

2100 3492 2371 3564 φρόνησις,
2392 3490 2510 3561 οὐχὶ
2553 3490 2780 3545 ποιοῦσα
2808 3491 2878 3545 τά
2910 3492 3127 3563 ποιητά,
3162 3492 3253 3546 καὶ
3286 3492 3667 3563 ἀποτρέπουσα

2057 3657 2063 3664 _
2098 3583 2301 3638 τῶνςού
2344 3583 2580 3654 ποιητῶν
2609 3581 2755 3655 (90),
2788 3582 3073 3650 γινώσκειν
3116 3582 3172 3636 δὲ
3217 3576 3389 3637 ταῦτα
3433 3601 3669 3656 παρεχο-

2102 3676 2235 3748 μένη
2268 3678 2388 3740 τοῖς.
2421 3676 2635 3748 ἔχουσιν
2664 3676 2852 3746 αὐτὴν,
2886 3675 3028 3739 οἴους
3058 3675 3286 3740 πολλοὺς
3323 3675 3557 3749 ὁρῶμεν.
3599 3676 3669 3730 Ἠ

2098 3768 2155 3821 δὲ
2177 3767 2495 3840 σωφροσύνη
2525 3768 2682 3822 πάλιν
2706 3768 2787 3821 ὅτι
2812 3768 2874 3839 δὴ
2908 3767 2994 3838 εἴη
3016 3785 3099 3832 τις
3132 3768 3407 3838 ἐπιστήμη
3435 3766 3666 3826 αἱρετῶν

2098 3858 2192 3913 καὶ¹
2216 3860 2313 3929 ούχ
2347 3857 2596 3930 αἱρετῶν,
2618 3861 2685 3927 οὐ
2718 3858 2857 3912 πάνυ
2882 3875 2936 3912 τι
2968 3856 3319 3911 διδασκόντων
3360 3856 3531 3927 αὐτὴν
3556 3857 3665 3912 τῶν

2097 3932 2269 4005 ἄλλων
2308 3951 2629 4021 φιλοσόφων,
2676 3952 2770 4005 καὶ
2819 3948 3055 4022 μάλιστά
3086 3963 3150 4017 γε
3206 3948 3315 4003 τῶν
3361 3949 3660 4019 νεωτέρων,

2096 4044 2261 4098 ὄντων
2286 4046 2380 4116 μὲν
2404 4044 2634 4098 εὐτόνων
2658 4044 2750 4098 καὶ
2774 4043 3097 4115 ἐρρωμένων
3120 4045 3232 4106 τοῖς
3276 4041 3455 4110 λόγοις
3502 4041 3664 4112 (οἵους
3734 4070 3737 4071 ν

362 4114 375 4129 ⁸
423 4125 653 4183 doceant
686 4130 866 4186 caeteri
892 4132 1234 4206 philosophi,
1268 4150 1333 4189 ac
1376 4137 1648 4208 praecipue
1693 4141 1991 4207 neoterici;

2101 4136 2206 4206 ἐγὼ
2231 4114 2488 4200 πολλάκις
2511 4114 2813 4207 ἐθαύμασα,
2842 4136 2969 4190 ὅταν
2989 4133 3086 4206 τὴν
3111 4134 3280 4207 αὐτὴν
3304 4132 3504 4204 ἀρετὴν
3527 4133 3661 4185 Θεοῦ

423 4215 516 4284 qui
543 4216 722 4274 verbis
764 4219 984 4289 quidem
1027 4224 1239 4278 strenui
1280 4223 1558 4296 fortesque
1601 4238 1731 4285 sunt
1784 4230 1995 4301 (quales

2101 4226 2189 4278 καὶ
2213 4224 2533 4297 ἀνθρώπων,
2563 4226 2656 4279 καὶ
2680 4225 2772 4279 ἐπὶ
2796 4225 2899 4295 γῆς
2922 4223 2991 4278 τά
3015 4223 3207 4295 πρῶτα
3236 4223 3353 4294 Θεῷ
3381 4219 3497 4277 ἴσον
3522 4220 3663 4279 εἶναι

421 4320 523 4375 ego
540 4321 777 4378 persaepe
798 4310 1029 4366 miratus
1051 4328 1195 4381 sum,
1209 4331 1335 4371 cum
1351 4319 1597 4385 eamdem
1620 4321 1872 4378 virtutem
1896 4322 1992 4379 Dei

2101 4316 2186 4369 τὸν
2220 4317 2383 4386 σοφὸν
2417 4316 2697 4388 ἄνθρωπον
2719 4315 3091 4385 ἀποδείξωσιν)
3112 4333 3125 4346 ·
3157 4314 3277 4368 οὔτε
3315 4315 3370 4369 δὲ
3405 4315 3503 4385 τὴν
3530 4315 3662 4387 φρό-

421 4405 478 4449 et
508 4397 811 4467 hominum,
837 4409 891 4456 et
916 4400 1026 4456 Deo
1053 4403 1106 4457 in
1139 4407 1327 4475 primis
1354 4410 1587 4466 similem
1615 4415 1673 4467 in
1705 4426 1847 4470 terra
1869 4431 1993 4471 esse

2101 4425 2248 4479 νησιν
2275 4407 2350 4471 ὡς
2392 4410 2485 4462 καὶ
2511 4410 2654 4461 ποιεῖ
2680 4408 2787 4476 (9|)
2810 4424 2898 4472 τις
2923 4408 2992 4461 τὰ
3032 4408 3342 4478 φρονήσεως
3360 4423 3373 4437 ο
3410 4405 3532 4459 οὔτε
3562 4406 3661 4477 τὴν

422 4490 720 4559 sapientem
754 4493 1237 4569 demonstrarent);
1271 4516 1372 4556 nec
1410 4504 1775 4574 prudentiam,
1813 4517 1875 4563 ut
1906 4508 1989 4563 fa-

2101 4492 2447 4571 σωφροσύνην
2488 4500 2564 4563 ὡς
2602 4501 2695 4554 καὶ
2732 4500 2936 4573 αίρεῖτό
2970 4517 3054 4564 τις
3088 4498 3239 4553 ταῦθ’
3282 4498 3423 4569 ἅπερ
3466 4496 3659 4569 ἔμαθε,

420 4583 535 4639 ciat
555 4586 826 4654 quispiam
855 4604 979 4659 quae
1018 4601 1147 4647 sunt
1177 4594 1506 4664 prudentiae;
1541 4612 1640 4654 nec
1687 4610 1990 4671 temperan-

353 4668 357 4673 ’
420 4676 578 4743 tiam,
607 4686 668 4731 ut
691 4693 753 4733 ea
785 4680 948 4751 eligat
988 4698 1110 4753 quae
1149 4685 1357 4754 didicit,
1402 4688 1637 4745 tribuere
1676 4668 1885 4759 valent;
1924 4694 1992 4749 de

422 4766 691 4837 injustitia
723 4769 906 4827 itidem
946 4788 1011 4829 ac
1056 4774 1375 4835 fortitudine
1416 4781 1650 4837 inaniter
1691 4785 1987 4855 disputant.

418 4857 541 4917 Non
575 4862 657 4917 sic
678 4863 782 4919 iste
801 4865 960 4922 nobis
982 4868 1050 4923 de
1075 4870 1365 4931 virtutibus
1392 4875 1573 4932 verbis
1607 4878 1783 4933 solum
1818 4878 1991 4935 disse-

420 4952 595 5016 rebat,
622 4954 719 5009 sed
763 4955 831 5010 ad
878 4971 1041 5027 opera
1086 4961 1268 5029 potius
1307 4962 1595 5032 incitabat;
1637 4976 1692 5022 et
1731 4968 1992 5033 incitabat

420 5045 677 5114 operibus
706 5048 881 5119 magis
908 5047 1174 5120 factisque
1196 5070 1359 5122 quam
1383 5057 1582 5114 verbis.

492 5134 562 5191 X.
603 5135 759 5209 Rogo
783 5148 965 5205 autem
992 5142 1349 5213 philosophos
1372 5148 1464 5217 qui
1491 5164 1639 5205 nunc
1663 5161 1810 5218 sunt,
1825 5161 1988 5221 quot-

421 5235 552 5295 quot
589 5228 719 5284 novi
757 5229 895 5300 ipse,
945 5243 1001 5289 et
1030 5249 1169 5304 quos
1203 5236 1326 5293 aliis
1369 5240 1720 5295 narrantibus
1770 5241 1952 5296 audivi
1971 5261 1991 5305 τ,-

649 5411 777 5494 Ἐφ’
807 5413 1357 5494 ἐᾳυτῆςλβοῐξεειίιιε
1380 5419 1630 5474 rescribit
1655 5422 1739 5494 ὲφξ
1768 5423 1985 5494 ἑαυτῆς.

497 5438 579 5476 ro:
590 5438 607 5480 γ
677 5438 700 5465 ι
716 5438 759 5481 φ
807 5438 1046 5483 δαν-της.
1071 5438 1178 5471 nell
1218 5438 1357 5472 enus
1380 5438 1630 5474 rescribit
1655 5438 1681 5473 ε
1730 5438 1737 5442 ⁷
1768 5438 1985 5494 εαυτης.

497 5478 632 5599 (88ὸ
654 5481 971 5552 Ἁπονέμει.
1027 5485 1118 5539 Sic
1160 5438 1390 5542 Vgossius
1432 5497 1486 5542 et
1546 5505 1647 5544 ms.
1686 5438 1989 5550 gaticanus

497 5549 562 5599 liti
635 5551 838 5599 Clarue.
870 5551 1155 5599 Bengelins
1186 5571 1310 5599 mtm
1336 5555 1643 5599 Hmcnhplin
1701 5562 1958 5599 ᾗηψῆυέηιιη

420 5549 1155 5634 θριιέειρθξξπιιθξβεηεειῇυε
1186 5555 1664 5634 cum_llaasc_helio,
1701 5549 1984 5634 ἀπονέμοι.

496 5616 1285 5701 (89λθΣωτηριᾳνῘΣώτειραν
1317 5628 1602 5697 legendum
1642 5616 1991 5689 existimabat

422 5683 749 5761 Bcngei_ius,_
783 5683 849 5743 ei
896 5692 962 5761 iis
1009 5709 1130 5761 qure
1175 5683 1313 5749 infra
1360 5683 1984 5761 decurrunt—stili—linem

423 5768 545 5835 cap.
576 5757 662 5822 11,
687 5755 945 5831 σώτειράν
966 5755 1088 5817 τινα
1119 5766 1212 5818 καὶ
1242 5767 1476 5837 φύλακα.

2094 4590 2426 4661 παραδοῦναι
2457 4590 2767 4661 δυναμένων
2786 4609 2799 4622 ”
2839 4590 3035 4663 ὁμοίως
3073 4591 3129 4644 δὲ
3172 4591 3307 4643 κάπὶ
3336 4589 3436 4659 τῆς
3460 4589 3671 4643 δικαιο-’

2093 4677 2279 4750 σύνης,
2327 4681 2422 4733 καὶ
2452 4680 2545 4732 ἐπὶ
2593 4681 2689 4752 τῆς
2722 4680 2990 4752 ἀνδρείας.
3039 4681 3151 4751 Ούχ
3188 4679 3357 4743 οὕτως
3399 4674 3550 4744 οὗτος
3590 4678 3661 4735 τὰ

2091 4771 2220 4844 περὶ
2259 4772 2467 4844 ἀρετῶν
2512 4758 2643 4846 ἡμῖν
2684 4774 2882 4845 διεξῄει
2927 4774 3125 4844 λόγοις,
3170 4775 3262 4828 ἐπὶ¹
3305 4773 3365 4833 δὲ
3408 4773 3475 4828 τά
3523 4774 3660 4847 ἔργα

2093 4866 2293 4937 μᾶλλον
2321 4866 2617 4936 παρεκάλει
2638 4883 2652 4897 ·
2681 4868 2775 4921 καὶ
2806 4867 3100 4940 παρεκάλει
3126 4867 3288 4922 πλέον
3314 4870 3424 4932 τοῖς
3454 4867 3656 4941 ἔργοις,

2091 4956 2127 5029 ἢ
2156 4950 2238 5020 οἷς
2269 4956 2472 5026 ἔλεγεν.

2161 5141 2218 5192 l'.
2264 5137 2611 5209 Ἔξαιτοῦμαι
2654 5138 2712 5193 δὲ
2756 5140 2905 5211 παρά
2950 5157 3009 5191 τε
3058 5139 3359 5209 φιλοσόφων
3406 5138 3515 5194 τῶν
3561 5138 3657 5193 νῦν

2089 5230 2277 5295 ὅντων,
2310 5230 2468 5293 ὅσους
2500 5230 2660 5294 αὐτὸς
2686 5230 2873 5316 ἔγνων,
2910 5231 3004 5284 καὶ
3043 5231 3201 5296 ὅσους
3235 5230 3408 5286 ἄλλων
3437 5230 3657 5303 διηγου-

2161 5427 2275 5500 (9θ)
2312 5430 2600 5504 Homeri...
2645 5428 2922 5504 ποιητῶν.
2968 5431 3130 5488 Forte
3176 5431 3463 5503 legendum
3501 5448 3658 5504 ποιη-

2089 5502 2255 5555 τέα...
2287 5501 2578 5571 ποιητέων,
2605 5510 2661 5554 ut
2695 5503 2857 5571 paulo
2886 5512 3031 5557 ante.

2162 5571 2275 5643 (9i)
2310 5569 2488 5645 Ποιεξ.
2523 5569 2809 5645 Bengelius
2837 5573 2965 5642 legit
2994 5574 3155 5645 ποιοῖ.
3182 5570 3248 5626 Et
3274 5587 3399 5645 mox
3427 5572 3655 5645 αἱροϊτο.

2090 5640 2620 5711 Πειιιορρειειοίονθηι
2648 5640 2933 5696 lectionem
2964 5643 3211 5711 sequitur
3226 5643 3387 5696 etiam
3416 5640 3657 5711 nuperos

2092 5708 2640 5791 editor’Parisicnsis,
2676 5712 2768 5781 qui
2813 5722 2992 5769 tamen
3026 5708 3224 5769 retinet
3251 5708 3655 5784 priorem'Vos-

2098 5795 2326 5838 sranam.
