4090 6374
448 373 584 431 1981

1436 369 1506 424 IN
1546 365 1911 425 ORIGENEM
1949 364 2207 421 ORATIO
2244 360 2703 420 PANEGYRICA.

3552 360 3577 416 i
3586 360 3691 416 082

449 493 625 564 μένων
657 466 903 563 ἥκουσαι
941 493 1034 545 καὶ
1066 489 1215 560 παρὰ
1247 489 1352 543 τῶν
1384 489 1556 544 ἄλλων
1600 489 1656 542 δὲ
1692 486 2014 559 ἀνθρώπων,

2122 486 2372 545 homines
2402 485 2526 539 item
2547 494 2810 549 “caateros,
2842 490 2903 536 ut
2934 497 3056 551 qua:
3083 496 3121 535 a.
3140 481 3298 536 nobis
3326 496 3471 538 nunc
3498 481 3695 538 dicun-

445 584 799 653 ἀνεμεσήτως
828 580 969 652 ἔχειν
994 581 1128 653 πρὸς
1150 580 1217 633 τὰ
1242 578 1337 632 νῦν
1370 580 1500 649 ἡμῖν
1525 577 1813 647 λεγόμενα.
1843 575 1935 646 Μὴ
1962 575 2017 627 δέ

451 675 520 745 μέ
550 691 634 738 τις
664 674 696 745 ἢ
732 672 883 744 φιλίᾳ
911 674 976 743 τῇ
1012 671 1148 743 πρὸς
1173 670 1263 724 τὸν
1284 671 1480 742 ἄνδρα,
1517 669 1550 741 ἢ
1584 671 1678 722 καὶ
1717 666 2021 737 ἀπεχθανό-

451 781 611 837 μενον
636 764 714 818 ἔτι
738 767 848 840 τοῖς
872 763 1073 826 λοιποῖς
1108 760 1413 831 φιλοσόφοις
1444 753 1537 830 (ὧν
1569 762 1725 830 εἴπερ
1752 776 1834 823 τις
1862 756 2018 821 ἄλλος

448 858 544 912 καὶ
578 857 741 920 αὐτὸς
782 856 1016 926 ἐραστής
1057 871 1116 907 τε
1149 851 1237 906 διὰ
1279 853 1403 915 τοὺς
1447 852 1638 919 λόγους
1676 845 1815 903 εἶναι
1856 847 2016 913 θέλω,
2056 919 2060 923 .

447 950 541 1004 καί
570 950 836 1021 εὐφημεῖν
867 948 1063 1012 αὐτοὺς
1108 945 1385 1017 βούλομαι,
1415 944 1577 1008 αὐτός
1610 960 1668 996 τε
1699 943 1792 996 καὶ
1820 941 2019 1011 ἐτέρων

352 1056 357 1060 ’
447 1042 516 1096 τὰ
547 1040 807 1094 κάλλιστα
830 1039 1091 1108 λεγόντοιν
1118 1038 1244 1109 περὶ
1269 1036 1448 1091 αὐτῶν
1474 1036 1688 1089 ἀκούειν
1709 1053 1722 1066 ·
1752 1033 1887 1088 ἀλλὰ
1912 1033 2019 1104 γὰρ

446 1130 669 1185 τοιαῦτά
708 1132 875 1195 ἐστιν,
917 1129 992 1193 ὡς
1036 1131 1115 1193 είς
1158 1122 1381 1203 ἔσχατον
1434 1114 1873 1207 περιυϐρίζεσθαι
1922 1124 2020 1195 μὲν

448 1221 554 1275 ὑπὸ
581 1220 796 1274 πάντων
827 1220 1009 1290 σχεδὸν
1044 1218 1396 1289 καὶλτούνομα
1422 1218 1519 1287 τῆς
1548 1216 1863 1287 φιλοσοφίας
1882 1232 1895 1245 ·
1920 1215 2019 1286 ἐμὲ

445 1312 502 1366 δὲ
552 1311 747 1384 μικροῦ
793 1312 904 1365 δεῖν
946 1310 1236 1363 ἰδιωτεύειν
1286 1309 1498 1363 ἑλέσθαι
1540 1309 1737 1378 πάντη,
1781 1307 1924 1378 ἥπερ
1967 1324 2019 1359 τι

451 1402 643 1474 μαθεῖν
690 1397 765 1456 ὧν
801 1397 941 1456 οὗτοι
976 1401 1433 1470 ἀπαγγέλλουσιν,
1463 1397 1545 1464 οἷς
1583 1400 1669 1454 διὰ
1703 1400 1792 1453 τὸν
1833 1398 2019 1453 λοιπὸν

358 1542 363 1547 ,
448 1492 563 1563 βίον
594 1492 715 1545 οὐδὲ
740 1492 1018 1559 προσιέναι
1042 1490 1190 1557 ἄξιον
1222 1486 1360 1543 εἶναι
1386 1489 1619 1555 ἐδόκουν,
1648 1489 1776 1553 ἴσως
1807 1490 1906 1542 οὐκ
1930 1491 2022 1560 όρ-

448 1584 556 1647 θῶς
587 1583 744 1637 τοῦτο
774 1581 1027 1654 φρονῶν).
1058 1582 1205 1651 Πλὴν
1248 1583 1321 1653 μή
1358 1582 1427 1653 μέ
1459 1599 1542 1645 τις
1584 1580 1862 1652 φιλοτιμίᾳ
1889 1581 2018 1645 τινὶ,

446 1675 705 1746 ἡτοιςτῶν
736 1677 815 1738 είς
848 1675 939 1729 τὸν
969 1675 1138 1747 ἄνδρα
1164 1675 1416 1739 ἐπαίνων,
1443 1674 1476 1744 ἢ
1503 1676 1568 1744 τῇ
1602 1674 1738 1745 πρὸς
1762 1674 1888 1736 τοὺς
1917 1672 2021 1737 ἕξω

441 1765 767 1835 ’φιλοσόφους
797 1765 929 1838 ἄλλῃ
965 1766 1137 1840 ταύτῃ
1181 1765 1458 1837 φιλοτιμία
1491 1765 1599 1836 (92)
1639 1765 1813 1819 ταῦτα
1845 1765 2020 1833 λέγειν

448 1857 802 1930 ὑπονοησάτω
824 1875 837 1887 ·
882 1857 1017 1912 ἀλλὰ
1044 1858 1139 1912 καὶ
1178 1858 1478 1930 μικρότερα
1519 1858 1667 1928 ἡμᾶς
1712 1856 1819 1910 τῶν
1855 1854 2019 1910 αὐτοῦ

447 1950 644 2021 ἔργων,
696 1949 770 2021 μὴ
811 1950 1125 2008 κολακεύειν
1158 1951 1474 2019 δοκοίημεν,
1507 1950 1682 2017 λέγειν
1723 1951 2020 2014 πεπείσθω,

449 2035 571 2105 οὐχὶ
612 2035 841 2107 ῥήματα
878 2035 971 2086 καὶ
1016 2034 1285 2105 ὀνόματα,
1321 2034 1415 2088 καὶ
1456 2031 1710 2104 ἀφορμὰς
1740 2029 2017 2099 ἐντέχνους

449 2125 740 2197 ἐγκωμίων
775 2125 988 2189 ἑαυτοῖς
1025 2125 1479 2197 ἐκποριζομένους
1521 2124 1670 2193 (95),
1699 2124 1758 2185 ὃς
1792 2122 1897 2176 οὐδ’
1928 2122 2018 2174 ὅτε

453 2215 736 2287 μειράκιον
758 2214 854 2280 ὣν,
885 2216 982 2288 τὴν
1004 2214 1225 2287 δημώδη
1257 2216 1550 2288 ῥητορικὴν
1575 2216 1639 2268 ἐκ
1661 2214 1884 2287 ῥήτορος
1913 2214 2020 2267 ἐδι-

448 2306 731 2378 δασκόμην
750 2345 765 2371 ,
807 2307 1080 2371 ἐπαινεῖν,
1113 2304 1206 2365 καὶ
1233 2304 1409 2373 λέγειν
1441 2304 1567 2375 περί
1601 2320 1694 2357 του
1723 2300 2016 2372 ἐγκώμιον,

450 2397 481 2450 ὃ
507 2413 561 2449 τι
607 2396 681 2469 μὴ
713 2395 913 2468 ἀληθὲς
947 2392 1046 2468 ἧν,
1090 2395 1230 2449 ἑκὼν
1263 2383 1548 2467 ύπέμενονξ
1591 2396 1666 2449 Οὐ
1698 2395 1877 2469 τοίνυν
1900 2394 2019 2448 οὐδὲ

448 2484 566 2548 νῦν,
595 2466 838 2539 ἐπαινεῖν
866 2466 1199 2558 προθέμενος
1224 2484 1406 2549 ἁπλῶς
1426 2525 1440 2549 ,
1466 2488 1578 2550 τοῖς
1615 2466 2019 2563 ἐτέρωνίιζέόγοις

450 2576 640 2630 τοῦτον
688 2576 921 2648 ἐξαίρειν
964 2572 1117 2648 οἶμαι
1150 2577 1291 2630 δεῖν·
1324 2577 1356 2648 ἢ
1394 2576 1579 2641 κακῶς
1600 2576 1666 2630 ἂν
1694 2577 1803 2648 (94)
1834 2576 2018 2645 ἔλεγον

446 2667 539 2721 τὸν
571 2667 756 2739 ἄνδρα,
788 2670 900 2731 τοῖς
930 2667 1102 2722 ἄλλων
1134 2668 1486 2738 πταίσμασιν,
1515 2669 1601 2721 ἵνα
1624 2686 1675 2721 τι
1700 2668 1827 2739 περὶ
1852 2666 2015 2722 αὐτοῦ

450 2759 634 2830 μεῖξον
679 2758 743 2830 δὴ
791 2758 966 2828 λέγειν
1011 2759 1188 2830 ἔχοιμι
1209 2799 1224 2823 ,
1263 2758 1591 2832 παραϐαλὼν
1632 2760 1722 2813 τὸν
1750 2761 2017 2832 μακάριον

450 2849 617 2906 αὑτοῦ
649 2851 760 2921 βίον
779 2868 793 2882 ο
824 2852 923 2921 οὐχ
953 2849 1126 2915 οὕτως
1157 2852 1488 2922 ἁφραίνομεν
1508 2869 1521 2883 ·
1562 2851 1676 2906 ἀλλ’
1706 2852 1833 2905 αὐτὸ
1861 2852 1889 2905 ὃ
1916 2851 2015 2905 πέ-

444 2945 635 3009 πονθα,
666 2945 789 3015 δίχα
829 2943 972 3007 τινὸς
1001 2944 1311 3015 παραϐολῆς
1346 2944 1438 2997 καὶ
1470 2942 1801 3015 πανουργίας
1829 2943 1926 3015 τῆς
1958 2946 2016 2998 ἐν

440 3031 642 3101 λόγοις,
666 3032 1000 3103 ὁμολογήσω.
1326 3080 1329 3081 ,

514 3125 616 3178 IA'.
646 3120 813 3190 Οὗτός
847 3145 915 3200 με
944 3128 1158 3201 πρῶτος
1187 3129 1284 3184 καὶ
1318 3130 1475 3202 μόνος
1498 3131 1591 3186 καὶ
1623 3131 1720 3205 τὴν
1752 3133 2034 3207 Ἑλλήνων,

445 3217 760 3288 φιλοσοφίαν
794 3219 1100 3289 φιλοσοφεῖν
1142 3220 1542 3293 προὺτρέψατο,
1570 3225 1683 3287 τοῖς
1718 3223 1872 3295 ἧθεσι
1902 3227 2017 3289 τοῖς
2043 3241 2085 3298 C

446 3308 597 3374 ἰδίοις
626 3309 812 3375 αὐτοῦ,
852 3312 947 3365 καὶ
989 3311 1084 3365 τοῦ
1127 3313 1256 3385 περὶ
1296 3312 1443 3381 ἠθῶν
1473 3313 1705 3369 ἀκοῦσαι
1749 3317 1842 3369 καὶ
1882 3317 2015 3371 ἀνα-

445 3398 668 3470 σχέσθαι
715 3400 876 3471 λόγου
922 3404 1135 3468 πείσας,
1180 3405 1280 3458 οὐκ
1324 3403 1391 3459 ἂν
1432 3404 1722 3461 πεισθέντα
1759 3387 1883 3461 ὅσον
1925 3410 2018 3463 ἐπὶ

441 3495 554 3569 τοῖς
584 3492 763 3559 ἄλλοις
800 3494 1109 3567 φιλοσόφοις
1140 3495 1335 3568 (πάλιν
1370 3497 1671 3571 ὁμολογῶ),
1705 3500 1804 3554 οὐκ
1842 3483 2018 3575 ὀρθῶς

447 3582 566 3653 μὲν,
588 3582 865 3656 δυστυχῶς
880 3585 957 3651 δὲ,
985 3585 1179 3658 μικροῦ
1202 3587 1331 3652 δεῖν,
1360 3588 1493 3660 ἡμῖν
1516 3628 1530 3645 .
1555 3576 1850 3670 Οὑξμενοῦν
1902 3591 2014 3664 (95)

442 3671 563 3726 ούδέ
607 3671 847 3729 πλείοσιν
890 3675 1141 3748 ἐνέτυχον
1180 3676 1242 3731 τὸ
1295 3676 1529 3749 πρῶτον,
1567 3675 1768 3747 ὀλίγοις
1807 3677 1864 3731 δέ
1907 3696 2016 3733 τισι

440 3767 555 3829 τοῖς
581 3764 850 3843 διδόισκειν
883 3767 1390 3840 ἐπαγγελλομένοις,
1428 3768 1560 3824 ἀλλὰ
1601 3764 1708 3842 γὰρ
1742 3771 1873 3824 πᾶσι
1922 3770 2018 3842 μέ-

442 3872 533 3926 χρι
578 3857 837 3929 ῥημάτων
876 3858 937 3912 τὸ
982 3859 1288 3930 φιλοσοφεῖν
1331 3862 1610 3933 στήσασιν.
1645 3856 1810 3927 Οὗτος
1855 3862 1911 3915 δέ
1948 3881 2025 3934 με⁵

442 3945 658 4018 πρῶτος
682 3950 775 4001 καὶ
800 3951 914 4012 τοῖς
942 3950 1120 4020 λόγοις
1148 3951 1454 4021 φιλοσοφεῖν
1486 3954 1880 4025 προύτρὲφατο,
1905 3956 2017 4018 τοῖς

440 4040 625 4112 ἔργοις
652 4039 863 4111 φθάσας
892 4041 989 4114 τὴν
1014 4042 1103 4097 διὰ
1131 4042 1303 4113 λόγων
1335 4046 1671 4119 προτροπὴν,
1701 4046 1801 4100 οὐκ
1832 4047 2015 4115 ἀπαγ-

441 4131 646 4208 γέλλων
685 4133 844 4203 μόνον
889 4136 1104 4206 ῥήματα
1146 4135 1580 4208 μεμελετημένα,
1614 4138 1731 4192 ἀλλ’
1763 4138 1884 4192 οὐδὲ
1931 4137 2018 4191 λέ·-

441 4194 560 4293 γειν
581 4194 768 4294 ἀξιῶν,
792 4226 841 4278 εί
866 4194 1062 4297 μὴ’σὺν
1081 4194 1364 4300 εἰλικρινεῖ
1477 4194 1677 4305 γνωμῃ
1695 4230 1790 4286 καὶ
1811 4229 2014 4303 πρᾶξαι

440 4315 512 4370 τὰ
535 4316 800 4389 εἰρημένα
832 4318 1206 4393 ἀγωνιουμένῃ
1233 4319 1389 4374 τοῦτο
1425 4323 1569 4375 ποιοῖ
1600 4322 1711 4393 (96)
1730 4338 1741 4352 '
1777 4324 1809 4393 ἢ
1844 4321 2017 4375 τοιοῦ-

442 4422 532 4462 τον
559 4408 751 4463 ἑαυτὸν
782 4410 1159 4482 παρασχέσθαι
1185 4411 1540 4484 πειρώμενος,
1575 4409 1684 4467 οἷον
1704 4419 1815 4478 τοῖς
1835 4414 2016 4484 ,λόγοις

344 4564 347 4569 _
441 4498 662 4566 διέξεισι
687 4501 781 4555 τὸν
802 4502 984 4567 καλῶς
1017 4501 1364 4574 βιωσόμενον,
1390 4506 1483 4559 καὶ
1510 4507 1856 4578 παράδειγμα
1893 4509 2010 4578 μὲν,

443 4588 741 4665 ἐϐουλόμην
780 4596 970 4658 εἰπεῖν,
1010 4594 1298 4666 ἐκθέμενος
1329 4596 1514 4666 σοφοῦ.
1559 4576 1695 4651 Ἀλλ’
1729 4576 1857 4652 ἐπεῖ
1880 4576 2012 4671 όιλή-
2045 4576 2090 4636 D

292 4754 305 4761 -
358 4744 362 4747 _
444 4681 593 4737 θειαν
622 4685 773 4755 ἡμῖν,
798 4688 857 4740 06
881 4686 1145 4760 κομψείαν
1173 4687 1534 4758 ἐπηγγείλατο
1558 4691 1586 4742 ό
1609 4689 1765 4758 λόγος
1789 4689 2012 4755 ἄνωθεν,

442 4775 789 4847 παράδειγμα
822 4766 919 4865 μὲν
961 4779 1126 4833 αὐτὸν
1159 4779 1322 4848 σοφοῦ
1367 4765 1577 4834 οὐδέπω
1618 4781 1792 4850 λέγω·
1837 4783 2015 4835 καίτοι

440 4883 505 4937 γε
537 4870 713 4922 εἰπεῖν
745 4868 941 4923 ἐθέλων
968 4865 1109 4953 εἶναί
1141 4887 1201 4923 τε
1243 4870 1441 4941 ἀληθές
1475 4871 1585 4944 (97)
1606 4889 1619 4903 '
1653 4871 1789 4926 ἀλλὰ
1816 4872 1890 4926 ἐῶ
1921 4873 2015 4928 νῦν

418 5033 425 5041 _
515 4978 629 5051 (99.)
669 4981 998 5054 Φᾳοζιμίᾳ.
1034 4980 1129 5054 Bis
1168 4982 1271 5054 hoc
1314 4982 1591 5054 librarius.
1617 4995 1678 5038 ut
1710 4985 1789 5048 ﬁt,
1814 4999 2013 5054 prope-

445 5046 575 5104 rans
604 5046 807 5124 posuit.
834 5046 1146 5124 Legendum
1173 5046 1521 5124 φιλονεικᾲίᾳ.
1557 5052 1647 5108 Sic
1673 5046 2017 5122 enim'poscit

441 5118 697 5192 superius
736 5118 1211 5192 ἀπεχθανόμενον,
1249 5118 1429 5191 quod,"
1458 5118 1769 5192 parenthesi
1805 5118 2011 5192 clausa,

443 5189 499 5245 in
537 5204 841 5261 synonymo
868 5189 1095 5261 grespmi
1132 5189 1338 5248 debuit.
1376 5189 1519 5249 Bene
1569 5193 1892 5251 Sirmoudus
1916 5234 1931 5259 ,
1957 5189 2014 5249 in

442 5259 779 5331 philosophas
810 5259 951 5331 odio.
977 5259 1210 5331 Βειςοει..
1419 5289 1425 5295 υ

514 5330 627 5402 (9'5)
652 5329 1211 5402 Ἓξκτξρριζομένους.
1240 5330 1331 5387 Sic
1366 5348 1611 5402 nuperus
1661 5334 1835 5389 editor
1859 5334 2013 5390 Pari-

443 5397 664 5534 εἰεὲηείἓ.
696 5400 765 5453 At
793 5397 1044 5468 Vossius,
1076 5399 1419 5458 Hrescbelius
1440 5397 1494 5458 et
1517 5402 1824 5474 Bengelius,
1849 5407 2014 5460 ἐκπο-

443 5487 499 5534 ρι
534 5488 605 5534 ομ
636 5486 768 5533 νοις.
798 5512 802 5517 .

479 5486 768 5533 ιςομενοις.
798 5512 802 5517 .

442 5488 768 5543 ριςομενοις.
798 5512 802 5517 .

486 5539 643 5613 __(94)_
663 5542 806 5613 Ἢ...
831 5540 926 5596 ἂν.
951 5538 1017 5613 ξι
1044 5540 1170 5613 hoc,
1190 5549 1243 5613 et
1270 5540 1523 5597 Latinum
1545 5552 1657 5607 aut,
1693 5543 1811 5613 pari
1839 5546 1890 5598 vi
1917 5561 2014 5612 pro

442 5607 646 5684 alioqui
682 5610 938 5684 ponitur.
964 5609 1088 5684 _Vid.
1126 5611 1449 5684 Schwartz"
1501 5613 1577 5667 De
1619 5607 1811 5684 partio.
1839 5607 2010 5676 ιλ...

440 5694 561 5755 cap.
587 5680 678 5755 5_l,
707 5696 763 5755 ιι.
794 5681 850 5746 4,
885 5680 978 5755 ubi
1001 5690 1306 5755 opportune
1334 5680 1736 5755 observat,'aut
1768 5685 1849 5739 sic
1883 5687 2011 5755 poni

441 5750 501 5826 fu
550 5749 701 5803 rebus
726 5752 981 5826 ingratis.
1011 5749 1138 5826 Mog
1164 5750 1268 5826 06x
1300 5750 1863 5826 06mgndcppg£vopew
1884 5749 2011 5808 ’νοτ-

444 5819 571 5888 bum
597 5819 889 5900 poeticum.
921 5819 1389 5878 low—Existimat
1421 5819 1602 5881 editor
1622 5819 1796 5881 Paris.
1826 5825 2008 5899 legen-

2120 586 2229 641 tur,
2252 591 2409 645 aequo
2444 575 2628 629 animo
2657 573 2944 643 accipiant.
2975 571 3086 627 Nec
3114 586 3243 626 vero
3283 587 3371 627 me
3401 572 3695 643 quisquam

2118 670 2235 723 haec
2277 669 2461 722 dicere
2503 667 2795 719 arbitretur
2836 676 2928 718 aut
2970 679 3155 717 amore
3199 679 3331 734 erga
3369 664 3568 729 virum,
3601 679 3697 720 aut

2121 758 2451 828 reliquorum
2481 745 2929 826 philosophorum
2951 755 3077 809 odio
3102 754 3283 824 (quos,
3309 754 3356 810 si
3384 755 3505 824 quis
3531 755 3692 835 alius,

2120 858 2175 904 et.
2199 864 2385 913 amare
2415 856 2634 917 propter
2672 862 2973 907 sermones,
3021 854 3074 901 et
3116 846 3340 900 laudare
3389 847 3504 917 ipse
3548 847 3696 917 volo,

2120 951 2178 997 et
2210 943 2347 997 alios
2379 941 2744 1016 pulcherrima
2783 942 2850 995 de
2888 940 3021 1011 ipsis
3064 941 3306 999 dicentes
3342 942 3571 999 audire:
3600 960 3697 999 ve-

2122 1051 2243 1090 rum
2267 1036 2383 1089 haec
2416 1035 2633 1088 illorum
2677 1035 2804 1091 talia
2850 1043 3000 1103 sunt,
3034 1044 3094 1089 ut
3144 1050 3358 1091 summa
3400 1037 3524 1090 inde
3563 1052 3699 1091 con-

2121 1127 2343 1181 tumelia
2376 1126 2444 1180 ab
2484 1126 2742 1179 omnibus
2773 1126 3166 1195 propemodum
3197 1126 3462 1182 atliciatur
3496 1132 3696 1181 nomen

2121 1218 2300 1288 ipsum
2347 1217 2739 1288 philosophiae;
2788 1228 2841 1275 et
2877 1234 2978 1289 ego
3023 1219 3244 1284 malim,
3295 1232 3444 1286 paene
3493 1218 3693 1285 dicam,

2122 1311 2409 1380 imperitus
2435 1311 2594 1380 plane
2622 1325 2766 1377 esse,
2800 1326 2963 1382 quam
3016 1312 3221 1381 aliquid
3251 1326 3439 1365 eorum
3484 1310 3699 1366 discere-

2121 1419 2244 1472 quae
2284 1403 2389 1473 ipsi
2421 1401 2777 1473 proﬁtentur;
2817 1404 2883 1457 ad
2916 1419 3056 1473 quos
3094 1403 3209 1473 ipse
3252 1402 3461 1472 reliqua
3498 1403 3552 1458 in
3582 1402 3695 1460 vita

2121 1493 2400 1560 accedere,
2432 1493 2715 1564 indignum
2745 1494 3039 1561 ducebam;
3071 1508 3353 1563 perperam
3385 1492 3619 1548 fortasse
3641 1492 3696 1547 id

2122 1583 2406 1655 sentiens).
2457 1584 2569 1640 Nec
2626 1601 2779 1653 vero,
2838 1585 3081 1656 inquam,
3138 1600 3225 1640 me
3278 1585 3566 1656 quisquam
3611 1584 3699 1640 vel

2122 1678 2305 1734 studio
2344 1679 2527 1748 aliquo
2566 1678 2824 1734 laudandi
2855 1678 2995 1745 viri,
3030 1679 3116 1733 vel
3162 1679 3272 1734 ullo
3312 1679 3367 1732 in
3408 1686 3707 1738 extraneos.

2122 1770 2479 1841 philosophos
2512 1772 2657 1837 odio,
2693 1772 2810 1826 haec
2839 1771 3020 1827 dicere
3069 1771 3409 1840 suspicetur;
3454 1770 3549 1826 sed
3594 1771 3701 1825 mi-

2080 1882 2257 1935 ,nora
2307 1869 2471 1923 etiam
2507 1868 2653 1924 illius
2697 1867 2876 1935 factis,
2919 1882 2989 1923 ne
3035 1867 3244 1925 adulari
3283 1867 3485 1931 videar,
3516 1865 3706 1922 dicere

2123 1959 2341 2027 credat;
2391 1974 2500 2013 non
2530 1962 2697 2015 verba
2741 1968 2797 2015 et
2838 1958 3082 2021 nomina.
3115 1957 3550 2027 artiﬁciosasque
3579 1957 3699 2012 lau-

2121 2048 2251 2103 dum
2280 2048 2599 2104 occasioncs
2630 2049 3043 2119 exquirentem;
3078 2047 3171 2117 qui
3217 2062 3284 2101 ne
3323 2047 3699 2103 adolescentu-

2122 2138 2209 2193 lus
2231 2138 2474 2208 quidem,
2503 2154 2626 2193 cum
2671 2139 2989 2209 popularem
3020 2139 3383 2210 eloquentiam
3411 2154 3443 2193 a
3483 2139 3703 2193 rhetore

2121 2230 2365 2296 docvrer,
2420 2230 2610 2286 laudes
2659 2231 2965 2301 cujuspiam
3009 2240 3202 2301 sponte
3247 2230 3498 2301 persequi
3540 2237 3697 2302 pote—

2123 2338 2261 2386 ram,
2295 2338 2417 2393 qum
2442 2339 2581 2377 verae
2615 2338 2721 2376 non
2749 2332 2955 2377 essent.
2986 2322 3167 2389 Quare
3197 2334 3373 2393 neque
3395 2308 3697 2377 nunc'sim-

2120 2414 2332 2483 pliciter
2355 2413 2578 2468 laudare
2608 2413 2923 2478 instituens,
2948 2414 3180 2488 aliorum
3204 2412 3699 2483 vituperationibus

2120 2505 2304 2560 extolli
2336 2496 2480 2559 hunc
2506 2514 2754 2575 oportere
2775 2506 3029 2561 arbitror.
3064 2504 3131 2559 Et
3153 2506 3271 2559 viro
3296 2511 3429 2559 sane
3458 2504 3696 2575 injurius

2121 2613 2320 2664 essem,
2348 2597 2393 2652 si
2421 2596 2653 2651 aliorum
2692 2597 2954 2664 vitiis,,ut
2995 2596 3174 2665 majus
3217 2594 3419 2664 aliquid
3470 2587 3698 2665 de'ipso

2121 2686 2302 2741 dicere
2334 2686 2583 2749 habeam,
2618 2686 2829 2739 beatam
2856 2686 2976 2755 ejus
3008 2686 3173 2740 vitam
3207 2684 3456 2747 conferre
3487 2685 3646 2739 velim
3676 2702 3694 2742 :

2121 2793 2231 2833 non
2263 2778 2544 2851 adeosum
2572 2793 2796 2843 amens;
2841 2779 2932 2833 sed
2969 2778 3116 2848 quod
3147 2772 3281 2832 mihi
3318 2777 3534 2844 accidit,
3577 2777 3705 2832 sine.

2120 2870 2229 2925 ulla
2279 2871 2625 2926 contentione
2668 2870 2926 2940 nulloque
2971 2870 3236 2925 orationis
3291 2867 3420 2925 fuco
3472 2868 3699 2925 conlita:-

2119 2960 2239 3016 hor.
2295 3003 2300 3008 .
2417 2976 2421 2982 '
2662 2969 2670 2977 ‘

2180 3118 2280 3183 XI.
2317 3119 2420 3175 Hic
2457 3121 2790 3191 meprimus
2830 3131 2895 3176 a‘c
2927 3120 3100 3187 solus,
3135 3129 3195 3181 ut
3226 3121 3538 3177 Graecorum
3572 3120 3697 3190 phis

2120 3210 2381 3281 losophiae
2414 3226 2634 3281 operam
2666 3211 2876 3276 darem,
2921 3211 3171 3266 hortatus
3207 3220 3322 3279 est;
3364 3210 3478 3265 suis
3521 3211 3696 3280 ipsius

2121 3304 2365 3359 moribus
2393 3300 2460 3358 ιη’
2478 3318 2691 3358 morum
2736 3302 3041 3357 doctrinam
3085 3311 3141 3359 et
3177 3303 3441 3358 discerem
3481 3310 3536 3356 et
3572 3318 3694 3355 am-

2117 3396 2380 3466 plecterer
2408 3395 2762 3466 persuadens,
2792 3376 3217 3464 haudquaquam
3249 3390 3429 3448 adhuc
3466 3393 3536 3448 ab
3571 3393 3694 3448 aliis

2116 3487 2456 3558 philosophis
2512 3502 2835 3557 persuasum
2900 3487 3139 3558 (rursus
3195 3485 3527 3555 conﬁteor),
3583 3500 3695 3541 non

2119 3586 2266 3633 recte
2312 3578 2365 3647 id
2410 3570 2803 3647 quidem,‘sed
2851 3575 2997 3631 malo
3045 3575 3436 3646 pr0pemodnm
3480 3584 3690 3632 nostro.

2117 3666 2233 3722 lmo
2266 3682 2394 3723 vero
2438 3682 2546 3722 non
2596 3667 2653 3722 in
2696 3667 2897 3723 multos
2939 3666 3205 3737 principio
3250 3666 3451 3735 incidi;
3499 3666 3593 3721 sed
3635 3666 3693 3721 in

2117 3777 2323 3831 paucos
2346 3762 2612 3831 quosdam
2634 3801 2650 3824 ,
2691 3761 2785 3832 qui
2830 3762 3086 3819 doctores
3129 3775 3248 3814 sese
3280 3760 3690 3830 profiterentur;

2118 3850 2211 3905 sed
2263 3850 2456 3925 omnes
2501 3851 2792 3906 verborum
2841 3860 2999 3908 tenus
3045 3853 3447 3923 philosophiam
3486 3852 3694 3905 consti-

2115 3951 2352 4015 tuerent.
2400 3941 2499 3997 Hic
2534 3958 2663 3997 vero
2710 3958 2798 3999 me
2839 3945 3051 4014 primus
3095 3946 3257 4000 etiam
3292 3942 3474 3997 verbis
3518 3942 3693 4009 philo-

2117 4034 2337 4103 sophari
2370 4035 2622 4089 hortatus
2664 4044 2780 4100 est,
2817 4051 2940 4090 cum
2983 4034 3141 4090 factis
3180 4034 3466 4089 verborum
3496 4033 3692 4087 cohor.

2116 4128 2379 4182 tationem
2405 4125 2797 4197 praevertisset,
2829 4140 2938 4180 non
2963 4127 3125 4181 verba
3153 4124 3527 4180 tantummodo
3550 4139 3691 4193 prae-

2073 4242 2083 4250 ~
2116 4218 2374 4274 meditata
2418 4218 2818 4288 pronuntians;
2863 4218 2996 4288 quin
3031 4232 3100 4272 ne
3136 4218 3314 4286 eloqui
3350 4216 3564 4287 quidem
3606 4215 3687 4270 din
3743 4222 3746 4224 ⁷

2116 4327 2283 4383 gnum
2330 4319 2567 4382 putans,
2617 4310 2724 4365 nisi
2767 4324 2906 4381 puro
2957 4298 3120 4380 atque
3170 4310 3384 4364 sincero
3436 4302 3491 4364 et
3544 4308 3688 4363 dicta

2116 4406 2235 4476 ipsa
2265 4403 2491 4475 exsequi
2528 4403 2779 4458 studente
2823 4404 3007 4456 animo
3044 4401 3097 4455 id
3139 4400 3372 4468 faceret;
3417 4401 3691 4469 talemque

2118 4513 2177 4553 se
2223 4498 2398 4568 ipsum
2437 4496 2681 4567 praebere
2725 4502 3036 4558 conaretur,
3083 4494 3299 4563 qualem
3337 4492 3518 4547 verbis
3559 4506 3687 4546 eum

2116 4591 2208 4660 qui
2234 4600 2377 4645 recte
2402 4591 2645 4647 victurus
2674 4587 2770 4653 sit,
2803 4586 3168 4653 describebat;
3198 4586 3502 4657 exemplum
3532 4600 3685 4653 sane,

2115 4684 2296 4740 dicere
2335 4683 2515 4748 volui,
2549 4697 2858 4752 proponens
2902 4680 3181 4749 sapientis.
3231 4679 3337 4735 Sed
3384 4679 3511 4751 quia
3547 4680 3688 4735 veri-

2115 4782 2281 4829 tatem
2334 4774 2528 4837 nobis,
2577 4788 2687 4827 non
2736 4787 2990 4842 pompam
3018 4780 3096 4828 et
3136 4780 3391 4835 ornatum
3436 4771 3688 4843 promisit

2114 4867 2290 4922 oratio
2340 4866 2396 4920 in
2452 4865 2708 4934 exordio,
2765 4865 3070 4935 exemplum
3117 4865 3337 4937 quidem
3384 4864 3537 4920 illum
3592 4880 3684 4919 sa-

2114 4977 2527 5051 dum__&<ppa(yw
2565 4977 2683 5051 μέν.

2186 5048 2297 5121 (95)
2331 5044 2894 5121 ’ᾙμῒννὸὺλὶενοῦκ
2938 5048 3099 5121 Ἡμῖν
3122 5057 3381 5121 construe
3402 5060 3524 5100 cum
3558 5044 3683 5121 δυσ-

2113 5115 2310 5191 τυχῶς.
2348 5115 2438 5174 Sic
2468 5115 2860 5191 superlitscap.
2889 5136 2941 5181 ν,
2979 5115 3081 5191 sub
3113 5117 3296 5191 ﬁnem,
3327 5115 3682 5191 σωτηριωδιῖις

2112 5184 2278 5261 ἡμῖν⁹
2319 5197 2374 5243 et
2420 5184 2554 5261 cap:
2582 5189 2643 5252 7,
2690 5184 2837 5244 circa
2873 5190 3108 5261 medium
3135 5228 3176 5261 ,_
3201 5184 3486 5261 δυσχερεῖς
3524 5185 3677 5253 ἡμῖν.

2121 5253 2339 5315 Veteres
2360 5253 2647 5323 editiones,
2676 5275 2800 5314 cum
2828 5274 3032 5327 nupera
3057 5253 3374 5319 Parisiensi,
3395 5253 3679 5327 o6uevouv,

2113 5341 2175 5404 ut
2200 5330 2353 5404 multi
2384 5329 2623 5404 scribere
2659 5330 2875 5404 sole_nt_:
2912 5325 3075 5404 idque
3096 5341 3243 5404 _cum
3275 5325 3554 5404 superiore
3586 5340 3682 5404 pe-

2115 5401 2270 5455 riodo
2310 5400 2689 5471 coniungunt.
2752 5398 2858 5471 Sed
2913 5395 3305 5471 CaSaubOIIIis,
3338 5395 3421 5471 _06
3454 5395 3686 5471 μενούν.

2113 5471 2236 5525 οὐδὲ
2268 5469 2385 5532 πλ.,
2412 5465 2572 5537 cujus
2597 5470 2919 5524 sententiam
2956 5466 3300 5537 conﬁrmabit
3335 5465 3595 5537 Devarius
3622 5466 3681 5521 in

2115 5540 2385 5611 particula
2419 5534 2538 5610 μέν,
2564 5555 2686 5608 pag.
2720 5538 2821 5594 127
2848 5537 2977 5591 edit.
3019 5535 3177 5589 Rom.
3214 5534 3403 5606 Itaque
3438 5536 3498 5587 06
3526 5534 3685 5660 §ante

2118 5610 2331 5660 αενοῦν)
2376 5625 2500 5660 cum
2558 5610 2922 5660 subseouente
2953 5606 3073 5659 οὐδέ
3118 5607 3492 5660 pleonasmum
3550 5605 3679 5660 acit.

2117 5605 2335 5683 μενοῦν)
2376 5605 2500 5664 cum
2558 5605 3073 5683 subsequenteoﬁaqs
3118 5605 3492 5674 pleonasmum
3526 5605 3679 5667 facit.

2115 5676 2175 5736 ut
2211 5676 2375 5750 paulo
2405 5688 2530 5735 ante
2553 5679 2614 5750 οὐ
2649 5676 2828 5750 τοίνυν
2853 5677 2994 5750 οὐδέ.
3026 5676 3255 5750 Benene.

2183 5746 2298 5823 (96)
2337 5750 2524 5806 Ποιοῐ.
2553 5748 2707 5820 Legit
2735 5748 3036 5823 liengclius
3056 5746 3244 5823 ποιῶν.

2184 5815 2299 5896 (97)
2336 5824 2532 5879 Καίτοι
2562 5815 2693 5890 re?"
2727 5815 2882 5877 εἷναί
2905 5836 2975 5892 ,τε
3007 5815 3245 5888 ἀληθές.
3279 5819 3353 5875 Τε
3402 5834 3507 5893 per.
3536 5817 3679 5890 pleo-
