  <div class='ocr_page' id='page_1' title='image "/cluster/home/n/w/nwhite01/storage/ocr_20150623/10/coo.31924054872894/554.png"; bbox 0 0 4100 6398; ppageno 0'>
   <div class='ocr_carea' id='block_1_1' title="bbox 437 413 3686 498">
    <p class='ocr_par' dir='ltr' id='par_1_1' title="bbox 437 413 3686 498">
     <span class='ocr_line' id='line_1_1' title="bbox 437 413 3686 498; baseline -0.003 -18"><span class='ocrx_word' id='word_1_1' title='bbox 437 422 584 480; x_wconf 64' lang='lat'><strong>‘2085</strong></span> <span class='ocrx_word' id='word_1_2' title='bbox 1408 418 1482 474; x_wconf 83' lang='grc' dir='ltr'>ΙΝ</span> <span class='ocrx_word' id='word_1_3' title='bbox 1519 417 1879 498; x_wconf 30' lang='lat' dir='ltr'><strong>ORI‘GENEM</strong></span> <span class='ocrx_word' id='word_1_4' title='bbox 1911 419 2173 477; x_wconf 82' lang='lat' dir='ltr'><strong>ORATIO</strong></span> <span class='ocrx_word' id='word_1_5' title='bbox 2211 417 2669 476; x_wconf 81' lang='lat' dir='ltr'><strong>PANEGYRICA.</strong></span> <span class='ocrx_word' id='word_1_6' title='bbox 3544 413 3686 470; x_wconf 72' lang='lat'><strong>1086</strong></span> 
     </span>
    </p>
   </div>
   <div class='ocr_carea' id='block_1_2' title="bbox 438 526 2020 609">
    <p class='ocr_par' dir='ltr' id='par_1_2' title="bbox 438 532 2010 609">
     <span class='ocr_line' id='line_1_2' title="bbox 438 532 2010 609; baseline -0.003 -17"><span class='ocrx_word' id='word_1_7' title='bbox 438 539 605 592; x_wconf 69' lang='grc' dir='ltr'>πὶσιν</span> <span class='ocrx_word' id='word_1_8' title='bbox 635 537 971 609; x_wconf 77' lang='grc' dir='ltr'><strong>ἐμμένοντας</strong></span> <span class='ocrx_word' id='word_1_9' title='bbox 1002 537 1121 599; x_wconf 84' lang='grc' dir='ltr'>ταῖς</span> <span class='ocrx_word' id='word_1_10' title='bbox 1149 532 1466 606; x_wconf 74' lang='grc' dir='ltr'><strong>εἰρημέναις</strong></span> <span class='ocrx_word' id='word_1_11' title='bbox 1495 534 1890 607; x_wconf 79' lang='grc' dir='ltr'>έπιτηδεύσεσι,</span> <span class='ocrx_word' id='word_1_12' title='bbox 1917 533 2010 587; x_wconf 74' lang='grc' dir='ltr'>καὶ</span> 
     </span>
    </p>
   </div>
   <div class='ocr_carea' id='block_1_3' title="bbox 2120 526 3684 609">
    <p class='ocr_par' dir='ltr' id='par_1_3' title="bbox 2120 526 3684 602">
     <span class='ocr_line' id='line_1_3' title="bbox 2120 526 3684 602; baseline -0.004 -15"><span class='ocrx_word' id='word_1_13' title='bbox 2120 531 2234 588; x_wconf 87' lang='lat' dir='ltr'><strong>Pari</strong></span> <span class='ocrx_word' id='word_1_14' title='bbox 2267 541 2445 588; x_wconf 85' lang='lat' dir='ltr'><strong>autem</strong></span> <span class='ocrx_word' id='word_1_15' title='bbox 2478 532 2640 588; x_wconf 90' lang='lat' dir='ltr'><strong>modo</strong></span> <span class='ocrx_word' id='word_1_16' title='bbox 2666 538 2722 586; x_wconf 90' lang='lat' dir='ltr'><strong>et</strong></span> <span class='ocrx_word' id='word_1_17' title='bbox 2743 537 3107 602; x_wconf 75' lang='lat' dir='ltr'><strong>temperanter</strong></span> <span class='ocrx_word' id='word_1_18' title='bbox 3129 529 3332 596; x_wconf 77' lang='lat' dir='ltr'><strong>vivere,</strong></span> <span class='ocrx_word' id='word_1_19' title='bbox 3355 536 3409 584; x_wconf 90' lang='lat' dir='ltr'><strong>et</strong></span> <span class='ocrx_word' id='word_1_20' title='bbox 3438 526 3684 584; x_wconf 76' lang='lat' dir='ltr'><strong>fortiter:</strong></span> 
     </span>
    </p>
   </div>
   <div class='ocr_carea' id='block_1_4' title="bbox 432 619 2020 697">
    <p class='ocr_par' dir='ltr' id='par_1_4' title="bbox 432 623 2012 692">
     <span class='ocr_line' id='line_1_4' title="bbox 432 623 2012 692; baseline -0.003 -10"><span class='ocrx_word' id='word_1_21' title='bbox 432 628 541 682; x_wconf 76' lang='grc' dir='ltr'><strong>οὐκ</strong></span> <span class='ocrx_word' id='word_1_22' title='bbox 598 628 1005 692; x_wconf 81' lang='grc' dir='ltr'><strong>ἀποπίπτοντας</strong></span> <span class='ocrx_word' id='word_1_23' title='bbox 1049 624 1160 680; x_wconf 76' lang='grc' dir='ltr'>οὗθ’</span> <span class='ocrx_word' id='word_1_24' title='bbox 1224 625 1484 689; x_wconf 78' lang='grc' dir='ltr'><strong>ἑκουσίως</strong></span> <span class='ocrx_word' id='word_1_25' title='bbox 1540 623 1654 678; x_wconf 73' lang='grc' dir='ltr'>οὗθ’</span> <span class='ocrx_word' id='word_1_26' title='bbox 1712 625 1815 679; x_wconf 82' lang='grc' dir='ltr'>ὑπό</span> <span class='ocrx_word' id='word_1_27' title='bbox 1869 641 2012 689; x_wconf 89' lang='grc' dir='ltr'>τινος</span> 
     </span>
    </p>
   </div>
   <div class='ocr_carea' id='block_1_5' title="bbox 2120 619 3687 697">
    <p class='ocr_par' dir='ltr' id='par_1_5' title="bbox 2120 619 3687 697">
     <span class='ocr_line' id='line_1_5' title="bbox 2120 619 3687 697; baseline -0.006 -15"><span class='ocrx_word' id='word_1_28' title='bbox 2120 633 2482 697; x_wconf 80' lang='lat' dir='ltr'><strong>temperanter</strong></span> <span class='ocrx_word' id='word_1_29' title='bbox 2511 624 2753 693; x_wconf 86' lang='lat' dir='ltr'><strong>quidem,</strong></span> <span class='ocrx_word' id='word_1_30' title='bbox 2781 623 2925 677; x_wconf 89' lang='lat' dir='ltr'><strong>hanc</strong></span> <span class='ocrx_word' id='word_1_31' title='bbox 2961 624 3135 692; x_wconf 84' lang='lat' dir='ltr'><strong>ipsam</strong></span> <span class='ocrx_word' id='word_1_32' title='bbox 3165 622 3361 676; x_wconf 80' lang='lat' dir='ltr'><strong>animae</strong></span> <span class='ocrx_word' id='word_1_33' title='bbox 3403 635 3464 675; x_wconf 86' lang='lat' dir='ltr'><strong>se</strong></span> <span class='ocrx_word' id='word_1_34' title='bbox 3510 619 3687 689; x_wconf 81' lang='lat' dir='ltr'><strong>ipsam</strong></span> 
     </span>
    </p>
   </div>
   <div class='ocr_carea' id='block_1_6' title="bbox 434 707 2020 790">
    <p class='ocr_par' dir='ltr' id='par_1_6' title="bbox 434 715 2012 790">
     <span class='ocr_line' id='line_1_6' title="bbox 434 715 2012 790; baseline -0.003 -17"><span class='ocrx_word' id='word_1_35' title='bbox 434 718 704 790; x_wconf 81' lang='grc' dir='ltr'><strong>ἀνάγκης,</strong></span> <span class='ocrx_word' id='word_1_36' title='bbox 734 719 1103 789; x_wconf 79' lang='grc' dir='ltr'><strong>φυλάσσοντας</strong></span> <span class='ocrx_word' id='word_1_37' title='bbox 1134 718 1191 772; x_wconf 78' lang='grc' dir='ltr'>δὲ</span> <span class='ocrx_word' id='word_1_38' title='bbox 1222 718 1313 771; x_wconf 72' lang='grc' dir='ltr'><strong>καὶ</strong></span> <span class='ocrx_word' id='word_1_39' title='bbox 1334 719 1622 789; x_wconf 82' lang='grc' dir='ltr'><strong>ἐγκρατεῖς</strong></span> <span class='ocrx_word' id='word_1_40' title='bbox 1654 716 1764 770; x_wconf 90' lang='grc' dir='ltr'><strong>τῶν</strong></span> <span class='ocrx_word' id='word_1_41' title='bbox 1791 715 2012 788; x_wconf 86' lang='grc' dir='ltr'>είρημέ-</span> 
     </span>
    </p>
   </div>
   <div class='ocr_carea' id='block_1_7' title="bbox 2120 707 3685 790">
    <p class='ocr_par' dir='ltr' id='par_1_7' title="bbox 2120 707 3685 786">
     <span class='ocr_line' id='line_1_7' title="bbox 2120 707 3685 786; baseline -0.008 -14"><span class='ocrx_word' id='word_1_42' title='bbox 2120 714 2515 786; x_wconf 83' lang='lat' dir='ltr'><strong>cognoscentis,</strong></span> <span class='ocrx_word' id='word_1_43' title='bbox 2539 714 2584 769; x_wconf 90' lang='lat' dir='ltr'><strong>si</strong></span> <span class='ocrx_word' id='word_1_44' title='bbox 2611 713 2831 783; x_wconf 87' lang='lat' dir='ltr'><strong>quando</strong></span> <span class='ocrx_word' id='word_1_45' title='bbox 2864 711 2914 765; x_wconf 87' lang='lat' dir='ltr'><strong>id</strong></span> <span class='ocrx_word' id='word_1_46' title='bbox 2942 711 2990 765; x_wconf 92' lang='lat' dir='ltr'><strong>ei</strong></span> <span class='ocrx_word' id='word_1_47' title='bbox 3017 711 3314 780; x_wconf 81' lang='lat' dir='ltr'><strong>contingat,</strong></span> <span class='ocrx_word' id='word_1_48' title='bbox 3340 707 3685 778; x_wconf 87' lang='lat' dir='ltr'><strong>prudentiam</strong></span> 
     </span>
    </p>
   </div>
   <div class='ocr_carea' id='block_1_8' title="bbox 432 799 2020 880">
    <p class='ocr_par' dir='ltr' id='par_1_8' title="bbox 432 803 2015 880">
     <span class='ocr_line' id='line_1_8' title="bbox 432 803 2015 880; baseline -0.003 -18"><span class='ocrx_word' id='word_1_49' title='bbox 432 820 545 862; x_wconf 76' lang='grc' dir='ltr'><strong>νων</strong></span> <span class='ocrx_word' id='word_1_50' title='bbox 562 826 576 839; x_wconf 85' lang='grc'><strong>·</strong></span> <span class='ocrx_word' id='word_1_51' title='bbox 612 810 707 864; x_wconf 76' lang='grc' dir='ltr'><strong>καὶ</strong></span> <span class='ocrx_word' id='word_1_52' title='bbox 736 808 939 880; x_wconf 88' lang='grc' dir='ltr'>ταύτην</span> <span class='ocrx_word' id='word_1_53' title='bbox 965 803 1103 862; x_wconf 84' lang='grc' dir='ltr'>εἶναι</span> <span class='ocrx_word' id='word_1_54' title='bbox 1137 806 1401 877; x_wconf 73' lang='grc' dir='ltr'>σώτειραν</span> <span class='ocrx_word' id='word_1_55' title='bbox 1423 823 1542 860; x_wconf 85' lang='grc' dir='ltr'>τινα</span> <span class='ocrx_word' id='word_1_56' title='bbox 1567 806 1662 860; x_wconf 55' lang='grc' dir='ltr'><strong>καὶ⁸</strong></span> <span class='ocrx_word' id='word_1_57' title='bbox 1689 804 1902 876; x_wconf 89' lang='grc' dir='ltr'>φύλακα</span> <span class='ocrx_word' id='word_1_58' title='bbox 1927 803 2015 857; x_wconf 88' lang='grc' dir='ltr'>δο-</span> 
     </span>
    </p>
   </div>
   <div class='ocr_carea' id='block_1_9' title="bbox 2120 799 3685 880">
    <p class='ocr_par' dir='ltr' id='par_1_9' title="bbox 2120 799 3685 873">
     <span class='ocr_line' id='line_1_9' title="bbox 2120 799 3685 873; baseline -0.008 -10"><span class='ocrx_word' id='word_1_59' title='bbox 2120 806 2521 873; x_wconf 86' lang='lat' dir='ltr'><strong>conservando;</strong></span> <span class='ocrx_word' id='word_1_60' title='bbox 2552 820 2674 860; x_wconf 87' lang='lat' dir='ltr'><strong>eam</strong></span> <span class='ocrx_word' id='word_1_61' title='bbox 2700 803 2845 859; x_wconf 90' lang='lat' dir='ltr'><strong>enim</strong></span> <span class='ocrx_word' id='word_1_62' title='bbox 2862 816 3081 857; x_wconf 85' lang='lat' dir='ltr'><strong>rursum</strong></span> <span class='ocrx_word' id='word_1_63' title='bbox 3105 816 3226 855; x_wconf 89' lang='lat' dir='ltr'><strong>esse</strong></span> <span class='ocrx_word' id='word_1_64' title='bbox 3249 799 3685 869; x_wconf 87' lang='lat' dir='ltr'><strong>temperantiam,</strong></span> 
     </span>
    </p>
   </div>
   <div class='ocr_carea' id='block_1_10' title="bbox 435 889 2020 973">
    <p class='ocr_par' dir='ltr' id='par_1_10' title="bbox 435 897 1513 973">
     <span class='ocr_line' id='line_1_10' title="bbox 435 897 1513 973; baseline -0.005 -18"><span class='ocrx_word' id='word_1_65' title='bbox 435 898 720 971; x_wconf 75' lang='grc' dir='ltr'>γματίζων</span> <span class='ocrx_word' id='word_1_66' title='bbox 742 897 907 955; x_wconf 81' lang='grc' dir='ltr'>οὖσαν</span> <span class='ocrx_word' id='word_1_67' title='bbox 939 900 1035 972; x_wconf 84' lang='grc' dir='ltr'>τὴν</span> <span class='ocrx_word' id='word_1_68' title='bbox 1063 900 1261 973; x_wconf 82' lang='grc' dir='ltr'>ἀρετὴν</span> <span class='ocrx_word' id='word_1_69' title='bbox 1291 897 1513 970; x_wconf 87' lang='grc' dir='ltr'>ταύτην.</span> 
     </span>
    </p>
   </div>
   <div class='ocr_carea' id='block_1_11' title="bbox 2120 889 3690 973">
    <p class='ocr_par' dir='ltr' id='par_1_11' title="bbox 2120 889 3690 971">
     <span class='ocr_line' id='line_1_11' title="bbox 2120 889 3690 971; baseline -0.008 -16"><span class='ocrx_word' id='word_1_70' title='bbox 2120 915 2238 971; x_wconf 62' lang='lat' dir='ltr'><strong>qua</strong></span> <span class='ocrx_word' id='word_1_71' title='bbox 2270 900 2429 970; x_wconf 87' lang='lat' dir='ltr'><strong>quasi</strong></span> <span class='ocrx_word' id='word_1_72' title='bbox 2453 897 2826 953; x_wconf 81' lang='lat' dir='ltr'><strong>conservatrix</strong></span> <span class='ocrx_word' id='word_1_73' title='bbox 2855 894 3103 966; x_wconf 69' lang='lat' dir='ltr'><strong>quaedam</strong></span> <span class='ocrx_word' id='word_1_74' title='bbox 3125 901 3210 949; x_wconf 90' lang='lat' dir='ltr'><strong>est</strong></span> <span class='ocrx_word' id='word_1_75' title='bbox 3235 892 3551 963; x_wconf 76' lang='lat' dir='ltr'><strong>prudentia;</strong></span> <span class='ocrx_word' id='word_1_76' title='bbox 3576 889 3690 944; x_wconf 88' lang='lat' dir='ltr'><strong>for-</strong></span> 
     </span>
    </p>
   </div>
   <div class='ocr_carea' id='block_1_12' title="bbox 434 981 3693 1062">
    <p class='ocr_par' dir='ltr' id='par_1_12' title="bbox 434 981 3693 1062">
     <span class='ocr_line' id='line_1_12' title="bbox 434 981 3693 1062; baseline -0.004 -16"><span class='ocrx_word' id='word_1_77' title='bbox 434 991 567 1055; x_wconf 63' lang='lat' dir='ltr'><strong>titer</strong></span> <span class='ocrx_word' id='word_1_78' title='bbox 590 1006 719 1047; x_wconf 92' lang='lat' dir='ltr'><strong>vero</strong></span> <span class='ocrx_word' id='word_1_79' title='bbox 749 992 806 1047; x_wconf 88' lang='lat' dir='ltr'><strong>in</strong></span> <span class='ocrx_word' id='word_1_80' title='bbox 850 992 1124 1062; x_wconf 79' lang='lat' dir='ltr'><strong>praedictis</strong></span> <span class='ocrx_word' id='word_1_81' title='bbox 1168 991 1425 1049; x_wconf 89' lang='lat' dir='ltr'><strong>omnibus</strong></span> <span class='ocrx_word' id='word_1_82' title='bbox 1468 989 1788 1047; x_wconf 85' lang='lat' dir='ltr'><strong>muneribus</strong></span> <span class='ocrx_word' id='word_1_83' title='bbox 1836 992 2199 1062; x_wconf 85' lang='lat' dir='ltr'><strong>persistendo,</strong></span> <span class='ocrx_word' id='word_1_84' title='bbox 2261 1008 2361 1049; x_wconf 89' lang='lat' dir='ltr'><strong>nec</strong></span> <span class='ocrx_word' id='word_1_85' title='bbox 2389 991 2593 1047; x_wconf 91' lang='lat' dir='ltr'><strong>abillis</strong></span> <span class='ocrx_word' id='word_1_86' title='bbox 2624 990 2711 1046; x_wconf 90' lang='lat' dir='ltr'><strong>vel</strong></span> <span class='ocrx_word' id='word_1_87' title='bbox 2767 996 2960 1060; x_wconf 83' lang='lat' dir='ltr'><strong>sponte</strong></span> <span class='ocrx_word' id='word_1_88' title='bbox 3002 988 3087 1042; x_wconf 91' lang='lat' dir='ltr'><strong>vel</strong></span> <span class='ocrx_word' id='word_1_89' title='bbox 3139 988 3191 1039; x_wconf 87' lang='lat' dir='ltr'><strong>vi</strong></span> <span class='ocrx_word' id='word_1_90' title='bbox 3247 984 3359 1039; x_wconf 90' lang='lat' dir='ltr'><strong>ulla</strong></span> <span class='ocrx_word' id='word_1_91' title='bbox 3389 981 3693 1039; x_wconf 74' lang='lat' dir='ltr'><strong>decidenda.</strong></span> 
     </span>
    </p>
   </div>
   <div class='ocr_carea' id='block_1_13' title="bbox 434 1079 3692 1155">
    <p class='ocr_par' dir='ltr' id='par_1_13' title="bbox 434 1079 3692 1155">
     <span class='ocr_line' id='line_1_13' title="bbox 434 1079 3692 1155; baseline -0.002 -15"><span class='ocrx_word' id='word_1_92' title='bbox 434 1083 906 1151; x_wconf 75' lang='lat' dir='ltr'><strong>autdeflectendo,</strong></span> <span class='ocrx_word' id='word_1_93' title='bbox 936 1085 1030 1141; x_wconf 85' lang='lat' dir='ltr'><strong>sed</strong></span> <span class='ocrx_word' id='word_1_94' title='bbox 1062 1085 1270 1153; x_wconf 87' lang='lat' dir='ltr'><strong>omnia,</strong></span> <span class='ocrx_word' id='word_1_95' title='bbox 1301 1093 1360 1141; x_wconf 91' lang='lat' dir='ltr'><strong>ut</strong></span> <span class='ocrx_word' id='word_1_96' title='bbox 1386 1084 1530 1141; x_wconf 88' lang='lat' dir='ltr'><strong>dicta</strong></span> <span class='ocrx_word' id='word_1_97' title='bbox 1558 1094 1710 1153; x_wconf 86' lang='lat' dir='ltr'><strong>sunt,</strong></span> <span class='ocrx_word' id='word_1_98' title='bbox 1755 1087 2033 1145; x_wconf 89' lang='lat' dir='ltr'><strong>mordicus</strong></span> <span class='ocrx_word' id='word_1_99' title='bbox 2069 1087 2447 1151; x_wconf 84' lang='lat' dir='ltr'><strong>observando;</strong></span> <span class='ocrx_word' id='word_1_100' title='bbox 2474 1085 2619 1140; x_wconf 88' lang='lat' dir='ltr'><strong>hanc</strong></span> <span class='ocrx_word' id='word_1_101' title='bbox 2653 1082 2852 1155; x_wconf 86' lang='lat' dir='ltr'><strong>quippe</strong></span> <span class='ocrx_word' id='word_1_102' title='bbox 2897 1079 3353 1138; x_wconf 86' lang='lat' dir='ltr'><strong>conservatricem</strong></span> <span class='ocrx_word' id='word_1_103' title='bbox 3399 1082 3455 1133; x_wconf 87' lang='lat' dir='ltr'><strong>et</strong></span> <span class='ocrx_word' id='word_1_104' title='bbox 3505 1084 3692 1133; x_wconf 91' lang='lat' dir='ltr'><strong>custo-</strong></span> 
     </span>
    </p>
   </div>
   <div class='ocr_carea' id='block_1_14' title="bbox 340 1176 1262 1237">
    <p class='ocr_par' dir='ltr' id='par_1_14' title="bbox 340 1176 1262 1237">
     <span class='ocr_line' id='line_1_14' title="bbox 340 1176 1262 1237; baseline 0 -5"><span class='ocrx_word' id='word_1_105' title='bbox 340 1230 349 1237; x_wconf 87' lang='grc'><strong>,</strong></span> <span class='ocrx_word' id='word_1_106' title='bbox 435 1177 562 1232; x_wconf 87' lang='lat' dir='ltr'><strong>dem</strong></span> <span class='ocrx_word' id='word_1_107' title='bbox 606 1176 854 1230; x_wconf 88' lang='lat' dir='ltr'><strong>virtutem</strong></span> <span class='ocrx_word' id='word_1_108' title='bbox 887 1192 1010 1232; x_wconf 89' lang='lat' dir='ltr'><strong>esse</strong></span> <span class='ocrx_word' id='word_1_109' title='bbox 1039 1178 1262 1234; x_wconf 89' lang='lat' dir='ltr'><strong>docens.</strong></span> 
     </span>
    </p>
   </div>
   <div class='ocr_carea' id='block_1_15' title="bbox 508 1244 2020 1339">
    <p class='ocr_par' dir='ltr' id='par_1_15' title="bbox 508 1244 2019 1339">
     <span class='ocr_line' id='line_1_15' title="bbox 508 1244 2019 1339; baseline 0.003 -21"><span class='ocrx_word' id='word_1_110' title='bbox 508 1265 607 1319; x_wconf 91' lang='lat' dir='ltr'><strong>lB&#39;.</strong></span> <span class='ocrx_word' id='word_1_111' title='bbox 646 1265 757 1318; x_wconf 73' lang='grc' dir='ltr'>Καὶ</span> <span class='ocrx_word' id='word_1_112' title='bbox 782 1264 920 1335; x_wconf 84' lang='grc' dir='ltr'>δῆτα</span> <span class='ocrx_word' id='word_1_113' title='bbox 951 1265 1193 1330; x_wconf 80' lang='grc' dir='ltr'><strong>δικαίους</strong></span> <span class='ocrx_word' id='word_1_114' title='bbox 1224 1266 1321 1337; x_wconf 84' lang='grc' dir='ltr'><strong>μὲν</strong></span> <span class='ocrx_word' id='word_1_115' title='bbox 1344 1266 1438 1321; x_wconf 79' lang='grc' dir='ltr'>καὶ</span> <span class='ocrx_word' id='word_1_116' title='bbox 1464 1267 1759 1339; x_wconf 82' lang='grc' dir='ltr'><strong>φρονίμους</strong></span> <span class='ocrx_word' id='word_1_117' title='bbox 1788 1269 1882 1322; x_wconf 75' lang='grc' dir='ltr'>καὶ</span> <span class='ocrx_word' id='word_1_118' title='bbox 1913 1244 2019 1337; x_wconf 49' lang='grc' dir='ltr'><strong>ἢν·</strong></span> 
     </span>
    </p>
   </div>
   <div class='ocr_carea' id='block_1_16' title="bbox 2120 1244 3691 1339">
    <p class='ocr_par' dir='ltr' id='par_1_16' title="bbox 2195 1262 3691 1337">
     <span class='ocr_line' id='line_1_16' title="bbox 2195 1262 3691 1337; baseline -0.003 -13"><span class='ocrx_word' id='word_1_119' title='bbox 2195 1267 2310 1324; x_wconf 80' lang='lat' dir='ltr'><strong>XII.</strong></span> <span class='ocrx_word' id='word_1_120' title='bbox 2350 1267 2416 1323; x_wconf 89' lang='lat' dir='ltr'><strong>Et</strong></span> <span class='ocrx_word' id='word_1_121' title='bbox 2467 1283 2599 1324; x_wconf 89' lang='lat' dir='ltr'><strong>sane</strong></span> <span class='ocrx_word' id='word_1_122' title='bbox 2645 1266 2828 1337; x_wconf 79' lang='lat' dir='ltr'><strong>iustos</strong></span> <span class='ocrx_word' id='word_1_123' title='bbox 2871 1264 3090 1336; x_wconf 89' lang='lat' dir='ltr'><strong>quidem</strong></span> <span class='ocrx_word' id='word_1_124' title='bbox 3139 1273 3192 1319; x_wconf 90' lang='lat' dir='ltr'><strong>et</strong></span> <span class='ocrx_word' id='word_1_125' title='bbox 3235 1262 3548 1335; x_wconf 87' lang='lat' dir='ltr'><strong>prudentes,</strong></span> <span class='ocrx_word' id='word_1_126' title='bbox 3594 1272 3691 1320; x_wconf 78' lang='lat' dir='ltr'><strong>aut</strong></span> 
     </span>
    </p>
   </div>
   <div class='ocr_carea' id='block_1_17' title="bbox 435 1354 2020 1435">
    <p class='ocr_par' dir='ltr' id='par_1_17' title="bbox 435 1357 2020 1435">
     <span class='ocr_line' id='line_1_17' title="bbox 435 1357 2020 1435; baseline 0.002 -24"><span class='ocrx_word' id='word_1_127' title='bbox 435 1357 717 1429; x_wconf 76' lang='grc' dir='ltr'>φρονας,ἣ</span> <span class='ocrx_word' id='word_1_128' title='bbox 749 1357 1023 1429; x_wconf 82' lang='grc' dir='ltr'>ἀνδρείους</span> <span class='ocrx_word' id='word_1_129' title='bbox 1052 1359 1201 1435; x_wconf 76' lang='grc' dir='ltr'>ἡμᾶς</span> <span class='ocrx_word' id='word_1_130' title='bbox 1232 1357 1337 1411; x_wconf 84' lang='grc' dir='ltr'>ὑπὸ</span> <span class='ocrx_word' id='word_1_131' title='bbox 1378 1358 1651 1431; x_wconf 85' lang='grc' dir='ltr'>ἡμετέρας</span> <span class='ocrx_word' id='word_1_132' title='bbox 1695 1358 2020 1433; x_wconf 81' lang='grc' dir='ltr'>βραδυτῆτος</span> 
     </span>
    </p>
   </div>
   <div class='ocr_carea' id='block_1_18' title="bbox 2120 1354 3690 1435">
    <p class='ocr_par' dir='ltr' id='par_1_18' title="bbox 2126 1354 3690 1432">
     <span class='ocr_line' id='line_1_18' title="bbox 2126 1354 3690 1432; baseline -0.004 -16"><span class='ocrx_word' id='word_1_133' title='bbox 2126 1368 2488 1432; x_wconf 83' lang='lat' dir='ltr'><strong>temperantes</strong></span> <span class='ocrx_word' id='word_1_134' title='bbox 2529 1357 2805 1428; x_wconf 84' lang='lat' dir='ltr'><strong>fortesque</strong></span> <span class='ocrx_word' id='word_1_135' title='bbox 2833 1370 2938 1410; x_wconf 91' lang='lat' dir='ltr'><strong>nos</strong></span> <span class='ocrx_word' id='word_1_136' title='bbox 2964 1370 3077 1426; x_wconf 63' lang='lat' dir='ltr'><strong>prae</strong></span> <span class='ocrx_word' id='word_1_137' title='bbox 3102 1354 3316 1425; x_wconf 81' lang='lat' dir='ltr'><strong>ignavia</strong></span> <span class='ocrx_word' id='word_1_138' title='bbox 3346 1370 3411 1410; x_wconf 90' lang='lat' dir='ltr'><strong>ac</strong></span> <span class='ocrx_word' id='word_1_139' title='bbox 3436 1355 3690 1410; x_wconf 80' lang='lat' dir='ltr'><strong>tarditate</strong></span> 
     </span>
    </p>
   </div>
   <div class='ocr_carea' id='block_1_19' title="bbox 440 1447 2015 1523">
    <p class='ocr_par' dir='ltr' id='par_1_19' title="bbox 440 1447 2015 1523">
     <span class='ocr_line' id='line_1_19' title="bbox 440 1447 2015 1523; baseline 0.003 -22"><span class='ocrx_word' id='word_1_140' title='bbox 440 1449 537 1502; x_wconf 78' lang='grc' dir='ltr'><strong>καὶ</strong></span> <span class='ocrx_word' id='word_1_141' title='bbox 580 1447 858 1519; x_wconf 88' lang='grc' dir='ltr'>νωχελίας,</span> <span class='ocrx_word' id='word_1_142' title='bbox 900 1448 995 1503; x_wconf 78' lang='grc' dir='ltr'><strong>καὶ</strong></span> <span class='ocrx_word' id='word_1_143' title='bbox 1026 1449 1198 1506; x_wconf 89' lang='grc' dir='ltr'>ταῦτα</span> <span class='ocrx_word' id='word_1_144' title='bbox 1234 1448 1383 1503; x_wconf 81' lang='grc' dir='ltr'>πάνυ</span> <span class='ocrx_word' id='word_1_145' title='bbox 1414 1449 1677 1515; x_wconf 85' lang='grc' dir='ltr'>σπεύδων,</span> <span class='ocrx_word' id='word_1_146' title='bbox 1710 1449 1793 1504; x_wconf 77' lang='grc' dir='ltr'>ἔτι</span> <span class='ocrx_word' id='word_1_147' title='bbox 1835 1451 2015 1523; x_wconf 84' lang='grc' dir='ltr'><strong>μέλλει</strong></span> 
     </span>
    </p>
   </div>
   <div class='ocr_carea' id='block_1_20' title="bbox 376 1537 2016 1611">
    <p class='ocr_par' dir='ltr' id='par_1_20' title="bbox 376 1537 2016 1611">
     <span class='ocr_line' id='line_1_20' title="bbox 376 1537 2016 1611; baseline 0.001 -19"><span class='ocrx_word' id='word_1_148' title='bbox 376 1553 381 1559; x_wconf 85' lang='lat'><strong>&#39;</strong></span> <span class='ocrx_word' id='word_1_149' title='bbox 436 1537 876 1609; x_wconf 72' lang='grc' dir='ltr'>καταστήσεσθαι</span> <span class='ocrx_word' id='word_1_150' title='bbox 905 1537 1047 1610; x_wconf 76' lang='grc' dir='ltr'>(οὔτε</span> <span class='ocrx_word' id='word_1_151' title='bbox 1079 1538 1318 1610; x_wconf 78' lang='grc' dir='ltr'>ἔχοντας,</span> <span class='ocrx_word' id='word_1_152' title='bbox 1341 1538 1465 1593; x_wconf 78' lang='grc' dir='ltr'>οὔτε</span> <span class='ocrx_word' id='word_1_153' title='bbox 1489 1537 1656 1609; x_wconf 84' lang='grc' dir='ltr'>ἐγγύς</span> <span class='ocrx_word' id='word_1_154' title='bbox 1675 1557 1762 1592; x_wconf 90' lang='grc' dir='ltr'><strong>πω</strong></span> <span class='ocrx_word' id='word_1_155' title='bbox 1793 1539 2016 1611; x_wconf 84' lang='grc' dir='ltr'>γενομέ-</span> 
     </span>
    </p>
   </div>
   <div class='ocr_carea' id='block_1_21' title="bbox 440 1630 2017 1709">
    <p class='ocr_par' dir='ltr' id='par_1_21' title="bbox 440 1630 2017 1709">
     <span class='ocr_line' id='line_1_21' title="bbox 440 1630 2017 1709; baseline 0.001 -23"><span class='ocrx_word' id='word_1_156' title='bbox 440 1648 585 1698; x_wconf 85' lang='grc' dir='ltr'>νους,</span> <span class='ocrx_word' id='word_1_157' title='bbox 604 1633 711 1686; x_wconf 84' lang='grc' dir='ltr'>οὐδ’</span> <span class='ocrx_word' id='word_1_158' title='bbox 733 1630 1047 1704; x_wconf 77' lang='grc' dir='ltr'>ἡστινοσοῦν</span> <span class='ocrx_word' id='word_1_159' title='bbox 1064 1631 1263 1704; x_wconf 85' lang='grc' dir='ltr'>ἀρετῆς</span> <span class='ocrx_word' id='word_1_160' title='bbox 1289 1630 1609 1704; x_wconf 80' lang='grc' dir='ltr'>ἀνθρώπων,</span> <span class='ocrx_word' id='word_1_161' title='bbox 1642 1632 1675 1705; x_wconf 80' lang='grc' dir='ltr'><strong>ἢ</strong></span> <span class='ocrx_word' id='word_1_162' title='bbox 1699 1631 1863 1697; x_wconf 89' lang='grc' dir='ltr'>θείας,</span> <span class='ocrx_word' id='word_1_163' title='bbox 1889 1634 2017 1709; x_wconf 88' lang='grc' dir='ltr'>πολ-</span> 
     </span>
    </p>
   </div>
   <div class='ocr_carea' id='block_1_22' title="bbox 436 1716 2013 1797">
    <p class='ocr_par' dir='ltr' id='par_1_22' title="bbox 436 1716 2013 1797">
     <span class='ocr_line' id='line_1_22' title="bbox 436 1716 2013 1797; baseline 0 -19"><span class='ocrx_word' id='word_1_164' title='bbox 436 1723 532 1778; x_wconf 83' lang='grc' dir='ltr'><strong>λοῦ</strong></span> <span class='ocrx_word' id='word_1_165' title='bbox 565 1741 633 1793; x_wconf 77' lang='grc' dir='ltr'>γε</span> <span class='ocrx_word' id='word_1_166' title='bbox 658 1724 755 1777; x_wconf 88' lang='grc' dir='ltr'>δεῖ·</span> <span class='ocrx_word' id='word_1_167' title='bbox 790 1716 950 1778; x_wconf 75' lang='grc' dir='ltr'>αὗται</span> <span class='ocrx_word' id='word_1_168' title='bbox 991 1724 1100 1796; x_wconf 84' lang='grc' dir='ltr'><strong>γὰρ</strong></span> <span class='ocrx_word' id='word_1_169' title='bbox 1136 1723 1387 1795; x_wconf 86' lang='grc' dir='ltr'>μέγισται</span> <span class='ocrx_word' id='word_1_170' title='bbox 1421 1724 1516 1777; x_wconf 77' lang='grc' dir='ltr'><strong>καὶ</strong></span> <span class='ocrx_word' id='word_1_171' title='bbox 1554 1723 1774 1797; x_wconf 77' lang='grc' dir='ltr'>ὑψηλαί·</span> <span class='ocrx_word' id='word_1_172' title='bbox 1807 1726 1900 1778; x_wconf 79' lang='grc' dir='ltr'>καὶ</span> <span class='ocrx_word' id='word_1_173' title='bbox 1921 1725 2013 1778; x_wconf 84' lang='grc' dir='ltr'>οὑ-</span> 
     </span>
    </p>
   </div>
   <div class='ocr_carea' id='block_1_23' title="bbox 434 1814 2013 1888">
    <p class='ocr_par' dir='ltr' id='par_1_23' title="bbox 434 1814 2013 1888">
     <span class='ocr_line' id='line_1_23' title="bbox 434 1814 2013 1888; baseline 0.001 -20"><span class='ocrx_word' id='word_1_174' title='bbox 434 1816 634 1887; x_wconf 82' lang='grc' dir='ltr'>δετέρα</span> <span class='ocrx_word' id='word_1_175' title='bbox 652 1815 880 1886; x_wconf 80' lang='grc' dir='ltr'><strong>ληπτέα,</strong></span> <span class='ocrx_word' id='word_1_176' title='bbox 906 1815 1026 1869; x_wconf 83' lang='grc' dir='ltr'>οὐδὲ</span> <span class='ocrx_word' id='word_1_177' title='bbox 1054 1814 1132 1886; x_wconf 84' lang='grc' dir='ltr'><strong>τῷ</strong></span> <span class='ocrx_word' id='word_1_178' title='bbox 1158 1817 1341 1887; x_wconf 85' lang='grc' dir='ltr'>τυχεῖν</span> <span class='ocrx_word' id='word_1_179' title='bbox 1375 1814 1473 1886; x_wconf 72' lang='grc'><strong>(4),</strong></span> <span class='ocrx_word' id='word_1_180' title='bbox 1521 1816 1628 1887; x_wconf 83' lang='grc' dir='ltr'>ὅτῳ</span> <span class='ocrx_word' id='word_1_181' title='bbox 1678 1816 1751 1888; x_wconf 85' lang='grc' dir='ltr'>μὴ</span> <span class='ocrx_word' id='word_1_182' title='bbox 1790 1816 1922 1880; x_wconf 81' lang='grc' dir='ltr'>Θεός</span> <span class='ocrx_word' id='word_1_183' title='bbox 1948 1834 2013 1886; x_wconf 88' lang='grc' dir='ltr'>γε</span> 
     </span>
    </p>
   </div>
   <div class='ocr_carea' id='block_1_24' title="bbox 2120 1447 3691 1522">
    <p class='ocr_par' dir='ltr' id='par_1_24' title="bbox 2120 1447 3691 1522">
     <span class='ocr_line' id='line_1_24' title="bbox 2120 1447 3691 1522; baseline -0.003 -14"><span class='ocrx_word' id='word_1_184' title='bbox 2120 1463 2329 1519; x_wconf 89' lang='lat' dir='ltr'><strong>nostra,</strong></span> <span class='ocrx_word' id='word_1_185' title='bbox 2360 1450 2613 1522; x_wconf 90' lang='lat' dir='ltr'><strong>quamvis</strong></span> <span class='ocrx_word' id='word_1_186' title='bbox 2639 1463 2859 1505; x_wconf 88' lang='lat' dir='ltr'><strong>omnem</strong></span> <span class='ocrx_word' id='word_1_187' title='bbox 2891 1448 3175 1503; x_wconf 91' lang='lat' dir='ltr'><strong>adhiberet</strong></span> <span class='ocrx_word' id='word_1_188' title='bbox 3194 1462 3436 1518; x_wconf 89' lang='lat' dir='ltr'><strong>operam,</strong></span> <span class='ocrx_word' id='word_1_189' title='bbox 3463 1447 3691 1504; x_wconf 87' lang='lat' dir='ltr'><strong>reddere</strong></span> 
     </span>
    </p>
   </div>
   <div class='ocr_carea' id='block_1_25' title="bbox 2121 1538 3691 1612">
    <p class='ocr_par' dir='ltr' id='par_1_25' title="bbox 2121 1538 3691 1612">
     <span class='ocr_line' id='line_1_25' title="bbox 2121 1538 3691 1612; baseline -0.003 -15"><span class='ocrx_word' id='word_1_190' title='bbox 2121 1543 2365 1597; x_wconf 89' lang='lat' dir='ltr'><strong>nondum</strong></span> <span class='ocrx_word' id='word_1_191' title='bbox 2395 1541 2603 1612; x_wconf 87' lang='lat' dir='ltr'><strong>potuit;</strong></span> <span class='ocrx_word' id='word_1_192' title='bbox 2633 1539 2727 1611; x_wconf 90' lang='lat' dir='ltr'><strong>qui</strong></span> <span class='ocrx_word' id='word_1_193' title='bbox 2750 1554 2852 1594; x_wconf 90' lang='lat' dir='ltr'><strong>nec</strong></span> <span class='ocrx_word' id='word_1_194' title='bbox 2881 1539 3168 1601; x_wconf 88' lang='lat' dir='ltr'><strong>habemus,</strong></span> <span class='ocrx_word' id='word_1_195' title='bbox 3195 1555 3296 1597; x_wconf 89' lang='lat' dir='ltr'><strong>nec</strong></span> <span class='ocrx_word' id='word_1_196' title='bbox 3318 1555 3485 1609; x_wconf 86' lang='lat' dir='ltr'><strong>prope</strong></span> <span class='ocrx_word' id='word_1_197' title='bbox 3510 1538 3691 1595; x_wconf 88' lang='lat' dir='ltr'><strong>adhuc</strong></span> 
     </span>
    </p>
   </div>
   <div class='ocr_carea' id='block_1_26' title="bbox 2121 1629 3688 1705">
    <p class='ocr_par' dir='ltr' id='par_1_26' title="bbox 2121 1629 3688 1705">
     <span class='ocr_line' id='line_1_26' title="bbox 2121 1629 3688 1705; baseline -0.001 -18"><span class='ocrx_word' id='word_1_198' title='bbox 2121 1634 2402 1705; x_wconf 85' lang='lat' dir='ltr'><strong>attigimus</strong></span> <span class='ocrx_word' id='word_1_199' title='bbox 2427 1632 2596 1688; x_wconf 86' lang='lat' dir='ltr'><strong>ullam</strong></span> <span class='ocrx_word' id='word_1_200' title='bbox 2639 1629 2892 1685; x_wconf 87' lang='lat' dir='ltr'><strong>virtutem</strong></span> <span class='ocrx_word' id='word_1_201' title='bbox 2943 1631 3248 1696; x_wconf 88' lang='lat' dir='ltr'><strong>hominum,</strong></span> <span class='ocrx_word' id='word_1_202' title='bbox 3292 1640 3387 1686; x_wconf 91' lang='lat' dir='ltr'><strong>aut</strong></span> <span class='ocrx_word' id='word_1_203' title='bbox 3424 1632 3688 1697; x_wconf 89' lang='lat' dir='ltr'><strong>divinam,</strong></span> 
     </span>
    </p>
   </div>
   <div class='ocr_carea' id='block_1_27' title="bbox 2118 1725 3691 1797">
    <p class='ocr_par' dir='ltr' id='par_1_27' title="bbox 2118 1725 3691 1797">
     <span class='ocr_line' id='line_1_27' title="bbox 2118 1725 3691 1797; baseline 0 -17"><span class='ocrx_word' id='word_1_204' title='bbox 2118 1726 2553 1797; x_wconf 76' lang='lat' dir='ltr'><strong>longissimeque</strong></span> <span class='ocrx_word' id='word_1_205' title='bbox 2580 1728 2844 1785; x_wconf 89' lang='lat' dir='ltr'><strong>absumus</strong></span> <span class='ocrx_word' id='word_1_206' title='bbox 2875 1747 2888 1783; x_wconf 90' lang='lat'><strong>:</strong></span> <span class='ocrx_word' id='word_1_207' title='bbox 2920 1742 3044 1782; x_wconf 88' lang='lat' dir='ltr'><strong>nam</strong></span> <span class='ocrx_word' id='word_1_208' title='bbox 3078 1726 3330 1780; x_wconf 73' lang='lat' dir='ltr'><strong>maximae</strong></span> <span class='ocrx_word' id='word_1_209' title='bbox 3359 1734 3488 1781; x_wconf 90' lang='lat' dir='ltr'><strong>sunt</strong></span> <span class='ocrx_word' id='word_1_210' title='bbox 3510 1725 3614 1779; x_wconf 65' lang='lat' dir='ltr'><strong>illae</strong></span> <span class='ocrx_word' id='word_1_211' title='bbox 3635 1733 3691 1780; x_wconf 86' lang='lat' dir='ltr'><strong>et</strong></span> 
     </span>
    </p>
   </div>
   <div class='ocr_carea' id='block_1_28' title="bbox 2119 1815 3694 1891">
    <p class='ocr_par' dir='ltr' id='par_1_28' title="bbox 2119 1815 3694 1891">
     <span class='ocr_line' id='line_1_28' title="bbox 2119 1815 3694 1891; baseline -0.001 -18"><span class='ocrx_word' id='word_1_212' title='bbox 2119 1820 2369 1882; x_wconf 77' lang='lat' dir='ltr'><strong>excelsae,</strong></span> <span class='ocrx_word' id='word_1_213' title='bbox 2402 1828 2456 1874; x_wconf 90' lang='lat' dir='ltr'><strong>et</strong></span> <span class='ocrx_word' id='word_1_214' title='bbox 2498 1829 2695 1875; x_wconf 89' lang='lat' dir='ltr'><strong>neutra</strong></span> <span class='ocrx_word' id='word_1_215' title='bbox 2741 1818 3048 1891; x_wconf 85' lang='lat' dir='ltr'><strong>comparari</strong></span> <span class='ocrx_word' id='word_1_216' title='bbox 3094 1826 3293 1888; x_wconf 90' lang='lat' dir='ltr'><strong>potest,</strong></span> <span class='ocrx_word' id='word_1_217' title='bbox 3334 1817 3575 1887; x_wconf 88' lang='lat' dir='ltr'><strong>nullique</strong></span> <span class='ocrx_word' id='word_1_218' title='bbox 3606 1815 3694 1872; x_wconf 75' lang='lat' dir='ltr'><strong>fas</strong></span> 
     </span>
    </p>
   </div>
   <div class='ocr_carea' id='block_1_29' title="bbox 440 1907 2020 1981">
    <p class='ocr_par' dir='ltr' id='par_1_29' title="bbox 440 1907 2020 1980">
     <span class='ocr_line' id='line_1_29' title="bbox 440 1907 2020 1980; baseline 0 -18"><span class='ocrx_word' id='word_1_219' title='bbox 440 1909 669 1979; x_wconf 75' lang='grc' dir='ltr'><strong>ἐμπνέοι</strong></span> <span class='ocrx_word' id='word_1_220' title='bbox 706 1907 952 1979; x_wconf 87' lang='grc' dir='ltr'>δύναμιν.</span> <span class='ocrx_word' id='word_1_221' title='bbox 997 1908 1188 1980; x_wconf 83' lang='grc' dir='ltr'>Ἡμεῖς</span> <span class='ocrx_word' id='word_1_222' title='bbox 1230 1925 1291 1961; x_wconf 88' lang='grc' dir='ltr'><strong>τε</strong></span> <span class='ocrx_word' id='word_1_223' title='bbox 1320 1907 1443 1961; x_wconf 78' lang='grc' dir='ltr'>οὔτε</span> <span class='ocrx_word' id='word_1_224' title='bbox 1491 1907 1816 1980; x_wconf 83' lang='grc' dir='ltr'>πεφύκαμεν</span> <span class='ocrx_word' id='word_1_225' title='bbox 1848 1908 2020 1973; x_wconf 72' lang='grc' dir='ltr'>οὕτως</span> 
     </span>
    </p>
   </div>
   <div class='ocr_carea' id='block_1_30' title="bbox 2120 1907 3692 1981">
    <p class='ocr_par' dir='ltr' id='par_1_30' title="bbox 2120 1908 3692 1981">
     <span class='ocr_line' id='line_1_30' title="bbox 2120 1908 3692 1981; baseline -0.001 -15"><span class='ocrx_word' id='word_1_226' title='bbox 2120 1920 2205 1966; x_wconf 90' lang='lat' dir='ltr'><strong>est</strong></span> <span class='ocrx_word' id='word_1_227' title='bbox 2229 1913 2514 1981; x_wconf 88' lang='lat' dir='ltr'><strong>consequi,</strong></span> <span class='ocrx_word' id='word_1_228' title='bbox 2542 1911 2648 1967; x_wconf 90' lang='lat' dir='ltr'><strong>nisi</strong></span> <span class='ocrx_word' id='word_1_229' title='bbox 2675 1922 2819 1967; x_wconf 87' lang='lat' dir='ltr'><strong>certe</strong></span> <span class='ocrx_word' id='word_1_230' title='bbox 2850 1912 2938 1966; x_wconf 88' lang='lat' dir='ltr'><strong>cui</strong></span> <span class='ocrx_word' id='word_1_231' title='bbox 2968 1910 3111 1967; x_wconf 89' lang='lat' dir='ltr'><strong>Deus</strong></span> <span class='ocrx_word' id='word_1_232' title='bbox 3135 1910 3474 1979; x_wconf 87' lang='lat' dir='ltr'><strong>aspiraverit.</strong></span> <span class='ocrx_word' id='word_1_233' title='bbox 3501 1908 3568 1963; x_wconf 86' lang='lat' dir='ltr'><strong>Et</strong></span> <span class='ocrx_word' id='word_1_234' title='bbox 3588 1925 3692 1964; x_wconf 85' lang='lat' dir='ltr'><strong>nos</strong></span> 
     </span>
    </p>
   </div>
   <div class='ocr_carea' id='block_1_31' title="bbox 443 1996 2019 2073">
    <p class='ocr_par' dir='ltr' id='par_1_31' title="bbox 443 1996 2019 2073">
     <span class='ocr_line' id='line_1_31' title="bbox 443 1996 2019 2073; baseline 0.001 -20"><span class='ocrx_word' id='word_1_235' title='bbox 443 2001 784 2073; x_wconf 78' lang='grc' dir='ltr'>ἐπιτηδείως,</span> <span class='ocrx_word' id='word_1_236' title='bbox 830 1999 954 2054; x_wconf 79' lang='grc' dir='ltr'>οὔτε</span> <span class='ocrx_word' id='word_1_237' title='bbox 999 2001 1093 2053; x_wconf 74' lang='grc' dir='ltr'>καὶ</span> <span class='ocrx_word' id='word_1_238' title='bbox 1135 2000 1273 2067; x_wconf 72' lang='grc' dir='ltr'>ἄξιοι</span> <span class='ocrx_word' id='word_1_239' title='bbox 1308 1996 1761 2073; x_wconf 56' lang='grc' dir='ltr'>εἶναινὲπιτυχεῖν</span> <span class='ocrx_word' id='word_1_240' title='bbox 1808 2002 2019 2056; x_wconf 80' lang='grc' dir='ltr'>οὐδέπω</span> 
     </span>
    </p>
   </div>
   <div class='ocr_carea' id='block_1_32' title="bbox 436 2091 2018 2164">
    <p class='ocr_par' dir='ltr' id='par_1_32' title="bbox 436 2091 2018 2164">
     <span class='ocr_line' id='line_1_32' title="bbox 436 2091 2018 2164; baseline 0 -18"><span class='ocrx_word' id='word_1_241' title='bbox 436 2091 908 2162; x_wconf 70' lang='grc' dir='ltr'>ὁμολογοῦμεν·ού</span> <span class='ocrx_word' id='word_1_242' title='bbox 944 2092 1261 2163; x_wconf 80' lang='grc' dir='ltr'>ποιήσαντες</span> <span class='ocrx_word' id='word_1_243' title='bbox 1292 2092 1404 2146; x_wconf 78' lang='grc' dir='ltr'>ἀπὸ</span> <span class='ocrx_word' id='word_1_244' title='bbox 1437 2092 1705 2164; x_wconf 80' lang='grc' dir='ltr'>ῥᾳθυμίας</span> <span class='ocrx_word' id='word_1_245' title='bbox 1736 2093 1830 2146; x_wconf 74' lang='grc' dir='ltr'>καὶ</span> <span class='ocrx_word' id='word_1_246' title='bbox 1854 2091 2018 2146; x_wconf 87' lang='grc' dir='ltr'>ἀσθε-</span> 
     </span>
    </p>
   </div>
   <div class='ocr_carea' id='block_1_33' title="bbox 435 2183 2017 2258">
    <p class='ocr_par' dir='ltr' id='par_1_33' title="bbox 435 2183 2017 2258">
     <span class='ocr_line' id='line_1_33' title="bbox 435 2183 2017 2258; baseline 0.001 -20"><span class='ocrx_word' id='word_1_247' title='bbox 435 2185 596 2249; x_wconf 84' lang='grc' dir='ltr'>νείας</span> <span class='ocrx_word' id='word_1_248' title='bbox 624 2184 824 2249; x_wconf 83' lang='grc' dir='ltr'>πάντα,</span> <span class='ocrx_word' id='word_1_249' title='bbox 869 2183 1012 2256; x_wconf 77' lang='grc' dir='ltr'>ἀπερ</span> <span class='ocrx_word' id='word_1_250' title='bbox 1059 2184 1185 2248; x_wconf 81' lang='grc' dir='ltr'>τοὺς</span> <span class='ocrx_word' id='word_1_251' title='bbox 1230 2183 1339 2238; x_wconf 87' lang='grc' dir='ltr'><strong>τῶν</strong></span> <span class='ocrx_word' id='word_1_252' title='bbox 1385 2185 1621 2258; x_wconf 79' lang='grc' dir='ltr'>ἀρίστων</span> <span class='ocrx_word' id='word_1_253' title='bbox 1679 2187 2017 2258; x_wconf 80' lang='grc' dir='ltr'>ἐφιεμένους,</span> 
     </span>
    </p>
   </div>
   <div class='ocr_carea' id='block_1_34' title="bbox 352 2273 2016 2348">
    <p class='ocr_par' dir='ltr' id='par_1_34' title="bbox 352 2273 2016 2348">
     <span class='ocr_line' id='line_1_34' title="bbox 352 2273 2016 2348; baseline 0.001 -18"><span class='ocrx_word' id='word_1_254' title='bbox 352 2342 355 2345; x_wconf 20' lang='grc' dir='ltr'>ν</span> <span class='ocrx_word' id='word_1_255' title='bbox 442 2275 537 2330; x_wconf 72' lang='grc' dir='ltr'><strong>καὶ</strong></span> <span class='ocrx_word' id='word_1_256' title='bbox 568 2275 635 2330; x_wconf 84' lang='grc' dir='ltr'>τὰ</span> <span class='ocrx_word' id='word_1_257' title='bbox 682 2274 863 2329; x_wconf 87' lang='grc' dir='ltr'>τέλεια</span> <span class='ocrx_word' id='word_1_258' title='bbox 901 2274 1215 2346; x_wconf 84' lang='grc' dir='ltr'>μνωμένους</span> <span class='ocrx_word' id='word_1_259' title='bbox 1260 2276 1411 2347; x_wconf 87' lang='grc' dir='ltr'><strong>χρή).</strong></span> <span class='ocrx_word' id='word_1_260' title='bbox 1451 2276 1661 2331; x_wconf 88' lang='grc' dir='ltr'>Δίκαιοι</span> <span class='ocrx_word' id='word_1_261' title='bbox 1703 2278 1801 2348; x_wconf 85' lang='grc' dir='ltr'>μὲν</span> <span class='ocrx_word' id='word_1_262' title='bbox 1848 2273 1940 2331; x_wconf 85' lang='grc' dir='ltr'><strong>οὖν</strong></span> <span class='ocrx_word' id='word_1_263' title='bbox 1982 2276 2016 2348; x_wconf 80' lang='grc' dir='ltr'>ἢ</span> 
     </span>
    </p>
   </div>
   <div class='ocr_carea' id='block_1_35' title="bbox 442 2364 2022 2442">
    <p class='ocr_par' dir='ltr' id='par_1_35' title="bbox 442 2364 2022 2442">
     <span class='ocr_line' id='line_1_35' title="bbox 442 2364 2022 2442; baseline 0.001 -20"><span class='ocrx_word' id='word_1_264' title='bbox 442 2367 739 2439; x_wconf 86' lang='grc' dir='ltr'>σώφρονες,</span> <span class='ocrx_word' id='word_1_265' title='bbox 773 2368 808 2439; x_wconf 76' lang='grc' dir='ltr'><strong>ἦ</strong></span> <span class='ocrx_word' id='word_1_266' title='bbox 832 2385 954 2421; x_wconf 88' lang='grc' dir='ltr'>τινα</span> <span class='ocrx_word' id='word_1_267' title='bbox 976 2364 1086 2420; x_wconf 88' lang='grc' dir='ltr'><strong>τῶν</strong></span> <span class='ocrx_word' id='word_1_268' title='bbox 1111 2365 1284 2421; x_wconf 78' lang='grc' dir='ltr'>ἄλλων</span> <span class='ocrx_word' id='word_1_269' title='bbox 1305 2368 1447 2438; x_wconf 74' lang='grc' dir='ltr'>ἔχειν</span> <span class='ocrx_word' id='word_1_270' title='bbox 1478 2370 1686 2442; x_wconf 82' lang='grc' dir='ltr'>ἀρετῶν</span> <span class='ocrx_word' id='word_1_271' title='bbox 1719 2370 1798 2423; x_wconf 80' lang='grc' dir='ltr'>ἔτι</span> <span class='ocrx_word' id='word_1_272' title='bbox 1833 2369 2022 2441; x_wconf 87' lang='grc' dir='ltr'>μέλλο-</span> 
     </span>
    </p>
   </div>
   <div class='ocr_carea' id='block_1_36' title="bbox 366 2451 2021 2535">
    <p class='ocr_par' dir='ltr' id='par_1_36' title="bbox 366 2451 2021 2535">
     <span class='ocr_line' id='line_1_36' title="bbox 366 2451 2021 2535; baseline 0.001 -21"><span class='ocrx_word' id='word_1_273' title='bbox 366 2528 367 2531; x_wconf 18' lang='grc' dir='ltr'><strong>η</strong></span> <span class='ocrx_word' id='word_1_274' title='bbox 435 2466 564 2533; x_wconf 74' lang='grc' dir='ltr'>’μενο</span> <span class='ocrx_word' id='word_1_275' title='bbox 590 2459 827 2531; x_wconf 81' lang='grc' dir='ltr'>ἐραστὰς</span> <span class='ocrx_word' id='word_1_276' title='bbox 860 2460 918 2514; x_wconf 85' lang='grc' dir='ltr'><strong>δὲ</strong></span> <span class='ocrx_word' id='word_1_277' title='bbox 957 2462 1106 2533; x_wconf 76' lang='grc' dir='ltr'>ἡμᾶς</span> <span class='ocrx_word' id='word_1_278' title='bbox 1134 2451 1218 2515; x_wconf 74' lang='grc' dir='ltr'><strong>δτι</strong></span> <span class='ocrx_word' id='word_1_279' title='bbox 1241 2461 1570 2534; x_wconf 84' lang='grc' dir='ltr'>δριμύτατον</span> <span class='ocrx_word' id='word_1_280' title='bbox 1610 2462 1851 2533; x_wconf 83' lang='grc' dir='ltr'>ἐρῶντας</span> <span class='ocrx_word' id='word_1_281' title='bbox 1882 2462 2021 2535; x_wconf 78' lang='grc' dir='ltr'>ἔρω-</span> 
     </span>
    </p>
   </div>
   <div class='ocr_carea' id='block_1_37' title="bbox 439 2546 2020 2623">
    <p class='ocr_par' dir='ltr' id='par_1_37' title="bbox 439 2546 2020 2623">
     <span class='ocr_line' id='line_1_37' title="bbox 439 2546 2020 2623; baseline 0.002 -20"><span class='ocrx_word' id='word_1_282' title='bbox 439 2566 529 2615; x_wconf 88' lang='grc' dir='ltr'><strong>τα,</strong></span> <span class='ocrx_word' id='word_1_283' title='bbox 556 2550 695 2620; x_wconf 84' lang='grc' dir='ltr'>ὅπερ</span> <span class='ocrx_word' id='word_1_284' title='bbox 722 2551 809 2602; x_wconf 84' lang='grc' dir='ltr'>ἐπ’</span> <span class='ocrx_word' id='word_1_285' title='bbox 855 2548 1003 2621; x_wconf 84' lang='grc' dir='ltr'>αύτῷ</span> <span class='ocrx_word' id='word_1_286' title='bbox 1037 2551 1196 2621; x_wconf 89' lang='grc' dir='ltr'>μόνον</span> <span class='ocrx_word' id='word_1_287' title='bbox 1226 2549 1374 2616; x_wconf 74' lang='grc' dir='ltr'>ἴσως,</span> <span class='ocrx_word' id='word_1_288' title='bbox 1402 2551 1497 2604; x_wconf 80' lang='grc' dir='ltr'><strong>καὶ</strong></span> <span class='ocrx_word' id='word_1_289' title='bbox 1546 2548 1711 2605; x_wconf 83' lang='grc' dir='ltr'>πάλαι</span> <span class='ocrx_word' id='word_1_290' title='bbox 1757 2546 2020 2623; x_wconf 65' lang='grc' dir='ltr'>κατεστή-</span> 
     </span>
    </p>
   </div>
   <div class='ocr_carea' id='block_1_38' title="bbox 436 2636 2018 2715">
    <p class='ocr_par' dir='ltr' id='par_1_38' title="bbox 436 2636 2018 2715">
     <span class='ocr_line' id='line_1_38' title="bbox 436 2636 2018 2715; baseline 0.003 -21"><span class='ocrx_word' id='word_1_291' title='bbox 436 2657 574 2696; x_wconf 85' lang='grc' dir='ltr'>σατο</span> <span class='ocrx_word' id='word_1_292' title='bbox 596 2642 623 2694; x_wconf 83' lang='grc' dir='ltr'><strong><em>ὁ</em></strong></span> <span class='ocrx_word' id='word_1_293' title='bbox 658 2640 968 2712; x_wconf 82' lang='grc' dir='ltr'>θαυμαστὸς</span> <span class='ocrx_word' id='word_1_294' title='bbox 997 2636 1170 2707; x_wconf 73' lang='grc' dir='ltr'>οὗτος,</span> <span class='ocrx_word' id='word_1_295' title='bbox 1216 2643 1311 2696; x_wconf 75' lang='grc' dir='ltr'>καὶ</span> <span class='ocrx_word' id='word_1_296' title='bbox 1346 2642 1497 2711; x_wconf 86' lang='grc' dir='ltr'>φίλος</span> <span class='ocrx_word' id='word_1_297' title='bbox 1539 2642 1648 2697; x_wconf 89' lang='grc' dir='ltr'><strong>τῶν</strong></span> <span class='ocrx_word' id='word_1_298' title='bbox 1688 2644 1895 2715; x_wconf 84' lang='grc' dir='ltr'>ἀρετῶν</span> <span class='ocrx_word' id='word_1_299' title='bbox 1924 2645 2018 2698; x_wconf 73' lang='grc' dir='ltr'><strong>καὶ</strong></span> 
     </span>
    </p>
   </div>
   <div class='ocr_carea' id='block_1_39' title="bbox 438 2735 2016 2809">
    <p class='ocr_par' dir='ltr' id='par_1_39' title="bbox 438 2735 2016 2809">
     <span class='ocr_line' id='line_1_39' title="bbox 438 2735 2016 2809; baseline 0.001 -21"><span class='ocrx_word' id='word_1_300' title='bbox 438 2735 765 2806; x_wconf 73' lang='grc' dir='ltr'>προήγοροςο</span> <span class='ocrx_word' id='word_1_301' title='bbox 796 2736 1105 2806; x_wconf 76' lang='grc' dir='ltr'>ἐμποιήσας</span> <span class='ocrx_word' id='word_1_302' title='bbox 1127 2735 1305 2807; x_wconf 73' lang='grc' dir='ltr'>ἔρωτα</span> <span class='ocrx_word' id='word_1_303' title='bbox 1334 2738 1400 2807; x_wconf 80' lang='grc' dir='ltr'>τῇ</span> <span class='ocrx_word' id='word_1_304' title='bbox 1422 2736 1585 2790; x_wconf 82' lang='grc' dir='ltr'>αὐτοῦ</span> <span class='ocrx_word' id='word_1_305' title='bbox 1616 2739 1782 2809; x_wconf 79' lang='grc' dir='ltr'>ἀρετῇ</span> <span class='ocrx_word' id='word_1_306' title='bbox 1807 2736 1901 2790; x_wconf 78' lang='grc' dir='ltr'>καὶ</span> <span class='ocrx_word' id='word_1_307' title='bbox 1924 2736 2016 2790; x_wconf 88' lang='grc' dir='ltr'><strong>τοῦ</strong></span> 
     </span>
    </p>
   </div>
   <div class='ocr_carea' id='block_1_40' title="bbox 440 2822 2018 2900">
    <p class='ocr_par' dir='ltr' id='par_1_40' title="bbox 440 2822 2018 2900">
     <span class='ocr_line' id='line_1_40' title="bbox 440 2822 2018 2900; baseline 0 -18"><span class='ocrx_word' id='word_1_308' title='bbox 440 2825 670 2891; x_wconf 84' lang='grc' dir='ltr'>κάλλους</span> <span class='ocrx_word' id='word_1_309' title='bbox 703 2827 803 2897; x_wconf 84' lang='grc' dir='ltr'>τῆς</span> <span class='ocrx_word' id='word_1_310' title='bbox 831 2827 1196 2900; x_wconf 82' lang='grc' dir='ltr'>δικαιοσύνης,</span> <span class='ocrx_word' id='word_1_311' title='bbox 1230 2822 1299 2900; x_wconf 77' lang='grc' dir='ltr'><strong>ἧς</strong></span> <span class='ocrx_word' id='word_1_312' title='bbox 1324 2828 1387 2882; x_wconf 82' lang='grc' dir='ltr'><strong>τὸ</strong></span> <span class='ocrx_word' id='word_1_313' title='bbox 1418 2827 1647 2900; x_wconf 88' lang='grc' dir='ltr'>χρύσεον</span> <span class='ocrx_word' id='word_1_314' title='bbox 1679 2827 1848 2893; x_wconf 75' lang='grc' dir='ltr'>ὅντως</span> <span class='ocrx_word' id='word_1_315' title='bbox 1881 2827 2018 2882; x_wconf 76' lang='grc' dir='ltr'>ἐδει-</span> 
     </span>
    </p>
   </div>
   <div class='ocr_carea' id='block_1_41' title="bbox 440 2915 2017 2992">
    <p class='ocr_par' dir='ltr' id='par_1_41' title="bbox 440 2915 2017 2992">
     <span class='ocr_line' id='line_1_41' title="bbox 440 2915 2017 2992; baseline 0.001 -21"><span class='ocrx_word' id='word_1_316' title='bbox 440 2915 533 2984; x_wconf 72' lang='grc' dir='ltr'><strong>ξεν</strong></span> <span class='ocrx_word' id='word_1_317' title='bbox 565 2921 696 2990; x_wconf 81' lang='grc' dir='ltr'>ἡμῖν</span> <span class='ocrx_word' id='word_1_318' title='bbox 726 2919 1038 2990; x_wconf 83' lang='grc' dir='ltr'>πρόσωπον,</span> <span class='ocrx_word' id='word_1_319' title='bbox 1058 2920 1154 2974; x_wconf 79' lang='grc' dir='ltr'>καὶ</span> <span class='ocrx_word' id='word_1_320' title='bbox 1178 2920 1491 2992; x_wconf 83' lang='grc' dir='ltr'>φρονήσεως</span> <span class='ocrx_word' id='word_1_321' title='bbox 1520 2921 1620 2991; x_wconf 85' lang='grc' dir='ltr'>τῆς</span> <span class='ocrx_word' id='word_1_322' title='bbox 1638 2921 1801 2974; x_wconf 79' lang='grc' dir='ltr'>πᾶσιν</span> <span class='ocrx_word' id='word_1_323' title='bbox 1834 2919 2017 2990; x_wconf 84' lang='grc' dir='ltr'>ἐφεσί-</span> 
     </span>
    </p>
   </div>
   <div class='ocr_carea' id='block_1_42' title="bbox 446 3010 2018 3084">
    <p class='ocr_par' dir='ltr' id='par_1_42' title="bbox 446 3010 2018 3084">
     <span class='ocr_line' id='line_1_42' title="bbox 446 3010 2018 3084; baseline 0.001 -21"><span class='ocrx_word' id='word_1_324' title='bbox 446 3026 569 3081; x_wconf 85' lang='grc' dir='ltr'>μου,</span> <span class='ocrx_word' id='word_1_325' title='bbox 600 3011 694 3065; x_wconf 56' lang='grc' dir='ltr'><strong>καὶ⁵</strong></span> <span class='ocrx_word' id='word_1_326' title='bbox 722 3010 1276 3084; x_wconf 63' lang='grc' dir='ltr'>τῆςζρασμιωτάτης</span> <span class='ocrx_word' id='word_1_327' title='bbox 1303 3011 1495 3081; x_wconf 90' lang='grc' dir='ltr'>σοφίας</span> <span class='ocrx_word' id='word_1_328' title='bbox 1522 3012 1621 3082; x_wconf 80' lang='grc' dir='ltr'>τῆς</span> <span class='ocrx_word' id='word_1_329' title='bbox 1646 3010 1898 3083; x_wconf 86' lang='grc' dir='ltr'>ἀληθοῦς,</span> <span class='ocrx_word' id='word_1_330' title='bbox 1923 3011 2018 3066; x_wconf 75' lang='grc' dir='ltr'><strong>καὶ</strong></span> 
     </span>
    </p>
   </div>
   <div class='ocr_carea' id='block_1_43' title="bbox 440 3078 2015 3181">
    <p class='ocr_par' dir='ltr' id='par_1_43' title="bbox 440 3078 2015 3181">
     <span class='ocr_line' id='line_1_43' title="bbox 440 3078 2015 3181; baseline -0.002 -18"><span class='ocrx_word' id='word_1_331' title='bbox 440 3078 796 3181; x_wconf 71' lang='grc' dir='ltr'>σωφροσύνης</span> <span class='ocrx_word' id='word_1_332' title='bbox 822 3078 920 3178; x_wconf 63' lang='grc' dir='ltr'>τῆς</span> <span class='ocrx_word' id='word_1_333' title='bbox 958 3078 1244 3173; x_wconf 72' lang='grc' dir='ltr'>θεοειδοῦς,</span> <span class='ocrx_word' id='word_1_334' title='bbox 1277 3109 1312 3179; x_wconf 76' lang='grc' dir='ltr'>ἦ</span> <span class='ocrx_word' id='word_1_335' title='bbox 1354 3078 1471 3162; x_wconf 84' lang='grc' dir='ltr'>ἐστι</span> <span class='ocrx_word' id='word_1_336' title='bbox 1499 3078 1677 3179; x_wconf 42' lang='grc' dir='ltr'>(μονῆς</span> <span class='ocrx_word' id='word_1_337' title='bbox 1708 3078 2015 3171; x_wconf 70' lang='grc' dir='ltr'>εύστάθεια,</span> 
     </span>
    </p>
   </div>
   <div class='ocr_carea' id='block_1_44' title="bbox 2122 2001 3699 2076">
    <p class='ocr_par' dir='ltr' id='par_1_44' title="bbox 2122 2001 3699 2076">
     <span class='ocr_line' id='line_1_44' title="bbox 2122 2001 3699 2076; baseline 0.001 -20"><span class='ocrx_word' id='word_1_338' title='bbox 2122 2018 2299 2073; x_wconf 89' lang='lat' dir='ltr'><strong>neque</strong></span> <span class='ocrx_word' id='word_1_339' title='bbox 2341 2012 2536 2058; x_wconf 89' lang='lat' dir='ltr'><strong>natura</strong></span> <span class='ocrx_word' id='word_1_340' title='bbox 2575 2004 2711 2059; x_wconf 89' lang='lat' dir='ltr'><strong>adeo</strong></span> <span class='ocrx_word' id='word_1_341' title='bbox 2759 2004 3040 2076; x_wconf 74' lang='lat' dir='ltr'><strong>praestanti</strong></span> <span class='ocrx_word' id='word_1_342' title='bbox 3080 2018 3294 2069; x_wconf 89' lang='lat' dir='ltr'><strong>sumus,</strong></span> <span class='ocrx_word' id='word_1_343' title='bbox 3347 2017 3446 2057; x_wconf 90' lang='lat' dir='ltr'><strong>nec</strong></span> <span class='ocrx_word' id='word_1_344' title='bbox 3495 2001 3699 2073; x_wconf 72' lang='lat' dir='ltr'><strong>dignos</strong></span> 
     </span>
    </p>
   </div>
   <div class='ocr_carea' id='block_1_45' title="bbox 2120 2093 3695 2165">
    <p class='ocr_par' dir='ltr' id='par_1_45' title="bbox 2120 2093 3695 2165">
     <span class='ocr_line' id='line_1_45' title="bbox 2120 2093 3695 2165; baseline 0 -18"><span class='ocrx_word' id='word_1_345' title='bbox 2120 2094 2301 2149; x_wconf 92' lang='lat' dir='ltr'><strong>adhuc</strong></span> <span class='ocrx_word' id='word_1_346' title='bbox 2350 2109 2473 2150; x_wconf 87' lang='lat' dir='ltr'><strong>esse</strong></span> <span class='ocrx_word' id='word_1_347' title='bbox 2511 2096 2607 2165; x_wconf 90' lang='lat' dir='ltr'><strong>qui</strong></span> <span class='ocrx_word' id='word_1_348' title='bbox 2660 2109 3081 2165; x_wconf 87' lang='lat' dir='ltr'><strong>consequamur,</strong></span> <span class='ocrx_word' id='word_1_349' title='bbox 3115 2094 3472 2161; x_wconf 77' lang='lat' dir='ltr'><strong>confitemur;</strong></span> <span class='ocrx_word' id='word_1_350' title='bbox 3509 2102 3568 2148; x_wconf 91' lang='grc' dir='ltr'><strong>ιιι</strong></span> <span class='ocrx_word' id='word_1_351' title='bbox 3595 2093 3695 2164; x_wconf 88' lang='lat' dir='ltr'><strong>qui</strong></span> 
     </span>
    </p>
   </div>
   <div class='ocr_carea' id='block_1_46' title="bbox 2118 2185 3686 2255">
    <p class='ocr_par' dir='ltr' id='par_1_46' title="bbox 2118 2185 3686 2255">
     <span class='ocr_line' id='line_1_46' title="bbox 2118 2185 3686 2255; baseline 0.001 -15"><span class='ocrx_word' id='word_1_352' title='bbox 2118 2201 2217 2255; x_wconf 86' lang='lat' dir='ltr'><strong>per</strong></span> <span class='ocrx_word' id='word_1_353' title='bbox 2245 2187 2551 2242; x_wconf 87' lang='lat' dir='ltr'><strong>socordiam</strong></span> <span class='ocrx_word' id='word_1_354' title='bbox 2588 2195 2645 2243; x_wconf 90' lang='lat' dir='ltr'><strong>et</strong></span> <span class='ocrx_word' id='word_1_355' title='bbox 2673 2185 3097 2243; x_wconf 89' lang='lat' dir='ltr'><strong>imbecillitatem</strong></span> <span class='ocrx_word' id='word_1_356' title='bbox 3123 2187 3357 2241; x_wconf 90' lang='lat' dir='ltr'><strong>necdum</strong></span> <span class='ocrx_word' id='word_1_357' title='bbox 3385 2186 3569 2242; x_wconf 90' lang='lat' dir='ltr'><strong>omnia</strong></span> <span class='ocrx_word' id='word_1_358' title='bbox 3603 2185 3686 2242; x_wconf 83' lang='lat' dir='ltr'><strong>fe-</strong></span> 
     </span>
    </p>
   </div>
   <div class='ocr_carea' id='block_1_47' title="bbox 2120 2275 3692 2348">
    <p class='ocr_par' dir='ltr' id='par_1_47' title="bbox 2120 2275 3692 2348">
     <span class='ocr_line' id='line_1_47' title="bbox 2120 2275 3692 2348; baseline -0.001 -16"><span class='ocrx_word' id='word_1_359' title='bbox 2120 2276 2319 2344; x_wconf 90' lang='lat' dir='ltr'><strong>cimus,</strong></span> <span class='ocrx_word' id='word_1_360' title='bbox 2350 2292 2473 2348; x_wconf 61' lang='lat' dir='ltr'><strong>qua</strong></span> <span class='ocrx_word' id='word_1_361' title='bbox 2511 2278 2580 2333; x_wconf 88' lang='lat' dir='ltr'><strong>ab</strong></span> <span class='ocrx_word' id='word_1_362' title='bbox 2610 2278 2680 2333; x_wconf 91' lang='lat' dir='ltr'><strong>iis</strong></span> <span class='ocrx_word' id='word_1_363' title='bbox 2709 2279 2803 2348; x_wconf 85' lang='lat' dir='ltr'><strong>qui</strong></span> <span class='ocrx_word' id='word_1_364' title='bbox 2833 2279 3037 2348; x_wconf 89' lang='lat' dir='ltr'><strong>optima</strong></span> <span class='ocrx_word' id='word_1_365' title='bbox 3059 2278 3285 2347; x_wconf 90' lang='lat' dir='ltr'><strong>cupiunt</strong></span> <span class='ocrx_word' id='word_1_366' title='bbox 3315 2286 3369 2331; x_wconf 91' lang='lat' dir='ltr'><strong>et</strong></span> <span class='ocrx_word' id='word_1_367' title='bbox 3407 2277 3474 2331; x_wconf 89' lang='lat' dir='ltr'><strong>ad</strong></span> <span class='ocrx_word' id='word_1_368' title='bbox 3514 2275 3692 2345; x_wconf 88' lang='lat' dir='ltr'><strong>perfe-</strong></span> 
     </span>
    </p>
   </div>
   <div class='ocr_carea' id='block_1_48' title="bbox 2119 2367 3692 2439">
    <p class='ocr_par' dir='ltr' id='par_1_48' title="bbox 2119 2367 3692 2439">
     <span class='ocr_line' id='line_1_48' title="bbox 2119 2367 3692 2439; baseline -0.002 -15"><span class='ocrx_word' id='word_1_369' title='bbox 2119 2380 2207 2424; x_wconf 91' lang='lat' dir='ltr'><strong>cta</strong></span> <span class='ocrx_word' id='word_1_370' title='bbox 2242 2369 2599 2437; x_wconf 91' lang='lat' dir='ltr'><strong>contendunt,</strong></span> <span class='ocrx_word' id='word_1_371' title='bbox 2629 2370 2743 2425; x_wconf 86' lang='lat' dir='ltr'><strong>ﬁeri</strong></span> <span class='ocrx_word' id='word_1_372' title='bbox 2774 2377 3006 2439; x_wconf 88' lang='lat' dir='ltr'><strong>oportet.</strong></span> <span class='ocrx_word' id='word_1_373' title='bbox 3050 2367 3187 2424; x_wconf 83' lang='lat' dir='ltr'><strong>Justi</strong></span> <span class='ocrx_word' id='word_1_374' title='bbox 3225 2383 3355 2438; x_wconf 78' lang='lat' dir='ltr'><strong>ergo</strong></span> <span class='ocrx_word' id='word_1_375' title='bbox 3399 2376 3453 2422; x_wconf 92' lang='lat' dir='ltr'><strong>et</strong></span> <span class='ocrx_word' id='word_1_376' title='bbox 3485 2376 3692 2437; x_wconf 86' lang='lat' dir='ltr'><strong>tempe-</strong></span> 
     </span>
    </p>
   </div>
   <div class='ocr_carea' id='block_1_49' title="bbox 2116 2460 3691 2532">
    <p class='ocr_par' dir='ltr' id='par_1_49' title="bbox 2116 2460 3691 2532">
     <span class='ocr_line' id='line_1_49' title="bbox 2116 2460 3691 2532; baseline -0.001 -17"><span class='ocrx_word' id='word_1_377' title='bbox 2116 2470 2324 2525; x_wconf 90' lang='lat' dir='ltr'><strong>rantes,</strong></span> <span class='ocrx_word' id='word_1_378' title='bbox 2371 2471 2465 2516; x_wconf 90' lang='lat' dir='ltr'><strong>aut</strong></span> <span class='ocrx_word' id='word_1_379' title='bbox 2515 2462 2621 2517; x_wconf 90' lang='lat' dir='ltr'><strong>alia</strong></span> <span class='ocrx_word' id='word_1_380' title='bbox 2676 2462 2932 2532; x_wconf 87' lang='lat' dir='ltr'><strong>quapiam</strong></span> <span class='ocrx_word' id='word_1_381' title='bbox 2982 2462 3181 2516; x_wconf 86' lang='lat' dir='ltr'><strong>virtute</strong></span> <span class='ocrx_word' id='word_1_382' title='bbox 3206 2460 3414 2530; x_wconf 75' lang='lat' dir='ltr'><strong>przediti</strong></span> <span class='ocrx_word' id='word_1_383' title='bbox 3446 2460 3691 2514; x_wconf 87' lang='lat' dir='ltr'><strong>nondum</strong></span> 
     </span>
    </p>
   </div>
   <div class='ocr_carea' id='block_1_50' title="bbox 2120 2553 3692 2624">
    <p class='ocr_par' dir='ltr' id='par_1_50' title="bbox 2120 2553 3692 2624">
     <span class='ocr_line' id='line_1_50' title="bbox 2120 2553 3692 2624; baseline -0.003 -15"><span class='ocrx_word' id='word_1_384' title='bbox 2120 2569 2345 2622; x_wconf 89' lang='lat' dir='ltr'><strong>sumus;</strong></span> <span class='ocrx_word' id='word_1_385' title='bbox 2373 2565 2649 2610; x_wconf 88' lang='lat' dir='ltr'><strong>amatores</strong></span> <span class='ocrx_word' id='word_1_386' title='bbox 2674 2563 2857 2609; x_wconf 91' lang='lat' dir='ltr'><strong>autem</strong></span> <span class='ocrx_word' id='word_1_387' title='bbox 2884 2570 2986 2609; x_wconf 92' lang='lat' dir='ltr'><strong>nos</strong></span> <span class='ocrx_word' id='word_1_388' title='bbox 3015 2570 3177 2624; x_wconf 89' lang='lat' dir='ltr'><strong>quam</strong></span> <span class='ocrx_word' id='word_1_389' title='bbox 3208 2553 3692 2608; x_wconf 89' lang='lat' dir='ltr'><strong>vehementissimo</strong></span> 
     </span>
    </p>
   </div>
   <div class='ocr_carea' id='block_1_51' title="bbox 2119 2642 3695 2714">
    <p class='ocr_par' dir='ltr' id='par_1_51' title="bbox 2119 2642 3695 2714">
     <span class='ocr_line' id='line_1_51' title="bbox 2119 2642 3695 2714; baseline -0.002 -16"><span class='ocrx_word' id='word_1_390' title='bbox 2119 2652 2369 2699; x_wconf 87' lang='lat' dir='ltr'><strong>amantes</strong></span> <span class='ocrx_word' id='word_1_391' title='bbox 2407 2660 2613 2710; x_wconf 89' lang='lat' dir='ltr'><strong>amore,</strong></span> <span class='ocrx_word' id='word_1_392' title='bbox 2669 2644 2814 2714; x_wconf 90' lang='lat' dir='ltr'><strong>quod</strong></span> <span class='ocrx_word' id='word_1_393' title='bbox 2853 2660 3022 2698; x_wconf 91' lang='lat' dir='ltr'><strong>unum</strong></span> <span class='ocrx_word' id='word_1_394' title='bbox 3071 2643 3304 2698; x_wconf 81' lang='lat' dir='ltr'><strong>fortasse</strong></span> <span class='ocrx_word' id='word_1_395' title='bbox 3347 2643 3593 2712; x_wconf 60' lang='lat' dir='ltr'><strong>praestari</strong></span> <span class='ocrx_word' id='word_1_396' title='bbox 3622 2642 3695 2696; x_wconf 89' lang='lat' dir='ltr'><strong>ah</strong></span> 
     </span>
    </p>
   </div>
   <div class='ocr_carea' id='block_1_52' title="bbox 2118 2734 3695 2807">
    <p class='ocr_par' dir='ltr' id='par_1_52' title="bbox 2118 2734 3695 2807">
     <span class='ocr_line' id='line_1_52' title="bbox 2118 2734 3695 2807; baseline -0.002 -15"><span class='ocrx_word' id='word_1_397' title='bbox 2118 2752 2185 2792; x_wconf 87' lang='lat' dir='ltr'><strong>eo</strong></span> <span class='ocrx_word' id='word_1_398' title='bbox 2218 2745 2454 2807; x_wconf 88' lang='lat' dir='ltr'><strong>poterat,</strong></span> <span class='ocrx_word' id='word_1_399' title='bbox 2478 2736 2592 2807; x_wconf 83' lang='lat' dir='ltr'><strong>jam</strong></span> <span class='ocrx_word' id='word_1_400' title='bbox 2621 2737 2829 2791; x_wconf 91' lang='lat' dir='ltr'><strong>dudum</strong></span> <span class='ocrx_word' id='word_1_401' title='bbox 2863 2734 2993 2790; x_wconf 89' lang='lat' dir='ltr'><strong>fecit</strong></span> <span class='ocrx_word' id='word_1_402' title='bbox 3024 2734 3378 2790; x_wconf 90' lang='lat' dir='ltr'><strong>admirandus</strong></span> <span class='ocrx_word' id='word_1_403' title='bbox 3407 2735 3494 2789; x_wconf 90' lang='lat' dir='ltr'><strong>hic</strong></span> <span class='ocrx_word' id='word_1_404' title='bbox 3522 2734 3695 2789; x_wconf 69' lang='lat' dir='ltr'><strong>virtu-</strong></span> 
     </span>
    </p>
   </div>
   <div class='ocr_carea' id='block_1_53' title="bbox 2118 2828 3692 2899">
    <p class='ocr_par' dir='ltr' id='par_1_53' title="bbox 2118 2828 3692 2899">
     <span class='ocr_line' id='line_1_53' title="bbox 2118 2828 3692 2899; baseline -0.001 -17"><span class='ocrx_word' id='word_1_405' title='bbox 2118 2836 2234 2882; x_wconf 91' lang='lat' dir='ltr'><strong>tum</strong></span> <span class='ocrx_word' id='word_1_406' title='bbox 2264 2829 2477 2884; x_wconf 87' lang='lat' dir='ltr'><strong>amicus</strong></span> <span class='ocrx_word' id='word_1_407' title='bbox 2521 2836 2577 2884; x_wconf 90' lang='lat' dir='ltr'><strong>et</strong></span> <span class='ocrx_word' id='word_1_408' title='bbox 2622 2843 2858 2899; x_wconf 67' lang='lat' dir='ltr'><strong>praeses;</strong></span> <span class='ocrx_word' id='word_1_409' title='bbox 2913 2843 3157 2883; x_wconf 86' lang='lat' dir='ltr'><strong>amorem</strong></span> <span class='ocrx_word' id='word_1_410' title='bbox 3197 2828 3356 2883; x_wconf 90' lang='lat' dir='ltr'><strong>nobis</strong></span> <span class='ocrx_word' id='word_1_411' title='bbox 3393 2842 3491 2883; x_wconf 90' lang='lat' dir='ltr'><strong>sua</strong></span> <span class='ocrx_word' id='word_1_412' title='bbox 3521 2828 3692 2897; x_wconf 78' lang='lat' dir='ltr'><strong>ipsius</strong></span> 
     </span>
    </p>
   </div>
   <div class='ocr_carea' id='block_1_54' title="bbox 2119 2921 3692 2993">
    <p class='ocr_par' dir='ltr' id='par_1_54' title="bbox 2119 2921 3692 2993">
     <span class='ocr_line' id='line_1_54' title="bbox 2119 2921 3692 2993; baseline 0.001 -20"><span class='ocrx_word' id='word_1_413' title='bbox 2119 2921 2319 2977; x_wconf 89' lang='lat' dir='ltr'><strong>virtute</strong></span> <span class='ocrx_word' id='word_1_414' title='bbox 2358 2922 2706 2993; x_wconf 74' lang='lat' dir='ltr'><strong>ingenerans,</strong></span> <span class='ocrx_word' id='word_1_415' title='bbox 2742 2930 2857 2977; x_wconf 90' lang='lat' dir='ltr'><strong>tum</strong></span> <span class='ocrx_word' id='word_1_416' title='bbox 2884 2922 3308 2992; x_wconf 88' lang='lat' dir='ltr'><strong>pulchritudinis</strong></span> <span class='ocrx_word' id='word_1_417' title='bbox 3333 2921 3560 2991; x_wconf 74' lang='lat' dir='ltr'><strong>justitiae</strong></span> <span class='ocrx_word' id='word_1_418' title='bbox 3592 2937 3692 2975; x_wconf 87' lang='lat' dir='ltr'><strong>cu-</strong></span> 
     </span>
    </p>
   </div>
   <div class='ocr_carea' id='block_1_55' title="bbox 2115 3013 3698 3085">
    <p class='ocr_par' dir='ltr' id='par_1_55' title="bbox 2115 3013 3698 3085">
     <span class='ocr_line' id='line_1_55' title="bbox 2115 3013 3698 3085; baseline -0.001 -17"><span class='ocrx_word' id='word_1_419' title='bbox 2115 3013 2208 3084; x_wconf 86' lang='lat' dir='ltr'><strong>jus</strong></span> <span class='ocrx_word' id='word_1_420' title='bbox 2237 3030 2460 3070; x_wconf 86' lang='lat' dir='ltr'><strong>auream</strong></span> <span class='ocrx_word' id='word_1_421' title='bbox 2512 3016 2671 3085; x_wconf 90' lang='lat' dir='ltr'><strong>plane</strong></span> <span class='ocrx_word' id='word_1_422' title='bbox 2714 3016 2874 3070; x_wconf 88' lang='lat' dir='ltr'><strong>nobis</strong></span> <span class='ocrx_word' id='word_1_423' title='bbox 2904 3014 3097 3070; x_wconf 83' lang='lat' dir='ltr'><strong>faciem</strong></span> <span class='ocrx_word' id='word_1_424' title='bbox 3126 3014 3394 3079; x_wconf 89' lang='lat' dir='ltr'><strong>ostendit;</strong></span> <span class='ocrx_word' id='word_1_425' title='bbox 3420 3023 3535 3068; x_wconf 87' lang='lat' dir='ltr'><strong>tum</strong></span> <span class='ocrx_word' id='word_1_426' title='bbox 3566 3028 3698 3083; x_wconf 82' lang='lat' dir='ltr'><strong>pru-</strong></span> 
     </span>
    </p>
   </div>
   <div class='ocr_carea' id='block_1_56' title="bbox 2121 3106 3705 3179">
    <p class='ocr_par' dir='ltr' id='par_1_56' title="bbox 2121 3106 3705 3179">
     <span class='ocr_line' id='line_1_56' title="bbox 2121 3106 3705 3179; baseline -0.003 -16"><span class='ocrx_word' id='word_1_427' title='bbox 2121 3108 2319 3164; x_wconf 68' lang='lat' dir='ltr'><strong>dentia:</strong></span> <span class='ocrx_word' id='word_1_428' title='bbox 2361 3109 2618 3164; x_wconf 90' lang='lat' dir='ltr'><strong>omnibus</strong></span> <span class='ocrx_word' id='word_1_429' title='bbox 2656 3106 2969 3179; x_wconf 78' lang='lat' dir='ltr'><strong>expetendae</strong></span> <span class='ocrx_word' id='word_1_430' title='bbox 3003 3116 3057 3163; x_wconf 90' lang='lat' dir='ltr'><strong>et</strong></span> <span class='ocrx_word' id='word_1_431' title='bbox 3097 3106 3505 3162; x_wconf 62' lang='lat' dir='ltr'><strong>amabilissima</strong></span> <span class='ocrx_word' id='word_1_432' title='bbox 3552 3119 3705 3159; x_wconf 64' lang='lat' dir='ltr'><strong>verax</strong></span> 
     </span>
    </p>
   </div>
   <div class='ocr_carea' id='block_1_57' title="bbox 442 3198 2020 3274">
    <p class='ocr_par' dir='ltr' id='par_1_57' title="bbox 442 3200 2017 3274">
     <span class='ocr_line' id='line_1_57' title="bbox 442 3200 2017 3274; baseline -0.001 -19"><span class='ocrx_word' id='word_1_433' title='bbox 442 3201 538 3255; x_wconf 69' lang='lat' dir='ltr'><strong>xui.</strong></span> <span class='ocrx_word' id='word_1_434' title='bbox 556 3203 744 3274; x_wconf 73' lang='grc' dir='ltr'>εἰρήνη</span> <span class='ocrx_word' id='word_1_435' title='bbox 763 3203 896 3255; x_wconf 82' lang='grc' dir='ltr'>πᾶσι</span> <span class='ocrx_word' id='word_1_436' title='bbox 920 3205 1033 3266; x_wconf 85' lang='grc' dir='ltr'>τοῖς</span> <span class='ocrx_word' id='word_1_437' title='bbox 1058 3201 1418 3273; x_wconf 81' lang='grc' dir='ltr'>κτησαμένοις</span> <span class='ocrx_word' id='word_1_438' title='bbox 1445 3200 1633 3272; x_wconf 70' lang='grc' dir='ltr'>αὐτὴν,</span> <span class='ocrx_word' id='word_1_439' title='bbox 1657 3200 1751 3254; x_wconf 73' lang='grc' dir='ltr'><strong>καὶ</strong></span> <span class='ocrx_word' id='word_1_440' title='bbox 1770 3200 2017 3271; x_wconf 85' lang='grc' dir='ltr'>ἀνδρείας</span> 
     </span>
    </p>
   </div>
   <div class='ocr_carea' id='block_1_58' title="bbox 2120 3198 3697 3274">
    <p class='ocr_par' dir='ltr' id='par_1_58' title="bbox 2123 3198 3697 3272">
     <span class='ocr_line' id='line_1_58' title="bbox 2123 3198 3697 3272; baseline -0.005 -15"><span class='ocrx_word' id='word_1_441' title='bbox 2123 3200 2435 3272; x_wconf 72' lang='lat' dir='ltr'><strong>sapientiae;</strong></span> <span class='ocrx_word' id='word_1_442' title='bbox 2486 3211 2599 3256; x_wconf 92' lang='lat' dir='ltr'><strong>tum</strong></span> <span class='ocrx_word' id='word_1_443' title='bbox 2650 3201 3023 3271; x_wconf 63' lang='lat' dir='ltr'><strong>temperantia:</strong></span> <span class='ocrx_word' id='word_1_444' title='bbox 3057 3198 3539 3269; x_wconf 60' lang='lat' dir='ltr'><strong>prmstantissima,</strong></span> <span class='ocrx_word' id='word_1_445' title='bbox 3574 3210 3697 3265; x_wconf 70' lang='lat' dir='ltr'><strong>quae</strong></span> 
     </span>
    </p>
   </div>
   <div class='ocr_carea' id='block_1_59' title="bbox 440 3266 2020 3364">
    <p class='ocr_par' dir='ltr' id='par_1_59' title="bbox 440 3266 2020 3361">
     <span class='ocr_line' id='line_1_59' title="bbox 440 3266 2020 3361; baseline 0.001 -20"><span class='ocrx_word' id='word_1_446' title='bbox 440 3288 541 3359; x_wconf 84' lang='grc' dir='ltr'>τῆς</span> <span class='ocrx_word' id='word_1_447' title='bbox 592 3266 1067 3361; x_wconf 76' lang='grc' dir='ltr'>θαυμασιωτάτης·</span> <span class='ocrx_word' id='word_1_448' title='bbox 1123 3266 1402 3360; x_wconf 73' lang='grc' dir='ltr'>ύπομονῆς</span> <span class='ocrx_word' id='word_1_449' title='bbox 1445 3266 1603 3361; x_wconf 74' lang='grc' dir='ltr'>ἡμῶν</span> <span class='ocrx_word' id='word_1_450' title='bbox 1650 3288 1746 3361; x_wconf 85' lang='grc'>(5),</span> <span class='ocrx_word' id='word_1_451' title='bbox 1797 3266 1891 3343; x_wconf 47' lang='grc' dir='ltr'><strong>καί</strong></span> <span class='ocrx_word' id='word_1_452' title='bbox 1929 3291 2020 3343; x_wconf 78' lang='grc' dir='ltr'><strong>ἐπὶ</strong></span> 
     </span>
    </p>
   </div>
   <div class='ocr_carea' id='block_1_60' title="bbox 2120 3266 3697 3364">
    <p class='ocr_par' dir='ltr' id='par_1_60' title="bbox 2121 3266 3697 3364">
     <span class='ocr_line' id='line_1_60' title="bbox 2121 3266 3697 3364; baseline -0.006 -14"><span class='ocrx_word' id='word_1_453' title='bbox 2121 3305 2206 3350; x_wconf 88' lang='lat' dir='ltr'><strong>est</strong></span> <span class='ocrx_word' id='word_1_454' title='bbox 2232 3294 2400 3348; x_wconf 90' lang='lat' dir='ltr'><strong>animi</strong></span> <span class='ocrx_word' id='word_1_455' title='bbox 2432 3266 2843 3358; x_wconf 49' lang='lat' dir='ltr'><strong>constantia,—et</strong></span> <span class='ocrx_word' id='word_1_456' title='bbox 2870 3309 2977 3364; x_wconf 81' lang='lat' dir='ltr'><strong>pax</strong></span> <span class='ocrx_word' id='word_1_457' title='bbox 3006 3266 3262 3347; x_wconf 81' lang='lat' dir='ltr'><strong>omnibus</strong></span> <span class='ocrx_word' id='word_1_458' title='bbox 3289 3286 3697 3360; x_wconf 82' lang='lat' dir='ltr'><strong>possidentibus</strong></span> 
     </span>
    </p>
   </div>
   <div class='ocr_carea' id='block_1_61' title="bbox 362 3378 2022 3465">
    <p class='ocr_par' dir='ltr' id='par_1_61' title="bbox 362 3378 2022 3465">
     <span class='ocr_line' id='line_1_61' title="bbox 362 3378 2022 3465; baseline 0.001 -32"><span class='ocrx_word' id='word_1_459' title='bbox 362 3378 365 3381; x_wconf 66' lang='grc'><em>’</em></span> <span class='ocrx_word' id='word_1_460' title='bbox 442 3381 629 3465; x_wconf 77' lang='grc' dir='ltr'>πᾶσιν,</span> <span class='ocrx_word' id='word_1_461' title='bbox 657 3381 960 3446; x_wconf 76' lang='grc' dir='ltr'>εὐσεϐείας,</span> <span class='ocrx_word' id='word_1_462' title='bbox 981 3382 1046 3453; x_wconf 75' lang='grc' dir='ltr'>ἢν</span> <span class='ocrx_word' id='word_1_463' title='bbox 1073 3382 1283 3457; x_wconf 87' lang='grc' dir='ltr'>μητέρα</span> <span class='ocrx_word' id='word_1_464' title='bbox 1316 3382 1449 3451; x_wconf 76' lang='grc' dir='ltr'>φασὶ</span> <span class='ocrx_word' id='word_1_465' title='bbox 1477 3380 1585 3436; x_wconf 88' lang='grc' dir='ltr'><strong>τῶν</strong></span> <span class='ocrx_word' id='word_1_466' title='bbox 1617 3381 1825 3454; x_wconf 88' lang='grc' dir='ltr'>ἀρετῶν</span> <span class='ocrx_word' id='word_1_467' title='bbox 1846 3381 2022 3451; x_wconf 77' lang='grc' dir='ltr'>ὀρθῶς</span> 
     </span>
    </p>
   </div>
   <div class='ocr_carea' id='block_1_62' title="bbox 441 3472 2023 3549">
    <p class='ocr_par' dir='ltr' id='par_1_62' title="bbox 441 3472 2023 3549">
     <span class='ocr_line' id='line_1_62' title="bbox 441 3472 2023 3549; baseline -0.002 -20"><span class='ocrx_word' id='word_1_468' title='bbox 441 3472 707 3544; x_wconf 87' lang='grc' dir='ltr'>λέγοντες.</span> <span class='ocrx_word' id='word_1_469' title='bbox 743 3473 890 3546; x_wconf 83' lang='grc' dir='ltr'>Αῦτη</span> <span class='ocrx_word' id='word_1_470' title='bbox 939 3475 1046 3549; x_wconf 86' lang='grc' dir='ltr'><strong>γάρ</strong></span> <span class='ocrx_word' id='word_1_471' title='bbox 1080 3477 1228 3529; x_wconf 81' lang='grc' dir='ltr'>ἐστιν</span> <span class='ocrx_word' id='word_1_472' title='bbox 1256 3474 1398 3546; x_wconf 84' lang='grc' dir='ltr'>ἀρχὴ</span> <span class='ocrx_word' id='word_1_473' title='bbox 1430 3475 1524 3528; x_wconf 74' lang='grc' dir='ltr'>καὶ</span> <span class='ocrx_word' id='word_1_474' title='bbox 1563 3474 1787 3545; x_wconf 83' lang='grc' dir='ltr'>τελευτὴ</span> <span class='ocrx_word' id='word_1_475' title='bbox 1838 3472 2023 3527; x_wconf 87' lang='grc' dir='ltr'>πασῶν</span> 
     </span>
    </p>
   </div>
   <div class='ocr_carea' id='block_1_63' title="bbox 271 3564 2022 3638">
    <p class='ocr_par' dir='ltr' id='par_1_63' title="bbox 271 3564 2022 3638">
     <span class='ocr_line' id='line_1_63' title="bbox 271 3564 2022 3638; baseline 0.001 -19"><span class='ocrx_word' id='word_1_476' title='bbox 271 3567 281 3579; x_wconf 87' lang='grc'><strong>’</strong></span> <span class='ocrx_word' id='word_1_477' title='bbox 348 3580 349 3583; x_wconf 77' lang='lat'>‘</span> <span class='ocrx_word' id='word_1_478' title='bbox 437 3565 549 3620; x_wconf 81' lang='grc' dir='ltr'><strong>τῶν</strong></span> <span class='ocrx_word' id='word_1_479' title='bbox 572 3567 799 3636; x_wconf 86' lang='grc' dir='ltr'>ἀρετῶν·</span> <span class='ocrx_word' id='word_1_480' title='bbox 827 3566 934 3622; x_wconf 79' lang='grc' dir='ltr'><strong>ἀπὸ</strong></span> <span class='ocrx_word' id='word_1_481' title='bbox 964 3566 1166 3637; x_wconf 87' lang='grc' dir='ltr'>ταύτης</span> <span class='ocrx_word' id='word_1_482' title='bbox 1196 3582 1257 3619; x_wconf 90' lang='grc' dir='ltr'><strong>τε</strong></span> <span class='ocrx_word' id='word_1_483' title='bbox 1302 3564 1413 3638; x_wconf 84' lang='grc' dir='ltr'><strong>γὰρ</strong></span> <span class='ocrx_word' id='word_1_484' title='bbox 1452 3566 1808 3637; x_wconf 81' lang='grc' dir='ltr'>ὁρμωμένοις,</span> <span class='ocrx_word' id='word_1_485' title='bbox 1850 3567 2022 3638; x_wconf 81' lang='grc' dir='ltr'>ῥᾷστα</span> 
     </span>
    </p>
   </div>
   <div class='ocr_carea' id='block_1_64' title="bbox 441 3655 2022 3729">
    <p class='ocr_par' dir='ltr' id='par_1_64' title="bbox 441 3655 2022 3729">
     <span class='ocr_line' id='line_1_64' title="bbox 441 3655 2022 3729; baseline -0.001 -17"><span class='ocrx_word' id='word_1_486' title='bbox 441 3655 512 3712; x_wconf 78' lang='grc' dir='ltr'><strong>ἂν</strong></span> <span class='ocrx_word' id='word_1_487' title='bbox 539 3658 669 3729; x_wconf 82' lang='grc' dir='ltr'>ἡμῖν</span> <span class='ocrx_word' id='word_1_488' title='bbox 704 3655 1036 3727; x_wconf 71' lang='grc' dir='ltr'>ἐπιγένοιντο</span> <span class='ocrx_word' id='word_1_489' title='bbox 1064 3658 1159 3711; x_wconf 78' lang='grc' dir='ltr'>καὶ</span> <span class='ocrx_word' id='word_1_490' title='bbox 1192 3656 1260 3717; x_wconf 68' lang='grc' dir='ltr'><strong>,αἱ</strong></span> <span class='ocrx_word' id='word_1_491' title='bbox 1305 3656 1490 3710; x_wconf 72' lang='grc' dir='ltr'>λοιπαὶ</span> <span class='ocrx_word' id='word_1_492' title='bbox 1531 3656 1741 3728; x_wconf 88' lang='grc' dir='ltr'>ἀρεταί·</span> <span class='ocrx_word' id='word_1_493' title='bbox 1785 3658 1834 3710; x_wconf 82' lang='grc' dir='ltr'><strong>εί</strong></span> <span class='ocrx_word' id='word_1_494' title='bbox 1874 3656 2022 3710; x_wconf 88' lang='grc' dir='ltr'>τοῦθ’</span> 
     </span>
    </p>
   </div>
   <div class='ocr_carea' id='block_1_65' title="bbox 439 3744 2024 3821">
    <p class='ocr_par' dir='ltr' id='par_1_65' title="bbox 439 3744 2024 3821">
     <span class='ocr_line' id='line_1_65' title="bbox 439 3744 2024 3821; baseline 0 -20"><span class='ocrx_word' id='word_1_495' title='bbox 439 3744 553 3818; x_wconf 80' lang='grc' dir='ltr'><strong>ὃδὴ</strong></span> <span class='ocrx_word' id='word_1_496' title='bbox 575 3746 651 3819; x_wconf 83' lang='grc'><strong>(6)</strong></span> <span class='ocrx_word' id='word_1_497' title='bbox 684 3747 863 3801; x_wconf 85' lang='grc' dir='ltr'>πάντα</span> <span class='ocrx_word' id='word_1_498' title='bbox 893 3746 1196 3819; x_wconf 78' lang='grc' dir='ltr'>ἄνθρωπον,</span> <span class='ocrx_word' id='word_1_499' title='bbox 1221 3748 1313 3803; x_wconf 86' lang='grc' dir='ltr'><strong>τόν</strong></span> <span class='ocrx_word' id='word_1_500' title='bbox 1336 3765 1400 3818; x_wconf 89' lang='grc' dir='ltr'>γε</span> <span class='ocrx_word' id='word_1_501' title='bbox 1437 3749 1512 3821; x_wconf 85' lang='grc' dir='ltr'>μὴ</span> <span class='ocrx_word' id='word_1_502' title='bbox 1557 3748 1715 3803; x_wconf 84' lang='grc' dir='ltr'>ἄθεον</span> <span class='ocrx_word' id='word_1_503' title='bbox 1747 3747 1780 3820; x_wconf 75' lang='grc' dir='ltr'><strong>ἢ</strong></span> <span class='ocrx_word' id='word_1_504' title='bbox 1810 3748 2024 3821; x_wconf 85' lang='grc' dir='ltr'>φιλήδο-</span> 
     </span>
    </p>
   </div>
   <div class='ocr_carea' id='block_1_66' title="bbox 441 3838 2031 3913">
    <p class='ocr_par' dir='ltr' id='par_1_66' title="bbox 441 3838 2031 3913">
     <span class='ocr_line' id='line_1_66' title="bbox 441 3838 2031 3913; baseline 0.001 -22"><span class='ocrx_word' id='word_1_505' title='bbox 441 3856 552 3903; x_wconf 90' lang='grc' dir='ltr'>νον,</span> <span class='ocrx_word' id='word_1_506' title='bbox 579 3838 641 3892; x_wconf 85' lang='grc' dir='ltr'>τὸ</span> <span class='ocrx_word' id='word_1_507' title='bbox 672 3839 824 3908; x_wconf 86' lang='grc' dir='ltr'>φίλον</span> <span class='ocrx_word' id='word_1_508' title='bbox 851 3839 1104 3907; x_wconf 81' lang='grc' dir='ltr'>γενέσθαι</span> <span class='ocrx_word' id='word_1_509' title='bbox 1141 3840 1234 3894; x_wconf 79' lang='grc' dir='ltr'>καὶ</span> <span class='ocrx_word' id='word_1_510' title='bbox 1266 3842 1572 3913; x_wconf 85' lang='grc' dir='ltr'>προήγορον</span> <span class='ocrx_word' id='word_1_511' title='bbox 1603 3840 1722 3912; x_wconf 84' lang='grc' dir='ltr'><strong>Θεῷ</strong></span> <span class='ocrx_word' id='word_1_512' title='bbox 1754 3841 1852 3912; x_wconf 89' lang='lat'><strong>(7),</strong></span> <span class='ocrx_word' id='word_1_513' title='bbox 1894 3845 2031 3913; x_wconf 71' lang='grc' dir='ltr'>κτή-,</span> 
     </span>
    </p>
   </div>
   <div class='ocr_carea' id='block_1_67' title="bbox 442 3923 2023 4002">
    <p class='ocr_par' dir='ltr' id='par_1_67' title="bbox 442 3923 2023 4002">
     <span class='ocr_line' id='line_1_67' title="bbox 442 3923 2023 4002; baseline 0.003 -18"><span class='ocrx_word' id='word_1_514' title='bbox 442 3928 639 3984; x_wconf 85' lang='grc' dir='ltr'>σασθαι</span> <span class='ocrx_word' id='word_1_515' title='bbox 690 3931 900 3993; x_wconf 77' lang='grc' dir='ltr'>ἑαυτοῖς</span> <span class='ocrx_word' id='word_1_516' title='bbox 946 3923 1336 4002; x_wconf 75' lang='grc' dir='ltr'>ἐπιθυμοῦντες</span> <span class='ocrx_word' id='word_1_517' title='bbox 1390 3932 1483 3984; x_wconf 73' lang='grc' dir='ltr'>καὶ</span> <span class='ocrx_word' id='word_1_518' title='bbox 1530 3932 1870 3998; x_wconf 88' lang='grc' dir='ltr'>σπεύδοντες,</span> <span class='ocrx_word' id='word_1_519' title='bbox 1911 3934 2023 3988; x_wconf 90' lang='grc' dir='ltr'><strong>τῶν</strong></span> 
     </span>
    </p>
   </div>
   <div class='ocr_carea' id='block_1_68' title="bbox 439 4019 2024 4094">
    <p class='ocr_par' dir='ltr' id='par_1_68' title="bbox 439 4019 2024 4094">
     <span class='ocr_line' id='line_1_68' title="bbox 439 4019 2024 4094; baseline 0.001 -19"><span class='ocrx_word' id='word_1_520' title='bbox 439 4019 643 4075; x_wconf 85' lang='grc' dir='ltr'>λοιπῶν</span> <span class='ocrx_word' id='word_1_521' title='bbox 672 4020 882 4093; x_wconf 87' lang='grc' dir='ltr'>ἀρετῶν</span> <span class='ocrx_word' id='word_1_522' title='bbox 929 4021 1339 4093; x_wconf 75' lang='grc' dir='ltr'>ἐπιμελοίμεθαο</span> <span class='ocrx_word' id='word_1_523' title='bbox 1383 4023 1532 4088; x_wconf 83' lang='grc' dir='ltr'>ὅπως</span> <span class='ocrx_word' id='word_1_524' title='bbox 1565 4022 1640 4094; x_wconf 83' lang='grc' dir='ltr'>μὴ</span> <span class='ocrx_word' id='word_1_525' title='bbox 1687 4022 1892 4090; x_wconf 77' lang='grc' dir='ltr'>ἀνάξιοι</span> <span class='ocrx_word' id='word_1_526' title='bbox 1929 4024 2024 4078; x_wconf 77' lang='grc' dir='ltr'><strong>καὶ</strong></span> 
     </span>
    </p>
   </div>
   <div class='ocr_carea' id='block_1_69' title="bbox 442 4112 2024 4187">
    <p class='ocr_par' dir='ltr' id='par_1_69' title="bbox 442 4112 2024 4187">
     <span class='ocr_line' id='line_1_69' title="bbox 442 4112 2024 4187; baseline 0.001 -23"><span class='ocrx_word' id='word_1_527' title='bbox 442 4112 743 4186; x_wconf 79' lang='grc' dir='ltr'>ρυπῶντες,</span> <span class='ocrx_word' id='word_1_528' title='bbox 782 4112 918 4183; x_wconf 90' lang='grc' dir='ltr'><strong>μετά</strong></span> <span class='ocrx_word' id='word_1_529' title='bbox 937 4113 995 4166; x_wconf 85' lang='grc' dir='ltr'><strong>δὲ</strong></span> <span class='ocrx_word' id='word_1_530' title='bbox 1035 4112 1217 4186; x_wconf 64' lang='grc' dir='ltr'>πάσης</span> <span class='ocrx_word' id='word_1_531' title='bbox 1243 4112 1445 4184; x_wconf 84' lang='grc' dir='ltr'>ἀρετῆς</span> <span class='ocrx_word' id='word_1_532' title='bbox 1482 4113 1576 4167; x_wconf 76' lang='grc' dir='ltr'><strong>καὶ</strong></span> <span class='ocrx_word' id='word_1_533' title='bbox 1608 4113 1800 4182; x_wconf 86' lang='grc' dir='ltr'>σοφίας</span> <span class='ocrx_word' id='word_1_534' title='bbox 1837 4113 2024 4187; x_wconf 85' lang='grc' dir='ltr'>ῶσπερ</span> 
     </span>
    </p>
   </div>
   <div class='ocr_carea' id='block_1_70' title="bbox 439 4203 2025 4277">
    <p class='ocr_par' dir='ltr' id='par_1_70' title="bbox 439 4203 2025 4277">
     <span class='ocr_line' id='line_1_70' title="bbox 439 4203 2025 4277; baseline 0 -18"><span class='ocrx_word' id='word_1_535' title='bbox 439 4221 586 4271; x_wconf 86' lang='grc' dir='ltr'>τινος</span> <span class='ocrx_word' id='word_1_536' title='bbox 617 4203 820 4274; x_wconf 81' lang='grc' dir='ltr'>ἀγαθοῦ</span> <span class='ocrx_word' id='word_1_537' title='bbox 850 4203 1068 4276; x_wconf 86' lang='grc' dir='ltr'>πομποῦ</span> <span class='ocrx_word' id='word_1_538' title='bbox 1100 4205 1192 4259; x_wconf 81' lang='grc' dir='ltr'><strong>καὶ</strong></span> <span class='ocrx_word' id='word_1_539' title='bbox 1227 4203 1418 4277; x_wconf 79' lang='grc' dir='ltr'>ἱερέως</span> <span class='ocrx_word' id='word_1_540' title='bbox 1445 4204 1756 4274; x_wconf 81' lang='grc' dir='ltr'>σοφωτάτου</span> <span class='ocrx_word' id='word_1_541' title='bbox 1784 4206 2025 4275; x_wconf 85' lang='grc' dir='ltr'>προσίοι-</span> 
     </span>
    </p>
   </div>
   <div class='ocr_carea' id='block_1_71' title="bbox 445 4276 2023 4369">
    <p class='ocr_par' dir='ltr' id='par_1_71' title="bbox 445 4276 2023 4369">
     <span class='ocr_line' id='line_1_71' title="bbox 445 4276 2023 4369; baseline 0.001 -19"><span class='ocrx_word' id='word_1_542' title='bbox 445 4314 546 4369; x_wconf 81' lang='grc' dir='ltr'><strong>μεν</strong></span> <span class='ocrx_word' id='word_1_543' title='bbox 577 4295 658 4367; x_wconf 80' lang='grc' dir='ltr'>τῷ</span> <span class='ocrx_word' id='word_1_544' title='bbox 688 4294 826 4367; x_wconf 76' lang='grc' dir='ltr'><strong>Θεῷ.</strong></span> <span class='ocrx_word' id='word_1_545' title='bbox 846 4296 919 4349; x_wconf 87' lang='grc' dir='ltr'><strong>Τό</strong></span> <span class='ocrx_word' id='word_1_546' title='bbox 959 4313 1025 4366; x_wconf 87' lang='grc' dir='ltr'>γε</span> <span class='ocrx_word' id='word_1_547' title='bbox 1058 4276 1457 4361; x_wconf 80' lang='grc' dir='ltr'>πάντωντέλος</span> <span class='ocrx_word' id='word_1_548' title='bbox 1494 4296 1591 4367; x_wconf 81' lang='grc' dir='ltr'><strong>οὐχ</strong></span> <span class='ocrx_word' id='word_1_549' title='bbox 1622 4276 2023 4369; x_wconf 52' lang='lat' dir='ltr'><strong>€15.36va-</strong></span> 
     </span>
    </p>
   </div>
   <div class='ocr_carea' id='block_1_72' title="bbox 447 4385 2025 4461">
    <p class='ocr_par' dir='ltr' id='par_1_72' title="bbox 447 4385 2025 4461">
     <span class='ocr_line' id='line_1_72' title="bbox 447 4385 2025 4461; baseline 0.002 -20"><span class='ocrx_word' id='word_1_550' title='bbox 447 4404 563 4460; x_wconf 86' lang='grc' dir='ltr'>μαι,</span> <span class='ocrx_word' id='word_1_551' title='bbox 595 4389 653 4460; x_wconf 82' lang='grc' dir='ltr'>ἢ,</span> <span class='ocrx_word' id='word_1_552' title='bbox 680 4388 923 4461; x_wconf 84' lang='grc' dir='ltr'>Καθαρῷ</span> <span class='ocrx_word' id='word_1_553' title='bbox 959 4387 1039 4459; x_wconf 81' lang='grc' dir='ltr'>τῷ</span> <span class='ocrx_word' id='word_1_554' title='bbox 1065 4387 1140 4460; x_wconf 83' lang='grc' dir='ltr'>νῷ</span> <span class='ocrx_word' id='word_1_555' title='bbox 1188 4385 1543 4461; x_wconf 77' lang='grc' dir='ltr'>ἐξομοιὼθητι</span> <span class='ocrx_word' id='word_1_556' title='bbox 1585 4387 1661 4459; x_wconf 87' lang='grc'><strong>(8)</strong></span> <span class='ocrx_word' id='word_1_557' title='bbox 1708 4388 2025 4461; x_wconf 83' lang='grc' dir='ltr'>προσελθεῖν</span> 
     </span>
    </p>
   </div>
   <div class='ocr_carea' id='block_1_73' title="bbox 343 4478 1299 4552">
    <p class='ocr_par' dir='ltr' id='par_1_73' title="bbox 343 4478 1299 4552">
     <span class='ocr_line' id='line_1_73' title="bbox 343 4478 1299 4552; baseline 0.001 -18"><span class='ocrx_word' id='word_1_558' title='bbox 343 4521 347 4524; x_wconf 58' lang='grc' dir='ltr'><strong>ρ</strong></span> <span class='ocrx_word' id='word_1_559' title='bbox 441 4478 522 4551; x_wconf 81' lang='grc' dir='ltr'>τῷ</span> <span class='ocrx_word' id='word_1_560' title='bbox 546 4478 685 4552; x_wconf 82' lang='grc' dir='ltr'>Θεῷ,</span> <span class='ocrx_word' id='word_1_561' title='bbox 721 4480 815 4534; x_wconf 77' lang='grc' dir='ltr'>καὶ</span> <span class='ocrx_word' id='word_1_562' title='bbox 849 4480 1028 4551; x_wconf 88' lang='grc' dir='ltr'>μένειν</span> <span class='ocrx_word' id='word_1_563' title='bbox 1053 4483 1111 4535; x_wconf 89' lang='grc' dir='ltr'><strong>ἐν</strong></span> <span class='ocrx_word' id='word_1_564' title='bbox 1132 4480 1299 4552; x_wconf 79' lang='grc' dir='ltr'>αὐτῷ.</span> 
     </span>
    </p>
   </div>
   <div class='ocr_carea' id='block_1_74' title="bbox 448 4802 2019 4878">
    <p class='ocr_par' dir='ltr' id='par_1_74' title="bbox 448 4802 2019 4878">
     <span class='ocr_line' id='line_1_74' title="bbox 448 4802 2019 4878; baseline 0.001 -19"><span class='ocrx_word' id='word_1_565' title='bbox 448 4804 657 4878; x_wconf 81' lang='grc' dir='ltr'>Ὀνομα</span> <span class='ocrx_word' id='word_1_566' title='bbox 697 4805 903 4878; x_wconf 75' lang='grc' dir='ltr'>ταύτης</span> <span class='ocrx_word' id='word_1_567' title='bbox 952 4802 1082 4878; x_wconf 73' lang='grc' dir='ltr'>ἴδιον</span> <span class='ocrx_word' id='word_1_568' title='bbox 1123 4805 1222 4877; x_wconf 81' lang='grc' dir='ltr'>τῆς</span> <span class='ocrx_word' id='word_1_569' title='bbox 1260 4805 1457 4878; x_wconf 67' lang='grc' dir='ltr'>ύγείας</span> <span class='ocrx_word' id='word_1_570' title='bbox 1506 4807 1620 4861; x_wconf 79' lang='grc' dir='ltr'>ἐστὶ</span> <span class='ocrx_word' id='word_1_571' title='bbox 1663 4806 2019 4878; x_wconf 80' lang='grc' dir='ltr'>σωφροσύνη,</span> 
     </span>
    </p>
   </div>
   <div class='ocr_carea' id='block_1_75' title="bbox 446 4875 2022 5010">
    <p class='ocr_par' dir='ltr' id='par_1_75' title="bbox 446 4875 2022 5010">
     <span class='ocr_line' id='line_1_75' title="bbox 449 4875 2022 4950; baseline 0.003 -22"><span class='ocrx_word' id='word_1_572' title='bbox 449 4875 723 4947; x_wconf 87' lang='grc' dir='ltr'>σωτηρίαν</span> <span class='ocrx_word' id='word_1_573' title='bbox 767 4875 867 4948; x_wconf 67' lang='grc' dir='ltr'>τῷ</span> <span class='ocrx_word' id='word_1_574' title='bbox 887 4875 1189 4948; x_wconf 77' lang='grc' dir='ltr'>φρονοῦντι</span> <span class='ocrx_word' id='word_1_575' title='bbox 1222 4876 1335 4930; x_wconf 84' lang='grc' dir='ltr'><strong>τῶν</strong></span> <span class='ocrx_word' id='word_1_576' title='bbox 1372 4877 1492 4950; x_wconf 81' lang='grc' dir='ltr'><strong>(τῷ)</strong></span> <span class='ocrx_word' id='word_1_577' title='bbox 1521 4879 1578 4931; x_wconf 85' lang='grc' dir='ltr'><strong>ἐν</strong></span> <span class='ocrx_word' id='word_1_578' title='bbox 1610 4875 2022 4950; x_wconf 78' lang='grc' dir='ltr'>ἡμῖνάπεργα-</span> 
     </span>
     <span class='ocr_line' id='line_1_76' title="bbox 446 4945 961 5010; baseline 0.006 -12"><span class='ocrx_word' id='word_1_579' title='bbox 446 4945 672 5010; x_wconf 82' lang='grc' dir='ltr'>ζομένη.</span> <span class='ocrx_word' id='word_1_580' title='bbox 716 4946 801 5000; x_wconf 85' lang='grc' dir='ltr'><strong>ΑΙ.</strong></span> <span class='ocrx_word' id='word_1_581' title='bbox 832 4947 961 5002; x_wconf 81' lang='lat' dir='ltr'><strong>alia.</strong></span> 
     </span>
    </p>
   </div>
   <div class='ocr_carea' id='block_1_76' title="bbox 481 4963 961 5016">
    <p class='ocr_par' dir='ltr' id='par_1_76' title="bbox 481 4963 961 5016">
     <span class='ocr_line' id='line_1_77' title="bbox 481 4963 961 5016; baseline 0.006 -17"><span class='ocrx_word' id='word_1_582' title='bbox 481 4963 672 5016; x_wconf 90' lang='grc' dir='ltr'>ομενη.</span> <span class='ocrx_word' id='word_1_583' title='bbox 716 4963 801 5000; x_wconf 77' lang='lat' dir='ltr'><strong>Al.</strong></span> <span class='ocrx_word' id='word_1_584' title='bbox 832 4963 961 5016; x_wconf 77' lang='lat' dir='ltr'><strong>ana.</strong></span> 
     </span>
    </p>
   </div>
   <div class='ocr_carea' id='block_1_77' title="bbox 514 4964 1968 5091">
    <p class='ocr_par' dir='ltr' id='par_1_77' title="bbox 514 4964 1968 5091">
     <span class='ocr_line' id='line_1_78' title="bbox 515 4964 961 5017; baseline 0.007 -19"><span class='ocrx_word' id='word_1_585' title='bbox 515 4964 672 5017; x_wconf 89' lang='grc' dir='ltr'>μενη.</span> <span class='ocrx_word' id='word_1_586' title='bbox 716 4964 801 5000; x_wconf 68' lang='lat' dir='ltr'><strong>ru.</strong></span> <span class='ocrx_word' id='word_1_587' title='bbox 832 4964 961 5002; x_wconf 83' lang='lat' dir='ltr'><strong>ana.</strong></span> 
     </span>
     <span class='ocr_line' id='line_1_79' title="bbox 514 5014 1968 5091; baseline 0.003 -22"><span class='ocrx_word' id='word_1_588' title='bbox 636 5016 789 5091; x_wconf 66' lang='lat' dir='ltr'><strong>eoae</strong></span> <span class='ocrx_word' id='word_1_589' title='bbox 813 5014 895 5082; x_wconf 78' lang='grc' dir='ltr'>τῷ</span> <span class='ocrx_word' id='word_1_590' title='bbox 914 5018 1149 5091; x_wconf 54' lang='grc' dir='ltr'><strong>τυχεῖν·ζ</strong></span> <span class='ocrx_word' id='word_1_591' title='bbox 1182 5019 1288 5091; x_wconf 60' lang='lat' dir='ltr'><strong>An,</strong></span> <span class='ocrx_word' id='word_1_592' title='bbox 1314 5018 1433 5091; x_wconf 72' lang='grc' dir='ltr'>οὐδὲ</span> <span class='ocrx_word' id='word_1_593' title='bbox 1456 5037 1534 5091; x_wconf 85' lang='grc' dir='ltr'><strong>τῳ</strong></span> <span class='ocrx_word' id='word_1_594' title='bbox 1569 5018 1727 5091; x_wconf 86' lang='grc' dir='ltr'>θέμις</span> <span class='ocrx_word' id='word_1_595' title='bbox 1754 5019 1968 5091; x_wconf 71' lang='grc' dir='ltr'>τυχεῖνῖ</span> 
     </span>
    </p>
   </div>
   <div class='ocr_carea' id='block_1_78' title="bbox 518 5087 2023 5169">
    <p class='ocr_par' dir='ltr' id='par_1_78' title="bbox 518 5087 2023 5169">
     <span class='ocr_line' id='line_1_80' title="bbox 518 5087 2023 5169; baseline 0.001 -28"><span class='ocrx_word' id='word_1_596' title='bbox 638 5087 977 5169; x_wconf 58' lang='grc' dir='ltr'>’Υίξομοής</span> <span class='ocrx_word' id='word_1_597' title='bbox 1002 5087 1231 5169; x_wconf 49' lang='grc' dir='ltr'>ὴμῶνςῇ</span> <span class='ocrx_word' id='word_1_598' title='bbox 1264 5088 1341 5169; x_wconf 73' lang='lat' dir='ltr'><strong>Ita</strong></span> <span class='ocrx_word' id='word_1_599' title='bbox 1375 5087 1665 5169; x_wconf 47' lang='lat' dir='ltr'><strong>Qelig&#39;elius</strong></span> <span class='ocrx_word' id='word_1_600' title='bbox 1714 5087 1852 5169; x_wconf 67' lang='grc' dir='ltr'><strong>(τιιηῖ</strong></span> <span class='ocrx_word' id='word_1_601' title='bbox 1892 5090 2023 5169; x_wconf 70' lang='lat' dir='ltr'><strong>Hce-</strong></span> 
     </span>
    </p>
   </div>
   <div class='ocr_carea' id='block_1_79' title="bbox 445 5156 2022 5230">
    <p class='ocr_par' dir='ltr' id='par_1_79' title="bbox 445 5156 2022 5230">
     <span class='ocr_line' id='line_1_81' title="bbox 445 5156 2022 5230; baseline 0.002 -19"><span class='ocrx_word' id='word_1_602' title='bbox 445 5156 674 5230; x_wconf 70' lang='lat' dir='ltr'><strong>schelio.</strong></span> <span class='ocrx_word' id='word_1_603' title='bbox 713 5156 939 5230; x_wconf 78' lang='lat' dir='ltr'><strong>Vossius</strong></span> <span class='ocrx_word' id='word_1_604' title='bbox 967 5156 1091 5214; x_wconf 76' lang='lat' dir='ltr'><strong>cum</strong></span> <span class='ocrx_word' id='word_1_605' title='bbox 1142 5159 1460 5230; x_wconf 16' lang='grc' dir='ltr'>οΙίἱείήμῶν</span> <span class='ocrx_word' id='word_1_606' title='bbox 1491 5156 1711 5215; x_wconf 74' lang='lat' dir='ltr'><strong>omittit.</strong></span> <span class='ocrx_word' id='word_1_607' title='bbox 1758 5159 1930 5230; x_wconf 85' lang='lat' dir='ltr'><strong>Quem</strong></span> <span class='ocrx_word' id='word_1_608' title='bbox 1967 5162 2022 5214; x_wconf 90' lang='lat' dir='ltr'><strong>in</strong></span> 
     </span>
    </p>
   </div>
   <div class='ocr_carea' id='block_1_80' title="bbox 438 5227 2023 5294">
    <p class='ocr_par' dir='ltr' id='par_1_80' title="bbox 438 5227 2023 5294">
     <span class='ocr_line' id='line_1_82' title="bbox 438 5227 2023 5294; baseline 0.003 -15"><span class='ocrx_word' id='word_1_609' title='bbox 438 5228 625 5281; x_wconf 75' lang='lat' dir='ltr'><strong>locum</strong></span> <span class='ocrx_word' id='word_1_610' title='bbox 649 5228 765 5283; x_wconf 64' lang='lat' dir='ltr'><strong>haec</strong></span> <span class='ocrx_word' id='word_1_611' title='bbox 792 5227 1017 5283; x_wconf 89' lang='lat' dir='ltr'><strong>adnotat</strong></span> <span class='ocrx_word' id='word_1_612' title='bbox 1048 5230 1226 5284; x_wconf 86' lang='lat' dir='ltr'><strong>editor</strong></span> <span class='ocrx_word' id='word_1_613' title='bbox 1259 5227 1687 5294; x_wconf 74' lang='lat' dir='ltr'><strong>Stiitgardiensis</strong></span> <span class='ocrx_word' id='word_1_614' title='bbox 1714 5249 1727 5284; x_wconf 89' lang='lat'><strong>:</strong></span> <span class='ocrx_word' id='word_1_615' title='bbox 1753 5250 1770 5281; x_wconf 78' lang='grc' dir='ltr'><strong>ι</strong></span> <span class='ocrx_word' id='word_1_616' title='bbox 1797 5229 1910 5284; x_wconf 78' lang='lat' dir='ltr'><strong>Non</strong></span> <span class='ocrx_word' id='word_1_617' title='bbox 1940 5231 2023 5283; x_wconf 88' lang='lat' dir='ltr'><strong>vi-</strong></span> 
     </span>
    </p>
   </div>
   <div class='ocr_carea' id='block_1_81' title="bbox 368 5297 2021 5370">
    <p class='ocr_par' dir='ltr' id='par_1_81' title="bbox 368 5297 2021 5370">
     <span class='ocr_line' id='line_1_83' title="bbox 368 5297 2021 5370; baseline 0.002 -19"><span class='ocrx_word' id='word_1_618' title='bbox 368 5307 379 5323; x_wconf 91' lang='lat'>‘</span> <span class='ocrx_word' id='word_1_619' title='bbox 447 5297 786 5370; x_wconf 25' lang='lat' dir='ltr'><strong>deturAhoc_</strong></span> <span class='ocrx_word' id='word_1_620' title='bbox 820 5298 1264 5370; x_wconf 69' lang='lat' dir='ltr'><strong>coniungendum</strong></span> <span class='ocrx_word' id='word_1_621' title='bbox 1315 5314 1413 5368; x_wconf 92' lang='lat' dir='ltr'><strong>per</strong></span> <span class='ocrx_word' id='word_1_622' title='bbox 1455 5303 1848 5370; x_wconf 88' lang='lat' dir='ltr'><strong>appositionem</strong></span> <span class='ocrx_word' id='word_1_623' title='bbox 1897 5316 2021 5355; x_wconf 92' lang='lat' dir='ltr'><strong>cum</strong></span> 
     </span>
    </p>
   </div>
   <div class='ocr_carea' id='block_1_82' title="bbox 446 5366 2025 5440">
    <p class='ocr_par' dir='ltr' id='par_1_82' title="bbox 446 5366 2025 5440">
     <span class='ocr_line' id='line_1_84' title="bbox 446 5366 2025 5440; baseline 0.004 -20"><span class='ocrx_word' id='word_1_624' title='bbox 446 5366 719 5440; x_wconf 59' lang='grc' dir='ltr'>ἀνδρείας,</span> <span class='ocrx_word' id='word_1_625' title='bbox 753 5366 858 5421; x_wconf 89' lang='lat' dir='ltr'><strong>Sed</strong></span> <span class='ocrx_word' id='word_1_626' title='bbox 882 5366 1199 5440; x_wconf 75' lang='lat' dir='ltr'><strong>GregOrius,</strong></span> <span class='ocrx_word' id='word_1_627' title='bbox 1226 5366 1351 5439; x_wconf 75' lang='lat' dir='ltr'><strong>post</strong></span> <span class='ocrx_word' id='word_1_628' title='bbox 1373 5366 1606 5440; x_wconf 73' lang='lat' dir='ltr'><strong>quatuor</strong></span> <span class='ocrx_word' id='word_1_629' title='bbox 1632 5371 1860 5425; x_wconf 87' lang='lat' dir='ltr'><strong>virtutes</strong></span> <span class='ocrx_word' id='word_1_630' title='bbox 1886 5387 2025 5438; x_wconf 87' lang='lat' dir='ltr'><strong>quas</strong></span> 
     </span>
    </p>
   </div>
   <div class='ocr_carea' id='block_1_83' title="bbox 449 5437 2028 5507">
    <p class='ocr_par' dir='ltr' id='par_1_83' title="bbox 449 5437 2028 5507">
     <span class='ocr_line' id='line_1_85' title="bbox 449 5437 2028 5507; baseline 0.003 -18"><span class='ocrx_word' id='word_1_631' title='bbox 449 5437 759 5507; x_wconf 86' lang='lat' dir='ltr'><strong>philosophi</strong></span> <span class='ocrx_word' id='word_1_632' title='bbox 782 5437 1081 5493; x_wconf 75' lang='lat' dir='ltr'><strong>cardinales</strong></span> <span class='ocrx_word' id='word_1_633' title='bbox 1118 5437 1555 5504; x_wconf 49' lang='lat' dir='ltr'><strong>statuunt,&#39;duas</strong></span> <span class='ocrx_word' id='word_1_634' title='bbox 1581 5441 1731 5495; x_wconf 86' lang='lat' dir='ltr'><strong>addit</strong></span> <span class='ocrx_word' id='word_1_635' title='bbox 1761 5437 2028 5496; x_wconf 62' lang='lat' dir='ltr'><strong>ChriStia-</strong></span> 
     </span>
    </p>
   </div>
   <div class='ocr_carea' id='block_1_84' title="bbox 448 5507 2022 5581">
    <p class='ocr_par' dir='ltr' id='par_1_84' title="bbox 448 5507 2022 5581">
     <span class='ocr_line' id='line_1_86' title="bbox 448 5507 2022 5581; baseline 0.002 -20"><span class='ocrx_word' id='word_1_636' title='bbox 448 5524 547 5581; x_wconf 63' lang='lat' dir='ltr'><strong>nos</strong></span> <span class='ocrx_word' id='word_1_637' title='bbox 568 5548 587 5581; x_wconf 15' lang='grc' dir='ltr'>ν,</span> <span class='ocrx_word' id='word_1_638' title='bbox 630 5507 970 5581; x_wconf 65' lang='lat' dir='ltr'><strong>tolerantiam</strong></span> <span class='ocrx_word' id='word_1_639' title='bbox 995 5518 1213 5581; x_wconf 77' lang='lat' dir='ltr'><strong>etquae</strong></span> <span class='ocrx_word' id='word_1_640' title='bbox 1258 5509 1374 5578; x_wconf 88' lang='lat' dir='ltr'><strong>ipse</strong></span> <span class='ocrx_word' id='word_1_641' title='bbox 1407 5513 1574 5566; x_wconf 89' lang='lat' dir='ltr'><strong>cardo</strong></span> <span class='ocrx_word' id='word_1_642' title='bbox 1612 5520 1718 5574; x_wconf 87' lang='lat' dir='ltr'><strong>est,</strong></span> <span class='ocrx_word' id='word_1_643' title='bbox 1746 5512 2022 5581; x_wconf 83' lang='lat' dir='ltr'><strong>pietatem.</strong></span> 
     </span>
    </p>
   </div>
   <div class='ocr_carea' id='block_1_85' title="bbox 449 5575 2026 5651">
    <p class='ocr_par' dir='ltr' id='par_1_85' title="bbox 449 5575 2026 5651">
     <span class='ocr_line' id='line_1_87' title="bbox 449 5575 2026 5651; baseline 0.003 -20"><span class='ocrx_word' id='word_1_644' title='bbox 449 5575 526 5631; x_wconf 77' lang='lat' dir='ltr'><strong>ita</strong></span> <span class='ocrx_word' id='word_1_645' title='bbox 552 5578 711 5651; x_wconf 78' lang='grc' dir='ltr'>ημῶν</span> <span class='ocrx_word' id='word_1_646' title='bbox 741 5575 976 5635; x_wconf 82' lang='lat' dir='ltr'><strong>refertur</strong></span> <span class='ocrx_word' id='word_1_647' title='bbox 1008 5579 1077 5634; x_wconf 89' lang='lat' dir='ltr'><strong>ad</strong></span> <span class='ocrx_word' id='word_1_648' title='bbox 1109 5575 1371 5648; x_wconf 70' lang='lat' dir='ltr'><strong>ascetas,</strong></span> <span class='ocrx_word' id='word_1_649' title='bbox 1395 5582 1474 5635; x_wconf 89' lang='lat' dir='ltr'><strong>uti</strong></span> <span class='ocrx_word' id='word_1_650' title='bbox 1513 5596 1635 5651; x_wconf 91' lang='lat' dir='ltr'><strong>cap.</strong></span> <span class='ocrx_word' id='word_1_651' title='bbox 1679 5575 1785 5648; x_wconf 72' lang='grc' dir='ltr'>ιδ’,</span> <span class='ocrx_word' id='word_1_652' title='bbox 1824 5582 1926 5638; x_wconf 90' lang='lat' dir='ltr'><strong>sub</strong></span> <span class='ocrx_word' id='word_1_653' title='bbox 1960 5584 2026 5635; x_wconf 83' lang='lat' dir='ltr'><strong>tt-</strong></span> 
     </span>
    </p>
   </div>
   <div class='ocr_carea' id='block_1_86' title="bbox 451 5662 653 5703">
    <p class='ocr_par' dir='ltr' id='par_1_86' title="bbox 451 5662 653 5703">
     <span class='ocr_line' id='line_1_88' title="bbox 451 5662 653 5703; baseline -0.02 0"><span class='ocrx_word' id='word_1_654' title='bbox 451 5662 597 5703; x_wconf 87' lang='lat' dir='ltr'><strong>nem.</strong></span> <span class='ocrx_word' id='word_1_655' title='bbox 634 5667 653 5698; x_wconf 74' lang='grc' dir='ltr'><strong>ι</strong></span> 
     </span>
    </p>
   </div>
   <div class='ocr_carea' id='block_1_87' title="bbox 521 5716 2028 5791">
    <p class='ocr_par' dir='ltr' id='par_1_87' title="bbox 521 5716 2028 5791">
     <span class='ocr_line' id='line_1_89' title="bbox 521 5716 2028 5791; baseline 0.002 -19"><span class='ocrx_word' id='word_1_656' title='bbox 521 5719 601 5791; x_wconf 72' lang='grc' dir='ltr'><strong>(β)</strong></span> <span class='ocrx_word' id='word_1_657' title='bbox 643 5719 726 5791; x_wconf 72' lang='grc' dir='ltr'><strong>ὋΔ</strong></span> <span class='ocrx_word' id='word_1_658' title='bbox 750 5717 849 5791; x_wconf 68' lang='grc' dir='ltr'><strong>δή.</strong></span> <span class='ocrx_word' id='word_1_659' title='bbox 886 5716 1232 5791; x_wconf 71' lang='grc' dir='ltr'>Ηωεοὴθιιιιε</span> <span class='ocrx_word' id='word_1_660' title='bbox 1267 5719 1519 5777; x_wconf 88' lang='lat' dir='ltr'><strong>emendat</strong></span> <span class='ocrx_word' id='word_1_661' title='bbox 1546 5720 1575 5774; x_wconf 86' lang='grc' dir='ltr'><strong>ὃ</strong></span> <span class='ocrx_word' id='word_1_662' title='bbox 1602 5719 1701 5775; x_wconf 87' lang='grc' dir='ltr'>δεῖ.</span> <span class='ocrx_word' id='word_1_663' title='bbox 1738 5720 1915 5791; x_wconf 86' lang='lat' dir='ltr'><strong>Atque</strong></span> <span class='ocrx_word' id='word_1_664' title='bbox 1953 5720 2028 5775; x_wconf 90' lang='lat' dir='ltr'><strong>ita</strong></span> 
     </span>
    </p>
   </div>
   <div class='ocr_carea' id='block_1_88' title="bbox 455 5784 1211 5857">
    <p class='ocr_par' dir='ltr' id='par_1_88' title="bbox 455 5784 1211 5857">
     <span class='ocr_line' id='line_1_90' title="bbox 455 5784 1211 5857; baseline -0.003 -14"><span class='ocrx_word' id='word_1_665' title='bbox 455 5784 651 5856; x_wconf 68' lang='lat' dir='ltr'><strong>legisse</strong></span> <span class='ocrx_word' id='word_1_666' title='bbox 679 5784 893 5843; x_wconf 85' lang='lat' dir='ltr'><strong>videtur</strong></span> <span class='ocrx_word' id='word_1_667' title='bbox 923 5789 1211 5857; x_wconf 87' lang='lat' dir='ltr'><strong>interpres.</strong></span> 
     </span>
    </p>
   </div>
   <div class='ocr_carea' id='block_1_89' title="bbox 525 5857 2026 5933">
    <p class='ocr_par' dir='ltr' id='par_1_89' title="bbox 525 5857 2026 5933">
     <span class='ocr_line' id='line_1_91' title="bbox 525 5857 2026 5933; baseline 0.004 -24"><span class='ocrx_word' id='word_1_668' title='bbox 525 5857 602 5929; x_wconf 82' lang='lat'><strong>(7)</strong></span> <span class='ocrx_word' id='word_1_669' title='bbox 640 5858 984 5931; x_wconf 75' lang='grc' dir='ltr'>Προήγορον</span> <span class='ocrx_word' id='word_1_670' title='bbox 1012 5857 1153 5925; x_wconf 86' lang='grc' dir='ltr'><strong>Θεῷ.</strong></span> <span class='ocrx_word' id='word_1_671' title='bbox 1180 5857 1277 5916; x_wconf 81' lang='lat' dir='ltr'><strong>Vis</strong></span> <span class='ocrx_word' id='word_1_672' title='bbox 1302 5859 1466 5932; x_wconf 80' lang='lat' dir='ltr'><strong>thus</strong></span> <span class='ocrx_word' id='word_1_673' title='bbox 1509 5860 1887 5933; x_wconf 82' lang='lat' dir='ltr'><strong>appellationis</strong></span> <span class='ocrx_word' id='word_1_674' title='bbox 1930 5876 2026 5931; x_wconf 88' lang='lat' dir='ltr'><strong>ap-</strong></span> 
     </span>
    </p>
   </div>
   <div class='ocr_carea' id='block_1_90' title="bbox 2122 3380 3699 3454">
    <p class='ocr_par' dir='ltr' id='par_1_90' title="bbox 2122 3380 3699 3454">
     <span class='ocr_line' id='line_1_92' title="bbox 2122 3380 3699 3454; baseline -0.007 -12"><span class='ocrx_word' id='word_1_675' title='bbox 2122 3403 2277 3454; x_wconf 88' lang='lat' dir='ltr'><strong>eam;</strong></span> <span class='ocrx_word' id='word_1_676' title='bbox 2314 3395 2429 3442; x_wconf 93' lang='lat' dir='ltr'><strong>tum</strong></span> <span class='ocrx_word' id='word_1_677' title='bbox 2465 3385 2801 3441; x_wconf 87' lang='lat' dir='ltr'><strong>fortitudinis</strong></span> <span class='ocrx_word' id='word_1_678' title='bbox 2852 3383 3374 3449; x_wconf 72' lang='lat' dir='ltr'><strong>admirabilissimae;</strong></span> <span class='ocrx_word' id='word_1_679' title='bbox 3416 3390 3532 3435; x_wconf 90' lang='lat' dir='ltr'><strong>tum</strong></span> <span class='ocrx_word' id='word_1_680' title='bbox 3566 3380 3699 3443; x_wconf 68' lang='lat' dir='ltr'><strong>tule-</strong></span> 
     </span>
    </p>
   </div>
   <div class='ocr_carea' id='block_1_91' title="bbox 2122 3474 3701 3544">
    <p class='ocr_par' dir='ltr' id='par_1_91' title="bbox 2122 3474 3701 3544">
     <span class='ocr_line' id='line_1_93' title="bbox 2122 3474 3701 3544; baseline -0.006 -11"><span class='ocrx_word' id='word_1_681' title='bbox 2122 3479 2317 3534; x_wconf 67' lang='lat' dir='ltr'><strong>rantim</strong></span> <span class='ocrx_word' id='word_1_682' title='bbox 2346 3487 2566 3542; x_wconf 72' lang='lat' dir='ltr'><strong>nostrae,</strong></span> <span class='ocrx_word' id='word_1_683' title='bbox 2602 3486 2678 3542; x_wconf 90' lang='lat' dir='ltr'><strong>et,</strong></span> <span class='ocrx_word' id='word_1_684' title='bbox 2722 3486 2847 3531; x_wconf 88' lang='lat' dir='ltr'><strong>ante</strong></span> <span class='ocrx_word' id='word_1_685' title='bbox 2891 3475 3098 3541; x_wconf 84' lang='lat' dir='ltr'><strong>omnia,</strong></span> <span class='ocrx_word' id='word_1_686' title='bbox 3130 3474 3368 3544; x_wconf 90' lang='lat' dir='ltr'><strong>pietatis,</strong></span> <span class='ocrx_word' id='word_1_687' title='bbox 3405 3486 3568 3541; x_wconf 90' lang='lat' dir='ltr'><strong>quam</strong></span> <span class='ocrx_word' id='word_1_688' title='bbox 3599 3485 3701 3540; x_wconf 52' lang='lat' dir='ltr'><strong>pa-</strong></span> 
     </span>
    </p>
   </div>
   <div class='ocr_carea' id='block_1_92' title="bbox 2122 3565 3700 3639">
    <p class='ocr_par' dir='ltr' id='par_1_92' title="bbox 2122 3565 3700 3639">
     <span class='ocr_line' id='line_1_94' title="bbox 2122 3565 3700 3639; baseline -0.005 -13"><span class='ocrx_word' id='word_1_689' title='bbox 2122 3580 2327 3626; x_wconf 90' lang='lat' dir='ltr'><strong>rentem</strong></span> <span class='ocrx_word' id='word_1_690' title='bbox 2354 3571 2616 3626; x_wconf 89' lang='lat' dir='ltr'><strong>virtutum</strong></span> <span class='ocrx_word' id='word_1_691' title='bbox 2645 3569 2839 3624; x_wconf 86' lang='lat' dir='ltr'><strong>merito</strong></span> <span class='ocrx_word' id='word_1_692' title='bbox 2860 3568 3152 3639; x_wconf 83' lang='lat' dir='ltr'><strong>appellant.</strong></span> <span class='ocrx_word' id='word_1_693' title='bbox 3173 3565 3297 3621; x_wconf 59' lang='lat' dir='ltr'><strong>Hac</strong></span> <span class='ocrx_word' id='word_1_694' title='bbox 3314 3565 3582 3636; x_wconf 88' lang='lat' dir='ltr'><strong>siquidem</strong></span> <span class='ocrx_word' id='word_1_695' title='bbox 3612 3572 3700 3618; x_wconf 87' lang='lat' dir='ltr'><strong>est</strong></span> 
     </span>
    </p>
   </div>
   <div class='ocr_carea' id='block_1_93' title="bbox 2122 3654 3698 3729">
    <p class='ocr_par' dir='ltr' id='par_1_93' title="bbox 2122 3654 3698 3729">
     <span class='ocr_line' id='line_1_95' title="bbox 2122 3654 3698 3729; baseline -0.006 -13"><span class='ocrx_word' id='word_1_696' title='bbox 2122 3662 2340 3716; x_wconf 91' lang='lat' dir='ltr'><strong>initium</strong></span> <span class='ocrx_word' id='word_1_697' title='bbox 2373 3661 2608 3729; x_wconf 82' lang='lat' dir='ltr'><strong>finisque</strong></span> <span class='ocrx_word' id='word_1_698' title='bbox 2635 3659 2883 3714; x_wconf 87' lang='lat' dir='ltr'><strong>omnium</strong></span> <span class='ocrx_word' id='word_1_699' title='bbox 2904 3658 3169 3712; x_wconf 89' lang='lat' dir='ltr'><strong>virtutum</strong></span> <span class='ocrx_word' id='word_1_700' title='bbox 3200 3673 3214 3710; x_wconf 89' lang='lat'><strong>:</strong></span> <span class='ocrx_word' id='word_1_701' title='bbox 3251 3656 3320 3710; x_wconf 88' lang='lat' dir='ltr'><strong>ah</strong></span> <span class='ocrx_word' id='word_1_702' title='bbox 3344 3655 3451 3709; x_wconf 86' lang='lat' dir='ltr'><strong>hac</strong></span> <span class='ocrx_word' id='word_1_703' title='bbox 3476 3654 3522 3709; x_wconf 91' lang='lat' dir='ltr'><strong>si</strong></span> <span class='ocrx_word' id='word_1_704' title='bbox 3554 3654 3698 3708; x_wconf 89' lang='lat' dir='ltr'><strong>inci-</strong></span> 
     </span>
    </p>
   </div>
   <div class='ocr_carea' id='block_1_94' title="bbox 2122 3746 3700 3824">
    <p class='ocr_par' dir='ltr' id='par_1_94' title="bbox 2122 3746 3700 3824">
     <span class='ocr_line' id='line_1_96' title="bbox 2122 3746 3700 3824; baseline -0.004 -17"><span class='ocrx_word' id='word_1_705' title='bbox 2122 3753 2361 3824; x_wconf 88' lang='lat' dir='ltr'><strong>piamus,</strong></span> <span class='ocrx_word' id='word_1_706' title='bbox 2410 3751 2671 3807; x_wconf 86' lang='lat' dir='ltr'><strong>facillime</strong></span> <span class='ocrx_word' id='word_1_707' title='bbox 2700 3750 2862 3806; x_wconf 84' lang='lat' dir='ltr'><strong>nobis</strong></span> <span class='ocrx_word' id='word_1_708' title='bbox 2893 3749 3119 3819; x_wconf 78' lang='lat' dir='ltr'><strong>reliquae</strong></span> <span class='ocrx_word' id='word_1_709' title='bbox 3151 3748 3315 3802; x_wconf 91' lang='lat' dir='ltr'><strong>etiam</strong></span> <span class='ocrx_word' id='word_1_710' title='bbox 3346 3746 3577 3800; x_wconf 89' lang='lat' dir='ltr'><strong>virtutes</strong></span> <span class='ocrx_word' id='word_1_711' title='bbox 3605 3760 3700 3800; x_wconf 80' lang='lat' dir='ltr'><strong>ac-</strong></span> 
     </span>
    </p>
   </div>
   <div class='ocr_carea' id='block_1_95' title="bbox 2123 3837 3697 3913">
    <p class='ocr_par' dir='ltr' id='par_1_95' title="bbox 2123 3837 3697 3913">
     <span class='ocr_line' id='line_1_97' title="bbox 2123 3837 3697 3913; baseline -0.006 -13"><span class='ocrx_word' id='word_1_712' title='bbox 2123 3852 2400 3910; x_wconf 89' lang='lat' dir='ltr'><strong>crescent;</strong></span> <span class='ocrx_word' id='word_1_713' title='bbox 2437 3845 2483 3899; x_wconf 91' lang='lat' dir='ltr'><strong>si</strong></span> <span class='ocrx_word' id='word_1_714' title='bbox 2508 3843 2653 3913; x_wconf 90' lang='lat' dir='ltr'><strong>quod</strong></span> <span class='ocrx_word' id='word_1_715' title='bbox 2677 3843 2958 3897; x_wconf 88' lang='lat' dir='ltr'><strong>hominem</strong></span> <span class='ocrx_word' id='word_1_716' title='bbox 2994 3853 3439 3909; x_wconf 87' lang='lat' dir='ltr'><strong>unumquemque</strong></span> <span class='ocrx_word' id='word_1_717' title='bbox 3460 3837 3553 3907; x_wconf 93' lang='lat' dir='ltr'><strong>qui</strong></span> <span class='ocrx_word' id='word_1_718' title='bbox 3580 3850 3697 3891; x_wconf 92' lang='lat' dir='ltr'><strong>mo-</strong></span> 
     </span>
    </p>
   </div>
   <div class='ocr_carea' id='block_1_96' title="bbox 2122 3929 3697 4006">
    <p class='ocr_par' dir='ltr' id='par_1_96' title="bbox 2122 3929 3697 4006">
     <span class='ocr_line' id='line_1_98' title="bbox 2122 3929 3697 4006; baseline -0.008 -14"><span class='ocrx_word' id='word_1_719' title='bbox 2122 3937 2194 3992; x_wconf 90' lang='lat' dir='ltr'><strong>do</strong></span> <span class='ocrx_word' id='word_1_720' title='bbox 2221 3935 2423 4006; x_wconf 91' lang='lat' dir='ltr'><strong>impius</strong></span> <span class='ocrx_word' id='word_1_721' title='bbox 2450 3942 2504 3989; x_wconf 91' lang='lat' dir='ltr'><strong>et</strong></span> <span class='ocrx_word' id='word_1_722' title='bbox 2533 3933 2874 4003; x_wconf 85' lang='lat' dir='ltr'><strong>voluptarius</strong></span> <span class='ocrx_word' id='word_1_723' title='bbox 2909 3947 3018 3986; x_wconf 89' lang='lat' dir='ltr'><strong>non</strong></span> <span class='ocrx_word' id='word_1_724' title='bbox 3052 3931 3143 3998; x_wconf 91' lang='lat' dir='ltr'><strong>sit,</strong></span> <span class='ocrx_word' id='word_1_725' title='bbox 3170 3945 3364 4000; x_wconf 89' lang='lat' dir='ltr'><strong>parare</strong></span> <span class='ocrx_word' id='word_1_726' title='bbox 3392 3929 3498 3983; x_wconf 86' lang='lat' dir='ltr'><strong>sibi</strong></span> <span class='ocrx_word' id='word_1_727' title='bbox 3531 3941 3697 3997; x_wconf 90' lang='lat' dir='ltr'><strong>opor-</strong></span> 
     </span>
    </p>
   </div>
   <div class='ocr_carea' id='block_1_97' title="bbox 2124 4018 3696 4095">
    <p class='ocr_par' dir='ltr' id='par_1_97' title="bbox 2124 4018 3696 4095">
     <span class='ocr_line' id='line_1_99' title="bbox 2124 4018 3696 4095; baseline -0.005 -15"><span class='ocrx_word' id='word_1_728' title='bbox 2124 4035 2221 4095; x_wconf 89' lang='lat' dir='ltr'><strong>tet,</strong></span> <span class='ocrx_word' id='word_1_729' title='bbox 2268 4040 2330 4082; x_wconf 86' lang='lat' dir='ltr'><strong>ut</strong></span> <span class='ocrx_word' id='word_1_730' title='bbox 2359 4026 2570 4080; x_wconf 87' lang='lat' dir='ltr'><strong>amicus</strong></span> <span class='ocrx_word' id='word_1_731' title='bbox 2615 4024 3013 4092; x_wconf 84' lang='lat' dir='ltr'><strong>familiarisque</strong></span> <span class='ocrx_word' id='word_1_732' title='bbox 3057 4023 3129 4076; x_wconf 90' lang='lat' dir='ltr'><strong>sit</strong></span> <span class='ocrx_word' id='word_1_733' title='bbox 3170 4036 3295 4076; x_wconf 91' lang='lat' dir='ltr'><strong>cum</strong></span> <span class='ocrx_word' id='word_1_734' title='bbox 3344 4019 3488 4083; x_wconf 89' lang='lat' dir='ltr'><strong>Deo,</strong></span> <span class='ocrx_word' id='word_1_735' title='bbox 3534 4018 3696 4072; x_wconf 88' lang='lat' dir='ltr'><strong>nobis</strong></span> 
     </span>
    </p>
   </div>
   <div class='ocr_carea' id='block_1_98' title="bbox 2124 4100 3692 4187">
    <p class='ocr_par' dir='ltr' id='par_1_98' title="bbox 2124 4100 3692 4187">
     <span class='ocr_line' id='line_1_100' title="bbox 2124 4100 3692 4187; baseline -0.008 -18"><span class='ocrx_word' id='word_1_736' title='bbox 2124 4100 2261 4187; x_wconf 82' lang='lat' dir='ltr'><strong>ipsis</strong></span> <span class='ocrx_word' id='word_1_737' title='bbox 2301 4123 2617 4185; x_wconf 78' lang='lat' dir='ltr'><strong>expetentes</strong></span> <span class='ocrx_word' id='word_1_738' title='bbox 2653 4122 2709 4168; x_wconf 93' lang='lat' dir='ltr'><strong>et</strong></span> <span class='ocrx_word' id='word_1_739' title='bbox 2757 4113 2977 4181; x_wconf 88' lang='lat' dir='ltr'><strong>assequi</strong></span> <span class='ocrx_word' id='word_1_740' title='bbox 3015 4110 3320 4171; x_wconf 88' lang='lat' dir='ltr'><strong>studentes,</strong></span> <span class='ocrx_word' id='word_1_741' title='bbox 3356 4106 3692 4174; x_wconf 89' lang='lat' dir='ltr'><strong>reliquarum</strong></span> 
     </span>
    </p>
   </div>
   <div class='ocr_carea' id='block_1_99' title="bbox 2125 4194 3695 4271">
    <p class='ocr_par' dir='ltr' id='par_1_99' title="bbox 2125 4194 3695 4271">
     <span class='ocr_line' id='line_1_101' title="bbox 2125 4194 3695 4271; baseline -0.01 -8"><span class='ocrx_word' id='word_1_742' title='bbox 2125 4207 2291 4263; x_wconf 87' lang='lat' dir='ltr'><strong>simul</strong></span> <span class='ocrx_word' id='word_1_743' title='bbox 2315 4207 2579 4260; x_wconf 91' lang='lat' dir='ltr'><strong>virtutum</strong></span> <span class='ocrx_word' id='word_1_744' title='bbox 2605 4218 2793 4258; x_wconf 90' lang='lat' dir='ltr'><strong>curam</strong></span> <span class='ocrx_word' id='word_1_745' title='bbox 2817 4201 3243 4271; x_wconf 89' lang='lat' dir='ltr'><strong>amplectamur;</strong></span> <span class='ocrx_word' id='word_1_746' title='bbox 3271 4205 3330 4252; x_wconf 91' lang='lat' dir='ltr'><strong>ut</strong></span> <span class='ocrx_word' id='word_1_747' title='bbox 3349 4209 3461 4250; x_wconf 87' lang='lat' dir='ltr'><strong>non</strong></span> <span class='ocrx_word' id='word_1_748' title='bbox 3484 4194 3695 4262; x_wconf 71' lang='lat' dir='ltr'><strong>indigni</strong></span> 
     </span>
    </p>
   </div>
   <div class='ocr_carea' id='block_1_100' title="bbox 2124 4288 3693 4369">
    <p class='ocr_par' dir='ltr' id='par_1_100' title="bbox 2124 4288 3693 4369">
     <span class='ocr_line' id='line_1_102' title="bbox 2124 4288 3693 4369; baseline -0.009 -16"><span class='ocrx_word' id='word_1_749' title='bbox 2124 4313 2227 4353; x_wconf 89' lang='lat' dir='ltr'><strong>nec</strong></span> <span class='ocrx_word' id='word_1_750' title='bbox 2241 4296 2495 4369; x_wconf 91' lang='lat' dir='ltr'><strong>squalidi,</strong></span> <span class='ocrx_word' id='word_1_751' title='bbox 2517 4296 2611 4351; x_wconf 81' lang='lat' dir='ltr'><strong>sed</strong></span> <span class='ocrx_word' id='word_1_752' title='bbox 2639 4297 2787 4349; x_wconf 91' lang='lat' dir='ltr'><strong>omni</strong></span> <span class='ocrx_word' id='word_1_753' title='bbox 2807 4294 3012 4347; x_wconf 90' lang='lat' dir='ltr'><strong>virtute</strong></span> <span class='ocrx_word' id='word_1_754' title='bbox 3032 4306 3097 4345; x_wconf 91' lang='lat' dir='ltr'><strong>ac</strong></span> <span class='ocrx_word' id='word_1_755' title='bbox 3119 4288 3407 4360; x_wconf 84' lang='lat' dir='ltr'><strong>sapientia,</strong></span> <span class='ocrx_word' id='word_1_756' title='bbox 3431 4295 3693 4355; x_wconf 88' lang='lat' dir='ltr'><strong>tanquam</strong></span> 
     </span>
    </p>
   </div>
   <div class='ocr_carea' id='block_1_101' title="bbox 2124 4383 3698 4460">
    <p class='ocr_par' dir='ltr' id='par_1_101' title="bbox 2124 4383 3698 4460">
     <span class='ocr_line' id='line_1_103' title="bbox 2124 4383 3698 4460; baseline -0.008 -14"><span class='ocrx_word' id='word_1_757' title='bbox 2124 4392 2268 4447; x_wconf 90' lang='lat' dir='ltr'><strong>bono</strong></span> <span class='ocrx_word' id='word_1_758' title='bbox 2292 4390 2526 4460; x_wconf 90' lang='lat' dir='ltr'><strong>quodam</strong></span> <span class='ocrx_word' id='word_1_759' title='bbox 2540 4388 2764 4443; x_wconf 88' lang='lat' dir='ltr'><strong>ductore</strong></span> <span class='ocrx_word' id='word_1_760' title='bbox 2778 4385 3292 4457; x_wconf 85' lang='lat' dir='ltr'><strong>sapientissimoque</strong></span> <span class='ocrx_word' id='word_1_761' title='bbox 3320 4383 3600 4437; x_wconf 83' lang='lat' dir='ltr'><strong>sacerdote</strong></span> <span class='ocrx_word' id='word_1_762' title='bbox 3616 4392 3698 4434; x_wconf 77' lang='lat' dir='ltr'><strong>ee-</strong></span> 
     </span>
    </p>
   </div>
   <div class='ocr_carea' id='block_1_102' title="bbox 2128 4474 3696 4554">
    <p class='ocr_par' dir='ltr' id='par_1_102' title="bbox 2128 4474 3696 4554">
     <span class='ocr_line' id='line_1_104' title="bbox 2128 4474 3696 4554; baseline -0.008 -17"><span class='ocrx_word' id='word_1_763' title='bbox 2128 4486 2225 4554; x_wconf 90' lang='lat' dir='ltr'><strong>pti,</strong></span> <span class='ocrx_word' id='word_1_764' title='bbox 2256 4483 2325 4538; x_wconf 90' lang='lat' dir='ltr'><strong>ad</strong></span> <span class='ocrx_word' id='word_1_765' title='bbox 2353 4480 2523 4536; x_wconf 86' lang='lat' dir='ltr'><strong>Deum</strong></span> <span class='ocrx_word' id='word_1_766' title='bbox 2553 4483 2893 4536; x_wconf 79' lang='lat' dir='ltr'><strong>accedamus.</strong></span> <span class='ocrx_word' id='word_1_767' title='bbox 2923 4478 3111 4533; x_wconf 86' lang='lat' dir='ltr'><strong>Finem</strong></span> <span class='ocrx_word' id='word_1_768' title='bbox 3136 4491 3272 4532; x_wconf 89' lang='lat' dir='ltr'><strong>sane</strong></span> <span class='ocrx_word' id='word_1_769' title='bbox 3303 4474 3548 4530; x_wconf 90' lang='lat' dir='ltr'><strong>omnium</strong></span> <span class='ocrx_word' id='word_1_770' title='bbox 3584 4488 3696 4527; x_wconf 88' lang='lat' dir='ltr'><strong>non</strong></span> 
     </span>
    </p>
   </div>
   <div class='ocr_carea' id='block_1_103' title="bbox 2051 4567 3699 4664">
    <p class='ocr_par' dir='ltr' id='par_1_103' title="bbox 2051 4567 3699 4664">
     <span class='ocr_line' id='line_1_105' title="bbox 2051 4567 3699 4664; baseline -0.007 -32"><span class='ocrx_word' id='word_1_771' title='bbox 2051 4608 2096 4664; x_wconf 69' lang='grc' dir='ltr'><strong>ι)</strong></span> <span class='ocrx_word' id='word_1_772' title='bbox 2129 4577 2298 4632; x_wconf 91' lang='lat' dir='ltr'><strong>alium</strong></span> <span class='ocrx_word' id='word_1_773' title='bbox 2315 4575 2593 4639; x_wconf 79' lang='lat' dir='ltr'><strong>existimo,</strong></span> <span class='ocrx_word' id='word_1_774' title='bbox 2616 4588 2781 4644; x_wconf 90' lang='lat' dir='ltr'><strong>quam</strong></span> <span class='ocrx_word' id='word_1_775' title='bbox 2813 4587 2949 4644; x_wconf 86' lang='lat' dir='ltr'><strong>pura</strong></span> <span class='ocrx_word' id='word_1_776' title='bbox 2981 4579 3160 4626; x_wconf 92' lang='lat' dir='ltr'><strong>mente</strong></span> <span class='ocrx_word' id='word_1_777' title='bbox 3189 4569 3257 4624; x_wconf 90' lang='lat' dir='ltr'><strong>ad</strong></span> <span class='ocrx_word' id='word_1_778' title='bbox 3284 4567 3699 4624; x_wconf 89' lang='lat' dir='ltr'><strong>similitudinem</strong></span> 
     </span>
    </p>
   </div>
   <div class='ocr_carea' id='block_1_104' title="bbox 2127 4660 3695 4733">
    <p class='ocr_par' dir='ltr' id='par_1_104' title="bbox 2127 4660 3695 4733">
     <span class='ocr_line' id='line_1_106' title="bbox 2127 4660 3695 4733; baseline -0.007 -8"><span class='ocrx_word' id='word_1_779' title='bbox 2127 4669 2549 4733; x_wconf 86' lang='lat' dir='ltr'><strong>conformatum,</strong></span> <span class='ocrx_word' id='word_1_780' title='bbox 2574 4667 2829 4722; x_wconf 87' lang='lat' dir='ltr'><strong>accedere</strong></span> <span class='ocrx_word' id='word_1_781' title='bbox 2847 4667 2912 4721; x_wconf 87' lang='lat' dir='ltr'><strong>ad</strong></span> <span class='ocrx_word' id='word_1_782' title='bbox 2927 4663 3191 4727; x_wconf 85' lang='lat' dir='ltr'><strong>Deum,et</strong></span> <span class='ocrx_word' id='word_1_783' title='bbox 3217 4663 3271 4717; x_wconf 93' lang='lat' dir='ltr'><strong>in</strong></span> <span class='ocrx_word' id='word_1_784' title='bbox 3303 4660 3424 4733; x_wconf 89' lang='lat' dir='ltr'><strong>ipso</strong></span> <span class='ocrx_word' id='word_1_785' title='bbox 3454 4674 3695 4715; x_wconf 86' lang='lat' dir='ltr'><strong>manere.</strong></span> 
     </span>
    </p>
   </div>
   <div class='ocr_carea' id='block_1_105' title="bbox 2121 4795 3695 4877">
    <p class='ocr_par' dir='ltr' id='par_1_105' title="bbox 2121 4795 3695 4877">
     <span class='ocr_line' id='line_1_107' title="bbox 2121 4795 3695 4877; baseline -0.008 -16"><span class='ocrx_word' id='word_1_786' title='bbox 2121 4814 2277 4877; x_wconf 78' lang='lat' dir='ltr'><strong>paret</strong></span> <span class='ocrx_word' id='word_1_787' title='bbox 2309 4820 2372 4860; x_wconf 83' lang='lat' dir='ltr'><strong>ex</strong></span> <span class='ocrx_word' id='word_1_788' title='bbox 2406 4801 2838 4877; x_wconf 66' lang='lat' dir='ltr'><strong>aequipolleptia,</strong></span> <span class='ocrx_word' id='word_1_789' title='bbox 2901 4799 2975 4872; x_wconf 81' lang='grc' dir='ltr'>μὴ</span> <span class='ocrx_word' id='word_1_790' title='bbox 3032 4797 3212 4877; x_wconf 77' lang='grc' dir='ltr'>ἄθεον,</span> <span class='ocrx_word' id='word_1_791' title='bbox 3248 4796 3362 4877; x_wconf 80' lang='lat' dir='ltr'><strong>_qui</strong></span> <span class='ocrx_word' id='word_1_792' title='bbox 3413 4795 3695 4877; x_wconf 71' lang='lat' dir='ltr'><strong>veritatem</strong></span> 
     </span>
    </p>
   </div>
   <div class='ocr_carea' id='block_1_106' title="bbox 2122 4868 3694 4946">
    <p class='ocr_par' dir='ltr' id='par_1_106' title="bbox 2122 4868 3694 4946">
     <span class='ocr_line' id='line_1_108' title="bbox 2122 4868 3694 4946; baseline -0.009 -15"><span class='ocrx_word' id='word_1_793' title='bbox 2122 4868 2191 4932; x_wconf 73' lang='lat' dir='ltr'><strong>de</strong></span> <span class='ocrx_word' id='word_1_794' title='bbox 2255 4875 2366 4930; x_wconf 89' lang='lat' dir='ltr'><strong>Deo</strong></span> <span class='ocrx_word' id='word_1_795' title='bbox 2419 4868 2620 4928; x_wconf 74' lang='lat' dir='ltr'><strong>tuetur.</strong></span> <span class='ocrx_word' id='word_1_796' title='bbox 2682 4871 2851 4946; x_wconf 78' lang='lat' dir='ltr'><strong>Paulo</strong></span> <span class='ocrx_word' id='word_1_797' title='bbox 2903 4868 3054 4934; x_wconf 73' lang='lat' dir='ltr'><strong>ante,</strong></span> <span class='ocrx_word' id='word_1_798' title='bbox 3096 4868 3314 4946; x_wconf 68' lang='grc' dir='ltr'>ἀρετῶν</span> <span class='ocrx_word' id='word_1_799' title='bbox 3368 4868 3694 4946; x_wconf 63' lang='grc' dir='ltr'>προηγοροῇ</span> 
     </span>
    </p>
   </div>
   <div class='ocr_carea' id='block_1_107' title="bbox 2122 4938 3696 5021">
    <p class='ocr_par' dir='ltr' id='par_1_107' title="bbox 2122 4938 3696 5021">
     <span class='ocr_line' id='line_1_109' title="bbox 2122 4938 3696 5021; baseline -0.01 -20"><span class='ocrx_word' id='word_1_800' title='bbox 2122 4947 2196 5021; x_wconf 72' lang='lat' dir='ltr'><strong>Et</strong></span> <span class='ocrx_word' id='word_1_801' title='bbox 2240 4962 2384 5021; x_wconf 89' lang='lat' dir='ltr'><strong>cap._</strong></span> <span class='ocrx_word' id='word_1_802' title='bbox 2418 4946 2450 4998; x_wconf 86' lang='lat'><strong>6</strong></span> <span class='ocrx_word' id='word_1_803' title='bbox 2509 4955 2632 5021; x_wconf 81' lang='lat' dir='ltr'><strong>post</strong></span> <span class='ocrx_word' id='word_1_804' title='bbox 2699 4943 2971 5021; x_wconf 58' lang='lat' dir='ltr'><strong>medium,</strong></span> <span class='ocrx_word' id='word_1_805' title='bbox 3028 4938 3154 5021; x_wconf 61' lang='grc' dir='ltr'><strong>τοῦ</strong></span> <span class='ocrx_word' id='word_1_806' title='bbox 3183 4939 3356 5021; x_wconf 47' lang='grc' dir='ltr'>λύγου.</span> <span class='ocrx_word' id='word_1_807' title='bbox 3409 4938 3518 5021; x_wconf 32' lang='grc' dir='ltr'>τοῦ.</span> <span class='ocrx_word' id='word_1_808' title='bbox 3552 4938 3696 5021; x_wconf 75' lang='grc' dir='ltr'>ἱεροῦ</span> 
     </span>
    </p>
   </div>
   <div class='ocr_carea' id='block_1_108' title="bbox 2123 5007 3696 5086">
    <p class='ocr_par' dir='ltr' id='par_1_108' title="bbox 2123 5007 3696 5086">
     <span class='ocr_line' id='line_1_110' title="bbox 2123 5007 3696 5086; baseline -0.01 -16"><span class='ocrx_word' id='word_1_809' title='bbox 2123 5017 2275 5086; x_wconf 86' lang='grc' dir='ltr'>φίλος</span> <span class='ocrx_word' id='word_1_810' title='bbox 2303 5007 2398 5068; x_wconf 72' lang='grc' dir='ltr'><strong>καὶ</strong></span> <span class='ocrx_word' id='word_1_811' title='bbox 2424 5007 2753 5086; x_wconf 72' lang='grc' dir='ltr'>πρὸήγορος.</span> <span class='ocrx_word' id='word_1_812' title='bbox 2783 5010 2997 5086; x_wconf 58' lang='lat' dir='ltr'><strong>Etcap.</strong></span> <span class='ocrx_word' id='word_1_813' title='bbox 3026 5012 3094 5065; x_wconf 77' lang='grc'>15</span> <span class='ocrx_word' id='word_1_814' title='bbox 3115 5011 3216 5086; x_wconf 75' lang='lat' dir='ltr'><strong>sub</strong></span> <span class='ocrx_word' id='word_1_815' title='bbox 3239 5007 3478 5086; x_wconf 71' lang='lat' dir='ltr'><strong>initium.</strong></span> <span class='ocrx_word' id='word_1_816' title='bbox 3499 5007 3696 5086; x_wconf 54' lang='grc' dir='ltr'>λογίων</span> 
     </span>
    </p>
   </div>
   <div class='ocr_carea' id='block_1_109' title="bbox 2123 5077 3696 5227">
    <p class='ocr_par' dir='ltr' id='par_1_109' title="bbox 2123 5077 3696 5227">
     <span class='ocr_line' id='line_1_111' title="bbox 2124 5077 3696 5162; baseline -0.008 -20"><span class='ocrx_word' id='word_1_817' title='bbox 2124 5077 2452 5160; x_wconf 68' lang='grc' dir='ltr'>προηγορος.</span> <span class='ocrx_word' id='word_1_818' title='bbox 2470 5077 2717 5139; x_wconf 51' lang='grc' dir='ltr'><strong>’Βεᾶοὲιη</strong></span> <span class='ocrx_word' id='word_1_819' title='bbox 2745 5114 2814 5124; x_wconf 91' lang='lat'><strong>——</strong></span> <span class='ocrx_word' id='word_1_820' title='bbox 2841 5077 3005 5138; x_wconf 79' lang='lat' dir='ltr'><strong>Viros</strong></span> <span class='ocrx_word' id='word_1_821' title='bbox 3032 5083 3273 5162; x_wconf 74' lang='lat' dir='ltr'><strong>eruditos</strong></span> <span class='ocrx_word' id='word_1_822' title='bbox 3301 5080 3555 5149; x_wconf 74' lang='lat' dir='ltr'><strong>fugerunt</strong></span> <span class='ocrx_word' id='word_1_823' title='bbox 3583 5077 3696 5130; x_wconf 75' lang='lat' dir='ltr'><strong>haec</strong></span> 
     </span>
     <span class='ocr_line' id='line_1_112' title="bbox 2123 5144 3691 5227; baseline -0.01 -15"><span class='ocrx_word' id='word_1_824' title='bbox 2123 5159 2241 5214; x_wconf 79' lang='lat' dir='ltr'><strong>loca</strong></span> <span class='ocrx_word' id='word_1_825' title='bbox 2273 5156 2627 5227; x_wconf 81' lang='lat' dir='ltr'><strong>Gregoriana,</strong></span> <span class='ocrx_word' id='word_1_826' title='bbox 2654 5156 2721 5209; x_wconf 89' lang='lat' dir='ltr'><strong>ad</strong></span> <span class='ocrx_word' id='word_1_827' title='bbox 2755 5154 3023 5227; x_wconf 71' lang='lat' dir='ltr'><strong>Pollucem</strong></span> <span class='ocrx_word' id='word_1_828' title='bbox 3051 5152 3143 5207; x_wconf 76' lang='grc' dir='ltr'><strong>Ιώ.</strong></span> <span class='ocrx_word' id='word_1_829' title='bbox 3173 5166 3317 5227; x_wconf 74' lang='lat' dir='ltr'><strong>n,_c.</strong></span> <span class='ocrx_word' id='word_1_830' title='bbox 3344 5152 3397 5214; x_wconf 69' lang='grc'>4,</span> <span class='ocrx_word' id='word_1_831' title='bbox 3429 5144 3691 5227; x_wconf 47' lang='lat'><strong>$3.126,</strong></span> 
     </span>
    </p>
   </div>
   <div class='ocr_carea' id='block_1_110' title="bbox 2612 5187 3691 5221">
    <p class='ocr_par' dir='ltr' id='par_1_110' title="bbox 2612 5187 3691 5221">
     <span class='ocr_line' id='line_1_113' title="bbox 2612 5187 3691 5221; baseline -0.006 -12"><span class='ocrx_word' id='word_1_832' title='bbox 2612 5194 2627 5221; x_wconf 57' lang='grc' dir='ltr'><strong>ν</strong></span> <span class='ocrx_word' id='word_1_833' title='bbox 2654 5187 2721 5209; x_wconf 68' lang='lat' dir='ltr'><strong>du</strong></span> <span class='ocrx_word' id='word_1_834' title='bbox 2755 5187 2778 5207; x_wconf 79' lang='grc' dir='ltr'><strong><em>ι</em></strong></span> <span class='ocrx_word' id='word_1_835' title='bbox 2804 5187 3023 5208; x_wconf 65' lang='grc' dir='ltr'><strong>υιιιιισῠιη</strong></span> <span class='ocrx_word' id='word_1_836' title='bbox 3051 5187 3143 5207; x_wconf 75' lang='grc' dir='ltr'>ιιυο</span> <span class='ocrx_word' id='word_1_837' title='bbox 3173 5187 3235 5213; x_wconf 71' lang='grc' dir='ltr'><strong>ΙΙ,</strong></span> <span class='ocrx_word' id='word_1_838' title='bbox 3268 5187 3317 5205; x_wconf 62' lang='grc' dir='ltr'><strong>ιι.</strong></span> <span class='ocrx_word' id='word_1_839' title='bbox 3344 5187 3397 5214; x_wconf 66' lang='grc' dir='ltr'><strong>ἰ’</strong></span> <span class='ocrx_word' id='word_1_840' title='bbox 3429 5187 3691 5221; x_wconf 59' lang='grc' dir='ltr'><strong>υνδε-ἷ-νι</strong></span> 
     </span>
    </p>
   </div>
   <div class='ocr_carea' id='block_1_111' title="bbox 2126 5214 3799 5300">
    <p class='ocr_par' dir='ltr' id='par_1_111' title="bbox 2126 5214 3799 5300">
     <span class='ocr_line' id='line_1_114' title="bbox 2126 5214 3799 5300; baseline -0.008 -18"><span class='ocrx_word' id='word_1_841' title='bbox 2126 5214 2463 5300; x_wconf 58' lang='lat' dir='ltr'><strong>Hesychiuum</strong></span> <span class='ocrx_word' id='word_1_842' title='bbox 2510 5242 2564 5280; x_wconf 89' lang='lat' dir='ltr'><strong>v.</strong></span> <span class='ocrx_word' id='word_1_843' title='bbox 2614 5214 3086 5300; x_wconf 62' lang='grc' dir='ltr'>Ἡρρῃγόρησαν,</span> <span class='ocrx_word' id='word_1_844' title='bbox 3142 5230 3196 5275; x_wconf 91' lang='lat' dir='ltr'><strong>et</strong></span> <span class='ocrx_word' id='word_1_845' title='bbox 3239 5214 3513 5300; x_wconf 52' lang='lat' dir='ltr'><strong>Thomam&#39;</strong></span> <span class='ocrx_word' id='word_1_846' title='bbox 3547 5214 3689 5295; x_wconf 76' lang='lat' dir='ltr'><strong>Mog.</strong></span> <span class='ocrx_word' id='word_1_847' title='bbox 3791 5233 3799 5241; x_wconf 61' lang='grc' dir='ltr'><strong><em>ν</em></strong></span> 
     </span>
    </p>
   </div>
   <div class='ocr_carea' id='block_1_112' title="bbox 2126 5290 3695 5366">
    <p class='ocr_par' dir='ltr' id='par_1_112' title="bbox 2126 5290 3695 5366">
     <span class='ocr_line' id='line_1_115' title="bbox 2126 5290 3695 5366; baseline -0.008 -13"><span class='ocrx_word' id='word_1_848' title='bbox 2126 5290 2336 5354; x_wconf 70' lang='lat' dir='ltr'><strong>nov-iss.</strong></span> <span class='ocrx_word' id='word_1_849' title='bbox 2380 5298 2512 5353; x_wconf 87' lang='lat' dir='ltr'><strong>edit.</strong></span> <span class='ocrx_word' id='word_1_850' title='bbox 2548 5290 3015 5366; x_wconf 20' lang='lat' dir='ltr'><strong>pag.&#39;7-5’0,&#39;quos</strong></span> <span class='ocrx_word' id='word_1_851' title='bbox 3065 5302 3241 5366; x_wconf 64' lang='lat' dir='ltr'><strong>tamen</strong></span> <span class='ocrx_word' id='word_1_852' title='bbox 3272 5290 3340 5343; x_wconf 92' lang='lat' dir='ltr'><strong>ad</strong></span> <span class='ocrx_word' id='word_1_853' title='bbox 3385 5290 3494 5366; x_wconf 85' lang='lat' dir='ltr'><strong>vim</strong></span> <span class='ocrx_word' id='word_1_854' title='bbox 3544 5290 3695 5366; x_wconf 80' lang='lat' dir='ltr'><strong>vocis</strong></span> 
     </span>
    </p>
   </div>
   <div class='ocr_carea' id='block_1_113' title="bbox 2127 5359 3695 5439">
    <p class='ocr_par' dir='ltr' id='par_1_113' title="bbox 2127 5359 3695 5439">
     <span class='ocr_line' id='line_1_116' title="bbox 2127 5359 3695 5439; baseline -0.007 -17"><span class='ocrx_word' id='word_1_855' title='bbox 2127 5368 2523 5439; x_wconf 72' lang='lat' dir='ltr'><strong>assequendam</strong></span> <span class='ocrx_word' id='word_1_856' title='bbox 2549 5359 2861 5439; x_wconf 29' lang='lat' dir='ltr'><strong>ierinsulas;</strong></span> <span class='ocrx_word' id='word_1_857' title='bbox 2875 5359 3057 5439; x_wconf 58' lang='lat' dir='ltr'><strong>velim.</strong></span> <span class='ocrx_word' id='word_1_858' title='bbox 3090 5363 3357 5439; x_wconf 65' lang='lat' dir='ltr'><strong>Caeterum</strong></span> <span class='ocrx_word' id='word_1_859' title='bbox 3413 5359 3695 5439; x_wconf 57' lang='lat' dir='ltr'><strong>advertere</strong></span> 
     </span>
    </p>
   </div>
   <div class='ocr_carea' id='block_1_114' title="bbox 2126 5426 3696 5508">
    <p class='ocr_par' dir='ltr' id='par_1_114' title="bbox 2126 5426 3696 5508">
     <span class='ocr_line' id='line_1_117' title="bbox 2126 5426 3696 5508; baseline -0.011 -14"><span class='ocrx_word' id='word_1_860' title='bbox 2126 5426 2414 5494; x_wconf 59' lang='lat' dir='ltr'><strong>libet&#39;cum</strong></span> <span class='ocrx_word' id='word_1_861' title='bbox 2465 5435 2781 5508; x_wconf 27' lang='lat' dir='ltr'><strong>Kuhnio‘ad</strong></span> <span class='ocrx_word' id='word_1_862' title='bbox 2820 5433 3030 5508; x_wconf 72' lang='lat' dir='ltr'><strong>Polluc.</strong></span> <span class='ocrx_word' id='word_1_863' title='bbox 3063 5426 3696 5508; x_wconf 44' lang='lat' dir='ltr'><strong>npoﬁyopov,,npmdicu-</strong></span> 
     </span>
    </p>
   </div>
   <div class='ocr_carea' id='block_1_115' title="bbox 2127 5497 3692 5577">
    <p class='ocr_par' dir='ltr' id='par_1_115' title="bbox 2127 5497 3692 5577">
     <span class='ocr_line' id='line_1_118' title="bbox 2127 5497 3692 5577; baseline -0.009 -14"><span class='ocrx_word' id='word_1_864' title='bbox 2127 5520 2309 5573; x_wconf 76' lang='lat' dir='ltr'><strong>torem,</strong></span> <span class='ocrx_word' id='word_1_865' title='bbox 2345 5522 2654 5577; x_wconf 61' lang='lat' dir='ltr'><strong>praeconem,</strong></span> <span class='ocrx_word' id='word_1_866' title='bbox 2676 5505 2816 5577; x_wconf 61' lang='lat' dir='ltr'><strong>licet</strong></span> <span class='ocrx_word' id='word_1_867' title='bbox 2850 5503 3061 5577; x_wconf 72' lang='lat' dir='ltr'><strong>rarius,</strong></span> <span class='ocrx_word' id='word_1_868' title='bbox 3090 5497 3366 5577; x_wconf 76' lang='lat' dir='ltr'><strong>denotare.</strong></span> <span class='ocrx_word' id='word_1_869' title='bbox 3404 5497 3537 5565; x_wconf 63' lang='lat' dir='ltr'><strong>Quae</strong></span> <span class='ocrx_word' id='word_1_870' title='bbox 3566 5497 3692 5577; x_wconf 75' lang='lat' dir='ltr'><strong>qui-</strong></span> 
     </span>
    </p>
   </div>
   <div class='ocr_carea' id='block_1_116' title="bbox 2125 5567 3695 5648">
    <p class='ocr_par' dir='ltr' id='par_1_116' title="bbox 2125 5567 3695 5648">
     <span class='ocr_line' id='line_1_119' title="bbox 2125 5567 3695 5648; baseline -0.007 -14"><span class='ocrx_word' id='word_1_871' title='bbox 2125 5581 2248 5634; x_wconf 90' lang='lat' dir='ltr'><strong>dem</strong></span> <span class='ocrx_word' id='word_1_872' title='bbox 2279 5567 2652 5648; x_wconf 78' lang='lat' dir='ltr'><strong>interpretatio</strong></span> <span class='ocrx_word' id='word_1_873' title='bbox 2672 5567 3141 5648; x_wconf 61' lang='lat' dir='ltr'><strong>Bengelioarrisit</strong></span> <span class='ocrx_word' id='word_1_874' title='bbox 3168 5589 3180 5624; x_wconf 89' lang='lat'><strong>:</strong></span> <span class='ocrx_word' id='word_1_875' title='bbox 3206 5586 3377 5643; x_wconf 89' lang='lat' dir='ltr'><strong>eaque</strong></span> <span class='ocrx_word' id='word_1_876' title='bbox 3401 5584 3534 5648; x_wconf 79' lang='lat' dir='ltr'><strong>sane</strong></span> <span class='ocrx_word' id='word_1_877' title='bbox 3567 5567 3695 5623; x_wconf 87' lang='lat' dir='ltr'><strong>huic</strong></span> 
     </span>
    </p>
   </div>
   <div class='ocr_carea' id='block_1_117' title="bbox 2129 5640 3696 5716">
    <p class='ocr_par' dir='ltr' id='par_1_117' title="bbox 2129 5640 3696 5716">
     <span class='ocr_line' id='line_1_120' title="bbox 2129 5640 3696 5716; baseline -0.006 -13"><span class='ocrx_word' id='word_1_878' title='bbox 2129 5651 2246 5705; x_wconf 82' lang='lat' dir='ltr'><strong>loco</strong></span> <span class='ocrx_word' id='word_1_879' title='bbox 2279 5640 2448 5704; x_wconf 75' lang='lat' dir='ltr'><strong>altera</strong></span> <span class='ocrx_word' id='word_1_880' title='bbox 2492 5640 3120 5716; x_wconf 56' lang='lat' dir='ltr'><strong>Sirmondiffamiléaris,</strong></span> <span class='ocrx_word' id='word_1_881' title='bbox 3144 5640 3529 5712; x_wconf 81' lang='lat' dir='ltr'><strong>congruentior</strong></span> <span class='ocrx_word' id='word_1_882' title='bbox 3575 5652 3696 5694; x_wconf 85' lang='lat' dir='ltr'><strong>esse</strong></span> 
     </span>
    </p>
   </div>
   <div class='ocr_carea' id='block_1_118' title="bbox 2127 5721 2479 5775">
    <p class='ocr_par' dir='ltr' id='par_1_118' title="bbox 2127 5721 2479 5775">
     <span class='ocr_line' id='line_1_121' title="bbox 2127 5721 2479 5775; baseline -0.014 0"><span class='ocrx_word' id='word_1_883' title='bbox 2127 5721 2479 5775; x_wconf 86' lang='lat' dir='ltr'><strong>comneritur.</strong></span> 
     </span>
    </p>
   </div>
   <div class='ocr_carea' id='block_1_119' title="bbox 2201 5735 3695 5859">
    <p class='ocr_par' dir='ltr' id='par_1_119' title="bbox 2201 5735 3695 5859">
     <span class='ocr_line' id='line_1_122' title="bbox 2201 5735 2479 5789; baseline -0.011 -16"><span class='ocrx_word' id='word_1_884' title='bbox 2201 5735 2479 5789; x_wconf 81' lang='lat' dir='ltr'><strong>mperrtur.</strong></span> 
     </span>
     <span class='ocr_line' id='line_1_123' title="bbox 2201 5778 3695 5859; baseline -0.007 -16"><span class='ocrx_word' id='word_1_885' title='bbox 2201 5790 2279 5859; x_wconf 90' lang='lat'><strong>(8)</strong></span> <span class='ocrx_word' id='word_1_886' title='bbox 2322 5786 2749 5858; x_wconf 77' lang='grc' dir='ltr'>Ἐξομοιὼθητι.</span> <span class='ocrx_word' id='word_1_887' title='bbox 2782 5783 2873 5841; x_wconf 89' lang='lat' dir='ltr'><strong>Sic</strong></span> <span class='ocrx_word' id='word_1_888' title='bbox 2909 5783 3225 5859; x_wconf 79' lang='lat' dir='ltr'><strong>Bcngelins,</strong></span> <span class='ocrx_word' id='word_1_889' title='bbox 3258 5780 3567 5859; x_wconf 71' lang='lat' dir='ltr'><strong>Hmschelio</strong></span> <span class='ocrx_word' id='word_1_890' title='bbox 3593 5778 3695 5859; x_wconf 59' lang='lat' dir='ltr'><strong>ad-</strong></span> 
     </span>
    </p>
   </div>
   <div class='ocr_carea' id='block_1_120' title="bbox 2129 5848 3698 5931">
    <p class='ocr_par' dir='ltr' id='par_1_120' title="bbox 2129 5848 3698 5931">
     <span class='ocr_line' id='line_1_124' title="bbox 2129 5848 3698 5931; baseline -0.006 -14"><span class='ocrx_word' id='word_1_891' title='bbox 2129 5848 2361 5917; x_wconf 70' lang='lat' dir='ltr'><strong>haerens.</strong></span> <span class='ocrx_word' id='word_1_892' title='bbox 2397 5848 2821 5931; x_wconf 63' lang='lat' dir='ltr'><strong>Vossius,quem</strong></span> <span class='ocrx_word' id='word_1_893' title='bbox 2852 5848 3096 5928; x_wconf 75' lang='lat' dir='ltr'><strong>sequitur</strong></span> <span class='ocrx_word' id='word_1_894' title='bbox 3122 5848 3360 5927; x_wconf 82' lang='lat' dir='ltr'><strong>nuperos</strong></span> <span class='ocrx_word' id='word_1_895' title='bbox 3388 5853 3562 5911; x_wconf 80' lang='lat' dir='ltr'><strong>editor</strong></span> <span class='ocrx_word' id='word_1_896' title='bbox 3591 5848 3698 5907; x_wconf 69' lang='lat' dir='ltr'><strong>Pa-</strong></span> 
     </span>
    </p>
   </div>
  </div>
