4100 6390
491 367 630 424 1087

1618 371 1676 428 8.
1715 370 2041 429 GREGORII
2078 369 2585 475 ΤΗΑριιΑτυιιοι

3594 369 3735 429 1088

560 483 699 540 Χιιι.
739 482 860 541 Jam
887 495 1083 552 praeter
1103 491 1357 542 caeteram
1390 499 1606 542 omnem
1648 487 1973 543 industriam
1999 502 2060 543 ac

2234 488 2332 542 Il".
2381 488 2503 542 Ἐπὶ
2539 490 2607 561 τῇ
2627 486 2759 559 ἄλλῃ
2780 487 2928 560 πάσῃ
2943 487 3239 561 φιλοπονίᾳ
3262 490 3357 543 καὶ
3384 487 3613 561 σπουδῇ,
3635 490 3734 560 τὴν

493 578 756 642 studium,
798 578 934 632 illud
982 594 1093 648 quo
1124 579 1177 632 in
1205 579 1490 649 theologite
1520 580 1767 635 doctrina
1802 592 1859 637 et
1901 598 2053 638 reve-

492 670 668 724 rentia
712 670 870 724 nobis
911 669 1264 725 instituendis
1306 679 1391 724 est
1435 686 1588 739 usus,
1635 674 1836 743 quibus
1877 676 2056 730 verbis

491 762 670 832 eloqui
701 761 931 831 possim,
965 772 1061 816 aut
1093 763 1240 832 ipsos
1261 761 1363 815 viri
1388 778 1584 820 sensus
1613 777 1918 836 penetrare,
1946 783 2057 838 quo

492 850 721 905 consilio
750 858 804 905 et
834 859 1098 920 apparatu
1130 867 1322 908 omnes
1347 852 1416 908 de
1441 850 1553 908 Deo
1587 869 1868 913 sermones
1896 866 2058 928 atque

489 943 789 998 sententias
834 942 1079 1005 ediscere
1125 960 1225 1001 nos
1254 942 1449 1014 vellet;
1497 946 1689 1003 sedulo
1733 965 1949 1016 cavens,
1989 965 2059 1005 ne

490 1035 702 1104 uspiam
736 1036 790 1089 in
824 1051 883 1089 re
916 1036 1162 1091 omnium
1203 1038 1442 1093 maxime
1476 1041 1807 1107 necessaria,
1840 1043 1945 1099 hoc
1974 1050 2060 1098 est
2094 1097 2099 1101 _

489 1127 544 1180 in
588 1128 777 1195 primae
817 1127 1063 1181 omnium
1108 1144 1287 1184 causae
1334 1130 1680 1198 cognitione,
1726 1134 2060 1202 periclitare-

489 1217 654 1270 mur?
681 1216 1065 1287 Pbilosophari
1094 1234 1224 1287 ergo
1253 1233 1354 1273 nos
1383 1219 1457 1273 ita
1474 1218 1718 1287 iubebat,
1756 1228 1816 1274 ut
1854 1222 2058 1289 omnia,

487 1317 757 1377 quotquot
803 1318 1049 1373 exstant,
1108 1320 1349 1365 veterum
1410 1321 1525 1367 tum
1590 1313 2059 1383 philosophorum,

489 1410 601 1453 tum
636 1410 917 1469 poetarum
952 1403 1151 1472 scripta
1187 1404 1525 1474 colligentes,
1556 1404 1690 1459 nihil
1723 1407 1947 1463 omnino
1971 1424 2061 1462 re-

483 1492 799 1560 jiceremus,
857 1494 1100 1563 nihilque
1156 1498 1568 1565 repudiaremus
1617 1500 1869 1569 (necdum
1916 1498 2060 1554 enim

487 1585 598 1638 vim
653 1586 855 1641 habere
892 1588 1173 1657 judicandi
1207 1593 1570 1658 poteramus),
1620 1600 1815 1659 praeter
1851 1607 1914 1646 ea
1943 1607 2065 1662 quae

488 1676 775 1732 atheorum
808 1688 1011 1744 essent,
1057 1679 1227 1749 qui,a
1270 1682 1547 1736 communi
1583 1683 1863 1737 hominum
1897 1698 2062 1738 sensu

487 1768 852 1837 discedentes,
904 1769 1074 1824 Deum
1127 1780 1222 1825 aut
1274 1771 1674 1831 Providentiam
1708 1789 1830 1829 esse
1865 1784 2063 1845 negant

2164 578 2294 647 περὶ
2337 576 2614 647 θεολογίας
2657 576 3002 633 διδασκαλίαν
3054 578 3147 633 καὶ
3190 578 3477 634 εὐλάϐειαν
3504 578 3627 643 πῶς
3668 579 3735 633 ἂν

2163 665 2437 738 ἐξέλθοιμι
2467 665 2546 737 τῷ
2586 666 2749 737 λόγῳ,
2782 668 2862 730 είς
2906 666 3075 739 αὐτὴν
3120 667 3222 740 τὴν
3271 667 3509 738 διάθεσιν
3556 667 3737 731 εἰσδὺς

2159 758 2253 812 τοῦ
2287 758 2502 831 ἀνδρὸς,
2539 759 2636 812 σὺν
2657 758 2744 830 οἵᾳ
2775 757 2968 833 γνώμῃ
2989 760 3082 814 καὶ
3106 763 3422 832 παρασκευῇ
3456 761 3585 826 τοὺς
3608 761 3738 831 περὶ

2156 850 2259 904 τοῦ
2288 850 2444 905 Θείου
2490 851 2699 915 πάντας
2728 851 3086 924 ἐκμανθάνειν
3131 853 3278 924 ἡμᾶς
3321 852 3479 924 ἤθελε
3523 852 3736 922 λόγους,

2160 943 2571 1014 φυλαττόμενος
2599 944 2671 1015 μή
2713 961 2789 1014 πη
2838 943 3280 1015 κινδυνεύσαιμεν
3317 944 3442 1016 περὶ
3470 943 3533 997 τὸ
3565 945 3736 1011 ἀναγ-

2162 1035 2444 1095 καιότατον
2471 1034 2747 1100 ἀπάντων,
2795 1033 2891 1106 τὴν
2920 1032 3014 1089 τοῦ
3047 1034 3264 1089 πάντων
3294 1035 3466 1087 αίτίου
3498 1034 3733 1102 γνῶσιν;

2163 1125 2473 1195 φιλοσοφεῖν
2507 1123 2605 1195 μὲν
2653 1122 2762 1194 γάρ
2809 1121 2983 1193 ἠξίου,
3028 1122 3450 1193 ἀναλεγομένους
3490 1120 3598 1173 τῶν
3636 1122 3738 1191 ἀρ-

2162 1217 2333 1287 χαίων
2369 1217 2546 1271 πάντα
2591 1216 2692 1269 ὅσα
2725 1215 2815 1270 καὶ
2847 1215 3150 1285 φιλοσόφων
3184 1215 3278 1269 καὶ
3320 1213 3578 1285 ὑμνῳδῶν
3622 1215 3738 1267 ἐστι

2160 1308 2466 1383 γράμματα
2498 1308 2648 1379 πάσῃ
2688 1308 2914 1378 δυνάμει
2961 1307 3128 1378 μηδὲν
3173 1306 3590 1378 ὲκποιουμένους
3638 1305 3737 1377 (θ),

2166 1401 2289 1471 μηδ’
2322 1398 2819 1471 ἀποδοκιμάζοντας
2848 1399 3076 1470 (οὐδέπω
3114 1398 3223 1470 γὰρ
3261 1384 3381 1453 sese
3419 1399 3518 1472 τὴν
3554 1398 3739 1470 κρίσιν

2163 1489 2433 1561 ἔχεινμθ)
2454 1489 2801 1561 ἐδυνάμεθα),
2840 1488 2979 1561 πλὴν
3010 1491 3113 1543 ὅσα
3138 1490 3245 1543 τῶν
3277 1489 3450 1543 ἀθέων
3479 1490 3588 1561 εἴη,
3622 1492 3739 1544 ὅσοι

2163 1581 2573 1645 ὲκκυλισθέντες
2600 1580 2735 1652 ὁμοῦ
2782 1581 2891 1651 (li)
2938 1580 3035 1634 καὶ
3091 1580 3200 1635 τῶν
3248 1580 3603 1652 ἀνθρωπίνων
3650 1583 3739 1635 ἐν·

2163 1673 2342 1737 νοιῶν,
2364 1674 2464 1728 οὐκ
2498 1668 2635 1733 εἶναι
2661 1672 2792 1727 Θεὸν
2820 1672 2853 1743 ἢ
2878 1672 3141 1744 Πρόνοιαν
3168 1672 3382 1742 λέγουσι
3416 1672 3608 1745 (ταῦτα
3628 1674 3739 1746 γὰρ

2163 1765 2277 1820 οὔτ’
2304 1765 2701 1835 ἀναγινώσκειν
2732 1765 2901 1831 ἀξιον,
2938 1768 3026 1821 ἵνα
3055 1767 3176 1838 μηδ’
3209 1766 3267 1819 ἐν
3290 1765 3368 1837 τῷ
3398 1766 3611 1838 τυχόντι
3644 1784 3738 1838 μο-

489 1861 631 1927 (hac
659 1862 805 1915 enim
843 1876 910 1916 ne
941 1861 1102 1933 (ligna
1137 1863 1353 1931 quidem
1388 1878 1511 1918 esse
1536 1879 1657 1933 quae
1688 1839 1963 1933 legantur,
1994 1881 2060 1920 ne

2164 1857 2359 1913 λύνοιθ’
2400 1859 2535 1930 ἡμῖν
2573 1858 2804 1930 ἡψυχὴ,
2854 1857 3094 1911 εὐσεϐεῖν
3141 1857 3424 1929 μέλλουσα,
3473 1857 3647 1927 λόγων
3681 1848 3739 1912 δὲ

489 1967 599 2021 qua
648 1951 787 2007 forte
825 1967 885 2007 re
928 1952 1308 2022 inquinaretur
1334 1954 1494 2009 nobis
1532 1955 1772 2019 animus,
1798 1955 1893 2025 qui
1935 1970 2058 2010 cum

490 2046 748 2114 pietatem
773 2044 954 2099 colere
975 2045 1191 2109 debeat,
1222 2060 1505 2101 sermones
1534 2046 1722 2102 audiat
1741 2047 1925 2101 divino
1950 2047 2064 2102 cul-

490 2137 571 2192 tui
607 2147 987 2207 repugnantes.
1012 2134 1197 2207 Neque
1227 2138 1373 2192 enim
1418 2138 1455 2193 ii
1492 2139 1586 2208 qui
1621 2139 1821 2209 templa
1841 2138 2060 2207 adeunt,

491 2227 812 2297 religiosum
871 2236 1084 2297 putant,
1139 2228 1438 2298 quidquam
1498 2231 1724 2285 omnino
1775 2231 2061 2302 profanum

491 2327 853 2373 contrectare.
894 2316 1101 2373 Horum
1136 2319 1320 2389 itaque
1348 2319 1517 2377 libros
1557 2319 1625 2375 iis
1670 2320 1765 2391 qui
1808 2321 2062 2391 pietatem

490 2407 869 2479 profiteantur,
899 2410 1048 2464 nullo
1074 2410 1129 2464 in
1156 2424 1385 2466 numero
1414 2425 1538 2467 esse
1567 2410 1820 2482 debere);
1855 2412 2062 2482 reliqua

490 2517 623 2556 vero
646 2500 842 2571 scripta
870 2503 1042 2557 evolvi
1071 2502 1282 2572 legique
1301 2503 1381 2559 sic
1400 2512 1670 2573 oportere,
1690 2514 1749 2559 ut
1769 2520 1870 2561 nec
1893 2521 2064 2574 genus

494 2588 693 2655 ullum,
727 2604 830 2644 nec
852 2589 988 2644 liber
1010 2598 1106 2645 aut
1126 2606 1310 2646 sermo
1336 2593 1587 2648 eruditus
1612 2593 1951 2663 praeferatur,
1978 2611 2065 2651 ne-

491 2696 598 2757 que
630 2692 821 2736 contra
851 2682 1190 2753 rejiciantur,
1227 2685 1342 2741 sive
1366 2684 1608 2749 Graecus,
1636 2687 1751 2743 sive
1777 2688 2061 2753 barbarus,

491 2773 588 2827 sed
619 2788 809 2828 omnes
834 2774 1147 2830 audiantur.
1183 2776 1468 2846 Sapienter
1512 2778 1566 2832 id
1599 2793 1846 2847 prorsus,
1879 2786 1935 2834 et
1968 2795 2065 2849 ap-

489 2863 699 2934 posite,
739 2879 807 2919 ne
842 2865 1052 2921 scilicet
1082 2882 1190 2922 una
1236 2868 1503 2938 quaepiam
1542 2870 1736 2925 horum
1779 2871 2065 2928 illorumve

492 2956 759 3010 sententia
789 2956 971 3011 audita
999 2966 1054 3013 et
1099 2958 1155 3012 in
1198 2960 1374 3029 pretio
1418 2960 1621 3028 habita,
1657 2964 1908 3032 quamvis
1936 2980 2061 3019 vera

490 3062 603 3101 non
647 3048 737 3113 sit,
781 3057 1038 3119 tanquam
1085 3066 1209 3106 vera
1241 3052 1357 3106 sola
1384 3063 1549 3121 esset,
1584 3054 1629 3110 si
1660 3056 1826 3112 semel
1857 3057 1910 3112 in
1945 3058 2063 3112 ani—

2165 1949 2457 2015 ἁκούουσα,
2489 1951 2825 2004 ὑπεναντίων
2856 1953 2924 2023 τῇ
2969 1948 3064 2003 τοῦ
3100 1948 3234 2003 Θεοῦ
3281 1949 3566 2021 θεραπείᾳ.
3603 1950 3739 2005 Οὐδὲ

2164 2042 2270 2117 γὰρ
2300 2044 2427 2108 τοὺς
2458 2046 2572 2108 τοῖς
2607 2046 2752 2108 ναοῖς
2791 2042 3112 2115 προσιόντας
3148 2042 3447 2108 εὐσεϐείας,
3481 2038 3549 2114 ἧς
3600 2042 3739 2096 οἴον-

2162 2151 2253 2189 ται
2293 2134 2425 2207 (12),
2474 2134 2809 2206 ἐφάπτεσθαι
2857 2153 3000 2199 τινος
3038 2135 3174 2199 ὅλως
3213 2135 3320 2189 τῶν
3361 2135 3619 2207 βεϐήλων.
3656 2135 3739 2189 Τά

2162 2227 2365 2282 τούτων
2396 2228 2574 2283 τοίνυν
2601 2229 2709 2297 οὐδῗ
2739 2227 2873 2292 ὅλως
2892 2228 3012 2282 οὐδὲ
3040 2228 3385 2300 ἀριθμεῖσθαι
3421 2227 3568 2295 ἄξιον
3605 2229 3736 2301 παρ’

2164 2319 2415 2392 ἀνδράσιν
2443 2319 2683 2375 εὐσεϐεῖν
2711 2319 3165 2390 ὲπανελομένοις)ο
3193 2322 3305 2384 τοῖς
3326 2319 3385 2373 δὲ
3405 2318 3608 2383 λοιποῖς
3630 2321 3739 2372 πᾶ-

2166 2429 2250 2466 σιν
2272 2411 2617 2482 ἐντυγχάνειν
2651 2413 2744 2467 καὶ
2776 2411 3145 2486 προσομιλεῖν,
3168 2412 3323 2481 γένος
3369 2412 3464 2483 μὲν
3496 2412 3616 2465 οὐδὲ
3657 2412 3736 2477 ἓν,

2163 2503 2282 2557 οὐδὲ
2309 2504 2467 2572 λόγον
2489 2503 2775 2574 φιλόσοφον
2799 2505 3256 2575 προτιμήσαντας,
3292 2502 3411 2557 οὐτε
3444 2501 3512 2558 αὖ
3545 2502 3735 2557 ἀποδοο

2162 2588 2522 2660 κιμάσαντας,
2553 2588 2677 2647 οὐτε
2713 2590 3017 2662 Ἑλληνικὸν
3045 2589 3167 2645 οὔτε
3195 2591 3486 2664 βάρϐαρον,
3518 2592 3736 2650 πάντων

2161 2681 2218 2734 δὲ
2248 2682 2558 2747 ἀκούοντας.
2584 2682 2768 2752 Σοφῶς
2795 2683 2955 2759 τοῦτο
2975 2685 3068 2738 καὶ
3099 2684 3241 2755 μάλα
3270 2684 3549 2756 ἐντέχνως*
3578 2687 3731 2758 μήπη

2164 2765 2244 2835 εἷς
2280 2789 2365 2836 τις
2406 2773 2500 2826 καὶ
2532 2772 2652 2827 καθ’
2682 2774 2870 2828 ἑαυτὸν
2904 2775 3068 2829 τῶνδέ
3101 2793 3281 2842 τινων,
3317 2775 3352 2847 ἢ
3381 2776 3546 2830 τῶνδε
3578 2777 3735 2845 λόγος

2164 2863 2325 2927 αὐτὸς
2353 2863 2511 2934 μόνος
2546 2864 2832 2929 ἀκουσθεὶς
2864 2867 2958 2919 καὶ
2989 2866 3260 2938 τιμηθεὶς,
3298 2868 3402 2923 κᾶν
3438 2868 3510 2940 μὴ
3550 2869 3738 2941 ἀληθι-

2162 2953 2251 3018 νδς
2271 2952 2347 3006 ὢν
2369 2954 2525 3028 τύχῃ,
2555 2954 2631 3018 ὡς
2662 2955 2821 3027 μόνος
2844 2954 3048 3027 ἀληθὴς
3078 2956 3173 3021 ὢν,
3196 2957 3374 3021 εἰσδὺς
3411 2959 3490 3022 εἰς
3517 2959 3613 3029 τὴν
3636 2959 3738 3029 ψυ-

2164 3045 2264 3115 χὴν
2313 3045 2504 3117 ἡμῶν,
2559 3046 2909 3119 ἐξαπατήσῃ,
2971 3050 3064 3102 καὶ
3104 3049 3225 3103 καθ’
3278 3051 3468 3104 ἐαυτὸν
3511 3042 3733 3116 διαθεὶς,

490 3153 640 3193 mum
671 3148 919 3195 nostrum
949 3142 1250 3213 irrepserit,
1280 3142 1533 3213 decipiat,
1558 3145 1769 3215 sibique
1803 3162 1905 3203 nos
1942 3147 2060 3201 vin-

2168 3134 2331 3199 ίδίους
2372 3137 2522 3208 ἡμᾶς
2556 3141 2866 3209 ποιήσηται,
2931 3138 3108 3194 οὐκέτ’
3156 3132 3458 3211 ἀποστῆναι
3498 3140 3734 3211 δυναμέ-

490 3228 681 3288 dicans
709 3232 790 3289 sic
814 3234 1030 3303 alliciat,
1059 3244 1119 3291 ut
1145 3251 1248 3291 nec
1269 3234 1338 3293 ab
1369 3250 1431 3291 ea
1464 3236 1763 3307 discedere,
1788 3256 1890 3297 nec
1913 3241 2061 3297 illam

490 3324 646 3393 quasi
680 3325 861 3382 lanam
890 3328 1072 3385 colore
1097 3328 1355 3399 quopiam
1385 3328 1639 3386 infectam
1670 3332 1851 3389 eluere
1882 3334 2062 3404 possi-

488 3432 636 3473 mus.
666 3414 972 3475 Vehemens
1003 3422 1149 3476 enim
1180 3429 1235 3476 et
1268 3421 1522 3479 volubilis
1559 3424 1807 3493 quaedam
1846 3441 1935 3481 res
1981 3437 2065 3483 est

489 3508 774 3563 hominum
823 3510 1019 3577 oratio,
1058 3513 1209 3568 varia
1252 3512 1676 3580 sophismatibus
1708 3524 1870 3585 atque
1905 3515 2064 3572 falla-

490 3598 614 3663 ciis,
652 3608 717 3654 ut
748 3615 874 3654 cum
919 3616 1080 3662 aures
1118 3605 1368 3675 subierit,
1413 3608 1581 3663 menti
1630 3609 1739 3664 cito
1774 3625 1898 3680 quae
1932 3611 2065 3667 velit

491 3688 707 3757 ingerat
737 3697 900 3759 atque
947 3689 1248 3762 insculpat;
1292 3704 1348 3751 et
1388 3711 1528 3767 quos
1559 3698 1727 3753 semel
1758 3701 2060 3768 occuparit,

490 3777 582 3832 his
612 3786 673 3833 ut
708 3780 881 3849 ipsam
927 3794 1025 3849 pro
1057 3796 1183 3857 vera
1224 3784 1426 3850 colant,
1463 3786 1687 3840 omnino
1719 3787 2060 3856 persuadeat.

490 3869 680 3941 Itaque
708 3872 876 3927 lueret
912 3873 1078 3938 intus,
1120 3877 1369 3945 quamvis
1398 3875 1534 3933 falsa
1564 3876 1869 3948 fallaxque,
1902 3888 1955 3934 et
1980 3880 2064 3934 in-

491 3972 609 4017 star
639 3965 1052 4035 praestigiatoris
1085 3967 1336 4038 alicujus,
1366 3983 1592 4039 regnum
1625 3970 1853 4037 obtinet,
1888 3971 2063 4040 ipsius

490 4071 652 4125 quem
681 4057 953 4127 deceperit
972 4059 1191 4115 defensa
1217 4072 1566 4131 proiectaque
1585 4063 1858 4133 praesidio.
1883 4056 2062 4120 Prona

488 4162 680 4204 rursus
697 4149 762 4204 ad
779 4150 1043 4206 orationis
1066 4149 1308 4206 fraudem
1322 4152 1705 4223 recipiendam,
1720 4170 2064 4228 praecepsque

491 4239 559 4295 ad
599 4254 886 4296 assensum
926 4241 1164 4298 humana
1185 4258 1341 4301 mens
1359 4253 1412 4301 et
1430 4254 1715 4317 prompta;
1742 4248 2061 4319 priusquam

490 4332 753 4401 dijudicet
777 4350 1079 4406 omnesque
1120 4337 1174 4391 in
1204 4346 1384 4407 partes
1416 4339 1688 4409 exploret,
1717 4342 1803 4395 vel
1841 4352 2063 4413 propter

489 4421 869 4481 hebetudiuem
896 4427 1431 4502 imbecillitatemque
1460 4447 1638 4499 suam,
1664 4433 1748 4487 vel
1774 4434 1846 4488 ob
1866 4436 2065 4495 oratio-

2163 3243 2309 3292 νους,
2335 3227 2454 3281 οὐδὲ
2483 3226 2916 3293 ἀποπλύνασθαι,
2950 3229 3136 3302 ὥσπερ
3168 3230 3235 3284 τὰ
3260 3230 3568 3286 δευσοποιόν
3612 3249 3734 3285 τινα

2161 3316 2339 3389 βαφὴν
2364 3318 2600 3388 βαφέντα
2628 3317 2736 3377 τῶν
2772 3320 2954 3391 ἐρίων.
2988 3322 3167 3375 Δεινόν
3200 3338 3260 3376 τε
3287 3322 3397 3395 γάρ
3430 3324 3618 3396 χρῆμα
3642 3326 3735 3379 καὶ

2161 3407 2457 3482 εὔστροφον
2489 3410 2644 3480 λόγος
2674 3412 2704 3466 ό
2738 3412 3065 3484 ἀνθρώπων,
3114 3415 3357 3480 ποικίλος
3396 3432 3460 3471 τε
3496 3418 3610 3480 τοῖς
3647 3433 3736 3472 σο-

2161 3499 2412 3572 φίσμασι,
2451 3502 2546 3555 καὶ
2570 3501 2696 3569 ὀξὺς
2721 3503 3031 3575 είσδραμὼν
3067 3507 3148 3569 είς
3191 3504 3522 3572 τάς·ἀκοάς,
3556 3507 3735 3561 τυπῶ-

2163 3592 2252 3645 σαί
2281 3610 2343 3646 τε
2391 3593 2482 3648 τὸν
2520 3593 2643 3648 νοῦν
2673 3596 2766 3653 καὶ
2803 3594 3099 3667 προθέσθαι
3143 3595 3252 3669 (15)
3298 3597 3393 3652 καὶ¹
3435 3597 3733 3662 ἀναπείσας

2159 3686 2287 3750 τοὺς
2329 3684 2477 3751 ἀπαξ
2512 3687 2910 3759 ἀρπασθέντας,
2939 3687 3015 3752 ὼς
3042 3687 3247 3761 ἀληθὴς
3274 3689 3605 3765 ἀγαπᾶσθαν
3639 3689 3733 3744 καὶ

2163 3776 2346 3849 μένειν
2364 3777 2510 3832 ἔνδον
2536 3778 2638 3833 κᾶν
2662 3779 2862 3851 ψευδὴς
2889 3781 2982 3834 καὶ
3014 3781 3290 3851 ἀπατηλὸς
3332 3778 3389 3854 ᾗ,
3428 3781 3619 3853 ὥσπερ
3650 3799 3732 3846 τις

2161 3870 2294 3941 γόης
2331 3871 2569 3944 κρατῶν,
2604 3872 2920 3944 ὐπέρμαχον
2951 3872 3089 3944 ἔχων
3114 3873 3276 3927 αὐτὸν
3320 3873 3409 3928 τὸν
3450 3874 3733 3944 ἠπατημέ-

2161 3979 2270 4016 νον.
2304 3962 2718 4034 Εὐεξαπάτητόν
2757 3980 2817 4017 τε
2854 3964 3017 4027 πάλιν
3052 3964 3156 4018 ὐπὸ
3183 3964 3343 4033 λόγου
3380 3964 3476 4018 καὶ
3512 3963 3730 4017 εὔκολον

2163 4054 2300 4125 πρὸς
2327 4055 2721 4125 συγκατάθεσιν
2754 4054 2900 4127 ψυχὴ
2930 4054 3218 4127 ἀνθρώπου
3254 4055 3443 4127 ἑτοίμη
3480 4073 3561 4120 τε,
3602 4057 3730 4126 πρὶν

2160 4146 2409 4219 διακρίνῃ
2442 4145 2536 4202 καὶ
2566 4145 2794 4217 ἐξετάσῃ
2839 4146 3017 4200 πάντα
3046 4146 3265 4217 τρόπον,
3302 4146 3406 4200 ὑπὸ
3451 4146 3731 4217 ἀμϐλύτη-

2160 4255 2253 4301 τος
2296 4238 2390 4291 κα)⁸
2427 4236 2705 4322 ἀσθενείας
2745 4236 2847 4307 τῆς
2882 4236 3037 4300 ἰδίας,
3068 4237 3102 4309 ἢ
3140 4237 3244 4290 ὑπὸ
3283 4237 3607 4308 λεπτότητος
3630 4236 3729 4306 τῆς

2160 4327 2254 4382 τοῦ
2279 4329 2458 4398 λόγου,
2479 4327 2616 4399 πρὸς
2646 4326 2745 4400 τὴν
2772 4326 3052 4398 ἀκρίϐειαν
3073 4328 3169 4396 τῆς
3195 4326 3491 4392 ἐξετάσεως
3525 4328 3730 4381 ἀποκα-

2169 4419 2371 4491 μοῦσαν
2415 4418 2611 4489 ἑαυτὴν
2656 4418 3166 4490 ἀπραγμονέστερον
3218 4418 3560 4489 παραδιδόναι
3598 4417 3727 4471 πολ-

488 4514 583 4567 nis
609 4513 781 4582 ipsius
830 4516 1204 4586 subtilitatem,
1241 4522 1309 4576 ad
1356 4530 1607 4602 exactum
1652 4537 1880 4578 examen
1920 4524 2050 4579 dell-

2161 4511 2311 4574 λάκις
2327 4508 2545 4579 ψευδέσι
2573 4507 2749 4576 λόγοις
2771 4507 2866 4561 καὶ
2891 4507 3141 4579 δόγμασι,
3171 4508 3603 4581 πεπλανημένοις
3631 4509 3727 4581 μὲν

488 4668 760 4750 risiensis,
785 4671 1198 4750 ὲξομοιωθέντα.
1215 4708 1286 4718 -
1321 4678 1727 4750 Ἐξομοιώθητι,
1754 4680 1925 4739 lectio,
1947 4698 2054 4738 non

488 4742 783 4821 rnutauda_._
805 4742 1069 4821 Amarunt
1097 4758 1307 4821 veteres
1339 4742 1553 4821 decreta
1579 4742 1928 4821 ac'przecepta
1957 4769 2056 4808 sua

489 4813 783 4890 imperandi
833 4815 998 4890 modo
1042 4818 1387 4890 exprimere:
1446 4813 1687 4890 Tempor't
1737 4813 1931 4890 parce,
1988 4823 2058 4878 Te

488 4883 910 4961 nosce._4bstine
933 4895 982 4961 et
1011 4883 1455 4961 contine,_"Er:ou
1486 4883 1625 4961 θεῷ.
1660 4883 1750 4945 Sic
1780 4893 1833 4945 in
1863 4883 2054 4959 sacris,

487 4950 862 5031 καταλλάγητε
890 4954 1139 5031 τῷΔ-Θεῷ,
1160 4956 1209 5031 Δ11
1233 4958 1357 5012 flor.
1388 4975 1438 5031 v,
1471 4950 1719 5031 20,'qua3
1747 4962 1863 5031 ipsa
1899 4950 2058 5031 lectio

487 5032 678 5103 contra
714 5024 922 5103 aliquot
940 5024 1118 5103 _li_hro_s
1159 5028 1231 5082 ita
1262 5024 1643 5103 confirmatur".
1682 5024 1871 5103 itaque
1905 5028 2057 5089 locus

486 5090 697 5162 integer
734 5090 821 5149 sic
860 5095 1201 5152 reddendus:
1254 5096 1441 5151 Finem
1491 5116 1619 5154 sane
1670 5090 1902 5155 omnium
1955 5119 2058 5157 non

486 5160 653 5236 alium
682 5178 793 5218 esse
815 5164 1038 5236 decrevi,
1078 5176 1234 5236 atque
1256 5167 1390 5221 illud
1413 5183 1431 5222 :
1459 5167 1607 5224 Pura
1633 5182 1799 5227 mente
1816 5174 2057 5227 assimila

488 5240 537 5287 te
567 5231 693 5297 Deo,
717 5243 774 5288 ut
804 5235 873 5287 ad
908 5251 1026 5289 eum
1051 5231 1270 5292 accedas
1298 5248 1346 5291 et
1381 5240 1431 5292 in
1461 5256 1517 5291 eo
1566 5248 1798 5297 maneas.
1822 5242 2059 5298 Proinde

485 5301 563 5370 τῷ
757 5308 1104 5382 construitur
1148 5317 1202 5382 et
1250 5324 1373 5362 cum
1426 5308 1778 5382 ὲξομοιώθητι
1821 5322 1875 5366 et
1933 5329 2055 5367 cum

490 5373 828 5449 προσελθεῖν.
864 5373 1003 5449 S_unt
1044 5376 1295 5449 homines
1320 5417 1334 5439 ,
1380 5373 1670 5448 caeteroqui
1708 5373 2055 5449 excellentes,

488 5441 594 5521 qui
633 5446 803 5497 unum"
849 5446 1147 5521 aliquando
1201 5441 1725 5521 libellum_naturali
1775 5441 2054 5516 refertum,

487 5509 672 5586 yvino
693 5528 922 5586 vacuum
949 5509 1082 5586 sale,
1102 5525 1385 5586 tantopere
1408 5518 1766 5585 admirentur,
1791 5533 1850 5575 ut
1873 5509 2058 5578 multis

486 5575 712 5635 Patrum
766 5575 1136 5656 voluminibus
1197 5575 1549 5656 anteponant.
1602 5587 1714 5644 Hac
1755 5575 1958 5646 trutina
1996 5575 2055 5647 isi

490 5663 738 5727 agamus,
766 5653 858 5706 uni
890 5655 1131 5710 vicissim
1162 5653 1433 5725 periochae
1462 5657 1705 5724 Patrum,
1744 5661 1904 5715 etiam
1931 5678 2054 5715 cum

493 5718 639 5775 aliud
671 5730 857 5797 agant,
890 5738 1031 5797 sgpe
1065 5718 1185 5797 plus
1212 5727 1535 5797 tribuamus,
1558 5718 1722 5797 quam
1749 5731 2057 5797 ingentibus

495 5804 747 5862 quamvrs
775 5791 1423 5871 subtilium'ingeniorum
1463 5791 1738 5869 operibus.
1772 5791 1883 5857 iroc
1912 5809 2056 5858 certe

2159 4686 2281 4740 loco
2303 4682 2596 4754 Gregorius
2621 4681 3300 4755 exquisitecomplectitur
3348 4683 3620 4755 quidquid
3650 4684 3719 4738 de

2159 4755 2453 4811 virtutibus
2487 4762 2547 4817 et
2583 4753 2773 4808 ofﬁciis
2810 4754 2915 4806 dici
2948 4753 3144 4822 potest.
3173 4753 3405 4807 Benest.

2233 4825 2310 4893 (9)
2345 4823 2550 4893 Μηδὲν
2579 4822 3065 4893 ἐκποιουμένους.
3096 4822 3246 4877 Nihil
3271 4824 3500 4877 alienum
3523 4841 3555 4877 a
3575 4824 3721 4878 nobis

2154 4899 2422 4953 ducentes,
2460 4892 2575 4947 Vox
2601 4905 2631 4946 e
2650 4892 2775 4961 jure
2803 4895 2985 4961 petita.
3008 4892 3237 4949 Casaun.

2233 4964 2345 5044 (19)
2388 4962 2770 5044 Ἐδψίᾴμεϐᾳι.
2799 4962 2960 5017 Deest
2991 4965 3105 5018 lucc
3152 4980 3255 5019 vox
3297 4965 3352 5019 in
3386 4964 3547 5020 editis
3591 4963 3722 5023 Hm-

2157 5032 2437 5092 sclieliano
2464 5043 2517 5087 et
2543 5032 2891 5102 Bengeliano.

2230 5106 2351 5175 (il)
2391 5102 2579 5175 Ὁμοῦ.
2600 5100 2813 5175 (Potest
2820 5100 3018 5171 exponi
3050 5104 3457 5174 propemodum:
3486 5105 3580 5161 sed
3606 5121 3724 5163 ma-

2154 5172 2274 5243 jore
2306 5172 2356 5228 vi
2373 5173 2563 5243 ~simul,
2577 5174 2755 5242 juxta.
2781 5172 3012 5243 BENGEL.

2231 5245 2343 5313 (12)
2372 5239 2479 5309 Ἦς
2506 5239 2747 5314 οἴονται.
2780 5244 2855 5297 Ita
2888 5242 3398 5314 Hoescheliusquem
3420 5256 3721 5302 assectatur

2159 5312 2539 5385 Beugelius.—
2559 5312 2702 5386 Nam
2730 5330 2789 5367 ne
2812 5330 2897 5367 eos
2919 5315 3129 5386 quidem
3156 5317 3246 5385 qui
3260 5312 3465 5385 templa
3486 5319 3718 5386 pietatis,

2157 5384 2316 5455 quant
2355 5393 2571 5456 putant,
2599 5385 2815 5447 adeunt,
2864 5384 3073 5438 onmiuo
3102 5384 3388 5456 quidquam
3438 5384 3722 5456 profanum

2159 5450 2435 5541 Quinge're.
2455 5450 2675 5541 ’ςξίςῆριο
2694 5456 2784 5541 ην,
2810 5455 2887 5508 uti
2908 5470 3024 5524 seq.
3050 5450 3171 5525 cap.
3204 5457 3270 5511 14
3290 5450 3447 5512 circa
3458 5450 3719 5525 medium,

2157 5517 2232 5577 ὧν
2259 5517 2427 5577 οἴεται
2455 5517 2688 5593 ἀληθῶν.
2723 5517 2953 5580 Βειςϐει..

2232 5595 2343 5667 (l5)
2374 5593 2729 5667 Προθέσθαι.
2770 5594 3012 5667 Sulmudi
3042 5594 3288 5667 γνώμην,
3331 5607 3425 5650 aut
3452 5596 3721 5666 ejusmodi

2159 5662 2329 5718 aliud.
2369 5662 2629 5732 Suspecta
2675 5665 2833 5719 lectio
2861 5662 3187 5719 Casaubono
3226 5662 3291 5720 ἐι
3339 5662 3718 5733 Rhodomano,

2160 5750 2390 5808 quorum
2425 5734 2511 5788 hic
2526 5733 2774 5808 Aconjeclt
2808 5735 3157 5806 προσθέσθαι.
3185 5736 3399 5808 Mallem
3435 5736 3717 5808 προέσθαι,

2159 5802 2409 5871 prodere;
2451 5804 2541 5860 sed
2578 5802 2683 5860 non
2712 5802 2963 5876 opus'est
2994 5817 3222 5862 mutare.
3259 5806 3333 5863 in.
